3856 6274
166 393 272 449 177

1187 391 1467 450 ηοιιιιιΑ
1507 392 1547 451 Ι.
1588 393 1677 448 DE
1715 392 1942 451 DIVITE
1981 392 2067 449 ET
2108 391 2394 449 LAZARO.

3306 388 3412 449 178

168 509 339 565 Οὐδὲν
357 507 466 580 γὰρ
486 501 601 561 οἷον
619 509 756 580 αὐτῇ
787 508 1090 582 χρησασθαι
1114 513 1180 582 τῇ
1210 510 1351 576 λέξει
1381 514 1445 583 τῇ
1481 512 1747 585 γραφικῇ,

1865 511 2080 580 sepultus
2112 522 2186 565 est
2229 509 2327 582 (8).
2362 507 2505 563 Nihil
2543 509 2686 565 enim
2721 507 2944 580 perinde
2976 508 3149 564 valeat
3185 522 3247 563 ac
3275 522 3410 563 con-

169 599 368 663 ίκανῶς
396 598 487 653 διὰ
517 600 648 670 μιᾶς
680 599 878 666 λέξεως
901 599 1276 672 ἐρμηνευούσῃ
1300 599 1396 672 τὴν
1429 603 1620 671 ἄτιμον
1650 598 1743 653 τοῦ

169 691 424 744 πλουσίου
458 690 783 745 κατάλυσιν.
847 691 905 745 '0
940 691 1049 764 γὰρ
1086 693 1404 765 ἁμαρτωλὸς
1445 693 1743 756 τελευτῶν,

168 785 338 849 ὅπως
365 786 659 849 θάπτεται,
688 785 898 856 χθόνιος
925 786 1000 840 ὢν
1028 786 1089 839 τὸ
1122 787 1283 858 σῶμα
1302 827 1317 851 ,
1348 790 1533 860 γήινος
1560 788 1615 841 δὲ
1656 788 1748 842 καὶ

168 876 267 950 τὴν
294 877 509 949 ψυχήν·
549 879 642 931 καὶ
673 878 734 931 τὸ
778 876 1004 947 φυσικὸν
1033 876 1246 950 ἐκείνης
1279 866 1494 951 ἀξίωμα
1522 882 1587 951 τῇ
1612 895 1748 950 συμ-

170 967 370 1041 παθείᾳ
413 969 516 1039 τῆς
553 969 758 1042 σαρκὸς
798 968 935 1040 πρὸς
961 968 1059 1041 τὴν
1092 968 1223 1041 ὓλην
1257 968 1610 1039 καταγαγὼν,
1657 971 1749 1024 ού-

169 1061 260 1115 δὲν
290 1059 533 1132 χρηστὸν
570 1061 669 1132 τῆς
711 1059 908 1114 ἑαυτοῦ
953 1058 1099 1131 ζωῆς
1144 1060 1567 1133 καταλιμπάνων
1615 1062 1750 1116 ὑπό-

176 1168 387 1222 μνημα,
433 1151 572 1224 λήθῃ
617 1151 673 1206 δὲ
712 1151 895 1223 ἀτίμῳ
928 1151 1361 1223 καλυπτόμενος,
1403 1153 1613 1207 καὶτὸν
1639 1154 1749 1207 τῶν

175 1242 540 1315 βοσκημάτων
575 1244 803 1297 θάνατον
825 1241 1110 1297 τελευτῶν.
1152 1244 1334 1313 Τάφος
1365 1244 1462 1316 μὲν
1488 1244 1595 1316 γὰρ
1636 1244 1748 1316 ἔχει

175 1334 235 1388 τὺ
261 1334 425 1406 σῶμα
448 1352 461 1366 ·
492 1334 626 1407 ᾅδης
655 1335 712 1388 δὲ
762 1334 862 1406 τὴν
883 1333 1063 1406 ψυχήν
1083 1351 1097 1365 ’
1136 1333 1229 1388 δύο
1258 1335 1508 1390 σκοτεινὰ
1535 1336 1748 1406 δεσμω-

173 1425 375 1497 τηρια,
414 1425 745 1499 μεριζόμενα
776 1425 871 1480 τοῦ
907 1425 1145 1498 πονηροῦ
1184 1427 1283 1498 τὴν
1318 1427 1607 1500 τιμωρίαν.
1640 1427 1750 1483 Καὶ

173 1516 258 1581 τίς
290 1518 396 1571 οὐκ
429 1518 496 1571 ἂν
534 1519 634 1589 τῆς
663 1518 916 1583 ἀϐουλίας
949 1518 1039 1572 τὸν
1068 1517 1250 1574 ἄθλιον
1296 1520 1748 1591 καταμέμψαιτο;

176 1610 341 1680 ἧνικα
388 1609 490 1680 μὲν
520 1610 663 1682 ὑπὲρ
695 1613 799 1683 γῆς
834 1607 901 1682 ἦν
932 1611 1273 1684 γαυροῦντα,
1305 1612 1750 1685 μεγαλαυχούμε-

178 1716 289 1762 νον,
316 1696 541 1752 πάντων
567 1696 1142 1770 ὑπερφρονοῦντατῶν
1173 1696 1454 1763 συζώντων
1494 1701 1586 1753 καὶ
1621 1701 1750 1771 ὀμο-

178 1787 383 1856 φύλων,
412 1787 509 1841 καὶ
545 1788 825 1860 μονονουχὶ
857 1788 1155 1861 μύρμηκας
1184 1789 1280 1843 καὶ
1306 1786 1592 1858 σκώληκας
1618 1788 1753 1841 ἀπο-

1848 612 1999 672 cepta
2034 602 2110 657 uti
2147 602 2441 672 Scripturm
2472 618 2634 667 voce,
2669 617 2771 671 qna
2801 617 2904 655 una
2941 600 3195 655 infamem
3226 599 3409 655 divitis

1849 694 2051 748 exitum
2088 694 2299 749 abunde
2349 693 2600 763 explicat.
2653 692 2886 747 Moriens
2929 693 3124 761 quippe
3157 701 3412 760 peccator

1848 803 1976 843 vere
2026 786 2305 856 sepelitur,
2359 788 2612 857 quoniam
2661 800 2885 854 corpore
2938 796 2992 838 et
3037 786 3219 839 animo
3254 780 3411 852 juxta
3507 822 3513 839 ι

1849 882 2124 936 terrestris
2186 889 2311 947 est;
2376 897 2440 935 ac
2493 879 2794 934 naturalem
2842 876 2999 946 hujus
3055 876 3412 947 dignitatem,

1851 970 2235 1039 conjunctione
2273 986 2336 1026 ac
2374 958 2679 1042 sympathia
2728 970 2906 1024 carnis
2941 968 3008 1021 ad
3062 967 3250 1022 sordes
3314 965 3412 1020 fa:-

1849 1076 2048 1131 cesquc
2091 1072 2333 1118 terrenas
2385 1065 2638 1118 deorsum
2680 1062 2881 1128 trahit,
2919 1060 3235 1131 nullumque
3282 1057 3414 1114 utile

1850 1144 2145 1209 vitae-suae.
2215 1164 2623 1210 monumentum
2683 1153 3024 1222 relinquens,
3074 1166 3138 1207 ac
3193 1148 3414 1223 ignobili

1860 1254 2035 1300 tectus
2066 1245 2365 1310 oblivione,
2404 1245 2633 1299 similem
2672 1245 2967 1312 pecudibus
3005 1252 3233 1298 mortem
3273 1242 3411 1296 obit.

1852 1337 1984 1392 Nam
2022 1345 2077 1392 et
2109 1352 2305 1408 corpus
2328 1378 2344 1403 ,
2387 1338 2688 1407 sepulcrum
2721 1352 2736 1402 ;
2772 1345 2826 1391 et
2861 1336 3093 1390 animam
3117 1374 3132 1400 ,
3171 1333 3413 1389 infernus

1854 1427 2014 1483 habet
2048 1447 2062 1484 :
2103 1443 2166 1484 ac
2206 1428 2361 1498 quasi
2404 1427 2674 1483 tenebrosi
2710 1427 2813 1482 duo
2864 1440 3145 1491 carceres,
3195 1438 3409 1495 pmnam

1857 1519 2069 1574 scelesti
2099 1534 2163 1575 ac
2192 1519 2447 1574 ultionem
2478 1519 2805 1586 partiuntur.
2841 1516 2972 1584 Quis
2999 1524 3209 1584 autem,
3242 1530 3369 1586 rogo
3391 1554 3409 1580 ,

1855 1613 2107 1666 miserum
2158 1626 2222 1666 ac
2272 1609 2539 1666 infelicem
2593 1608 2842 1664 stultitiae
2877 1623 2982 1662 non
3021 1606 3268 1673 incuset,
3318 1605 3414 1677 qui

1854 1704 2104 1774 quidem,
2140 1703 2193 1757 in
2231 1702 2479 1759 humanis
2508 1718 2704 1772 agens,
2739 1716 2930 1771 magna
2963 1699 3194 1769 spiraret
3228 1739 3243 1764 ,
3281 1714 3405 1753 sese

1855 1794 2069 1849 efferret
2101 1834 2115 1857 ,
2158 1808 2360 1848 omnes
2416 1808 2536 1847 eum
2572 1794 2686 1862 ipso
2750 1800 3025 1847 versantes
3077 1802 3141 1843 ac
3191 1787 3415 1844 tribules

178 1854 449 1931 καλοῦντα
494 1854 622 1942 τοὺς
664 1854 1118 1950 ἐντυγχάνοντας,
1163 1878 1305 1951 κενῷ
1346 1878 1403 1933 δέ
1443 1854 1750 1950 φρονήματι

1865 1898 1983 1940 suos
2021 1882 2323 1953 despicatui
2361 1883 2624 1948 haberet;
2662 1896 2724 1936 ac
2755 1896 2998 1951 quosque
3031 1879 3413 1936 convenientes

176 1968 277 2037 τῆς
321 1968 695 2040 ὀλιγοχρονίου
742 1969 898 2041 δόξης
945 1970 1442 2044 διαρρηγνύμενον·
1490 1970 1651 2042 ἡνίκα
1693 1969 1752 2023 δὲ

178 2060 514 2131 ἀπεσπάσθη
540 2060 638 2114 τοῦ
671 2059 819 2132 βίον,
883 2061 976 2116 καὶ
1011 2063 1086 2126 th;
1112 2062 1400 2135 μαστιγίας
1439 2062 1623 2127 δοῦλος
1649 2062 1754 2132 ἀφ-

178 2152 356 2223 ῃρέθη
394 2151 507 2206 τῶν
542 2152 838 2225 ἀλλοτρίων
862 2194 877 2217 ,
924 2147 1000 2209 ὧν
1021 2154 1081 2220 ἐξ
1112 2154 1298 2219 ἀνοίας
1327 2155 1571 2226 ἐνόμιζεν
1613 2149 1753 2208 εἶναι
1815 2144 1819 2148 ”

177 2242 469 2315 δεσπότης,
500 2244 580 2307 είς
607 2243 933 2316 ἀντίρροπον
958 2245 1057 2316 τῆς
1077 2244 1484 2319 ὑπερηφανείας
1510 2244 1755 2313 καταφέ-

185 2350 336 2405 ρεται
376 2335 742 2406 ταπεινότητα
767 2375 783 2402 ,
815 2336 906 2388 καὶ
938 2336 1106 2406 γραὸς
1147 2336 1448 2409 θρηνούσης
1487 2336 1753 2409 ὀδυρμοὺς

180 2428 643 2501 προϐαλλόμενος,
687 2429 871 2501 μακρὰ
906 2432 1000 2484 καὶ
1028 2430 1264 2502 ἀνόνητα
1294 2431 1385 2485 τὸν
1412 2431 1754 2503 πατριάρχην

178 2522 560 2586 ἀποκαλείται,
587 2522 759 2591 λέγων
777 2540 790 2553 ·
823 2522 1049 2594 [Πάτερ
1095 2522 1359 2593 Ἀϐραὰμ,
1381 2522 1639 2591 ἐλέησόν
1654 2539 1750 2591 με,

181 2613 276 2666 καί
306 2614 558 2682 πέμψον
577 2612 860 2682 Λάζαρον,
890 2614 992 2668 ἵνα
1019 2612 1195 2683 ,ϐάψῃ
1226 2613 1291 2667 τὸ
1318 2613 1504 2684 ἄκρον
1524 2614 1628 2667 τοῦ
1654 2614 1756 2667 δα-

181 2706 413 2758 κτύλου
444 2704 633 2758 αὑτοῦ
668 2704 907 2771 ὕδατος,
943 2704 1040 2759 καί
1070 2706 1387 2775 καταψύξῃ
1415 2705 1529 2774 τὴν
1560 2705 1755 2776 γλῶσ-

179 2794 306 2848 σάν
338 2813 499 2865 μου,
543 2795 631 2849 ὅτι
683 2795 980 2867 ὀδυνῶμαι
1026 2797 1098 2851 ἐν
1148 2796 1224 2866 τῇ
1269 2798 1448 2869 φλογί
1480 2799 1697 2866 ταύτῃ
1732 2797 1753 2871 ]

184 2887 364 2958 ζητῶν
391 2887 566 2951 ἔλεον,
600 2887 659 2941 ὃν
699 2888 798 2942 οὑκ
827 2887 1059 2952 ἔδωκεν,
1105 2889 1268 2961 ἡνίκα
1303 2889 1396 2944 τοῦ
1452 2891 1757 2962 εὐεργετεῖν

186 2980 479 3051 πρόχειρον
506 2975 651 3050 εῖχεν
676 2979 775 3051 τὴν
805 2980 1048 3047 ἐξουσίαν
1067 2998 1083 3013 ο
1116 2979 1283 3046 ἀξιῶν
1309 2981 1366 3036 δέ
1392 2982 1538 3054 αὐτῷ
1565 2982 1757 3055 βοηθὸν

1851 1983 2055 2030 tantum
2098 1991 2202 2029 non
2247 1974 2497 2030 formicas
2537 1988 2601 2029 ac
2634 1989 2847 2029 vermes
2885 1972 3215 2044 appellaret,
3258 1966 3405 2026 inani

1852 2065 2028 2133 fastu,
2079 2065 2343 2136 ﬂuxteque
2402 2080 2465 2123 ac
2529 2064 2735 2137 fugacis
2788 2065 3042 2135 opinione
3087 2064 3271 2134 gloriae
3335 2060 3417 2115 di-

1853 2166 2230 2227 rumperetur:
2276 2157 2364 2211 ubi
2420 2165 2604 2215 autem
2657 2158 2726 2211 ab
2788 2157 2894 2211 hoc
2942 2154 3136 2210 saeculo
3191 2152 3412 2208 avulsus

1851 2249 1988 2318 fuit,
2044 2264 2108 2304 ac
2167 2256 2421 2319 tanquam
2480 2264 2668 2305 servus
2722 2247 2949 2319 ﬂagrio,
3006 2247 3217 2312 aliena,
3274 2260 3411 2317 quo-

1853 2358 1969 2396 rum
2020 2356 2079 2397 se
2122 2356 2218 2412 per
2267 2342 2556 2396 humanam
2608 2341 2932 2396 dementiam
2976 2340 3252 2396 domimnn
3296 2351 3416 2392 cre-

1855 2433 2114 2499 didisset,
2164 2433 2343 2488 ablata
2400 2433 2623 2499 amisit,
2680 2431 2978 2503 ad‘parem
3035 2446 3145 2486 sua:
3198 2430 3274 2484 illi
3323 2443 3416 2483 su-

1856 2527 2054 2595 perbiae
2108 2524 2378 2580 delabitur
2435 2524 2827 2590 humilitatem,
2880 2537 3120 2592 anusque
3178 2520 3413 2591 lugentis

1851 2615 2024 2671 instar
2067 2615 2400 2680 lamentans,
2453 2614 2611 2685 longo
2643 2630 2707 2670 ac
2760 2610 2931 2669 inutili
2979 2614 3259 2669 verborum
3298 2628 3416 2665 am—

1851 2708 1965 2763 bitu
2016 2708 2377 2779 patriarcham
2432 2707 2681 2770 invocat,
2738 2705 2974 2761 dicens:
3026 2702 3187 2758 Pater
3243 2702 3429 2780 Abra-g

1851 2802 2010 2868 ham,
2077 2801 2320 2854 miserere
2367 2799 2515 2853 mei:
2570 2808 2617 2852 et
2670 2799 2818 2853 mitte
2871 2797 3173 2863 Lazarum,
3228 2806 3284 2852 ut
3333 2797 3428 2850 in-~

1855 2894 2021 2962 tingat
2077 2900 2365 2945 extremum
2419 2890 2572 2959 digiti
2631 2890 2717 2944 sui
2768 2889 2825 2943 in
2874 2905 3098 2958 aquam,
3151 2897 3210 2942 ut
3263 2887 3435 2956 tciri--

1855 2995 1994 3056 geret
2049 2982 2286 3053 linguam
2339 2998 2539 3046 meam,
2593 2982 2720 3050 quia
2768 2982 2976 3036 crucior
3020 2982 3075 3035 in
3118 2981 3218 3035 hac
3261 2982 3437 3053 ﬂam-

187 3070 329 3124 κατὰ
366 3070 467 3124 τοῦ
500 3071 669 3142 πυρὸς
694 3071 985 3140 ἀφικέσθαι
1018 3072 1108 3126 τὸν
1148 3072 1429 3145 Λάζαρονο
1467 3075 1756 3147 εὐχόμενος

1865 3090 1943 3129 ma
1974 3113 1989 3139 ,
2040 3070 2470 3126 misericordiam
2510 3084 2790 3140 quaerens,
2841 3084 3002 3138 quam
3046 3069 3158 3139 ipse
3200 3069 3420 3123 minime

187 3162 543 3233 ἁπομυζῆσαι
575 3160 669 3214 τοῦ
704 3160 902 3233 λεπροῦ
932 3161 1023 3216 τὸν
1061 3162 1320 3217 δάκτυλον
1340 3203 1355 3228 ,
1392 3164 1568 3232 ὀλίγον
1605 3182 1753 3219 νενο-

188 3254 447 3323 τισμένον
473 3252 646 3306 ὕδατι.
670 3252 927 3307 Τοιαῦται
950 3253 1058 3307 τῶν
1082 3255 1471 3327 φιλοσωμάτων
1490 3257 1755 3311 ἀϐουλίαν

193 3343 349 3397 τοῦτο
378 3343 489 3397 τῶν
520 3343 890 3413 φιλοπλούτων
923 3346 1017 3400 καὶ
1045 3345 1340 3417 φιληδόνων
1364 3347 1426 3401 τὸ
1452 3347 1621 3413 τέλος.
1651 3348 1761 3403 Καὶ

196 3436 468 3508 προσήκει
499 3435 590 3488 τδν
634 3434 855 3490 συνετὸν
898 3436 991 3490 καὶ
1028 3438 1283 3511 προμηθῆ
1327 3438 1422 3493 τοῦ
1458 3439 1761 3511 μέλλοντος,

196 3523 303 3581 οἷον
335 3527 629 3599 φάρμακόν
658 3545 710 3583 τι
740 3527 1172 3601 προφυλακτικόν
1203 3533 1504 3603 νοσήματος
1529 3533 1627 3605 τὴν
1657 3552 1762 3593 πα-

200 3620 433 3692 ραϐολὴν
462 3618 829 3691 ἡγησάμενον,
858 3621 1048 3689 φυγεῖν
1080 3620 1187 3674 τῶν
1219 3621 1417 3693 ὁμοίων
1443 3622 1627 3677 κακῶν
1665 3623 1765 3695 τὴν

199 3713 422 3784 πεῖραν
475 3709 540 3763 τὸ
584 3710 868 3782 συμπαθὲς
904 3711 1001 3766 καὶ
1038 3711 1448 3784 φιλάνθρωπον,
1486 3712 1561 3778 th;
1588 3715 1769 3769 αἰτίαν

196 3800 295 3870 τῆς
320 3800 471 3871 ζωῆς
511 3801 613 3871 τῆς
660 3801 996 3873 μελλούσης,
1029 3803 1363 3874 ἀσκήσαντα.
1407 3806 1767 3878 Δραματικῶς

196 3890 303 3961 γὰρ
323 3892 460 3962 ἡμῖν
499 3893 531 3944 ὀ
566 3891 723 3960 λόγος
752 3892 851 3964 τὴν
878 3892 1160 3948 νουθεσίαν
1187 3893 1279 3948 ἐπὶ
1307 3895 1612 3968 προσώπων
1636 3896 1769 3969 ὠρι-

199 3982 412 4052 σμένων
442 3981 673 4048 ἐξέθετο,
699 3984 789 4038 ἴνα
811 3984 1069 4056 ἐμψύχως
1107 3987 1202 4039 καὶ
1237 3985 1521 4051 δεικτικῶς
1552 3987 1774 4042 παιδευ-

200 4070 384 4134 θέντες
420 4071 526 4142 τῆς
565 4072 776 4145 ἀγαθῆς
813 4073 1092 4138 πολιτείας
1133 4074 1224 4128 τὸν
1276 4076 1470 4147 νόμον,
1505 4077 1771 4149 μηδέποτε

202 4164 709 4234 καταφρονήσωμεν
744 4162 851 4218 τῶν
883 4164 983 4235 τῆς
1017 4162 1237 4237 Γραφῆς
1273 4166 1770 4240 παραγγελμάτων,

200 4254 275 4318 ὡς
306 4255 440 4327 ἄχρι
468 4254 628 4324 λόγου
662 4255 821 4328 μόνον
848 4256 1173 4328 φοϐούντων,
1201 4259 1263 4312 ού
1294 4260 1400 4331 μὴν
1427 4258 1525 4331 τὴν
1548 4259 1775 4333 ἀπειλὴν

202 4345 559 4416 προαγόντων
590 4346 670 4411 είς
708 4348 1001 4420 τιμωρίαν.
1050 4343 1182 4403 Οἶδα
1228 4348 1370 4421 γὰρ,
1406 4349 1482 4415 th;
1512 4352 1562 4405 οί
1593 4351 1777 4406 πολλοὶ

199 4437 307 4490 τῶν
333 4435 645 4509 ἀνθρώπων
675 4441 794 4505 ταῖς
824 4440 1105 4505 τοιαύταις
1137 4441 1413 4507 ὑπονοίαις
1453 4442 1775 4515 δελεαζόμε-

1860 3161 2281 3233 impertivisset,
2349 3177 2470 3214 cum
2525 3160 2573 3213 ei
2638 3158 3009 3214 benefaciendi
3075 3159 3303 3214 facultas
3366 3159 3426 3213 in

1864 3263 2117 3325 promptu
2190 3262 2387 3317 esset,
2457 3262 2756 3321 petensque
2819 3264 2883 3306 ac
2940 3249 3184 3320 ﬂagitans
3248 3248 3422 3306 Laza-

1860 3361 1981 3403 rum
2033 3344 2292 3401 advenire
2344 3341 2578 3396 laturum
2630 3341 2909 3412 suppetias
2963 3342 3224 3397 adversus
3282 3340 3429 3409 ignis

1862 3437 1973 3495 vim
2039 3450 2105 3492 ac
2162 3435 2544 3500 ﬂammarum;
2636 3441 2797 3503 atque
2870 3433 3083 3488 modico
3146 3432 3427 3500 perfusum

1866 3529 2092 3584 humore
2136 3525 2337 3595 leprosi
2382 3524 2606 3594 digitum
2631 3563 2647 3589 ,
2678 3538 2944 3594 precans,
2993 3522 3302 3579 allambcre.
3336 3520 3431 3576 Sic

1868 3619 2124 3676 nimirum
2179 3617 2372 3682 habet,
2427 3615 2706 3686 hominum
2762 3614 3008 3685 corporis
3069 3614 3446 3669 amantiorum.

1868 3709 2145 3776 stultitia;
2197 3707 2275 3764 sic
2333 3719 2522 3761 eorum
2571 3706 2781 3773 exitus,
2846 3705 2954 3777 qui.
2991 3720 3153 3777 supra
3214 3704 3439 3760 modum

1868 3804 2182 3860 divitiarum
2244 3815 2308 3857 ac
2358 3801 2688 3872 voluptatum
2748 3799 2977 3856 studiosi
3031 3808 3175 3853 sunt.
3232 3795 3434 3864 Quam-

1869 3897 2055 3952 obrem
2107 3894 2322 3963 sapiens
2368 3894 2597 3968 quisque
2646 3907 2711 3948 ac
2765 3891 2932 3947 futuri
2989 3890 3285 3960 providus,
3334 3902 3443 3944 ceu

1874 3988 2067 4044 morbo
2133 3986 2374 4043 cavendo
2429 3994 2802 4057 comparatum
2856 3982 3151 4039 remedium
3207 3980 3438 4052 parabo-

1875 4078 1984 4132 lam
2031 4085 2330 4147 reputans,
2374 4072 2764 4129 misericordiae
2812 4084 2876 4127 ac
2926 4069 3277 4125 humanitatis
3326 4067 3451 4124 cul-

1876 4178 1965 4232 tu,
2014 4167 2211 4237 quibus
2254 4166 2563 4221 obtineatur
2604 4161 2786 4218 futura
2833 4162 2976 4227 vita,
3025 4159 3277 4217 similium
3326 4173 3442 4212 ma—

1876 4258 2048 4312 lorum
2091 4257 2388 4327 periculum
2433 4256 2606 4311 vitare
2637 4254 2915 4310 habuerit.
2956 4252 3259 4309 Dramatice
3296 4249 3440 4305 enim

1877 4366 1941 4405 ac
1988 4350 2155 4406 certis
2206 4348 2441 4405 inductis
2498 4349 2746 4418 personis
2793 4346 3070 4416 Scriptura
3122 4344 3453 4400 admonitio--

1881 4458 2002 4497 nem
2051 4441 2337 4512 exposuit,
2383 4454 2490 4511 quo
2534 4454 2630 4516 per
2676 4439 2829 4494 vivas
2876 4439 3140 4509 imagines
3189 4444 3446 4506 certaque

199 4547 307 4594 νοι,
336 4528 621 4585 ἀκώλυτον
645 4530 859 4595 ἑαυτοῖς
892 4532 988 4586 τοῦ
1019 4532 1354 4606 ἁμαρτάνειν
1393 4532 1491 4605 τὴν
1519 4533 1763 4601 ἐξουσίαν

1878 4533 2347 4590 demonstratione
2394 4534 2533 4588 bene
2588 4530 2806 4587 vivendi
2857 4530 3030 4603 legem
3077 4530 3297 4596 edocti,
3356 4544 3445 4585 sa-

198 4619 538 4689 χαρίζονται.
582 4621 698 4673 Πᾶν
727 4620 785 4674 δὲ
824 4622 1131 4675 τούναντίον
1161 4622 1312 4695 παρά
1348 4623 1448 4696 τῆς
1486 4625 1778 4697 προκειμέ-

200 4727 299 4780 νης
328 4709 557 4780 Γραφῆς
579 4710 963 4782 διδασκόμεθα,
986 4712 1060 4779 th;
1083 4715 1205 4769 οὐδὲ
1233 4716 1528 4788 συγγνώμη
1563 4734 1648 4782 τις
1677 4717 1779 4789 τῆς

202 4801 321 4854 ἐκεῖ
351 4800 590 4873 κρίσεως
616 4803 978 4876 ἐπελαφρύνει
1010 4805 1106 4878 τὴν
1135 4807 1386 4874 κόλασιν,
1419 4808 1536 4863 οὐδὲ
1571 4809 1783 4864 ἐλαττοῖ

201 4893 298 4963 τὴν
324 4892 643 4966 ὡρισμένην
665 4897 931 4968 τιμωρίαν
959 4898 1364 4971 φιλανθρωπία·
1400 4901 1453 4955 εἰ
1467 4919 1529 4970 γε
1556 4901 1639 4955 δεῖ
1661 4904 1781 4967 ταῖς

204 4987 415 5053 φωναῖς
470 4984 564 5039 τοῦ
615 4987 955 5060 πατριάρχου
1010 4980 1384 5063 τεκμηριῶσαι
1443 4992 1533 5047 τὸν
1599 4993 1775 5064 λόγον.

203 5075 384 5130 Πολλά
414 5076 524 5150 γὰρ
566 5078 863 5144 ἱκετευθείς
892 5080 1058 5149 ’παρά
1086 5081 1181 5136 τοῦ
1217 5082 1495 5149 πλουσίου,
1538 5085 1632 5139 καὶ
1668 5064 1773 5156 μυ-

208 5168 344 5239 ρίων
368 5169 621 5223 ἐλεεινῶν
648 5170 960 5236 ἐπακούσας
983 5173 1176 5242 φωνῶν
1197 5214 1214 5239 ,
1238 5173 1364 5228 οὔτε
1391 5178 1505 5240 τοῖς
1528 5175 1783 5248 ὀδυρμοῖς

207 5258 542 5333 ἐπεκλάσθη,
568 5260 690 5314 οὔτε
714 5262 811 5333 τῆς
832 5262 1023 5335 ὀδύνης
1047 5264 1279 5330 ἐξείλετο
1330 5265 1424 5319 τὸν
1444 5266 1656 5338 πικρῶς
1679 5284 1783 5339 μα·-

212 5348 553 5420 στιζόμενοψ
592 5351 850 5424 αὐστηρῷ
897 5353 955 5406 δὲ
979 5353 1058 5425 τῶ
1091 5356 1398 5428 φρονήματι
1433 5357 1533 5428 τὴν
1568 5356 1783 5412 δικαίαν

209 5440 394 5513 κρίσιν
422 5441 721 5514 ἐκύρωσεν,
751 5442 940 5509 εἰπὼν,
977 5445 1061 5499 ὅτι
1089 5446 1227 5517 πρὸς
1254 5445 1412 5516 ἀξίαν
1436 5446 1650 5519 ἑκάστῳ
1678 5448 1785 5504 διε-

281 5642 361 5726 (β)
401 5644 1064 5726 δεριιιιμεειιηέτάφη.
1114 5647 1432 5726 βίοι-(ἑτερο
1478 5651 1784 5726 etiamnum

218 5717 473 5796 retinent.
524 5717 725 5796 reiecto
767 5717 1162 5796 ad_s_equentia
1211 5719 1307 5796 illo
1368 5720 1427 5775 ὲν
1474 5720 1598 5795 ᾅδῃ,
1645 5723 1787 5796 quod

220 5781 410 5866 {atina
453 5781 690 5856 jungunt
732 5781 1021 5857 participio
1075 5789 1305 5866 sepultus
1327 5830 1377 5866 _,__
1406 5781 1787 5866 est'qtieldem

227 5851 540 5913 Latinorum
558 5851 787 5928 'sensu's,
826 5873 890 5916 ac
916 5851 1075 5931 quem
1103 5851 1159 5915 in
1188 5874 1292 5915 una
1326 5851 1413 5918 illa
1443 5851 1574 5919 voce
1600 5862 1789 5935 depre-

1879 4641 1969 4680 cra
2031 4622 2233 4677 lllOltila
2281 4637 2345 4677 ac
2403 4631 2668 4691 praecepta
2729 4633 3007 4690 nunquam
3067 4633 3442 4687 aspernemur,

1884 4731 2137 4790 tanquam
2181 4716 2295 4773 solo
2337 4725 2576 4771 terreant
2623 4727 2910 4779 sermone,
2951 4725 3015 4766 ac
3063 4711 3253 4765 inanes
3298 4708 3444 4765 intra

1882 4811 2059 4865 minas
2121 4809 2451 4864 consistant.
2509 4805 2621 4863 Nec
2669 4807 2816 4861 enim
2876 4818 2965 4859 me
3019 4803 3183 4866 latet,
3242 4815 3448 4857 morta-

1885 4899 2012 4972 lium
2050 4899 2232 4971 plures
2252 4882 2594 4967 'ejuscemodi
2620 4894 3038 4967 cogitationibus
3069 4891 3340 4959 dclinitos,
3365 4891 3451 4946 ef-

1891 4990 2100 5046 frenem
2161 4989 2267 5046 sibi
2328 4988 2603 5044 licentiam
2659 4985 2918 5058 peccandi
2975 4984 3277 5056 indulgere.
3338 4984 3454 5039 νο-

1886 5100 2005 5138 rum
2048 5083 2154 5138 alia
2203 5097 2302 5139 nos
2348 5082 2529 5137 omnia
2574 5082 2725 5137 locus
2772 5081 2861 5136 hic
2906 5078 3203 5149 Scriptura:
3244 5077 3448 5145 docet;

1884 5175 2027 5231 nulla
2074 5175 2282 5231 scilicet
2326 5173 2442 5243 ejus
2485 5173 2673 5245 judicii
2724 5187 2942 5242 pmuam
2989 5171 3326 5247 indulgentia
3372 5169 3451 5225 le-

1891 5248 2046 5331 vari,
2107 5264 2253 5320 nulla
2312 5264 2591 5320 decretum
2658 5263 2981 5336 supplicium
3048 5261 3282 5332 mitigari
3343 5260 3455 5315 cle-

1887 5359 2126 5423 ruentia;
2176 5357 2223 5413 si
2272 5358 2434 5413 modo
2484 5357 2807 5427 patriarcha:
2857 5355 3083 5412 vocibus
3131 5361 3338 5408 certam
3388 5353 3453 5406 tl—

1885 5451 2007 5506 dem
2066 5449 2236 5506 astrui
2288 5448 2556 5506 volumus.
2629 5445 2765 5504 Cum
2835 5448 2981 5502 enim
3054 5443 3238 5500 multis
3301 5450 3454 5500 cnes

1893 5652 2083 5708 bendit
2115 5651 2383 5715 Asterius,
2427 5658 2485 5706 ut
2526 5660 2670 5704 totus
2708 5648 2823 5720 ipse
2848 5642 3089 5720 seprltus
3115 5644 3349 5720 dicatur,
3391 5659 3456 5701 ac

1887 5723 2132 5779 absolute
2179 5713 2441 5790 sepultus,
2481 5732 2708 5786 corpore
2728 5713 2952 5790 'pariter
2993 5726 3056 5769 ac
3091 5713 3305 5790 priimo,
3347 5727 3459 5784 quo

1891 5805 2119 5866 utroque
2148 5784 2391 5850 terrenus
2419 5784 2840 5857 exstitisset,'ac
2869 5786 3064 5859 dignus
3088 5784 3329 5842 inferno.
