  <div class='ocr_page' id='page_1' title='image "/cluster/home/n/w/nwhite01/storage/ocr_20150623/40/hvd.32044073501850/097.png"; bbox 0 0 3856 6274; ppageno 0'>
   <div class='ocr_carea' id='block_1_1' title="bbox 379 355 484 413">
    <p class='ocr_par' dir='ltr' id='par_1_1' title="bbox 379 355 484 413">
     <span class='ocr_line' id='line_1_1' title="bbox 379 355 484 413; baseline 0.019 -3"><span class='ocrx_word' id='word_1_1' title='bbox 379 355 484 413; x_wconf 71' lang='lat' dir='ltr'><strong>I79</strong></span> 
     </span>
    </p>
   </div>
   <div class='ocr_carea' id='block_1_2' title="bbox 1648 359 2361 420">
    <p class='ocr_par' dir='ltr' id='par_1_2' title="bbox 1648 359 2361 420">
     <span class='ocr_line' id='line_1_2' title="bbox 1648 359 2361 420; baseline -0.001 -4"><span class='ocrx_word' id='word_1_2' title='bbox 1648 363 1707 420; x_wconf 75' lang='grc' dir='ltr'>Β.</span> <span class='ocrx_word' id='word_1_3' title='bbox 1746 361 2023 420; x_wconf 80' lang='lat' dir='ltr'><strong>ASTERII</strong></span> <span class='ocrx_word' id='word_1_4' title='bbox 2061 359 2361 415; x_wconf 72' lang='lat' dir='ltr'><strong>AMASENI</strong></span> 
     </span>
    </p>
   </div>
   <div class='ocr_carea' id='block_1_3' title="bbox 3521 366 3628 421">
    <p class='ocr_par' dir='ltr' id='par_1_3' title="bbox 3521 366 3628 421">
     <span class='ocr_line' id='line_1_3' title="bbox 3521 366 3628 421; baseline 0 0"><span class='ocrx_word' id='word_1_5' title='bbox 3521 366 3628 421; x_wconf 69' lang='lat'><strong>180</strong></span> 
     </span>
    </p>
   </div>
   <div class='ocr_carea' id='block_1_4' title="bbox 373 469 1961 548">
    <p class='ocr_par' dir='ltr' id='par_1_4' title="bbox 373 471 1941 544">
     <span class='ocr_line' id='line_1_4' title="bbox 373 471 1941 544; baseline 0.004 -19"><span class='ocrx_word' id='word_1_6' title='bbox 373 474 550 526; x_wconf 81' lang='lat' dir='ltr'><strong>virum</strong></span> <span class='ocrx_word' id='word_1_7' title='bbox 594 478 969 539; x_wconf 86' lang='lat' dir='ltr'><strong>onsecrasset,</strong></span> <span class='ocrx_word' id='word_1_8' title='bbox 1020 471 1172 544; x_wconf 82' lang='lat' dir='ltr'><strong>isque</strong></span> <span class='ocrx_word' id='word_1_9' title='bbox 1219 471 1534 530; x_wconf 86' lang='lat' dir='ltr'><strong>innumeras</strong></span> <span class='ocrx_word' id='word_1_10' title='bbox 1587 474 1729 531; x_wconf 87' lang='lat' dir='ltr'><strong>illius</strong></span> <span class='ocrx_word' id='word_1_11' title='bbox 1776 477 1941 532; x_wconf 89' lang='lat' dir='ltr'><strong>mise-</strong></span> 
     </span>
    </p>
   </div>
   <div class='ocr_carea' id='block_1_5' title="bbox 2069 469 3634 548">
    <p class='ocr_par' dir='ltr' id='par_1_5' title="bbox 2069 469 3634 548">
     <span class='ocr_line' id='line_1_5' title="bbox 2069 469 3634 548; baseline 0.001 -21"><span class='ocrx_word' id='word_1_12' title='bbox 2069 473 2340 545; x_wconf 69' lang='grc' dir='ltr'>κλήρωσεν</span> <span class='ocrx_word' id='word_1_13' title='bbox 2373 473 2402 525; x_wconf 89' lang='grc' dir='ltr'><strong>ό</strong></span> <span class='ocrx_word' id='word_1_14' title='bbox 2438 470 2601 529; x_wconf 79' lang='grc' dir='ltr'>Θεός·</span> <span class='ocrx_word' id='word_1_15' title='bbox 2649 469 2742 525; x_wconf 81' lang='grc' dir='ltr'><strong>καί</strong></span> <span class='ocrx_word' id='word_1_16' title='bbox 2770 470 2853 524; x_wconf 79' lang='grc' dir='ltr'><strong>σοὶ</strong></span> <span class='ocrx_word' id='word_1_17' title='bbox 2893 471 2990 542; x_wconf 81' lang='grc' dir='ltr'>μὲν</span> <span class='ocrx_word' id='word_1_18' title='bbox 3019 470 3111 525; x_wconf 78' lang='grc' dir='ltr'>ἐπὶ</span> <span class='ocrx_word' id='word_1_19' title='bbox 3144 471 3240 526; x_wconf 76' lang='grc' dir='ltr'>τοῦ</span> <span class='ocrx_word' id='word_1_20' title='bbox 3270 475 3391 543; x_wconf 75' lang='grc' dir='ltr'>βίον</span> <span class='ocrx_word' id='word_1_21' title='bbox 3418 479 3634 548; x_wconf 78' lang='grc' dir='ltr'>τρυφή-</span> 
     </span>
    </p>
   </div>
   <div class='ocr_carea' id='block_1_6' title="bbox 377 561 1946 629">
    <p class='ocr_par' dir='ltr' id='par_1_6' title="bbox 377 561 1946 629">
     <span class='ocr_line' id='line_1_6' title="bbox 377 561 1946 629; baseline -0.001 -9"><span class='ocrx_word' id='word_1_22' title='bbox 377 561 577 620; x_wconf 80' lang='lat' dir='ltr'><strong>rabiles</strong></span> <span class='ocrx_word' id='word_1_23' title='bbox 630 576 790 618; x_wconf 87' lang='lat' dir='ltr'><strong>voces</strong></span> <span class='ocrx_word' id='word_1_24' title='bbox 840 562 1117 629; x_wconf 90' lang='lat' dir='ltr'><strong>audisset,</strong></span> <span class='ocrx_word' id='word_1_25' title='bbox 1175 578 1276 619; x_wconf 92' lang='lat' dir='ltr'><strong>nec</strong></span> <span class='ocrx_word' id='word_1_26' title='bbox 1331 563 1583 618; x_wconf 75' lang='lat' dir='ltr'><strong>lamentis</strong></span> <span class='ocrx_word' id='word_1_27' title='bbox 1635 564 1759 620; x_wconf 90' lang='lat' dir='ltr'><strong>ullis</strong></span> <span class='ocrx_word' id='word_1_28' title='bbox 1805 564 1946 620; x_wconf 85' lang='lat' dir='ltr'><strong>ﬂecti</strong></span> 
     </span>
    </p>
   </div>
   <div class='ocr_carea' id='block_1_7' title="bbox 386 632 1948 723">
    <p class='ocr_par' dir='ltr' id='par_1_7' title="bbox 386 632 1948 723">
     <span class='ocr_line' id='line_1_7' title="bbox 386 632 1948 723; baseline 0.001 -14"><span class='ocrx_word' id='word_1_29' title='bbox 386 655 602 723; x_wconf 89' lang='lat' dir='ltr'><strong>potuit,</strong></span> <span class='ocrx_word' id='word_1_30' title='bbox 653 669 752 711; x_wconf 91' lang='lat' dir='ltr'><strong>nec</strong></span> <span class='ocrx_word' id='word_1_31' title='bbox 810 669 940 710; x_wconf 86' lang='lat' dir='ltr'><strong>vero</strong></span> <span class='ocrx_word' id='word_1_32' title='bbox 981 671 1011 711; x_wconf 90' lang='lat' dir='ltr'><strong>a</strong></span> <span class='ocrx_word' id='word_1_33' title='bbox 1055 656 1188 711; x_wconf 89' lang='lat' dir='ltr'><strong>diris</strong></span> <span class='ocrx_word' id='word_1_34' title='bbox 1239 672 1361 713; x_wconf 92' lang='lat' dir='ltr'><strong>eum</strong></span> <span class='ocrx_word' id='word_1_35' title='bbox 1416 656 1694 714; x_wconf 84' lang='lat' dir='ltr'><strong>doloribus</strong></span> <span class='ocrx_word' id='word_1_36' title='bbox 1747 632 1948 713; x_wconf 83' lang='lat' dir='ltr'><strong>libera-</strong></span> 
     </span>
    </p>
   </div>
   <div class='ocr_carea' id='block_1_8' title="bbox 379 746 1947 817">
    <p class='ocr_par' dir='ltr' id='par_1_8' title="bbox 379 746 1947 817">
     <span class='ocr_line' id='line_1_8' title="bbox 379 746 1947 817; baseline 0.001 -15"><span class='ocrx_word' id='word_1_37' title='bbox 379 746 622 814; x_wconf 88' lang='lat' dir='ltr'><strong>vit;sed</strong></span> <span class='ocrx_word' id='word_1_38' title='bbox 671 748 931 803; x_wconf 85' lang='lat' dir='ltr'><strong>severiori</strong></span> <span class='ocrx_word' id='word_1_39' title='bbox 984 748 1165 803; x_wconf 88' lang='lat' dir='ltr'><strong>animo</strong></span> <span class='ocrx_word' id='word_1_40' title='bbox 1209 746 1355 817; x_wconf 88' lang='lat' dir='ltr'><strong>juste</strong></span> <span class='ocrx_word' id='word_1_41' title='bbox 1408 749 1572 803; x_wconf 91' lang='lat' dir='ltr'><strong>latam</strong></span> <span class='ocrx_word' id='word_1_42' title='bbox 1624 751 1947 804; x_wconf 89' lang='lat' dir='ltr'><strong>sententiam</strong></span> 
     </span>
    </p>
   </div>
   <div class='ocr_carea' id='block_1_9' title="bbox 378 835 1947 910">
    <p class='ocr_par' dir='ltr' id='par_1_9' title="bbox 378 835 1947 910">
     <span class='ocr_line' id='line_1_9' title="bbox 378 835 1947 910; baseline 0.002 -19"><span class='ocrx_word' id='word_1_43' title='bbox 378 835 750 903; x_wconf 79' lang='lat' dir='ltr'><strong>conﬁrmavit,</strong></span> <span class='ocrx_word' id='word_1_44' title='bbox 813 837 999 893; x_wconf 88' lang='lat' dir='ltr'><strong>dicens</strong></span> <span class='ocrx_word' id='word_1_45' title='bbox 1033 878 1051 905; x_wconf 90' lang='lat'><strong>,</strong></span> <span class='ocrx_word' id='word_1_46' title='bbox 1101 854 1200 908; x_wconf 89' lang='lat' dir='ltr'><strong>pro</strong></span> <span class='ocrx_word' id='word_1_47' title='bbox 1255 839 1465 895; x_wconf 90' lang='lat' dir='ltr'><strong>meritis</strong></span> <span class='ocrx_word' id='word_1_48' title='bbox 1521 840 1722 910; x_wconf 81' lang='lat' dir='ltr'><strong>cuique</strong></span> <span class='ocrx_word' id='word_1_49' title='bbox 1780 840 1947 896; x_wconf 88' lang='lat' dir='ltr'><strong>Deum</strong></span> 
     </span>
    </p>
   </div>
   <div class='ocr_carea' id='block_1_10' title="bbox 383 928 1947 1004">
    <p class='ocr_par' dir='ltr' id='par_1_10' title="bbox 383 928 1947 1004">
     <span class='ocr_line' id='line_1_10' title="bbox 383 928 1947 1004; baseline 0.004 -22"><span class='ocrx_word' id='word_1_50' title='bbox 383 928 765 993; x_wconf 87' lang='lat' dir='ltr'><strong>distribuisse;</strong></span> <span class='ocrx_word' id='word_1_51' title='bbox 803 943 868 984; x_wconf 83' lang='lat' dir='ltr'><strong>ac</strong></span> <span class='ocrx_word' id='word_1_52' title='bbox 903 938 958 983; x_wconf 93' lang='lat' dir='ltr'><strong>tu</strong></span> <span class='ocrx_word' id='word_1_53' title='bbox 995 931 1211 1001; x_wconf 88' lang='lat' dir='ltr'><strong>quidem</strong></span> <span class='ocrx_word' id='word_1_54' title='bbox 1235 971 1251 997; x_wconf 91' lang='lat'><strong>,</strong></span> <span class='ocrx_word' id='word_1_55' title='bbox 1287 933 1393 999; x_wconf 92' lang='lat' dir='ltr'><strong>ait,</strong></span> <span class='ocrx_word' id='word_1_56' title='bbox 1426 930 1517 1002; x_wconf 91' lang='lat' dir='ltr'><strong>qui</strong></span> <span class='ocrx_word' id='word_1_57' title='bbox 1547 931 1709 986; x_wconf 86' lang='lat' dir='ltr'><strong>vitam</strong></span> <span class='ocrx_word' id='word_1_58' title='bbox 1745 946 1910 1004; x_wconf 89' lang='lat' dir='ltr'><strong>agens</strong></span> <span class='ocrx_word' id='word_1_59' title='bbox 1932 973 1947 998; x_wconf 89' lang='lat'><strong>,</strong></span> 
     </span>
    </p>
   </div>
   <div class='ocr_carea' id='block_1_11' title="bbox 379 1020 1952 1096">
    <p class='ocr_par' dir='ltr' id='par_1_11' title="bbox 379 1020 1952 1096">
     <span class='ocr_line' id='line_1_11' title="bbox 379 1020 1952 1096; baseline 0.003 -21"><span class='ocrx_word' id='word_1_60' title='bbox 379 1020 611 1075; x_wconf 88' lang='lat' dir='ltr'><strong>aliorum</strong></span> <span class='ocrx_word' id='word_1_61' title='bbox 668 1020 1071 1079; x_wconf 71' lang='lat' dir='ltr'><strong>calamitatibus</strong></span> <span class='ocrx_word' id='word_1_62' title='bbox 1122 1023 1500 1092; x_wconf 86' lang='lat' dir='ltr'><strong>deliciabaris,</strong></span> <span class='ocrx_word' id='word_1_63' title='bbox 1557 1039 1772 1095; x_wconf 73' lang='lat' dir='ltr'><strong>ptenam</strong></span> <span class='ocrx_word' id='word_1_64' title='bbox 1824 1040 1952 1096; x_wconf 88' lang='lat' dir='ltr'><strong>pec-</strong></span> 
     </span>
    </p>
   </div>
   <div class='ocr_carea' id='block_1_12' title="bbox 380 1112 1954 1189">
    <p class='ocr_par' dir='ltr' id='par_1_12' title="bbox 380 1112 1954 1189">
     <span class='ocr_line' id='line_1_12' title="bbox 380 1112 1954 1189; baseline 0.004 -23"><span class='ocrx_word' id='word_1_65' title='bbox 380 1112 487 1167; x_wconf 88' lang='lat' dir='ltr'><strong>cati</strong></span> <span class='ocrx_word' id='word_1_66' title='bbox 546 1112 600 1166; x_wconf 88' lang='lat' dir='ltr'><strong>in</strong></span> <span class='ocrx_word' id='word_1_67' title='bbox 659 1114 913 1183; x_wconf 65' lang='lat' dir='ltr'><strong>prmsenti</strong></span> <span class='ocrx_word' id='word_1_68' title='bbox 968 1114 1119 1183; x_wconf 89' lang='lat' dir='ltr'><strong>luis;</strong></span> <span class='ocrx_word' id='word_1_69' title='bbox 1180 1116 1307 1172; x_wconf 88' lang='lat' dir='ltr'><strong>huic</strong></span> <span class='ocrx_word' id='word_1_70' title='bbox 1358 1126 1579 1183; x_wconf 88' lang='lat' dir='ltr'><strong>autem,</strong></span> <span class='ocrx_word' id='word_1_71' title='bbox 1639 1118 1733 1189; x_wconf 90' lang='lat' dir='ltr'><strong>qui</strong></span> <span class='ocrx_word' id='word_1_72' title='bbox 1792 1118 1954 1173; x_wconf 59' lang='lat' dir='ltr'><strong>misec</strong></span> 
     </span>
    </p>
   </div>
   <div class='ocr_carea' id='block_1_13' title="bbox 381 1204 1953 1277">
    <p class='ocr_par' dir='ltr' id='par_1_13' title="bbox 381 1204 1953 1277">
     <span class='ocr_line' id='line_1_13' title="bbox 381 1204 1953 1277; baseline 0.005 -21"><span class='ocrx_word' id='word_1_73' title='bbox 381 1217 497 1258; x_wconf 87' lang='lat' dir='ltr'><strong>ram</strong></span> <span class='ocrx_word' id='word_1_74' title='bbox 549 1218 614 1258; x_wconf 88' lang='lat' dir='ltr'><strong>ac</strong></span> <span class='ocrx_word' id='word_1_75' title='bbox 673 1204 965 1274; x_wconf 87' lang='lat' dir='ltr'><strong>acerbam,</strong></span> <span class='ocrx_word' id='word_1_76' title='bbox 1026 1207 1474 1264; x_wconf 84' lang='lat' dir='ltr'><strong>conculcantibus</strong></span> <span class='ocrx_word' id='word_1_77' title='bbox 1533 1209 1830 1277; x_wconf 88' lang='lat' dir='ltr'><strong>omnibus,</strong></span> <span class='ocrx_word' id='word_1_78' title='bbox 1897 1208 1953 1264; x_wconf 88' lang='lat' dir='ltr'><strong>in</strong></span> 
     </span>
    </p>
   </div>
   <div class='ocr_carea' id='block_1_14' title="bbox 381 1295 1957 1370">
    <p class='ocr_par' dir='ltr' id='par_1_14' title="bbox 381 1295 1957 1370">
     <span class='ocr_line' id='line_1_14' title="bbox 381 1295 1957 1370; baseline 0.006 -23"><span class='ocrx_word' id='word_1_79' title='bbox 381 1307 544 1349; x_wconf 91' lang='lat' dir='ltr'><strong>carne</strong></span> <span class='ocrx_word' id='word_1_80' title='bbox 598 1295 766 1349; x_wconf 83' lang='lat' dir='ltr'><strong>vitam</strong></span> <span class='ocrx_word' id='word_1_81' title='bbox 818 1297 965 1367; x_wconf 88' lang='lat' dir='ltr'><strong>egit,</strong></span> <span class='ocrx_word' id='word_1_82' title='bbox 1013 1296 1170 1354; x_wconf 66' lang='lat' dir='ltr'><strong>laetus</strong></span> <span class='ocrx_word' id='word_1_83' title='bbox 1214 1300 1300 1355; x_wconf 91' lang='lat' dir='ltr'><strong>hic</strong></span> <span class='ocrx_word' id='word_1_84' title='bbox 1353 1315 1416 1354; x_wconf 90' lang='lat' dir='ltr'><strong>ac</strong></span> <span class='ocrx_word' id='word_1_85' title='bbox 1461 1300 1733 1370; x_wconf 87' lang='lat' dir='ltr'><strong>jucundus</strong></span> <span class='ocrx_word' id='word_1_86' title='bbox 1790 1301 1957 1356; x_wconf 86' lang='lat' dir='ltr'><strong>vicis-</strong></span> 
     </span>
    </p>
   </div>
   <div class='ocr_carea' id='block_1_15' title="bbox 382 1385 1954 1461">
    <p class='ocr_par' dir='ltr' id='par_1_15' title="bbox 382 1385 1954 1461">
     <span class='ocr_line' id='line_1_15' title="bbox 382 1385 1954 1461; baseline 0.006 -23"><span class='ocrx_word' id='word_1_87' title='bbox 382 1385 484 1439; x_wconf 94' lang='lat' dir='ltr'><strong>sim</strong></span> <span class='ocrx_word' id='word_1_88' title='bbox 533 1396 705 1442; x_wconf 86' lang='lat' dir='ltr'><strong>status</strong></span> <span class='ocrx_word' id='word_1_89' title='bbox 760 1403 824 1443; x_wconf 90' lang='lat' dir='ltr'><strong>ac</strong></span> <span class='ocrx_word' id='word_1_90' title='bbox 872 1388 1112 1446; x_wconf 90' lang='lat' dir='ltr'><strong>conditio</strong></span> <span class='ocrx_word' id='word_1_91' title='bbox 1141 1390 1325 1447; x_wconf 89' lang='lat' dir='ltr'><strong>cessit.</strong></span> <span class='ocrx_word' id='word_1_92' title='bbox 1371 1390 1683 1457; x_wconf 61' lang='lat' dir='ltr'><strong>Praeterea,</strong></span> <span class='ocrx_word' id='word_1_93' title='bbox 1732 1401 1954 1461; x_wconf 86' lang='lat' dir='ltr'><strong>vastus,</strong></span> 
     </span>
    </p>
   </div>
   <div class='ocr_carea' id='block_1_16' title="bbox 384 1474 1958 1546">
    <p class='ocr_par' dir='ltr' id='par_1_16' title="bbox 384 1474 1958 1546">
     <span class='ocr_line' id='line_1_16' title="bbox 384 1474 1958 1546; baseline 0.006 -17"><span class='ocrx_word' id='word_1_94' title='bbox 384 1474 595 1546; x_wconf 74' lang='lat' dir='ltr'><strong>inquit,</strong></span> <span class='ocrx_word' id='word_1_95' title='bbox 655 1491 720 1532; x_wconf 90' lang='lat' dir='ltr'><strong>ac</strong></span> <span class='ocrx_word' id='word_1_96' title='bbox 782 1477 1078 1535; x_wconf 87' lang='lat' dir='ltr'><strong>immensus</strong></span> <span class='ocrx_word' id='word_1_97' title='bbox 1136 1480 1319 1537; x_wconf 89' lang='lat' dir='ltr'><strong>hiatus</strong></span> <span class='ocrx_word' id='word_1_98' title='bbox 1380 1490 1567 1536; x_wconf 90' lang='lat' dir='ltr'><strong>mutuo</strong></span> <span class='ocrx_word' id='word_1_99' title='bbox 1610 1482 1958 1538; x_wconf 81' lang='lat' dir='ltr'><strong>commercio</strong></span> 
     </span>
    </p>
   </div>
   <div class='ocr_carea' id='block_1_17' title="bbox 2058 562 3631 637">
    <p class='ocr_par' dir='ltr' id='par_1_17' title="bbox 2058 562 3631 637">
     <span class='ocr_line' id='line_1_17' title="bbox 2058 562 3631 637; baseline 0.001 -19"><span class='ocrx_word' id='word_1_100' title='bbox 2058 582 2210 622; x_wconf 88' lang='grc' dir='ltr'>σαντι</span> <span class='ocrx_word' id='word_1_101' title='bbox 2266 563 2408 618; x_wconf 86' lang='grc' dir='ltr'><strong>κατά</strong></span> <span class='ocrx_word' id='word_1_102' title='bbox 2460 563 2569 618; x_wconf 86' lang='grc' dir='ltr'><strong>τῶν</strong></span> <span class='ocrx_word' id='word_1_103' title='bbox 2618 562 2912 635; x_wconf 77' lang='grc' dir='ltr'><strong>ἀλλοτρίων</strong></span> <span class='ocrx_word' id='word_1_104' title='bbox 2967 563 3295 634; x_wconf 79' lang='grc' dir='ltr'>συμφορῶν,</span> <span class='ocrx_word' id='word_1_105' title='bbox 3351 564 3474 637; x_wconf 85' lang='grc' dir='ltr'>δίκη</span> <span class='ocrx_word' id='word_1_106' title='bbox 3531 567 3631 620; x_wconf 80' lang='grc' dir='ltr'>τοῦ</span> 
     </span>
    </p>
   </div>
   <div class='ocr_carea' id='block_1_18' title="bbox 2057 654 3634 729">
    <p class='ocr_par' dir='ltr' id='par_1_18' title="bbox 2057 654 3634 729">
     <span class='ocr_line' id='line_1_18' title="bbox 2057 654 3634 729; baseline 0.002 -19"><span class='ocrx_word' id='word_1_107' title='bbox 2057 656 2530 729; x_wconf 84' lang='grc' dir='ltr'>πλημμελήματος</span> <span class='ocrx_word' id='word_1_108' title='bbox 2587 655 2848 727; x_wconf 89' lang='grc' dir='ltr'>ἐπετέθη,</span> <span class='ocrx_word' id='word_1_109' title='bbox 2898 654 2935 709; x_wconf 82' lang='grc' dir='ltr'><strong>ἀ</strong></span> <span class='ocrx_word' id='word_1_110' title='bbox 2984 656 3245 726; x_wconf 80' lang='grc' dir='ltr'><strong>πάσχεις·</strong></span> <span class='ocrx_word' id='word_1_111' title='bbox 3294 656 3370 728; x_wconf 81' lang='grc' dir='ltr'>τῷ</span> <span class='ocrx_word' id='word_1_112' title='bbox 3424 658 3470 712; x_wconf 85' lang='grc' dir='ltr'>δ’</span> <span class='ocrx_word' id='word_1_113' title='bbox 3514 661 3634 712; x_wconf 84' lang='grc' dir='ltr'>ἐκεῖ</span> 
     </span>
    </p>
   </div>
   <div class='ocr_carea' id='block_1_19' title="bbox 2044 747 3636 821">
    <p class='ocr_par' dir='ltr' id='par_1_19' title="bbox 2044 747 3636 821">
     <span class='ocr_line' id='line_1_19' title="bbox 2044 747 3636 821; baseline -0.001 -18"><span class='ocrx_word' id='word_1_114' title='bbox 2044 748 2412 821; x_wconf 83' lang='grc' dir='ltr'>’μοχθήσαντι,</span> <span class='ocrx_word' id='word_1_115' title='bbox 2442 749 2535 801; x_wconf 71' lang='grc' dir='ltr'>καὶ</span> <span class='ocrx_word' id='word_1_116' title='bbox 2576 747 2889 818; x_wconf 79' lang='grc' dir='ltr'><strong>πατηθέντι,</strong></span> <span class='ocrx_word' id='word_1_117' title='bbox 2917 747 3010 801; x_wconf 72' lang='grc' dir='ltr'><strong>καὶ</strong></span> <span class='ocrx_word' id='word_1_118' title='bbox 3042 748 3254 819; x_wconf 84' lang='grc' dir='ltr'><strong>πικρῶς</strong></span> <span class='ocrx_word' id='word_1_119' title='bbox 3280 749 3636 820; x_wconf 80' lang='grc' dir='ltr'><strong>ἀνασχομένῳ</strong></span> 
     </span>
    </p>
   </div>
   <div class='ocr_carea' id='block_1_20' title="bbox 2055 838 3636 912">
    <p class='ocr_par' dir='ltr' id='par_1_20' title="bbox 2055 838 3636 912">
     <span class='ocr_line' id='line_1_20' title="bbox 2055 838 3636 912; baseline 0.001 -20"><span class='ocrx_word' id='word_1_120' title='bbox 2055 839 2154 910; x_wconf 80' lang='grc' dir='ltr'>τῆς</span> <span class='ocrx_word' id='word_1_121' title='bbox 2184 838 2452 911; x_wconf 82' lang='grc' dir='ltr'>ὲνσάρκου</span> <span class='ocrx_word' id='word_1_122' title='bbox 2489 838 2657 909; x_wconf 79' lang='grc' dir='ltr'>ζωῆς,</span> <span class='ocrx_word' id='word_1_123' title='bbox 2705 838 2932 908; x_wconf 88' lang='grc' dir='ltr'>γλυκεῖά</span> <span class='ocrx_word' id='word_1_124' title='bbox 2968 856 3053 902; x_wconf 90' lang='grc' dir='ltr'><strong>τις</strong></span> <span class='ocrx_word' id='word_1_125' title='bbox 3082 838 3176 893; x_wconf 76' lang='grc' dir='ltr'><strong>καί</strong></span> <span class='ocrx_word' id='word_1_126' title='bbox 3201 839 3567 912; x_wconf 81' lang='grc' dir='ltr'>εὐφραίνουσα</span> <span class='ocrx_word' id='word_1_127' title='bbox 3600 840 3636 911; x_wconf 82' lang='grc' dir='ltr'><strong>ή</strong></span> 
     </span>
    </p>
   </div>
   <div class='ocr_carea' id='block_1_21' title="bbox 2056 928 3638 1002">
    <p class='ocr_par' dir='ltr' id='par_1_21' title="bbox 2056 928 3638 1002">
     <span class='ocr_line' id='line_1_21' title="bbox 2056 928 3638 1002; baseline 0 -17"><span class='ocrx_word' id='word_1_128' title='bbox 2056 930 2241 985; x_wconf 84' lang='grc' dir='ltr'>ἐνθάδε</span> <span class='ocrx_word' id='word_1_129' title='bbox 2274 929 2594 1002; x_wconf 80' lang='grc' dir='ltr'>ἀπενεμήθη</span> <span class='ocrx_word' id='word_1_130' title='bbox 2626 930 2981 994; x_wconf 86' lang='grc' dir='ltr'>κατάστασις.</span> <span class='ocrx_word' id='word_1_131' title='bbox 3021 928 3166 1002; x_wconf 85' lang='grc' dir='ltr'>Πρδς</span> <span class='ocrx_word' id='word_1_132' title='bbox 3192 930 3248 983; x_wconf 83' lang='grc' dir='ltr'><strong>δὲ</strong></span> <span class='ocrx_word' id='word_1_133' title='bbox 3279 930 3505 995; x_wconf 79' lang='grc' dir='ltr'>τούτοις,</span> <span class='ocrx_word' id='word_1_134' title='bbox 3537 930 3638 985; x_wconf 78' lang='grc' dir='ltr'>καὶ</span> 
     </span>
    </p>
   </div>
   <div class='ocr_carea' id='block_1_22' title="bbox 2057 1016 3637 1093">
    <p class='ocr_par' dir='ltr' id='par_1_22' title="bbox 2057 1016 3637 1093">
     <span class='ocr_line' id='line_1_22' title="bbox 2057 1016 3637 1093; baseline -0.002 -17"><span class='ocrx_word' id='word_1_135' title='bbox 2057 1022 2243 1093; x_wconf 85' lang='grc' dir='ltr'><strong>χάσμα</strong></span> <span class='ocrx_word' id='word_1_136' title='bbox 2269 1022 2410 1093; x_wconf 83' lang='grc' dir='ltr'>μέγα</span> <span class='ocrx_word' id='word_1_137' title='bbox 2448 1016 2587 1075; x_wconf 83' lang='grc' dir='ltr'><strong>εἰναί</strong></span> <span class='ocrx_word' id='word_1_138' title='bbox 2616 1038 2781 1091; x_wconf 85' lang='grc' dir='ltr'>φησιν</span> <span class='ocrx_word' id='word_1_139' title='bbox 2836 1020 2898 1074; x_wconf 84' lang='grc' dir='ltr'>τὸ</span> <span class='ocrx_word' id='word_1_140' title='bbox 2935 1020 3140 1074; x_wconf 82' lang='grc' dir='ltr'>κωλύον</span> <span class='ocrx_word' id='word_1_141' title='bbox 3163 1021 3357 1085; x_wconf 73' lang='grc' dir='ltr'>αὐτοὺς</span> <span class='ocrx_word' id='word_1_142' title='bbox 3375 1021 3473 1093; x_wconf 86' lang='grc' dir='ltr'>τὴν</span> <span class='ocrx_word' id='word_1_143' title='bbox 3496 1021 3637 1091; x_wconf 74' lang='grc' dir='ltr'>πρὸς</span> 
     </span>
    </p>
   </div>
   <div class='ocr_carea' id='block_1_23' title="bbox 2058 1112 3637 1186">
    <p class='ocr_par' dir='ltr' id='par_1_23' title="bbox 2058 1112 3637 1186">
     <span class='ocr_line' id='line_1_23' title="bbox 2058 1112 3637 1186; baseline 0 -19"><span class='ocrx_word' id='word_1_144' title='bbox 2058 1113 2316 1185; x_wconf 81' lang='grc' dir='ltr'><strong>ἀλλήλους</strong></span> <span class='ocrx_word' id='word_1_145' title='bbox 2338 1113 2641 1184; x_wconf 76' lang='grc' dir='ltr'>ἐπιμιξίαν,</span> <span class='ocrx_word' id='word_1_146' title='bbox 2673 1114 2767 1166; x_wconf 69' lang='grc' dir='ltr'><strong>καὶ</strong></span> <span class='ocrx_word' id='word_1_147' title='bbox 2795 1112 3027 1184; x_wconf 84' lang='grc' dir='ltr'>διεῖργον</span> <span class='ocrx_word' id='word_1_148' title='bbox 3047 1114 3172 1177; x_wconf 82' lang='grc' dir='ltr'>τοὺς</span> <span class='ocrx_word' id='word_1_149' title='bbox 3192 1113 3637 1186; x_wconf 79' lang='grc' dir='ltr'>τιμωρουμένους</span> 
     </span>
    </p>
   </div>
   <div class='ocr_carea' id='block_1_24' title="bbox 2060 1204 3639 1276">
    <p class='ocr_par' dir='ltr' id='par_1_24' title="bbox 2060 1204 3639 1276">
     <span class='ocr_line' id='line_1_24' title="bbox 2060 1204 3639 1276; baseline -0.001 -17"><span class='ocrx_word' id='word_1_150' title='bbox 2060 1205 2169 1259; x_wconf 82' lang='grc' dir='ltr'>ἀπὸ</span> <span class='ocrx_word' id='word_1_151' title='bbox 2195 1206 2303 1259; x_wconf 85' lang='grc' dir='ltr'><strong>τῶν</strong></span> <span class='ocrx_word' id='word_1_152' title='bbox 2330 1205 2676 1276; x_wconf 79' lang='grc' dir='ltr'>τιμωμένων,</span> <span class='ocrx_word' id='word_1_153' title='bbox 2717 1206 2801 1258; x_wconf 82' lang='grc' dir='ltr'>ἵνα</span> <span class='ocrx_word' id='word_1_154' title='bbox 2832 1204 3097 1276; x_wconf 81' lang='grc' dir='ltr'>εὐκρινῶς</span> <span class='ocrx_word' id='word_1_155' title='bbox 3126 1204 3384 1275; x_wconf 83' lang='grc' dir='ltr'>διάγωσιν</span> <span class='ocrx_word' id='word_1_156' title='bbox 3418 1206 3513 1259; x_wconf 83' lang='grc' dir='ltr'>ἀπ’</span> <span class='ocrx_word' id='word_1_157' title='bbox 3542 1205 3639 1258; x_wconf 83' lang='grc' dir='ltr'>ἀλ-</span> 
     </span>
    </p>
   </div>
   <div class='ocr_carea' id='block_1_25' title="bbox 2060 1296 3640 1370">
    <p class='ocr_par' dir='ltr' id='par_1_25' title="bbox 2060 1296 3640 1370">
     <span class='ocr_line' id='line_1_25' title="bbox 2060 1296 3640 1370; baseline 0.001 -20"><span class='ocrx_word' id='word_1_158' title='bbox 2060 1296 2233 1370; x_wconf 82' lang='grc' dir='ltr'>λήλων</span> <span class='ocrx_word' id='word_1_159' title='bbox 2272 1298 2566 1370; x_wconf 84' lang='grc' dir='ltr'>ἀμφότεροι</span> <span class='ocrx_word' id='word_1_160' title='bbox 2592 1336 2608 1362; x_wconf 91' lang='grc'><strong>,</strong></span> <span class='ocrx_word' id='word_1_161' title='bbox 2651 1296 2959 1367; x_wconf 80' lang='grc' dir='ltr'>ἁσύγχυτον</span> <span class='ocrx_word' id='word_1_162' title='bbox 3002 1296 3215 1369; x_wconf 76' lang='grc' dir='ltr'>ἔχοντες</span> <span class='ocrx_word' id='word_1_163' title='bbox 3264 1297 3370 1350; x_wconf 85' lang='grc' dir='ltr'><strong>τῶν</strong></span> <span class='ocrx_word' id='word_1_164' title='bbox 3413 1297 3640 1366; x_wconf 80' lang='grc' dir='ltr'>ἀγαθῶν</span> 
     </span>
    </p>
   </div>
   <div class='ocr_carea' id='block_1_26' title="bbox 2062 1384 3603 1461">
    <p class='ocr_par' dir='ltr' id='par_1_26' title="bbox 2062 1384 3603 1461">
     <span class='ocr_line' id='line_1_26' title="bbox 2062 1384 3603 1461; baseline -0.001 -19"><span class='ocrx_word' id='word_1_165' title='bbox 2062 1389 2157 1444; x_wconf 68' lang='grc' dir='ltr'><strong>καί¹</strong></span> <span class='ocrx_word' id='word_1_166' title='bbox 2183 1389 2290 1443; x_wconf 86' lang='grc' dir='ltr'><strong>τῶν</strong></span> <span class='ocrx_word' id='word_1_167' title='bbox 2317 1389 2505 1444; x_wconf 82' lang='grc' dir='ltr'>κακῶν</span> <span class='ocrx_word' id='word_1_168' title='bbox 2533 1389 2631 1461; x_wconf 79' lang='grc' dir='ltr'>τὴν</span> <span class='ocrx_word' id='word_1_169' title='bbox 2667 1388 2992 1443; x_wconf 83' lang='grc' dir='ltr'>ἀπόλαυσιν.</span> <span class='ocrx_word' id='word_1_170' title='bbox 3022 1384 3188 1461; x_wconf 79' lang='grc' dir='ltr'>Οἶμαι</span> <span class='ocrx_word' id='word_1_171' title='bbox 3217 1386 3273 1441; x_wconf 73' lang='grc' dir='ltr'>δὲ</span> <span class='ocrx_word' id='word_1_172' title='bbox 3304 1388 3402 1458; x_wconf 83' lang='grc' dir='ltr'><strong>τὴν</strong></span> <span class='ocrx_word' id='word_1_173' title='bbox 3440 1387 3603 1459; x_wconf 72' lang='grc' dir='ltr'>αἰσθη</span> 
     </span>
    </p>
   </div>
   <div class='ocr_carea' id='block_1_27' title="bbox 2062 1475 3639 1554">
    <p class='ocr_par' dir='ltr' id='par_1_27' title="bbox 2062 1475 3639 1554">
     <span class='ocr_line' id='line_1_27' title="bbox 2062 1475 3639 1554; baseline -0.001 -19"><span class='ocrx_word' id='word_1_174' title='bbox 2062 1480 2162 1553; x_wconf 83' lang='grc' dir='ltr'>τὴν</span> <span class='ocrx_word' id='word_1_175' title='bbox 2217 1480 2533 1554; x_wconf 72' lang='grc' dir='ltr'>παραϐολὴν</span> <span class='ocrx_word' id='word_1_176' title='bbox 2578 1480 2779 1553; x_wconf 79' lang='grc' dir='ltr'>νοητῆς</span> <span class='ocrx_word' id='word_1_177' title='bbox 2817 1475 2957 1533; x_wconf 78' lang='grc' dir='ltr'>εἶναι</span> <span class='ocrx_word' id='word_1_178' title='bbox 3006 1479 3241 1552; x_wconf 78' lang='grc' dir='ltr'>θεωρίας</span> <span class='ocrx_word' id='word_1_179' title='bbox 3277 1477 3522 1551; x_wconf 73' lang='grc' dir='ltr'>αἴνιγμα.</span> <span class='ocrx_word' id='word_1_180' title='bbox 3561 1480 3639 1533; x_wconf 78' lang='grc' dir='ltr'><strong>Οὐ</strong></span> 
     </span>
    </p>
   </div>
   <div class='ocr_carea' id='block_1_28' title="bbox 384 1569 1961 1645">
    <p class='ocr_par' dir='ltr' id='par_1_28' title="bbox 384 1569 1959 1644">
     <span class='ocr_line' id='line_1_28' title="bbox 384 1569 1959 1644; baseline 0.006 -24"><span class='ocrx_word' id='word_1_181' title='bbox 384 1577 644 1637; x_wconf 88' lang='lat' dir='ltr'><strong>utrosque</strong></span> <span class='ocrx_word' id='word_1_182' title='bbox 702 1569 991 1639; x_wconf 89' lang='lat' dir='ltr'><strong>prohibet,</strong></span> <span class='ocrx_word' id='word_1_183' title='bbox 1045 1580 1212 1642; x_wconf 88' lang='lat' dir='ltr'><strong>atque</strong></span> <span class='ocrx_word' id='word_1_184' title='bbox 1270 1587 1366 1628; x_wconf 90' lang='lat' dir='ltr'><strong>eos</strong></span> <span class='ocrx_word' id='word_1_185' title='bbox 1417 1573 1509 1642; x_wconf 87' lang='lat' dir='ltr'><strong>qui</strong></span> <span class='ocrx_word' id='word_1_186' title='bbox 1564 1572 1875 1644; x_wconf 87' lang='lat' dir='ltr'><strong>plectuntur</strong></span> <span class='ocrx_word' id='word_1_187' title='bbox 1926 1588 1959 1630; x_wconf 87' lang='lat' dir='ltr'><strong>a</strong></span> 
     </span>
    </p>
   </div>
   <div class='ocr_carea' id='block_1_29' title="bbox 2069 1569 3644 1645">
    <p class='ocr_par' dir='ltr' id='par_1_29' title="bbox 2069 1569 3644 1645">
     <span class='ocr_line' id='line_1_29' title="bbox 2069 1569 3644 1645; baseline -0.002 -19"><span class='ocrx_word' id='word_1_188' title='bbox 2069 1571 2174 1645; x_wconf 82' lang='grc' dir='ltr'>γὰρ</span> <span class='ocrx_word' id='word_1_189' title='bbox 2200 1572 2265 1645; x_wconf 85' lang='grc' dir='ltr'>δὴ</span> <span class='ocrx_word' id='word_1_190' title='bbox 2287 1572 2494 1645; x_wconf 81' lang='grc' dir='ltr'>τάφρον</span> <span class='ocrx_word' id='word_1_191' title='bbox 2520 1572 2690 1637; x_wconf 79' lang='grc' dir='ltr'>ὅντως</span> <span class='ocrx_word' id='word_1_192' title='bbox 2727 1574 3067 1643; x_wconf 80' lang='grc' dir='ltr'>ἐννοήσωμεν</span> <span class='ocrx_word' id='word_1_193' title='bbox 3095 1571 3212 1624; x_wconf 84' lang='grc' dir='ltr'>ἐκεῖ</span> <span class='ocrx_word' id='word_1_194' title='bbox 3243 1571 3381 1644; x_wconf 78' lang='grc' dir='ltr'>πρὸς</span> <span class='ocrx_word' id='word_1_195' title='bbox 3411 1569 3520 1624; x_wconf 87' lang='grc' dir='ltr'><strong>τῶν</strong></span> <span class='ocrx_word' id='word_1_196' title='bbox 3540 1571 3644 1639; x_wconf 84' lang='grc' dir='ltr'>ἀγ-</span> 
     </span>
    </p>
   </div>
   <div class='ocr_carea' id='block_1_30' title="bbox 384 1656 1961 1737">
    <p class='ocr_par' dir='ltr' id='par_1_30' title="bbox 384 1657 1960 1736">
     <span class='ocr_line' id='line_1_30' title="bbox 384 1657 1960 1736; baseline 0.007 -25"><span class='ocrx_word' id='word_1_197' title='bbox 384 1657 541 1714; x_wconf 87' lang='lat' dir='ltr'><strong>bonis</strong></span> <span class='ocrx_word' id='word_1_198' title='bbox 574 1660 780 1715; x_wconf 89' lang='lat' dir='ltr'><strong>honore</strong></span> <span class='ocrx_word' id='word_1_199' title='bbox 811 1663 1098 1720; x_wconf 81' lang='lat' dir='ltr'><strong>cumulatis</strong></span> <span class='ocrx_word' id='word_1_200' title='bbox 1129 1663 1372 1733; x_wconf 88' lang='lat' dir='ltr'><strong>dirimit,</strong></span> <span class='ocrx_word' id='word_1_201' title='bbox 1404 1681 1510 1736; x_wconf 90' lang='lat' dir='ltr'><strong>quo</strong></span> <span class='ocrx_word' id='word_1_202' title='bbox 1543 1667 1774 1723; x_wconf 88' lang='lat' dir='ltr'><strong>seorsim</strong></span> <span class='ocrx_word' id='word_1_203' title='bbox 1823 1667 1960 1723; x_wconf 89' lang='lat' dir='ltr'><strong>utri-</strong></span> 
     </span>
    </p>
   </div>
   <div class='ocr_carea' id='block_1_31' title="bbox 2069 1656 3643 1737">
    <p class='ocr_par' dir='ltr' id='par_1_31' title="bbox 2069 1656 3643 1737">
     <span class='ocr_line' id='line_1_31' title="bbox 2069 1656 3643 1737; baseline -0.001 -20"><span class='ocrx_word' id='word_1_204' title='bbox 2069 1662 2239 1733; x_wconf 88' lang='grc' dir='ltr'>γέλων</span> <span class='ocrx_word' id='word_1_205' title='bbox 2281 1663 2656 1737; x_wconf 79' lang='grc' dir='ltr'>διορυχθεῖσαν</span> <span class='ocrx_word' id='word_1_206' title='bbox 2677 1706 2694 1730; x_wconf 92' lang='grc'><strong>,</strong></span> <span class='ocrx_word' id='word_1_207' title='bbox 2743 1656 2944 1735; x_wconf 74' lang='grc' dir='ltr'>οἷάπερ</span> <span class='ocrx_word' id='word_1_208' title='bbox 2985 1664 3044 1717; x_wconf 84' lang='grc' dir='ltr'><strong>ἐν</strong></span> <span class='ocrx_word' id='word_1_209' title='bbox 3097 1664 3210 1726; x_wconf 89' lang='grc' dir='ltr'>τοῖς</span> <span class='ocrx_word' id='word_1_210' title='bbox 3259 1661 3643 1735; x_wconf 82' lang='grc' dir='ltr'>στρατοπέδοις</span> 
     </span>
    </p>
   </div>
   <div class='ocr_carea' id='block_1_32' title="bbox 384 1753 1961 1829">
    <p class='ocr_par' dir='ltr' id='par_1_32' title="bbox 384 1754 1958 1829">
     <span class='ocr_line' id='line_1_32' title="bbox 384 1754 1958 1829; baseline 0.007 -26"><span class='ocrx_word' id='word_1_211' title='bbox 384 1765 491 1819; x_wconf 90' lang='lat' dir='ltr'><strong>que</strong></span> <span class='ocrx_word' id='word_1_212' title='bbox 540 1762 731 1822; x_wconf 81' lang='lat' dir='ltr'><strong>agant,</strong></span> <span class='ocrx_word' id='word_1_213' title='bbox 777 1768 842 1809; x_wconf 91' lang='lat' dir='ltr'><strong>ac</strong></span> <span class='ocrx_word' id='word_1_214' title='bbox 886 1754 1140 1812; x_wconf 88' lang='lat' dir='ltr'><strong>distincte</strong></span> <span class='ocrx_word' id='word_1_215' title='bbox 1186 1771 1338 1812; x_wconf 88' lang='lat' dir='ltr'><strong>suam</strong></span> <span class='ocrx_word' id='word_1_216' title='bbox 1387 1758 1589 1829; x_wconf 87' lang='lat' dir='ltr'><strong>quique</strong></span> <span class='ocrx_word' id='word_1_217' title='bbox 1633 1772 1740 1829; x_wconf 90' lang='lat' dir='ltr'><strong>qua</strong></span> <span class='ocrx_word' id='word_1_218' title='bbox 1790 1758 1958 1814; x_wconf 90' lang='lat' dir='ltr'><strong>bono-</strong></span> 
     </span>
    </p>
   </div>
   <div class='ocr_carea' id='block_1_33' title="bbox 2069 1753 3645 1829">
    <p class='ocr_par' dir='ltr' id='par_1_33' title="bbox 2069 1753 3645 1827">
     <span class='ocr_line' id='line_1_33' title="bbox 2069 1753 3645 1827; baseline -0.001 -18"><span class='ocrx_word' id='word_1_219' title='bbox 2069 1755 2273 1824; x_wconf 83' lang='grc' dir='ltr'>γίνεται</span> <span class='ocrx_word' id='word_1_220' title='bbox 2303 1755 2371 1810; x_wconf 82' lang='grc' dir='ltr'><strong>τά</strong></span> <span class='ocrx_word' id='word_1_221' title='bbox 2406 1756 2516 1810; x_wconf 88' lang='grc' dir='ltr'><strong>τῶν</strong></span> <span class='ocrx_word' id='word_1_222' title='bbox 2549 1756 2823 1827; x_wconf 87' lang='grc' dir='ltr'>πολεμίων</span> <span class='ocrx_word' id='word_1_223' title='bbox 2866 1754 3200 1827; x_wconf 76' lang='grc' dir='ltr'>μεταίχμιαο</span> <span class='ocrx_word' id='word_1_224' title='bbox 3242 1754 3379 1810; x_wconf 83' lang='grc' dir='ltr'><strong>ἀλλά</strong></span> <span class='ocrx_word' id='word_1_225' title='bbox 3407 1753 3500 1808; x_wconf 73' lang='grc' dir='ltr'>τὸν</span> <span class='ocrx_word' id='word_1_226' title='bbox 3535 1772 3645 1826; x_wconf 88' lang='grc' dir='ltr'>χω-</span> 
     </span>
    </p>
   </div>
   <div class='ocr_carea' id='block_1_34' title="bbox 386 1840 1961 1921">
    <p class='ocr_par' dir='ltr' id='par_1_34' title="bbox 386 1844 1961 1921">
     <span class='ocr_line' id='line_1_34' title="bbox 386 1844 1961 1921; baseline 0.008 -27"><span class='ocrx_word' id='word_1_227' title='bbox 386 1856 546 1907; x_wconf 87' lang='lat' dir='ltr'><strong>rum,</strong></span> <span class='ocrx_word' id='word_1_228' title='bbox 599 1858 703 1913; x_wconf 90' lang='lat' dir='ltr'><strong>qua</strong></span> <span class='ocrx_word' id='word_1_229' title='bbox 756 1844 1022 1902; x_wconf 87' lang='lat' dir='ltr'><strong>malorum</strong></span> <span class='ocrx_word' id='word_1_230' title='bbox 1074 1856 1276 1903; x_wconf 88' lang='lat' dir='ltr'><strong>sortem</strong></span> <span class='ocrx_word' id='word_1_231' title='bbox 1330 1849 1613 1921; x_wconf 85' lang='lat' dir='ltr'><strong>recipiant.</strong></span> <span class='ocrx_word' id='word_1_232' title='bbox 1666 1849 1826 1905; x_wconf 81' lang='lat' dir='ltr'><strong>Aliud</strong></span> <span class='ocrx_word' id='word_1_233' title='bbox 1878 1852 1961 1906; x_wconf 86' lang='lat' dir='ltr'><strong>ni-</strong></span> 
     </span>
    </p>
   </div>
   <div class='ocr_carea' id='block_1_35' title="bbox 2069 1840 3646 1921">
    <p class='ocr_par' dir='ltr' id='par_1_35' title="bbox 2069 1847 3646 1921">
     <span class='ocr_line' id='line_1_35' title="bbox 2069 1847 3646 1921; baseline -0.001 -20"><span class='ocrx_word' id='word_1_234' title='bbox 2069 1847 2254 1921; x_wconf 87' lang='grc' dir='ltr'>ρισμὺν</span> <span class='ocrx_word' id='word_1_235' title='bbox 2283 1850 2417 1920; x_wconf 84' lang='grc' dir='ltr'>ἡμῖν</span> <span class='ocrx_word' id='word_1_236' title='bbox 2447 1851 2475 1902; x_wconf 85' lang='grc' dir='ltr'>ὁ</span> <span class='ocrx_word' id='word_1_237' title='bbox 2508 1850 2725 1914; x_wconf 78' lang='grc' dir='ltr'>Λουκᾶς</span> <span class='ocrx_word' id='word_1_238' title='bbox 2769 1847 3106 1921; x_wconf 70' lang='grc' dir='ltr'>ὑπογράφων</span> <span class='ocrx_word' id='word_1_239' title='bbox 3125 1888 3139 1914; x_wconf 93' lang='grc'><strong>,</strong></span> <span class='ocrx_word' id='word_1_240' title='bbox 3170 1848 3230 1902; x_wconf 85' lang='grc' dir='ltr'>ὃν</span> <span class='ocrx_word' id='word_1_241' title='bbox 3266 1848 3361 1901; x_wconf 84' lang='grc' dir='ltr'>ἀπ’</span> <span class='ocrx_word' id='word_1_242' title='bbox 3395 1847 3646 1917; x_wconf 83' lang='grc' dir='ltr'>ἀλλήλων</span> 
     </span>
    </p>
   </div>
   <div class='ocr_carea' id='block_1_36' title="bbox 393 1932 1961 2015">
    <p class='ocr_par' dir='ltr' id='par_1_36' title="bbox 393 1932 1959 2015">
     <span class='ocr_line' id='line_1_36' title="bbox 393 1932 1959 2015; baseline 0.008 -30"><span class='ocrx_word' id='word_1_243' title='bbox 393 1932 684 1990; x_wconf 81' lang='lat' dir='ltr'><strong>hilominus</strong></span> <span class='ocrx_word' id='word_1_244' title='bbox 746 1937 971 2005; x_wconf 84' lang='lat' dir='ltr'><strong>spiritali</strong></span> <span class='ocrx_word' id='word_1_245' title='bbox 1039 1938 1315 2015; x_wconf 89' lang='lat' dir='ltr'><strong>intellectu</strong></span> <span class='ocrx_word' id='word_1_246' title='bbox 1392 1941 1635 2009; x_wconf 84' lang='lat' dir='ltr'><strong>subjecta</strong></span> <span class='ocrx_word' id='word_1_247' title='bbox 1708 1941 1959 1997; x_wconf 87' lang='lat' dir='ltr'><strong>sensibus</strong></span> 
     </span>
    </p>
   </div>
   <div class='ocr_carea' id='block_1_37' title="bbox 2069 1932 3645 2015">
    <p class='ocr_par' dir='ltr' id='par_1_37' title="bbox 2069 1938 3645 2012">
     <span class='ocr_line' id='line_1_37' title="bbox 2069 1938 3645 2012; baseline -0.004 -16"><span class='ocrx_word' id='word_1_248' title='bbox 2069 1941 2173 1996; x_wconf 80' lang='grc' dir='ltr'>είσὶ</span> <span class='ocrx_word' id='word_1_249' title='bbox 2208 1940 2623 2012; x_wconf 80' lang='grc' dir='ltr'>κεχωρισμένοι,</span> <span class='ocrx_word' id='word_1_250' title='bbox 2646 1941 2699 1994; x_wconf 78' lang='grc' dir='ltr'>οἵ</span> <span class='ocrx_word' id='word_1_251' title='bbox 2725 1957 2785 1995; x_wconf 89' lang='grc' dir='ltr'><strong>τε</strong></span> <span class='ocrx_word' id='word_1_252' title='bbox 2821 1941 2943 1994; x_wconf 80' lang='grc' dir='ltr'>κατ’</span> <span class='ocrx_word' id='word_1_253' title='bbox 2968 1940 3169 2011; x_wconf 82' lang='grc' dir='ltr'>ἀρετὴν</span> <span class='ocrx_word' id='word_1_254' title='bbox 3191 1979 3206 2004; x_wconf 92' lang='grc'><strong>,</strong></span> <span class='ocrx_word' id='word_1_255' title='bbox 3241 1940 3335 1994; x_wconf 74' lang='grc' dir='ltr'>καὶ</span> <span class='ocrx_word' id='word_1_256' title='bbox 3362 1940 3410 1993; x_wconf 83' lang='grc' dir='ltr'><strong>οἰ</strong></span> <span class='ocrx_word' id='word_1_257' title='bbox 3439 1938 3645 2010; x_wconf 79' lang='grc' dir='ltr'>ἑτέρως</span> 
     </span>
    </p>
   </div>
   <div class='ocr_carea' id='block_1_38' title="bbox 384 2024 1961 2103">
    <p class='ocr_par' dir='ltr' id='par_1_38' title="bbox 384 2024 1956 2100">
     <span class='ocr_line' id='line_1_38' title="bbox 384 2024 1956 2100; baseline 0.006 -24"><span class='ocrx_word' id='word_1_258' title='bbox 384 2024 636 2095; x_wconf 74' lang='lat' dir='ltr'><strong>parabola</strong></span> <span class='ocrx_word' id='word_1_259' title='bbox 680 2025 968 2097; x_wconf 86' lang='lat' dir='ltr'><strong>designare</strong></span> <span class='ocrx_word' id='word_1_260' title='bbox 1008 2028 1275 2085; x_wconf 82' lang='lat' dir='ltr'><strong>videatur.</strong></span> <span class='ocrx_word' id='word_1_261' title='bbox 1322 2027 1438 2084; x_wconf 83' lang='lat' dir='ltr'><strong>Non</strong></span> <span class='ocrx_word' id='word_1_262' title='bbox 1483 2031 1629 2085; x_wconf 91' lang='lat' dir='ltr'><strong>enim</strong></span> <span class='ocrx_word' id='word_1_263' title='bbox 1679 2029 1956 2100; x_wconf 81' lang='lat' dir='ltr'><strong>profecto,</strong></span> 
     </span>
    </p>
   </div>
   <div class='ocr_carea' id='block_1_39' title="bbox 2069 2024 3646 2103">
    <p class='ocr_par' dir='ltr' id='par_1_39' title="bbox 2069 2028 3646 2103">
     <span class='ocr_line' id='line_1_39' title="bbox 2069 2028 3646 2103; baseline -0.001 -20"><span class='ocrx_word' id='word_1_264' title='bbox 2069 2030 2351 2102; x_wconf 81' lang='grc' dir='ltr'>ζήσαντες,</span> <span class='ocrx_word' id='word_1_265' title='bbox 2377 2030 2607 2085; x_wconf 81' lang='grc' dir='ltr'>ὑπέθετο</span> <span class='ocrx_word' id='word_1_266' title='bbox 2644 2030 2743 2103; x_wconf 82' lang='grc' dir='ltr'><strong>τὴν</strong></span> <span class='ocrx_word' id='word_1_267' title='bbox 2782 2031 2967 2085; x_wconf 78' lang='grc' dir='ltr'>εἰκόνα</span> <span class='ocrx_word' id='word_1_268' title='bbox 3011 2030 3106 2085; x_wconf 84' lang='grc' dir='ltr'>τοῦ</span> <span class='ocrx_word' id='word_1_269' title='bbox 3149 2032 3445 2103; x_wconf 74' lang='grc' dir='ltr'>χάσματος.</span> <span class='ocrx_word' id='word_1_270' title='bbox 3487 2028 3646 2083; x_wconf 82' lang='grc' dir='ltr'>Ἑπι-</span> 
     </span>
    </p>
   </div>
   <div class='ocr_carea' id='block_1_40' title="bbox 388 2114 1961 2197">
    <p class='ocr_par' dir='ltr' id='par_1_40' title="bbox 388 2114 1960 2191">
     <span class='ocr_line' id='line_1_40' title="bbox 388 2114 1960 2191; baseline 0.005 -23"><span class='ocrx_word' id='word_1_271' title='bbox 388 2114 589 2171; x_wconf 76' lang='lat' dir='ltr'><strong>fossam</strong></span> <span class='ocrx_word' id='word_1_272' title='bbox 644 2116 755 2172; x_wconf 88' lang='lat' dir='ltr'><strong>illic</strong></span> <span class='ocrx_word' id='word_1_273' title='bbox 802 2127 896 2173; x_wconf 90' lang='lat' dir='ltr'><strong>aut</strong></span> <span class='ocrx_word' id='word_1_274' title='bbox 942 2119 1229 2187; x_wconf 86' lang='lat' dir='ltr'><strong>scrobem,</strong></span> <span class='ocrx_word' id='word_1_275' title='bbox 1282 2120 1460 2191; x_wconf 87' lang='lat' dir='ltr'><strong>qualis</strong></span> <span class='ocrx_word' id='word_1_276' title='bbox 1511 2120 1565 2177; x_wconf 90' lang='lat' dir='ltr'><strong>in</strong></span> <span class='ocrx_word' id='word_1_277' title='bbox 1619 2122 1818 2178; x_wconf 86' lang='lat' dir='ltr'><strong>castris</strong></span> <span class='ocrx_word' id='word_1_278' title='bbox 1870 2138 1960 2177; x_wconf 88' lang='lat' dir='ltr'><strong>ar-</strong></span> 
     </span>
    </p>
   </div>
   <div class='ocr_carea' id='block_1_41' title="bbox 2069 2114 3644 2197">
    <p class='ocr_par' dir='ltr' id='par_1_41' title="bbox 2069 2123 3644 2197">
     <span class='ocr_line' id='line_1_41' title="bbox 2069 2123 3644 2197; baseline -0.013 -3"><span class='ocrx_word' id='word_1_279' title='bbox 2069 2123 2425 2195; x_wconf 78' lang='grc' dir='ltr'>σφραγιςεται</span> <span class='ocrx_word' id='word_1_280' title='bbox 2449 2124 2549 2197; x_wconf 79' lang='grc' dir='ltr'><strong>τὴν</strong></span> <span class='ocrx_word' id='word_1_281' title='bbox 2586 2124 2825 2179; x_wconf 85' lang='grc' dir='ltr'>διάνοιαν</span> <span class='ocrx_word' id='word_1_282' title='bbox 2855 2126 2986 2196; x_wconf 76' lang='grc' dir='ltr'>ἡμῖν</span> <span class='ocrx_word' id='word_1_283' title='bbox 3018 2123 3223 2197; x_wconf 81' lang='grc' dir='ltr'>ταύτην</span> <span class='ocrx_word' id='word_1_284' title='bbox 3256 2125 3349 2178; x_wconf 76' lang='grc' dir='ltr'>καὶ</span> <span class='ocrx_word' id='word_1_285' title='bbox 3393 2124 3644 2187; x_wconf 78' lang='grc' dir='ltr'>Ἡσαΐας,</span> 
     </span>
    </p>
   </div>
   <div class='ocr_carea' id='block_1_42' title="bbox 386 2207 1961 2286">
    <p class='ocr_par' dir='ltr' id='par_1_42' title="bbox 386 2207 1957 2285">
     <span class='ocr_line' id='line_1_42' title="bbox 386 2207 1957 2285; baseline 0.003 -21"><span class='ocrx_word' id='word_1_286' title='bbox 386 2207 575 2264; x_wconf 74' lang='lat' dir='ltr'><strong>condis</strong></span> <span class='ocrx_word' id='word_1_287' title='bbox 634 2208 876 2266; x_wconf 89' lang='lat' dir='ltr'><strong>hostibus</strong></span> <span class='ocrx_word' id='word_1_288' title='bbox 933 2208 1053 2266; x_wconf 82' lang='lat' dir='ltr'><strong>ﬁeri</strong></span> <span class='ocrx_word' id='word_1_289' title='bbox 1110 2210 1283 2279; x_wconf 87' lang='lat' dir='ltr'><strong>solet,</strong></span> <span class='ocrx_word' id='word_1_290' title='bbox 1348 2211 1417 2269; x_wconf 90' lang='lat' dir='ltr'><strong>ab</strong></span> <span class='ocrx_word' id='word_1_291' title='bbox 1477 2212 1683 2285; x_wconf 79' lang='lat' dir='ltr'><strong>angelis</strong></span> <span class='ocrx_word' id='word_1_292' title='bbox 1740 2214 1957 2283; x_wconf 87' lang='lat' dir='ltr'><strong>reipsa,</strong></span> 
     </span>
    </p>
   </div>
   <div class='ocr_carea' id='block_1_43' title="bbox 2069 2207 3649 2286">
    <p class='ocr_par' dir='ltr' id='par_1_43' title="bbox 2069 2214 3649 2286">
     <span class='ocr_line' id='line_1_43' title="bbox 2069 2214 3649 2286; baseline 0.002 -19"><span class='ocrx_word' id='word_1_293' title='bbox 2069 2214 2207 2268; x_wconf 74' lang='grc' dir='ltr'>οὕτω</span> <span class='ocrx_word' id='word_1_294' title='bbox 2244 2232 2360 2279; x_wconf 79' lang='grc' dir='ltr'><strong>πως</strong></span> <span class='ocrx_word' id='word_1_295' title='bbox 2405 2216 2606 2285; x_wconf 76' lang='grc' dir='ltr'>λέγων’</span> <span class='ocrx_word' id='word_1_296' title='bbox 2636 2215 2736 2284; x_wconf 75' lang='grc' dir='ltr'><strong>Μὴ</strong></span> <span class='ocrx_word' id='word_1_297' title='bbox 2783 2219 2898 2272; x_wconf 82' lang='grc' dir='ltr'>οὐκ</span> <span class='ocrx_word' id='word_1_298' title='bbox 2939 2218 3141 2286; x_wconf 82' lang='grc' dir='ltr'>ἰσχύει</span> <span class='ocrx_word' id='word_1_299' title='bbox 3190 2218 3229 2285; x_wconf 78' lang='grc' dir='ltr'><strong><em>ἡ</em></strong></span> <span class='ocrx_word' id='word_1_300' title='bbox 3263 2216 3390 2285; x_wconf 73' lang='grc' dir='ltr'>χεὶρ</span> <span class='ocrx_word' id='word_1_301' title='bbox 3420 2215 3649 2284; x_wconf 78' lang='grc' dir='ltr'>Κυρίου</span> 
     </span>
    </p>
   </div>
   <div class='ocr_carea' id='block_1_44' title="bbox 386 2300 1961 2378">
    <p class='ocr_par' dir='ltr' id='par_1_44' title="bbox 386 2300 1959 2373">
     <span class='ocr_line' id='line_1_44' title="bbox 386 2300 1959 2373; baseline 0.002 -19"><span class='ocrx_word' id='word_1_302' title='bbox 386 2300 606 2355; x_wconf 90' lang='lat' dir='ltr'><strong>ductam</strong></span> <span class='ocrx_word' id='word_1_303' title='bbox 663 2300 1073 2373; x_wconf 85' lang='lat' dir='ltr'><strong>putaverimus,</strong></span> <span class='ocrx_word' id='word_1_304' title='bbox 1131 2302 1227 2359; x_wconf 87' lang='lat' dir='ltr'><strong>sed</strong></span> <span class='ocrx_word' id='word_1_305' title='bbox 1283 2302 1460 2372; x_wconf 90' lang='lat' dir='ltr'><strong>potius</strong></span> <span class='ocrx_word' id='word_1_306' title='bbox 1513 2318 1542 2357; x_wconf 89' lang='lat' dir='ltr'><strong>a</strong></span> <span class='ocrx_word' id='word_1_307' title='bbox 1598 2302 1779 2368; x_wconf 90' lang='lat' dir='ltr'><strong>Luca,</strong></span> <span class='ocrx_word' id='word_1_308' title='bbox 1832 2305 1959 2358; x_wconf 86' lang='lat' dir='ltr'><strong>dum</strong></span> 
     </span>
    </p>
   </div>
   <div class='ocr_carea' id='block_1_45' title="bbox 2069 2300 3647 2378">
    <p class='ocr_par' dir='ltr' id='par_1_45' title="bbox 2069 2304 3647 2378">
     <span class='ocr_line' id='line_1_45' title="bbox 2069 2304 3647 2378; baseline 0.001 -19"><span class='ocrx_word' id='word_1_309' title='bbox 2069 2305 2171 2360; x_wconf 86' lang='grc' dir='ltr'>τοῦ</span> <span class='ocrx_word' id='word_1_310' title='bbox 2199 2305 2415 2371; x_wconf 82' lang='grc' dir='ltr'>σῶσαι,</span> <span class='ocrx_word' id='word_1_311' title='bbox 2443 2307 2481 2376; x_wconf 81' lang='grc' dir='ltr'><strong><em>ἣ</em></strong></span> <span class='ocrx_word' id='word_1_312' title='bbox 2505 2306 2754 2376; x_wconf 80' lang='grc' dir='ltr'>ἐϐάρυνε</span> <span class='ocrx_word' id='word_1_313' title='bbox 2782 2312 2846 2363; x_wconf 81' lang='grc' dir='ltr'>τὸ</span> <span class='ocrx_word' id='word_1_314' title='bbox 2874 2306 2984 2376; x_wconf 77' lang='grc' dir='ltr'>οὖς</span> <span class='ocrx_word' id='word_1_315' title='bbox 3011 2304 3198 2364; x_wconf 82' lang='grc' dir='ltr'>αὐτοῦ</span> <span class='ocrx_word' id='word_1_316' title='bbox 3228 2308 3334 2363; x_wconf 85' lang='grc' dir='ltr'>τοῦ</span> <span class='ocrx_word' id='word_1_317' title='bbox 3361 2307 3441 2378; x_wconf 79' lang='grc' dir='ltr'>μὴ</span> <span class='ocrx_word' id='word_1_318' title='bbox 3465 2307 3647 2371; x_wconf 77' lang='grc' dir='ltr'>ἀκοῦ-</span> 
     </span>
    </p>
   </div>
   <div class='ocr_carea' id='block_1_46' title="bbox 386 2391 1961 2473">
    <p class='ocr_par' dir='ltr' id='par_1_46' title="bbox 386 2391 1960 2464">
     <span class='ocr_line' id='line_1_46' title="bbox 386 2391 1960 2464; baseline 0.003 -19"><span class='ocrx_word' id='word_1_319' title='bbox 386 2391 671 2447; x_wconf 82' lang='lat' dir='ltr'><strong>dissidium</strong></span> <span class='ocrx_word' id='word_1_320' title='bbox 705 2392 1212 2464; x_wconf 80' lang='lat' dir='ltr'><strong>sejunctionemque</strong></span> <span class='ocrx_word' id='word_1_321' title='bbox 1243 2407 1431 2449; x_wconf 89' lang='lat' dir='ltr'><strong>eorum</strong></span> <span class='ocrx_word' id='word_1_322' title='bbox 1479 2393 1801 2449; x_wconf 87' lang='lat' dir='ltr'><strong>adumbrare</strong></span> <span class='ocrx_word' id='word_1_323' title='bbox 1842 2402 1960 2449; x_wconf 87' lang='lat' dir='ltr'><strong>stu-</strong></span> 
     </span>
    </p>
   </div>
   <div class='ocr_carea' id='block_1_47' title="bbox 2069 2391 3653 2473">
    <p class='ocr_par' dir='ltr' id='par_1_47' title="bbox 2073 2399 3653 2473">
     <span class='ocr_line' id='line_1_47' title="bbox 2073 2399 3653 2473; baseline 0 -21"><span class='ocrx_word' id='word_1_324' title='bbox 2073 2413 2209 2464; x_wconf 76' lang='lat' dir='ltr'><strong>a’at;</strong></span> <span class='ocrx_word' id='word_1_325' title='bbox 2243 2399 2430 2454; x_wconf 76' lang='grc' dir='ltr'><strong>Ἀλλὰ</strong></span> <span class='ocrx_word' id='word_1_326' title='bbox 2449 2400 2521 2454; x_wconf 84' lang='grc' dir='ltr'>τὰ</span> <span class='ocrx_word' id='word_1_327' title='bbox 2546 2400 2933 2472; x_wconf 78' lang='grc' dir='ltr'>ἁμαρτήματα</span> <span class='ocrx_word' id='word_1_328' title='bbox 2964 2401 3133 2473; x_wconf 76' lang='grc' dir='ltr'>ἡμῶν</span> <span class='ocrx_word' id='word_1_329' title='bbox 3172 2401 3484 2456; x_wconf 82' lang='grc' dir='ltr'>διιστῶσιν</span> <span class='ocrx_word' id='word_1_330' title='bbox 3528 2399 3653 2453; x_wconf 76' lang='grc' dir='ltr'><strong>ἀνὰ</strong></span> 
     </span>
    </p>
   </div>
   <div class='ocr_carea' id='block_1_48' title="bbox 385 2480 1961 2555">
    <p class='ocr_par' dir='ltr' id='par_1_48' title="bbox 385 2480 1961 2555">
     <span class='ocr_line' id='line_1_48' title="bbox 385 2480 1961 2555; baseline 0.004 -20"><span class='ocrx_word' id='word_1_331' title='bbox 385 2480 509 2549; x_wconf 87' lang='lat' dir='ltr'><strong>det,</strong></span> <span class='ocrx_word' id='word_1_332' title='bbox 558 2481 648 2552; x_wconf 89' lang='lat' dir='ltr'><strong>qui</strong></span> <span class='ocrx_word' id='word_1_333' title='bbox 706 2498 803 2553; x_wconf 90' lang='lat' dir='ltr'><strong>per</strong></span> <span class='ocrx_word' id='word_1_334' title='bbox 850 2483 1143 2552; x_wconf 81' lang='lat' dir='ltr'><strong>virtutem,</strong></span> <span class='ocrx_word' id='word_1_335' title='bbox 1192 2484 1398 2555; x_wconf 88' lang='lat' dir='ltr'><strong>quique</strong></span> <span class='ocrx_word' id='word_1_336' title='bbox 1444 2499 1602 2539; x_wconf 90' lang='lat' dir='ltr'><strong>secus</strong></span> <span class='ocrx_word' id='word_1_337' title='bbox 1651 2484 1813 2540; x_wconf 85' lang='lat' dir='ltr'><strong>vitam</strong></span> <span class='ocrx_word' id='word_1_338' title='bbox 1866 2501 1961 2541; x_wconf 86' lang='lat' dir='ltr'><strong>co-</strong></span> 
     </span>
    </p>
   </div>
   <div class='ocr_carea' id='block_1_49' title="bbox 2064 2490 2601 2562">
    <p class='ocr_par' dir='ltr' id='par_1_49' title="bbox 2064 2490 2601 2562">
     <span class='ocr_line' id='line_1_49' title="bbox 2064 2490 2601 2562; baseline 0.002 -16"><span class='ocrx_word' id='word_1_339' title='bbox 2064 2490 2262 2562; x_wconf 77' lang='grc' dir='ltr'>μέσον</span> <span class='ocrx_word' id='word_1_340' title='bbox 2286 2493 2393 2548; x_wconf 84' lang='grc' dir='ltr'>τοῦ</span> <span class='ocrx_word' id='word_1_341' title='bbox 2430 2493 2601 2549; x_wconf 86' lang='grc' dir='ltr'>Θεοῦ.</span> 
     </span>
    </p>
   </div>
   <div class='ocr_carea' id='block_1_50' title="bbox 386 2573 3650 2657">
    <p class='ocr_par' dir='ltr' id='par_1_50' title="bbox 386 2573 3650 2657">
     <span class='ocr_line' id='line_1_50' title="bbox 386 2573 3650 2657; baseline 0.003 -28"><span class='ocrx_word' id='word_1_342' title='bbox 386 2573 607 2630; x_wconf 88' lang='lat' dir='ltr'><strong>luerunt</strong></span> <span class='ocrx_word' id='word_1_343' title='bbox 630 2614 647 2640; x_wconf 87' lang='lat'><strong>,</strong></span> <span class='ocrx_word' id='word_1_344' title='bbox 684 2575 890 2632; x_wconf 89' lang='lat' dir='ltr'><strong>hancce</strong></span> <span class='ocrx_word' id='word_1_345' title='bbox 920 2577 1100 2633; x_wconf 88' lang='lat' dir='ltr'><strong>hiatus</strong></span> <span class='ocrx_word' id='word_1_346' title='bbox 1131 2577 1535 2633; x_wconf 89' lang='lat' dir='ltr'><strong>similitudinem</strong></span> <span class='ocrx_word' id='word_1_347' title='bbox 1581 2578 1913 2648; x_wconf 79' lang='lat' dir='ltr'><strong>prapositam</strong></span> <span class='ocrx_word' id='word_1_348' title='bbox 1950 2596 2070 2639; x_wconf 91' lang='lat' dir='ltr'><strong>esse</strong></span> <span class='ocrx_word' id='word_1_349' title='bbox 2101 2597 2263 2655; x_wconf 90' lang='lat' dir='ltr'><strong>atque</strong></span> <span class='ocrx_word' id='word_1_350' title='bbox 2296 2587 2605 2657; x_wconf 83' lang='lat' dir='ltr'><strong>imaginem.</strong></span> <span class='ocrx_word' id='word_1_351' title='bbox 2642 2586 2738 2643; x_wconf 86' lang='lat' dir='ltr'><strong>Cui</strong></span> <span class='ocrx_word' id='word_1_352' title='bbox 2783 2598 2970 2643; x_wconf 88' lang='lat' dir='ltr'><strong>nostro</strong></span> <span class='ocrx_word' id='word_1_353' title='bbox 2999 2587 3178 2643; x_wconf 87' lang='lat' dir='ltr'><strong>sensui</strong></span> <span class='ocrx_word' id='word_1_354' title='bbox 3209 2626 3223 2653; x_wconf 91' lang='lat'><strong>,</strong></span> <span class='ocrx_word' id='word_1_355' title='bbox 3263 2587 3473 2643; x_wconf 87' lang='lat' dir='ltr'><strong>abunde</strong></span> <span class='ocrx_word' id='word_1_356' title='bbox 3512 2583 3650 2641; x_wconf 87' lang='lat' dir='ltr'><strong>asti-</strong></span> 
     </span>
    </p>
   </div>
   <div class='ocr_carea' id='block_1_51' title="bbox 390 2666 3648 2751">
    <p class='ocr_par' dir='ltr' id='par_1_51' title="bbox 390 2666 3648 2751">
     <span class='ocr_line' id='line_1_51' title="bbox 390 2666 3648 2751; baseline 0.003 -30"><span class='ocrx_word' id='word_1_357' title='bbox 390 2668 602 2738; x_wconf 77' lang='lat' dir='ltr'><strong>pulatur</strong></span> <span class='ocrx_word' id='word_1_358' title='bbox 636 2666 803 2723; x_wconf 83' lang='lat' dir='ltr'><strong>Isaias</strong></span> <span class='ocrx_word' id='word_1_359' title='bbox 841 2668 1074 2726; x_wconf 89' lang='lat' dir='ltr'><strong>dicens:</strong></span> <span class='ocrx_word' id='word_1_360' title='bbox 1119 2669 1379 2741; x_wconf 77' lang='lat' dir='ltr'><strong>Nunquid</strong></span> <span class='ocrx_word' id='word_1_361' title='bbox 1413 2685 1517 2723; x_wconf 83' lang='lat' dir='ltr'><strong>non</strong></span> <span class='ocrx_word' id='word_1_362' title='bbox 1551 2669 1686 2724; x_wconf 82' lang='lat' dir='ltr'><strong>valet</strong></span> <span class='ocrx_word' id='word_1_363' title='bbox 1746 2688 1933 2726; x_wconf 79' lang='lat' dir='ltr'><strong>manus</strong></span> <span class='ocrx_word' id='word_1_364' title='bbox 1966 2672 2181 2731; x_wconf 78' lang='lat' dir='ltr'><strong>Domini</strong></span> <span class='ocrx_word' id='word_1_365' title='bbox 2235 2678 2403 2734; x_wconf 74' lang='lat' dir='ltr'><strong>salve:</strong></span> <span class='ocrx_word' id='word_1_366' title='bbox 2459 2678 2681 2747; x_wconf 77' lang='lat' dir='ltr'><strong>facere?</strong></span> <span class='ocrx_word' id='word_1_367' title='bbox 2728 2680 2804 2735; x_wconf 74' lang='lat' dir='ltr'><strong>uel</strong></span> <span class='ocrx_word' id='word_1_368' title='bbox 2858 2681 3093 2751; x_wconf 80' lang='lat' dir='ltr'><strong>gravavit</strong></span> <span class='ocrx_word' id='word_1_369' title='bbox 3151 2694 3333 2733; x_wconf 81' lang='lat' dir='ltr'><strong>aurem</strong></span> <span class='ocrx_word' id='word_1_370' title='bbox 3382 2694 3533 2731; x_wconf 75' lang='lat' dir='ltr'><strong>suam</strong></span> <span class='ocrx_word' id='word_1_371' title='bbox 3593 2693 3648 2737; x_wconf 76' lang='lat' dir='ltr'><strong>tu</strong></span> 
     </span>
    </p>
   </div>
   <div class='ocr_carea' id='block_1_52' title="bbox 390 2760 2484 2836">
    <p class='ocr_par' dir='ltr' id='par_1_52' title="bbox 390 2760 2484 2836">
     <span class='ocr_line' id='line_1_52' title="bbox 390 2760 2484 2836; baseline 0.005 -19"><span class='ocrx_word' id='word_1_372' title='bbox 390 2777 495 2817; x_wconf 77' lang='lat' dir='ltr'><strong>non</strong></span> <span class='ocrx_word' id='word_1_373' title='bbox 534 2761 716 2815; x_wconf 79' lang='lat' dir='ltr'><strong>audiat</strong></span> <span class='ocrx_word' id='word_1_374' title='bbox 743 2761 770 2816; x_wconf 82' lang='lat'><strong>.’</strong></span> <span class='ocrx_word' id='word_1_375' title='bbox 810 2760 996 2819; x_wconf 76' lang='lat' dir='ltr'><strong>Verum</strong></span> <span class='ocrx_word' id='word_1_376' title='bbox 1036 2773 1250 2836; x_wconf 81' lang='lat' dir='ltr'><strong>peccata</strong></span> <span class='ocrx_word' id='word_1_377' title='bbox 1295 2772 1465 2819; x_wconf 68' lang='lat' dir='ltr'><strong>vestra</strong></span> <span class='ocrx_word' id='word_1_378' title='bbox 1513 2762 1750 2819; x_wconf 83' lang='lat' dir='ltr'><strong>dividunt</strong></span> <span class='ocrx_word' id='word_1_379' title='bbox 1795 2763 1928 2819; x_wconf 79' lang='lat' dir='ltr'><strong>inter</strong></span> <span class='ocrx_word' id='word_1_380' title='bbox 1977 2784 2064 2822; x_wconf 75' lang='lat' dir='ltr'><strong>vos</strong></span> <span class='ocrx_word' id='word_1_381' title='bbox 2108 2779 2156 2824; x_wconf 83' lang='lat' dir='ltr'><strong>et</strong></span> <span class='ocrx_word' id='word_1_382' title='bbox 2208 2771 2370 2825; x_wconf 79' lang='lat' dir='ltr'><strong>Deum</strong></span> <span class='ocrx_word' id='word_1_383' title='bbox 2420 2770 2484 2826; x_wconf 84' lang='lat'><strong>“.</strong></span> 
     </span>
    </p>
   </div>
   <div class='ocr_carea' id='block_1_53' title="bbox 1138 2858 1207 2913">
    <p class='ocr_par' dir='ltr' id='par_1_53' title="bbox 1138 2858 1207 2913">
     <span class='ocr_line' id='line_1_53' title="bbox 1138 2858 1207 2913; baseline -0.029 0"><span class='ocrx_word' id='word_1_384' title='bbox 1138 2858 1207 2913; x_wconf 84' lang='lat' dir='ltr'><strong>ll.</strong></span> 
     </span>
    </p>
   </div>
   <div class='ocr_carea' id='block_1_54' title="bbox 387 2946 1967 3020">
    <p class='ocr_par' dir='ltr' id='par_1_54' title="bbox 387 2946 1967 3020">
     <span class='ocr_line' id='line_1_54' title="bbox 387 2946 1967 3020; baseline 0 -15"><span class='ocrx_word' id='word_1_385' title='bbox 387 2946 626 3005; x_wconf 76' lang='lat' dir='ltr'><strong>Humilia</strong></span> <span class='ocrx_word' id='word_1_386' title='bbox 677 2951 734 3006; x_wconf 81' lang='lat' dir='ltr'><strong>in</strong></span> <span class='ocrx_word' id='word_1_387' title='bbox 775 2951 948 3006; x_wconf 87' lang='lat' dir='ltr'><strong>locum</strong></span> <span class='ocrx_word' id='word_1_388' title='bbox 986 2949 1263 3020; x_wconf 76' lang='lat' dir='ltr'><strong>Evangelii</strong></span> <span class='ocrx_word' id='word_1_389' title='bbox 1300 2948 1589 3004; x_wconf 74' lang='lat' dir='ltr'><strong>secundum</strong></span> <span class='ocrx_word' id='word_1_390' title='bbox 1624 2946 1858 3010; x_wconf 84' lang='lat' dir='ltr'><strong>Lucam.</strong></span> <span class='ocrx_word' id='word_1_391' title='bbox 1901 2951 1967 3006; x_wconf 82' lang='lat' dir='ltr'><strong>de</strong></span> 
     </span>
    </p>
   </div>
   <div class='ocr_carea' id='block_1_55' title="bbox 823 3021 1514 3092">
    <p class='ocr_par' dir='ltr' id='par_1_55' title="bbox 823 3021 1514 3092">
     <span class='ocr_line' id='line_1_55' title="bbox 823 3021 1514 3092; baseline -0.001 -17"><span class='ocrx_word' id='word_1_392' title='bbox 823 3037 1086 3077; x_wconf 73' lang='lat' dir='ltr'><strong>mcenomo</strong></span> <span class='ocrx_word' id='word_1_393' title='bbox 1117 3021 1408 3092; x_wconf 74' lang='lat' dir='ltr'><strong>iniquitatis</strong></span> <span class='ocrx_word' id='word_1_394' title='bbox 1448 3021 1514 3074; x_wconf 81' lang='grc'>¹².</span> 
     </span>
    </p>
   </div>
   <div class='ocr_carea' id='block_1_56' title="bbox 460 3109 1958 3184">
    <p class='ocr_par' dir='ltr' id='par_1_56' title="bbox 460 3109 1958 3184">
     <span class='ocr_line' id='line_1_56' title="bbox 460 3109 1958 3184; baseline 0.002 -18"><span class='ocrx_word' id='word_1_395' title='bbox 460 3109 677 3167; x_wconf 77' lang='lat' dir='ltr'><strong>Memini</strong></span> <span class='ocrx_word' id='word_1_396' title='bbox 724 3127 1095 3184; x_wconf 66' lang='lat' dir='ltr'><strong>saepenumero</strong></span> <span class='ocrx_word' id='word_1_397' title='bbox 1127 3115 1270 3170; x_wconf 87' lang='lat' dir='ltr'><strong>inter</strong></span> <span class='ocrx_word' id='word_1_398' title='bbox 1319 3113 1674 3170; x_wconf 81' lang='lat' dir='ltr'><strong>fabulandum</strong></span> <span class='ocrx_word' id='word_1_399' title='bbox 1720 3112 1958 3179; x_wconf 78' lang='lat' dir='ltr'><strong>dixisse,</strong></span> 
     </span>
    </p>
   </div>
   <div class='ocr_carea' id='block_1_57' title="bbox 391 3202 1967 3276">
    <p class='ocr_par' dir='ltr' id='par_1_57' title="bbox 391 3202 1967 3276">
     <span class='ocr_line' id='line_1_57' title="bbox 391 3202 1967 3276; baseline -0.003 -15"><span class='ocrx_word' id='word_1_400' title='bbox 391 3202 517 3261; x_wconf 74' lang='lat' dir='ltr'><strong>ﬁcta</strong></span> <span class='ocrx_word' id='word_1_401' title='bbox 550 3204 782 3276; x_wconf 87' lang='lat' dir='ltr'><strong>quadam</strong></span> <span class='ocrx_word' id='word_1_402' title='bbox 817 3205 1058 3276; x_wconf 79' lang='lat' dir='ltr'><strong>falsaque</strong></span> <span class='ocrx_word' id='word_1_403' title='bbox 1103 3206 1390 3261; x_wconf 83' lang='lat' dir='ltr'><strong>invadente</strong></span> <span class='ocrx_word' id='word_1_404' title='bbox 1436 3206 1492 3261; x_wconf 91' lang='lat' dir='ltr'><strong>in</strong></span> <span class='ocrx_word' id='word_1_405' title='bbox 1539 3216 1746 3262; x_wconf 89' lang='lat' dir='ltr'><strong>mentes</strong></span> <span class='ocrx_word' id='word_1_406' title='bbox 1792 3204 1967 3260; x_wconf 87' lang='lat' dir='ltr'><strong>homi-</strong></span> 
     </span>
    </p>
   </div>
   <div class='ocr_carea' id='block_1_58' title="bbox 392 3298 1965 3370">
    <p class='ocr_par' dir='ltr' id='par_1_58' title="bbox 392 3298 1965 3370">
     <span class='ocr_line' id='line_1_58' title="bbox 392 3298 1965 3370; baseline -0.001 -18"><span class='ocrx_word' id='word_1_407' title='bbox 392 3312 521 3352; x_wconf 89' lang='lat' dir='ltr'><strong>num</strong></span> <span class='ocrx_word' id='word_1_408' title='bbox 573 3298 938 3370; x_wconf 85' lang='lat' dir='ltr'><strong>cogitatione,</strong></span> <span class='ocrx_word' id='word_1_409' title='bbox 989 3308 1101 3355; x_wconf 92' lang='lat' dir='ltr'><strong>tum</strong></span> <span class='ocrx_word' id='word_1_410' title='bbox 1150 3298 1492 3369; x_wconf 89' lang='lat' dir='ltr'><strong>multiplicari</strong></span> <span class='ocrx_word' id='word_1_411' title='bbox 1539 3308 1797 3369; x_wconf 82' lang='lat' dir='ltr'><strong>peccata,</strong></span> <span class='ocrx_word' id='word_1_412' title='bbox 1852 3307 1965 3352; x_wconf 92' lang='lat' dir='ltr'><strong>tum</strong></span> 
     </span>
    </p>
   </div>
   <div class='ocr_carea' id='block_1_59' title="bbox 390 3387 1962 3461">
    <p class='ocr_par' dir='ltr' id='par_1_59' title="bbox 390 3387 1962 3461">
     <span class='ocr_line' id='line_1_59' title="bbox 390 3387 1962 3461; baseline 0 -17"><span class='ocrx_word' id='word_1_413' title='bbox 390 3387 533 3444; x_wconf 82' lang='lat' dir='ltr'><strong>bona</strong></span> <span class='ocrx_word' id='word_1_414' title='bbox 589 3404 791 3459; x_wconf 86' lang='lat' dir='ltr'><strong>opera,</strong></span> <span class='ocrx_word' id='word_1_415' title='bbox 842 3405 965 3460; x_wconf 68' lang='lat' dir='ltr'><strong>qua:</strong></span> <span class='ocrx_word' id='word_1_416' title='bbox 1018 3404 1117 3460; x_wconf 90' lang='lat' dir='ltr'><strong>pro</strong></span> <span class='ocrx_word' id='word_1_417' title='bbox 1169 3391 1253 3445; x_wconf 88' lang='lat' dir='ltr'><strong>sui</strong></span> <span class='ocrx_word' id='word_1_418' title='bbox 1306 3391 1541 3461; x_wconf 90' lang='lat' dir='ltr'><strong>quisque</strong></span> <span class='ocrx_word' id='word_1_419' title='bbox 1583 3389 1821 3445; x_wconf 86' lang='lat' dir='ltr'><strong>instituti</strong></span> <span class='ocrx_word' id='word_1_420' title='bbox 1872 3405 1962 3444; x_wconf 86' lang='lat' dir='ltr'><strong>ra—</strong></span> 
     </span>
    </p>
   </div>
   <div class='ocr_carea' id='block_1_60' title="bbox 392 3479 1965 3548">
    <p class='ocr_par' dir='ltr' id='par_1_60' title="bbox 392 3479 1965 3548">
     <span class='ocr_line' id='line_1_60' title="bbox 392 3479 1965 3548; baseline 0.001 -15"><span class='ocrx_word' id='word_1_421' title='bbox 392 3479 539 3535; x_wconf 74' lang='lat' dir='ltr'><strong>tione</strong></span> <span class='ocrx_word' id='word_1_422' title='bbox 580 3494 836 3537; x_wconf 80' lang='lat' dir='ltr'><strong>exercere</strong></span> <span class='ocrx_word' id='word_1_423' title='bbox 877 3481 1070 3547; x_wconf 88' lang='lat' dir='ltr'><strong>debet,</strong></span> <span class='ocrx_word' id='word_1_424' title='bbox 1119 3479 1381 3537; x_wconf 87' lang='lat' dir='ltr'><strong>retardari</strong></span> <span class='ocrx_word' id='word_1_425' title='bbox 1419 3500 1434 3537; x_wconf 90' lang='lat'><strong>:</strong></span> <span class='ocrx_word' id='word_1_426' title='bbox 1476 3481 1625 3536; x_wconf 88' lang='lat' dir='ltr'><strong>illam</strong></span> <span class='ocrx_word' id='word_1_427' title='bbox 1671 3481 1965 3548; x_wconf 84' lang='lat' dir='ltr'><strong>nimirum,</strong></span> 
     </span>
    </p>
   </div>
   <div class='ocr_carea' id='block_1_61' title="bbox 392 3572 1957 3643">
    <p class='ocr_par' dir='ltr' id='par_1_61' title="bbox 392 3572 1957 3643">
     <span class='ocr_line' id='line_1_61' title="bbox 392 3572 1957 3643; baseline 0.001 -19"><span class='ocrx_word' id='word_1_428' title='bbox 392 3586 501 3638; x_wconf 75' lang='lat' dir='ltr'><strong>qua</strong></span> <span class='ocrx_word' id='word_1_429' title='bbox 559 3573 841 3637; x_wconf 83' lang='lat' dir='ltr'><strong>universa,</strong></span> <span class='ocrx_word' id='word_1_430' title='bbox 892 3572 938 3626; x_wconf 90' lang='lat' dir='ltr'><strong>si</strong></span> <span class='ocrx_word' id='word_1_431' title='bbox 996 3587 1104 3643; x_wconf 90' lang='lat' dir='ltr'><strong>qua</strong></span> <span class='ocrx_word' id='word_1_432' title='bbox 1147 3572 1203 3627; x_wconf 93' lang='lat' dir='ltr'><strong>in</strong></span> <span class='ocrx_word' id='word_1_433' title='bbox 1255 3572 1378 3628; x_wconf 73' lang='lat' dir='ltr'><strong>vita:</strong></span> <span class='ocrx_word' id='word_1_434' title='bbox 1435 3588 1592 3627; x_wconf 85' lang='lat' dir='ltr'><strong>usum</strong></span> <span class='ocrx_word' id='word_1_435' title='bbox 1658 3573 1957 3634; x_wconf 89' lang='lat' dir='ltr'><strong>habemus.</strong></span> 
     </span>
    </p>
   </div>
   <div class='ocr_carea' id='block_1_62' title="bbox 393 3663 1966 3735">
    <p class='ocr_par' dir='ltr' id='par_1_62' title="bbox 393 3663 1966 3735">
     <span class='ocr_line' id='line_1_62' title="bbox 393 3663 1966 3735; baseline 0.002 -18"><span class='ocrx_word' id='word_1_436' title='bbox 393 3672 582 3718; x_wconf 77' lang='lat' dir='ltr'><strong>nostro</strong></span> <span class='ocrx_word' id='word_1_437' title='bbox 639 3678 736 3719; x_wconf 88' lang='lat' dir='ltr'><strong>nos</strong></span> <span class='ocrx_word' id='word_1_438' title='bbox 785 3663 909 3733; x_wconf 83' lang='lat' dir='ltr'><strong>jure</strong></span> <span class='ocrx_word' id='word_1_439' title='bbox 965 3679 1030 3720; x_wconf 90' lang='lat' dir='ltr'><strong>ac</strong></span> <span class='ocrx_word' id='word_1_440' title='bbox 1079 3674 1333 3735; x_wconf 84' lang='lat' dir='ltr'><strong>tanquam</strong></span> <span class='ocrx_word' id='word_1_441' title='bbox 1388 3664 1637 3720; x_wconf 90' lang='lat' dir='ltr'><strong>dominos</strong></span> <span class='ocrx_word' id='word_1_442' title='bbox 1685 3664 1966 3734; x_wconf 87' lang='lat' dir='ltr'><strong>possidere</strong></span> 
     </span>
    </p>
   </div>
   <div class='ocr_carea' id='block_1_63' title="bbox 392 3753 1965 3825">
    <p class='ocr_par' dir='ltr' id='par_1_63' title="bbox 392 3753 1965 3825">
     <span class='ocr_line' id='line_1_63' title="bbox 392 3753 1965 3825; baseline 0.001 -19"><span class='ocrx_word' id='word_1_443' title='bbox 392 3761 668 3823; x_wconf 87' lang='lat' dir='ltr'><strong>putamus.</strong></span> <span class='ocrx_word' id='word_1_444' title='bbox 720 3753 795 3808; x_wconf 83' lang='lat' dir='ltr'><strong>Ea</strong></span> <span class='ocrx_word' id='word_1_445' title='bbox 850 3754 1233 3825; x_wconf 87' lang='lat' dir='ltr'><strong>persuasione,</strong></span> <span class='ocrx_word' id='word_1_446' title='bbox 1289 3769 1485 3825; x_wconf 84' lang='lat' dir='ltr'><strong>magna</strong></span> <span class='ocrx_word' id='word_1_447' title='bbox 1529 3769 1627 3824; x_wconf 90' lang='lat' dir='ltr'><strong>pro</strong></span> <span class='ocrx_word' id='word_1_448' title='bbox 1679 3754 1788 3810; x_wconf 91' lang='lat' dir='ltr'><strong>illis</strong></span> <span class='ocrx_word' id='word_1_449' title='bbox 1835 3769 1965 3809; x_wconf 89' lang='lat' dir='ltr'><strong>con-</strong></span> 
     </span>
    </p>
   </div>
   <div class='ocr_carea' id='block_1_64' title="bbox 394 3843 1967 3919">
    <p class='ocr_par' dir='ltr' id='par_1_64' title="bbox 394 3843 1967 3919">
     <span class='ocr_line' id='line_1_64' title="bbox 394 3843 1967 3919; baseline 0.003 -21"><span class='ocrx_word' id='word_1_450' title='bbox 394 3843 636 3899; x_wconf 89' lang='lat' dir='ltr'><strong>tentione</strong></span> <span class='ocrx_word' id='word_1_451' title='bbox 685 3843 992 3914; x_wconf 81' lang='lat' dir='ltr'><strong>litigamus,</strong></span> <span class='ocrx_word' id='word_1_452' title='bbox 1047 3861 1385 3919; x_wconf 85' lang='lat' dir='ltr'><strong>pugnamus,</strong></span> <span class='ocrx_word' id='word_1_453' title='bbox 1439 3845 1842 3918; x_wconf 85' lang='lat' dir='ltr'><strong>digladiamur;</strong></span> <span class='ocrx_word' id='word_1_454' title='bbox 1903 3862 1967 3902; x_wconf 89' lang='lat' dir='ltr'><strong>ac</strong></span> 
     </span>
    </p>
   </div>
   <div class='ocr_carea' id='block_1_65' title="bbox 394 3935 1967 4009">
    <p class='ocr_par' dir='ltr' id='par_1_65' title="bbox 394 3935 1967 4009">
     <span class='ocr_line' id='line_1_65' title="bbox 394 3935 1967 4009; baseline 0.004 -22"><span class='ocrx_word' id='word_1_455' title='bbox 394 3950 491 3990; x_wconf 87' lang='lat' dir='ltr'><strong>ceu</strong></span> <span class='ocrx_word' id='word_1_456' title='bbox 536 3935 806 4006; x_wconf 66' lang='lat' dir='ltr'><strong>prtecipua</strong></span> <span class='ocrx_word' id='word_1_457' title='bbox 848 3936 1092 4006; x_wconf 65' lang='lat' dir='ltr'><strong>quaedam</strong></span> <span class='ocrx_word' id='word_1_458' title='bbox 1140 3953 1206 3993; x_wconf 89' lang='lat' dir='ltr'><strong>ac</strong></span> <span class='ocrx_word' id='word_1_459' title='bbox 1257 3938 1492 4009; x_wconf 90' lang='lat' dir='ltr'><strong>seposita</strong></span> <span class='ocrx_word' id='word_1_460' title='bbox 1537 3939 1712 4004; x_wconf 88' lang='lat' dir='ltr'><strong>bona,</strong></span> <span class='ocrx_word' id='word_1_461' title='bbox 1744 3952 1807 3992; x_wconf 90' lang='lat' dir='ltr'><strong>ea</strong></span> <span class='ocrx_word' id='word_1_462' title='bbox 1852 3955 1967 3993; x_wconf 83' lang='lat' dir='ltr'><strong>ma-</strong></span> 
     </span>
    </p>
   </div>
   <div class='ocr_carea' id='block_1_66' title="bbox 399 4027 1962 4096">
    <p class='ocr_par' dir='ltr' id='par_1_66' title="bbox 399 4027 1962 4096">
     <span class='ocr_line' id='line_1_66' title="bbox 399 4027 1962 4096; baseline 0.001 -15"><span class='ocrx_word' id='word_1_463' title='bbox 399 4029 546 4082; x_wconf 76' lang='lat' dir='ltr'><strong>xime</strong></span> <span class='ocrx_word' id='word_1_464' title='bbox 604 4042 855 4085; x_wconf 87' lang='lat' dir='ltr'><strong>amamus</strong></span> <span class='ocrx_word' id='word_1_465' title='bbox 928 4044 993 4084; x_wconf 87' lang='lat' dir='ltr'><strong>ac</strong></span> <span class='ocrx_word' id='word_1_466' title='bbox 1048 4028 1401 4084; x_wconf 73' lang='lat' dir='ltr'><strong>mstimamus.</strong></span> <span class='ocrx_word' id='word_1_467' title='bbox 1462 4027 1612 4083; x_wconf 78' lang='lat' dir='ltr'><strong>Haud</strong></span> <span class='ocrx_word' id='word_1_468' title='bbox 1666 4044 1795 4084; x_wconf 88' lang='lat' dir='ltr'><strong>vero</strong></span> <span class='ocrx_word' id='word_1_469' title='bbox 1844 4028 1962 4096; x_wconf 89' lang='lat' dir='ltr'><strong>ita,</strong></span> 
     </span>
    </p>
   </div>
   <div class='ocr_carea' id='block_1_67' title="bbox 391 4119 1963 4192">
    <p class='ocr_par' dir='ltr' id='par_1_67' title="bbox 391 4119 1963 4192">
     <span class='ocr_line' id='line_1_67' title="bbox 391 4119 1963 4192; baseline 0.001 -19"><span class='ocrx_word' id='word_1_470' title='bbox 391 4122 521 4190; x_wconf 81' lang='lat' dir='ltr'><strong>quin</strong></span> <span class='ocrx_word' id='word_1_471' title='bbox 556 4119 714 4190; x_wconf 78' lang='lat' dir='ltr'><strong>longe</strong></span> <span class='ocrx_word' id='word_1_472' title='bbox 744 4135 902 4176; x_wconf 85' lang='lat' dir='ltr'><strong>secus</strong></span> <span class='ocrx_word' id='word_1_473' title='bbox 940 4136 1000 4177; x_wconf 89' lang='lat' dir='ltr'><strong>se</strong></span> <span class='ocrx_word' id='word_1_474' title='bbox 1044 4135 1132 4176; x_wconf 86' lang='lat' dir='ltr'><strong>res</strong></span> <span class='ocrx_word' id='word_1_475' title='bbox 1181 4121 1362 4177; x_wconf 88' lang='lat' dir='ltr'><strong>habet.</strong></span> <span class='ocrx_word' id='word_1_476' title='bbox 1415 4119 1560 4176; x_wconf 85' lang='lat' dir='ltr'><strong>Nihil</strong></span> <span class='ocrx_word' id='word_1_477' title='bbox 1610 4121 1757 4176; x_wconf 86' lang='lat' dir='ltr'><strong>enim</strong></span> <span class='ocrx_word' id='word_1_478' title='bbox 1808 4123 1963 4192; x_wconf 81' lang='lat' dir='ltr'><strong>quid-</strong></span> 
     </span>
    </p>
   </div>
   <div class='ocr_carea' id='block_1_68' title="bbox 2810 2865 2886 2919">
    <p class='ocr_par' dir='ltr' id='par_1_68' title="bbox 2810 2865 2886 2919">
     <span class='ocr_line' id='line_1_68' title="bbox 2810 2865 2886 2919; baseline 0.026 -2"><span class='ocrx_word' id='word_1_479' title='bbox 2810 2865 2886 2919; x_wconf 89' lang='lat' dir='ltr'><strong>B’.</strong></span> 
     </span>
    </p>
   </div>
   <div class='ocr_carea' id='block_1_69' title="bbox 2083 2924 3653 3029">
    <p class='ocr_par' dir='ltr' id='par_1_69' title="bbox 2083 2924 3653 3029">
     <span class='ocr_line' id='line_1_69' title="bbox 2083 2924 3653 3029; baseline -0.003 -19"><span class='ocrx_word' id='word_1_480' title='bbox 2083 2957 2314 3029; x_wconf 77' lang='grc' dir='ltr'>Ὀμιλία</span> <span class='ocrx_word' id='word_1_481' title='bbox 2355 2958 2425 3014; x_wconf 75' lang='grc' dir='ltr'><strong>ἐκ</strong></span> <span class='ocrx_word' id='word_1_482' title='bbox 2470 2959 2580 3015; x_wconf 75' lang='grc' dir='ltr'>τοῦ</span> <span class='ocrx_word' id='word_1_483' title='bbox 2652 2924 2806 3013; x_wconf 63' lang='lat' dir='ltr'><strong>scatit</strong></span> <span class='ocrx_word' id='word_1_484' title='bbox 2838 2953 3094 3029; x_wconf 48' lang='lat' dir='ltr'><strong>Actiacas:</strong></span> <span class='ocrx_word' id='word_1_485' title='bbox 3122 2952 3520 3029; x_wconf 54' lang='lat' dir='ltr'><strong>Etiam-c.1100,</strong></span> <span class='ocrx_word' id='word_1_486' title='bbox 3560 2953 3653 3019; x_wconf 79' lang='grc' dir='ltr'><strong>εἰς</strong></span> 
     </span>
    </p>
   </div>
   <div class='ocr_carea' id='block_1_70' title="bbox 2388 3025 3279 3099">
    <p class='ocr_par' dir='ltr' id='par_1_70' title="bbox 2388 3025 3279 3099">
     <span class='ocr_line' id='line_1_70' title="bbox 2388 3025 3279 3099; baseline -0.009 -14"><span class='ocrx_word' id='word_1_487' title='bbox 2388 3044 2392 3048; x_wconf 88' lang='grc'>·</span> <span class='ocrx_word' id='word_1_488' title='bbox 2418 3030 2525 3084; x_wconf 82' lang='grc' dir='ltr'><strong>τὸν</strong></span> <span class='ocrx_word' id='word_1_489' title='bbox 2550 3030 2869 3099; x_wconf 79' lang='grc' dir='ltr'>οἰκονόμον</span> <span class='ocrx_word' id='word_1_490' title='bbox 2891 3026 3001 3095; x_wconf 84' lang='grc' dir='ltr'>τῆς</span> <span class='ocrx_word' id='word_1_491' title='bbox 3025 3025 3279 3091; x_wconf 81' lang='grc' dir='ltr'>ἀδικίας.</span> 
     </span>
    </p>
   </div>
   <div class='ocr_carea' id='block_1_71' title="bbox 2139 3111 3650 3190">
    <p class='ocr_par' dir='ltr' id='par_1_71' title="bbox 2139 3111 3650 3190">
     <span class='ocr_line' id='line_1_71' title="bbox 2139 3111 3650 3190; baseline -0.005 -19"><span class='ocrx_word' id='word_1_492' title='bbox 2139 3117 2402 3185; x_wconf 83' lang='grc' dir='ltr'>Πολλάκις</span> <span class='ocrx_word' id='word_1_493' title='bbox 2436 3120 2563 3190; x_wconf 82' lang='grc' dir='ltr'>ὑμῖν</span> <span class='ocrx_word' id='word_1_494' title='bbox 2582 3114 2733 3172; x_wconf 78' lang='grc' dir='ltr'>εἷπον</span> <span class='ocrx_word' id='word_1_495' title='bbox 2762 3115 3163 3186; x_wconf 86' lang='grc' dir='ltr'>διαλεγόμενος,</span> <span class='ocrx_word' id='word_1_496' title='bbox 3186 3115 3267 3167; x_wconf 83' lang='grc' dir='ltr'>ὅτι</span> <span class='ocrx_word' id='word_1_497' title='bbox 3288 3111 3650 3183; x_wconf 83' lang='grc' dir='ltr'>πεπλασμένη</span> 
     </span>
    </p>
   </div>
   <div class='ocr_carea' id='block_1_72' title="bbox 2068 3203 3647 3281">
    <p class='ocr_par' dir='ltr' id='par_1_72' title="bbox 2068 3203 3647 3281">
     <span class='ocr_line' id='line_1_72' title="bbox 2068 3203 3647 3281; baseline -0.002 -20"><span class='ocrx_word' id='word_1_498' title='bbox 2068 3226 2154 3271; x_wconf 88' lang='grc' dir='ltr'><strong>τις</strong></span> <span class='ocrx_word' id='word_1_499' title='bbox 2181 3210 2274 3262; x_wconf 77' lang='grc' dir='ltr'>καὶ</span> <span class='ocrx_word' id='word_1_500' title='bbox 2306 3208 2508 3281; x_wconf 74' lang='grc' dir='ltr'>ψευδὴς</span> <span class='ocrx_word' id='word_1_501' title='bbox 2556 3209 2732 3263; x_wconf 77' lang='grc' dir='ltr'>ἔννοια</span> <span class='ocrx_word' id='word_1_502' title='bbox 2773 3210 2886 3272; x_wconf 84' lang='grc' dir='ltr'>τοῖς</span> <span class='ocrx_word' id='word_1_503' title='bbox 2939 3203 3248 3277; x_wconf 84' lang='grc' dir='ltr'>ἀνθρώποις</span> <span class='ocrx_word' id='word_1_504' title='bbox 3305 3203 3647 3275; x_wconf 83' lang='grc' dir='ltr'>ἐμπεσοῦσα,</span> 
     </span>
    </p>
   </div>
   <div class='ocr_carea' id='block_1_73' title="bbox 2071 3294 3645 3372">
    <p class='ocr_par' dir='ltr' id='par_1_73' title="bbox 2071 3294 3645 3372">
     <span class='ocr_line' id='line_1_73' title="bbox 2071 3294 3645 3372; baseline -0.003 -20"><span class='ocrx_word' id='word_1_505' title='bbox 2071 3299 2329 3371; x_wconf 82' lang='grc' dir='ltr'>πληθύνει</span> <span class='ocrx_word' id='word_1_506' title='bbox 2363 3300 2432 3354; x_wconf 85' lang='grc' dir='ltr'>τὰ</span> <span class='ocrx_word' id='word_1_507' title='bbox 2466 3300 2868 3372; x_wconf 85' lang='grc' dir='ltr'>ἁμαρτήματα,</span> <span class='ocrx_word' id='word_1_508' title='bbox 2922 3297 3016 3350; x_wconf 79' lang='grc' dir='ltr'>καὶ</span> <span class='ocrx_word' id='word_1_509' title='bbox 3054 3295 3270 3349; x_wconf 82' lang='grc' dir='ltr'>ἐλαττοῖ</span> <span class='ocrx_word' id='word_1_510' title='bbox 3315 3296 3384 3351; x_wconf 86' lang='grc' dir='ltr'><strong>τά</strong></span> <span class='ocrx_word' id='word_1_511' title='bbox 3430 3294 3645 3365; x_wconf 84' lang='grc' dir='ltr'>ἀγαθά,</span> 
     </span>
    </p>
   </div>
   <div class='ocr_carea' id='block_1_74' title="bbox 2069 3389 3650 3465">
    <p class='ocr_par' dir='ltr' id='par_1_74' title="bbox 2069 3389 3650 3465">
     <span class='ocr_line' id='line_1_74' title="bbox 2069 3389 3650 3465; baseline -0.003 -19"><span class='ocrx_word' id='word_1_512' title='bbox 2069 3391 2212 3465; x_wconf 75' lang='grc' dir='ltr'>ἅπερ</span> <span class='ocrx_word' id='word_1_513' title='bbox 2248 3392 2476 3458; x_wconf 74' lang='grc' dir='ltr'>ἕκαστος</span> <span class='ocrx_word' id='word_1_514' title='bbox 2512 3392 2798 3463; x_wconf 76' lang='grc' dir='ltr'>ὀφείλομεν</span> <span class='ocrx_word' id='word_1_515' title='bbox 2845 3390 2940 3443; x_wconf 68' lang='grc' dir='ltr'>ἐπὶ</span> <span class='ocrx_word' id='word_1_516' title='bbox 2983 3389 3084 3461; x_wconf 84' lang='grc' dir='ltr'><strong>τῆς</strong></span> <span class='ocrx_word' id='word_1_517' title='bbox 3122 3390 3333 3445; x_wconf 78' lang='grc' dir='ltr'>ἑαυτῶν</span> <span class='ocrx_word' id='word_1_518' title='bbox 3370 3389 3650 3454; x_wconf 79' lang='grc' dir='ltr'>πολιτείας</span> 
     </span>
    </p>
   </div>
   <div class='ocr_carea' id='block_1_75' title="bbox 2069 3481 3650 3555">
    <p class='ocr_par' dir='ltr' id='par_1_75' title="bbox 2069 3481 3650 3555">
     <span class='ocr_line' id='line_1_75' title="bbox 2069 3481 3650 3555; baseline -0.002 -18"><span class='ocrx_word' id='word_1_519' title='bbox 2069 3483 2276 3538; x_wconf 87' lang='grc' dir='ltr'>ἀσκεῖν.</span> <span class='ocrx_word' id='word_1_520' title='bbox 2318 3483 2467 3555; x_wconf 78' lang='grc' dir='ltr'>Αὕτη</span> <span class='ocrx_word' id='word_1_521' title='bbox 2513 3483 2568 3537; x_wconf 86' lang='grc' dir='ltr'><strong>δέ</strong></span> <span class='ocrx_word' id='word_1_522' title='bbox 2602 3485 2750 3538; x_wconf 83' lang='grc' dir='ltr'>ἐστιν</span> <span class='ocrx_word' id='word_1_523' title='bbox 2788 3482 2850 3536; x_wconf 72' lang='grc' dir='ltr'>τὸ</span> <span class='ocrx_word' id='word_1_524' title='bbox 2876 3481 3141 3553; x_wconf 74' lang='grc' dir='ltr'>νομίζειν,</span> <span class='ocrx_word' id='word_1_525' title='bbox 3190 3482 3271 3535; x_wconf 81' lang='grc' dir='ltr'>ὅτι</span> <span class='ocrx_word' id='word_1_526' title='bbox 3320 3481 3499 3536; x_wconf 86' lang='grc' dir='ltr'>πάντα</span> <span class='ocrx_word' id='word_1_527' title='bbox 3544 3481 3650 3535; x_wconf 83' lang='grc' dir='ltr'><strong>ὅσα</strong></span> 
     </span>
    </p>
   </div>
   <div class='ocr_carea' id='block_1_76' title="bbox 2070 3572 3652 3648">
    <p class='ocr_par' dir='ltr' id='par_1_76' title="bbox 2070 3572 3652 3648">
     <span class='ocr_line' id='line_1_76' title="bbox 2070 3572 3652 3648; baseline 0 -21"><span class='ocrx_word' id='word_1_528' title='bbox 2070 3574 2264 3647; x_wconf 76' lang='grc' dir='ltr'>ἔχομεν</span> <span class='ocrx_word' id='word_1_529' title='bbox 2291 3576 2348 3628; x_wconf 87' lang='grc' dir='ltr'><strong>ἐν</strong></span> <span class='ocrx_word' id='word_1_530' title='bbox 2376 3579 2442 3648; x_wconf 76' lang='grc' dir='ltr'>τῇ</span> <span class='ocrx_word' id='word_1_531' title='bbox 2477 3577 2671 3648; x_wconf 82' lang='grc' dir='ltr'>χρήσει</span> <span class='ocrx_word' id='word_1_532' title='bbox 2713 3574 2806 3629; x_wconf 82' lang='grc' dir='ltr'>τοῦ</span> <span class='ocrx_word' id='word_1_533' title='bbox 2836 3574 2983 3645; x_wconf 89' lang='grc' dir='ltr'>βίου,</span> <span class='ocrx_word' id='word_1_534' title='bbox 3019 3574 3092 3638; x_wconf 84' lang='grc' dir='ltr'>ὼς</span> <span class='ocrx_word' id='word_1_535' title='bbox 3119 3572 3297 3647; x_wconf 75' lang='grc' dir='ltr'>κύριοι</span> <span class='ocrx_word' id='word_1_536' title='bbox 3329 3573 3652 3644; x_wconf 85' lang='grc' dir='ltr'>κεκτήμεθα</span> 
     </span>
    </p>
   </div>
   <div class='ocr_carea' id='block_1_77' title="bbox 2068 3664 3651 3739">
    <p class='ocr_par' dir='ltr' id='par_1_77' title="bbox 2068 3664 3651 3739">
     <span class='ocr_line' id='line_1_77' title="bbox 2068 3664 3651 3739; baseline -0.001 -20"><span class='ocrx_word' id='word_1_537' title='bbox 2068 3666 2162 3719; x_wconf 78' lang='grc' dir='ltr'>καὶ</span> <span class='ocrx_word' id='word_1_538' title='bbox 2192 3665 2467 3723; x_wconf 88' lang='grc' dir='ltr'>δεσπόται.</span> <span class='ocrx_word' id='word_1_539' title='bbox 2503 3668 2612 3721; x_wconf 76' lang='lat' dir='ltr'><strong>Kal.</strong></span> <span class='ocrx_word' id='word_1_540' title='bbox 2655 3666 2861 3739; x_wconf 83' lang='grc' dir='ltr'>ταύτης</span> <span class='ocrx_word' id='word_1_541' title='bbox 2907 3666 3094 3720; x_wconf 73' lang='grc' dir='ltr'>ἕνεκεν</span> <span class='ocrx_word' id='word_1_542' title='bbox 3136 3665 3235 3737; x_wconf 79' lang='grc' dir='ltr'>τῆς</span> <span class='ocrx_word' id='word_1_543' title='bbox 3287 3664 3651 3736; x_wconf 74' lang='grc' dir='ltr'>ὑπολήψεως,</span> 
     </span>
    </p>
   </div>
   <div class='ocr_carea' id='block_1_78' title="bbox 2069 3742 3648 3830">
    <p class='ocr_par' dir='ltr' id='par_1_78' title="bbox 2069 3742 3648 3830">
     <span class='ocr_line' id='line_1_78' title="bbox 2069 3742 3648 3830; baseline -0.001 -19"><span class='ocrx_word' id='word_1_544' title='bbox 2069 3757 2314 3829; x_wconf 75' lang='grc' dir='ltr'>σφοδρῶς</span> <span class='ocrx_word' id='word_1_545' title='bbox 2344 3758 2484 3830; x_wconf 81' lang='grc' dir='ltr'>ὑπὲρ</span> <span class='ocrx_word' id='word_1_546' title='bbox 2513 3758 2693 3813; x_wconf 81' lang='grc' dir='ltr'>αὐτῶν</span> <span class='ocrx_word' id='word_1_547' title='bbox 2730 3742 3126 3830; x_wconf 77' lang='grc' dir='ltr'>διαμαχόμεθα,</span> <span class='ocrx_word' id='word_1_548' title='bbox 3156 3756 3252 3809; x_wconf 71' lang='grc' dir='ltr'>καὶ</span> <span class='ocrx_word' id='word_1_549' title='bbox 3278 3754 3648 3827; x_wconf 86' lang='grc' dir='ltr'>πολεμοῦμεν,</span> 
     </span>
    </p>
   </div>
   <div class='ocr_carea' id='block_1_79' title="bbox 2069 3844 3647 3919">
    <p class='ocr_par' dir='ltr' id='par_1_79' title="bbox 2069 3844 3647 3919">
     <span class='ocr_line' id='line_1_79' title="bbox 2069 3844 3647 3919; baseline -0.001 -18"><span class='ocrx_word' id='word_1_550' title='bbox 2069 3847 2162 3901; x_wconf 81' lang='grc' dir='ltr'><strong>καί</strong></span> <span class='ocrx_word' id='word_1_551' title='bbox 2201 3846 2549 3919; x_wconf 79' lang='grc' dir='ltr'>δικαζόμεθα.</span> <span class='ocrx_word' id='word_1_552' title='bbox 2590 3849 2685 3902; x_wconf 79' lang='grc' dir='ltr'><strong>καί</strong></span> <span class='ocrx_word' id='word_1_553' title='bbox 2721 3849 2800 3912; x_wconf 88' lang='grc' dir='ltr'><strong>εἰς</strong></span> <span class='ocrx_word' id='word_1_554' title='bbox 2844 3849 3013 3919; x_wconf 75' lang='grc' dir='ltr'>ἄκρον</span> <span class='ocrx_word' id='word_1_555' title='bbox 3047 3847 3226 3901; x_wconf 85' lang='grc' dir='ltr'>αὐτῶν</span> <span class='ocrx_word' id='word_1_556' title='bbox 3253 3844 3647 3919; x_wconf 85' lang='grc' dir='ltr'>περιεχόμεθα,</span> 
     </span>
    </p>
   </div>
   <div class='ocr_carea' id='block_1_80' title="bbox 2068 3937 3652 4012">
    <p class='ocr_par' dir='ltr' id='par_1_80' title="bbox 2068 3937 3652 4012">
     <span class='ocr_line' id='line_1_80' title="bbox 2068 3937 3652 4012; baseline -0.001 -19"><span class='ocrx_word' id='word_1_557' title='bbox 2068 3940 2143 4003; x_wconf 84' lang='grc' dir='ltr'>ὡς</span> <span class='ocrx_word' id='word_1_558' title='bbox 2172 3938 2464 4012; x_wconf 81' lang='grc' dir='ltr'>ἐξαιρέτων</span> <span class='ocrx_word' id='word_1_559' title='bbox 2496 3939 2811 4012; x_wconf 88' lang='grc' dir='ltr'>κτημάτων.</span> <span class='ocrx_word' id='word_1_560' title='bbox 2855 3939 2923 3993; x_wconf 85' lang='grc' dir='ltr'>Ἡ</span> <span class='ocrx_word' id='word_1_561' title='bbox 2959 3937 3016 3993; x_wconf 81' lang='grc' dir='ltr'>δὲ</span> <span class='ocrx_word' id='word_1_562' title='bbox 3058 3938 3291 4011; x_wconf 86' lang='grc' dir='ltr'>ἀλήθεια</span> <span class='ocrx_word' id='word_1_563' title='bbox 3332 3938 3432 4009; x_wconf 76' lang='grc' dir='ltr'><strong>οὐχ</strong></span> <span class='ocrx_word' id='word_1_564' title='bbox 3473 3937 3652 4003; x_wconf 73' lang='grc' dir='ltr'>οὕτως</span> 
     </span>
    </p>
   </div>
   <div class='ocr_carea' id='block_1_81' title="bbox 2067 4022 3650 4100">
    <p class='ocr_par' dir='ltr' id='par_1_81' title="bbox 2067 4022 3650 4100">
     <span class='ocr_line' id='line_1_81' title="bbox 2067 4022 3650 4100; baseline 0.002 -21"><span class='ocrx_word' id='word_1_565' title='bbox 2067 4025 2181 4097; x_wconf 76' lang='grc' dir='ltr'>ἔχει</span> <span class='ocrx_word' id='word_1_566' title='bbox 2205 4044 2218 4057; x_wconf 91' lang='grc'><strong>·</strong></span> <span class='ocrx_word' id='word_1_567' title='bbox 2241 4026 2377 4081; x_wconf 84' lang='grc' dir='ltr'>ἀλλὰ</span> <span class='ocrx_word' id='word_1_568' title='bbox 2402 4029 2494 4081; x_wconf 80' lang='grc' dir='ltr'>καὶ</span> <span class='ocrx_word' id='word_1_569' title='bbox 2516 4027 2719 4100; x_wconf 76' lang='grc' dir='ltr'>σφόδρα</span> <span class='ocrx_word' id='word_1_570' title='bbox 2750 4027 3024 4093; x_wconf 81' lang='grc' dir='ltr'>ἐναντίως.</span> <span class='ocrx_word' id='word_1_571' title='bbox 3052 4029 3237 4084; x_wconf 87' lang='grc' dir='ltr'>Πάντα</span> <span class='ocrx_word' id='word_1_572' title='bbox 3260 4029 3369 4099; x_wconf 81' lang='grc' dir='ltr'>γὰρ</span> <span class='ocrx_word' id='word_1_573' title='bbox 3399 4022 3473 4082; x_wconf 84' lang='grc' dir='ltr'>ὧν</span> <span class='ocrx_word' id='word_1_574' title='bbox 3503 4029 3650 4082; x_wconf 67' lang='grc' dir='ltr'>ἀκε-</span> 
     </span>
    </p>
   </div>
   <div class='ocr_carea' id='block_1_82' title="bbox 2068 4116 3651 4192">
    <p class='ocr_par' dir='ltr' id='par_1_82' title="bbox 2068 4116 3651 4192">
     <span class='ocr_line' id='line_1_82' title="bbox 2068 4116 3651 4192; baseline 0.001 -21"><span class='ocrx_word' id='word_1_575' title='bbox 2068 4116 2322 4190; x_wconf 77' lang='grc' dir='ltr'>λάϐομεν,</span> <span class='ocrx_word' id='word_1_576' title='bbox 2356 4120 2452 4191; x_wconf 74' lang='grc' dir='ltr'><strong>οὐχ</strong></span> <span class='ocrx_word' id='word_1_577' title='bbox 2480 4118 2724 4192; x_wconf 82' lang='grc' dir='ltr'>ἡμέτερα</span> <span class='ocrx_word' id='word_1_578' title='bbox 2743 4135 2757 4150; x_wconf 87' lang='lat'><strong>&#39;</strong></span> <span class='ocrx_word' id='word_1_579' title='bbox 2783 4118 2908 4173; x_wconf 76' lang='grc' dir='ltr'>οὔτε</span> <span class='ocrx_word' id='word_1_580' title='bbox 2941 4120 3048 4191; x_wconf 86' lang='grc' dir='ltr'>μὴν</span> <span class='ocrx_word' id='word_1_581' title='bbox 3077 4120 3259 4191; x_wconf 79' lang='grc' dir='ltr'>ἡμεῖς,</span> <span class='ocrx_word' id='word_1_582' title='bbox 3284 4119 3360 4184; x_wconf 84' lang='grc' dir='ltr'>ὡς</span> <span class='ocrx_word' id='word_1_583' title='bbox 3390 4118 3651 4174; x_wconf 81' lang='grc' dir='ltr'>αὐθένται</span> 
     </span>
    </p>
   </div>
   <div class='ocr_carea' id='block_1_83' title="bbox 392 4208 1961 4284">
    <p class='ocr_par' dir='ltr' id='par_1_83' title="bbox 392 4213 1961 4284">
     <span class='ocr_line' id='line_1_83' title="bbox 392 4213 1961 4284; baseline 0.001 -18"><span class='ocrx_word' id='word_1_584' title='bbox 392 4228 554 4282; x_wconf 77' lang='lat' dir='ltr'><strong>quant</strong></span> <span class='ocrx_word' id='word_1_585' title='bbox 615 4228 802 4269; x_wconf 87' lang='lat' dir='ltr'><strong>eorum</strong></span> <span class='ocrx_word' id='word_1_586' title='bbox 857 4228 977 4283; x_wconf 68' lang='lat' dir='ltr'><strong>quae</strong></span> <span class='ocrx_word' id='word_1_587' title='bbox 1032 4213 1373 4284; x_wconf 86' lang='lat' dir='ltr'><strong>accepimus,</strong></span> <span class='ocrx_word' id='word_1_588' title='bbox 1434 4222 1678 4267; x_wconf 88' lang='lat' dir='ltr'><strong>nostrum</strong></span> <span class='ocrx_word' id='word_1_589' title='bbox 1737 4222 1855 4279; x_wconf 90' lang='lat' dir='ltr'><strong>est;</strong></span> <span class='ocrx_word' id='word_1_590' title='bbox 1909 4224 1961 4267; x_wconf 89' lang='lat' dir='ltr'><strong>at</strong></span> 
     </span>
    </p>
   </div>
   <div class='ocr_carea' id='block_1_84' title="bbox 2069 4208 3648 4284">
    <p class='ocr_par' dir='ltr' id='par_1_84' title="bbox 2070 4208 3648 4283">
     <span class='ocr_line' id='line_1_84' title="bbox 2070 4208 3648 4283; baseline 0 -20"><span class='ocrx_word' id='word_1_591' title='bbox 2070 4210 2162 4263; x_wconf 83' lang='grc' dir='ltr'><strong>καὶ</strong></span> <span class='ocrx_word' id='word_1_592' title='bbox 2184 4208 2395 4282; x_wconf 73' lang='grc' dir='ltr'>κύριοι,</span> <span class='ocrx_word' id='word_1_593' title='bbox 2460 4209 2539 4282; x_wconf 84' lang='grc' dir='ltr'>τῷ</span> <span class='ocrx_word' id='word_1_594' title='bbox 2580 4210 2678 4282; x_wconf 84' lang='grc' dir='ltr'><strong>βίῳ</strong></span> <span class='ocrx_word' id='word_1_595' title='bbox 2716 4210 2922 4283; x_wconf 81' lang='grc' dir='ltr'>τούτῳ,</span> <span class='ocrx_word' id='word_1_596' title='bbox 2953 4211 3030 4274; x_wconf 83' lang='grc' dir='ltr'><strong>ὡς</strong></span> <span class='ocrx_word' id='word_1_597' title='bbox 3063 4210 3309 4283; x_wconf 65' lang='grc' dir='ltr'>ἡμετέρᾳ</span> <span class='ocrx_word' id='word_1_598' title='bbox 3341 4209 3510 4282; x_wconf 77' lang='grc' dir='ltr'>οἰκίᾳ,</span> <span class='ocrx_word' id='word_1_599' title='bbox 3554 4210 3648 4263; x_wconf 84' lang='grc' dir='ltr'>ἐν-</span> 
     </span>
    </p>
   </div>
   <div class='ocr_carea' id='block_1_85' title="bbox 394 4303 1965 4376">
    <p class='ocr_par' dir='ltr' id='par_1_85' title="bbox 394 4303 1965 4376">
     <span class='ocr_line' id='line_1_85' title="bbox 394 4303 1965 4376; baseline 0.002 -18"><span class='ocrx_word' id='word_1_600' title='bbox 394 4319 573 4375; x_wconf 76' lang='lat' dir='ltr'><strong>neque</strong></span> <span class='ocrx_word' id='word_1_601' title='bbox 608 4305 660 4358; x_wconf 93' lang='lat' dir='ltr'><strong>in</strong></span> <span class='ocrx_word' id='word_1_602' title='bbox 695 4308 836 4360; x_wconf 89' lang='lat' dir='ltr'><strong>hanc</strong></span> <span class='ocrx_word' id='word_1_603' title='bbox 873 4305 1039 4359; x_wconf 85' lang='lat' dir='ltr'><strong>vitam</strong></span> <span class='ocrx_word' id='word_1_604' title='bbox 1079 4320 1143 4360; x_wconf 89' lang='lat' dir='ltr'><strong>ac</strong></span> <span class='ocrx_word' id='word_1_605' title='bbox 1178 4303 1429 4359; x_wconf 58' lang='lat' dir='ltr'><strong>saeuiunt</strong></span> <span class='ocrx_word' id='word_1_606' title='bbox 1454 4345 1470 4371; x_wconf 95' lang='lat'><strong>,</strong></span> <span class='ocrx_word' id='word_1_607' title='bbox 1510 4304 1583 4357; x_wconf 92' lang='lat' dir='ltr'><strong>uti</strong></span> <span class='ocrx_word' id='word_1_608' title='bbox 1636 4304 1798 4375; x_wconf 89' lang='lat' dir='ltr'><strong>pleno</strong></span> <span class='ocrx_word' id='word_1_609' title='bbox 1841 4304 1965 4376; x_wconf 84' lang='lat' dir='ltr'><strong>jure</strong></span> 
     </span>
    </p>
   </div>
   <div class='ocr_carea' id='block_1_86' title="bbox 395 4393 1963 4464">
    <p class='ocr_par' dir='ltr' id='par_1_86' title="bbox 395 4393 1963 4464">
     <span class='ocr_line' id='line_1_86' title="bbox 395 4393 1963 4464; baseline 0 -17"><span class='ocrx_word' id='word_1_610' title='bbox 395 4394 598 4449; x_wconf 87' lang='lat' dir='ltr'><strong>domini</strong></span> <span class='ocrx_word' id='word_1_611' title='bbox 639 4410 737 4449; x_wconf 87' lang='lat' dir='ltr'><strong>ceu</strong></span> <span class='ocrx_word' id='word_1_612' title='bbox 786 4393 839 4449; x_wconf 87' lang='lat' dir='ltr'><strong>in</strong></span> <span class='ocrx_word' id='word_1_613' title='bbox 888 4395 1160 4464; x_wconf 85' lang='lat' dir='ltr'><strong>propriam</strong></span> <span class='ocrx_word' id='word_1_614' title='bbox 1212 4394 1427 4448; x_wconf 87' lang='lat' dir='ltr'><strong>domum</strong></span> <span class='ocrx_word' id='word_1_615' title='bbox 1483 4393 1685 4449; x_wconf 86' lang='lat' dir='ltr'><strong>inducti</strong></span> <span class='ocrx_word' id='word_1_616' title='bbox 1733 4410 1963 4462; x_wconf 87' lang='lat' dir='ltr'><strong>sumus;</strong></span> 
     </span>
    </p>
   </div>
   <div class='ocr_carea' id='block_1_87' title="bbox 395 4484 1973 4555">
    <p class='ocr_par' dir='ltr' id='par_1_87' title="bbox 395 4484 1973 4555">
     <span class='ocr_line' id='line_1_87' title="bbox 395 4484 1973 4555; baseline -0.001 -15"><span class='ocrx_word' id='word_1_617' title='bbox 395 4485 493 4540; x_wconf 83' lang='lat' dir='ltr'><strong>sed</strong></span> <span class='ocrx_word' id='word_1_618' title='bbox 531 4485 684 4554; x_wconf 89' lang='lat' dir='ltr'><strong>quasi</strong></span> <span class='ocrx_word' id='word_1_619' title='bbox 720 4484 967 4553; x_wconf 90' lang='lat' dir='ltr'><strong>inquilini</strong></span> <span class='ocrx_word' id='word_1_620' title='bbox 1005 4494 1059 4538; x_wconf 90' lang='lat' dir='ltr'><strong>et</strong></span> <span class='ocrx_word' id='word_1_621' title='bbox 1086 4484 1301 4538; x_wconf 72' lang='lat' dir='ltr'><strong>advena-</strong></span> <span class='ocrx_word' id='word_1_622' title='bbox 1324 4522 1339 4548; x_wconf 87' lang='lat'><strong>,</strong></span> <span class='ocrx_word' id='word_1_623' title='bbox 1393 4484 1714 4554; x_wconf 80' lang='lat' dir='ltr'><strong>exsulesque</strong></span> <span class='ocrx_word' id='word_1_624' title='bbox 1766 4486 1973 4555; x_wconf 73' lang='lat' dir='ltr'><strong>abripi~</strong></span> 
     </span>
    </p>
   </div>
   <div class='ocr_carea' id='block_1_88' title="bbox 396 4576 1965 4647">
    <p class='ocr_par' dir='ltr' id='par_1_88' title="bbox 396 4576 1965 4647">
     <span class='ocr_line' id='line_1_88' title="bbox 396 4576 1965 4647; baseline -0.001 -17"><span class='ocrx_word' id='word_1_625' title='bbox 396 4592 518 4631; x_wconf 91' lang='lat' dir='ltr'><strong>mur</strong></span> <span class='ocrx_word' id='word_1_626' title='bbox 566 4591 672 4647; x_wconf 88' lang='lat' dir='ltr'><strong>quo</strong></span> <span class='ocrx_word' id='word_1_627' title='bbox 716 4576 984 4642; x_wconf 91' lang='lat' dir='ltr'><strong>nolumus,</strong></span> <span class='ocrx_word' id='word_1_628' title='bbox 1010 4591 1075 4630; x_wconf 90' lang='lat' dir='ltr'><strong>ac</strong></span> <span class='ocrx_word' id='word_1_629' title='bbox 1098 4590 1205 4646; x_wconf 89' lang='lat' dir='ltr'><strong>quo</strong></span> <span class='ocrx_word' id='word_1_630' title='bbox 1253 4586 1492 4646; x_wconf 89' lang='lat' dir='ltr'><strong>tempore</strong></span> <span class='ocrx_word' id='word_1_631' title='bbox 1520 4591 1627 4630; x_wconf 93' lang='lat' dir='ltr'><strong>non</strong></span> <span class='ocrx_word' id='word_1_632' title='bbox 1680 4585 1965 4644; x_wconf 71' lang='lat' dir='ltr'><strong>eXSpecta-</strong></span> 
     </span>
    </p>
   </div>
   <div class='ocr_carea' id='block_1_89' title="bbox 398 4665 1964 4737">
    <p class='ocr_par' dir='ltr' id='par_1_89' title="bbox 398 4665 1964 4737">
     <span class='ocr_line' id='line_1_89' title="bbox 398 4665 1964 4737; baseline -0.003 -16"><span class='ocrx_word' id='word_1_633' title='bbox 398 4665 637 4723; x_wconf 85' lang='lat' dir='ltr'><strong>bamus:</strong></span> <span class='ocrx_word' id='word_1_634' title='bbox 676 4666 1050 4737; x_wconf 86' lang='lat' dir='ltr'><strong>bonorumque</strong></span> <span class='ocrx_word' id='word_1_635' title='bbox 1097 4676 1405 4721; x_wconf 88' lang='lat' dir='ltr'><strong>nostrorum</strong></span> <span class='ocrx_word' id='word_1_636' title='bbox 1447 4665 1810 4734; x_wconf 87' lang='lat' dir='ltr'><strong>possessione,</strong></span> <span class='ocrx_word' id='word_1_637' title='bbox 1842 4680 1964 4719; x_wconf 89' lang='lat' dir='ltr'><strong>cum</strong></span> 
     </span>
    </p>
   </div>
   <div class='ocr_carea' id='block_1_90' title="bbox 393 4755 1965 4830">
    <p class='ocr_par' dir='ltr' id='par_1_90' title="bbox 393 4755 1965 4830">
     <span class='ocr_line' id='line_1_90' title="bbox 393 4755 1965 4830; baseline -0.003 -16"><span class='ocrx_word' id='word_1_638' title='bbox 393 4757 623 4814; x_wconf 89' lang='lat' dir='ltr'><strong>Domino</strong></span> <span class='ocrx_word' id='word_1_639' title='bbox 654 4760 824 4815; x_wconf 89' lang='lat' dir='ltr'><strong>visum</strong></span> <span class='ocrx_word' id='word_1_640' title='bbox 865 4757 1026 4814; x_wconf 81' lang='lat' dir='ltr'><strong>fuerit</strong></span> <span class='ocrx_word' id='word_1_641' title='bbox 1063 4758 1433 4830; x_wconf 80' lang='lat' dir='ltr'><strong>(9),exuintur.</strong></span> <span class='ocrx_word' id='word_1_642' title='bbox 1469 4755 1733 4825; x_wconf 86' lang='lat' dir='ltr'><strong>Quocirca</strong></span> <span class='ocrx_word' id='word_1_643' title='bbox 1765 4756 1927 4810; x_wconf 90' lang='lat' dir='ltr'><strong>etiam</strong></span> <span class='ocrx_word' id='word_1_644' title='bbox 1948 4795 1965 4821; x_wconf 93' lang='lat'><strong>,</strong></span> 
     </span>
    </p>
   </div>
   <div class='ocr_carea' id='block_1_91' title="bbox 393 4847 1965 4920">
    <p class='ocr_par' dir='ltr' id='par_1_91' title="bbox 393 4847 1965 4920">
     <span class='ocr_line' id='line_1_91' title="bbox 393 4847 1965 4920; baseline -0.002 -16"><span class='ocrx_word' id='word_1_645' title='bbox 393 4850 548 4905; x_wconf 75' lang='lat' dir='ltr'><strong>facile</strong></span> <span class='ocrx_word' id='word_1_646' title='bbox 581 4850 708 4920; x_wconf 86' lang='lat' dir='ltr'><strong>quid</strong></span> <span class='ocrx_word' id='word_1_647' title='bbox 744 4851 1000 4906; x_wconf 83' lang='lat' dir='ltr'><strong>mutabile</strong></span> <span class='ocrx_word' id='word_1_648' title='bbox 1040 4851 1282 4909; x_wconf 83' lang='lat' dir='ltr'><strong>mortalis</strong></span> <span class='ocrx_word' id='word_1_649' title='bbox 1322 4851 1435 4904; x_wconf 72' lang='lat' dir='ltr'><strong>haec</strong></span> <span class='ocrx_word' id='word_1_650' title='bbox 1470 4850 1575 4903; x_wconf 81' lang='lat' dir='ltr'><strong>vita</strong></span> <span class='ocrx_word' id='word_1_651' title='bbox 1601 4850 1832 4918; x_wconf 88' lang='lat' dir='ltr'><strong>;quique</strong></span> <span class='ocrx_word' id='word_1_652' title='bbox 1867 4847 1965 4902; x_wconf 89' lang='lat' dir='ltr'><strong>ho-</strong></span> 
     </span>
    </p>
   </div>
   <div class='ocr_carea' id='block_1_92' title="bbox 390 4941 1969 5010">
    <p class='ocr_par' dir='ltr' id='par_1_92' title="bbox 390 4941 1969 5010">
     <span class='ocr_line' id='line_1_92' title="bbox 390 4941 1969 5010; baseline -0.001 -13"><span class='ocrx_word' id='word_1_653' title='bbox 390 4943 477 4997; x_wconf 87' lang='lat' dir='ltr'><strong>die</strong></span> <span class='ocrx_word' id='word_1_654' title='bbox 496 4942 676 4999; x_wconf 86' lang='lat' dir='ltr'><strong>clarus</strong></span> <span class='ocrx_word' id='word_1_655' title='bbox 694 4954 779 4998; x_wconf 87' lang='lat' dir='ltr'><strong>est</strong></span> <span class='ocrx_word' id='word_1_656' title='bbox 798 4959 861 4999; x_wconf 88' lang='lat' dir='ltr'><strong>ac</strong></span> <span class='ocrx_word' id='word_1_657' title='bbox 891 4945 1142 5007; x_wconf 83' lang='lat' dir='ltr'><strong>illustris,</strong></span> <span class='ocrx_word' id='word_1_658' title='bbox 1162 4958 1283 4997; x_wconf 86' lang='lat' dir='ltr'><strong>cras</strong></span> <span class='ocrx_word' id='word_1_659' title='bbox 1298 4941 1619 4997; x_wconf 86' lang='lat' dir='ltr'><strong>miserabilis</strong></span> <span class='ocrx_word' id='word_1_660' title='bbox 1630 4950 1712 4995; x_wconf 91' lang='lat' dir='ltr'><strong>est</strong></span> <span class='ocrx_word' id='word_1_661' title='bbox 1728 4954 1791 4994; x_wconf 84' lang='lat' dir='ltr'><strong>ac</strong></span> <span class='ocrx_word' id='word_1_662' title='bbox 1804 4954 1969 5010; x_wconf 84' lang='lat' dir='ltr'><strong>egens</strong></span> 
     </span>
    </p>
   </div>
   <div class='ocr_carea' id='block_1_93' title="bbox 387 5033 1965 5108">
    <p class='ocr_par' dir='ltr' id='par_1_93' title="bbox 387 5033 1965 5108">
     <span class='ocr_line' id='line_1_93' title="bbox 387 5033 1965 5108; baseline -0.002 -18"><span class='ocrx_word' id='word_1_663' title='bbox 387 5049 489 5105; x_wconf 90' lang='lat' dir='ltr'><strong>ope</strong></span> <span class='ocrx_word' id='word_1_664' title='bbox 507 5056 522 5094; x_wconf 86' lang='lat'><strong>:</strong></span> <span class='ocrx_word' id='word_1_665' title='bbox 538 5037 628 5106; x_wconf 89' lang='lat' dir='ltr'><strong>qui</strong></span> <span class='ocrx_word' id='word_1_666' title='bbox 651 5036 703 5091; x_wconf 92' lang='lat' dir='ltr'><strong>in</strong></span> <span class='ocrx_word' id='word_1_667' title='bbox 725 5036 1009 5107; x_wconf 71' lang='lat' dir='ltr'><strong>praesentia</strong></span> <span class='ocrx_word' id='word_1_668' title='bbox 1029 5035 1297 5108; x_wconf 87' lang='lat' dir='ltr'><strong>opulentia</strong></span> <span class='ocrx_word' id='word_1_669' title='bbox 1316 5045 1399 5091; x_wconf 89' lang='lat' dir='ltr'><strong>est</strong></span> <span class='ocrx_word' id='word_1_670' title='bbox 1413 5033 1792 5090; x_wconf 83' lang='lat' dir='ltr'><strong>acdivitlarum</strong></span> <span class='ocrx_word' id='word_1_671' title='bbox 1813 5034 1965 5103; x_wconf 90' lang='lat' dir='ltr'><strong>copia</strong></span> 
     </span>
    </p>
   </div>
   <div class='ocr_carea' id='block_1_94' title="bbox 459 5233 1647 5304">
    <p class='ocr_par' dir='ltr' id='par_1_94' title="bbox 459 5233 1647 5304">
     <span class='ocr_line' id='line_1_94' title="bbox 459 5233 1647 5304; baseline -0.003 -13"><span class='ocrx_word' id='word_1_672' title='bbox 459 5234 500 5268; x_wconf 80' lang='lat'>“</span> <span class='ocrx_word' id='word_1_673' title='bbox 541 5235 647 5291; x_wconf 86' lang='lat' dir='ltr'><strong>lsa.</strong></span> <span class='ocrx_word' id='word_1_674' title='bbox 682 5251 795 5300; x_wconf 72' lang='grc' dir='ltr'>ιιι,</span> <span class='ocrx_word' id='word_1_675' title='bbox 830 5233 889 5302; x_wconf 77' lang='grc'>1,</span> <span class='ocrx_word' id='word_1_676' title='bbox 918 5233 975 5289; x_wconf 74' lang='grc'>2.</span> <span class='ocrx_word' id='word_1_677' title='bbox 1057 5234 1099 5266; x_wconf 79' lang='grc'><strong>¹¹</strong></span> <span class='ocrx_word' id='word_1_678' title='bbox 1141 5233 1272 5290; x_wconf 91' lang='lat' dir='ltr'><strong>Luc.</strong></span> <span class='ocrx_word' id='word_1_679' title='bbox 1306 5250 1392 5288; x_wconf 76' lang='lat' dir='ltr'><strong>1m</strong></span> <span class='ocrx_word' id='word_1_680' title='bbox 1417 5274 1432 5300; x_wconf 92' lang='lat'><strong>,</strong></span> <span class='ocrx_word' id='word_1_681' title='bbox 1466 5233 1490 5288; x_wconf 79' lang='grc'><strong>1</strong></span> <span class='ocrx_word' id='word_1_682' title='bbox 1526 5248 1647 5304; x_wconf 83' lang='lat' dir='ltr'><strong>sqq.</strong></span> 
     </span>
    </p>
   </div>
   <div class='ocr_carea' id='block_1_95' title="bbox 460 5387 1967 5460">
    <p class='ocr_par' dir='ltr' id='par_1_95' title="bbox 460 5387 1967 5460">
     <span class='ocr_line' id='line_1_95' title="bbox 460 5387 1967 5460; baseline -0.002 -15"><span class='ocrx_word' id='word_1_683' title='bbox 460 5389 536 5460; x_wconf 84' lang='lat'><strong>(9)</strong></span> <span class='ocrx_word' id='word_1_684' title='bbox 572 5389 812 5460; x_wconf 66' lang='lat' dir='ltr'><strong>Cumque</strong></span> <span class='ocrx_word' id='word_1_685' title='bbox 835 5405 1009 5443; x_wconf 81' lang='lat' dir='ltr'><strong>rerum</strong></span> <span class='ocrx_word' id='word_1_686' title='bbox 1044 5387 1266 5443; x_wconf 87' lang='lat' dir='ltr'><strong>Domino</strong></span> <span class='ocrx_word' id='word_1_687' title='bbox 1314 5390 1479 5444; x_wconf 76' lang='lat' dir='ltr'><strong>visum</strong></span> <span class='ocrx_word' id='word_1_688' title='bbox 1518 5389 1699 5457; x_wconf 81' lang='lat' dir='ltr'><strong>fuerit,</strong></span> <span class='ocrx_word' id='word_1_689' title='bbox 1739 5387 1819 5455; x_wconf 81' lang='grc' dir='ltr'>τῷ</span> <span class='ocrx_word' id='word_1_690' title='bbox 1851 5392 1967 5460; x_wconf 67' lang='lat' dir='ltr'><strong>{(v-</strong></span> 
     </span>
    </p>
   </div>
   <div class='ocr_carea' id='block_1_96' title="bbox 380 5458 1967 5533">
    <p class='ocr_par' dir='ltr' id='par_1_96' title="bbox 380 5458 1967 5533">
     <span class='ocr_line' id='line_1_96' title="bbox 380 5458 1967 5533; baseline 0 -22"><span class='ocrx_word' id='word_1_691' title='bbox 380 5458 492 5533; x_wconf 78' lang='grc' dir='ltr'>ρίφ</span> <span class='ocrx_word' id='word_1_692' title='bbox 519 5458 633 5528; x_wconf 74' lang='grc' dir='ltr'>’τῆς</span> <span class='ocrx_word' id='word_1_693' title='bbox 667 5458 956 5533; x_wconf 57' lang='grc' dir='ltr'>κτήσεως.</span> <span class='ocrx_word' id='word_1_694' title='bbox 992 5459 1130 5533; x_wconf 61' lang='lat' dir='ltr'><strong>Malo</strong></span> <span class='ocrx_word' id='word_1_695' title='bbox 1158 5460 1259 5523; x_wconf 80' lang='lat' dir='ltr'><strong>sic,</strong></span> <span class='ocrx_word' id='word_1_696' title='bbox 1279 5475 1448 5533; x_wconf 62' lang='lat' dir='ltr'><strong>quam</strong></span> <span class='ocrx_word' id='word_1_697' title='bbox 1485 5469 1553 5533; x_wconf 23' lang='lat' dir='ltr'><strong>Aut</strong></span> <span class='ocrx_word' id='word_1_698' title='bbox 1595 5463 1821 5533; x_wconf 72' lang='lat' dir='ltr'><strong>mutavit</strong></span> <span class='ocrx_word' id='word_1_699' title='bbox 1860 5458 1967 5512; x_wconf 84' lang='lat' dir='ltr'><strong>Du-</strong></span> 
     </span>
    </p>
   </div>
   <div class='ocr_carea' id='block_1_97' title="bbox 385 5529 1966 5601">
    <p class='ocr_par' dir='ltr' id='par_1_97' title="bbox 385 5529 1966 5601">
     <span class='ocr_line' id='line_1_97' title="bbox 385 5529 1966 5601; baseline 0 -19"><span class='ocrx_word' id='word_1_700' title='bbox 385 5529 531 5601; x_wconf 59' lang='lat' dir='ltr'><strong>czeus</strong></span> <span class='ocrx_word' id='word_1_701' title='bbox 574 5547 637 5585; x_wconf 78' lang='lat' dir='ltr'><strong>ex</strong></span> <span class='ocrx_word' id='word_1_702' title='bbox 675 5529 849 5586; x_wconf 79' lang='lat' dir='ltr'><strong>Vatic.</strong></span> <span class='ocrx_word' id='word_1_703' title='bbox 894 5529 1205 5601; x_wconf 47' lang='grc' dir='ltr'>κιο-δῖναι,</span> <span class='ocrx_word' id='word_1_704' title='bbox 1232 5530 1310 5601; x_wconf 82' lang='grc' dir='ltr'>τῷ</span> <span class='ocrx_word' id='word_1_705' title='bbox 1352 5529 1543 5601; x_wconf 63' lang='grc' dir='ltr'>Κυρίῳ</span> <span class='ocrx_word' id='word_1_706' title='bbox 1583 5529 1684 5600; x_wconf 86' lang='grc' dir='ltr'>τῆς</span> <span class='ocrx_word' id='word_1_707' title='bbox 1717 5530 1966 5596; x_wconf 86' lang='grc' dir='ltr'>κτίσεως,</span> 
     </span>
    </p>
   </div>
   <div class='ocr_carea' id='block_1_98' title="bbox 387 5599 1967 5668">
    <p class='ocr_par' dir='ltr' id='par_1_98' title="bbox 387 5599 1967 5668">
     <span class='ocr_line' id='line_1_98' title="bbox 387 5599 1967 5668; baseline -0.002 -11"><span class='ocrx_word' id='word_1_708' title='bbox 387 5600 616 5657; x_wconf 82' lang='lat' dir='ltr'><strong>Domino</strong></span> <span class='ocrx_word' id='word_1_709' title='bbox 651 5613 925 5655; x_wconf 70' lang='lat' dir='ltr'><strong>creaturae.</strong></span> <span class='ocrx_word' id='word_1_710' title='bbox 965 5599 1078 5653; x_wconf 79' lang='lat' dir='ltr'><strong>Non</strong></span> <span class='ocrx_word' id='word_1_711' title='bbox 1124 5599 1367 5653; x_wconf 46' lang='lat' dir='ltr'><strong>enim&#39;de</strong></span> <span class='ocrx_word' id='word_1_712' title='bbox 1397 5599 1824 5662; x_wconf 30' lang='lat' dir='ltr'><strong>Deo’estsermo.</strong></span> <span class='ocrx_word' id='word_1_713' title='bbox 1859 5616 1967 5668; x_wconf 87' lang='lat' dir='ltr'><strong>qua</strong></span> 
     </span>
    </p>
   </div>
   <div class='ocr_carea' id='block_1_99' title="bbox 393 5669 1965 5737">
    <p class='ocr_par' dir='ltr' id='par_1_99' title="bbox 393 5669 1965 5737">
     <span class='ocr_line' id='line_1_99' title="bbox 393 5669 1965 5737; baseline -0.001 -13"><span class='ocrx_word' id='word_1_714' title='bbox 393 5674 604 5726; x_wconf 75' lang='lat' dir='ltr'><strong>ratione</strong></span> <span class='ocrx_word' id='word_1_715' title='bbox 643 5679 725 5726; x_wconf 68' lang='lat' dir='ltr'><strong>est</strong></span> <span class='ocrx_word' id='word_1_716' title='bbox 748 5681 963 5726; x_wconf 86' lang='lat' dir='ltr'><strong>creator</strong></span> <span class='ocrx_word' id='word_1_717' title='bbox 984 5686 1047 5724; x_wconf 90' lang='lat' dir='ltr'><strong>ac</strong></span> <span class='ocrx_word' id='word_1_718' title='bbox 1082 5669 1223 5724; x_wconf 91' lang='lat' dir='ltr'><strong>Deus</strong></span> <span class='ocrx_word' id='word_1_719' title='bbox 1251 5671 1526 5737; x_wconf 86' lang='lat' dir='ltr'><strong>absolute;</strong></span> <span class='ocrx_word' id='word_1_720' title='bbox 1562 5670 1655 5724; x_wconf 89' lang='lat' dir='ltr'><strong>sed</strong></span> <span class='ocrx_word' id='word_1_721' title='bbox 1686 5673 1751 5725; x_wconf 83' lang='lat' dir='ltr'><strong>de</strong></span> <span class='ocrx_word' id='word_1_722' title='bbox 1776 5672 1965 5725; x_wconf 88' lang='lat' dir='ltr'><strong>eodem</strong></span> 
     </span>
    </p>
   </div>
   <div class='ocr_carea' id='block_1_100' title="bbox 388 5740 1966 5822">
    <p class='ocr_par' dir='ltr' id='par_1_100' title="bbox 388 5740 1966 5822">
     <span class='ocr_line' id='line_1_100' title="bbox 388 5740 1966 5822; baseline 0.002 -30"><span class='ocrx_word' id='word_1_723' title='bbox 388 5740 491 5799; x_wconf 76' lang='lat' dir='ltr'><strong>sub</strong></span> <span class='ocrx_word' id='word_1_724' title='bbox 531 5740 804 5822; x_wconf 71' lang='lat' dir='ltr'><strong>peculiari</strong></span> <span class='ocrx_word' id='word_1_725' title='bbox 870 5741 1087 5794; x_wconf 89' lang='lat' dir='ltr'><strong>ratione</strong></span> <span class='ocrx_word' id='word_1_726' title='bbox 1139 5740 1343 5795; x_wconf 92' lang='lat' dir='ltr'><strong>domini</strong></span> <span class='ocrx_word' id='word_1_727' title='bbox 1401 5756 1466 5794; x_wconf 90' lang='lat' dir='ltr'><strong>ac</strong></span> <span class='ocrx_word' id='word_1_728' title='bbox 1531 5741 1863 5822; x_wconf 79' lang='lat' dir='ltr'><strong>possessoris</strong></span> <span class='ocrx_word' id='word_1_729' title='bbox 1914 5741 1966 5795; x_wconf 91' lang='lat' dir='ltr'><strong>in</strong></span> 
     </span>
    </p>
   </div>
   <div class='ocr_carea' id='block_1_101' title="bbox 392 5810 1965 5888">
    <p class='ocr_par' dir='ltr' id='par_1_101' title="bbox 392 5810 1965 5888">
     <span class='ocr_line' id='line_1_101' title="bbox 392 5810 1965 5888; baseline -0.003 -19"><span class='ocrx_word' id='word_1_730' title='bbox 392 5810 674 5888; x_wconf 78' lang='lat' dir='ltr'><strong>parabola,</strong></span> <span class='ocrx_word' id='word_1_731' title='bbox 702 5812 768 5868; x_wconf 87' lang='lat' dir='ltr'><strong>ad</strong></span> <span class='ocrx_word' id='word_1_732' title='bbox 788 5825 950 5886; x_wconf 90' lang='lat' dir='ltr'><strong>quem</strong></span> <span class='ocrx_word' id='word_1_733' title='bbox 978 5825 1172 5869; x_wconf 89' lang='lat' dir='ltr'><strong>omnes</strong></span> <span class='ocrx_word' id='word_1_734' title='bbox 1198 5821 1255 5866; x_wconf 90' lang='lat' dir='ltr'><strong>ut</strong></span> <span class='ocrx_word' id='word_1_735' title='bbox 1278 5810 1543 5868; x_wconf 84' lang='lat' dir='ltr'><strong>oeconomi</strong></span> <span class='ocrx_word' id='word_1_736' title='bbox 1571 5825 1965 5883; x_wconf 82' lang='lat' dir='ltr'><strong>comparemur,</strong></span> 
     </span>
    </p>
   </div>
   <div class='ocr_carea' id='block_1_102' title="bbox 2065 4300 3649 4375">
    <p class='ocr_par' dir='ltr' id='par_1_102' title="bbox 2065 4300 3649 4375">
     <span class='ocr_line' id='line_1_102' title="bbox 2065 4300 3649 4375; baseline 0.001 -21"><span class='ocrx_word' id='word_1_737' title='bbox 2065 4301 2526 4373; x_wconf 82' lang='grc' dir='ltr'>ῳκίσθημεν’ἀλλ’</span> <span class='ocrx_word' id='word_1_738' title='bbox 2550 4301 2626 4365; x_wconf 82' lang='grc' dir='ltr'><strong>ὡς</strong></span> <span class='ocrx_word' id='word_1_739' title='bbox 2658 4302 2926 4374; x_wconf 85' lang='grc' dir='ltr'>πάροικοι,</span> <span class='ocrx_word' id='word_1_740' title='bbox 2948 4303 3040 4357; x_wconf 72' lang='grc' dir='ltr'>καὶ</span> <span class='ocrx_word' id='word_1_741' title='bbox 3073 4300 3366 4375; x_wconf 86' lang='grc' dir='ltr'>ἐπήλυδες,</span> <span class='ocrx_word' id='word_1_742' title='bbox 3398 4303 3494 4357; x_wconf 69' lang='grc' dir='ltr'><strong>καί⁸</strong></span> <span class='ocrx_word' id='word_1_743' title='bbox 3512 4318 3649 4373; x_wconf 89' lang='grc' dir='ltr'>μετ-</span> 
     </span>
    </p>
   </div>
   <div class='ocr_carea' id='block_1_103' title="bbox 2067 4391 3648 4465">
    <p class='ocr_par' dir='ltr' id='par_1_103' title="bbox 2067 4391 3648 4465">
     <span class='ocr_line' id='line_1_103' title="bbox 2067 4391 3648 4465; baseline 0.001 -19"><span class='ocrx_word' id='word_1_744' title='bbox 2067 4392 2328 4456; x_wconf 84' lang='grc' dir='ltr'>ανάσται,</span> <span class='ocrx_word' id='word_1_745' title='bbox 2396 4391 2639 4464; x_wconf 81' lang='grc' dir='ltr'>ἀγόμεθα</span> <span class='ocrx_word' id='word_1_746' title='bbox 2670 4394 2803 4448; x_wconf 87' lang='grc' dir='ltr'>ὄπου</span> <span class='ocrx_word' id='word_1_747' title='bbox 2845 4393 2906 4447; x_wconf 80' lang='grc' dir='ltr'><strong>οὐ</strong></span> <span class='ocrx_word' id='word_1_748' title='bbox 2941 4393 3202 4465; x_wconf 87' lang='grc' dir='ltr'>θέλομεν,</span> <span class='ocrx_word' id='word_1_749' title='bbox 3250 4393 3345 4447; x_wconf 80' lang='grc' dir='ltr'>καὶ</span> <span class='ocrx_word' id='word_1_750' title='bbox 3383 4391 3545 4464; x_wconf 75' lang='grc' dir='ltr'>ἡνίκα</span> <span class='ocrx_word' id='word_1_751' title='bbox 3583 4393 3648 4447; x_wconf 76' lang='grc' dir='ltr'><strong>οὐ</strong></span> 
     </span>
    </p>
   </div>
   <div class='ocr_carea' id='block_1_104' title="bbox 2071 4484 3649 4558">
    <p class='ocr_par' dir='ltr' id='par_1_104' title="bbox 2071 4484 3649 4558">
     <span class='ocr_line' id='line_1_104' title="bbox 2071 4484 3649 4558; baseline 0.002 -21"><span class='ocrx_word' id='word_1_752' title='bbox 2071 4484 2506 4557; x_wconf 85' lang='grc' dir='ltr'>προσεδοκῶμεν.</span> <span class='ocrx_word' id='word_1_753' title='bbox 2570 4485 2974 4558; x_wconf 75' lang='grc' dir='ltr'>Ἀφαιρούμεθα</span> <span class='ocrx_word' id='word_1_754' title='bbox 3013 4486 3070 4540; x_wconf 85' lang='grc' dir='ltr'><strong>δέ</strong></span> <span class='ocrx_word' id='word_1_755' title='bbox 3115 4487 3223 4541; x_wconf 86' lang='grc' dir='ltr'><strong>τῶν</strong></span> <span class='ocrx_word' id='word_1_756' title='bbox 3269 4485 3466 4553; x_wconf 76' lang='grc' dir='ltr'>ὄντων,</span> <span class='ocrx_word' id='word_1_757' title='bbox 3517 4486 3649 4540; x_wconf 73' lang='grc' dir='ltr'>ὅταν</span> 
     </span>
    </p>
   </div>
   <div class='ocr_carea' id='block_1_105' title="bbox 2071 4577 3652 4651">
    <p class='ocr_par' dir='ltr' id='par_1_105' title="bbox 2071 4577 3652 4651">
     <span class='ocr_line' id='line_1_105' title="bbox 2071 4577 3652 4651; baseline 0.001 -19"><span class='ocrx_word' id='word_1_758' title='bbox 2071 4577 2197 4650; x_wconf 78' lang='grc' dir='ltr'>δόξῃ</span> <span class='ocrx_word' id='word_1_759' title='bbox 2226 4577 2304 4649; x_wconf 86' lang='grc' dir='ltr'>τῷ</span> <span class='ocrx_word' id='word_1_760' title='bbox 2328 4578 2550 4651; x_wconf 78' lang='grc' dir='ltr'>Κυρίῳ,</span> <span class='ocrx_word' id='word_1_761' title='bbox 2594 4580 2692 4649; x_wconf 86' lang='grc' dir='ltr'>τῆς</span> <span class='ocrx_word' id='word_1_762' title='bbox 2727 4580 2996 4651; x_wconf 86' lang='grc' dir='ltr'>κτήσεως.</span> <span class='ocrx_word' id='word_1_763' title='bbox 3030 4579 3122 4633; x_wconf 82' lang='grc' dir='ltr'>Διὸ</span> <span class='ocrx_word' id='word_1_764' title='bbox 3150 4579 3247 4633; x_wconf 75' lang='grc' dir='ltr'><strong>καὶ</strong></span> <span class='ocrx_word' id='word_1_765' title='bbox 3285 4577 3652 4650; x_wconf 69' lang='grc' dir='ltr'>εὐμετάϐολον</span> 
     </span>
    </p>
   </div>
   <div class='ocr_carea' id='block_1_106' title="bbox 2072 4667 3653 4743">
    <p class='ocr_par' dir='ltr' id='par_1_106' title="bbox 2072 4667 3653 4743">
     <span class='ocr_line' id='line_1_106' title="bbox 2072 4667 3653 4743; baseline 0.001 -21"><span class='ocrx_word' id='word_1_766' title='bbox 2072 4667 2261 4739; x_wconf 82' lang='grc' dir='ltr'>χρῆμά</span> <span class='ocrx_word' id='word_1_767' title='bbox 2307 4668 2454 4720; x_wconf 84' lang='grc' dir='ltr'>ἐστιν</span> <span class='ocrx_word' id='word_1_768' title='bbox 2486 4668 2546 4722; x_wconf 76' lang='grc' dir='ltr'><strong>τδ</strong></span> <span class='ocrx_word' id='word_1_769' title='bbox 2581 4669 2681 4740; x_wconf 81' lang='grc' dir='ltr'><strong>τῆς</strong></span> <span class='ocrx_word' id='word_1_770' title='bbox 2729 4671 2995 4741; x_wconf 84' lang='grc' dir='ltr'>ἐπικήρου</span> <span class='ocrx_word' id='word_1_771' title='bbox 3043 4670 3245 4740; x_wconf 84' lang='grc' dir='ltr'>ταύτης</span> <span class='ocrx_word' id='word_1_772' title='bbox 3284 4669 3462 4743; x_wconf 77' lang='grc' dir='ltr'><strong>ξωῆς’</strong></span> <span class='ocrx_word' id='word_1_773' title='bbox 3495 4671 3591 4723; x_wconf 77' lang='grc' dir='ltr'>καὶ</span> <span class='ocrx_word' id='word_1_774' title='bbox 3622 4673 3653 4724; x_wconf 86' lang='grc' dir='ltr'><strong>ό</strong></span> 
     </span>
    </p>
   </div>
   <div class='ocr_carea' id='block_1_107' title="bbox 2075 4756 3653 4831">
    <p class='ocr_par' dir='ltr' id='par_1_107' title="bbox 2075 4756 3653 4831">
     <span class='ocr_line' id='line_1_107' title="bbox 2075 4756 3653 4831; baseline 0.002 -21"><span class='ocrx_word' id='word_1_775' title='bbox 2075 4759 2311 4827; x_wconf 84' lang='grc' dir='ltr'>σήμερον</span> <span class='ocrx_word' id='word_1_776' title='bbox 2336 4756 2562 4823; x_wconf 79' lang='grc' dir='ltr'>ἔνδοξος,</span> <span class='ocrx_word' id='word_1_777' title='bbox 2588 4757 2776 4831; x_wconf 77' lang='grc' dir='ltr'>αὔριον</span> <span class='ocrx_word' id='word_1_778' title='bbox 2795 4759 3047 4825; x_wconf 79' lang='grc' dir='ltr'>ἐλεεινὸς,</span> <span class='ocrx_word' id='word_1_779' title='bbox 3073 4760 3255 4814; x_wconf 75' lang='grc' dir='ltr'>οἴκτου</span> <span class='ocrx_word' id='word_1_780' title='bbox 3281 4761 3378 4815; x_wconf 67' lang='grc' dir='ltr'><strong>καὶ</strong></span> <span class='ocrx_word' id='word_1_781' title='bbox 3398 4759 3653 4831; x_wconf 79' lang='grc' dir='ltr'>βοηθείας</span> 
     </span>
    </p>
   </div>
   <div class='ocr_carea' id='block_1_108' title="bbox 2073 4845 3650 4921">
    <p class='ocr_par' dir='ltr' id='par_1_108' title="bbox 2073 4845 3650 4921">
     <span class='ocr_line' id='line_1_108' title="bbox 2073 4845 3650 4921; baseline 0 -18"><span class='ocrx_word' id='word_1_782' title='bbox 2073 4845 2219 4912; x_wconf 78' lang='grc' dir='ltr'>ἄξιος</span> <span class='ocrx_word' id='word_1_783' title='bbox 2242 4864 2259 4880; x_wconf 89' lang='grc'><strong>·</strong></span> <span class='ocrx_word' id='word_1_784' title='bbox 2308 4849 2337 4901; x_wconf 84' lang='grc' dir='ltr'><strong>ό</strong></span> <span class='ocrx_word' id='word_1_785' title='bbox 2378 4847 2473 4903; x_wconf 82' lang='grc' dir='ltr'>νῦν</span> <span class='ocrx_word' id='word_1_786' title='bbox 2507 4847 2736 4920; x_wconf 74' lang='grc' dir='ltr'>εὔπορος</span> <span class='ocrx_word' id='word_1_787' title='bbox 2769 4849 2865 4904; x_wconf 71' lang='grc' dir='ltr'><strong>καὶ</strong></span> <span class='ocrx_word' id='word_1_788' title='bbox 2902 4849 3300 4921; x_wconf 78' lang='grc' dir='ltr'>εὐθηνούμενος</span> <span class='ocrx_word' id='word_1_789' title='bbox 3343 4852 3462 4914; x_wconf 84' lang='grc' dir='ltr'>ταῖς</span> <span class='ocrx_word' id='word_1_790' title='bbox 3493 4849 3650 4914; x_wconf 77' lang='grc' dir='ltr'>ὕλαις</span> 
     </span>
    </p>
   </div>
   <div class='ocr_carea' id='block_1_109' title="bbox 2071 4938 3651 5015">
    <p class='ocr_par' dir='ltr' id='par_1_109' title="bbox 2071 4938 3651 5015">
     <span class='ocr_line' id='line_1_109' title="bbox 2071 4938 3651 5015; baseline 0.003 -24"><span class='ocrx_word' id='word_1_791' title='bbox 2071 4938 2166 4992; x_wconf 79' lang='grc' dir='ltr'>τοῦ</span> <span class='ocrx_word' id='word_1_792' title='bbox 2211 4938 2473 5008; x_wconf 78' lang='grc' dir='ltr'>πλούτου,</span> <span class='ocrx_word' id='word_1_793' title='bbox 2520 4940 2690 5011; x_wconf 83' lang='grc' dir='ltr'>πένης</span> <span class='ocrx_word' id='word_1_794' title='bbox 2730 4940 2865 5011; x_wconf 89' lang='grc' dir='ltr'><strong>μετά</strong></span> <span class='ocrx_word' id='word_1_795' title='bbox 2917 4942 3142 5015; x_wconf 84' lang='grc' dir='ltr'>μικρὸν,</span> <span class='ocrx_word' id='word_1_796' title='bbox 3186 4942 3308 4996; x_wconf 81' lang='grc' dir='ltr'>οὐδὲ</span> <span class='ocrx_word' id='word_1_797' title='bbox 3349 4941 3440 4995; x_wconf 84' lang='grc' dir='ltr'><strong>τὸν</strong></span> <span class='ocrx_word' id='word_1_798' title='bbox 3483 4940 3651 5013; x_wconf 68' lang='grc' dir='ltr'>ἄρτον</span> 
     </span>
    </p>
   </div>
   <div class='ocr_carea' id='block_1_110' title="bbox 2073 5029 3651 5108">
    <p class='ocr_par' dir='ltr' id='par_1_110' title="bbox 2073 5029 3651 5108">
     <span class='ocr_line' id='line_1_110' title="bbox 2073 5029 3651 5108; baseline 0.001 -23"><span class='ocrx_word' id='word_1_799' title='bbox 2073 5030 2279 5086; x_wconf 69' lang='grc' dir='ltr'>οἴκοθεν</span> <span class='ocrx_word' id='word_1_800' title='bbox 2304 5029 2462 5103; x_wconf 74' lang='grc' dir='ltr'>ἔχων,</span> <span class='ocrx_word' id='word_1_801' title='bbox 2506 5030 2566 5087; x_wconf 84' lang='grc' dir='ltr'>ὃν</span> <span class='ocrx_word' id='word_1_802' title='bbox 2610 5033 2986 5106; x_wconf 80' lang='grc' dir='ltr'>προσφέρηται</span> <span class='ocrx_word' id='word_1_803' title='bbox 3028 5036 3108 5098; x_wconf 88' lang='grc' dir='ltr'><strong>εἰς</strong></span> <span class='ocrx_word' id='word_1_804' title='bbox 3138 5032 3303 5106; x_wconf 82' lang='grc' dir='ltr'>ζωήν.</span> <span class='ocrx_word' id='word_1_805' title='bbox 3336 5033 3443 5090; x_wconf 76' lang='grc' dir='ltr'><strong>Καὶ</strong></span> <span class='ocrx_word' id='word_1_806' title='bbox 3473 5034 3651 5108; x_wconf 84' lang='grc' dir='ltr'>τούτῳ</span> 
     </span>
    </p>
   </div>
   <div class='ocr_carea' id='block_1_111' title="bbox 2072 5384 3650 5456">
    <p class='ocr_par' dir='ltr' id='par_1_111' title="bbox 2072 5384 3650 5456">
     <span class='ocr_line' id='line_1_111' title="bbox 2072 5384 3650 5456; baseline 0 -15"><span class='ocrx_word' id='word_1_807' title='bbox 2072 5386 2239 5441; x_wconf 84' lang='lat' dir='ltr'><strong>vitam</strong></span> <span class='ocrx_word' id='word_1_808' title='bbox 2295 5385 2463 5456; x_wconf 86' lang='lat' dir='ltr'><strong>ipsam</strong></span> <span class='ocrx_word' id='word_1_809' title='bbox 2503 5401 2568 5441; x_wconf 90' lang='lat' dir='ltr'><strong>ac</strong></span> <span class='ocrx_word' id='word_1_810' title='bbox 2603 5386 2784 5441; x_wconf 90' lang='lat' dir='ltr'><strong>omnia</strong></span> <span class='ocrx_word' id='word_1_811' title='bbox 2824 5385 2893 5442; x_wconf 92' lang='lat' dir='ltr'><strong>ab</strong></span> <span class='ocrx_word' id='word_1_812' title='bbox 2943 5401 3008 5441; x_wconf 93' lang='lat' dir='ltr'><strong>eo</strong></span> <span class='ocrx_word' id='word_1_813' title='bbox 3052 5384 3335 5453; x_wconf 88' lang='lat' dir='ltr'><strong>habentes,</strong></span> <span class='ocrx_word' id='word_1_814' title='bbox 3380 5385 3460 5441; x_wconf 88' lang='lat' dir='ltr'><strong>sic</strong></span> <span class='ocrx_word' id='word_1_815' title='bbox 3501 5389 3650 5441; x_wconf 86' lang='lat' dir='ltr'><strong>velut</strong></span> 
     </span>
    </p>
   </div>
   <div class='ocr_carea' id='block_1_112' title="bbox 2078 5456 3647 5527">
    <p class='ocr_par' dir='ltr' id='par_1_112' title="bbox 2078 5456 3647 5527">
     <span class='ocr_line' id='line_1_112' title="bbox 2078 5456 3647 5527; baseline -0.001 -15"><span class='ocrx_word' id='word_1_816' title='bbox 2078 5457 2341 5526; x_wconf 84' lang='lat' dir='ltr'><strong>precario,</strong></span> <span class='ocrx_word' id='word_1_817' title='bbox 2373 5467 2430 5511; x_wconf 88' lang='lat' dir='ltr'><strong>ut</strong></span> <span class='ocrx_word' id='word_1_818' title='bbox 2452 5471 2573 5513; x_wconf 85' lang='lat' dir='ltr'><strong>eum</strong></span> <span class='ocrx_word' id='word_1_819' title='bbox 2609 5456 2838 5511; x_wconf 84' lang='lat' dir='ltr'><strong>voluerit</strong></span> <span class='ocrx_word' id='word_1_820' title='bbox 2867 5466 3090 5527; x_wconf 85' lang='lat' dir='ltr'><strong>repetat,</strong></span> <span class='ocrx_word' id='word_1_821' title='bbox 3127 5467 3288 5526; x_wconf 85' lang='lat' dir='ltr'><strong>atque</strong></span> <span class='ocrx_word' id='word_1_822' title='bbox 3325 5456 3390 5510; x_wconf 89' lang='lat' dir='ltr'><strong>ad</strong></span> <span class='ocrx_word' id='word_1_823' title='bbox 3427 5472 3556 5511; x_wconf 85' lang='lat' dir='ltr'><strong>usus</strong></span> <span class='ocrx_word' id='word_1_824' title='bbox 3582 5472 3647 5511; x_wconf 86' lang='lat' dir='ltr'><strong>ac</strong></span> 
     </span>
    </p>
   </div>
   <div class='ocr_carea' id='block_1_113' title="bbox 2079 5527 3648 5595">
    <p class='ocr_par' dir='ltr' id='par_1_113' title="bbox 2079 5527 3648 5595">
     <span class='ocr_line' id='line_1_113' title="bbox 2079 5527 3648 5595; baseline 0.001 -15"><span class='ocrx_word' id='word_1_825' title='bbox 2079 5528 2565 5583; x_wconf 84' lang='lat' dir='ltr'><strong>administrationis</strong></span> <span class='ocrx_word' id='word_1_826' title='bbox 2595 5528 2856 5581; x_wconf 73' lang='lat' dir='ltr'><strong>rationem</strong></span> <span class='ocrx_word' id='word_1_827' title='bbox 2888 5537 3045 5595; x_wconf 86' lang='lat' dir='ltr'><strong>cogat</strong></span> <span class='ocrx_word' id='word_1_828' title='bbox 3082 5538 3288 5595; x_wconf 84' lang='lat' dir='ltr'><strong>:atque</strong></span> <span class='ocrx_word' id='word_1_829' title='bbox 3334 5528 3466 5581; x_wconf 85' lang='lat' dir='ltr'><strong>adeo</strong></span> <span class='ocrx_word' id='word_1_830' title='bbox 3513 5527 3648 5581; x_wconf 89' lang='lat' dir='ltr'><strong>nihil</strong></span> 
     </span>
    </p>
   </div>
   <div class='ocr_carea' id='block_1_114' title="bbox 2076 5596 3645 5665">
    <p class='ocr_par' dir='ltr' id='par_1_114' title="bbox 2076 5596 3645 5665">
     <span class='ocr_line' id='line_1_114' title="bbox 2076 5596 3645 5665; baseline -0.001 -15"><span class='ocrx_word' id='word_1_831' title='bbox 2076 5598 2141 5650; x_wconf 85' lang='lat' dir='ltr'><strong>ad</strong></span> <span class='ocrx_word' id='word_1_832' title='bbox 2181 5612 2291 5650; x_wconf 84' lang='lat' dir='ltr'><strong>rem</strong></span> <span class='ocrx_word' id='word_1_833' title='bbox 2334 5612 2490 5665; x_wconf 84' lang='lat' dir='ltr'><strong>quem</strong></span> <span class='ocrx_word' id='word_1_834' title='bbox 2545 5600 2677 5652; x_wconf 82' lang='lat' dir='ltr'><strong>citat</strong></span> <span class='ocrx_word' id='word_1_835' title='bbox 2715 5600 2861 5651; x_wconf 85' lang='lat' dir='ltr'><strong>locus</strong></span> <span class='ocrx_word' id='word_1_836' title='bbox 2905 5596 3108 5652; x_wconf 79' lang='lat' dir='ltr'><strong>.lttdith.</strong></span> <span class='ocrx_word' id='word_1_837' title='bbox 3159 5613 3211 5651; x_wconf 78' lang='lat' dir='ltr'><strong>Ix</strong></span> <span class='ocrx_word' id='word_1_838' title='bbox 3254 5599 3359 5653; x_wconf 78' lang='lat' dir='ltr'><strong>l7:</strong></span> <span class='ocrx_word' id='word_1_839' title='bbox 3415 5596 3645 5650; x_wconf 75' lang='grc' dir='ltr'>Βασιλεῦ</span> 
     </span>
    </p>
   </div>
   <div class='ocr_carea' id='block_1_115' title="bbox 2075 5665 3646 5739">
    <p class='ocr_par' dir='ltr' id='par_1_115' title="bbox 2075 5665 3646 5739">
     <span class='ocr_line' id='line_1_115' title="bbox 2075 5665 3646 5739; baseline 0.001 -20"><span class='ocrx_word' id='word_1_840' title='bbox 2075 5667 2257 5739; x_wconf 86' lang='grc' dir='ltr'>πάσης</span> <span class='ocrx_word' id='word_1_841' title='bbox 2295 5665 2524 5731; x_wconf 76' lang='grc' dir='ltr'>κτίσεως</span> <span class='ocrx_word' id='word_1_842' title='bbox 2576 5665 2840 5739; x_wconf 30' lang='grc' dir='ltr'>σουίιίεα·</span> <span class='ocrx_word' id='word_1_843' title='bbox 2879 5669 3046 5739; x_wconf 77' lang='lat' dir='ltr'><strong>omnis</strong></span> <span class='ocrx_word' id='word_1_844' title='bbox 3079 5679 3330 5739; x_wconf 69' lang='lat' dir='ltr'><strong>creatum</strong></span> <span class='ocrx_word' id='word_1_845' title='bbox 3373 5678 3495 5739; x_wconf 64' lang='lat' dir='ltr'><strong>luat.</strong></span> <span class='ocrx_word' id='word_1_846' title='bbox 3553 5666 3646 5721; x_wconf 87' lang='lat' dir='ltr'><strong>Sic</strong></span> 
     </span>
    </p>
   </div>
   <div class='ocr_carea' id='block_1_116' title="bbox 2075 5736 3644 5813">
    <p class='ocr_par' dir='ltr' id='par_1_116' title="bbox 2075 5736 3644 5813">
     <span class='ocr_line' id='line_1_116' title="bbox 2075 5736 3644 5813; baseline 0.001 -24"><span class='ocrx_word' id='word_1_847' title='bbox 2075 5736 2237 5813; x_wconf 76' lang='lat' dir='ltr'><strong>paulo</strong></span> <span class='ocrx_word' id='word_1_848' title='bbox 2263 5748 2382 5807; x_wconf 92' lang='lat' dir='ltr'><strong>post</strong></span> <span class='ocrx_word' id='word_1_849' title='bbox 2423 5739 2611 5805; x_wconf 85' lang='lat' dir='ltr'><strong>repetit</strong></span> <span class='ocrx_word' id='word_1_850' title='bbox 2661 5736 2848 5813; x_wconf 69' lang='grc' dir='ltr'>κύριον</span> <span class='ocrx_word' id='word_1_851' title='bbox 2889 5737 2994 5813; x_wconf 67' lang='grc' dir='ltr'><strong>τῶν</strong></span> <span class='ocrx_word' id='word_1_852' title='bbox 3032 5738 3330 5810; x_wconf 80' lang='grc' dir='ltr'>χρημάτων</span> <span class='ocrx_word' id='word_1_853' title='bbox 3378 5738 3473 5795; x_wconf 77' lang='grc' dir='ltr'><strong>καὶ</strong></span> <span class='ocrx_word' id='word_1_854' title='bbox 3504 5742 3644 5813; x_wconf 71' lang='grc' dir='ltr'>κτη-</span> 
     </span>
    </p>
   </div>
   <div class='ocr_carea' id='block_1_117' title="bbox 2080 5807 3020 5883">
    <p class='ocr_par' dir='ltr' id='par_1_117' title="bbox 2080 5807 3020 5883">
     <span class='ocr_line' id='line_1_117' title="bbox 2080 5807 3020 5883; baseline -0.002 -17"><span class='ocrx_word' id='word_1_855' title='bbox 2080 5807 2285 5883; x_wconf 81' lang='grc' dir='ltr'>μάτων,</span> <span class='ocrx_word' id='word_1_856' title='bbox 2322 5823 2384 5865; x_wconf 90' lang='lat' dir='ltr'><strong>ac</strong></span> <span class='ocrx_word' id='word_1_857' title='bbox 2413 5817 2521 5865; x_wconf 87' lang='lat' dir='ltr'><strong>tota</strong></span> <span class='ocrx_word' id='word_1_858' title='bbox 2551 5807 2748 5879; x_wconf 84' lang='lat' dir='ltr'><strong>passim</strong></span> <span class='ocrx_word' id='word_1_859' title='bbox 2781 5807 3020 5866; x_wconf 87' lang='lat' dir='ltr'><strong>bomilia.</strong></span> 
     </span>
    </p>
   </div>
  </div>
