3824 6270
398 301 503 357 183
1665 303 1727 364 S.
1766 306 1980 363 ASTEE

2097 305 2380 361 \MASENI
3541 309 3642 365 184

399 417 491 476 nia
519 414 701 472 statim
730 416 945 488 excepit
974 435 989 485 ;
1022 425 1247 472 stratum
1269 456 1284 482 ,
1308 415 1483 487 ignem
1503 459 1518 488 ,
1544 433 1818 475 ramorum
1847 437 1966 475 um-

2097 421 2283 494 ένδρον
2319 421 2410 475 ἐπὶ
2441 437 2570 493 μιας
2608 420 2821 493 ἡμέρας
2868 419 3085 490 ἐγένετο
3130 419 3269 491 τάχα
3304 419 3434 475 δέκα
3479 421 3645 490 ξένων

400 507 594 576 bram,
651 523 715 564 ac
768 523 962 580 aquam
1015 506 1503 578 praeterﬂuentem;
1562 513 1831 581 cwpitque
1881 511 1970 568 ille

2097 511 2432 584 ›λιγοχρόνιον
2478 511 2822 581 καταγώγιον
2847 529 2860 543 ο
2903 514 2998 566 καὶ
3049 512 3109 566 τὸ
3157 513 3371 567 πάντων
3418 518 3647 586 γενόμε-

399 599 708 667 recubare;
767 610 855 668 tu,
909 611 1054 655 tuum
1091 601 1343 670 prosequi
1382 601 1503 657 iter.
1545 601 1854 659 Delectatus
1889 611 1973 660 est

2097 622 2184 671 νον,
2217 599 2336 668 ἑνὸς
2363 599 2431 676 ἦν
2460 603 2553 658 τοῦ
2581 604 2735 668 ὄντος
2762 604 2971 676 κυρίου.
3001 604 3214 657 Οὑτωσὶ
3248 605 3304 658 δὲ
3333 606 3425 659 καὶ
3456 609 3512 659 αἱ
3549 625 3648 661 πε-

397 702 453 746 et
486 691 607 756 ille,
671 701 890 762 tumque
937 693 1158 762 reliquit
1205 703 1451 749 tectum:
1503 697 1800 765 eademque
1852 696 1968 764 ipsa

2097 696 2306 750 nouatur.
2338 697 2438 768 τῆς
2463 695 2696 751 ἐνταῦθα
2733 695 3008 767 διαγωγῆς
3032 737 3046 762 ,
3084 697 3346 768 τέρπουσι
3388 699 3487 770 μὲν
3523 698 3650 753 πολ-

399 783 564 837 arbor
611 798 715 838 una
771 785 891 849 die,
941 784 1124 839 decem
1168 783 1306 840 forte
1352 786 1622 856 hospitum
1677 787 1742 841 ad
1803 786 1970 842 breve

2097 783 2196 846 ,οὺς
2243 782 2337 836 καὶ
2376 783 2668 854 τρέφουσι’
2714 784 2814 854 τῆς
2863 784 3182 848 δεσποτείας
3217 785 3360 857 μόνῳ
3404 788 3483 858 τῷ
3527 788 3649 861 Θεῷ

409 883 620 942 tempus
665 874 1017 929 diversorium
1074 873 1219 942 fuit;
1275 890 1338 932 ac
1391 891 1513 947 qua:
1565 876 1815 932 omnibus
1869 892 1967 931 usu

2097 874 2476 946 προσηκούσης,
2499 874 2576 944 τῷ
2597 874 2872 946 ἄφθαρτον
2901 875 2993 927 καὶ
3017 874 3319 948 ἀνώλεθρον
3347 877 3523 948 ἔχοντι
3549 879 3648 950 τὴν

401 967 612 1036 patuit,
648 967 807 1022 unius
838 979 957 1022 erat
992 970 1102 1024 veri
1150 969 1377 1025 domini.
1428 969 1581 1024 Haud
1624 970 1803 1036 aliter,
1847 971 1970 1026 vitae

2097 967 2240 1036 ζωήν.
2282 965 2520 1020 Ἐθεάσω
2536 966 2628 1020 καὶ
2655 966 2987 1035 πανδοχεῖον,
3016 967 3101 1036 ἐφ’
3125 961 3185 1021 οὗ
3205 968 3423 1032 πάντως
3441 970 3648 1024 ὁδεύων

401 1060 560 1128 hujus
607 1059 890 1115 facultates
937 1075 1000 1115 ae
1043 1061 1245 1131 copiae,
1292 1077 1414 1116 cum
1463 1061 1661 1117 multos
1701 1061 1968 1122 delectent

2097 1056 2403 1122 ιατὲλυσας’
2431 1055 2624 1120 ἔλαϐες
2655 1057 2712 1110 δὲ
2741 1057 2953 1111 ἐκεῖθεν
2982 1057 3152 1112 πολλά
3173 1097 3188 1123 ,
3221 1058 3506 1130 βαστάζων
3541 1077 3649 1131 μη·-

399 1167 464 1204 ae
523 1161 780 1221 pascant,
837 1152 1078 1207 dominio
1145 1163 1322 1208 tamen
1378 1152 1444 1207 ad
1505 1153 1678 1209 solum
1742 1153 1973 1207 attinent

2100 1147 2178 1212 ὲν,
2227 1147 2449 1220 κλίνην,
2489 1147 2803 1220 τράπεζαν,
2845 1147 3182 1220 ἐκπώματα,
3230 1149 3466 1214 πίνακα,
3509 1149 3648 1203 ἄλλα

402 1243 610 1306 Deum,
644 1243 732 1312 qui
767 1243 1124 1298 immortalem
1172 1260 1236 1300 ac
1283 1244 1646 1314 corruptionis
1691 1252 1970 1312 expertem

2097 1237 2236 1310 κεύη
2289 1239 2624 1293 παντοδαπά.
2661 1239 2971 1308 Οὐδέπω,δὲ
3000 1257 3102 1293 που
3137 1241 3274 1312 πρὸς
3311 1241 3652 1312 αὐτάρκειαν

399 1332 636 1400 possidet
683 1333 870 1388 vitam.
907 1331 1094 1389 Vidisti
1141 1348 1356 1404 quoque
1403 1349 1688 1388 commune
1731 1333 1972 1388 diverso-

2097 1331 2450 1402 ςρησαμένου,
2497 1325 2632 1402 ἧκεν
2663 1331 2820 1397 ἄλλος
2867 1332 3170 1386 πνευστιῶν
3193 1374 3208 1398 ,
3255 1334 3650 1405 κεκονιαμένος

401 1422 574 1489 rium,
611 1438 719 1492 quo
765 1424 924 1493 plane
977 1423 1201 1493 contigit
1247 1431 1494 1492 agentem
1547 1423 1648 1478 iter
1677 1423 1969 1478 divertere.

2097 1419 2410 1489 ιατεπείγων
2447 1438 2505 1475 σε
2547 1423 2639 1476 καὶ
2672 1422 2895 1496 ὲξείρων
2927 1423 3020 1477 τοῦ
3052 1425 3388 1497 πανδοχείου,
3419 1428 3516 1481 καὶ
3551 1427 3653 1500 ζηεν

399 1511 562 1566 Multa
598 1514 721 1570 inde
753 1514 1049 1585 accepisti,
1083 1529 1203 1569 cum
1238 1513 1370 1568 nihil
1401 1512 1705 1578 intulisses,
1739 1512 1968 1577 lectum,

2097 1509 2176 1565 ’ὧν
2205 1511 2273 1566 τὰ
2296 1511 2552 1585 ἀλλότρια
2575 1514 2649 1578 ὼς
2675 1514 2950 1586 ἐξαίρετα.

399 1619 674 1672 mensam,
721 1605 946 1674 pocula,
995 1605 1202 1672 discos,
1253 1604 1688 1674 aliaqueomnis
1739 1603 1954 1675 generis
1991 1617 2140 1658 vasa.
2187 1603 2283 1660 Ubi
2318 1613 2496 1678 autem
2527 1607 2753 1662 necdum
2795 1608 2862 1663 iis
2909 1617 3167 1678 quantum
3223 1609 3359 1666 satis
3417 1611 3649 1667 videba-

399 1712 504 1765 tur,
551 1714 681 1754 usus
717 1713 898 1765 esses,
930 1698 1245 1770 supervenit
1309 1698 1448 1753 alius
1505 1695 1914 1753 anlielabundus
1949 1709 2012 1752 ac
2051 1677 2496 1766 pulverulentus,
2557 1713 2758 1770 urgens
2789 1710 2877 1766 te,
2923 1710 3086 1773 atque
3132 1702 3282 1758 exire
3314 1705 3655 1774 compellens

395 1813 429 1851 e
457 1793 791 1858 diversorio',
827 1793 1108 1862 alienaque
1135 1807 1232 1847 ceu
1271 1791 1486 1862 prepria
1524 1799 1797 1862 repetens.

468 1888 617 1944 Talis
673 1887 896 1942 omnino
943 1888 1049 1941 vita
1085 1895 1290 1954 nostra,
1341 1885 1560 1949 fratres,
1604 1884 1786 1939 aut‘si
1830 1880 1957 1952 quid

2133 1877 2385 1943 Τοιοῦτος
2409 1879 2565 1951 ἡμῶν
2598 1882 2627 1935 ό
2666 1879 2798 1952 βίος,
2848 1882 3085 1952 ἀδελφοὶ,
3139 1883 3230 1937 καὶ
3255 1883 3306 1937 ετ
3326 1902 3376 1938 τι
3394 1883 3502 1938 τῶν
3527 1884 3657 1956 λεχ-

396 1981 554 2036 dictis
582 1978 952 2034 transitorium
998 1978 1166 2047 magis
1201 1992 1265 2032 ac
1323 1977 1590 2031 caducum
1647 1982 1751 2030 est.
1791 1973 1970 2040 Quare

2097 1971 2270 2026 ιέντων
2295 1969 2711 2044 προδικώτερον.
2779 1973 2919 2042 Ἐγὼ
2962 1974 3018 2028 δὲ
3081 1973 3345 2045 θαυμάζω
3399 1977 3528 2038 τοὺς
3561 1975 3655 2028 λέ-

395 2087 517 2124 cum
557 2069 765 2138 aliquos
802 2069 963 2123 audio
1005 2068 1280 2123 dicentes:
1319 2066 1584 2122 Prandium
1637 2079 1850 2129 meum;
1891 2071 1968 2126 et,

2097 2081 2298 2130 νοντας·
2332 2065 2406 2118 Τὸ
2425 2065 2624 2138 χωρίον
2683 2083 2785 2137 μου
2811 2083 2824 2097 ·
2859 2066 2976 2131 καὶ,
3017 2067 3083 2119 Ἦ
3117 2065 3263 2120 οίκία
3304 2083 3405 2138 μου
3427 2083 3441 2097 ο
3500 2068 3656 2131 ὅπως

397 2163 599 2217 Domus
647 2175 804 2228 mea,
847 2159 990 2216 haud
1019 2161 1152 2216 satis
1191 2161 1376 2216 mirari
1411 2174 1627 2229 possum
1649 2198 1666 2224 ,
1703 2158 1971 2228 quomodo

2097 2157 2288 2229 ιαταίῳ
2323 2157 2560 2230 συλλαϐῇ
2623 2157 3010 2223 ὲξοικειοῦνται
3063 2157 3133 2212 τὰ
3165 2158 3240 2230 μὴ
3281 2160 3656 2231 προσήκοντα,

403 2269 523 2321 qua:
557 2267 662 2308 non
696 2263 823 2307 sunt
853 2266 1074 2316 eorum,
1108 2252 1255 2307 inani
1295 2250 1396 2307 sibi
1434 2250 1635 2323 syllaba
1677 2251 1970 2317 vindicent,

2097 2256 2165 2308 εα¹ι
2182 2254 2329 2327 τρισὶ⁸
2352 2254 2640 2326 στοιχείοις
2670 2255 2968 2327 ἀπατηλοῖς
2996 2253 3438 2324 ἐναγκαλίζονται
3459 2255 3526 2308 τὰ
3560 2255 3660 2308 ἀλ-

397 2346 682 2414 tribusque
703 2344 989 2398 fallacibus
1008 2344 1266 2400 litterulis
1293 2343 1469 2398 aliena
1501 2343 1620 2399 sinu
1645 2343 1967 2413 astringant.

2097 2347 2276 2421 ,ότρια.
2315 2348 2404 2410 Ὦς
2447 2346 2556 2419 γὰρ
2607 2347 2675 2402 τὰ
2705 2347 2814 2400 τῶν
2849 2346 3266 2417 Θαυματοποιῶν
3313 2349 3655 2418 προσωπεῖα,

399 2439 551 2492 Sicut
574 2437 719 2492 enim
743 2436 1068 2492 histrionum
1095 2451 1355 2505 personas
1379 2451 1538 2491 nemo
1563 2435 1778 2505 quidem
1811 2449 1974 2503 pecu-

2097 2457 2185 2510 χει
2211 2440 2309 2512 μὲν
2346 2439 2521 2503 οὐδεὶς
2582 2441 2698 2494 κατ’
2739 2439 3034 2512 ἐξαίρετον,
3066 2441 3267 2504 πάντες
3287 2439 3343 2492 δὲ
3381 2440 3656 2493 ἐπιτίθεν-

2070 2547 2161 2583 ται
2181 2531 2230 2583 oi
2271 2530 2379 2584 τῶν
2421 2530 2715 2604 δραμάτων
2745 2531 3062 2604 ὑποκριταί·
3105 2531 3245 2584 οὕτω
3273 2531 3371 2600 τὴν
3407 2531 3508 2600 γῆν
3557 2531 3660 2584 καὶ

2072 2621 2171 2685 τὰς
2192 2623 2289 2675 ἀπ’
2312 2621 2527 2692 ἐκείνης
2549 2621 2701 2686 ὕλας,
2749 2621 2898 2676 ἄλλοι
2925 2619 2984 2685 ἐξ
3009 2620 3183 2674 ἄλλων
3210 2620 3285 2684 ὡς
3305 2619 3494 2691 ἱμάτια
3525 2636 3662 2691 μετ-

2073 2711 2367 2766 ενδύονται.
2401 2714 2493 2786 Μή
2521 2731 2573 2766 τι
2604 2712 2897 2784 βασιλείας,
2941 2711 3065 2765 είπέ
3111 2728 3222 2783 μοι,
3250 2710 3659 2782 δυνατώτερονς

2073 2805 2188 2860 ἀλλ’
2213 2806 2364 2877 ὅμως
2397 2804 2690 2878 ἐρεύνησον
2755 2804 2826 2858 τὰ
2858 2805 3133 2877 βασίλειαο
3189 2803 3421 2876 ζήτησον
3448 2801 3663 2874 χλαμύ-

2075 2896 2170 2960 δας
2201 2895 2511 2965 βασιλικάς·
2544 2896 2797 2968 εὑρήσεις
2830 2896 2886 2950 δὲ
2939 2895 3142 2959 ταύτας
3195 2894 3406 2958 ἱκανὰς,
3432 2894 3488 2948 αἲ
3523 2893 3660 2947 πολ-

399 2985 657 3055 plurimas
707 2995 838 3038 sane
890 2998 1009 3053 qua:
1061 2983 1353 3038 multorum
1409 2997 1595 3054 regum
1637 2983 1978 3038 contexerint

2097 2986 2183 3038 κῶν
2219 2985 2481 3057 βασιλέων
2514 2985 2770 3040 ἐνέδυσαν
2794 2984 3040 3059 σώματα.
3085 2985 3316 3057 Ὁμοίως
3337 2985 3392 3039 δὲ
3416 2984 3665 3048 καὶτοὺς

399 3089 650 3145 corpora,
677 3074 918 3130 oll'endes
958 3091 972 3128 :
1009 3074 1172 3130 simili
1203 3088 1418 3146 quoque
1447 3075 1678 3139 ratione,
1725 3085 1975 3139 coronas,

2097 3079 2396 3148 ιτειράνους,
2425 3078 2520 3132 καὶ⁵
2571 3078 2670 3144 τὰς
2702 3079 2939 3152 πόρπας,
2987 3078 3083 3133 καὶ
3120 3077 3219 3142 τὰς
3252 3077 3448 3141 ζώνας,
3484 3078 3665 3134 πάντα

401 3167 620 3239 libulas,
667 3181 832 3221 zoras
877 3164 1031 3237 (12);
1083 3166 1266 3220 omnia
1307 3164 1560 3220 nimirum
1604 3165 1976 3220 haereditatem

2097 3168 2443 3242 ιληρονομίαν
2481 3168 2732 3235 ἄστατον,
2763 3169 2956 3242 χρῆσιν
2985 3168 3168 3241 κοινὴν
3195 3168 3304 3221 ἀπὸ
3325 3167 3432 3220 τῶν
3449 3165 3663 3222 ὁδευόν-

355 3263 359 3268 “
401 3258 746 3322 instabilem;
803 3273 1144 3314 communem
1196 3273 1394 3323 usum,
1445 3258 1513 3312 ab
1565 3258 1674 3325 iis,
1731 3258 1820 3328 qui
1879 3258 1980 3312 iter

2097 3276 2188 3312 των
2239 3259 2318 3323 είς
2382 3260 2508 3323 τοὺς
2565 3259 2826 3330 μένοντας
2877 3258 3296 3313 ἁποόαίνουσαν.
3344 3257 3410 3311 Τί
3442 3256 3499 3310 δὲ
3552 3256 3667 3310 τῶν

402 3359 603 3420 ngumt,
637 3351 703 3406 ad
747 3349 883 3406 alios
913 3359 1285 3407 transeuntem
1309 3391 1324 3417 ,
1365 3349 1454 3420 qui
1489 3359 1793 3405 remanent.
1835 3349 1979 3416 Quid

2097 3350 2438 3422 ὕπαρχόντων
2469 3351 2512 3382 ¹⁶
2538 3351 2695 3418 ἀξίας
2725 3353 2759 3422 ὴ
2787 3351 2981 3423 σκηνὴ,
3009 3350 3069 3404 τὸ
3099 3348 3372 3422 ἀργυροῦν
3396 3349 3599 3420 ὄχημα,
3630 3349 3666 3418 ἡ

399 2531 610 2586 liariter
633 2545 697 2585 ac
727 2529 973 2598 proprias
1012 2527 1196 2592 habet,
1230 2528 1323 2582 sed
1353 2542 1450 2598 pro
1474 2542 1531 2581 re
1560 2541 1623 2581 ac
1655 2535 1972 2596 argumento

399 2623 626 2692 quisque
654 2621 753 2676 sibi
789 2629 941 2675 actor
971 2619 1201 2684 imponit
1228 2637 1243 2686 ;
1275 2619 1345 2673 ita
1379 2628 1581 2673 terram
1625 2631 1974 2687 terrenasque

401 2713 704 2778 facultates,
734 2713 890 2783 quasi
917 2722 1097 2768 vestes
1133 2711 1222 2766 alii
1259 2726 1328 2766 ex
1359 2711 1480 2766 aliis
1511 2711 1741 2767 induunt
1768 2725 1830 2764 ac
1853 2721 1972 2764 mu-

399 2816 534 2860 tant.
561 2805 897 2874 Dic,quaaso,
930 2819 1055 2857 num
1083 2803 1357 2872 potentius
1399 2802 1600 2872 aliquid
1646 2802 1848 2874 regno?
1877 2804 1973 2856 At-

401 2897 488 2966 qui
537 2906 780 2953 scrutare
823 2895 1040 2967 regias;
1085 2896 1344 2965 conquire
1391 2893 1598 2964 regales
1623 2894 1974 2966 chlamydes;

407 3453 589 3497 autem
626 3457 691 3498 ac
717 3442 904 3512 quanti
935 3450 1045 3498 tota
1073 3441 1196 3510 illa,
1233 3457 1396 3512 quam
1425 3441 1683 3512 praesides
1713 3442 1979 3507 obtinent,

404 3533 612 3590 scena?
648 3530 964 3605 argenteum
988 3575 1003 3599 ,
1053 3533 1305 3604 inquam,
1347 3533 1672 3598 vehiculum,
1718 3549 1781 3588 ac
1818 3547 1982 3587 aurea

403 3623 597 3694 virga?
624 3621 811 3678 Nonne
833 3638 1047 3695 semper
1084 3624 1200 3679 haec
1233 3638 1440 3691 praeses
1472 3622 1636 3678 habet
1660 3622 1804 3694 (l3);
1848 3638 1982 3676 nun-

402 3731 564 3785 quam
596 3723 776 3770 tamen
829 3713 968 3770 idem
993 3755 1008 3777 .
1046 3714 1140 3772 sed
1171 3715 1400 3785 quisque
1448 3714 1622 3770 solum
1657 3715 1725 3768 ad
1759 3728 1976 3769 usuram

403 3807 584 3879 exigui
623 3807 924 3878 temporis?
969 3806 1122 3864 Sicut
1157 3808 1302 3864 enim
1344 3807 1602 3862 feretrum
1651 3817 1744 3860 aut
1780 3807 1979 3861 sanda-

403 3900 510 3970 pila
532 3938 548 3964 ,
583 3898 685 3954 alia
731 3900 959 3955 subinde
986 3898 1251 3956 cadavera
1278 3899 1505 3968 suscipit
1531 3917 1544 3954 :
1576 3898 1657 3954 sic
1693 3897 1981 3968 magistra-

407 4002 555 4045 zuum
576 3991 831 4063 insignia,
871 4001 1086 4049 utentes
1115 3991 1404 4048 identidem
1439 4001 1797 4047 commutant.
1826 3987 1982 4045 Unde

403 4093 462 4139 et
488 4082 797 4154 frequentes
814 4084 1101 4154 Apostolus
1127 4084 1179 4139 in
1207 4085 1346 4139 hanc
1367 4083 1479 4138 fere
1527 4081 1854 4137 sententiam
1890 4096 1986 4136 no-

2084 3444 2324 3514 καλαμὶς
2346 3446 2379 3514 ὴ
2415 3444 2624 3516 χρυσῆς
2655 3443 2749 3498 καὶ
2799 3443 2898 3496 οὐκ
2923 3443 3010 3497 ἀεὶ
3038 3442 3206 3497 ταῦτα
3233 3441 3343 3513 ἔχει
3369 3441 3457 3494 τὸν
3486 3440 3666 3512 ὓπαρ-

2085 3557 2200 3610 χον,
2232 3538 2327 3591 καὶ
2351 3535 2604 3590 οὐδέποτε
2629 3535 2722 3588 τὸν
2751 3534 2935 3599 αὐτὸν,
2967 3536 3016 3588 εί
3056 3535 3131 3606 μὴ
3181 3533 3316 3604 πρὸς
3337 3531 3512 3600 ὀλίγον
3535 3530 3668 3585 ἔκα-

2089 3645 2246 3694 στον;
2284 3626 2372 3690 Ὠς
2401 3624 2508 3698 γάρ
2542 3627 2577 3698 ὴ
2614 3625 2767 3698 κλίνη
2801 3625 2902 3697 τῆς
2926 3626 3165 3696 ἐκφορᾶς
3193 3623 3381 3678 ἄλλοτε
3421 3621 3555 3678 ἄλλα
3584 3623 3668 3678 δέ·

2086 3736 2241 3790 χεται
2279 3717 2539 3789 σώματα·
2589 3716 2732 3772 οὕτω
2766 3719 2860 3773 καὶ
2920 3718 3027 3772 τῶν
3084 3717 3266 3789 ἀρχῶν
3298 3716 3368 3771 τὰ
3423 3714 3669 3788 σύμϐολα

2085 3811 2213 3874 τοὺς
2240 3809 2555 3881 χρωμένους
2583 3810 2820 3881 ἀμείϐει.
2860 3809 3139 3863 Ἐντεῦθεν
3187 3810 3281 3862 καὶ
3337 3811 3365 3863 ὁ
3406 3809 3668 3861 Ἀπόστο-

2085 3900 2175 3963 λος
2203 3901 2332 3972 ἡμῖν
2365 3899 2494 3952 ἐϐόα
2515 3899 2772 3963 πλείστας
2803 3898 3007 3968 φωνὰς,
3055 3897 3258 3969 ταύτης
3303 3898 3401 3969 τῆς
3432 3897 3670 3959 διανοίας

2089 3991 2467 4055 παιδευτικάς·
2501 3991 2756 4062 Παρὰγει
2804 3989 2916 4061 γὰρ
2950 3989 3015 4044 τὸ
3045 3988 3254 4058 σχῆμα
3301 3989 3407 4044 τοῦ
3436 3989 3670 4058 κόσμου

2086 4083 2336 4138 τούτου·
2372 4083 2464 4136 καὶ
2502 4082 2582 4149 τὸ,
2619 4084 2712 4149 Ὠς
2756 4082 2955 4152 μηδὲν
3005 4081 3274 4154 ἔχοντες,
3319 4081 3418 4135 καὶ
3471 4079 3671 4134 πάντα

403 4175 490 4229 his
517 4175 829 4230 erudiendis
855 4175 1110 4230 inclamat
1136 4189 1336 4231 voces:
1369 4173 1617 4228 Pra'terit
1643 4173 1781 4226 enim
1810 4173 1980 4242 ﬁgura

2097 4175 2478 4245 κατέχοντες-ο
2518 4176 2632 4242 καὶ,
2667 4178 2731 4233 Οἱ
2771 4175 3078 4246 χρώμενοι,
3118 4175 3200 4242 ὠς
3226 4172 3313 4244 μὴ
3363 4170 3671 4241 παραχρώ-

404 4267 562 4336 hujus
596 4267 779 4320 mundi
798 4266 879 4334 “;
905 4277 958 4321 et
987 4265 1151 4321 illud:
1183 4263 1456 4335 Tanquam
1487 4263 1620 4318 nihil
1641 4263 1907 4324 habentes.
1935 4271 1980 4317 el

2097 4284 2278 4337 μενοι.
2314 4267 2502 4322 Πάντα
2555 4267 2666 4343 γὰρ
2691 4267 2864 4322 ταῦτα
2921 4268 3058 4340 πρὸς
3092 4267 3190 4320 ἕνα
3234 4265 3402 4319 τείνει
3448 4263 3670 4329 σκοπὸν,

403 4355 580 4408 omnia
613 4357 933 4423 possidentes
964 4357 1009 4389 ιδ
1037 4375 1053 4424 ;
1088 4356 1216 4411 illud
1259 4356 1384 4412 item
1415 4372 1430 4410 :
1463 4355 1569 4421 Qui
1597 4363 1838 4417 utuntur,
1868 4364 1980 4409 tan-

2097 4359 2175 4413 ὅτι
2201 4360 2478 4430 προσῆκεν
2510 4360 2586 4423 ὡς
2618 4357 2926 4431 ἐφημέρους
2961 4360 3108 4431 ἡμᾶς
3134 4357 3344 4430 διαζῇν,
3378 4355 3670 4428 ἀναμένονο

403 4461 563 4512 quam
610 4462 711 4499 non
746 4447 1117 4502 abutantur“.
1157 4446 1285 4502 Bene
1313 4447 1458 4501 etiim
1494 4445 1676 4500 omnia
1714 4445 1780 4500 ad
1824 4461 1980 4500 unum

2097 4465 2195 4514 τας
2222 4452 2322 4519 τῆς
2353 4451 2532 4515 ἐξόδου
2561 4451 2621 4504 τὸ
2646 4449 2913 4522 σύνθημα.

405 4549 626 4605 sc0pum
673 4539 934 4605 tendunt,
981 4539 1124 4609 quod
1178 4539 1324 4594 velut
1371 4538 1424 4592 in
1463 4537 1608 4593 diem
1670 4535 1759 4592 hic
1797 4537 1979 4594 vivere
2031 4541 2324 4598 debeamus
2352 4583 2368 4609 ,
2418 4556 2738 4614 semperque
2793 4542 2971 4597 exitus
3035 4540 3249 4612 signum
3297 4555 3360 4596 ac
3416 4550 3674 4596 tesseram

407 4639 748 4700 exspectare.

560 4775 577 4830 Ι
605 4773 729 4830 Cor.
760 4789 857 4839 vu,
881 4774 970 4830 3|.
1050 4776 1093 4806 “
1117 4775 1156 4829 ll
1193 4773 1318 4830 Cor.
1353 4787 1432 4838 ιι,
1463 4771 1549 4825 10.
1625 4769 1668 4801 ¹⁸
1695 4767 1716 4824 ι
1743 4769 1869 4825 Cor.
1909 4785 1979 4825 ιιι

2106 4807 2123 4822 .
2201 4765 2245 4797 ⁸⁸
2281 4764 2446 4821 Sirm.
2477 4763 2600 4819 cod.
2635 4761 2916 4834 ὑπάρχων,
2947 4777 3011 4817 ac
3046 4761 3256 4816 melius.

2105 4903 2226 4960 (erit
2273 4902 2471 4974 ﬁgura,
2532 4909 2663 4974 etc”
2692 4915 2828 4974 ιιιιίιιξ⁸
2872 4905 2953 4953 est
2983 4895 3321 4974 communis
3366 4904 3674 4974 sanctorum

2103 4965 2365 5044 expositio
2397 4965 2512 5044 ejus
2534 4970 2658 5044 loci.
2692 4965 2748 5044 lu
2783 4969 2952 5024 altero
2983 4969 3118 5029 loco,
3145 4967 3218 5030 ὡς
3263 4965 3337 5044 μη
3385 4965 3675 5044 παραχρῴ-

2105 5036 2280 5116 μενοι,
2315 5044 2395 5096 sic
2423 5041 2618 5116 Paulus
2659 5041 2871 5116 videtur
2903 5053 3124 5092 munere
3153 5036 3409 5116 utendum
3460 5036 3675 5116 tmnulo,

2103 5105 2161 5170 ἰιι
2195 5105 2276 5169 sit
2299 5127 2427 5167 usus
2458 5113 2662 5179 absque
2694 5112 2888 5174 abusu,
2937 5124 3002 5163 ac
3039 5109 3369 5179 castigatus,
3406 5120 3470 5179 ac
3507 5105 3676 5176 qualis

2104 5194 2358 5252 acceptus
2382 5182 2474 5236 sit.
2509 5175 2599 5236 Sic
2637 5181 2868 5235 Tertull.
2913 5178 3115 5252 ιιιμυε
3155 5175 3301 5252 cultu
3344 5175 3676 5252 feminarum,

2105 5271 2154 5310 c.
2187 5247 2247 5319 9,
2268 5251 2562 5320 Sequemur
2585 5251 2912 5316 Apostolum,
2941 5251 3031 5320 qui
3062 5263 3154 5302 nos
3189 5249 3266 5301 uti
3286 5258 3454 5301 monet
3488 5247 3676 5300 munda

2106 5327 2228 5388 isto,
2259 5326 2410 5394 quasi
2436 5338 2537 5374 non
2561 5322 2861 5394 abutamur.
3079 5338 3082 5340 τ

2171 5384 2284 5462 (Γὀῇ
2329 5392 2515 5462 Nonne
2544 5389 2889 5462 semper-ﬁlim
2927 5387 3377 5462 prwses_habet_?
3428 5387 3543 5440 οὐκ
3590 5384 3674 5439 de.

2105 5457 2314 5521 ταῦτα.
2391 5461 2483 5517 Sic
2541 5457 2700 5532 plane
2754 5461 3033 5529 legendum
3088 5457 3408 5532 al'lirmative
3459 5471 3522 5510 ac
3562 5472 3679 5532 cum

2105 5549 2230 5591 nuta
2267 5526 2556 5601 inlerrog.,'
2584 5547 2686 5584 non
2722 5526 3075 5600 neg'anlermt
3103 5529 3276 5583 reddit
3306 5529 3530 5601 interpr.
3564 5526 3680 5580 Vult

2105 5606 2250 5659 enim
2282 5605 2452 5671 ipsam
2477 5599 3121 5672 ‘qnidem‘prazlecturam
3151 5614 3272 5654 esse
3316 5599 3458 5672 velut
3491 5613 3679 5672 perpe-

2107 5684 2276 5738 tuam,
2303 5667 2371 5727 'ac
2397 5667 2518 5741 ejus
2541 5667 2792 5740 insignia,
2817 5684 3000 5722 verum
3025 5669 3161 5725 alios
3188 5683 3253 5724 ex
3281 5669 3404 5726 aliis
3427 5667 3682 5723 continua

2107 5745 2407 5806 mutatione
2433 5742 2711 5816 suscipere
2739 5755 2802 5798 ac
2830 5754 3138 5814 capessere.

478 4911 590 4987 (l2)
633 4910 881 4987 Fibula},
943 4927 1124 4987 aquas.
1175 4907 1328 4987 Quod
1371 4907 1458 4962 hic
1510 4907 1696 4982 πόρπη
1757 4905 1991 4987 Asterie,

407 4978 629 5056 sequior
661 4980 870 5056 Graecia
903 4979 1099 5056 φίεξλαν
1141 4978 1392 5050 appellat,
1439 4993 1559 5056 quae
1587 4978 1755 5056 unum
1791 4984 1874 5056 est
1920 4991 1994 5056 ex

405 5046 745 5110 ornamentis
800 5046 1228 5119 imperialibus:
1263 5059 1320 5101 ut
1378 5047 1585 5119 etpralia
1652 5046 1739 5119 hic
1795 5046 1991 5102 relata.

407 5125 676 5182 Existimo
695 5136 819 5177 esse
844 5116 986 5188 quod
1011 5121 1182 5174 instar
1209 5118 1507 5174 humeralis
1536 5125 1704 5188 totum
1727 5116 1992 5170 intextum

407 5195 606 5266 lapillis
675 5186 1538 5266 to_gte_isupe_rin_duunt._Verum
1602 5186 1994 5266 p_lttra_nosler

405 5253 550 5324 Guar
571 5280 692 5319 cum
724 5253 780 5317 in
812 5253 1152 5330 Eucliologio,
1181 5271 1292 5314 tum
1319 5259 1372 5312 in
1404 5258 1546 5330 nolis
1576 5253 1645 5330 ad
1667 5253 1994 5330 Cedrenutn,

408 5354 472 5388 ac
499 5335 776 5406 prmcipue
806 5334 860 5387 in
890 5332 956 5386 iis
983 5326 1102 5399 qua:
1133 5332 1431 5406 meditatur
1475 5328 1528 5380 in
1565 5327 1853 5406 quinnm,
1908 5326 1999 5384 ubi

407 5397 572 5462 etiam
627 5397 693 5459 de
734 5405 901 5471 virga,
940 5397 1013 5456 ae
1056 5415 1150 5456 seu
1201 5399 1466 5473 arundine
1495 5397 1888 5473 _pra:l‘ectorum
1937 5410 2002 5450 ac

411 5477 742 5542 reliquorum
771 5467 1212 5542 magistratuum,
1238 5471 1340 5542 alia
1373 5484 1439 5542 ac
1459 5467 1593 5542 alia1
1611 5483 1707 5536 pro
1735 5467 2000 5542 cujusque

413 5535 762 5611 magistratus
796 5535 1024 5596 ratione.
1051 5540 1166 5594 Non
1201 5539 1341 5596 male
1371 5535 1812 5611 etiampucgeus.
1858 5535 2003 5611 Bene

411 5605 540 5670 item
573 5614 815 5668 correxit
849 5615 1209 5682 interpretem
1243 5612 1295 5682 in
1334 5608 1515 5663 verbis
1543 5605 1998 5682 Ροιιιὶ,.παράγει

410 5684 472 5739 τὸ
528 5684 710 5753 σχῆμα
750 5683 845 5753 τοῦ
902 5674 1109 5753 κόσμου
1160 5681 1390 5753 τούτου⁶
1416 5694 1542 5753 cum
1596 5677 1674 5730 sic
1724 5674 2004 5731 ille‘ntale

410 5749 756 5818 reddidisset,
779 5749 1134 5826 Reprmétttat
1164 5753 1298 5808 enim
1323 5749 1534 5824 faciem,
1558 5755 1688 5812 etc.,
1717 5760 1832 5820 pro,
1867 5762 2003 5818 pm-
