3856 6274
203 275 324 331 185

1166 269 1454 330 HOMILIA
1492 271 1556 328 11.
1594 270 1689 326 DE
1721 269 2089 329 (ECONOMO
2127 268 2570 340 INIQUITATIS.

3367 263 3473 322 186

281 391 406 444 Καὶ
439 392 529 443 ἵνα
550 387 876 460 καταμάθῃς
897 386 1161 461 ἀκριϐῶς,
1199 389 1282 444 ὄτι
1305 389 1491 461 νόμοις
1520 389 1805 444 ὖπόκεισαι

1976 388 2094 456 Quo
2119 399 2298 444 autem
2342 389 2552 459 plenius
2579 385 2792 451 discas,
2836 382 3047 454 legibus
3084 389 3136 437 te
3174 394 3238 435 ac
3273 379 3472 451 regulis

198 483 316 536 καὶ
351 481 538 535 κανόσι
565 480 924 545 δεσποτικοῖς,
961 479 1080 533 καθ’
1120 479 1214 544 οὓς
1243 497 1303 534 σε
1339 481 1613 552 προσῆκεν
1643 482 1802 552 ἀκρι-

198 572 338 638 ϐῶς
361 572 641 644 διορθοῦν·
689 571 797 624 ἀπὸ
828 571 1026 625 σαυτοῦ
1076 573 1292 643 πρῶτον
1325 573 1679 644 κατανόησον,
1717 574 1800 625 ὅτι

200 667 316 719 καὶ
351 665 411 717 τὸ
465 663 628 734 σῶμά
655 679 768 726 σου,
796 660 890 715 καὶ
939 662 972 732 ἡ
1005 661 1149 732 ψυχὴ
1202 660 1540 732 πανταχόθεν
1575 664 1685 724 τοῖς
1703 661 1802 731 τῆς

202 755 424 826 ἀρετῆς
450 755 734 808 ὑπόκειται
771 753 1243 823 παραγγέλμασιν,
1299 755 1392 806 καὶ
1437 754 1554 808 οὐδὲ
1606 751 1802 806 σαυτοῦ

204 840 410 910 κύριος
437 836 491 892 εἷ
511 859 526 868 ·
560 840 693 893 ἀλλά
748 839 1027 910 προσῆκέν
1072 856 1132 892 σε
1189 842 1494 912 οἰκονομεῖν
1523 841 1617 895 καὶ¹
1648 840 1804 909 λόγον

204 933 319 984 καὶ
342 931 567 1004 πρᾶξιν,
598 932 691 985 καὶ
722 934 830 986 πᾶν
868 933 968 1002 τῆς
1011 930 1157 1002 ζωῆς
1199 949 1292 985 σου
1317 933 1542 1004 κίνημα.
1573 931 1804 997 Ἔλαϐες

207 1021 386 1092 σῶμα
417 1023 571 1095 παρά
613 1022 705 1075 τοῦ
739 1021 1041 1088 κτίσαντος,
1095 1023 1161 1074 ὲκ
1193 1022 1400 1078 πολλῶν
1431 1023 1632 1096 μορίων
1679 1040 1806 1092 συγ-

209 1115 504 1183 κείμενον,
561 1113 658 1168 καὶ
705 1113 868 1168 πέντε
914 1113 1230 1184 αἰσθήσεσιν
1284 1114 1363 1178 εἰς
1393 1115 1490 1180 τὰς
1523 1115 1624 1185 τῆς
1661 1115 1805 1188 ζωῆς

209 1205 416 1276 χρείας
449 1203 918 1275 οίκονομούμενον.
968 1203 1088 1257 Elui.
1108 1204 1166 1257 δὲ
1199 1204 1319 1258 οὐδὲ
1343 1198 1501 1259 αὗται
1536 1205 1804 1275 ἐλεύθεροι

214 1297 322 1348 καὶ
351 1295 673 1366 αὐτόνομοιο
710 1295 824 1348 ἀλλ’
857 1294 1062 1365 ἑκάστη
1092 1294 1251 1366 δούλη
1295 1295 1474 1366 νόμων
1505 1297 1667 1350 ὲστίν.
1695 1297 1808 1352 Καὶ

219 1388 448 1458 πρῶτος
499 1387 684 1441 ἀκούει
731 1387 1024 1458 ὀφθαλμός·
1073 1387 1245 1441 Βλέπε
1275 1387 1456 1457 φύσιν,
1490 1390 1586 1443 καὶ
1615 1388 1806 1460 θεὼρει

219 1479 262 1532 ὃ.
296 1479 514 1548 βλέπειν
541 1478 702 1532 καλόν
723 1495 737 1508 ·
795 1478 965 1548 ἥλιον,
999 1479 1178 1532 πᾶσαν
1214 1480 1313 1549 τὴν
1341 1480 1664 1551 οἰκουμένην
1693 1498 1806 1550 φω-

219 1570 484 1634 agona-
521 1572 769 1642 σελήνην,
824 1569 884 1622 τὸ
924 1569 1246 1640 σκυθρωπὸν
1299 1571 1392 1624 καὶ
1447 1569 1685 1640 ζοφῶδες
1706 1571 1806 1640 τῆς

221 1659 426 1721 νυκτὸς
481 1658 964 1726 καταυγόιζουσανο
1022 1658 1149 1720 τοὺς
1197 1657 1389 1721 ἄλλους
1439 1658 1691 1729 ἀστέρας,
1743 1659 1803 1712 οὐ

1902 481 2096 550 subjici
2127 480 2454 544 Dominicis,
2497 477 2562 532 ad
2599 492 2720 547 qua:
2759 477 2940 533 omnia
2970 473 3157 551 sedulo
3193 472 3471 542 dirigemla

1903 573 2031 639 sint,
2058 571 2286 639 teipsum
2331 571 2385 625 in
2430 569 2620 641 primis
2651 570 2860 623 intuere
2899 575 2952 620 et
2984 565 3291 628 considera,
3325 573 3381 617 ιιι
3416 571 3475 618 et

1903 677 2103 732 corpus
2131 672 2188 716 et
2237 661 2414 715 anima
2482 661 2833 728 undequaque
2856 656 3070 711 virtutis
3095 664 3378 710 teneantur
3398 652 3475 708 Ie-

1903 754 2078 826 gibus,
2112 768 2288 822 neque
2338 753 2413 806 tui
2464 751 2576 822 ipse
2629 751 2878 805 dominus
2923 749 3040 815 sis;
3081 749 3172 803 sed
3208 763 3326 802 cum
3358 760 3475 800 ser-

1905 862 2018 913 mo,
2088 855 2200 900 tum
2259 846 2534 909 actiones,
2589 853 2750 912 atque
2807 843 2941 896 adeo
2987 843 3292 910 quicunque
3353 838 3476 893 vita:

1903 950 2083 994 motus
2109 977 2123 999 ,
2166 947 2316 992 certa
2348 937 2442 991 tibi
2487 935 2604 1006 lege
2637 933 2863 989 habendi
2893 933 3020 989 sint.
3055 930 3322 1001 Accepisti
3354 944 3477 986 cor-

1903 1043 2004 1099 pus
2036 1043 2064 1080 a
2099 1025 2387 1089 Creatore,
2418 1039 2484 1078 ex
2519 1023 2762 1093 pluribus
2806 1022 3049 1091 partibus
3089 1019 3475 1088 compositum,

1904 1131 1958 1175 et
1979 1120 2218 1188 quinque
2245 1117 2492 1172 sensibus
2521 1117 2586 1169 ad
2613 1131 2766 1171 usum
2794 1113 3338 1180 commoditatemque
3355 1111 3478 1164 vita:

1905 1210 2247 1266 instructum.
2273 1210 2342 1262 At
2378 1222 2554 1278 neque
2589 1207 2688 1277 ipsi
2725 1206 2878 1260 liberi
2913 1214 3072 1268 sunt,
3109 1219 3173 1258 ac
3199 1203 3280 1258 sui
3317 1201 3476 1273 juris,

1904 1303 1999 1358 sed
2043 1302 2153 1356 suis
2188 1300 2419 1369 quisque
2447 1299 2658 1369 legibus
2693 1297 3033 1368 astringitur.
3079 1295 3292 1349 Primus
3317 1293 3370 1347 in
3399 1294 3480 1348 eis

1905 1395 2056 1449 audit
2103 1393 2291 1448 oculus
2328 1391 2442 1461 (14)
2478 1408 2492 1444 :
2527 1390 2796 1445 Contuere
2825 1398 3068 1443 naturam
3099 1425 3115 1451 ,
3159 1401 3222 1440 ac
3251 1401 3312 1440 ea
3349 1400 3479 1439 cono

1909 1484 2186 1554 templare,
2214 1499 2333 1552 quae
2353 1485 2490 1538 bene
2514 1497 2577 1537 ac
2597 1485 2821 1536 honeste
2843 1481 3004 1535 videri
3028 1487 3263 1548 queant;
3290 1477 3478 1541 solem,

1909 1587 2177 1632 terrarum
2214 1575 2400 1630 orbem
2431 1574 2876 1639 collustrantem;
2934 1572 3113 1624 lunam
3140 1608 3155 1633 ,
3194 1569 3397 1622 tristem
3427 1574 3484 1622 ct

1909 1669 2191 1724 obscuram
2221 1667 2396 1722 noctis
2429 1665 2622 1720 faciem
2652 1663 3076 1724 illuminantcm;
3121 1661 3306 1716 stellas
3327 1667 3486 1714 cane-

223 1750 365 1803 πολίι
397 1749 518 1818 μὲν,
549 1748 666 1802 οὐδὲ
687 1748 956 1820 αὔταρκες
991 1751 1122 1820 ἡμῖν
1176 1750 1238 1803 τὸ
1285 1751 1412 1822 παρ’
1446 1749 1648 1803 ἑαυτῶν
1691 1749 1805 1818 φῶς

1919 1777 1993 1816 ras
2016 1801 2030 1826 ,
2057 1760 2309 1826 exiguum
2330 1797 2346 1824 ,
2373 1757 2491 1812 illas
2533 1755 2748 1826 quidem
2780 1768 2954 1824 neque
2993 1752 3145 1807 nobis
3183 1749 3474 1816 sullicieus,

224 1841 636 1913 χορηγοῦνταςο
671 1840 809 1912 πλὴν
840 1841 902 1894 τὸ
939 1841 1132 1905 κάλλος
1153 1841 1182 1895 δ
1215 1841 1424 1912 ἔλαχον,
1460 1839 1807 1894 ἀποστίλϐον-

224 1952 352 1997 τας.
385 1931 594 2004 Θεώρει
631 1933 754 2003 γῆν,
801 1935 984 2002 φυτοῖς
1041 1933 1405 1988 παντοδαπέσι
1441 1934 1534 1986 καὶ¹
1559 1931 1807 2003 βοτάναις

225 2022 495 2094 κομῶσαν
540 2021 812 2075 θάλασσαν
859 2021 1212 2092 ήπλωμένην,
1269 2022 1345 2085 ὠς
1378 2022 1556 2075 πεδίον
1586 2021 1807 2093 ὁμαλὲς,

226 2115 360 2167 ὅταν
398 2115 478 2178 είς
533 2111 776 2184 καθαρὰν
826 2110 1067 2182 γαλήνην
1099 2114 1271 2182 παγῇ.
1302 2113 1398 2176 Εἰς
1437 2109 1720 2177 ταῦτακαὶ
1742 2111 1810 2164 τὰ

227 2205 460 2258 τοιαῦτα
506 2203 886 2274 κατακέχρησο
928 2201 1006 2272 τῷ
1057 2203 1188 2273 ὁρᾷν
1209 2219 1222 2233 ο
1255 2202 1353 2266 τὰς
1380 2201 1435 2255 δὲ
1467 2193 1632 2265 ἄλλας
1660 2201 1806 2266 θέας,

230 2300 356 2354 Ξσαι
386 2297 478 2349 διὰ
501 2299 601 2367 τῆς
632 2290 806 2366 ὅψεως
833 2295 930 2362 τὴν
991 2293 1192 2366 βλάϐην
1239 2294 1586 2363 ἐπεισάγουσι
1611 2298 1678 2366 τῇ
1717 2294 1813 2365 ψυ-

231 2392 326 2459 χῇ,
357 2387 533 2457 φεῦγε
576 2386 671 2439 καὶ
720 2385 1050 2456 παράτρεχε,
1090 2384 1184 2437 καὶ
1244 2383 1473 2438 ἐπιτίθει
1505 2385 1684 2456 σαυτῷ
1714 2384 1813 2438 κά-

233 2482 449 2551 λυμμα,
483 2479 570 2532 ἵνα
605 2478 676 2549 μὴ
707 2475 895 2547 βλέπῃ.
937 2475 1152 2529 Βέλτιον
1181 2476 1290 2547 γὰρ
1326 2478 1572 2530 σκοτίσαι
1604 2478 1702 2548 τὴν
1725 2477 1810 2531 0t!-

238 2574 454 2643 σθησιν,
492 2571 620 2624 ὅταν
643 2569 749 2622 τῶν
779 2569 954 2639 ἔργων
982 2567 1074 2622 τοῦ
1110 2568 1332 2631 σκότους
1361 2569 1458 2640 τὴν
1480 2570 1654 2625 αἰτίαν
1682 2587 1817 2640 παρ-

236 2665 379 2735 έχει.
409 2663 510 2716 Διά
536 2661 694 2714 τοῦτο
720 2661 848 2731 χθὲς
875 2659 1056 2729 ἔλεγεν
1100 2662 1230 2731 ἡμῖν
1259 2662 1288 2714 ὁ
1328 2660 1529 2733 Κύριος
1559 2660 1645 2714 διὰ
1673 2661 1820 2714 Ματ-

241 2755 398 2808 θαίου
425 2772 439 2784 °
469 2753 595 2818 Πᾶς
618 2757 650 2807 ό
681 2754 929 2817 ,βλέπων
952 2751 1205 2822 γυναῖκα
1258 2753 1408 2820 πρὸς
1434 2752 1499 2806 τὸ
1535 2751 1818 2822 ἐπιθυμῆ-

1905 1867 1970 1907 ex
2005 1865 2125 1906 sese
2167 1849 2348 1904 lumen
2379 1850 2713 1918 praebentes;
2749 1859 2932 1900 verum
2962 1843 3102 1914 quod
3152 1842 3314 1896 decus
3338 1854 3488 1895 acce-

1905 1952 2104 2014 perunt
2163 1958 2228 1996 ac
2284 1941 2546 2011 speciem,
2613 1937 2964 2006 ejarulantes.
3030 1935 3226 2005 Aspice
3289 1945 3485 1988 terram

1907 2034 2100 2104 plantis
2134 2032 2436 2101 omnigenis
2473 2030 2763 2100 herbisque
2813 2035 3156 2092 comantem;
3207 2040 3272 2080 ac
3317 2037 3485 2089 mare,

1907 2127 2225 2198 aequabilem
2258 2127 2311 2180 in
2357 2124 2638 2195 planitiem
2678 2135 2974 2192 expansum
2998 2158 3014 2184 ,
3052 2118 3143 2174 ubi
3183 2132 3314 2187 pura
3343 2124 3491 2171 tran-

1909 2220 2148 2293 quillitas
2183 2217 2375 2273 stravit
2406 2231 2470 2271 ac
2517 2214 2654 2270 ﬁxit.
2695 2214 2750 2268 lu
2787 2213 2871 2266 his
2917 2225 2978 2265 ac
3011 2208 3317 2280 huiusmodi
3370 2207 3490 2262 visu

1910 2322 2097 2376 utere;
2153 2309 2360 2378 reliqua
2413 2321 2543 2362 vero
2597 2304 2905 2376 spectacula
2956 2316 3076 2371 quae
3138 2315 3204 2355 ex
3267 2308 3489 2369 aspectu

1911 2417 2104 2457 noxam
2135 2401 2314 2454 animo
2358 2397 2629 2461 inferunt,
2654 2395 2779 2465 fuge
2806 2409 2870 2449 ac
2934 2401 3290 2462 praetercurre
3315 2428 3331 2454 ,
3369 2388 3492 2444 tibi—

1912 2507 2016 2563 que
2037 2491 2176 2560 ipse,
2206 2500 2262 2543 ut
2287 2505 2352 2542 ne
2377 2488 2562 2542 videas
2581 2526 2596 2552 ,
2630 2485 2809 2540 velum
2833 2484 3105 2539 obducito.
3140 2481 3321 2536 Satius
3345 2481 3491 2535 enim

1913 2586 2091 2640 sensui
2125 2584 2375 2637 tenebras
2402 2581 2691 2644 inducere,
2737 2593 2896 2647 quam
2935 2575 3188 2645 operibus
3235 2571 3491 2627 tenebra-

1915 2692 2032 2731 rum
2057 2674 2398 2729 occasionem
2425 2671 2685 2741 praebere.
2728 2666 2932 2722 Idcirco
2963 2665 3117 2721 nobis
3155 2663 3272 2718 heri
3306 2661 3491 2716 Domi-

1915 2783 2016 2823 nus
2040 2765 2274 2820 Matthazi
2305 2779 2401 2818 ore
2431 2763 2645 2817 dicebat
2676 2782 2690 2817 :
2722 2759 3031 2828 Quicunque
3073 2756 3263 2811 videri:
3311 2754 3493 2808 mulie-

241 2864 369 2909 σαι,
421 2845 540 2913 ἤδη
576 2844 928 2913 ἐμοίχευσεν
949 2843 1143 2911 αὐτὴν
1178 2843 1249 2898 ἐν
1300 2843 1376 2914 τῇ
1417 2845 1664 2914 καρδίᾳ·
1723 2846 1818 2898 καὶ

1919 2875 2025 2913 rem
2055 2857 2121 2910 ad
2157 2853 2620 2924 concupiscendum
2643 2891 2658 2917 ,
2689 2850 2802 2919 janr
2846 2848 3132 2902 moechatus
3173 2853 3251 2899 est
3289 2859 3404 2897 eum
3436 2843 3494 2896 in

249 2939 455 3008 βέλτιον
508 2936 796 2990 ἐκκόπτειν
840 2936 1021 3002 αὐτὸν,
1077 2938 1204 2990 ὃταν
1247 2937 1457 2991 ἄτακτα
1505 2937 1675 3010 βλέπῃ
1723 2938 1818 2992 καὶ

1919 2951 2072 3005 corde
2099 2964 2193 3002 suo
2214 2948 2254 2978 ι’
2291 2967 2303 3001 :
2344 2952 2666 3015 praestatque
2682 2939 2996 2995 exscindere
3029 2937 3234 3005 ipsum,
3275 2949 3394 2987 cum
3426 2934 3495 2988 ad

248 3029 530 3099 ἐπιζήμια.
567 3028 676 3082 Καὶ
695 3030 729 3097 ἠ
762 3028 898 3097 ἀκοὴ
925 3028 1358 3100 παραγγέλματα
1393 3028 1667 3082 κωλυτικά
1699 3030 1819 3084 πά-

1919 3039 2058 3094 l‘aeda
2087 3054 2152 3094 ac
2173 3037 2329 3092 noxia
2359 3033 2627 3106 aspicit".
2668 3030 2772 3086 Sed
2804 3039 2856 3084 et
2886 3029 3034 3082 auris
3054 3025 3252 3080 malum
3279 3037 3494 3078 omnem

251 3137 348 3191 σης
379 3119 604 3192 [κακῆς]
650 3119 983 3190 ἀκροάσεως.
1038 3119 1158 3191 Χρὴ
1188 3119 1298 3190 γὰρ
1339 3119 1533 3191 αὐτὴν,
1561 3120 1690 3174 ὅταν
1721 3121 1817 3191 μὲν

250 3212 470 3280 ἀγαθῶν
489 3228 650 3264 τινων
677 3210 869 3284 ἀκούῃ,
916 3211 1375 3283 ἀναπεπταμένην
1431 3206 1591 3276 εἷναι,
1623 3212 1718 3266 καὶ
1754 3213 1820 3266 δι’

248 3304 446 3374 ἑαυτῆς
481 3305 551 3374 τῇ
583 3301 726 3374 ψυχῇ
759 3301 1148 3373 παραπέμπειν
1175 3303 1286 3358 τῶν
1331 3303 1716 3376 συμφερόντων
1739 3303 1824 3358 λό-

248 3411 360 3462 γων
389 3393 493 3462 τὴν
523 3391 793 3463 αἴσθησιν.

320 3479 385 3531 Εἰ
413 3478 473 3531 δέ
499 3495 582 3541 τις
610 3477 808 3537 κακίας
850 3477 1084 3548 ἑταῖρος,
1116 3476 1211 3531 καὶ
1237 3476 1442 3548 λοιμὸς,
1503 3480 1596 3532 καὶ
1629 3478 1824 3551 φθόρος

251 3568 562 3638 πλησιάσας
593 3568 752 3638 αὐτῇ,
781 3566 1061 3620 ὲπαντλεῖν
1093 3565 1273 3637 μέλλει
1303 3567 1402 3637 τῆς
1439 3568 1710 3639 ἁμαρτίας
1735 3569 1826 3622 τὸν

249 3661 534 3733 βόρϐορον,
586 3659 666 3712 δεῖ
695 3660 915 3728 φεύγειν
940 3659 1121 3722 αὑτὸν,
1149 3659 1224 3722 ὡς
1257 3658 1456 3714 ἰοϐόλον
1484 3659 1688 3731 θηρίον.
1723 3661 1829 3713 Σω-

249 3754 518 3825 φρονείτω
542 3753 685 3822 καίἠ
709 3751 927 3820 γλῶσσα
965 3751 1102 3826 μετά
1127 3750 1223 3804 τοῦ
1267 3751 1530 3822 στόματος
1553 3767 1568 3782 ο
1603 3750 1827 3806 λαλείτω

246 3848 317 3899 τὰ
341 3847 529 3899 δίκαια
547 3861 559 3874 ·
591 3842 700 3896 τῶν
727 3843 782 3896 δὲ
825 3842 1289 3913 ἀπηγορευμένων
1321 3842 1628 3913 ἀπεχέσθω,
1654 3842 1825 3898 λοιδο-

252 3938 406 4010 ριῶν,
437 3935 830 4002 συκοφαντιῶν,
880 3935 1214 4007 κατηγορίας
1244 3935 1450 3999 ἀδίκου,
1500 3934 1828 3999 καταλαλιᾶς

245 4029 347 4098 τῆς
380 4025 528 4079 κατά
557 4025 663 4078 τῶν
695 4023 958 4094 ἀδελφῶν,
1000 4023 1346 4094 βλασφημίας
1377 4025 1474 4096 τῆς
1503 4025 1640 4096 πρὸς
1663 4025 1826 4078 Θεόν·

247 4117 576 4188 φθεγγέσθω
602 4117 657 4169 δὲ
681 4119 782 4170 ὅσα
801 4115 1043 4188 εὕφημα,
1082 4118 1182 4171 ὅσα
1201 4116 1420 4188 εὐσεϐῆ,
1451 4118 1550 4171 ὅσα
1579 4116 1828 4189 πράξεων

247 4210 475 4280 ἀγαθῶν
511 4208 622 4278 ἔχει
643 4208 742 4279 τὴν
764 4208 1070 4280 συμϐουλήν
1087 4225 1100 4239 ο
1139 4209 1232 4262 καὶ
1260 4207 1464 4276 λεγέτω
1490 4209 1596 4271 πᾶς
1621 4207 1829 4278 ἀνθρωο

250 4321 352 4366 πος
385 4301 455 4355 τά
482 4300 575 4353 τοῦ
619 4298 973 4371 Ἰεροψάλτουο
1001 4295 1183 4352 Ebur
1224 4297 1476 4363 Φυλείξω
1515 4298 1620 4364 τὰς
1652 4297 1830 4363 ὁδούς

1920 3130 2167 3184 auditum
2220 3125 2560 3196 prohibentia
2587 3120 2698 3195 (15)
2736 3128 2998 3191 ρτεεοοριιι
3032 3116 3201 3171 audit.
3225 3116 3307 3169 Ad
3331 3128 3496 3169 sanos

1920 3221 2063 3277 enim
2099 3220 2374 3294 bonosque
2403 3230 2685 3272 sermones
2733 3222 2943 3284 oportet
2982 3220 3222 3280 apertam
3253 3222 3396 3271 esse.
3432 3221 3496 3262 ac

1920 3311 1974 3366 in
2010 3313 2247 3366 animum
2274 3349 2290 3374 ,
2331 3324 2429 3364 suo
2459 3308 2629 3377 ipsam
2659 3318 2863 3372 organo
2891 3303 3039 3356 velut
3067 3299 3216 3364 tubo,
3237 3299 3496 3354 conduci-

1920 3405 2104 3461 hilium
2137 3416 2445 3460 sermonum
2474 3413 2689 3455 sensum
2713 3395 3100 3451 transmittere.

1991 3497 2062 3552 At
2087 3497 2132 3551 si
2165 3495 2286 3563 quis
2309 3493 2562 3548 vitiorum
2597 3488 2802 3545 assecla
2827 3529 2842 3551 ,
2873 3483 3234 3556 pestilensque
3273 3495 3338 3536 ac
3369 3494 3494 3550 per-

1925 3590 2159 3644 niciosus
2185 3587 2402 3658 propius
2431 3584 2673 3648 accedat,
2698 3579 2906 3650 peccati
2935 3576 3214 3632 inl‘usurus
3262 3585 3498 3635 caenum,

1924 3679 2209 3750 fugiendus
2235 3679 2323 3732 ille
2347 3686 2509 3746 atque
2539 3674 2794 3729 vitandus
2813 3714 2828 3738 ,
2867 3670 3010 3725 haud
3041 3682 3198 3723 secus
3225 3675 3386 3731 atque
3408 3677 3498 3719 ve-

1924 3784 2158 3825 nenosus
2185 3781 2428 3836 serpens.
2459 3763 2531 3821 Os
2559 3765 2722 3819 etiam
2755 3777 2818 3816 ac
2855 3760 3031 3828 lingua
3067 3756 3325 3825 castigata
3351 3753 3454 3808 sint
3479 3793 3496 3819 ,

1925 3871 1984 3915 ut
2012 3861 2148 3914 bona
2197 3868 2404 3912 tantttm
2437 3865 2492 3910 et
2535 3855 2758 3909 honesta
2808 3859 3091 3922 premant;
3131 3863 3159 3901 a
3195 3847 3354 3902 Redis
3374 3858 3500 3899 vero

1923 3951 2209 4020 vetitisque
2252 3949 2594 4011 abstineant;
2623 3957 2815 4013 nempe
2841 3957 2872 3995 a
2899 3938 3168 3996 conviciis
3191 3978 3207 4003 ,
3235 3952 3262 3990 a
3293 3935 3500 3991 calum-

1926 4042 2031 4096 niis
2051 4080 2067 4106 ,
2093 4041 2278 4110 iniqua
2303 4037 2710 4100 criminatione,
2741 4033 3073 4089 detractione
3105 4030 3365 4084 adversus
3394 4027 3501 4082 fra-

1928 4143 2070 4196 tres,
2108 4146 2172 4185 ac
2210 4129 2542 4200 blasphemia
2584 4135 2770 4182 contra
2816 4123 3014 4190 Deum,
3048 4134 3343 4188 eorumque
3383 4119 3504 4174 loco

1925 4221 2225 4292 proferant,
2253 4221 2302 4275 si
2334 4233 2437 4290 qua
2463 4218 2602 4272 bona
2630 4257 2645 4282 ,
2678 4218 2722 4271 si
2754 4230 2856 4285 qua
2882 4216 2990 4284 pia,
3025 4212 3071 4268 si
3103 4227 3207 4282 qua
3241 4210 3502 4265 bonarum

1931 4314 2202 4368 actionum
2241 4311 2525 4366 consilium
2571 4311 2804 4364 habeant
2850 4320 2913 4360 ac
2943 4304 3296 4360 incentivum.
3346 4301 3502 4356 Sacri

247 4412 392 4464 μου,
429 4391 540 4446 τοῦ
562 4391 649 4461 μὴ
679 4390 1039 4460 ἁμαρτάνειν
1050 4407 1127 4460 με
1159 4390 1225 4444 ἐν
1259 4389 1510 4459 γλώσσῃ
1543 4407 1656 4458 μου
1681 4405 1699 4420 ο
1735 4388 1819 4443 καὶ

1932 4403 2124 4458 Psalta:
2151 4401 2378 4469 quisque
2409 4399 2524 4453 haec
2544 4405 2764 4466 usurpet
2796 4410 2812 4450 :
2847 4394 2972 4448 Dixi
3007 4408 3025 4446 :
3057 4391 3363 4447 Custodiam
3390 4390 3504 4444 uias

253 4486 335 4547 τὸ,
374 4482 512 4549 Ταῖς
537 4480 844 4552 γλώσσαις
866 4480 1065 4535 αὐτῶν
1088 4481 1478 4535 ἐδολιοῦσανο
1509 4480 1602 4534 καὶ
1633 4479 1716 4543 τὸ,
1771 4481 1819 4532 Tt

1932 4509 2108 4554 meas,
2149 4503 2203 4544 ut
2239 4507 2340 4544 non
2383 4489 2681 4558 delinquant
2713 4489 2766 4540 in
2807 4486 2988 4555 lingua
3021 4499 3134 4537 mea
3160 4483 3225 4549 ¹⁹;
3261 4492 3314 4536 et
3341 4500 3353 4535 :
3384 4481 3503 4537 Lin-

253 4572 560 4646 ἐγκαυχᾷς
589 4573 876 4640 ἐνκακίᾳ,
925 4576 960 4627 ὁ
1000 4572 1256 4638 δυνατὸς
1302 4571 1596 4642 ἀνομίαν;
1639 4571 1833 4638 Ὅλην

253 4668 372 4735 τὴν
399 4665 628 4736 ἡμέραν
669 4664 907 4720 ἀδικίαν
947 4665 1268 4735 ἐλογίσατο
1321 4665 1360 4733 ἡ
1385 4662 1639 4732 γλῶσσά
1675 4677 1791 4716 σου
1816 4679 1830 4692 ·

249 4760 395 4813 ὡσεί
428 4757 616 4824 ξυρὸν
645 4755 1020 4826 ἠκονημένον
1043 4756 1332 4824 ἐποίησας
1354 4753 1557 4810 δόλον.
1588 4752 1838 4808 Γευέσθω

251 4852 364 4904 τῶν
395 4846 748 4916 ὠφελούντων
776 4847 837 4900 τὸ
889 4847 1083 4920 στόμα.
1141 4844 1511 4916 Σωφρωνείτω
1535 4842 1686 4914 καὶὴ
1728 4842 1833 4913 ῥὶς,

258 4941 335 5013 μὴ
365 4938 578 5011 τρυφὴν
607 4939 693 4992 ἀεὶ
713 4937 1132 5009 όσφραινομένη,
1165 4940 1301 5009 μήτε
1326 4935 1512 5008 μύρων
1533 4934 1835 4989 πολυτελῶν

255 5035 464 5105 ἀτμοὺς
497 5030 714 5094 εὐώδεις
765 5032 858 5084 ἐπὶ
898 5029 999 5099 τὴν
1045 5029 1283 5100 κεφαλὴν
1336 5027 1655 5082 ἀνέλκουσα.
1713 5024 1836 5079 Τῶν

1933 4583 2046 4652 guis
2087 4585 2196 4635 suis
2227 4581 2401 4634 dolose
2433 4579 2650 4649 agebant
2687 4577 2845 4644 ’°;ac
2886 4569 3146 4643 praeterea
3178 4588 3193 4626 :
3223 4571 3361 4638 Quid
3387 4573 3503 4642 glo-

1934 4675 2094 4729 riaris
2125 4675 2180 4728 in
2207 4673 2411 4726 malitia
2432 4713 2447 4737 ,
2468 4673 2555 4741 qui
2572 4679 2750 4737 potens
2775 4685 2828 4722 es
2851 4665 3236 4733 ininiquitate?
3261 4663 3387 4717 Tota
3421 4663 3505 4717 diu

1936 4767 2249 4836 injustitiam
2277 4763 2523 4833 cogitavit
2549 4763 2729 4831 lingua
2763 4769 2856 4814 tua
2879 4773 2896 4811 :
2921 4759 3056 4812 sicut
3083 4759 3332 4811 novacula
3349 4765 3505 4810 acuta

1941 4858 2110 4925 fecisti
2157 4855 2418 4910 dolum“.
2451 4854 2642 4909 Gustet
2676 4868 2738 4908 os
2791 4867 2911 4922 qua!
2955 4851 3312 4906 conducibilia
3357 4859 3501 4904 sunt.

1941 4950 2018 5002 Ac
2047 4949 2268 5002 naribus
2301 4961 2514 5016 quoque
2545 4960 2608 4999 ac
2635 4944 2881 4999 odoratui
2931 4943 3119 4997 modus
3163 4941 3505 5004 adhibeatur,

1942 5055 2009 5094 ne
2033 5038 2290 5109 voluptati
2332 5037 2526 5092 dedita:
2570 5035 2795 5091 nimium
2823 5033 2964 5094 sint.
3010 5041 3508 5101 unguentorumun

365 5197 406 5228 "
433 5195 626 5251 Matth.
665 5208 720 5260 v,
760 5191 850 5247 28.
923 5192 967 5223 "
989 5190 1176 5246 Matth.
1209 5206 1376 5256 xvm,
1404 5193 1458 5250 8.
1535 5193 1580 5225 "
1621 5191 1763 5248 Psal.
1788 5205 1970 5256 xxxvi,
2002 5191 2056 5248 8.
2133 5191 2178 5224 ὀ
2202 5189 2342 5246 Psal.
2374 5204 2426 5256 v,
2461 5189 2548 5246 11.
2623 5190 2666 5220 ’⁸
2695 5187 2836 5244 Psal.
2860 5205 2934 5254 LI,
2959 5189 3016 5253 5,
3055 5187 3111 5242 4.

331 5313 444 5380 (IL)
484 5309 647 5380 Audit
699 5310 918 5372 oculus,
969 5306 1453 5380 πρῶτοςίάκούει
1479 5307 1834 5380 Δόερθαλδιιός.

260 5376 434 5450 Quod,
464 5379 680 5450 auditus
729 5391 925 5450 sensus
981 5376 1055 5430 sit
1101 5379 1413 5450 disciplinae,
1471 5376 1593 5450 jure
1647 5378 1838 5450 merito

264 5445 504 5510 asterius
543 5449 642 5517 ipsi
699 5445 955 5525 oculo__ac
999 5445 1249 5525 sensibus
1299 5449 1529 5525 reliquis
1562 5447 1836 5501 Dominica

267 5515 575 5595 praecepta,
615 5531 734 5588 quae.
774 5515 1028 5581 audiant,
1072 5519 1124 5572 id
1169 5528 1282 5586 est,
1329 5515 1658 5587 percipiant,
1713 5531 1839 5586 pro-

268 5610 329 5666 'lo
336 5595 385 5666 1ιὶ

1937 5306 2074 5360 facta
2103 5320 2168 5359 ex
2199 5319 2259 5358 ea
2291 5303 2389 5358 fuit
2416 5320 2519 5359 vox
2558 5305 2740 5375 πάσης
2764 5320 2778 5335 ο
2831 5317 2950 5371 qua:
2993 5299 3139 5354 nullo
3171 5297 3506 5375 incommodo

1937 5377 2127 5444 abesse
2155 5384 2348 5442 potest.
2375 5375 2589 5444 Alioqui
2624 5366 2749 5444 vero
2772 5366 2874 5426 non
2901 5378 3324 5444 constatsensns
3348 5366 3505 5419 Aste~

1937 5447 2038 5499 rio.
2081 5438 2197 5498 Non
2236 5445 2378 5498 enim
2428 5438 2606 5498 divina
2657 5443 2743 5497 lex
2783 5441 3000 5493 omnino
3048 5438 3201 5492 nobis
3227 5438 3504 5491 obturatas

1939 5515 2046 5568 vult
2071 5529 2251 5576 aures,
2278 5522 2368 5567 aut
2396 5513 2647 5582 prohibet
2675 5510 2890 5581 quidvis
2915 5508 3101 5582 audire
3134 5524 3146 5560 :
3178 5522 3298 5582 cum
3328 5505 3504 5582 potius

1933 5599 2075 5652 saepe
2105 5594 2358 5651 provocet
2395 5575 2634 5652 auditum
2659 5575 2888 5652 {sitque
2931 5577 3151 5652 auditio,
3178 5576 3318 5652 sicut
3345 5575 3502 5638 visio,

332 5662 446 5726 (l5)
483 5656 687 5714 Malum
737 5677 936 5715 onmem
985 5657 1225 5711 auditum
1269 5657 1618 5725 prohibentia.
1682 5655 1836 5710 Addo
1932 5647 2033 5726 pro
2077 5647 2152 5705 rei
2184 5653 2377 5710 auditae
2424 5663 2518 5708 aut
2563 5650 2692 5706 visa:
2732 5649 2971 5714 ratione,
3007 5647 3133 5719 quid
3178 5649 3374 5704 bonum
3410 5654 3504 5702 aut

274 5747 450 5792 tucetu
490 5729 709 5804 κακῆς,
768 5745 926 5802 quam
988 5729 1226 5784 clausam
1282 5737 1640 5798 repraesento;

1694 5726 1835 5782 forte
1931 5723 2152 5780 malum.
