  <div class='ocr_page' id='page_1' title='image "/cluster/home/n/w/nwhite01/storage/ocr_20150623/40/hvd.32044073501850/101.png"; bbox 0 0 3856 6274; ppageno 0'>
   <div class='ocr_carea' id='block_1_1' title="bbox 357 312 462 370">
    <p class='ocr_par' dir='ltr' id='par_1_1' title="bbox 357 312 462 370">
     <span class='ocr_line' id='line_1_1' title="bbox 357 312 462 370; baseline -0.029 0"><span class='ocrx_word' id='word_1_1' title='bbox 357 312 462 370; x_wconf 66' lang='grc'><strong>187</strong></span> 
     </span>
    </p>
   </div>
   <div class='ocr_carea' id='block_1_2' title="bbox 1621 293 2333 358">
    <p class='ocr_par' dir='ltr' id='par_1_2' title="bbox 1621 293 2333 358">
     <span class='ocr_line' id='line_1_2' title="bbox 1621 293 2333 358; baseline -0.013 0"><span class='ocrx_word' id='word_1_2' title='bbox 1621 299 1677 358; x_wconf 83' lang='lat' dir='ltr'><strong>S.</strong></span> <span class='ocrx_word' id='word_1_3' title='bbox 1716 298 1990 357; x_wconf 76' lang='lat' dir='ltr'><strong>ASTERII</strong></span> <span class='ocrx_word' id='word_1_4' title='bbox 2030 293 2333 353; x_wconf 75' lang='lat' dir='ltr'><strong>AMASENI</strong></span> 
     </span>
    </p>
   </div>
   <div class='ocr_carea' id='block_1_3' title="bbox 3492 287 3609 342">
    <p class='ocr_par' dir='ltr' id='par_1_3' title="bbox 3492 287 3609 342">
     <span class='ocr_line' id='line_1_3' title="bbox 3492 287 3609 342; baseline 0.017 -2"><span class='ocrx_word' id='word_1_5' title='bbox 3492 287 3609 342; x_wconf 80' lang='grc'><strong>188</strong></span> 
     </span>
    </p>
   </div>
   <div class='ocr_carea' id='block_1_4' title="bbox 356 405 1932 497">
    <p class='ocr_par' dir='ltr' id='par_1_4' title="bbox 356 415 1921 497">
     <span class='ocr_line' id='line_1_4' title="bbox 356 415 1921 497; baseline -0.006 -17"><span class='ocrx_word' id='word_1_6' title='bbox 356 426 716 497; x_wconf 87' lang='lat' dir='ltr'><strong>pretiosorum</strong></span> <span class='ocrx_word' id='word_1_7' title='bbox 772 425 1072 495; x_wconf 80' lang='lat' dir='ltr'><strong>fragrantes</strong></span> <span class='ocrx_word' id='word_1_8' title='bbox 1136 420 1337 476; x_wconf 77' lang='lat' dir='ltr'><strong>halitus</strong></span> <span class='ocrx_word' id='word_1_9' title='bbox 1400 427 1802 476; x_wconf 73' lang='lat' dir='ltr'><strong>consectentur.</strong></span> <span class='ocrx_word' id='word_1_10' title='bbox 1866 415 1921 470; x_wconf 86' lang='lat' dir='ltr'><strong>in</strong></span> 
     </span>
    </p>
   </div>
   <div class='ocr_carea' id='block_1_5' title="bbox 2039 405 3612 497">
    <p class='ocr_par' dir='ltr' id='par_1_5' title="bbox 2039 405 3612 491">
     <span class='ocr_line' id='line_1_5' title="bbox 2039 405 3612 491; baseline -0.005 -24"><span class='ocrx_word' id='word_1_11' title='bbox 2039 414 2138 484; x_wconf 78' lang='grc' dir='ltr'>γὰρ</span> <span class='ocrx_word' id='word_1_12' title='bbox 2164 413 2419 466; x_wconf 83' lang='grc' dir='ltr'><strong>τοιούτων</strong></span> <span class='ocrx_word' id='word_1_13' title='bbox 2446 409 2540 465; x_wconf 74' lang='grc' dir='ltr'><strong>καί</strong></span> <span class='ocrx_word' id='word_1_14' title='bbox 2564 410 2594 462; x_wconf 83' lang='grc' dir='ltr'>ὁ</span> <span class='ocrx_word' id='word_1_15' title='bbox 2626 409 2853 473; x_wconf 80' lang='grc' dir='ltr'><strong>Ἡσαΐας</strong></span> <span class='ocrx_word' id='word_1_16' title='bbox 3161 406 3310 461; x_wconf 76' lang='grc' dir='ltr'>ἐστιν</span> <span class='ocrx_word' id='word_1_17' title='bbox 3358 405 3612 477; x_wconf 78' lang='grc' dir='ltr'>κατήγο-</span> 
     </span>
    </p>
   </div>
   <div class='ocr_carea' id='block_1_6' title="bbox 359 510 1925 584">
    <p class='ocr_par' dir='ltr' id='par_1_6' title="bbox 359 510 1925 584">
     <span class='ocr_line' id='line_1_6' title="bbox 359 510 1925 584; baseline -0.003 -13"><span class='ocrx_word' id='word_1_18' title='bbox 359 517 494 571; x_wconf 86' lang='lat' dir='ltr'><strong>talcs</strong></span> <span class='ocrx_word' id='word_1_19' title='bbox 534 516 675 570; x_wconf 89' lang='lat' dir='ltr'><strong>enim</strong></span> <span class='ocrx_word' id='word_1_20' title='bbox 708 515 873 575; x_wconf 78' lang='lat' dir='ltr'><strong>Isaias</strong></span> <span class='ocrx_word' id='word_1_21' title='bbox 901 529 1114 584; x_wconf 91' lang='lat' dir='ltr'><strong>quoque</strong></span> <span class='ocrx_word' id='word_1_22' title='bbox 1159 514 1358 569; x_wconf 89' lang='lat' dir='ltr'><strong>acriter</strong></span> <span class='ocrx_word' id='word_1_23' title='bbox 1393 513 1664 567; x_wconf 75' lang='lat' dir='ltr'><strong>invehitur</strong></span> <span class='ocrx_word' id='word_1_24' title='bbox 1685 513 1753 565; x_wconf 81' lang='lat'><strong>“.</strong></span> <span class='ocrx_word' id='word_1_25' title='bbox 1788 510 1925 578; x_wconf 87' lang='lat' dir='ltr'><strong>Quin</strong></span> 
     </span>
    </p>
   </div>
   <div class='ocr_carea' id='block_1_7' title="bbox 359 605 1930 677">
    <p class='ocr_par' dir='ltr' id='par_1_7' title="bbox 359 605 1930 677">
     <span class='ocr_line' id='line_1_7' title="bbox 359 605 1930 677; baseline -0.004 -13"><span class='ocrx_word' id='word_1_26' title='bbox 359 624 552 664; x_wconf 86' lang='lat' dir='ltr'><strong>manus</strong></span> <span class='ocrx_word' id='word_1_27' title='bbox 592 622 804 677; x_wconf 84' lang='lat' dir='ltr'><strong>quoque</strong></span> <span class='ocrx_word' id='word_1_28' title='bbox 853 606 1164 661; x_wconf 81' lang='lat' dir='ltr'><strong>meminisse</strong></span> <span class='ocrx_word' id='word_1_29' title='bbox 1220 607 1590 660; x_wconf 71' lang='lat' dir='ltr'><strong>mandatorum</strong></span> <span class='ocrx_word' id='word_1_30' title='bbox 1633 605 1829 665; x_wconf 88' lang='lat' dir='ltr'><strong>debet.</strong></span> <span class='ocrx_word' id='word_1_31' title='bbox 1866 619 1930 658; x_wconf 88' lang='lat' dir='ltr'><strong>ac</strong></span> 
     </span>
    </p>
   </div>
   <div class='ocr_carea' id='block_1_8' title="bbox 359 695 1931 767">
    <p class='ocr_par' dir='ltr' id='par_1_8' title="bbox 359 695 1931 767">
     <span class='ocr_line' id='line_1_8' title="bbox 359 695 1931 767; baseline -0.001 -15"><span class='ocrx_word' id='word_1_32' title='bbox 359 713 571 758; x_wconf 88' lang='lat' dir='ltr'><strong>cavere.</strong></span> <span class='ocrx_word' id='word_1_33' title='bbox 601 712 668 752; x_wconf 90' lang='lat' dir='ltr'><strong>ne</strong></span> <span class='ocrx_word' id='word_1_34' title='bbox 693 699 995 767; x_wconf 88' lang='lat' dir='ltr'><strong>promiscue</strong></span> <span class='ocrx_word' id='word_1_35' title='bbox 1024 696 1419 766; x_wconf 80' lang='lat' dir='ltr'><strong>qualiacunque</strong></span> <span class='ocrx_word' id='word_1_36' title='bbox 1456 703 1772 751; x_wconf 84' lang='lat' dir='ltr'><strong>contreetet.</strong></span> <span class='ocrx_word' id='word_1_37' title='bbox 1798 695 1931 750; x_wconf 80' lang='lat' dir='ltr'><strong>Pro-</strong></span> 
     </span>
    </p>
   </div>
   <div class='ocr_carea' id='block_1_9' title="bbox 366 788 1932 859">
    <p class='ocr_par' dir='ltr' id='par_1_9' title="bbox 366 788 1932 859">
     <span class='ocr_line' id='line_1_9' title="bbox 366 788 1932 859; baseline 0.002 -20"><span class='ocrx_word' id='word_1_38' title='bbox 366 790 617 844; x_wconf 89' lang='lat' dir='ltr'><strong>tendatnr</strong></span> <span class='ocrx_word' id='word_1_39' title='bbox 644 792 708 842; x_wconf 89' lang='lat' dir='ltr'><strong>ad</strong></span> <span class='ocrx_word' id='word_1_40' title='bbox 736 790 1163 859; x_wconf 81' lang='lat' dir='ltr'><strong>eleemosynam,</strong></span> <span class='ocrx_word' id='word_1_41' title='bbox 1198 803 1302 842; x_wconf 91' lang='lat' dir='ltr'><strong>non</strong></span> <span class='ocrx_word' id='word_1_42' title='bbox 1346 788 1411 841; x_wconf 91' lang='lat' dir='ltr'><strong>ad</strong></span> <span class='ocrx_word' id='word_1_43' title='bbox 1440 788 1718 856; x_wconf 82' lang='lat' dir='ltr'><strong>rapinam;</strong></span> <span class='ocrx_word' id='word_1_44' title='bbox 1750 795 1932 843; x_wconf 78' lang='lat' dir='ltr'><strong>servet</strong></span> 
     </span>
    </p>
   </div>
   <div class='ocr_carea' id='block_1_10' title="bbox 358 878 1932 949">
    <p class='ocr_par' dir='ltr' id='par_1_10' title="bbox 358 878 1932 949">
     <span class='ocr_line' id='line_1_10' title="bbox 358 878 1932 949; baseline -0.001 -14"><span class='ocrx_word' id='word_1_45' title='bbox 358 881 574 948; x_wconf 86' lang='lat' dir='ltr'><strong>propria</strong></span> <span class='ocrx_word' id='word_1_46' title='bbox 596 921 611 943; x_wconf 90' lang='lat'><strong>,</strong></span> <span class='ocrx_word' id='word_1_47' title='bbox 641 895 744 935; x_wconf 91' lang='lat' dir='ltr'><strong>non</strong></span> <span class='ocrx_word' id='word_1_48' title='bbox 784 880 1192 949; x_wconf 68' lang='lat' dir='ltr'><strong>colligat&#39;atque</strong></span> <span class='ocrx_word' id='word_1_49' title='bbox 1226 886 1526 948; x_wconf 89' lang='lat' dir='ltr'><strong>comportet</strong></span> <span class='ocrx_word' id='word_1_50' title='bbox 1556 878 1729 934; x_wconf 74' lang='lat' dir='ltr'><strong>aliena</strong></span> <span class='ocrx_word' id='word_1_51' title='bbox 1765 897 1781 947; x_wconf 89' lang='lat'><strong>;</strong></span> <span class='ocrx_word' id='word_1_52' title='bbox 1807 894 1932 933; x_wconf 88' lang='lat' dir='ltr'><strong>cor-</strong></span> 
     </span>
    </p>
   </div>
   <div class='ocr_carea' id='block_1_11' title="bbox 358 968 1933 1040">
    <p class='ocr_par' dir='ltr' id='par_1_11' title="bbox 358 968 1933 1040">
     <span class='ocr_line' id='line_1_11' title="bbox 358 968 1933 1040; baseline 0.001 -17"><span class='ocrx_word' id='word_1_53' title='bbox 358 985 490 1040; x_wconf 83' lang='lat' dir='ltr'><strong>pora</strong></span> <span class='ocrx_word' id='word_1_54' title='bbox 540 984 678 1040; x_wconf 55' lang='lat' dir='ltr'><strong>a‘gra</strong></span> <span class='ocrx_word' id='word_1_55' title='bbox 735 983 799 1024; x_wconf 86' lang='lat' dir='ltr'><strong>ac</strong></span> <span class='ocrx_word' id='word_1_56' title='bbox 843 970 981 1024; x_wconf 86' lang='lat' dir='ltr'><strong>male</strong></span> <span class='ocrx_word' id='word_1_57' title='bbox 1031 968 1220 1025; x_wconf 71' lang='lat' dir='ltr'><strong>aliecta</strong></span> <span class='ocrx_word' id='word_1_58' title='bbox 1255 969 1322 1024; x_wconf 90' lang='lat' dir='ltr'><strong>ad</strong></span> <span class='ocrx_word' id='word_1_59' title='bbox 1353 982 1507 1040; x_wconf 86' lang='lat' dir='ltr'><strong>opem</strong></span> <span class='ocrx_word' id='word_1_60' title='bbox 1539 968 1815 1024; x_wconf 79' lang='lat' dir='ltr'><strong>ferendam</strong></span> <span class='ocrx_word' id='word_1_61' title='bbox 1848 978 1933 1024; x_wconf 86' lang='lat' dir='ltr'><strong>at-</strong></span> 
     </span>
    </p>
   </div>
   <div class='ocr_carea' id='block_1_12' title="bbox 362 1059 1934 1134">
    <p class='ocr_par' dir='ltr' id='par_1_12' title="bbox 362 1059 1934 1134">
     <span class='ocr_line' id='line_1_12' title="bbox 362 1059 1934 1134; baseline -0.001 -18"><span class='ocrx_word' id='word_1_62' title='bbox 362 1063 566 1134; x_wconf 84' lang='lat' dir='ltr'><strong>tingat,</strong></span> <span class='ocrx_word' id='word_1_63' title='bbox 626 1075 732 1117; x_wconf 88' lang='lat' dir='ltr'><strong>non</strong></span> <span class='ocrx_word' id='word_1_64' title='bbox 796 1069 986 1133; x_wconf 85' lang='lat' dir='ltr'><strong>vegeta</strong></span> <span class='ocrx_word' id='word_1_65' title='bbox 1042 1076 1107 1117; x_wconf 89' lang='lat' dir='ltr'><strong>ac</strong></span> <span class='ocrx_word' id='word_1_66' title='bbox 1170 1074 1387 1132; x_wconf 82' lang='lat' dir='ltr'><strong>semper</strong></span> <span class='ocrx_word' id='word_1_67' title='bbox 1443 1059 1758 1116; x_wconf 84' lang='lat' dir='ltr'><strong>libidinibus</strong></span> <span class='ocrx_word' id='word_1_68' title='bbox 1806 1076 1934 1131; x_wconf 88' lang='lat' dir='ltr'><strong>pru-</strong></span> 
     </span>
    </p>
   </div>
   <div class='ocr_carea' id='block_1_13' title="bbox 360 1152 579 1207">
    <p class='ocr_par' dir='ltr' id='par_1_13' title="bbox 360 1152 579 1207">
     <span class='ocr_line' id='line_1_13' title="bbox 360 1152 579 1207; baseline -0.005 0"><span class='ocrx_word' id='word_1_69' title='bbox 360 1152 579 1207; x_wconf 87' lang='lat' dir='ltr'><strong>rientia.</strong></span> 
     </span>
    </p>
   </div>
   <div class='ocr_carea' id='block_1_14' title="bbox 427 1242 1933 1313">
    <p class='ocr_par' dir='ltr' id='par_1_14' title="bbox 427 1242 1933 1313">
     <span class='ocr_line' id='line_1_14' title="bbox 427 1242 1933 1313; baseline 0 -13"><span class='ocrx_word' id='word_1_70' title='bbox 427 1243 545 1300; x_wconf 75' lang='lat' dir='ltr'><strong>lam</strong></span> <span class='ocrx_word' id='word_1_71' title='bbox 574 1255 822 1302; x_wconf 83' lang='lat' dir='ltr'><strong>constare</strong></span> <span class='ocrx_word' id='word_1_72' title='bbox 853 1245 1106 1301; x_wconf 77' lang='lat' dir='ltr'><strong>existimo</strong></span> <span class='ocrx_word' id='word_1_73' title='bbox 1135 1252 1196 1299; x_wconf 90' lang='lat' dir='ltr'><strong>ut</strong></span> <span class='ocrx_word' id='word_1_74' title='bbox 1224 1258 1293 1299; x_wconf 89' lang='lat' dir='ltr'><strong>ne</strong></span> <span class='ocrx_word' id='word_1_75' title='bbox 1318 1242 1494 1313; x_wconf 75' lang='lat' dir='ltr'><strong>nostri</strong></span> <span class='ocrx_word' id='word_1_76' title='bbox 1521 1243 1733 1313; x_wconf 77' lang='lat' dir='ltr'><strong>quidem</strong></span> <span class='ocrx_word' id='word_1_77' title='bbox 1761 1244 1933 1300; x_wconf 87' lang='lat' dir='ltr'><strong>simus</strong></span> 
     </span>
    </p>
   </div>
   <div class='ocr_carea' id='block_1_15' title="bbox 357 1333 1929 1403">
    <p class='ocr_par' dir='ltr' id='par_1_15' title="bbox 357 1333 1929 1403">
     <span class='ocr_line' id='line_1_15' title="bbox 357 1333 1929 1403; baseline 0.003 -16"><span class='ocrx_word' id='word_1_78' title='bbox 357 1333 589 1401; x_wconf 86' lang='lat' dir='ltr'><strong>domini,</strong></span> <span class='ocrx_word' id='word_1_79' title='bbox 638 1336 730 1390; x_wconf 92' lang='lat' dir='ltr'><strong>sed</strong></span> <span class='ocrx_word' id='word_1_80' title='bbox 794 1336 1060 1392; x_wconf 78' lang='lat' dir='ltr'><strong>(economi</strong></span> <span class='ocrx_word' id='word_1_81' title='bbox 1100 1343 1312 1390; x_wconf 82' lang='lat' dir='ltr'><strong>tantum</strong></span> <span class='ocrx_word' id='word_1_82' title='bbox 1382 1349 1448 1390; x_wconf 88' lang='lat' dir='ltr'><strong>ac</strong></span> <span class='ocrx_word' id='word_1_83' title='bbox 1511 1335 1929 1403; x_wconf 78' lang='lat' dir='ltr'><strong>dispensatores.</strong></span> 
     </span>
    </p>
   </div>
   <div class='ocr_carea' id='block_1_16' title="bbox 358 1424 1929 1498">
    <p class='ocr_par' dir='ltr' id='par_1_16' title="bbox 358 1424 1929 1498">
     <span class='ocr_line' id='line_1_16' title="bbox 358 1424 1929 1498; baseline 0.001 -19"><span class='ocrx_word' id='word_1_84' title='bbox 358 1424 627 1494; x_wconf 80' lang='lat' dir='ltr'><strong>Quidquid</strong></span> <span class='ocrx_word' id='word_1_85' title='bbox 666 1426 810 1481; x_wconf 91' lang='lat' dir='ltr'><strong>enim</strong></span> <span class='ocrx_word' id='word_1_86' title='bbox 861 1426 1068 1497; x_wconf 88' lang='lat' dir='ltr'><strong>legibus</strong></span> <span class='ocrx_word' id='word_1_87' title='bbox 1123 1440 1186 1482; x_wconf 81' lang='lat' dir='ltr'><strong>ac</strong></span> <span class='ocrx_word' id='word_1_88' title='bbox 1241 1430 1523 1498; x_wconf 64' lang='lat' dir='ltr'><strong>praeceptis</strong></span> <span class='ocrx_word' id='word_1_89' title='bbox 1591 1427 1929 1496; x_wconf 85' lang='lat' dir='ltr'><strong>astringitur,</strong></span> 
     </span>
    </p>
   </div>
   <div class='ocr_carea' id='block_1_17' title="bbox 360 1516 1930 1589">
    <p class='ocr_par' dir='ltr' id='par_1_17' title="bbox 360 1516 1930 1589">
     <span class='ocr_line' id='line_1_17' title="bbox 360 1516 1930 1589; baseline 0.001 -18"><span class='ocrx_word' id='word_1_90' title='bbox 360 1532 580 1572; x_wconf 89' lang='lat' dir='ltr'><strong>servum</strong></span> <span class='ocrx_word' id='word_1_91' title='bbox 627 1517 784 1586; x_wconf 82' lang='lat' dir='ltr'><strong>plane</strong></span> <span class='ocrx_word' id='word_1_92' title='bbox 836 1531 900 1573; x_wconf 85' lang='lat' dir='ltr'><strong>ac</strong></span> <span class='ocrx_word' id='word_1_93' title='bbox 959 1517 1252 1571; x_wconf 79' lang='lat' dir='ltr'><strong>obnoxium</strong></span> <span class='ocrx_word' id='word_1_94' title='bbox 1313 1516 1606 1589; x_wconf 88' lang='lat' dir='ltr'><strong>legislatori</strong></span> <span class='ocrx_word' id='word_1_95' title='bbox 1668 1521 1930 1573; x_wconf 88' lang='lat' dir='ltr'><strong>noscitur.</strong></span> 
     </span>
    </p>
   </div>
   <div class='ocr_carea' id='block_1_18' title="bbox 358 1607 1934 1678">
    <p class='ocr_par' dir='ltr' id='par_1_18' title="bbox 358 1607 1934 1678">
     <span class='ocr_line' id='line_1_18' title="bbox 358 1607 1934 1678; baseline 0 -15"><span class='ocrx_word' id='word_1_96' title='bbox 358 1607 510 1674; x_wconf 82' lang='lat' dir='ltr'><strong>Quod</strong></span> <span class='ocrx_word' id='word_1_97' title='bbox 534 1608 579 1662; x_wconf 91' lang='lat' dir='ltr'><strong>si</strong></span> <span class='ocrx_word' id='word_1_98' title='bbox 608 1608 793 1677; x_wconf 88' lang='lat' dir='ltr'><strong>igitur,</strong></span> <span class='ocrx_word' id='word_1_99' title='bbox 821 1623 888 1662; x_wconf 91' lang='lat' dir='ltr'><strong>ne</strong></span> <span class='ocrx_word' id='word_1_100' title='bbox 923 1608 1051 1678; x_wconf 59' lang='lat' dir='ltr'><strong>ipsae</strong></span> <span class='ocrx_word' id='word_1_101' title='bbox 1085 1609 1299 1677; x_wconf 88' lang='lat' dir='ltr'><strong>quidem</strong></span> <span class='ocrx_word' id='word_1_102' title='bbox 1330 1610 1570 1676; x_wconf 89' lang='lat' dir='ltr'><strong>corporis</strong></span> <span class='ocrx_word' id='word_1_103' title='bbox 1609 1609 1781 1664; x_wconf 83' lang='lat' dir='ltr'><strong>nostri</strong></span> <span class='ocrx_word' id='word_1_104' title='bbox 1810 1624 1934 1678; x_wconf 80' lang='lat' dir='ltr'><strong>par-</strong></span> 
     </span>
    </p>
   </div>
   <div class='ocr_carea' id='block_1_19' title="bbox 361 1695 1929 1766">
    <p class='ocr_par' dir='ltr' id='par_1_19' title="bbox 361 1695 1929 1766">
     <span class='ocr_line' id='line_1_19' title="bbox 361 1695 1929 1766; baseline -0.002 -12"><span class='ocrx_word' id='word_1_105' title='bbox 361 1707 443 1753; x_wconf 83' lang='lat' dir='ltr'><strong>tes</strong></span> <span class='ocrx_word' id='word_1_106' title='bbox 487 1712 549 1751; x_wconf 89' lang='lat' dir='ltr'><strong>ac</strong></span> <span class='ocrx_word' id='word_1_107' title='bbox 579 1697 826 1751; x_wconf 79' lang='lat' dir='ltr'><strong>&#39;metnbra</strong></span> <span class='ocrx_word' id='word_1_108' title='bbox 846 1737 861 1762; x_wconf 92' lang='lat'><strong>,</strong></span> <span class='ocrx_word' id='word_1_109' title='bbox 916 1697 1083 1751; x_wconf 85' lang='lat' dir='ltr'><strong>libera</strong></span> <span class='ocrx_word' id='word_1_110' title='bbox 1132 1700 1323 1766; x_wconf 88' lang='lat' dir='ltr'><strong>suique</strong></span> <span class='ocrx_word' id='word_1_111' title='bbox 1347 1695 1485 1763; x_wconf 83' lang='lat' dir='ltr'><strong>juris</strong></span> <span class='ocrx_word' id='word_1_112' title='bbox 1514 1704 1638 1750; x_wconf 89' lang='lat' dir='ltr'><strong>sunt</strong></span> <span class='ocrx_word' id='word_1_113' title='bbox 1661 1736 1677 1758; x_wconf 90' lang='lat'><strong>.</strong></span> <span class='ocrx_word' id='word_1_114' title='bbox 1707 1695 1801 1752; x_wconf 85' lang='lat' dir='ltr'><strong>sed</strong></span> <span class='ocrx_word' id='word_1_115' title='bbox 1828 1698 1929 1751; x_wconf 86' lang='lat' dir='ltr'><strong>Do-</strong></span> 
     </span>
    </p>
   </div>
   <div class='ocr_carea' id='block_1_20' title="bbox 2032 498 3612 577">
    <p class='ocr_par' dir='ltr' id='par_1_20' title="bbox 2032 498 3612 577">
     <span class='ocr_line' id='line_1_20' title="bbox 2032 498 3612 577; baseline -0.006 -17"><span class='ocrx_word' id='word_1_116' title='bbox 2032 524 2142 577; x_wconf 82' lang='grc' dir='ltr'>ρος.</span> <span class='ocrx_word' id='word_1_117' title='bbox 2174 503 2487 574; x_wconf 81' lang='grc' dir='ltr'>Μεμνήσθω</span> <span class='ocrx_word' id='word_1_118' title='bbox 2515 502 2608 555; x_wconf 75' lang='grc' dir='ltr'><strong>καὶ</strong></span> <span class='ocrx_word' id='word_1_119' title='bbox 2636 505 2670 572; x_wconf 77' lang='grc' dir='ltr'>ἡ</span> <span class='ocrx_word' id='word_1_120' title='bbox 2696 502 2819 572; x_wconf 73' lang='grc' dir='ltr'>χεὶρ</span> <span class='ocrx_word' id='word_1_121' title='bbox 2839 499 2947 554; x_wconf 82' lang='grc' dir='ltr'><strong>τῶν</strong></span> <span class='ocrx_word' id='word_1_122' title='bbox 2975 498 3224 562; x_wconf 76' lang='grc' dir='ltr'>ἐντολῶν,</span> <span class='ocrx_word' id='word_1_123' title='bbox 3253 499 3339 551; x_wconf 78' lang='grc' dir='ltr'><strong>ῐνα</strong></span> <span class='ocrx_word' id='word_1_124' title='bbox 3370 498 3445 568; x_wconf 81' lang='grc' dir='ltr'>μὴ</span> <span class='ocrx_word' id='word_1_125' title='bbox 3469 498 3612 551; x_wconf 85' lang='grc' dir='ltr'>πάν-</span> 
     </span>
    </p>
   </div>
   <div class='ocr_carea' id='block_1_21' title="bbox 2029 589 3610 663">
    <p class='ocr_par' dir='ltr' id='par_1_21' title="bbox 2029 589 3610 663">
     <span class='ocr_line' id='line_1_21' title="bbox 2029 589 3610 663; baseline -0.005 -14"><span class='ocrx_word' id='word_1_126' title='bbox 2029 613 2138 650; x_wconf 87' lang='grc' dir='ltr'>των</span> <span class='ocrx_word' id='word_1_127' title='bbox 2158 594 2451 657; x_wconf 80' lang='grc' dir='ltr'><strong>ἀκωλύτως</strong></span> <span class='ocrx_word' id='word_1_128' title='bbox 2506 593 2765 663; x_wconf 74' lang='grc' dir='ltr'>ἅπτηται.</span> <span class='ocrx_word' id='word_1_129' title='bbox 2818 591 3169 646; x_wconf 81' lang='grc' dir='ltr'>Ἐκτεινέσθω</span> <span class='ocrx_word' id='word_1_130' title='bbox 3196 590 3330 661; x_wconf 75' lang='grc' dir='ltr'>πρὸς</span> <span class='ocrx_word' id='word_1_131' title='bbox 3367 589 3610 659; x_wconf 74' lang='grc' dir='ltr'>ἐλεημο-</span> 
     </span>
    </p>
   </div>
   <div class='ocr_carea' id='block_1_22' title="bbox 2033 680 3610 757">
    <p class='ocr_par' dir='ltr' id='par_1_22' title="bbox 2033 680 3610 757">
     <span class='ocr_line' id='line_1_22' title="bbox 2033 680 3610 757; baseline -0.005 -19"><span class='ocrx_word' id='word_1_132' title='bbox 2033 684 2217 757; x_wconf 80' lang='grc' dir='ltr'>σύνην,</span> <span class='ocrx_word' id='word_1_133' title='bbox 2254 685 2329 756; x_wconf 81' lang='grc' dir='ltr'>μὴ</span> <span class='ocrx_word' id='word_1_134' title='bbox 2364 683 2499 753; x_wconf 82' lang='grc' dir='ltr'>πρὸς</span> <span class='ocrx_word' id='word_1_135' title='bbox 2528 683 2805 754; x_wconf 82' lang='grc' dir='ltr'>ἁρπαγήν·</span> <span class='ocrx_word' id='word_1_136' title='bbox 2836 681 3069 753; x_wconf 83' lang='grc' dir='ltr'>τηρείτω</span> <span class='ocrx_word' id='word_1_137' title='bbox 3094 682 3160 734; x_wconf 70' lang='grc' dir='ltr'><strong>τά</strong></span> <span class='ocrx_word' id='word_1_138' title='bbox 3185 680 3312 743; x_wconf 73' lang='grc' dir='ltr'>ἴδια,</span> <span class='ocrx_word' id='word_1_139' title='bbox 3350 680 3424 751; x_wconf 84' lang='grc' dir='ltr'><strong>μὴ</strong></span> <span class='ocrx_word' id='word_1_140' title='bbox 3457 695 3610 731; x_wconf 83' lang='grc' dir='ltr'>συν-</span> 
     </span>
    </p>
   </div>
   <div class='ocr_carea' id='block_1_23' title="bbox 2033 771 3610 853">
    <p class='ocr_par' dir='ltr' id='par_1_23' title="bbox 2033 771 3610 853">
     <span class='ocr_line' id='line_1_23' title="bbox 2033 771 3610 853; baseline -0.003 -25"><span class='ocrx_word' id='word_1_141' title='bbox 2033 775 2211 853; x_wconf 78' lang='grc' dir='ltr'>αγέτω</span> <span class='ocrx_word' id='word_1_142' title='bbox 2257 775 2327 828; x_wconf 83' lang='grc' dir='ltr'>τὰ</span> <span class='ocrx_word' id='word_1_143' title='bbox 2359 773 2615 844; x_wconf 86' lang='grc' dir='ltr'>ἀλλότρια</span> <span class='ocrx_word' id='word_1_144' title='bbox 2635 791 2651 806; x_wconf 75' lang='grc' dir='ltr'><strong><em>ο</em></strong></span> <span class='ocrx_word' id='word_1_145' title='bbox 2687 773 2941 827; x_wconf 80' lang='grc' dir='ltr'><strong>ἁπτέσθω</strong></span> <span class='ocrx_word' id='word_1_146' title='bbox 2974 772 3237 843; x_wconf 83' lang='grc' dir='ltr'>σωμάτων</span> <span class='ocrx_word' id='word_1_147' title='bbox 3257 772 3480 842; x_wconf 84' lang='grc' dir='ltr'>νωθρῶν</span> <span class='ocrx_word' id='word_1_148' title='bbox 3499 771 3610 824; x_wconf 77' lang='grc' dir='ltr'>καὶ</span> 
     </span>
    </p>
   </div>
   <div class='ocr_carea' id='block_1_24' title="bbox 2033 864 3613 940">
    <p class='ocr_par' dir='ltr' id='par_1_24' title="bbox 2033 864 3613 940">
     <span class='ocr_line' id='line_1_24' title="bbox 2033 864 3613 940; baseline -0.003 -19"><span class='ocrx_word' id='word_1_149' title='bbox 2033 869 2434 940; x_wconf 83' lang='grc' dir='ltr'><strong>κεκακωμένων</strong></span> <span class='ocrx_word' id='word_1_150' title='bbox 2454 870 2517 923; x_wconf 81' lang='grc' dir='ltr'><strong>δι’</strong></span> <span class='ocrx_word' id='word_1_151' title='bbox 2548 868 2757 940; x_wconf 83' lang='grc' dir='ltr'>ἀγαθῆς</span> <span class='ocrx_word' id='word_1_152' title='bbox 2802 866 3159 936; x_wconf 69' lang='grc' dir='ltr'>ἐπισκέψεως,</span> <span class='ocrx_word' id='word_1_153' title='bbox 3201 865 3275 936; x_wconf 84' lang='grc' dir='ltr'>μὴ</span> <span class='ocrx_word' id='word_1_154' title='bbox 3303 864 3409 919; x_wconf 87' lang='grc' dir='ltr'><strong>τῶν</strong></span> <span class='ocrx_word' id='word_1_155' title='bbox 3439 880 3613 934; x_wconf 81' lang='grc' dir='ltr'>σφρι-</span> 
     </span>
    </p>
   </div>
   <div class='ocr_carea' id='block_1_25' title="bbox 2031 955 3347 1030">
    <p class='ocr_par' dir='ltr' id='par_1_25' title="bbox 2031 955 3347 1030">
     <span class='ocr_line' id='line_1_25' title="bbox 2031 955 3347 1030; baseline -0.002 -18"><span class='ocrx_word' id='word_1_156' title='bbox 2031 958 2252 1030; x_wconf 84' lang='grc' dir='ltr'>γώντων</span> <span class='ocrx_word' id='word_1_157' title='bbox 2270 959 2363 1014; x_wconf 78' lang='grc' dir='ltr'>καὶ</span> <span class='ocrx_word' id='word_1_158' title='bbox 2385 962 2506 1024; x_wconf 76' lang='grc' dir='ltr'>ταῖς</span> <span class='ocrx_word' id='word_1_159' title='bbox 2539 957 2819 1030; x_wconf 87' lang='grc' dir='ltr'>πορνείαις</span> <span class='ocrx_word' id='word_1_160' title='bbox 2839 957 2928 1013; x_wconf 75' lang='grc' dir='ltr'>ἀεὶ</span> <span class='ocrx_word' id='word_1_161' title='bbox 2962 955 3347 1028; x_wconf 78' lang='grc' dir='ltr'><strong>σχολαζόντων.</strong></span> 
     </span>
    </p>
   </div>
   <div class='ocr_carea' id='block_1_26' title="bbox 2104 1240 3605 1315">
    <p class='ocr_par' dir='ltr' id='par_1_26' title="bbox 2104 1240 3605 1315">
     <span class='ocr_line' id='line_1_26' title="bbox 2104 1240 3605 1315; baseline 0.001 -20"><span class='ocrx_word' id='word_1_162' title='bbox 2104 1240 2343 1308; x_wconf 80' lang='grc' dir='ltr'>Ἔδειξεν</span> <span class='ocrx_word' id='word_1_163' title='bbox 2386 1243 2519 1315; x_wconf 79' lang='grc' dir='ltr'>ἡμῖν</span> <span class='ocrx_word' id='word_1_164' title='bbox 2544 1242 2575 1296; x_wconf 85' lang='grc' dir='ltr'>ὁ</span> <span class='ocrx_word' id='word_1_165' title='bbox 2605 1242 2783 1311; x_wconf 87' lang='grc' dir='ltr'>λόγος,</span> <span class='ocrx_word' id='word_1_166' title='bbox 2825 1243 2904 1308; x_wconf 82' lang='grc' dir='ltr'>ὡς</span> <span class='ocrx_word' id='word_1_167' title='bbox 2949 1243 3044 1297; x_wconf 78' lang='grc' dir='ltr'>καὶ</span> <span class='ocrx_word' id='word_1_168' title='bbox 3090 1243 3243 1296; x_wconf 75' lang='grc' dir='ltr'>αὐτοὶ</span> <span class='ocrx_word' id='word_1_169' title='bbox 3292 1240 3500 1296; x_wconf 77' lang='grc' dir='ltr'>ἑαυτῶν</span> <span class='ocrx_word' id='word_1_170' title='bbox 3537 1242 3605 1296; x_wconf 79' lang='grc' dir='ltr'><strong>οὐ</strong></span> 
     </span>
    </p>
   </div>
   <div class='ocr_carea' id='block_1_27' title="bbox 2030 1330 3607 1407">
    <p class='ocr_par' dir='ltr' id='par_1_27' title="bbox 2030 1330 3607 1407">
     <span class='ocr_line' id='line_1_27' title="bbox 2030 1330 3607 1407; baseline 0.001 -22"><span class='ocrx_word' id='word_1_171' title='bbox 2030 1330 2285 1387; x_wconf 81' lang='grc' dir='ltr'><strong>δεσπόται</strong></span> <span class='ocrx_word' id='word_1_172' title='bbox 2319 1332 2504 1405; x_wconf 67' lang='grc' dir='ltr'>ἐσμὲν,</span> <span class='ocrx_word' id='word_1_173' title='bbox 2553 1334 2668 1389; x_wconf 82' lang='grc' dir='ltr'>ἀλλ’</span> <span class='ocrx_word' id='word_1_174' title='bbox 2698 1336 2992 1405; x_wconf 89' lang='grc' dir='ltr'>οἰκονόμοι.</span> <span class='ocrx_word' id='word_1_175' title='bbox 3024 1335 3140 1388; x_wconf 74' lang='grc' dir='ltr'><strong>Πᾶν</strong></span> <span class='ocrx_word' id='word_1_176' title='bbox 3160 1334 3270 1407; x_wconf 77' lang='grc' dir='ltr'><strong>γάρ</strong></span> <span class='ocrx_word' id='word_1_177' title='bbox 3326 1333 3389 1387; x_wconf 85' lang='grc' dir='ltr'><strong>τδ</strong></span> <span class='ocrx_word' id='word_1_178' title='bbox 3415 1334 3607 1406; x_wconf 88' lang='grc' dir='ltr'>νόμοις</span> 
     </span>
    </p>
   </div>
   <div class='ocr_carea' id='block_1_28' title="bbox 2033 1422 3604 1497">
    <p class='ocr_par' dir='ltr' id='par_1_28' title="bbox 2033 1422 3604 1497">
     <span class='ocr_line' id='line_1_28' title="bbox 2033 1422 3604 1497; baseline 0.002 -21"><span class='ocrx_word' id='word_1_179' title='bbox 2033 1422 2386 1495; x_wconf 78' lang='grc' dir='ltr'>ὑποκείμενον</span> <span class='ocrx_word' id='word_1_180' title='bbox 2413 1427 2507 1479; x_wconf 84' lang='grc' dir='ltr'><strong>καί</strong></span> <span class='ocrx_word' id='word_1_181' title='bbox 2538 1425 2941 1497; x_wconf 80' lang='grc' dir='ltr'><strong>προστάγμασι,</strong></span> <span class='ocrx_word' id='word_1_182' title='bbox 2971 1425 3158 1480; x_wconf 75' lang='grc' dir='ltr'>δοῦλον</span> <span class='ocrx_word' id='word_1_183' title='bbox 3185 1424 3280 1480; x_wconf 78' lang='grc' dir='ltr'>τοῦ</span> <span class='ocrx_word' id='word_1_184' title='bbox 3307 1425 3604 1496; x_wconf 78' lang='grc' dir='ltr'>νομοθέτου</span> 
     </span>
    </p>
   </div>
   <div class='ocr_carea' id='block_1_29' title="bbox 2032 1511 3607 1588">
    <p class='ocr_par' dir='ltr' id='par_1_29' title="bbox 2032 1511 3607 1588">
     <span class='ocr_line' id='line_1_29' title="bbox 2032 1511 3607 1588; baseline 0.003 -23"><span class='ocrx_word' id='word_1_185' title='bbox 2032 1512 2181 1567; x_wconf 68' lang='grc' dir='ltr'>ἐστὶν</span> <span class='ocrx_word' id='word_1_186' title='bbox 2208 1511 2302 1567; x_wconf 77' lang='grc' dir='ltr'>καὶ</span> <span class='ocrx_word' id='word_1_187' title='bbox 2324 1515 2583 1586; x_wconf 81' lang='grc' dir='ltr'>ὑπήκοον.</span> <span class='ocrx_word' id='word_1_188' title='bbox 2606 1516 2669 1568; x_wconf 87' lang='grc' dir='ltr'>Εἰ</span> <span class='ocrx_word' id='word_1_189' title='bbox 2690 1515 2754 1569; x_wconf 78' lang='grc' dir='ltr'>δὲ</span> <span class='ocrx_word' id='word_1_190' title='bbox 2774 1516 2842 1569; x_wconf 82' lang='grc' dir='ltr'>τὰ</span> <span class='ocrx_word' id='word_1_191' title='bbox 2875 1516 3037 1586; x_wconf 81' lang='grc' dir='ltr'>μόρια</span> <span class='ocrx_word' id='word_1_192' title='bbox 3055 1515 3149 1569; x_wconf 76' lang='grc' dir='ltr'>τοῦ</span> <span class='ocrx_word' id='word_1_193' title='bbox 3172 1514 3418 1588; x_wconf 80' lang='grc' dir='ltr'>σώματος</span> <span class='ocrx_word' id='word_1_194' title='bbox 3444 1516 3607 1587; x_wconf 80' lang='grc' dir='ltr'>ἡμῶν</span> 
     </span>
    </p>
   </div>
   <div class='ocr_carea' id='block_1_30' title="bbox 2031 1601 3605 1677">
    <p class='ocr_par' dir='ltr' id='par_1_30' title="bbox 2031 1601 3605 1677">
     <span class='ocr_line' id='line_1_30' title="bbox 2031 1601 3605 1677; baseline 0.003 -22"><span class='ocrx_word' id='word_1_195' title='bbox 2031 1601 2132 1655; x_wconf 77' lang='grc' dir='ltr'><strong>οὐκ</strong></span> <span class='ocrx_word' id='word_1_196' title='bbox 2156 1602 2415 1674; x_wconf 77' lang='grc' dir='ltr'>ἐλεύθερα</span> <span class='ocrx_word' id='word_1_197' title='bbox 2475 1603 2742 1669; x_wconf 70' lang='grc' dir='ltr'>ἐξουσίας,</span> <span class='ocrx_word' id='word_1_198' title='bbox 2774 1604 2911 1659; x_wconf 79' lang='grc' dir='ltr'>ἀλλὰ</span> <span class='ocrx_word' id='word_1_199' title='bbox 2964 1603 3267 1675; x_wconf 89' lang='grc' dir='ltr'>δεσποτικῷ</span> <span class='ocrx_word' id='word_1_200' title='bbox 3305 1604 3605 1677; x_wconf 79' lang='grc' dir='ltr'>βουλήματι</span> 
     </span>
    </p>
   </div>
   <div class='ocr_carea' id='block_1_31' title="bbox 2036 1694 3606 1769">
    <p class='ocr_par' dir='ltr' id='par_1_31' title="bbox 2036 1694 3606 1769">
     <span class='ocr_line' id='line_1_31' title="bbox 2036 1694 3606 1769; baseline 0.003 -22"><span class='ocrx_word' id='word_1_201' title='bbox 2036 1694 2172 1767; x_wconf 79' lang='grc' dir='ltr'>πρὸς</span> <span class='ocrx_word' id='word_1_202' title='bbox 2215 1694 2314 1758; x_wconf 79' lang='grc' dir='ltr'>τὰς</span> <span class='ocrx_word' id='word_1_203' title='bbox 2345 1697 2623 1768; x_wconf 75' lang='grc' dir='ltr'><strong>ἐνεργείας</strong></span> <span class='ocrx_word' id='word_1_204' title='bbox 2679 1698 3097 1769; x_wconf 78' lang='grc' dir='ltr'>κανονιζόμενα·</span> <span class='ocrx_word' id='word_1_205' title='bbox 3152 1699 3205 1751; x_wconf 88' lang='grc' dir='ltr'><strong>τί</strong></span> <span class='ocrx_word' id='word_1_206' title='bbox 3251 1699 3316 1752; x_wconf 82' lang='grc' dir='ltr'>ἂν</span> <span class='ocrx_word' id='word_1_207' title='bbox 3344 1697 3487 1753; x_wconf 82' lang='grc' dir='ltr'>εἴποι</span> <span class='ocrx_word' id='word_1_208' title='bbox 3518 1716 3606 1763; x_wconf 87' lang='grc' dir='ltr'><strong>τις</strong></span> 
     </span>
    </p>
   </div>
   <div class='ocr_carea' id='block_1_32' title="bbox 308 1783 1932 1861">
    <p class='ocr_par' dir='ltr' id='par_1_32' title="bbox 308 1787 1926 1858">
     <span class='ocr_line' id='line_1_32' title="bbox 308 1787 1926 1858; baseline 0.001 -17"><span class='ocrx_word' id='word_1_209' title='bbox 308 1838 313 1841; x_wconf 40' lang='grc' dir='ltr'><strong>ι</strong></span> <span class='ocrx_word' id='word_1_210' title='bbox 360 1787 490 1841; x_wconf 85' lang='lat' dir='ltr'><strong>mini</strong></span> <span class='ocrx_word' id='word_1_211' title='bbox 518 1787 791 1843; x_wconf 85' lang='lat' dir='ltr'><strong>voluntate</strong></span> <span class='ocrx_word' id='word_1_212' title='bbox 818 1789 883 1841; x_wconf 89' lang='lat' dir='ltr'><strong>ad</strong></span> <span class='ocrx_word' id='word_1_213' title='bbox 916 1788 1219 1843; x_wconf 78' lang='lat' dir='ltr'><strong>functiones</strong></span> <span class='ocrx_word' id='word_1_214' title='bbox 1271 1802 1399 1843; x_wconf 87' lang='lat' dir='ltr'><strong>suas</strong></span> <span class='ocrx_word' id='word_1_215' title='bbox 1442 1788 1773 1856; x_wconf 76' lang='lat' dir='ltr'><strong>diriguntur,</strong></span> <span class='ocrx_word' id='word_1_216' title='bbox 1799 1790 1926 1858; x_wconf 88' lang='lat' dir='ltr'><strong>quid</strong></span> 
     </span>
    </p>
   </div>
   <div class='ocr_carea' id='block_1_33' title="bbox 2039 1783 3598 1861">
    <p class='ocr_par' dir='ltr' id='par_1_33' title="bbox 2039 1785 3598 1861">
     <span class='ocr_line' id='line_1_33' title="bbox 2039 1785 3598 1861; baseline 0.004 -23"><span class='ocrx_word' id='word_1_217' title='bbox 2039 1786 2165 1857; x_wconf 81' lang='grc' dir='ltr'>πρὸς</span> <span class='ocrx_word' id='word_1_218' title='bbox 2189 1787 2315 1850; x_wconf 79' lang='grc' dir='ltr'>τοὺς</span> <span class='ocrx_word' id='word_1_219' title='bbox 2343 1785 2638 1858; x_wconf 86' lang='grc' dir='ltr'>οἰομένους,</span> <span class='ocrx_word' id='word_1_220' title='bbox 2676 1789 2877 1859; x_wconf 82' lang='grc' dir='ltr'>χρυσοῦ</span> <span class='ocrx_word' id='word_1_221' title='bbox 2935 1790 3029 1843; x_wconf 73' lang='grc' dir='ltr'><strong>καὶ</strong></span> <span class='ocrx_word' id='word_1_222' title='bbox 3057 1788 3318 1861; x_wconf 80' lang='grc' dir='ltr'>ἀργύρου,</span> <span class='ocrx_word' id='word_1_223' title='bbox 3349 1791 3442 1843; x_wconf 82' lang='grc' dir='ltr'><strong>καί</strong></span> <span class='ocrx_word' id='word_1_224' title='bbox 3471 1792 3598 1861; x_wconf 77' lang='grc' dir='ltr'>γῆς,</span> 
     </span>
    </p>
   </div>
   <div class='ocr_carea' id='block_1_34' title="bbox 357 1877 1927 1948">
    <p class='ocr_par' dir='ltr' id='par_1_34' title="bbox 357 1877 1927 1948">
     <span class='ocr_line' id='line_1_34' title="bbox 357 1877 1927 1948; baseline 0.001 -16"><span class='ocrx_word' id='word_1_225' title='bbox 357 1877 444 1933; x_wconf 81' lang='lat' dir='ltr'><strong>his</strong></span> <span class='ocrx_word' id='word_1_226' title='bbox 483 1879 756 1940; x_wconf 85' lang='lat' dir='ltr'><strong>dicemus,</strong></span> <span class='ocrx_word' id='word_1_227' title='bbox 807 1880 899 1948; x_wconf 88' lang='lat' dir='ltr'><strong>qui</strong></span> <span class='ocrx_word' id='word_1_228' title='bbox 940 1879 1040 1934; x_wconf 86' lang='lat' dir='ltr'><strong>sibi</strong></span> <span class='ocrx_word' id='word_1_229' title='bbox 1084 1880 1434 1948; x_wconf 79' lang='lat' dir='ltr'><strong>persuadent,</strong></span> <span class='ocrx_word' id='word_1_230' title='bbox 1480 1880 1596 1935; x_wconf 85' lang='lat' dir='ltr'><strong>auri</strong></span> <span class='ocrx_word' id='word_1_231' title='bbox 1637 1895 1728 1945; x_wconf 89' lang='lat' dir='ltr'><strong>se,</strong></span> <span class='ocrx_word' id='word_1_232' title='bbox 1754 1889 1809 1935; x_wconf 90' lang='lat' dir='ltr'><strong>et</strong></span> <span class='ocrx_word' id='word_1_233' title='bbox 1838 1896 1927 1934; x_wconf 75' lang='lat' dir='ltr'><strong>er-</strong></span> 
     </span>
    </p>
   </div>
   <div class='ocr_carea' id='block_1_35' title="bbox 361 1971 1928 2042">
    <p class='ocr_par' dir='ltr' id='par_1_35' title="bbox 361 1971 1928 2042">
     <span class='ocr_line' id='line_1_35' title="bbox 361 1971 1928 2042; baseline 0.003 -20"><span class='ocrx_word' id='word_1_234' title='bbox 361 1971 529 2039; x_wconf 89' lang='lat' dir='ltr'><strong>genti,</strong></span> <span class='ocrx_word' id='word_1_235' title='bbox 581 1985 646 2024; x_wconf 91' lang='lat' dir='ltr'><strong>ac</strong></span> <span class='ocrx_word' id='word_1_236' title='bbox 702 1972 840 2039; x_wconf 84' lang='lat' dir='ltr'><strong>agri,</strong></span> <span class='ocrx_word' id='word_1_237' title='bbox 895 1980 1318 2042; x_wconf 67' lang='lat' dir='ltr'><strong>cteterarnmque</strong></span> <span class='ocrx_word' id='word_1_238' title='bbox 1366 1987 1569 2036; x_wconf 82' lang='lat' dir='ltr'><strong>rerum,</strong></span> <span class='ocrx_word' id='word_1_239' title='bbox 1618 1972 1777 2027; x_wconf 89' lang='lat' dir='ltr'><strong>nullis</strong></span> <span class='ocrx_word' id='word_1_240' title='bbox 1832 1974 1928 2026; x_wconf 85' lang='lat' dir='ltr'><strong>ob-</strong></span> 
     </span>
    </p>
   </div>
   <div class='ocr_carea' id='block_1_36' title="bbox 2032 1877 3608 1953">
    <p class='ocr_par' dir='ltr' id='par_1_36' title="bbox 2032 1877 3608 1953">
     <span class='ocr_line' id='line_1_36' title="bbox 2032 1877 3608 1953; baseline 0.004 -22"><span class='ocrx_word' id='word_1_241' title='bbox 2032 1879 2125 1931; x_wconf 79' lang='grc' dir='ltr'><strong>καί</strong></span> <span class='ocrx_word' id='word_1_242' title='bbox 2149 1877 2258 1931; x_wconf 89' lang='grc' dir='ltr'><strong>τῶν</strong></span> <span class='ocrx_word' id='word_1_243' title='bbox 2287 1878 2463 1933; x_wconf 76' lang='grc' dir='ltr'>ἄλλων</span> <span class='ocrx_word' id='word_1_244' title='bbox 2500 1877 2791 1934; x_wconf 78' lang='grc' dir='ltr'>ἀνεύθυνον</span> <span class='ocrx_word' id='word_1_245' title='bbox 2843 1880 2987 1951; x_wconf 77' lang='grc' dir='ltr'>ἔχειν</span> <span class='ocrx_word' id='word_1_246' title='bbox 3032 1881 3130 1953; x_wconf 81' lang='grc' dir='ltr'>τὴν</span> <span class='ocrx_word' id='word_1_247' title='bbox 3182 1882 3405 1953; x_wconf 78' lang='grc' dir='ltr'>κτῆσινς</span> <span class='ocrx_word' id='word_1_248' title='bbox 3436 1884 3608 1937; x_wconf 81' lang='grc' dir='ltr'>Οὐδὲν</span> 
     </span>
    </p>
   </div>
   <div class='ocr_carea' id='block_1_37' title="bbox 2032 1966 3605 2041">
    <p class='ocr_par' dir='ltr' id='par_1_37' title="bbox 2032 1966 3605 2041">
     <span class='ocr_line' id='line_1_37' title="bbox 2032 1966 3605 2041; baseline 0.005 -21"><span class='ocrx_word' id='word_1_249' title='bbox 2032 1966 2144 2033; x_wconf 78' lang='grc' dir='ltr'>σὺν,</span> <span class='ocrx_word' id='word_1_250' title='bbox 2195 1968 2467 2040; x_wconf 77' lang='grc' dir='ltr'><strong>ἄνθρωπε.</strong></span> <span class='ocrx_word' id='word_1_251' title='bbox 2507 1970 2581 2023; x_wconf 85' lang='grc' dir='ltr'><strong>Σὺ</strong></span> <span class='ocrx_word' id='word_1_252' title='bbox 2623 1969 2825 2035; x_wconf 80' lang='grc' dir='ltr'>δοῦλος,</span> <span class='ocrx_word' id='word_1_253' title='bbox 2886 1972 2979 2025; x_wconf 82' lang='grc' dir='ltr'><strong>καί</strong></span> <span class='ocrx_word' id='word_1_254' title='bbox 3006 1971 3075 2025; x_wconf 82' lang='grc' dir='ltr'><strong>τά</strong></span> <span class='ocrx_word' id='word_1_255' title='bbox 3127 1971 3197 2026; x_wconf 76' lang='grc' dir='ltr'>σὰ</span> <span class='ocrx_word' id='word_1_256' title='bbox 3247 1971 3340 2025; x_wconf 83' lang='grc' dir='ltr'>τοῦ</span> <span class='ocrx_word' id='word_1_257' title='bbox 3374 1972 3605 2041; x_wconf 80' lang='grc' dir='ltr'>Κυρίου.</span> 
     </span>
    </p>
   </div>
   <div class='ocr_carea' id='block_1_38' title="bbox 362 2059 1932 2135">
    <p class='ocr_par' dir='ltr' id='par_1_38' title="bbox 362 2060 1929 2130">
     <span class='ocr_line' id='line_1_38' title="bbox 362 2060 1929 2130; baseline 0.002 -18"><span class='ocrx_word' id='word_1_258' title='bbox 362 2060 579 2114; x_wconf 82' lang='lat' dir='ltr'><strong>noxiam</strong></span> <span class='ocrx_word' id='word_1_259' title='bbox 610 2061 911 2115; x_wconf 83' lang='lat' dir='ltr'><strong>rationibus</strong></span> <span class='ocrx_word' id='word_1_260' title='bbox 949 2060 1195 2115; x_wconf 87' lang='lat' dir='ltr'><strong>obtinere</strong></span> <span class='ocrx_word' id='word_1_261' title='bbox 1235 2061 1664 2130; x_wconf 82' lang='lat' dir='ltr'><strong>possessionem?</strong></span> <span class='ocrx_word' id='word_1_262' title='bbox 1701 2060 1861 2125; x_wconf 81' lang='lat' dir='ltr'><strong>Nihil,</strong></span> <span class='ocrx_word' id='word_1_263' title='bbox 1895 2076 1929 2115; x_wconf 96' lang='lat' dir='ltr'><strong>o</strong></span> 
     </span>
    </p>
   </div>
   <div class='ocr_carea' id='block_1_39' title="bbox 2039 2059 3607 2135">
    <p class='ocr_par' dir='ltr' id='par_1_39' title="bbox 2039 2059 3607 2135">
     <span class='ocr_line' id='line_1_39' title="bbox 2039 2059 3607 2135; baseline 0.004 -23"><span class='ocrx_word' id='word_1_264' title='bbox 2039 2059 2250 2126; x_wconf 72' lang='grc' dir='ltr'>Δοῦλος</span> <span class='ocrx_word' id='word_1_265' title='bbox 2264 2061 2369 2133; x_wconf 81' lang='grc' dir='ltr'><strong>γὰρ</strong></span> <span class='ocrx_word' id='word_1_266' title='bbox 2392 2063 2709 2131; x_wconf 77' lang='grc' dir='ltr'>ἐλεύθερον</span> <span class='ocrx_word' id='word_1_267' title='bbox 2739 2065 3063 2118; x_wconf 74' lang='grc' dir='ltr'>πεκούλιω·</span> <span class='ocrx_word' id='word_1_268' title='bbox 3090 2066 3201 2118; x_wconf 83' lang='grc' dir='ltr'>οὐκ</span> <span class='ocrx_word' id='word_1_269' title='bbox 3234 2065 3371 2134; x_wconf 79' lang='grc' dir='ltr'>ἔχει,</span> <span class='ocrx_word' id='word_1_270' title='bbox 3396 2066 3607 2135; x_wconf 54' lang='lat' dir='ltr'><strong>Pup..ng</strong></span> 
     </span>
    </p>
   </div>
   <div class='ocr_carea' id='block_1_40' title="bbox 362 2149 1932 2225">
    <p class='ocr_par' dir='ltr' id='par_1_40' title="bbox 362 2150 1928 2220">
     <span class='ocr_line' id='line_1_40' title="bbox 362 2150 1928 2220; baseline 0.001 -16"><span class='ocrx_word' id='word_1_271' title='bbox 362 2150 555 2215; x_wconf 90' lang='lat' dir='ltr'><strong>homo,</strong></span> <span class='ocrx_word' id='word_1_272' title='bbox 589 2160 737 2205; x_wconf 90' lang='lat' dir='ltr'><strong>tuum</strong></span> <span class='ocrx_word' id='word_1_273' title='bbox 762 2161 865 2206; x_wconf 92' lang='lat' dir='ltr'><strong>est.</strong></span> <span class='ocrx_word' id='word_1_274' title='bbox 898 2152 1097 2207; x_wconf 86' lang='lat' dir='ltr'><strong>Servus</strong></span> <span class='ocrx_word' id='word_1_275' title='bbox 1120 2160 1236 2217; x_wconf 88' lang='lat' dir='ltr'><strong>est;</strong></span> <span class='ocrx_word' id='word_1_276' title='bbox 1291 2161 1486 2220; x_wconf 87' lang='lat' dir='ltr'><strong>tuaque</strong></span> <span class='ocrx_word' id='word_1_277' title='bbox 1517 2152 1694 2206; x_wconf 88' lang='lat' dir='ltr'><strong>omnia</strong></span> <span class='ocrx_word' id='word_1_278' title='bbox 1718 2150 1928 2206; x_wconf 91' lang='lat' dir='ltr'><strong>Domini</strong></span> 
     </span>
    </p>
   </div>
   <div class='ocr_carea' id='block_1_41' title="bbox 2039 2149 3607 2225">
    <p class='ocr_par' dir='ltr' id='par_1_41' title="bbox 2039 2149 3607 2225">
     <span class='ocr_line' id='line_1_41' title="bbox 2039 2149 3607 2225; baseline 0.004 -23"><span class='ocrx_word' id='word_1_279' title='bbox 2039 2149 2133 2220; x_wconf 68' lang='grc' dir='ltr'><strong>γάρ</strong></span> <span class='ocrx_word' id='word_1_280' title='bbox 2180 2150 2352 2222; x_wconf 75' lang='grc' dir='ltr'>ῆχθης</span> <span class='ocrx_word' id='word_1_281' title='bbox 2377 2155 2457 2215; x_wconf 88' lang='grc' dir='ltr'><strong>εἰς</strong></span> <span class='ocrx_word' id='word_1_282' title='bbox 2500 2152 2655 2206; x_wconf 77' lang='grc' dir='ltr'>τοῦτο</span> <span class='ocrx_word' id='word_1_283' title='bbox 2696 2154 2758 2205; x_wconf 82' lang='grc' dir='ltr'><strong>τὸ</strong></span> <span class='ocrx_word' id='word_1_284' title='bbox 2809 2154 2957 2221; x_wconf 75' lang='grc' dir='ltr'><strong>φῶς⁸</strong></span> <span class='ocrx_word' id='word_1_285' title='bbox 3006 2152 3194 2217; x_wconf 79' lang='grc' dir='ltr'>έλαόες</span> <span class='ocrx_word' id='word_1_286' title='bbox 3228 2154 3263 2207; x_wconf 81' lang='grc' dir='ltr'>ἃ</span> <span class='ocrx_word' id='word_1_287' title='bbox 3291 2155 3433 2225; x_wconf 82' lang='grc' dir='ltr'>ἔχεις</span> <span class='ocrx_word' id='word_1_288' title='bbox 3464 2154 3607 2209; x_wconf 78' lang='grc' dir='ltr'>κατὰ</span> 
     </span>
    </p>
   </div>
   <div class='ocr_carea' id='block_1_42' title="bbox 360 2240 1932 2317">
    <p class='ocr_par' dir='ltr' id='par_1_42' title="bbox 360 2242 1928 2311">
     <span class='ocr_line' id='line_1_42' title="bbox 360 2242 1928 2311; baseline 0.002 -17"><span class='ocrx_word' id='word_1_289' title='bbox 360 2242 750 2297; x_wconf 81' lang='lat' dir='ltr'><strong>sunt:Servus</strong></span> <span class='ocrx_word' id='word_1_290' title='bbox 793 2243 934 2296; x_wconf 92' lang='lat' dir='ltr'><strong>enim</strong></span> <span class='ocrx_word' id='word_1_291' title='bbox 999 2259 1102 2296; x_wconf 86' lang='lat' dir='ltr'><strong>non</strong></span> <span class='ocrx_word' id='word_1_292' title='bbox 1149 2242 1301 2296; x_wconf 79' lang='lat' dir='ltr'><strong>habet</strong></span> <span class='ocrx_word' id='word_1_293' title='bbox 1359 2243 1622 2311; x_wconf 79' lang='lat' dir='ltr'><strong>peculium</strong></span> <span class='ocrx_word' id='word_1_294' title='bbox 1689 2242 1928 2297; x_wconf 79' lang='lat' dir='ltr'><strong>liberum.</strong></span> 
     </span>
    </p>
   </div>
   <div class='ocr_carea' id='block_1_43' title="bbox 2039 2240 3603 2317">
    <p class='ocr_par' dir='ltr' id='par_1_43' title="bbox 2039 2240 3603 2317">
     <span class='ocr_line' id='line_1_43' title="bbox 2039 2240 3603 2317; baseline 0.004 -25"><span class='ocrx_word' id='word_1_295' title='bbox 2039 2240 2189 2311; x_wconf 61' lang='grc' dir='ltr'>νόμον</span> <span class='ocrx_word' id='word_1_296' title='bbox 2230 2242 2324 2295; x_wconf 76' lang='grc' dir='ltr'>τοῦ</span> <span class='ocrx_word' id='word_1_297' title='bbox 2385 2244 2590 2317; x_wconf 78' lang='grc' dir='ltr'>Κυρίου</span> <span class='ocrx_word' id='word_1_298' title='bbox 2634 2260 2749 2308; x_wconf 87' lang='grc' dir='ltr'>σου,</span> <span class='ocrx_word' id='word_1_299' title='bbox 2800 2245 2832 2315; x_wconf 78' lang='grc' dir='ltr'>ἢ</span> <span class='ocrx_word' id='word_1_300' title='bbox 2896 2245 3309 2317; x_wconf 72' lang='grc' dir='ltr'>κληρονομήσας</span> <span class='ocrx_word' id='word_1_301' title='bbox 3367 2246 3603 2316; x_wconf 85' lang='grc' dir='ltr'>πατέρα,</span> 
     </span>
    </p>
   </div>
   <div class='ocr_carea' id='block_1_44' title="bbox 319 2329 1932 2405">
    <p class='ocr_par' dir='ltr' id='par_1_44' title="bbox 319 2330 1932 2403">
     <span class='ocr_line' id='line_1_44' title="bbox 319 2330 1932 2403; baseline 0.004 -20"><span class='ocrx_word' id='word_1_302' title='bbox 319 2370 321 2373; x_wconf 77' lang='lat'><strong>.</strong></span> <span class='ocrx_word' id='word_1_303' title='bbox 358 2330 569 2401; x_wconf 83' lang='lat' dir='ltr'><strong>Quippe</strong></span> <span class='ocrx_word' id='word_1_304' title='bbox 597 2334 772 2388; x_wconf 90' lang='lat' dir='ltr'><strong>nudus</strong></span> <span class='ocrx_word' id='word_1_305' title='bbox 805 2334 859 2388; x_wconf 89' lang='lat' dir='ltr'><strong>in</strong></span> <span class='ocrx_word' id='word_1_306' title='bbox 891 2335 1029 2387; x_wconf 86' lang='lat' dir='ltr'><strong>hanc</strong></span> <span class='ocrx_word' id='word_1_307' title='bbox 1068 2334 1239 2387; x_wconf 87' lang='lat' dir='ltr'><strong>lucem</strong></span> <span class='ocrx_word' id='word_1_308' title='bbox 1276 2334 1552 2402; x_wconf 89' lang='lat' dir='ltr'><strong>prodiisti;</strong></span> <span class='ocrx_word' id='word_1_309' title='bbox 1601 2349 1932 2403; x_wconf 75' lang='lat' dir='ltr'><strong>quaecunque</strong></span> 
     </span>
    </p>
   </div>
   <div class='ocr_carea' id='block_1_45' title="bbox 2039 2329 3607 2405">
    <p class='ocr_par' dir='ltr' id='par_1_45' title="bbox 2039 2330 3607 2405">
     <span class='ocr_line' id='line_1_45' title="bbox 2039 2330 3607 2405; baseline 0.004 -25"><span class='ocrx_word' id='word_1_310' title='bbox 2039 2330 2213 2402; x_wconf 67' lang='grc' dir='ltr'>ἐπειδὴ</span> <span class='ocrx_word' id='word_1_311' title='bbox 2239 2331 2410 2396; x_wconf 79' lang='grc' dir='ltr'>οὕτως</span> <span class='ocrx_word' id='word_1_312' title='bbox 2447 2335 2475 2385; x_wconf 83' lang='grc' dir='ltr'>ὁ</span> <span class='ocrx_word' id='word_1_313' title='bbox 2501 2334 2632 2397; x_wconf 83' lang='grc' dir='ltr'><strong>Θεὸς</strong></span> <span class='ocrx_word' id='word_1_314' title='bbox 2660 2334 2939 2400; x_wconf 78' lang='grc' dir='ltr'><strong>διετάξατο</strong></span> <span class='ocrx_word' id='word_1_315' title='bbox 2959 2334 3186 2404; x_wconf 75' lang='grc' dir='ltr'><strong>(Γονεῖς</strong></span> <span class='ocrx_word' id='word_1_316' title='bbox 3216 2336 3326 2405; x_wconf 75' lang='grc' dir='ltr'>γὰρ</span> <span class='ocrx_word' id='word_1_317' title='bbox 3348 2335 3607 2401; x_wconf 76' lang='grc' dir='ltr'>τέκνοις,</span> 
     </span>
    </p>
   </div>
   <div class='ocr_carea' id='block_1_46' title="bbox 362 2424 1932 2505">
    <p class='ocr_par' dir='ltr' id='par_1_46' title="bbox 362 2424 1929 2493">
     <span class='ocr_line' id='line_1_46' title="bbox 362 2424 1929 2493; baseline -0.001 -15"><span class='ocrx_word' id='word_1_318' title='bbox 362 2425 562 2488; x_wconf 85' lang='lat' dir='ltr'><strong>babes,</strong></span> <span class='ocrx_word' id='word_1_319' title='bbox 594 2440 660 2479; x_wconf 84' lang='lat' dir='ltr'><strong>ex</strong></span> <span class='ocrx_word' id='word_1_320' title='bbox 693 2425 901 2479; x_wconf 85' lang='lat' dir='ltr'><strong>Domini</strong></span> <span class='ocrx_word' id='word_1_321' title='bbox 955 2426 1031 2479; x_wconf 90' lang='lat' dir='ltr'><strong>tui</strong></span> <span class='ocrx_word' id='word_1_322' title='bbox 1074 2425 1189 2493; x_wconf 82' lang='lat' dir='ltr'><strong>lege</strong></span> <span class='ocrx_word' id='word_1_323' title='bbox 1223 2424 1507 2493; x_wconf 87' lang='lat' dir='ltr'><strong>accepisti;</strong></span> <span class='ocrx_word' id='word_1_324' title='bbox 1555 2425 1669 2480; x_wconf 82' lang='lat' dir='ltr'><strong>sive</strong></span> <span class='ocrx_word' id='word_1_325' title='bbox 1708 2434 1929 2492; x_wconf 88' lang='lat' dir='ltr'><strong>paterna</strong></span> 
     </span>
    </p>
   </div>
   <div class='ocr_carea' id='block_1_47' title="bbox 2039 2424 3608 2505">
    <p class='ocr_par' dir='ltr' id='par_1_47' title="bbox 2039 2424 3608 2505">
     <span class='ocr_line' id='line_1_47' title="bbox 2039 2424 3608 2505; baseline 0.008 -30"><span class='ocrx_word' id='word_1_326' title='bbox 2039 2424 2185 2492; x_wconf 68' lang='grc' dir='ltr'>φησι,</span> <span class='ocrx_word' id='word_1_327' title='bbox 2217 2426 2494 2491; x_wconf 81' lang='grc' dir='ltr'>μεριοῦσι</span> <span class='ocrx_word' id='word_1_328' title='bbox 2528 2429 2772 2496; x_wconf 78' lang='grc' dir='ltr'>σκύλα),</span> <span class='ocrx_word' id='word_1_329' title='bbox 2815 2430 2847 2500; x_wconf 78' lang='grc' dir='ltr'><strong>ἢ</strong></span> <span class='ocrx_word' id='word_1_330' title='bbox 2882 2431 2989 2483; x_wconf 81' lang='grc' dir='ltr'><strong>ἀπὸ</strong></span> <span class='ocrx_word' id='word_1_331' title='bbox 3015 2430 3192 2502; x_wconf 81' lang='grc' dir='ltr'>γάμου</span> <span class='ocrx_word' id='word_1_332' title='bbox 3226 2432 3321 2504; x_wconf 80' lang='grc' dir='ltr'>τὴν</span> <span class='ocrx_word' id='word_1_333' title='bbox 3348 2434 3608 2505; x_wconf 78' lang='grc' dir='ltr'>εὐπορίαν</span> 
     </span>
    </p>
   </div>
   <div class='ocr_carea' id='block_1_48' title="bbox 360 2513 1932 2597">
    <p class='ocr_par' dir='ltr' id='par_1_48' title="bbox 360 2513 1928 2586">
     <span class='ocr_line' id='line_1_48' title="bbox 360 2513 1928 2586; baseline -0.001 -18"><span class='ocrx_word' id='word_1_334' title='bbox 360 2515 711 2578; x_wconf 71' lang='lat' dir='ltr'><strong>bzereditate,</strong></span> <span class='ocrx_word' id='word_1_335' title='bbox 754 2516 895 2585; x_wconf 88' lang='lat' dir='ltr'><strong>quod</strong></span> <span class='ocrx_word' id='word_1_336' title='bbox 949 2516 1021 2569; x_wconf 88' lang='lat' dir='ltr'><strong>ita</strong></span> <span class='ocrx_word' id='word_1_337' title='bbox 1072 2516 1209 2570; x_wconf 77' lang='lat' dir='ltr'><strong>Deus</strong></span> <span class='ocrx_word' id='word_1_338' title='bbox 1258 2516 1597 2570; x_wconf 85' lang='lat' dir='ltr'><strong>constituerit</strong></span> <span class='ocrx_word' id='word_1_339' title='bbox 1652 2513 1928 2586; x_wconf 81' lang='lat' dir='ltr'><strong>(Parentes</strong></span> 
     </span>
    </p>
   </div>
   <div class='ocr_carea' id='block_1_49' title="bbox 2039 2513 3608 2597">
    <p class='ocr_par' dir='ltr' id='par_1_49' title="bbox 2039 2516 3608 2597">
     <span class='ocr_line' id='line_1_49' title="bbox 2039 2516 3608 2597; baseline 0.008 -30"><span class='ocrx_word' id='word_1_340' title='bbox 2039 2516 2371 2587; x_wconf 82' lang='grc' dir='ltr'>κτησάμενος</span> <span class='ocrx_word' id='word_1_341' title='bbox 2400 2520 2598 2589; x_wconf 83' lang='grc' dir='ltr'>(γάμος</span> <span class='ocrx_word' id='word_1_342' title='bbox 2636 2522 2692 2574; x_wconf 81' lang='grc' dir='ltr'>δὲ</span> <span class='ocrx_word' id='word_1_343' title='bbox 2744 2523 2836 2575; x_wconf 78' lang='grc' dir='ltr'><strong>καί</strong></span> <span class='ocrx_word' id='word_1_344' title='bbox 2872 2524 2939 2576; x_wconf 83' lang='grc' dir='ltr'>τὰ</span> <span class='ocrx_word' id='word_1_345' title='bbox 2964 2524 3047 2575; x_wconf 78' lang='grc' dir='ltr'><strong>ἐπ’</strong></span> <span class='ocrx_word' id='word_1_346' title='bbox 3070 2524 3261 2595; x_wconf 75' lang='grc' dir='ltr'>ἐκείνῳ</span> <span class='ocrx_word' id='word_1_347' title='bbox 3294 2525 3444 2597; x_wconf 72' lang='grc' dir='ltr'>παρὰ</span> <span class='ocrx_word' id='word_1_348' title='bbox 3471 2525 3608 2579; x_wconf 79' lang='grc' dir='ltr'>Θεοῦ</span> 
     </span>
    </p>
   </div>
   <div class='ocr_carea' id='block_1_50' title="bbox 357 2606 1932 2686">
    <p class='ocr_par' dir='ltr' id='par_1_50' title="bbox 357 2606 1928 2679">
     <span class='ocr_line' id='line_1_50' title="bbox 357 2606 1928 2679; baseline 0.002 -21"><span class='ocrx_word' id='word_1_349' title='bbox 357 2607 524 2672; x_wconf 81' lang='lat' dir='ltr'><strong>enim,</strong></span> <span class='ocrx_word' id='word_1_350' title='bbox 562 2607 769 2675; x_wconf 85' lang='lat' dir='ltr'><strong>inquit,</strong></span> <span class='ocrx_word' id='word_1_351' title='bbox 800 2607 926 2677; x_wconf 80' lang='lat' dir='ltr'><strong>filiis</strong></span> <span class='ocrx_word' id='word_1_352' title='bbox 967 2608 1131 2674; x_wconf 79' lang='lat' dir='ltr'><strong>spolia</strong></span> <span class='ocrx_word' id='word_1_353' title='bbox 1154 2610 1379 2662; x_wconf 77' lang='lat' dir='ltr'><strong>divident</strong></span> <span class='ocrx_word' id='word_1_354' title='bbox 1414 2608 1459 2640; x_wconf 79' lang='lat'>”</span> <span class='ocrx_word' id='word_1_355' title='bbox 1498 2606 1614 2679; x_wconf 72' lang='lat'><strong>[16]</strong></span> <span class='ocrx_word' id='word_1_356' title='bbox 1645 2610 1688 2672; x_wconf 65' lang='grc' dir='ltr'><strong>ἰ,</strong></span> <span class='ocrx_word' id='word_1_357' title='bbox 1722 2608 1834 2663; x_wconf 84' lang='lat' dir='ltr'><strong>sive</strong></span> <span class='ocrx_word' id='word_1_358' title='bbox 1864 2622 1928 2661; x_wconf 77' lang='lat' dir='ltr'><strong>ex</strong></span> 
     </span>
    </p>
   </div>
   <div class='ocr_carea' id='block_1_51' title="bbox 2039 2606 3609 2686">
    <p class='ocr_par' dir='ltr' id='par_1_51' title="bbox 2039 2606 3609 2686">
     <span class='ocr_line' id='line_1_51' title="bbox 2039 2606 3609 2686; baseline 0.006 -27"><span class='ocrx_word' id='word_1_359' title='bbox 2039 2606 2423 2674; x_wconf 79' lang='grc' dir='ltr'>διατέτακται),</span> <span class='ocrx_word' id='word_1_360' title='bbox 2479 2608 2512 2679; x_wconf 84' lang='grc' dir='ltr'>ἢ</span> <span class='ocrx_word' id='word_1_361' title='bbox 2562 2610 2669 2662; x_wconf 84' lang='grc' dir='ltr'>ἀπὸ</span> <span class='ocrx_word' id='word_1_362' title='bbox 2713 2611 3004 2681; x_wconf 76' lang='grc' dir='ltr'>ἐμπορίας.</span> <span class='ocrx_word' id='word_1_363' title='bbox 3053 2612 3146 2665; x_wconf 74' lang='grc' dir='ltr'>καὶ</span> <span class='ocrx_word' id='word_1_364' title='bbox 3190 2616 3476 2686; x_wconf 84' lang='grc' dir='ltr'>γεωργίας.</span> <span class='ocrx_word' id='word_1_365' title='bbox 3512 2618 3609 2670; x_wconf 77' lang='grc' dir='ltr'><strong>καὶ</strong></span> 
     </span>
    </p>
   </div>
   <div class='ocr_carea' id='block_1_52' title="bbox 363 2694 1932 2778">
    <p class='ocr_par' dir='ltr' id='par_1_52' title="bbox 363 2694 1932 2762">
     <span class='ocr_line' id='line_1_52' title="bbox 363 2694 1932 2762; baseline 0.003 -16"><span class='ocrx_word' id='word_1_366' title='bbox 363 2694 708 2749; x_wconf 87' lang='lat' dir='ltr'><strong>matrimonio</strong></span> <span class='ocrx_word' id='word_1_367' title='bbox 751 2696 968 2751; x_wconf 80' lang='lat' dir='ltr'><strong>divitias</strong></span> <span class='ocrx_word' id='word_1_368' title='bbox 1005 2708 1329 2752; x_wconf 87' lang='lat' dir='ltr'><strong>consecutus</strong></span> <span class='ocrx_word' id='word_1_369' title='bbox 1377 2712 1467 2762; x_wconf 90' lang='lat' dir='ltr'><strong>es;</strong></span> <span class='ocrx_word' id='word_1_370' title='bbox 1517 2698 1617 2751; x_wconf 89' lang='lat' dir='ltr'><strong>hoc</strong></span> <span class='ocrx_word' id='word_1_371' title='bbox 1661 2697 1802 2749; x_wconf 86' lang='lat' dir='ltr'><strong>enim</strong></span> <span class='ocrx_word' id='word_1_372' title='bbox 1830 2735 1846 2759; x_wconf 94' lang='lat'><strong>,</strong></span> <span class='ocrx_word' id='word_1_373' title='bbox 1877 2705 1932 2750; x_wconf 92' lang='lat' dir='ltr'><strong>et</strong></span> 
     </span>
    </p>
   </div>
   <div class='ocr_carea' id='block_1_53' title="bbox 2039 2694 3609 2778">
    <p class='ocr_par' dir='ltr' id='par_1_53' title="bbox 2039 2695 3609 2778">
     <span class='ocr_line' id='line_1_53' title="bbox 2039 2695 3609 2778; baseline 0.008 -30"><span class='ocrx_word' id='word_1_374' title='bbox 2039 2695 2141 2749; x_wconf 82' lang='grc' dir='ltr'><strong>τῶν</strong></span> <span class='ocrx_word' id='word_1_375' title='bbox 2168 2695 2342 2751; x_wconf 73' lang='grc' dir='ltr'>ἄλλων</span> <span class='ocrx_word' id='word_1_376' title='bbox 2380 2700 2724 2769; x_wconf 81' lang='grc' dir='ltr'><strong>προφάσεων,</strong></span> <span class='ocrx_word' id='word_1_377' title='bbox 2783 2700 2918 2754; x_wconf 79' lang='grc' dir='ltr'>Θεοῦ</span> <span class='ocrx_word' id='word_1_378' title='bbox 2959 2700 3095 2773; x_wconf 85' lang='grc' dir='ltr'>πρὸς</span> <span class='ocrx_word' id='word_1_379' title='bbox 3138 2704 3323 2757; x_wconf 75' lang='grc' dir='ltr'>ἐκεῖνα</span> <span class='ocrx_word' id='word_1_380' title='bbox 3354 2707 3609 2778; x_wconf 80' lang='grc' dir='ltr'>συμπρά-</span> 
     </span>
    </p>
   </div>
   <div class='ocr_carea' id='block_1_54' title="bbox 361 2783 3083 2855">
    <p class='ocr_par' dir='ltr' id='par_1_54' title="bbox 361 2783 3083 2855">
     <span class='ocr_line' id='line_1_54' title="bbox 361 2783 3083 2855; baseline 0.003 -20"><span class='ocrx_word' id='word_1_381' title='bbox 361 2796 484 2850; x_wconf 64' lang='lat' dir='ltr'><strong>quae</strong></span> <span class='ocrx_word' id='word_1_382' title='bbox 534 2785 805 2855; x_wconf 87' lang='lat' dir='ltr'><strong>pertinent</strong></span> <span class='ocrx_word' id='word_1_383' title='bbox 840 2791 906 2840; x_wconf 82' lang='lat' dir='ltr'><strong>ad</strong></span> <span class='ocrx_word' id='word_1_384' title='bbox 948 2785 1077 2840; x_wconf 90' lang='lat' dir='ltr'><strong>illud</strong></span> <span class='ocrx_word' id='word_1_385' title='bbox 1119 2802 1148 2839; x_wconf 92' lang='lat' dir='ltr'><strong>a</strong></span> <span class='ocrx_word' id='word_1_386' title='bbox 1195 2788 1300 2842; x_wconf 87' lang='lat' dir='ltr'><strong>Deo</strong></span> <span class='ocrx_word' id='word_1_387' title='bbox 1341 2787 1581 2840; x_wconf 77' lang='lat' dir='ltr'><strong>instituta</strong></span> <span class='ocrx_word' id='word_1_388' title='bbox 1628 2796 1752 2841; x_wconf 81' lang='lat' dir='ltr'><strong>sunt</strong></span> <span class='ocrx_word' id='word_1_389' title='bbox 1780 2802 1794 2840; x_wconf 87' lang='lat'><strong>:</strong></span> <span class='ocrx_word' id='word_1_390' title='bbox 1820 2786 1932 2841; x_wconf 86' lang='lat' dir='ltr'><strong>sive</strong></span> <span class='ocrx_word' id='word_1_391' title='bbox 2039 2783 2244 2850; x_wconf 79' lang='grc' dir='ltr'>ξαντος.</span> <span class='ocrx_word' id='word_1_392' title='bbox 3076 2802 3083 2809; x_wconf 70' lang='lat'><strong><em>‘</em></strong></span> 
     </span>
    </p>
   </div>
   <div class='ocr_carea' id='block_1_55' title="bbox 363 2875 3609 2959">
    <p class='ocr_par' dir='ltr' id='par_1_55' title="bbox 363 2875 3609 2959">
     <span class='ocr_line' id='line_1_55' title="bbox 363 2875 3609 2959; baseline 0.004 -28"><span class='ocrx_word' id='word_1_393' title='bbox 363 2875 595 2945; x_wconf 85' lang='lat' dir='ltr'><strong>denique</strong></span> <span class='ocrx_word' id='word_1_394' title='bbox 649 2890 717 2930; x_wconf 78' lang='lat' dir='ltr'><strong>ex</strong></span> <span class='ocrx_word' id='word_1_395' title='bbox 782 2890 1110 2943; x_wconf 84' lang='lat' dir='ltr'><strong>mercatura,</strong></span> <span class='ocrx_word' id='word_1_396' title='bbox 1162 2888 1256 2933; x_wconf 91' lang='lat' dir='ltr'><strong>aut</strong></span> <span class='ocrx_word' id='word_1_397' title='bbox 1313 2877 1661 2947; x_wconf 77' lang='lat' dir='ltr'><strong>agricultura,</strong></span> <span class='ocrx_word' id='word_1_398' title='bbox 1691 2877 1774 2932; x_wconf 83' lang='lat' dir='ltr'><strong>vel</strong></span> <span class='ocrx_word' id='word_1_399' title='bbox 1814 2876 1934 2931; x_wconf 78' lang='lat' dir='ltr'><strong>aliis</strong></span> <span class='ocrx_word' id='word_1_400' title='bbox 1973 2877 2286 2947; x_wconf 88' lang='lat' dir='ltr'><strong>acquirendi</strong></span> <span class='ocrx_word' id='word_1_401' title='bbox 2318 2879 2521 2944; x_wconf 88' lang='lat' dir='ltr'><strong>modis,</strong></span> <span class='ocrx_word' id='word_1_402' title='bbox 2563 2877 2790 2937; x_wconf 77' lang='lat' dir='ltr'><strong>faciente</strong></span> <span class='ocrx_word' id='word_1_403' title='bbox 2839 2881 2951 2940; x_wconf 88' lang='lat' dir='ltr'><strong>Deo</strong></span> <span class='ocrx_word' id='word_1_404' title='bbox 3002 2900 3067 2942; x_wconf 86' lang='lat' dir='ltr'><strong>ac</strong></span> <span class='ocrx_word' id='word_1_405' title='bbox 3105 2887 3428 2959; x_wconf 88' lang='lat' dir='ltr'><strong>adjuvante,</strong></span> <span class='ocrx_word' id='word_1_406' title='bbox 3455 2887 3609 2945; x_wconf 81' lang='lat' dir='ltr'><strong>dives</strong></span> 
     </span>
    </p>
   </div>
   <div class='ocr_carea' id='block_1_56' title="bbox 361 2964 641 3021">
    <p class='ocr_par' dir='ltr' id='par_1_56' title="bbox 361 2964 641 3021">
     <span class='ocr_line' id='line_1_56' title="bbox 361 2964 641 3021; baseline 0.004 -1"><span class='ocrx_word' id='word_1_407' title='bbox 361 2964 536 3021; x_wconf 88' lang='lat' dir='ltr'><strong>factus</strong></span> <span class='ocrx_word' id='word_1_408' title='bbox 561 2980 641 3021; x_wconf 90' lang='lat' dir='ltr'><strong>es.</strong></span> 
     </span>
    </p>
   </div>
   <div class='ocr_carea' id='block_1_57' title="bbox 431 3052 1932 3132">
    <p class='ocr_par' dir='ltr' id='par_1_57' title="bbox 431 3057 1929 3130">
     <span class='ocr_line' id='line_1_57' title="bbox 431 3057 1929 3130; baseline -0.001 -18"><span class='ocrx_word' id='word_1_409' title='bbox 431 3057 551 3112; x_wconf 76' lang='lat' dir='ltr'><strong>1am</strong></span> <span class='ocrx_word' id='word_1_410' title='bbox 592 3060 773 3129; x_wconf 87' lang='lat' dir='ltr'><strong>itaque</strong></span> <span class='ocrx_word' id='word_1_411' title='bbox 798 3068 1080 3130; x_wconf 79' lang='lat' dir='ltr'><strong>promtum</strong></span> <span class='ocrx_word' id='word_1_412' title='bbox 1109 3066 1230 3123; x_wconf 89' lang='lat' dir='ltr'><strong>est,</strong></span> <span class='ocrx_word' id='word_1_413' title='bbox 1281 3059 1555 3128; x_wconf 81' lang='lat' dir='ltr'><strong>accepisse</strong></span> <span class='ocrx_word' id='word_1_414' title='bbox 1593 3067 1646 3112; x_wconf 91' lang='lat' dir='ltr'><strong>te</strong></span> <span class='ocrx_word' id='word_1_415' title='bbox 1669 3073 1776 3113; x_wconf 90' lang='lat' dir='ltr'><strong>non</strong></span> <span class='ocrx_word' id='word_1_416' title='bbox 1808 3067 1929 3124; x_wconf 83' lang='lat' dir='ltr'><strong>tua;</strong></span> 
     </span>
    </p>
   </div>
   <div class='ocr_carea' id='block_1_58' title="bbox 2039 3052 3609 3132">
    <p class='ocr_par' dir='ltr' id='par_1_58' title="bbox 2117 3052 3609 3132">
     <span class='ocr_line' id='line_1_58' title="bbox 2117 3052 3609 3132; baseline 0.007 -26"><span class='ocrx_word' id='word_1_417' title='bbox 2117 3052 2249 3106; x_wconf 81' lang='grc' dir='ltr'>Ἰδοὺ</span> <span class='ocrx_word' id='word_1_418' title='bbox 2275 3052 2475 3116; x_wconf 81' lang='grc' dir='ltr'>τοίνυν,</span> <span class='ocrx_word' id='word_1_419' title='bbox 2508 3053 2718 3126; x_wconf 77' lang='grc' dir='ltr'>ἐδείχθη</span> <span class='ocrx_word' id='word_1_420' title='bbox 2768 3056 2852 3109; x_wconf 82' lang='grc' dir='ltr'>ὅτι</span> <span class='ocrx_word' id='word_1_421' title='bbox 2896 3056 3087 3122; x_wconf 76' lang='grc' dir='ltr'>ἔλαϐες</span> <span class='ocrx_word' id='word_1_422' title='bbox 3118 3058 3188 3112; x_wconf 82' lang='grc' dir='ltr'>τὰ</span> <span class='ocrx_word' id='word_1_423' title='bbox 3221 3060 3297 3132; x_wconf 83' lang='grc' dir='ltr'>μὴ</span> <span class='ocrx_word' id='word_1_424' title='bbox 3332 3060 3419 3116; x_wconf 89' lang='grc' dir='ltr'><strong>σά.</strong></span> <span class='ocrx_word' id='word_1_425' title='bbox 3457 3062 3609 3116; x_wconf 84' lang='grc' dir='ltr'>Ἵδω-</span> 
     </span>
    </p>
   </div>
   <div class='ocr_carea' id='block_1_59' title="bbox 359 3144 1932 3221">
    <p class='ocr_par' dir='ltr' id='par_1_59' title="bbox 359 3150 1932 3221">
     <span class='ocr_line' id='line_1_59' title="bbox 359 3150 1932 3221; baseline -0.001 -16"><span class='ocrx_word' id='word_1_426' title='bbox 359 3153 644 3206; x_wconf 78' lang='lat' dir='ltr'><strong>videamus</strong></span> <span class='ocrx_word' id='word_1_427' title='bbox 698 3153 950 3221; x_wconf 89' lang='lat' dir='ltr'><strong>deinceps</strong></span> <span class='ocrx_word' id='word_1_428' title='bbox 992 3152 1119 3219; x_wconf 88' lang='lat' dir='ltr'><strong>quid</strong></span> <span class='ocrx_word' id='word_1_429' title='bbox 1165 3151 1534 3220; x_wconf 67' lang='lat' dir='ltr'><strong>praescriptum</strong></span> <span class='ocrx_word' id='word_1_430' title='bbox 1584 3150 1679 3205; x_wconf 90' lang='lat' dir='ltr'><strong>tibi</strong></span> <span class='ocrx_word' id='word_1_431' title='bbox 1719 3153 1827 3217; x_wconf 88' lang='lat' dir='ltr'><strong>sit,</strong></span> <span class='ocrx_word' id='word_1_432' title='bbox 1871 3166 1932 3204; x_wconf 89' lang='lat' dir='ltr'><strong>ac</strong></span> 
     </span>
    </p>
   </div>
   <div class='ocr_carea' id='block_1_60' title="bbox 2039 3144 3610 3221">
    <p class='ocr_par' dir='ltr' id='par_1_60' title="bbox 2039 3144 3610 3221">
     <span class='ocr_line' id='line_1_60' title="bbox 2039 3144 3610 3221; baseline 0.008 -24"><span class='ocrx_word' id='word_1_433' title='bbox 2039 3160 2136 3214; x_wconf 90' lang='grc' dir='ltr'><strong>μεν</strong></span> <span class='ocrx_word' id='word_1_434' title='bbox 2166 3144 2344 3197; x_wconf 82' lang='grc' dir='ltr'>τοίνυν</span> <span class='ocrx_word' id='word_1_435' title='bbox 2372 3144 2579 3210; x_wconf 83' lang='grc' dir='ltr'>λοιπὸν,</span> <span class='ocrx_word' id='word_1_436' title='bbox 2608 3148 2660 3199; x_wconf 87' lang='grc' dir='ltr'><strong>τί</strong></span> <span class='ocrx_word' id='word_1_437' title='bbox 2692 3159 2774 3200; x_wconf 81' lang='grc' dir='ltr'><strong>σοι</strong></span> <span class='ocrx_word' id='word_1_438' title='bbox 2803 3149 3102 3221; x_wconf 76' lang='grc' dir='ltr'>ἐπετάχθη,</span> <span class='ocrx_word' id='word_1_439' title='bbox 3128 3152 3222 3206; x_wconf 77' lang='grc' dir='ltr'><strong>καὶ</strong></span> <span class='ocrx_word' id='word_1_440' title='bbox 3244 3153 3330 3207; x_wconf 84' lang='grc' dir='ltr'><strong>οἵα</strong></span> <span class='ocrx_word' id='word_1_441' title='bbox 3352 3148 3437 3207; x_wconf 73' lang='grc' dir='ltr'><strong>ἐπ’</strong></span> <span class='ocrx_word' id='word_1_442' title='bbox 3462 3156 3610 3210; x_wconf 79' lang='grc' dir='ltr'>ἐκεί-</span> 
     </span>
    </p>
   </div>
   <div class='ocr_carea' id='block_1_61' title="bbox 360 3236 1932 3319">
    <p class='ocr_par' dir='ltr' id='par_1_61' title="bbox 360 3240 1932 3312">
     <span class='ocr_line' id='line_1_61' title="bbox 360 3240 1932 3312; baseline -0.001 -16"><span class='ocrx_word' id='word_1_443' title='bbox 360 3241 535 3312; x_wconf 82' lang='lat' dir='ltr'><strong>qualis</strong></span> <span class='ocrx_word' id='word_1_444' title='bbox 567 3256 751 3297; x_wconf 83' lang='lat' dir='ltr'><strong>eorum</strong></span> <span class='ocrx_word' id='word_1_445' title='bbox 805 3242 1205 3298; x_wconf 86' lang='lat' dir='ltr'><strong>administratio</strong></span> <span class='ocrx_word' id='word_1_446' title='bbox 1252 3256 1372 3297; x_wconf 88' lang='lat' dir='ltr'><strong>esse</strong></span> <span class='ocrx_word' id='word_1_447' title='bbox 1416 3241 1631 3297; x_wconf 83' lang='lat' dir='ltr'><strong>debeat.</strong></span> <span class='ocrx_word' id='word_1_448' title='bbox 1678 3240 1754 3296; x_wconf 82' lang='lat' dir='ltr'><strong>Da</strong></span> <span class='ocrx_word' id='word_1_449' title='bbox 1807 3258 1932 3296; x_wconf 88' lang='lat' dir='ltr'><strong>csu-</strong></span> 
     </span>
    </p>
   </div>
   <div class='ocr_carea' id='block_1_62' title="bbox 2039 3236 3610 3319">
    <p class='ocr_par' dir='ltr' id='par_1_62' title="bbox 2039 3236 3610 3319">
     <span class='ocr_line' id='line_1_62' title="bbox 2039 3236 3610 3319; baseline 0.007 -29"><span class='ocrx_word' id='word_1_450' title='bbox 2039 3250 2143 3300; x_wconf 86' lang='grc' dir='ltr'>νοις</span> <span class='ocrx_word' id='word_1_451' title='bbox 2162 3236 2443 3307; x_wconf 84' lang='grc' dir='ltr'>διοίκησις.</span> <span class='ocrx_word' id='word_1_452' title='bbox 2473 3238 2572 3302; x_wconf 81' lang='grc' dir='ltr'>Δὸς</span> <span class='ocrx_word' id='word_1_453' title='bbox 2594 3238 2671 3310; x_wconf 82' lang='grc' dir='ltr'>τῷ</span> <span class='ocrx_word' id='word_1_454' title='bbox 2704 3240 2980 3307; x_wconf 82' lang='grc' dir='ltr'>πεινῶντι,</span> <span class='ocrx_word' id='word_1_455' title='bbox 3012 3242 3228 3300; x_wconf 81' lang='grc' dir='ltr'>ἔνδυσον</span> <span class='ocrx_word' id='word_1_456' title='bbox 3255 3246 3348 3300; x_wconf 83' lang='grc' dir='ltr'><strong>τὸν</strong></span> <span class='ocrx_word' id='word_1_457' title='bbox 3383 3248 3610 3319; x_wconf 76' lang='grc' dir='ltr'>γυμνὸν,</span> 
     </span>
    </p>
   </div>
   <div class='ocr_carea' id='block_1_63' title="bbox 361 3327 1932 3409">
    <p class='ocr_par' dir='ltr' id='par_1_63' title="bbox 361 3330 1932 3403">
     <span class='ocr_line' id='line_1_63' title="bbox 361 3330 1932 3403; baseline -0.001 -15"><span class='ocrx_word' id='word_1_458' title='bbox 361 3335 552 3399; x_wconf 81' lang='lat' dir='ltr'><strong>rieuti;</strong></span> <span class='ocrx_word' id='word_1_459' title='bbox 609 3342 729 3403; x_wconf 83' lang='lat' dir='ltr'><strong>tege</strong></span> <span class='ocrx_word' id='word_1_460' title='bbox 756 3333 988 3399; x_wconf 87' lang='lat' dir='ltr'><strong>nudum;</strong></span> <span class='ocrx_word' id='word_1_461' title='bbox 1023 3348 1152 3386; x_wconf 87' lang='lat' dir='ltr'><strong>cura</strong></span> <span class='ocrx_word' id='word_1_462' title='bbox 1200 3333 1338 3387; x_wconf 89' lang='lat' dir='ltr'><strong>male</strong></span> <span class='ocrx_word' id='word_1_463' title='bbox 1376 3330 1666 3399; x_wconf 72' lang='lat' dir='ltr'><strong>aﬂectum;</strong></span> <span class='ocrx_word' id='word_1_464' title='bbox 1707 3348 1774 3388; x_wconf 92' lang='lat' dir='ltr'><strong>ne</strong></span> <span class='ocrx_word' id='word_1_465' title='bbox 1812 3347 1932 3402; x_wconf 82' lang='lat' dir='ltr'><strong>ege-</strong></span> 
     </span>
    </p>
   </div>
   <div class='ocr_carea' id='block_1_64' title="bbox 2039 3327 3610 3409">
    <p class='ocr_par' dir='ltr' id='par_1_64' title="bbox 2039 3327 3610 3409">
     <span class='ocr_line' id='line_1_64' title="bbox 2039 3327 3610 3409; baseline 0.008 -28"><span class='ocrx_word' id='word_1_466' title='bbox 2039 3327 2369 3399; x_wconf 85' lang='grc' dir='ltr'>θεράπευσον</span> <span class='ocrx_word' id='word_1_467' title='bbox 2403 3329 2497 3382; x_wconf 83' lang='grc' dir='ltr'>τὸν</span> <span class='ocrx_word' id='word_1_468' title='bbox 2524 3331 2933 3402; x_wconf 77' lang='grc' dir='ltr'>κεκακωμένον,</span> <span class='ocrx_word' id='word_1_469' title='bbox 2979 3333 3054 3405; x_wconf 82' lang='grc' dir='ltr'>μὴ</span> <span class='ocrx_word' id='word_1_470' title='bbox 3081 3336 3325 3409; x_wconf 76' lang='grc' dir='ltr'>περιίδῃς</span> <span class='ocrx_word' id='word_1_471' title='bbox 3348 3338 3438 3391; x_wconf 76' lang='grc' dir='ltr'><strong>τὸν</strong></span> <span class='ocrx_word' id='word_1_472' title='bbox 3476 3338 3610 3393; x_wconf 78' lang='grc' dir='ltr'>ἄπο-</span> 
     </span>
    </p>
   </div>
   <div class='ocr_carea' id='block_1_65' title="bbox 362 3417 1932 3495">
    <p class='ocr_par' dir='ltr' id='par_1_65' title="bbox 362 3424 1932 3495">
     <span class='ocr_line' id='line_1_65' title="bbox 362 3424 1932 3495; baseline -0.001 -15"><span class='ocrx_word' id='word_1_473' title='bbox 362 3441 512 3490; x_wconf 91' lang='lat' dir='ltr'><strong>num,</strong></span> <span class='ocrx_word' id='word_1_474' title='bbox 538 3439 602 3479; x_wconf 90' lang='lat' dir='ltr'><strong>ac</strong></span> <span class='ocrx_word' id='word_1_475' title='bbox 633 3424 685 3478; x_wconf 94' lang='lat' dir='ltr'><strong>in</strong></span> <span class='ocrx_word' id='word_1_476' title='bbox 726 3424 898 3478; x_wconf 82' lang='lat' dir='ltr'><strong>triviis</strong></span> <span class='ocrx_word' id='word_1_477' title='bbox 929 3424 1222 3492; x_wconf 86' lang='lat' dir='ltr'><strong>projectum</strong></span> <span class='ocrx_word' id='word_1_478' title='bbox 1266 3425 1598 3495; x_wconf 69' lang='lat' dir='ltr'><strong>neglexeris;</strong></span> <span class='ocrx_word' id='word_1_479' title='bbox 1626 3426 1730 3479; x_wconf 90' lang='lat' dir='ltr'><strong>noli</strong></span> <span class='ocrx_word' id='word_1_480' title='bbox 1760 3426 1826 3479; x_wconf 89' lang='lat' dir='ltr'><strong>de</strong></span> <span class='ocrx_word' id='word_1_481' title='bbox 1847 3434 1932 3479; x_wconf 86' lang='lat' dir='ltr'><strong>te-</strong></span> 
     </span>
    </p>
   </div>
   <div class='ocr_carea' id='block_1_66' title="bbox 2039 3417 3611 3495">
    <p class='ocr_par' dir='ltr' id='par_1_66' title="bbox 2039 3417 3611 3494">
     <span class='ocr_line' id='line_1_66' title="bbox 2039 3417 3611 3494; baseline 0.006 -25"><span class='ocrx_word' id='word_1_482' title='bbox 2039 3435 2149 3489; x_wconf 89' lang='grc' dir='ltr'>ρον,</span> <span class='ocrx_word' id='word_1_483' title='bbox 2179 3418 2270 3470; x_wconf 79' lang='grc' dir='ltr'>τὸν</span> <span class='ocrx_word' id='word_1_484' title='bbox 2299 3417 2630 3489; x_wconf 73' lang='grc' dir='ltr'>ἐρριμμένον</span> <span class='ocrx_word' id='word_1_485' title='bbox 2676 3420 2735 3471; x_wconf 77' lang='grc' dir='ltr'>ἐν</span> <span class='ocrx_word' id='word_1_486' title='bbox 2778 3421 2893 3483; x_wconf 80' lang='grc' dir='ltr'>τοῖς</span> <span class='ocrx_word' id='word_1_487' title='bbox 2945 3422 3194 3490; x_wconf 82' lang='grc' dir='ltr'>τριόδοις.</span> <span class='ocrx_word' id='word_1_488' title='bbox 3243 3423 3315 3477; x_wconf 81' lang='grc' dir='ltr'>Σὺ</span> <span class='ocrx_word' id='word_1_489' title='bbox 3346 3424 3445 3494; x_wconf 82' lang='grc' dir='ltr'><strong>μὲν</strong></span> <span class='ocrx_word' id='word_1_490' title='bbox 3477 3441 3611 3478; x_wconf 80' lang='grc' dir='ltr'>σαυ-</span> 
     </span>
    </p>
   </div>
   <div class='ocr_carea' id='block_1_67' title="bbox 363 3508 1932 3587">
    <p class='ocr_par' dir='ltr' id='par_1_67' title="bbox 363 3516 1930 3587">
     <span class='ocr_line' id='line_1_67' title="bbox 363 3516 1930 3587; baseline 0.001 -17"><span class='ocrx_word' id='word_1_491' title='bbox 363 3517 479 3584; x_wconf 90' lang='lat' dir='ltr'><strong>ipso</strong></span> <span class='ocrx_word' id='word_1_492' title='bbox 491 3516 901 3581; x_wconf 86' lang='lat' dir='ltr'><strong>sollicitnsesse,</strong></span> <span class='ocrx_word' id='word_1_493' title='bbox 917 3516 1185 3584; x_wconf 83' lang='lat' dir='ltr'><strong>quomodo</strong></span> <span class='ocrx_word' id='word_1_494' title='bbox 1202 3531 1330 3585; x_wconf 86' lang='lat' dir='ltr'><strong>ages</strong></span> <span class='ocrx_word' id='word_1_495' title='bbox 1348 3517 1401 3570; x_wconf 84' lang='lat' dir='ltr'><strong>in</strong></span> <span class='ocrx_word' id='word_1_496' title='bbox 1430 3517 1724 3571; x_wconf 86' lang='lat' dir='ltr'><strong>crastinum</strong></span> <span class='ocrx_word' id='word_1_497' title='bbox 1740 3517 1785 3548; x_wconf 71' lang='lat'><strong>“</strong></span> <span class='ocrx_word' id='word_1_498' title='bbox 1798 3516 1930 3587; x_wconf 82' lang='grc'><strong>(17).</strong></span> 
     </span>
    </p>
   </div>
   <div class='ocr_carea' id='block_1_68' title="bbox 2039 3508 3613 3587">
    <p class='ocr_par' dir='ltr' id='par_1_68' title="bbox 2039 3508 3613 3585">
     <span class='ocr_line' id='line_1_68' title="bbox 2039 3508 3613 3585; baseline 0.007 -24"><span class='ocrx_word' id='word_1_499' title='bbox 2039 3508 2126 3562; x_wconf 78' lang='grc' dir='ltr'>τοῦ</span> <span class='ocrx_word' id='word_1_500' title='bbox 2162 3508 2236 3580; x_wconf 79' lang='grc' dir='ltr'><strong>μὴ</strong></span> <span class='ocrx_word' id='word_1_501' title='bbox 2258 3511 2619 3581; x_wconf 76' lang='grc' dir='ltr'>μεριμνήσῃς,</span> <span class='ocrx_word' id='word_1_502' title='bbox 2648 3511 2784 3581; x_wconf 76' lang='grc' dir='ltr'>μηδὲ</span> <span class='ocrx_word' id='word_1_503' title='bbox 2814 3513 3124 3585; x_wconf 77' lang='grc' dir='ltr'>φροντίσῃς,</span> <span class='ocrx_word' id='word_1_504' title='bbox 3151 3516 3269 3580; x_wconf 86' lang='grc' dir='ltr'><strong>πῶς</strong></span> <span class='ocrx_word' id='word_1_505' title='bbox 3293 3515 3490 3583; x_wconf 82' lang='grc' dir='ltr'>διάξεις</span> <span class='ocrx_word' id='word_1_506' title='bbox 3516 3519 3613 3573; x_wconf 74' lang='grc' dir='ltr'>ἐπὶ</span> 
     </span>
    </p>
   </div>
   <div class='ocr_carea' id='block_1_69' title="bbox 363 3590 1932 3680">
    <p class='ocr_par' dir='ltr' id='par_1_69' title="bbox 363 3590 1932 3676">
     <span class='ocr_line' id='line_1_69' title="bbox 363 3590 1932 3676; baseline -0.001 -15"><span class='ocrx_word' id='word_1_507' title='bbox 363 3607 431 3661; x_wconf 81' lang='lat' dir='ltr'><strong>Et</strong></span> <span class='ocrx_word' id='word_1_508' title='bbox 476 3607 546 3675; x_wconf 84' lang='lat' dir='ltr'><strong>ita</strong></span> <span class='ocrx_word' id='word_1_509' title='bbox 596 3605 812 3675; x_wconf 87' lang='lat' dir='ltr'><strong>quidem</strong></span> <span class='ocrx_word' id='word_1_510' title='bbox 844 3590 887 3661; x_wconf 82' lang='lat' dir='ltr'><strong>si</strong></span> <span class='ocrx_word' id='word_1_511' title='bbox 925 3606 1138 3669; x_wconf 88' lang='lat' dir='ltr'><strong>feceris,</strong></span> <span class='ocrx_word' id='word_1_512' title='bbox 1172 3607 1346 3676; x_wconf 86' lang='lat' dir='ltr'><strong>inquit</strong></span> <span class='ocrx_word' id='word_1_513' title='bbox 1371 3645 1390 3669; x_wconf 91' lang='lat'><strong>,</strong></span> <span class='ocrx_word' id='word_1_514' title='bbox 1453 3606 1874 3661; x_wconf 82' lang='lat' dir='ltr'><strong>cohonestabere</strong></span> <span class='ocrx_word' id='word_1_515' title='bbox 1904 3620 1932 3659; x_wconf 86' lang='lat' dir='ltr'><strong>s</strong></span> 
     </span>
    </p>
   </div>
   <div class='ocr_carea' id='block_1_70' title="bbox 2039 3590 3612 3680">
    <p class='ocr_par' dir='ltr' id='par_1_70' title="bbox 2039 3598 3612 3680">
     <span class='ocr_line' id='line_1_70' title="bbox 2039 3598 3612 3680; baseline 0.006 -29"><span class='ocrx_word' id='word_1_516' title='bbox 2039 3598 2133 3665; x_wconf 83' lang='grc' dir='ltr'>τῆς</span> <span class='ocrx_word' id='word_1_517' title='bbox 2159 3599 2466 3670; x_wconf 79' lang='grc' dir='ltr'>ὑστεραίας.</span> <span class='ocrx_word' id='word_1_518' title='bbox 2503 3598 2620 3652; x_wconf 75' lang='grc' dir='ltr'>Κᾶν</span> <span class='ocrx_word' id='word_1_519' title='bbox 2646 3598 2839 3667; x_wconf 80' lang='grc' dir='ltr'>ταῦτα,</span> <span class='ocrx_word' id='word_1_520' title='bbox 2863 3602 3046 3672; x_wconf 79' lang='grc' dir='ltr'>φησὶν,</span> <span class='ocrx_word' id='word_1_521' title='bbox 3072 3602 3302 3677; x_wconf 78' lang='grc' dir='ltr'>ἐργάσῃ,</span> <span class='ocrx_word' id='word_1_522' title='bbox 3331 3606 3612 3680; x_wconf 83' lang='grc' dir='ltr'>τιμηθήσῃ</span> 
     </span>
    </p>
   </div>
   <div class='ocr_carea' id='block_1_71' title="bbox 362 3697 1934 3768">
    <p class='ocr_par' dir='ltr' id='par_1_71' title="bbox 362 3697 1934 3768">
     <span class='ocr_line' id='line_1_71' title="bbox 362 3697 1934 3768; baseline 0 -16"><span class='ocrx_word' id='word_1_523' title='bbox 362 3697 670 3768; x_wconf 85' lang='lat' dir='ltr'><strong>iegislatore</strong></span> <span class='ocrx_word' id='word_1_524' title='bbox 702 3713 720 3766; x_wconf 88' lang='lat'><strong>;</strong></span> <span class='ocrx_word' id='word_1_525' title='bbox 753 3698 836 3751; x_wconf 89' lang='lat' dir='ltr'><strong>sin</strong></span> <span class='ocrx_word' id='word_1_526' title='bbox 867 3712 997 3753; x_wconf 89' lang='lat' dir='ltr'><strong>vero</strong></span> <span class='ocrx_word' id='word_1_527' title='bbox 1042 3700 1355 3753; x_wconf 83' lang='lat' dir='ltr'><strong>mandatum</strong></span> <span class='ocrx_word' id='word_1_528' title='bbox 1400 3707 1771 3768; x_wconf 83' lang='lat' dir='ltr'><strong>transgressus</strong></span> <span class='ocrx_word' id='word_1_529' title='bbox 1817 3697 1934 3752; x_wconf 85' lang='lat' dir='ltr'><strong>fue-</strong></span> 
     </span>
    </p>
   </div>
   <div class='ocr_carea' id='block_1_72' title="bbox 364 3790 1936 3861">
    <p class='ocr_par' dir='ltr' id='par_1_72' title="bbox 364 3790 1936 3861">
     <span class='ocr_line' id='line_1_72' title="bbox 364 3790 1936 3861; baseline -0.001 -14"><span class='ocrx_word' id='word_1_530' title='bbox 364 3793 477 3857; x_wconf 83' lang='lat' dir='ltr'><strong>ris,</strong></span> <span class='ocrx_word' id='word_1_531' title='bbox 523 3792 760 3861; x_wconf 82' lang='lat' dir='ltr'><strong>graviter</strong></span> <span class='ocrx_word' id='word_1_532' title='bbox 798 3792 1038 3861; x_wconf 91' lang='lat' dir='ltr'><strong>pnniere.</strong></span> <span class='ocrx_word' id='word_1_533' title='bbox 1089 3791 1214 3846; x_wconf 64' lang='lat' dir='ltr'><strong>Haec</strong></span> <span class='ocrx_word' id='word_1_534' title='bbox 1256 3790 1499 3860; x_wconf 85' lang='lat' dir='ltr'><strong>profecto</strong></span> <span class='ocrx_word' id='word_1_535' title='bbox 1534 3806 1637 3845; x_wconf 90' lang='lat' dir='ltr'><strong>non</strong></span> <span class='ocrx_word' id='word_1_536' title='bbox 1687 3791 1816 3845; x_wconf 89' lang='lat' dir='ltr'><strong>mihi</strong></span> <span class='ocrx_word' id='word_1_537' title='bbox 1859 3793 1936 3845; x_wconf 85' lang='lat' dir='ltr'><strong>vi-</strong></span> 
     </span>
    </p>
   </div>
   <div class='ocr_carea' id='block_1_73' title="bbox 363 3882 1932 3952">
    <p class='ocr_par' dir='ltr' id='par_1_73' title="bbox 363 3882 1932 3952">
     <span class='ocr_line' id='line_1_73' title="bbox 363 3882 1932 3952; baseline -0.001 -14"><span class='ocrx_word' id='word_1_538' title='bbox 363 3886 557 3938; x_wconf 89' lang='lat' dir='ltr'><strong>dentur</strong></span> <span class='ocrx_word' id='word_1_539' title='bbox 588 3882 704 3952; x_wconf 82' lang='lat' dir='ltr'><strong>ejus</strong></span> <span class='ocrx_word' id='word_1_540' title='bbox 734 3898 875 3949; x_wconf 86' lang='lat' dir='ltr'><strong>esse,</strong></span> <span class='ocrx_word' id='word_1_541' title='bbox 908 3883 998 3952; x_wconf 90' lang='lat' dir='ltr'><strong>qui</strong></span> <span class='ocrx_word' id='word_1_542' title='bbox 1025 3898 1156 3939; x_wconf 82' lang='lat' dir='ltr'><strong>suus</strong></span> <span class='ocrx_word' id='word_1_543' title='bbox 1199 3884 1299 3939; x_wconf 88' lang='lat' dir='ltr'><strong>sibi</strong></span> <span class='ocrx_word' id='word_1_544' title='bbox 1330 3883 1580 3939; x_wconf 88' lang='lat' dir='ltr'><strong>dominus</strong></span> <span class='ocrx_word' id='word_1_545' title='bbox 1609 3884 1678 3938; x_wconf 85' lang='lat' dir='ltr'><strong>sit</strong></span> <span class='ocrx_word' id='word_1_546' title='bbox 1700 3922 1715 3947; x_wconf 90' lang='lat'><strong>,</strong></span> <span class='ocrx_word' id='word_1_547' title='bbox 1750 3898 1815 3939; x_wconf 88' lang='lat' dir='ltr'><strong>ac</strong></span> <span class='ocrx_word' id='word_1_548' title='bbox 1849 3885 1932 3937; x_wconf 89' lang='lat' dir='ltr'><strong>cui</strong></span> 
     </span>
    </p>
   </div>
   <div class='ocr_carea' id='block_1_74' title="bbox 364 3975 1936 4046">
    <p class='ocr_par' dir='ltr' id='par_1_74' title="bbox 364 3975 1936 4046">
     <span class='ocr_line' id='line_1_74' title="bbox 364 3975 1936 4046; baseline -0.001 -16"><span class='ocrx_word' id='word_1_549' title='bbox 364 3976 532 4031; x_wconf 83' lang='lat' dir='ltr'><strong>libera</strong></span> <span class='ocrx_word' id='word_1_550' title='bbox 561 3986 810 4046; x_wconf 85' lang='lat' dir='ltr'><strong>suppetat</strong></span> <span class='ocrx_word' id='word_1_551' title='bbox 850 3976 1068 4045; x_wconf 86' lang='lat' dir='ltr'><strong>quidvis</strong></span> <span class='ocrx_word' id='word_1_552' title='bbox 1122 3975 1317 4044; x_wconf 81' lang='lat' dir='ltr'><strong>agendi</strong></span> <span class='ocrx_word' id='word_1_553' title='bbox 1370 3983 1644 4044; x_wconf 86' lang='lat' dir='ltr'><strong>potestas:</strong></span> <span class='ocrx_word' id='word_1_554' title='bbox 1678 3976 1772 4030; x_wconf 85' lang='lat' dir='ltr'><strong>sed</strong></span> <span class='ocrx_word' id='word_1_555' title='bbox 1819 3989 1936 4029; x_wconf 88' lang='lat' dir='ltr'><strong>om-</strong></span> 
     </span>
    </p>
   </div>
   <div class='ocr_carea' id='block_1_75' title="bbox 365 4065 1935 4137">
    <p class='ocr_par' dir='ltr' id='par_1_75' title="bbox 365 4065 1935 4137">
     <span class='ocr_line' id='line_1_75' title="bbox 365 4065 1935 4137; baseline -0.002 -16"><span class='ocrx_word' id='word_1_556' title='bbox 365 4068 494 4122; x_wconf 84' lang='lat' dir='ltr'><strong>nino</strong></span> <span class='ocrx_word' id='word_1_557' title='bbox 534 4076 752 4135; x_wconf 89' lang='lat' dir='ltr'><strong>contra,</strong></span> <span class='ocrx_word' id='word_1_558' title='bbox 797 4066 1091 4122; x_wconf 90' lang='lat' dir='ltr'><strong>multitudo</strong></span> <span class='ocrx_word' id='word_1_559' title='bbox 1115 4074 1504 4137; x_wconf 70' lang='lat' dir='ltr'><strong>praeceptorum</strong></span> <span class='ocrx_word' id='word_1_560' title='bbox 1549 4065 1817 4120; x_wconf 77' lang='lat' dir='ltr'><strong>hominem</strong></span> <span class='ocrx_word' id='word_1_561' title='bbox 1845 4081 1935 4118; x_wconf 91' lang='lat' dir='ltr'><strong>ar-</strong></span> 
     </span>
    </p>
   </div>
   <div class='ocr_carea' id='block_1_76' title="bbox 363 4154 1933 4227">
    <p class='ocr_par' dir='ltr' id='par_1_76' title="bbox 363 4154 1933 4227">
     <span class='ocr_line' id='line_1_76' title="bbox 363 4154 1933 4227; baseline -0.002 -16"><span class='ocrx_word' id='word_1_562' title='bbox 363 4155 658 4226; x_wconf 79' lang='lat' dir='ltr'><strong>guitvalde</strong></span> <span class='ocrx_word' id='word_1_563' title='bbox 702 4157 928 4227; x_wconf 88' lang='lat' dir='ltr'><strong>imperio</strong></span> <span class='ocrx_word' id='word_1_564' title='bbox 970 4159 1369 4226; x_wconf 86' lang='lat' dir='ltr'><strong>mancipatum,</strong></span> <span class='ocrx_word' id='word_1_565' title='bbox 1422 4154 1731 4225; x_wconf 85' lang='lat' dir='ltr'><strong>legibusque</strong></span> <span class='ocrx_word' id='word_1_566' title='bbox 1761 4154 1933 4209; x_wconf 86' lang='lat' dir='ltr'><strong>Domi-</strong></span> 
     </span>
    </p>
   </div>
   <div class='ocr_carea' id='block_1_77' title="bbox 372 4247 1934 4317">
    <p class='ocr_par' dir='ltr' id='par_1_77' title="bbox 372 4247 1934 4317">
     <span class='ocr_line' id='line_1_77' title="bbox 372 4247 1934 4317; baseline -0.001 -15"><span class='ocrx_word' id='word_1_567' title='bbox 372 4248 510 4302; x_wconf 74' lang='lat' dir='ltr'><strong>nicis</strong></span> <span class='ocrx_word' id='word_1_568' title='bbox 558 4248 858 4312; x_wconf 81' lang='lat' dir='ltr'><strong>subditum,</strong></span> <span class='ocrx_word' id='word_1_569' title='bbox 907 4263 937 4302; x_wconf 89' lang='lat' dir='ltr'><strong>a</strong></span> <span class='ocrx_word' id='word_1_570' title='bbox 984 4261 1091 4317; x_wconf 91' lang='lat' dir='ltr'><strong>quo</strong></span> <span class='ocrx_word' id='word_1_571' title='bbox 1120 4247 1444 4317; x_wconf 61' lang='lat' dir='ltr'><strong>praascriptaa</strong></span> <span class='ocrx_word' id='word_1_572' title='bbox 1469 4247 1591 4301; x_wconf 66' lang='lat' dir='ltr'><strong>vita</strong></span> <span class='ocrx_word' id='word_1_573' title='bbox 1619 4247 1755 4301; x_wconf 88' lang='lat' dir='ltr'><strong>ratio</strong></span> <span class='ocrx_word' id='word_1_574' title='bbox 1783 4247 1934 4316; x_wconf 81' lang='lat' dir='ltr'><strong>quasi</strong></span> 
     </span>
    </p>
   </div>
   <div class='ocr_carea' id='block_1_78' title="bbox 2035 3689 3613 3770">
    <p class='ocr_par' dir='ltr' id='par_1_78' title="bbox 2035 3689 3613 3770">
     <span class='ocr_line' id='line_1_78' title="bbox 2035 3689 3613 3770; baseline 0.006 -26"><span class='ocrx_word' id='word_1_575' title='bbox 2035 3690 2187 3760; x_wconf 76' lang='grc' dir='ltr'>παρὰ</span> <span class='ocrx_word' id='word_1_576' title='bbox 2205 3690 2297 3743; x_wconf 79' lang='grc' dir='ltr'>τοῦ</span> <span class='ocrx_word' id='word_1_577' title='bbox 2329 3689 2617 3760; x_wconf 84' lang='grc' dir='ltr'>νομοθέτου</span> <span class='ocrx_word' id='word_1_578' title='bbox 2638 3708 2655 3724; x_wconf 75' lang='grc'><strong><em>⁸</em></strong></span> <span class='ocrx_word' id='word_1_579' title='bbox 2682 3690 2750 3746; x_wconf 83' lang='grc' dir='ltr'>ἂν</span> <span class='ocrx_word' id='word_1_580' title='bbox 2778 3691 2837 3747; x_wconf 80' lang='grc' dir='ltr'>δὲ</span> <span class='ocrx_word' id='word_1_581' title='bbox 2870 3696 3224 3769; x_wconf 68' lang='grc' dir='ltr'>παρεικούσης</span> <span class='ocrx_word' id='word_1_582' title='bbox 3250 3699 3347 3769; x_wconf 84' lang='grc' dir='ltr'>τῆς</span> <span class='ocrx_word' id='word_1_583' title='bbox 3371 3699 3613 3770; x_wconf 68' lang='grc' dir='ltr'>ἐντολῆς,</span> 
     </span>
    </p>
   </div>
   <div class='ocr_carea' id='block_1_79' title="bbox 2035 3779 3613 3856">
    <p class='ocr_par' dir='ltr' id='par_1_79' title="bbox 2035 3779 3613 3856">
     <span class='ocr_line' id='line_1_79' title="bbox 2035 3779 3613 3856; baseline 0.004 -22"><span class='ocrx_word' id='word_1_584' title='bbox 2035 3779 2339 3851; x_wconf 82' lang='grc' dir='ltr'>κολασθήσῃ</span> <span class='ocrx_word' id='word_1_585' title='bbox 2368 3780 2602 3852; x_wconf 85' lang='grc' dir='ltr'>πικρῶς.</span> <span class='ocrx_word' id='word_1_586' title='bbox 2651 3780 2839 3836; x_wconf 80' lang='grc' dir='ltr'>Ταῦτα</span> <span class='ocrx_word' id='word_1_587' title='bbox 2872 3783 2981 3853; x_wconf 79' lang='grc' dir='ltr'><strong>ἐγὼ</strong></span> <span class='ocrx_word' id='word_1_588' title='bbox 3009 3786 3069 3839; x_wconf 84' lang='grc' dir='ltr'><strong>οὐ</strong></span> <span class='ocrx_word' id='word_1_589' title='bbox 3098 3785 3278 3856; x_wconf 86' lang='grc' dir='ltr'>βλέπω</span> <span class='ocrx_word' id='word_1_590' title='bbox 3298 3786 3391 3840; x_wconf 77' lang='grc' dir='ltr'>τοῦ</span> <span class='ocrx_word' id='word_1_591' title='bbox 3425 3787 3613 3854; x_wconf 79' lang='grc' dir='ltr'>αὐτεξ-</span> 
     </span>
    </p>
   </div>
   <div class='ocr_carea' id='block_1_80' title="bbox 2035 3873 3615 3947">
    <p class='ocr_par' dir='ltr' id='par_1_80' title="bbox 2035 3873 3615 3947">
     <span class='ocr_line' id='line_1_80' title="bbox 2035 3873 3615 3947; baseline 0.005 -21"><span class='ocrx_word' id='word_1_592' title='bbox 2035 3874 2239 3940; x_wconf 89' lang='grc' dir='ltr'>ουσίου,</span> <span class='ocrx_word' id='word_1_593' title='bbox 2262 3873 2380 3927; x_wconf 78' lang='grc' dir='ltr'>οὐδὲ</span> <span class='ocrx_word' id='word_1_594' title='bbox 2408 3873 2500 3927; x_wconf 78' lang='grc' dir='ltr'>τοῦ</span> <span class='ocrx_word' id='word_1_595' title='bbox 2528 3873 2728 3940; x_wconf 78' lang='grc' dir='ltr'>ζῶντος</span> <span class='ocrx_word' id='word_1_596' title='bbox 2773 3878 2891 3947; x_wconf 79' lang='grc' dir='ltr'>μετ’</span> <span class='ocrx_word' id='word_1_597' title='bbox 2925 3877 3238 3944; x_wconf 79' lang='grc' dir='ltr'>αὑθεντείας</span> <span class='ocrx_word' id='word_1_598' title='bbox 3258 3897 3272 3911; x_wconf 87' lang='grc'><strong>·</strong></span> <span class='ocrx_word' id='word_1_599' title='bbox 3304 3880 3441 3934; x_wconf 75' lang='grc' dir='ltr'>ἀλλὰ</span> <span class='ocrx_word' id='word_1_600' title='bbox 3467 3881 3615 3934; x_wconf 81' lang='grc' dir='ltr'><strong>τούν-</strong></span> 
     </span>
    </p>
   </div>
   <div class='ocr_carea' id='block_1_81' title="bbox 2035 3964 3615 4043">
    <p class='ocr_par' dir='ltr' id='par_1_81' title="bbox 2035 3964 3615 4043">
     <span class='ocr_line' id='line_1_81' title="bbox 2035 3964 3615 4043; baseline 0.006 -24"><span class='ocrx_word' id='word_1_601' title='bbox 2035 3966 2237 4029; x_wconf 87' lang='grc' dir='ltr'>αντίον,</span> <span class='ocrx_word' id='word_1_602' title='bbox 2264 3964 2336 4019; x_wconf 79' lang='grc' dir='ltr'><strong>τά</strong></span> <span class='ocrx_word' id='word_1_603' title='bbox 2386 3965 2556 4019; x_wconf 73' lang='grc' dir='ltr'>πολλὰ</span> <span class='ocrx_word' id='word_1_604' title='bbox 2588 3967 2681 4020; x_wconf 83' lang='grc' dir='ltr'><strong>καὶ</strong></span> <span class='ocrx_word' id='word_1_605' title='bbox 2733 3970 2931 4041; x_wconf 84' lang='grc' dir='ltr'>συνεχῆ</span> <span class='ocrx_word' id='word_1_606' title='bbox 2980 3972 3377 4043; x_wconf 81' lang='grc' dir='ltr'>προστάγματα</span> <span class='ocrx_word' id='word_1_607' title='bbox 3403 3972 3615 4028; x_wconf 84' lang='grc' dir='ltr'>ὑποδεί-</span> 
     </span>
    </p>
   </div>
   <div class='ocr_carea' id='block_1_82' title="bbox 2034 4053 3617 4133">
    <p class='ocr_par' dir='ltr' id='par_1_82' title="bbox 2034 4053 3617 4133">
     <span class='ocr_line' id='line_1_82' title="bbox 2034 4053 3617 4133; baseline 0.006 -25"><span class='ocrx_word' id='word_1_608' title='bbox 2034 4055 2193 4109; x_wconf 84' lang='grc' dir='ltr'>κνυσί</span> <span class='ocrx_word' id='word_1_609' title='bbox 2225 4072 2313 4127; x_wconf 94' lang='grc' dir='ltr'><strong>μοι</strong></span> <span class='ocrx_word' id='word_1_610' title='bbox 2337 4053 2624 4129; x_wconf 78' lang='grc' dir='ltr'>ἄνθρωπον</span> <span class='ocrx_word' id='word_1_611' title='bbox 2652 4058 3067 4131; x_wconf 83' lang='grc' dir='ltr'>βασιλευόμενον</span> <span class='ocrx_word' id='word_1_612' title='bbox 3119 4062 3373 4133; x_wconf 83' lang='grc' dir='ltr'>ἰσχυρῶς,</span> <span class='ocrx_word' id='word_1_613' title='bbox 3404 4065 3500 4117; x_wconf 81' lang='grc' dir='ltr'><strong>καὶ</strong></span> <span class='ocrx_word' id='word_1_614' title='bbox 3526 4064 3617 4117; x_wconf 77' lang='lat' dir='ltr'><strong>v6-</strong></span> 
     </span>
    </p>
   </div>
   <div class='ocr_carea' id='block_1_83' title="bbox 2038 4152 3617 4231">
    <p class='ocr_par' dir='ltr' id='par_1_83' title="bbox 2038 4152 3617 4231">
     <span class='ocr_line' id='line_1_83' title="bbox 2038 4152 3617 4231; baseline 0.004 -25"><span class='ocrx_word' id='word_1_615' title='bbox 2038 4169 2161 4223; x_wconf 88' lang='grc' dir='ltr'>μοις</span> <span class='ocrx_word' id='word_1_616' title='bbox 2184 4152 2522 4217; x_wconf 82' lang='grc' dir='ltr'>δεσποτικοῖς</span> <span class='ocrx_word' id='word_1_617' title='bbox 2550 4152 2870 4219; x_wconf 74' lang='grc' dir='ltr'>ὑπεύθυνον,</span> <span class='ocrx_word' id='word_1_618' title='bbox 2900 4156 2994 4208; x_wconf 73' lang='grc' dir='ltr'><strong>καὶ</strong></span> <span class='ocrx_word' id='word_1_619' title='bbox 3019 4154 3119 4228; x_wconf 82' lang='grc' dir='ltr'>τὴν</span> <span class='ocrx_word' id='word_1_620' title='bbox 3153 4158 3617 4231; x_wconf 85' lang='grc' dir='ltr'>κεκανονισμένην</span> 
     </span>
    </p>
   </div>
   <div class='ocr_carea' id='block_1_84' title="bbox 2038 4242 3619 4320">
    <p class='ocr_par' dir='ltr' id='par_1_84' title="bbox 2038 4242 3619 4320">
     <span class='ocr_line' id='line_1_84' title="bbox 2038 4242 3619 4320; baseline 0.004 -25"><span class='ocrx_word' id='word_1_621' title='bbox 2038 4242 2311 4297; x_wconf 81' lang='grc' dir='ltr'>πολιτείαν</span> <span class='ocrx_word' id='word_1_622' title='bbox 2369 4244 2765 4316; x_wconf 83' lang='grc' dir='ltr'>ἀπαιτούμενον</span> <span class='ocrx_word' id='word_1_623' title='bbox 2814 4246 2889 4310; x_wconf 86' lang='grc' dir='ltr'><strong>ὡς</strong></span> <span class='ocrx_word' id='word_1_624' title='bbox 2942 4247 3120 4319; x_wconf 87' lang='grc' dir='ltr'>χρέος.</span> <span class='ocrx_word' id='word_1_625' title='bbox 3166 4249 3354 4320; x_wconf 79' lang='grc' dir='ltr'>Ἡμεῖς</span> <span class='ocrx_word' id='word_1_626' title='bbox 3392 4248 3469 4315; x_wconf 85' lang='grc' dir='ltr'><strong>δὲ,</strong></span> <span class='ocrx_word' id='word_1_627' title='bbox 3497 4249 3619 4314; x_wconf 80' lang='grc' dir='ltr'><strong>πῶς</strong></span> 
     </span>
    </p>
   </div>
   <div class='ocr_carea' id='block_1_85' title="bbox 364 4335 1932 4412">
    <p class='ocr_par' dir='ltr' id='par_1_85' title="bbox 364 4336 1932 4410">
     <span class='ocr_line' id='line_1_85' title="bbox 364 4336 1932 4410; baseline -0.001 -15"><span class='ocrx_word' id='word_1_628' title='bbox 364 4340 602 4395; x_wconf 87' lang='lat' dir='ltr'><strong>debitum</strong></span> <span class='ocrx_word' id='word_1_629' title='bbox 637 4340 853 4409; x_wconf 86' lang='lat' dir='ltr'><strong>aliquod</strong></span> <span class='ocrx_word' id='word_1_630' title='bbox 893 4339 1163 4408; x_wconf 81' lang='lat' dir='ltr'><strong>exigatur.</strong></span> <span class='ocrx_word' id='word_1_631' title='bbox 1206 4336 1316 4394; x_wconf 83' lang='lat' dir='ltr'><strong>Nos</strong></span> <span class='ocrx_word' id='word_1_632' title='bbox 1353 4353 1514 4403; x_wconf 88' lang='lat' dir='ltr'><strong>vero,</strong></span> <span class='ocrx_word' id='word_1_633' title='bbox 1560 4339 1832 4410; x_wconf 89' lang='lat' dir='ltr'><strong>quomodo</strong></span> <span class='ocrx_word' id='word_1_634' title='bbox 1860 4340 1932 4393; x_wconf 87' lang='lat' dir='ltr'><strong>sic</strong></span> 
     </span>
    </p>
   </div>
   <div class='ocr_carea' id='block_1_86' title="bbox 2039 4335 3619 4412">
    <p class='ocr_par' dir='ltr' id='par_1_86' title="bbox 2039 4335 3619 4412">
     <span class='ocr_line' id='line_1_86' title="bbox 2039 4335 3619 4412; baseline 0.006 -24"><span class='ocrx_word' id='word_1_635' title='bbox 2039 4335 2419 4404; x_wconf 78' lang='grc' dir='ltr'>ἀλογίστευτον</span> <span class='ocrx_word' id='word_1_636' title='bbox 2452 4336 2666 4409; x_wconf 77' lang='grc' dir='ltr'>ἔχοντες</span> <span class='ocrx_word' id='word_1_637' title='bbox 2703 4339 2796 4392; x_wconf 70' lang='grc' dir='ltr'><strong>τὸν</strong></span> <span class='ocrx_word' id='word_1_638' title='bbox 2827 4340 2964 4409; x_wconf 84' lang='grc' dir='ltr'>βίον,</span> <span class='ocrx_word' id='word_1_639' title='bbox 2989 4342 3116 4404; x_wconf 79' lang='grc' dir='ltr'>τοὺς</span> <span class='ocrx_word' id='word_1_640' title='bbox 3149 4341 3247 4412; x_wconf 83' lang='grc' dir='ltr'><strong>μὲν</strong></span> <span class='ocrx_word' id='word_1_641' title='bbox 3273 4341 3484 4406; x_wconf 84' lang='grc' dir='ltr'>ἀθλίους</span> <span class='ocrx_word' id='word_1_642' title='bbox 3518 4345 3619 4398; x_wconf 78' lang='grc' dir='ltr'>καὶ</span> 
     </span>
    </p>
   </div>
   <div class='ocr_carea' id='block_1_87' title="bbox 366 4410 1932 4504">
    <p class='ocr_par' dir='ltr' id='par_1_87' title="bbox 366 4431 1932 4500">
     <span class='ocr_line' id='line_1_87' title="bbox 366 4431 1932 4500; baseline -0.002 -13"><span class='ocrx_word' id='word_1_643' title='bbox 366 4431 532 4487; x_wconf 87' lang='lat' dir='ltr'><strong>stulte</strong></span> <span class='ocrx_word' id='word_1_644' title='bbox 560 4443 913 4500; x_wconf 86' lang='lat' dir='ltr'><strong>amenterque</strong></span> <span class='ocrx_word' id='word_1_645' title='bbox 935 4431 1099 4486; x_wconf 86' lang='lat' dir='ltr'><strong>vitam</strong></span> <span class='ocrx_word' id='word_1_646' title='bbox 1135 4431 1394 4487; x_wconf 85' lang='lat' dir='ltr'><strong>habemus</strong></span> <span class='ocrx_word' id='word_1_647' title='bbox 1414 4470 1431 4494; x_wconf 92' lang='lat'><strong>,</strong></span> <span class='ocrx_word' id='word_1_648' title='bbox 1460 4440 1516 4484; x_wconf 91' lang='lat' dir='ltr'><strong>nt</strong></span> <span class='ocrx_word' id='word_1_649' title='bbox 1555 4431 1780 4486; x_wconf 86' lang='lat' dir='ltr'><strong>miseros</strong></span> <span class='ocrx_word' id='word_1_650' title='bbox 1813 4431 1932 4484; x_wconf 62' lang='lat' dir='ltr'><strong>inoo</strong></span> 
     </span>
    </p>
   </div>
   <div class='ocr_carea' id='block_1_88' title="bbox 2039 4410 3620 4504">
    <p class='ocr_par' dir='ltr' id='par_1_88' title="bbox 2041 4410 3620 4504">
     <span class='ocr_line' id='line_1_88' title="bbox 2041 4410 3620 4504; baseline 0.005 -25"><span class='ocrx_word' id='word_1_651' title='bbox 2041 4426 2370 4498; x_wconf 83' lang='grc' dir='ltr'>πενομένους</span> <span class='ocrx_word' id='word_1_652' title='bbox 2401 4428 2746 4499; x_wconf 88' lang='grc' dir='ltr'>περιορῶμεν</span> <span class='ocrx_word' id='word_1_653' title='bbox 2790 4410 3211 4495; x_wconf 84' lang='grc' dir='ltr'>ὲντελευτῶντας</span> <span class='ocrx_word' id='word_1_654' title='bbox 3262 4435 3381 4496; x_wconf 87' lang='grc' dir='ltr'>ταῖς</span> <span class='ocrx_word' id='word_1_655' title='bbox 3407 4450 3620 4504; x_wconf 79' lang='grc' dir='ltr'>συμφο-</span> 
     </span>
    </p>
   </div>
   <div class='ocr_carea' id='block_1_89' title="bbox 364 4522 1930 4592">
    <p class='ocr_par' dir='ltr' id='par_1_89' title="bbox 364 4522 1930 4592">
     <span class='ocr_line' id='line_1_89' title="bbox 364 4522 1930 4592; baseline -0.001 -17"><span class='ocrx_word' id='word_1_656' title='bbox 364 4535 571 4592; x_wconf 85' lang='lat' dir='ltr'><strong>pesque</strong></span> <span class='ocrx_word' id='word_1_657' title='bbox 594 4522 979 4592; x_wconf 85' lang='lat' dir='ltr'><strong>despiciamus,</strong></span> <span class='ocrx_word' id='word_1_658' title='bbox 1011 4537 1075 4577; x_wconf 88' lang='lat' dir='ltr'><strong>ac</strong></span> <span class='ocrx_word' id='word_1_659' title='bbox 1102 4524 1336 4578; x_wconf 84' lang='lat' dir='ltr'><strong>miseriis</strong></span> <span class='ocrx_word' id='word_1_660' title='bbox 1379 4523 1592 4578; x_wconf 86' lang='lat' dir='ltr'><strong>immori</strong></span> <span class='ocrx_word' id='word_1_661' title='bbox 1629 4523 1930 4592; x_wconf 84' lang='lat' dir='ltr'><strong>patiamur;</strong></span> 
     </span>
    </p>
   </div>
   <div class='ocr_carea' id='block_1_90' title="bbox 368 4611 1933 4682">
    <p class='ocr_par' dir='ltr' id='par_1_90' title="bbox 368 4611 1933 4682">
     <span class='ocr_line' id='line_1_90' title="bbox 368 4611 1933 4682; baseline 0 -17"><span class='ocrx_word' id='word_1_662' title='bbox 368 4611 653 4682; x_wconf 86' lang='lat' dir='ltr'><strong>largosque</strong></span> <span class='ocrx_word' id='word_1_663' title='bbox 700 4612 917 4667; x_wconf 87' lang='lat' dir='ltr'><strong>interim</strong></span> <span class='ocrx_word' id='word_1_664' title='bbox 966 4622 1211 4682; x_wconf 90' lang='lat' dir='ltr'><strong>sumptus</strong></span> <span class='ocrx_word' id='word_1_665' title='bbox 1270 4613 1324 4667; x_wconf 93' lang='lat' dir='ltr'><strong>in</strong></span> <span class='ocrx_word' id='word_1_666' title='bbox 1376 4614 1536 4668; x_wconf 90' lang='lat' dir='ltr'><strong>rebus</strong></span> <span class='ocrx_word' id='word_1_667' title='bbox 1582 4612 1735 4667; x_wconf 86' lang='lat' dir='ltr'><strong>vanis</strong></span> <span class='ocrx_word' id='word_1_668' title='bbox 1763 4612 1933 4666; x_wconf 62' lang='lat' dir='ltr'><strong>ambio</strong></span> 
     </span>
    </p>
   </div>
   <div class='ocr_carea' id='block_1_91' title="bbox 369 4703 1934 4773">
    <p class='ocr_par' dir='ltr' id='par_1_91' title="bbox 369 4703 1934 4773">
     <span class='ocr_line' id='line_1_91' title="bbox 369 4703 1934 4773; baseline -0.002 -15"><span class='ocrx_word' id='word_1_669' title='bbox 369 4705 506 4759; x_wconf 86' lang='lat' dir='ltr'><strong>tiosc</strong></span> <span class='ocrx_word' id='word_1_670' title='bbox 536 4718 834 4773; x_wconf 87' lang='lat' dir='ltr'><strong>ponamus;</strong></span> <span class='ocrx_word' id='word_1_671' title='bbox 869 4703 1078 4759; x_wconf 87' lang='lat' dir='ltr'><strong>alamus</strong></span> <span class='ocrx_word' id='word_1_672' title='bbox 1111 4704 1419 4759; x_wconf 87' lang='lat' dir='ltr'><strong>helluonum</strong></span> <span class='ocrx_word' id='word_1_673' title='bbox 1461 4704 1798 4759; x_wconf 85' lang='lat' dir='ltr'><strong>adulatorum</strong></span> <span class='ocrx_word' id='word_1_674' title='bbox 1823 4711 1934 4756; x_wconf 90' lang='lat' dir='ltr'><strong>tur-</strong></span> 
     </span>
    </p>
   </div>
   <div class='ocr_carea' id='block_1_92' title="bbox 370 4795 1935 4867">
    <p class='ocr_par' dir='ltr' id='par_1_92' title="bbox 370 4795 1935 4867">
     <span class='ocr_line' id='line_1_92' title="bbox 370 4795 1935 4867; baseline -0.001 -19"><span class='ocrx_word' id='word_1_675' title='bbox 370 4795 515 4859; x_wconf 84' lang='lat' dir='ltr'><strong>bam,</strong></span> <span class='ocrx_word' id='word_1_676' title='bbox 554 4809 618 4850; x_wconf 85' lang='lat' dir='ltr'><strong>ac</strong></span> <span class='ocrx_word' id='word_1_677' title='bbox 644 4796 1002 4865; x_wconf 86' lang='lat' dir='ltr'><strong>parasitorum</strong></span> <span class='ocrx_word' id='word_1_678' title='bbox 1053 4795 1347 4851; x_wconf 73' lang='lat' dir='ltr'><strong>infelicium</strong></span> <span class='ocrx_word' id='word_1_679' title='bbox 1400 4797 1611 4867; x_wconf 81' lang='lat' dir='ltr'><strong>agmina</strong></span> <span class='ocrx_word' id='word_1_680' title='bbox 1660 4795 1935 4850; x_wconf 88' lang='lat' dir='ltr'><strong>individuo</strong></span> 
     </span>
    </p>
   </div>
   <div class='ocr_carea' id='block_1_93' title="bbox 366 4886 1935 4959">
    <p class='ocr_par' dir='ltr' id='par_1_93' title="bbox 366 4886 1935 4959">
     <span class='ocr_line' id='line_1_93' title="bbox 366 4886 1935 4959; baseline 0 -18"><span class='ocrx_word' id='word_1_681' title='bbox 366 4889 621 4941; x_wconf 76' lang='lat' dir='ltr'><strong>comitatu</strong></span> <span class='ocrx_word' id='word_1_682' title='bbox 663 4886 981 4955; x_wconf 88' lang='lat' dir='ltr'><strong>trahamus;</strong></span> <span class='ocrx_word' id='word_1_683' title='bbox 1031 4900 1354 4959; x_wconf 84' lang='lat' dir='ltr'><strong>rursumque</strong></span> <span class='ocrx_word' id='word_1_684' title='bbox 1402 4888 1456 4942; x_wconf 94' lang='lat' dir='ltr'><strong>in</strong></span> <span class='ocrx_word' id='word_1_685' title='bbox 1505 4886 1829 4958; x_wconf 88' lang='lat' dir='ltr'><strong>gladiatores</strong></span> <span class='ocrx_word' id='word_1_686' title='bbox 1871 4900 1935 4941; x_wconf 88' lang='lat' dir='ltr'><strong>ac</strong></span> 
     </span>
    </p>
   </div>
   <div class='ocr_carea' id='block_1_94' title="bbox 466 5056 1636 5136">
    <p class='ocr_par' dir='ltr' id='par_1_94' title="bbox 466 5056 1636 5136">
     <span class='ocr_line' id='line_1_94' title="bbox 466 5056 1636 5136; baseline 0.002 -15"><span class='ocrx_word' id='word_1_687' title='bbox 466 5068 514 5101; x_wconf 78' lang='grc'><strong>³⁸</strong></span> <span class='ocrx_word' id='word_1_688' title='bbox 542 5056 646 5121; x_wconf 73' lang='lat' dir='ltr'><strong>ls’a.</strong></span> <span class='ocrx_word' id='word_1_689' title='bbox 670 5080 767 5133; x_wconf 80' lang='lat' dir='ltr'><strong>tu,</strong></span> <span class='ocrx_word' id='word_1_690' title='bbox 795 5064 867 5119; x_wconf 69' lang='lat'><strong>28</strong></span> <span class='ocrx_word' id='word_1_691' title='bbox 890 5081 1015 5136; x_wconf 87' lang='lat' dir='ltr'><strong>sqq.</strong></span> <span class='ocrx_word' id='word_1_692' title='bbox 1120 5065 1166 5098; x_wconf 80' lang='lat'>&quot;</span> <span class='ocrx_word' id='word_1_693' title='bbox 1193 5064 1353 5123; x_wconf 88' lang='lat' dir='ltr'><strong>Prov.</strong></span> <span class='ocrx_word' id='word_1_694' title='bbox 1391 5082 1484 5123; x_wconf 71' lang='lat' dir='ltr'><strong>xxx</strong></span> <span class='ocrx_word' id='word_1_695' title='bbox 1505 5109 1520 5136; x_wconf 89' lang='lat'><strong>,</strong></span> <span class='ocrx_word' id='word_1_696' title='bbox 1551 5068 1636 5123; x_wconf 74' lang='grc' dir='ltr'>Η.</span> 
     </span>
    </p>
   </div>
   <div class='ocr_carea' id='block_1_95' title="bbox 444 5243 1933 5321">
    <p class='ocr_par' dir='ltr' id='par_1_95' title="bbox 444 5243 1933 5321">
     <span class='ocr_line' id='line_1_95' title="bbox 444 5243 1933 5321; baseline -0.005 -16"><span class='ocrx_word' id='word_1_697' title='bbox 444 5248 557 5321; x_wconf 76' lang='grc'><strong>(16)</strong></span> <span class='ocrx_word' id='word_1_698' title='bbox 599 5247 850 5321; x_wconf 75' lang='lat' dir='ltr'><strong>Parentes</strong></span> <span class='ocrx_word' id='word_1_699' title='bbox 879 5246 1004 5321; x_wconf 77' lang='lat' dir='ltr'><strong>filiis</strong></span> <span class='ocrx_word' id='word_1_700' title='bbox 1031 5245 1469 5321; x_wconf 75' lang='lat' dir='ltr'><strong>spolia_divident_.</strong></span> <span class='ocrx_word' id='word_1_701' title='bbox 1509 5243 1667 5321; x_wconf 82' lang='lat' dir='ltr'><strong>Pro_v.</strong></span> <span class='ocrx_word' id='word_1_702' title='bbox 1694 5260 1812 5321; x_wconf 73' lang='lat' dir='ltr'><strong>xtx.</strong></span> <span class='ocrx_word' id='word_1_703' title='bbox 1844 5243 1933 5310; x_wconf 75' lang='grc' dir='ltr'>Η,</span> 
     </span>
    </p>
   </div>
   <div class='ocr_carea' id='block_1_96' title="bbox 371 5312 1935 5390">
    <p class='ocr_par' dir='ltr' id='par_1_96' title="bbox 371 5312 1935 5390">
     <span class='ocr_line' id='line_1_96' title="bbox 371 5312 1935 5390; baseline -0.006 -15"><span class='ocrx_word' id='word_1_704' title='bbox 371 5312 480 5390; x_wconf 74' lang='lat' dir='ltr'><strong>quo</strong></span> <span class='ocrx_word' id='word_1_705' title='bbox 503 5312 750 5375; x_wconf 67' lang='lat' dir='ltr'><strong>Asterius</strong></span> <span class='ocrx_word' id='word_1_706' title='bbox 778 5312 1011 5390; x_wconf 79' lang='lat' dir='ltr'><strong>respicit,</strong></span> <span class='ocrx_word' id='word_1_707' title='bbox 1032 5312 1138 5390; x_wconf 65' lang='lat' dir='ltr'><strong>est.</strong></span> <span class='ocrx_word' id='word_1_708' title='bbox 1165 5312 1428 5390; x_wconf 75' lang='lat' dir='ltr'><strong>oixov_xa.i.</strong></span> <span class='ocrx_word' id='word_1_709' title='bbox 1446 5313 1696 5390; x_wconf 80' lang='grc' dir='ltr'>ὓπαρξιν,</span> <span class='ocrx_word' id='word_1_710' title='bbox 1720 5314 1935 5368; x_wconf 83' lang='lat' dir='ltr'><strong>domum</strong></span> 
     </span>
    </p>
   </div>
   <div class='ocr_carea' id='block_1_97' title="bbox 372 5385 1940 5455">
    <p class='ocr_par' dir='ltr' id='par_1_97' title="bbox 372 5385 1940 5455">
     <span class='ocr_line' id='line_1_97' title="bbox 372 5385 1940 5455; baseline -0.006 -10"><span class='ocrx_word' id='word_1_711' title='bbox 372 5385 421 5445; x_wconf 70' lang='lat' dir='ltr'><strong>et</strong></span> <span class='ocrx_word' id='word_1_712' title='bbox 452 5391 800 5444; x_wconf 83' lang='lat' dir='ltr'><strong>substantiam</strong></span> <span class='ocrx_word' id='word_1_713' title='bbox 824 5406 843 5455; x_wconf 86' lang='lat'><strong>;</strong></span> <span class='ocrx_word' id='word_1_714' title='bbox 865 5385 879 5389; x_wconf 76' lang='grc'><em>’</em></span> <span class='ocrx_word' id='word_1_715' title='bbox 904 5386 1070 5442; x_wconf 79' lang='lat' dir='ltr'><strong>voluit</strong></span> <span class='ocrx_word' id='word_1_716' title='bbox 1105 5386 1241 5441; x_wconf 88' lang='lat' dir='ltr'><strong>forte</strong></span> <span class='ocrx_word' id='word_1_717' title='bbox 1288 5387 1366 5440; x_wconf 82' lang='lat' dir='ltr'><strong>sic</strong></span> <span class='ocrx_word' id='word_1_718' title='bbox 1414 5402 1521 5440; x_wconf 89' lang='lat' dir='ltr'><strong>uno</strong></span> <span class='ocrx_word' id='word_1_719' title='bbox 1553 5385 1716 5438; x_wconf 84' lang='lat' dir='ltr'><strong>verbo</strong></span> <span class='ocrx_word' id='word_1_720' title='bbox 1751 5398 1940 5455; x_wconf 84' lang='lat' dir='ltr'><strong>auctor</strong></span> 
     </span>
    </p>
   </div>
   <div class='ocr_carea' id='block_1_98' title="bbox 373 5454 1942 5528">
    <p class='ocr_par' dir='ltr' id='par_1_98' title="bbox 373 5454 1942 5528">
     <span class='ocr_line' id='line_1_98' title="bbox 373 5454 1942 5528; baseline -0.004 -16"><span class='ocrx_word' id='word_1_721' title='bbox 373 5462 583 5527; x_wconf 88' lang='lat' dir='ltr'><strong>dicere;</strong></span> <span class='ocrx_word' id='word_1_722' title='bbox 639 5470 695 5514; x_wconf 91' lang='lat' dir='ltr'><strong>et</strong></span> <span class='ocrx_word' id='word_1_723' title='bbox 757 5460 883 5527; x_wconf 86' lang='lat' dir='ltr'><strong>quia</strong></span> <span class='ocrx_word' id='word_1_724' title='bbox 937 5458 1134 5528; x_wconf 86' lang='lat' dir='ltr'><strong>passim</strong></span> <span class='ocrx_word' id='word_1_725' title='bbox 1187 5457 1249 5528; x_wconf 18' lang='lat' dir='ltr'><strong>ini</strong></span> <span class='ocrx_word' id='word_1_726' title='bbox 1306 5455 1587 5528; x_wconf 77' lang='lat' dir='ltr'><strong>Scriptura.</strong></span> <span class='ocrx_word' id='word_1_727' title='bbox 1631 5454 1942 5528; x_wconf 13' lang='lat' dir='ltr'><strong>mentioglit</strong></span> 
     </span>
    </p>
   </div>
   <div class='ocr_carea' id='block_1_99' title="bbox 2042 4519 3620 4598">
    <p class='ocr_par' dir='ltr' id='par_1_99' title="bbox 2042 4519 3620 4598">
     <span class='ocr_line' id='line_1_99' title="bbox 2042 4519 3620 4598; baseline 0.002 -24"><span class='ocrx_word' id='word_1_728' title='bbox 2042 4521 2194 4591; x_wconf 79' lang='grc' dir='ltr'><strong>ραῖς’</strong></span> <span class='ocrx_word' id='word_1_729' title='bbox 2242 4520 2336 4573; x_wconf 78' lang='grc' dir='ltr'><strong>καὶ</strong></span> <span class='ocrx_word' id='word_1_730' title='bbox 2356 4519 2723 4591; x_wconf 82' lang='grc' dir='ltr'>δαπανώμεθα</span> <span class='ocrx_word' id='word_1_731' title='bbox 2768 4521 2825 4574; x_wconf 82' lang='grc' dir='ltr'>δὲ</span> <span class='ocrx_word' id='word_1_732' title='bbox 2847 4522 3144 4594; x_wconf 85' lang='grc' dir='ltr'>φιλοτίμως</span> <span class='ocrx_word' id='word_1_733' title='bbox 3169 4525 3287 4589; x_wconf 85' lang='grc' dir='ltr'>ταῖς</span> <span class='ocrx_word' id='word_1_734' title='bbox 3322 4525 3620 4598; x_wconf 81' lang='grc' dir='ltr'>ματαιότη-</span> 
     </span>
    </p>
   </div>
   <div class='ocr_carea' id='block_1_100' title="bbox 2041 4611 3619 4688">
    <p class='ocr_par' dir='ltr' id='par_1_100' title="bbox 2041 4611 3619 4688">
     <span class='ocr_line' id='line_1_100' title="bbox 2041 4611 3619 4688; baseline 0.004 -25"><span class='ocrx_word' id='word_1_735' title='bbox 2041 4627 2146 4676; x_wconf 86' lang='grc' dir='ltr'>σιν,</span> <span class='ocrx_word' id='word_1_736' title='bbox 2175 4611 2419 4667; x_wconf 85' lang='grc' dir='ltr'>κολάκων</span> <span class='ocrx_word' id='word_1_737' title='bbox 2436 4612 2638 4683; x_wconf 80' lang='grc' dir='ltr'>πλῆθος</span> <span class='ocrx_word' id='word_1_738' title='bbox 2658 4612 2882 4667; x_wconf 79' lang='grc' dir='ltr'>ἀσώτων</span> <span class='ocrx_word' id='word_1_739' title='bbox 2900 4615 3205 4687; x_wconf 76' lang='grc' dir='ltr'>τρέφοντες,</span> <span class='ocrx_word' id='word_1_740' title='bbox 3227 4616 3322 4669; x_wconf 75' lang='grc' dir='ltr'><strong>καὶ</strong></span> <span class='ocrx_word' id='word_1_741' title='bbox 3347 4618 3619 4688; x_wconf 81' lang='grc' dir='ltr'>φρατρίας</span> 
     </span>
    </p>
   </div>
   <div class='ocr_carea' id='block_1_101' title="bbox 2040 4701 3617 4779">
    <p class='ocr_par' dir='ltr' id='par_1_101' title="bbox 2040 4701 3617 4779">
     <span class='ocr_line' id='line_1_101' title="bbox 2040 4701 3617 4779; baseline 0.001 -19"><span class='ocrx_word' id='word_1_742' title='bbox 2040 4706 2442 4778; x_wconf 83' lang='grc' dir='ltr'>κακοδαιμόνων</span> <span class='ocrx_word' id='word_1_743' title='bbox 2464 4706 2775 4778; x_wconf 87' lang='grc' dir='ltr'>παρασίτων</span> <span class='ocrx_word' id='word_1_744' title='bbox 2802 4706 3182 4776; x_wconf 75' lang='grc' dir='ltr'>ἐπισυρόμενοι</span> <span class='ocrx_word' id='word_1_745' title='bbox 3201 4724 3215 4738; x_wconf 90' lang='grc'><strong>·</strong></span> <span class='ocrx_word' id='word_1_746' title='bbox 3245 4701 3401 4770; x_wconf 83' lang='grc' dir='ltr'>αὖθις</span> <span class='ocrx_word' id='word_1_747' title='bbox 3427 4706 3617 4779; x_wconf 86' lang='grc' dir='ltr'>θηριο-</span> 
     </span>
    </p>
   </div>
   <div class='ocr_carea' id='block_1_102' title="bbox 2043 4795 3618 4869">
    <p class='ocr_par' dir='ltr' id='par_1_102' title="bbox 2043 4795 3618 4869">
     <span class='ocr_line' id='line_1_102' title="bbox 2043 4795 3618 4869; baseline 0.001 -20"><span class='ocrx_word' id='word_1_748' title='bbox 2043 4796 2235 4867; x_wconf 90' lang='grc' dir='ltr'>μάχοις</span> <span class='ocrx_word' id='word_1_749' title='bbox 2276 4799 2370 4852; x_wconf 76' lang='grc' dir='ltr'><strong>καὶ</strong></span> <span class='ocrx_word' id='word_1_750' title='bbox 2414 4797 2623 4868; x_wconf 84' lang='grc' dir='ltr'>θηρίοις</span> <span class='ocrx_word' id='word_1_751' title='bbox 2658 4797 3042 4869; x_wconf 80' lang='grc' dir='ltr'>σκορπίζοντες</span> <span class='ocrx_word' id='word_1_752' title='bbox 3085 4795 3177 4849; x_wconf 84' lang='grc' dir='ltr'><strong>τδν</strong></span> <span class='ocrx_word' id='word_1_753' title='bbox 3234 4795 3480 4857; x_wconf 82' lang='grc' dir='ltr'>πλοῦτον,</span> <span class='ocrx_word' id='word_1_754' title='bbox 3512 4797 3618 4852; x_wconf 81' lang='grc' dir='ltr'><strong>κάν</strong></span> 
     </span>
    </p>
   </div>
   <div class='ocr_carea' id='block_1_103' title="bbox 2040 4887 3616 4962">
    <p class='ocr_par' dir='ltr' id='par_1_103' title="bbox 2040 4887 3616 4962">
     <span class='ocr_line' id='line_1_103' title="bbox 2040 4887 3616 4962; baseline 0.001 -21"><span class='ocrx_word' id='word_1_755' title='bbox 2040 4891 2161 4953; x_wconf 84' lang='grc' dir='ltr'>ταῖς</span> <span class='ocrx_word' id='word_1_756' title='bbox 2211 4890 2597 4962; x_wconf 83' lang='grc' dir='ltr'>ἱπποτροφίαις</span> <span class='ocrx_word' id='word_1_757' title='bbox 2636 4890 2851 4955; x_wconf 72' lang='grc' dir='ltr'>οὐδενὸς</span> <span class='ocrx_word' id='word_1_758' title='bbox 2898 4889 3007 4944; x_wconf 89' lang='grc' dir='ltr'><strong>τῶν</strong></span> <span class='ocrx_word' id='word_1_759' title='bbox 3059 4889 3227 4943; x_wconf 72' lang='grc' dir='ltr'>ὄντων</span> <span class='ocrx_word' id='word_1_760' title='bbox 3276 4887 3616 4960; x_wconf 80' lang='grc' dir='ltr'>φειδόμενοι·</span> 
     </span>
    </p>
   </div>
   <div class='ocr_carea' id='block_1_104' title="bbox 1743 5064 2241 5133">
    <p class='ocr_par' dir='ltr' id='par_1_104' title="bbox 1743 5064 2241 5133">
     <span class='ocr_line' id='line_1_104' title="bbox 1743 5064 2241 5133; baseline 0.004 -15"><span class='ocrx_word' id='word_1_761' title='bbox 1743 5065 1790 5098; x_wconf 73' lang='grc'>³⁸</span> <span class='ocrx_word' id='word_1_762' title='bbox 1828 5064 2016 5122; x_wconf 71' lang='lat' dir='ltr'><strong>Matth.</strong></span> <span class='ocrx_word' id='word_1_763' title='bbox 2045 5081 2117 5133; x_wconf 70' lang='lat' dir='ltr'><strong>v1,</strong></span> <span class='ocrx_word' id='word_1_764' title='bbox 2152 5066 2241 5121; x_wconf 68' lang='grc'><strong>54.</strong></span> 
     </span>
    </p>
   </div>
   <div class='ocr_carea' id='block_1_105' title="bbox 2043 5240 3619 5315">
    <p class='ocr_par' dir='ltr' id='par_1_105' title="bbox 2043 5240 3619 5315">
     <span class='ocr_line' id='line_1_105' title="bbox 2043 5240 3619 5315; baseline -0.001 -17"><span class='ocrx_word' id='word_1_765' title='bbox 2043 5242 2292 5315; x_wconf 83' lang='lat' dir='ltr'><strong>margini,</strong></span> <span class='ocrx_word' id='word_1_766' title='bbox 2332 5258 2439 5313; x_wconf 89' lang='lat' dir='ltr'><strong>quo</strong></span> <span class='ocrx_word' id='word_1_767' title='bbox 2472 5244 2789 5312; x_wconf 81' lang='lat' dir='ltr'><strong>prohibetur</strong></span> <span class='ocrx_word' id='word_1_768' title='bbox 2814 5260 2881 5301; x_wconf 91' lang='lat' dir='ltr'><strong>ne</strong></span> <span class='ocrx_word' id='word_1_769' title='bbox 2907 5244 3078 5299; x_wconf 83' lang='lat' dir='ltr'><strong>simus</strong></span> <span class='ocrx_word' id='word_1_770' title='bbox 3107 5240 3174 5298; x_wconf 83' lang='lat' dir='ltr'><strong>de</strong></span> <span class='ocrx_word' id='word_1_771' title='bbox 3199 5243 3440 5298; x_wconf 85' lang='lat' dir='ltr'><strong>crastino</strong></span> <span class='ocrx_word' id='word_1_772' title='bbox 3471 5242 3619 5298; x_wconf 85' lang='lat' dir='ltr'><strong>solli-</strong></span> 
     </span>
    </p>
   </div>
   <div class='ocr_carea' id='block_1_106' title="bbox 2046 5316 3621 5381">
    <p class='ocr_par' dir='ltr' id='par_1_106' title="bbox 2046 5316 3621 5381">
     <span class='ocr_line' id='line_1_106' title="bbox 2046 5316 3621 5381; baseline -0.003 -12"><span class='ocrx_word' id='word_1_773' title='bbox 2046 5316 2161 5377; x_wconf 88' lang='lat' dir='ltr'><strong>citi,</strong></span> <span class='ocrx_word' id='word_1_774' title='bbox 2191 5324 2354 5381; x_wconf 90' lang='lat' dir='ltr'><strong>ntqne</strong></span> <span class='ocrx_word' id='word_1_775' title='bbox 2386 5316 2436 5367; x_wconf 93' lang='lat' dir='ltr'><strong>in</strong></span> <span class='ocrx_word' id='word_1_776' title='bbox 2466 5330 2532 5368; x_wconf 88' lang='lat' dir='ltr'><strong>eo</strong></span> <span class='ocrx_word' id='word_1_777' title='bbox 2558 5316 2725 5368; x_wconf 88' lang='lat' dir='ltr'><strong>simus</strong></span> <span class='ocrx_word' id='word_1_778' title='bbox 2754 5316 2965 5377; x_wconf 81' lang='lat' dir='ltr'><strong>victuri,</strong></span> <span class='ocrx_word' id='word_1_779' title='bbox 3005 5330 3069 5368; x_wconf 90' lang='lat' dir='ltr'><strong>ac</strong></span> <span class='ocrx_word' id='word_1_780' title='bbox 3097 5328 3185 5368; x_wconf 88' lang='lat' dir='ltr'><strong>res</strong></span> <span class='ocrx_word' id='word_1_781' title='bbox 3213 5322 3428 5368; x_wconf 86' lang='lat' dir='ltr'><strong>nostras</strong></span> <span class='ocrx_word' id='word_1_782' title='bbox 3467 5328 3621 5366; x_wconf 81' lang='lat' dir='ltr'><strong>com-</strong></span> 
     </span>
    </p>
   </div>
   <div class='ocr_carea' id='block_1_107' title="bbox 2046 5383 3616 5454">
    <p class='ocr_par' dir='ltr' id='par_1_107' title="bbox 2046 5383 3616 5454">
     <span class='ocr_line' id='line_1_107' title="bbox 2046 5383 3616 5454; baseline -0.002 -17"><span class='ocrx_word' id='word_1_783' title='bbox 2046 5385 2285 5454; x_wconf 88' lang='lat' dir='ltr'><strong>paraturi</strong></span> <span class='ocrx_word' id='word_1_784' title='bbox 2317 5400 2330 5435; x_wconf 89' lang='lat'><strong>:</strong></span> <span class='ocrx_word' id='word_1_785' title='bbox 2365 5399 2468 5437; x_wconf 90' lang='lat' dir='ltr'><strong>non</strong></span> <span class='ocrx_word' id='word_1_786' title='bbox 2493 5387 2634 5453; x_wconf 91' lang='lat' dir='ltr'><strong>quod</strong></span> <span class='ocrx_word' id='word_1_787' title='bbox 2664 5385 2834 5439; x_wconf 88' lang='lat' dir='ltr'><strong>reddit</strong></span> <span class='ocrx_word' id='word_1_788' title='bbox 2864 5387 3149 5454; x_wconf 85' lang='lat' dir='ltr'><strong>interpres,</strong></span> <span class='ocrx_word' id='word_1_789' title='bbox 3170 5383 3616 5454; x_wconf 64' lang='lat' dir='ltr'><strong>quemadmodum</strong></span> 
     </span>
    </p>
   </div>
   <div class='ocr_carea' id='block_1_108' title="bbox 2047 5452 3618 5522">
    <p class='ocr_par' dir='ltr' id='par_1_108' title="bbox 2047 5452 3618 5522">
     <span class='ocr_line' id='line_1_108' title="bbox 2047 5452 3618 5522; baseline -0.002 -15"><span class='ocrx_word' id='word_1_790' title='bbox 2047 5452 2114 5507; x_wconf 64' lang='lat' dir='ltr'><strong>ad</strong></span> <span class='ocrx_word' id='word_1_791' title='bbox 2140 5455 2275 5507; x_wconf 81' lang='lat' dir='ltr'><strong>diem</strong></span> <span class='ocrx_word' id='word_1_792' title='bbox 2316 5452 2603 5508; x_wconf 76' lang='lat' dir='ltr'><strong>crastinum</strong></span> <span class='ocrx_word' id='word_1_793' title='bbox 2642 5456 2923 5522; x_wconf 81' lang='lat' dir='ltr'><strong>pervenies.</strong></span> <span class='ocrx_word' id='word_1_794' title='bbox 2963 5453 3051 5508; x_wconf 86' lang='lat' dir='ltr'><strong>Sic</strong></span> <span class='ocrx_word' id='word_1_795' title='bbox 3083 5452 3281 5522; x_wconf 83' lang='lat' dir='ltr'><strong>passim</strong></span> <span class='ocrx_word' id='word_1_796' title='bbox 3322 5452 3618 5520; x_wconf 67' lang='lat' dir='ltr'><strong>Scriptura:</strong></span> 
     </span>
    </p>
   </div>
   <div class='ocr_carea' id='block_1_109' title="bbox 367 5523 3619 5599">
    <p class='ocr_par' dir='ltr' id='par_1_109' title="bbox 367 5523 3619 5599">
     <span class='ocr_line' id='line_1_109' title="bbox 367 5523 3619 5599; baseline -0.002 -18"><span class='ocrx_word' id='word_1_797' title='bbox 367 5523 658 5585; x_wconf 71' lang='lat' dir='ltr'><strong>divisionis</strong></span> <span class='ocrx_word' id='word_1_798' title='bbox 702 5523 1018 5599; x_wconf 75' lang='lat' dir='ltr'><strong>spoliorum.</strong></span> <span class='ocrx_word' id='word_1_799' title='bbox 1053 5529 1195 5583; x_wconf 85' lang='lat' dir='ltr'><strong>Bene</strong></span> <span class='ocrx_word' id='word_1_800' title='bbox 1228 5527 1450 5581; x_wconf 69' lang='lat' dir='ltr'><strong>Ducaeus</strong></span> <span class='ocrx_word' id='word_1_801' title='bbox 1494 5525 1804 5594; x_wconf 86' lang='lat' dir='ltr'><strong>interpretis</strong></span> <span class='ocrx_word' id='word_1_802' title='bbox 1854 5525 1944 5579; x_wconf 87' lang='lat' dir='ltr'><strong>hic</strong></span> <span class='ocrx_word' id='word_1_803' title='bbox 2052 5524 2165 5599; x_wconf 69' lang='lat' dir='ltr'><strong>loca</strong></span> <span class='ocrx_word' id='word_1_804' title='bbox 2202 5525 2376 5599; x_wconf 74' lang='lat' dir='ltr'><strong>mimus</strong></span> <span class='ocrx_word' id='word_1_805' title='bbox 2402 5524 2780 5599; x_wconf 80' lang='lat' dir='ltr'><strong>animadvertit</strong></span> <span class='ocrx_word' id='word_1_806' title='bbox 2823 5541 2887 5580; x_wconf 85' lang='lat' dir='ltr'><strong>ac</strong></span> <span class='ocrx_word' id='word_1_807' title='bbox 2932 5525 3207 5599; x_wconf 74' lang='lat' dir='ltr'><strong>exprimit,</strong></span> <span class='ocrx_word' id='word_1_808' title='bbox 3247 5524 3389 5592; x_wconf 88' lang='lat' dir='ltr'><strong>quod</strong></span> <span class='ocrx_word' id='word_1_809' title='bbox 3430 5537 3529 5588; x_wconf 83' lang='lat' dir='ltr'><strong>ego</strong></span> <span class='ocrx_word' id='word_1_810' title='bbox 3565 5523 3619 5574; x_wconf 90' lang='lat' dir='ltr'><strong>in</strong></span> 
     </span>
    </p>
   </div>
   <div class='ocr_carea' id='block_1_110' title="bbox 377 5598 950 5670">
    <p class='ocr_par' dir='ltr' id='par_1_110' title="bbox 377 5598 950 5670">
     <span class='ocr_line' id='line_1_110' title="bbox 377 5598 950 5670; baseline -0.007 -16"><span class='ocrx_word' id='word_1_811' title='bbox 377 5598 586 5670; x_wconf 79' lang='lat' dir='ltr'><strong>lapsum</strong></span> <span class='ocrx_word' id='word_1_812' title='bbox 621 5598 950 5654; x_wconf 81' lang='lat' dir='ltr'><strong>correxerat.</strong></span> 
     </span>
    </p>
   </div>
   <div class='ocr_carea' id='block_1_111' title="bbox 2052 5594 3615 5663">
    <p class='ocr_par' dir='ltr' id='par_1_111' title="bbox 2052 5594 3615 5663">
     <span class='ocr_line' id='line_1_111' title="bbox 2052 5594 3615 5663; baseline -0.004 -14"><span class='ocrx_word' id='word_1_813' title='bbox 2052 5595 2274 5649; x_wconf 86' lang='lat' dir='ltr'><strong>Patrum</strong></span> <span class='ocrx_word' id='word_1_814' title='bbox 2295 5594 2610 5648; x_wconf 63' lang='lat' dir='ltr'><strong>Grarcorutn</strong></span> <span class='ocrx_word' id='word_1_815' title='bbox 2629 5595 2941 5663; x_wconf 74' lang='lat' dir='ltr'><strong>interprete,</strong></span> <span class='ocrx_word' id='word_1_816' title='bbox 2974 5595 3191 5647; x_wconf 73' lang='lat' dir='ltr'><strong>niaximi</strong></span> <span class='ocrx_word' id='word_1_817' title='bbox 3218 5609 3330 5647; x_wconf 86' lang='lat' dir='ltr'><strong>rem</strong></span> <span class='ocrx_word' id='word_1_818' title='bbox 3358 5601 3615 5663; x_wconf 74' lang='lat' dir='ltr'><strong>momenti</strong></span> 
     </span>
    </p>
   </div>
   <div class='ocr_carea' id='block_1_112' title="bbox 447 5662 3619 5738">
    <p class='ocr_par' dir='ltr' id='par_1_112' title="bbox 447 5662 3619 5738">
     <span class='ocr_line' id='line_1_112' title="bbox 447 5662 3619 5738; baseline -0.002 -17"><span class='ocrx_word' id='word_1_819' title='bbox 447 5669 561 5738; x_wconf 78' lang='lat' dir='ltr'><strong>(i7)</strong></span> <span class='ocrx_word' id='word_1_820' title='bbox 603 5669 874 5734; x_wconf 78' lang='lat' dir='ltr'><strong>Quomodo</strong></span> <span class='ocrx_word' id='word_1_821' title='bbox 902 5685 1021 5737; x_wconf 85' lang='lat' dir='ltr'><strong>ages</strong></span> <span class='ocrx_word' id='word_1_822' title='bbox 1044 5670 1099 5723; x_wconf 82' lang='lat' dir='ltr'><strong>in</strong></span> <span class='ocrx_word' id='word_1_823' title='bbox 1120 5664 1567 5732; x_wconf 71' lang='lat' dir='ltr'><strong>crastinum,m‘bq</strong></span> <span class='ocrx_word' id='word_1_824' title='bbox 1596 5663 1820 5731; x_wconf 70' lang='grc' dir='ltr'>διάξεις</span> <span class='ocrx_word' id='word_1_825' title='bbox 1848 5663 1947 5718; x_wconf 78' lang='grc' dir='ltr'><strong>ἐπὶ</strong></span> <span class='ocrx_word' id='word_1_826' title='bbox 2053 5665 2331 5738; x_wconf 61' lang='lat' dir='ltr'><strong>esistimo;</strong></span> <span class='ocrx_word' id='word_1_827' title='bbox 2360 5680 2479 5719; x_wconf 90' lang='lat' dir='ltr'><strong>cum</strong></span> <span class='ocrx_word' id='word_1_828' title='bbox 2510 5664 2560 5716; x_wconf 91' lang='lat' dir='ltr'><strong>in</strong></span> <span class='ocrx_word' id='word_1_829' title='bbox 2593 5665 2721 5738; x_wconf 78' lang='lat' dir='ltr'><strong>illis,</strong></span> <span class='ocrx_word' id='word_1_830' title='bbox 2752 5666 2993 5734; x_wconf 87' lang='lat' dir='ltr'><strong>scitoqne</strong></span> <span class='ocrx_word' id='word_1_831' title='bbox 3015 5680 3202 5717; x_wconf 85' lang='lat' dir='ltr'><strong>eorum</strong></span> <span class='ocrx_word' id='word_1_832' title='bbox 3229 5679 3349 5725; x_wconf 85' lang='lat' dir='ltr'><strong>usu,</strong></span> <span class='ocrx_word' id='word_1_833' title='bbox 3382 5662 3619 5731; x_wconf 75' lang='lat' dir='ltr'><strong>plurima</strong></span> 
     </span>
    </p>
   </div>
   <div class='ocr_carea' id='block_1_113' title="bbox 375 5733 3337 5811">
    <p class='ocr_par' dir='ltr' id='par_1_113' title="bbox 375 5733 3337 5811">
     <span class='ocr_line' id='line_1_113' title="bbox 375 5733 3337 5811; baseline -0.004 -14"><span class='ocrx_word' id='word_1_834' title='bbox 375 5733 490 5811; x_wconf 71' lang='grc' dir='ltr'>τῆς</span> <span class='ocrx_word' id='word_1_835' title='bbox 511 5733 852 5809; x_wconf 60' lang='grc' dir='ltr'>ὗσέεραίας.</span> <span class='ocrx_word' id='word_1_836' title='bbox 876 5733 1038 5795; x_wconf 76' lang='lat' dir='ltr'><strong>Plana</strong></span> <span class='ocrx_word' id='word_1_837' title='bbox 1065 5748 1144 5795; x_wconf 82' lang='lat' dir='ltr'><strong>est</strong></span> <span class='ocrx_word' id='word_1_838' title='bbox 1168 5738 1357 5794; x_wconf 88' lang='lat' dir='ltr'><strong>allusio</strong></span> <span class='ocrx_word' id='word_1_839' title='bbox 1372 5739 1437 5793; x_wconf 89' lang='lat' dir='ltr'><strong>ad</strong></span> <span class='ocrx_word' id='word_1_840' title='bbox 1452 5738 1625 5793; x_wconf 90' lang='lat' dir='ltr'><strong>locum</strong></span> <span class='ocrx_word' id='word_1_841' title='bbox 1656 5738 1949 5806; x_wconf 80' lang='lat' dir='ltr'><strong>ascriptum</strong></span> <span class='ocrx_word' id='word_1_842' title='bbox 2057 5735 2138 5791; x_wconf 85' lang='lat' dir='ltr'><strong>vis</strong></span> <span class='ocrx_word' id='word_1_843' title='bbox 2161 5751 2223 5789; x_wconf 86' lang='lat' dir='ltr'><strong>ac</strong></span> <span class='ocrx_word' id='word_1_844' title='bbox 2248 5734 2409 5791; x_wconf 85' lang='lat' dir='ltr'><strong>decor</strong></span> <span class='ocrx_word' id='word_1_845' title='bbox 2427 5733 2739 5790; x_wconf 78' lang='lat' dir='ltr'><strong>eorumdem</strong></span> <span class='ocrx_word' id='word_1_846' title='bbox 2764 5733 3068 5790; x_wconf 85' lang='lat' dir='ltr'><strong>sermonum</strong></span> <span class='ocrx_word' id='word_1_847' title='bbox 3098 5741 3337 5789; x_wconf 75' lang='lat' dir='ltr'><strong>conatet.</strong></span> 
     </span>
    </p>
   </div>
  </div>
