3856 6274
153 346 259 404 189
594 382 601 393 ρ
1107 340 1393 396 HOMILIA
1432 339 1494 395 ll.
1538 338 1627 396 DE
1665 337 2037 396 (1500ΝοΜο
2074 335 2510 405 INIQUITATIS.
3297 338 3401 396 190

159 465 253 517 καὶ
282 461 440 516 πάλιν
492 460 933 531 θαυματοποιοῖς,
968 458 1061 512 καλ⁸
1105 457 1311 528 μίμοις,
1349 460 1441 511 καὶ
1467 460 1577 520 τοῖς
1608 456 1735 528 ἑξῆς
1765 510 1766 513 η

1868 472 2000 521 eras,
2039 458 2364 525 alendosque
2395 471 2584 527 equos,
2620 457 2763 511 nulla
2801 458 3160 525 impensarum
3191 460 3402 515 ratione

157 553 420 625 ὀλεθρίοις
460 549 808 613 δαπανῶντες
855 549 955 620 τὴν
1006 548 1288 619 εὐπορίαν.
1339 549 1450 601 Καὶ
1499 548 1729 616 πρᾶγμα

1868 549 2019 603 ιδιιίιο
2043 588 2059 612 ,
2091 564 2221 616 opes
2255 549 2659 619 dispergamus;
2707 548 2942 617 denique
2962 549 3013 603 in
3047 550 3402 619 praestigiato-

158 648 437 715 πάσχομεν
454 644 631 708 κενὸν,
659 643 752 696 καὶ
783 639 977 712 μανίας
999 639 1182 709 ἐγγύς.
1217 638 1387 692 Ἔνθα
1433 638 1531 709 μὲν
1568 636 1675 708 γὰρ
1698 638 1732 708 ἡ

1868 656 1928 695 es
1958 655 2022 694 ac
2054 642 2246 695 mimos
2290 642 2529 710 aliosque
2556 641 2948 709 perditissimos
2994 642 3236 695 homines
3267 643 3404 694 divi-

156 737 365 805 δαπάνη
406 734 563 806 φέρει
614 731 677 785 τὸ
726 731 915 803 κέρδος
964 727 1261 799 ἀνάριθμον
1304 729 1400 781 κα)⁸
1464 727 1737 797 σωτηρίαν

1868 732 1948 786 ias
1976 747 2391 797 consumamus,
2444 742 2603 800 atque
2653 734 2786 787 adeo
2829 733 3050 787 stultum
3083 734 3207 803 quid
3236 748 3299 787 ac
3322 734 3404 786 in-

160 828 446 891 ἀθάνατον,
489 824 785 895 συνέχομεν
820 821 1059 893 σφοδρῶς
1081 821 1142 873 τὸ
1174 820 1456 892 ἀργύριον,
1497 819 1572 883 ὡς
1605 818 1739 890 μηδὲ

1868 822 2011 877 lania:
2049 837 2271 892 prorsus
2311 822 2472 876 afﬁne
2509 822 2809 877 faciamus?
2844 823 2942 881 Ubi
2978 825 3119 877 enim
3162 825 3404 894 impensa

160 920 373 988 ὀλίγους
403 917 626 980 ὀϐολοὺς
663 916 763 985 τῆς
787 914 966 986 χειρὸς
1015 914 1267 967 ἐκπεσεῖν
1288 928 1301 941 ’
1330 912 1461 965 ὅπου
1483 910 1539 963 δὲ
1566 911 1744 981 ἁμαρ·

1868 927 2044 967 ucrum
2100 910 2475 967 inaestimabile
2534 927 2597 966 ac
2646 921 2898 967 atternam
2952 912 3106 968 aﬂ'ert
3151 914 3403 977 salutem,

160 1011 292 1065 τιῶν
319 1011 535 1079 γίνεται
584 1008 647 1061 τὸ
678 1007 937 1077 ἀνάλωμα
965 1006 1058 1059 κα)⁵
1115 1003 1325 1075 μυρίων
1354 1001 1627 1057 κολάσεων
1657 1000 1744 1056 αῐ-

1868 1018 2150 1072 :ompressa
2181 1018 2338 1057 manu
2378 1004 2655 1072 pecuniam
2693 1004 3003 1058 cobibemus
3024 1044 3040 1069 ,
3068 1015 3125 1058 ut
3156 1021 3222 1059 ne
3248 1006 3403 1075 pauci

161 1120 295 1165 τιον,
322 1101 419 1155 καὶ
439 1100 613 1171 αὐτῆς
647 1116 711 1169 γε
732 1098 835 1169 τῆς
872 1096 959 1150 διὰ
999 1095 1170 1167 πυρὸς
1196 1093 1487 1167 τιμωρίας,
1517 1093 1745 1146 αὐτοκέ-

1868 1095 2062 1166 ιυίάεπι
2122 1094 2265 1150 oboli
2320 1095 2720 1162 cxcidant;ubi
2750 1104 2926 1150 autem
2983 1098 3050 1151 de
3107 1096 3409 1166 sumptibus

164 1194 377 1246 λευστοι
405 1191 622 1263 ρέομεν.
665 1191 732 1244 Ἥ
760 1187 1035 1259 φιλοτιμία
1054 1185 1425 1257 προλαμϐάνει
1451 1185 1547 1255 τὴν
1586 1183 1744 1254 αἴτη-

1868 1187 2141 1241 stiusmodi
2186 1187 2383 1259 agitur,
2439 1200 2577 1256 quos
2615 1194 2669 1240 et
2706 1197 2923 1257 peccata
2975 1188 3322 1254 comitantur,
3353 1196 3411 1243 et

167 1299 279 1338 σιν’
310 1284 407 1337 καὶ
429 1284 608 1347 πάσας
639 1281 806 1353 θύρας
835 1279 1162 1344 ἀνοίξαντες,
1206 1279 1437 1349 ἀφίεμεν
1460 1276 1553 1330 τὸν
1577 1277 1741 1330 πλού-

1868 1292 2012 1333 mna:
2058 1277 2318 1342 inﬁnita),
2354 1293 2418 1334 ac
2459 1279 2543 1332 vel
2579 1278 2751 1347 ipsum
2795 1279 2934 1347 ignis
2970 1280 3289 1348 supplicium
3316 1291 3407 1332 se-

164 1392 256 1429 τον
280 1374 422 1446 πρὸς
455 1374 583 1438 τοὺς
612 1372 717 1438 ἔξω
746 1373 964 1444 χωρεῖν.
995 1369 1167 1424 Τοῦτο
1188 1370 1246 1424 δὲ
1277 1368 1340 1424 τὸ
1367 1368 1621 1441 φρόνημα
1644 1369 1745 1421 οὐκ

1868 1370 2044 1440 luitur,
2081 1366 2224 1425 ultro
2265 1384 2397 1441 opes
2445 1368 2789 1426 eﬂ'undimus.
2821 1369 3058 1441 Largitio
3082 1384 3145 1424 ac
3176 1368 3415 1425 liberall-

166 1465 280 1520 ἔστι
302 1464 506 1519 δούλων
524 1464 901 1535 ἀναμενόντων
915 1460 1008 1516 τὸν
1033 1459 1245 1532 κύριον,
1275 1456 1413 1513 ἀλλά
1431 1458 1567 1513 νέων
1595 1456 1743 1512 ἀσώ·

1868 1476 1928 1516 as
1959 1459 2073 1532 (18)
2103 1460 2416 1529 petitionem
2465 1469 2724 1530 occupat;
2771 1469 2989 1531 totoque
3036 1475 3223 1532 aperto
3249 1461 3412 1526 ostio,

166 1576 295 1623 των,
322 1556 656 1629 κωμαστῶν,
684 1554 1018 1610 ἀκολάστων.

1868 1552 2067 1610 livitias
2092 1554 2159 1608 ad
2192 1563 2483 1610 extraneos
2522 1556 2673 1609 exire
2714 1555 3099 1623 permittimus.
3139 1557 3239 1624 Qui
3283 1570 3417 1611 sane

169 1666 275 1706 non
307 1659 391 1704 est
418 1663 611 1704 sensus
642 1648 960 1715 animusque
989 1657 1266 1699 servorum
1304 1640 1734 1711 exspectantiqu
1774 1642 2074 1716 dominum,
2107 1649 2200 1705 sed
2227 1649 2484 1719 juveuum
2550 1646 2858 1702 lielluouum
2882 1687 2899 1715 ,
2968 1660 3415 1723 comessatorum,

168 1743 507 1809 luxuria-que
553 1753 617 1793 ac
646 1737 1012 1806 voluptatibus
1055 1735 1377 1789 deditorum.

236 1834 302 1887 El
349 1831 409 1885 δὲ
454 1829 650 1894 θέλεις,
686 1829 716 1881 6
741 1826 1037 1900 ἀκροατὴς,
1089 1824 1214 1878 ίδεῖν
1242 1822 1525 1894 οἰκονόμου
1565 1821 1748 1893 φόϐον,

1923 1822 2074 1889 Quod
2106 1824 2173 1889 si,
2196 1824 2431 1890 auditor,
2472 1824 2654 1879 videre
2680 1825 2978 1893 desideras,
3008 1843 3168 1897 quam
3194 1829 3421 1885 sollicite

173 1925 313 1998 μιτά
344 1923 450 1994 τῆς
480 1920 754 2000 σώφρονος
779 1918 1063 1982 εὐλαϐείας
1087 1917 1413 1979 διοικοῦντος
1435 1915 1503 1968 τὰ
1532 1930 1752 1968 πιστευ-

172 2017 349 2082 θέντα,
383 2013 690 2078 ἀνάπτυξον
729 2011 828 2084 τὴν
852 2011 1028 2082 βίϐλον
1056 2009 1155 2063 τοῦ
1178 2008 1367 2062 Δαϐίδ·
1421 2008 1652 2079 ζήτησον
1691 2008 1750 2059 ὲ-

171 2109 386 2172 κείνους
411 2108 539 2170 τοὺς
570 2104 763 2174 λόγους
780 2102 907 2158 ἔνθα
935 2102 1101 2173 φησὶν
1129 2100 1265 2172 πρὸς
1280 2100 1369 2153 τὸν
1394 2098 1567 2153 Θεὸνὸ
1589 2099 1751 2170 ἀνὴρ,

170 2195 642 2270 ⁴πολυπραγμονῶν
684 2193 778 2249 τοῦ
816 2193 943 2248 ίδίου
987 2193 1175 2255 τέλους
1236 2191 1335 2261 τὴν
1377 2188 1713 2261 προθεσμίαν
1735 2205 1750 2219 ο

172 2287 487 2358 Γνὼρισόν
555 2302 679 2355 μοι,
726 2285 921 2352 Κύριε,
966 2282 1033 2337 τὸ
1078 2281 1263 2350 πέρας
1306 2297 1447 2350 μου,
1494 2279 1595 2333 καί
1648 2278 1757 2333 τόν

172 2378 422 2449 ἀριθμόν
460 2375 582 2431 τῶν
626 2374 865 2445 ἡμερῶν
897 2391 1016 2444 μου
1064 2374 1157 2438 τίς
1186 2372 1375 2435 ἐστιν,
1408 2371 1510 2425 ἵνα
1544 2368 1665 2440 γνῶ
1699 2371 1758 2425 τι

174 2467 405 2537 ὑστερῶ
431 2466 568 2538 ἐγώ.
610 2466 775 2537 Ὁρᾷς
829 2465 978 2527 ὅπως
1024 2462 1100 2527 ὡς
1147 2464 1205 2516 ἐν
1249 2460 1419 2515 εἰκόνι
1476 2460 1757 2532 θεωρεῖται

174 2562 249 2632 τῷ
272 2562 469 2631 λάτῳή
490 2557 585 2612 τοῦ
610 2556 913 2627 εὐξαμένου
938 2555 1197 2619 διάθεσις,
1225 2554 1307 2606 ὅτι
1335 2552 1590 2624 περιδεής
1619 2552 1754 2615 ἐστι,

177 2653 270 2707 καὶ
293 2651 512 2722 προορᾷ
539 2648 602 2702 τὸ
639 2647 853 2719 μέλλον,
907 2647 1002 2701 καὶ
1030 2644 1289 2716 ἀναμένει
1308 2644 1407 2714 τὴν
1436 2641 1639 2712 κρίσιν,
1662 2642 1759 2696 καὶ

173 2742 274 2813 τὴν
300 2739 647 2813 προθεσμίαν
697 2736 1144 2810 περιεργάζεται,
1181 2734 1269 2788 ἶνα
1297 2734 1371 2806 μὴ
1404 2731 1511 2804 [τὸ]
1538 2730 1758 2803 ἀπαρά·

179 2851 373 2888 σκευον
402 2832 569 2887 αὑτὸν
598 2831 877 2904 καταλάϐῃ
928 2832 1025 2902 τῆς
1046 2830 1227 2897 ἐξόδου
1250 2828 1310 2882 τὸ
1346 2827 1595 2898 σύνθημα
1619 2842 1632 2856 '
1665 2824 1761 2880 καὶ

179 2926 333 2997 ζητεῖ
374 2925 736 2996 λογισάμενος
795 2923 1054 2989 κατιδεῖν,
1101 2922 1156 2975 τί
1199 2921 1261 2974 τὸ
1320 2920 1420 2991 τῆς
1473 2917 1761 2991 παροικίας

179 3017 492 3089 ὑστέρημα,
514 3017 603 3069 ῖνα
629 3016 868 3079 σπεύσας
890 3014 1282 3085 ἀναπληρώσῃ.
1312 3012 1441 3083 πρὶν
1467 3010 1642 3064 ἐλθεῖν
1670 3009 1761 3062 τὸν

181 3108 466 3177 ιξάγοντα.
526 3107 764 3177 Ἀληθῶς
790 3108 897 3179 γάρ
929 3108 1077 3159 ἐστιν
1104 3104 1267 3158 είκὼν
1288 3102 1593 3173 οίκονόμου,
1626 3100 1757 3155 ἑκά-

1854 1915 2145 1984 timideque
2174 1916 2486 1971 concredita
2533 1916 2632 1970 sibi
2687 1918 3028 1985 dispensator
3057 1921 3311 1987 providus
3335 1924 3422 1974 ad-

1854 2006 2143 2071 ministret,
2175 2006 2391 2062 Davidis
2414 2007 2545 2060 mihi
2568 2007 2780 2075 explica
2813 2009 3009 2062 librum
3042 2025 3057 2074 ;
3091 2025 3214 2064 eum
3246 2011 3419 2066 locum

1853 2111 2080 2166 quaere,
2130 2112 2235 2166 quo
2286 2098 2368 2151 vir
2410 2096 2499 2152 ille
2555 2098 2910 2168 praestitutam
2970 2101 3145 2155 exitus
3173 2102 3255 2155 sui
3278 2101 3420 2156 diem

1854 2191 2092 2246 studiose
2131 2191 2410 2261 inquirens
2434 2230 2449 2253 ,
2497 2190 2575 2245 sic
2597 2191 2663 2244 ad
2693 2189 2859 2245 Deum
2891 2189 3032 2246 fatur
3063 2210 3076 2247 :
3113 2192 3311 2246 Nomm
3337 2194 3423 2262 [ac

1855 2283 2013 2348 mihi,
2052 2282 2302 2347 Domine,
2349 2282 2505 2351 ﬁnem
2559 2299 2769 2348 meum;
2811 2294 2859 2337 et
2909 2299 3182 2337 numerum
3220 2285 3423 2337 dierum

1856 2389 2085 2427 meorum
2114 2374 2229 2442 quis
2265 2384 2371 2435 est,
2400 2381 2458 2428 ut
2491 2375 2652 2427 sciam
2691 2375 2817 2441 quid
2852 2375 2985 2428 desit
3016 2376 3143 2429 mihi
3164 2375 3233 2432 ".
3262 2371 3429 2430 Vides

1855 2465 1911 2519 in
1942 2466 2026 2520 bis
2053 2468 2227 2520 verbis
2254 2474 2508 2535 tanquam
2551 2468 2604 2520 in
2646 2468 2883 2536 imagine
2914 2468 3186 2536 precantis
3212 2481 3429 2536 expres-

1857 2571 1974 2610 sum
2013 2556 2251 2609 animum
2273 2565 2328 2610 et
2361 2554 2729 2623 affectionem,
2758 2567 2817 2610 ut
2847 2558 2917 2611 sit
2947 2558 3169 2613 timidus
3193 2598 3209 2624 ,
3248 2568 3307 2611 ut
3337 2557 3428 2611 fu-

1859 2655 2034 2701 turum
2060 2647 2372 2714 provideat,
2402 2657 2463 2701 ut
2489 2646 2753 2717 judicium
2797 2657 3096 2718 exspectet,
3127 2665 3191 2702 ac
3214 2648 3427 2704 curiose

1859 2735 2097 2805 iuquirat
2152 2736 2513 2804 praestitutum
2558 2735 2735 2800 diem,
2769 2751 2838 2790 ne
2892 2751 3014 2791 eum
3071 2738 3301 2792 abeundi
3354 2737 3430 2792 si-

1859 2839 2021 2895 gnum
2042 2864 2056 2888 ,
2095 2826 2415 2895 imparatum
2459 2824 2694 2880 offendat
2733 2835 2896 2896 atque
2923 2827 3233 2897 opprimat:
3264 2835 3429 2897 utque

1860 2918 2163 2988 recogitans
2214 2918 2522 2987 perspicere
2574 2928 2783 2988 quarat
2846 2919 2975 2987 quid
3025 2934 3122 2989 pro
3194 2918 3429 2972 incolatu

1861 3008 2030 3075 desit,
2083 3019 2144 3063 ut
2187 3010 2462 3079 diligentia
2493 3027 2557 3066 ac
2591 3011 2769 3066 studio
2807 3012 2950 3082 quod
2996 3021 3079 3064 est
3130 3007 3286 3064 cilicii
3332 3009 3433 3062 ima

1864 3100 2035 3169 pleat,
2086 3101 2397 3170 priusquam
2452 3102 2534 3167 is,
2571 3100 2662 3171 qui
2704 3110 2788 3155 est
2828 3100 3193 3162 abducturus,
3227 3098 3430 3158 veniat.

184 3167 312 3254 στου
359 3199 523 3272 ἡμῶν
554 3167 816 3268 reiecti);
859 3167 926 3252 ἀν
956 3196 1029 3250 τά
1080 3194 1202 3249 καθ’
1229 3167 1483 3249 ἕκαστον-
1511 3191 1760 3265 ἀλλήλοις

1868 3167 2004 3248 Vere
2046 3167 2280 3263 namque
2327 3167 2884 3265 nostrum'cujusqne
2923 3195 3100 3248 exitus
3155 3205 3433 3259 morsque,

183 3293 651 3363 ἀντεξετάσωμεν,
698 3289 753 3342 τί
779 3289 878 3360 μὲν
907 3288 1104 3359 πάσχει
1152 3288 1182 3341 6
1206 3284 1586 3357 ἀποθνήσκων,
1623 3283 1675 3338 τί
1704 3282 1762 3336 δὲ

187 3383 451 3456 ὑπομένει
479 3385 509 3438 ό
529 3383 628 3454 τῆς
642 3379 952 3453 οἰκονομίας
983 3377 1397 3449 ἐκϐαλλόμενος.

268 3645 502 3718 ὀμοίως
542 3643 656 3717 γάρ
693 3644 725 3697 6
758 3640 1025 3697 τελευτῶν
1060 3640 1241 3705 ἀλλοις
1294 3633 1766 3711 μεταπαραδίδωσι

194 3742 285 3813 τὴν
325 3739 615 3810 διοίκησιν,
646 3736 723 3801 ὡς
748 3738 777 3790 6
808 3734 1089 3806 οἰκονόμος
1125 3732 1226 3797 τὰς
1270 3732 1513 3795 κλεῖδαςο
1559 3731 1766 3793 ἐκεῖνος

194 3832 583 3903 ἐκϐαλλόμενος
614 3828 808 3901 ἀγροῦ·
841 3823 1015 3892 οὗτος,
1049 3825 1142 3880 τοῦ
1177 3825 1386 3895 κόσμου
1438 3822 1659 3886 παντὸς,
1690 3820 1766 3885 ὼς

192 3922 307 3986 ἐνὸς
350 3921 573 3992 χωρίου.
631 3913 955 3987 Περιπαθὼν
1003 3915 1278 3985 ἀναχωρεῖ
1326 3910 1607 3981 οἰκονόμος
1658 3907 1766 3962 τῶν

193 4013 335 4067 ἰδίων
368 4012 570 4073 πόνων,
605 4003 716 4063 οἷον
747 4006 1033 4078 ἀμπέλων,
1066 4008 1282 4077 κήπων,
1321 4003 1541 4058 οίκιῶψ
1592 4000 1645 4055 τί
1673 3995 1767 4054 οὖν

190 4106 337 4161 δοκεῖ
364 4121 453 4158 σοι
487 4104 581 4158 καὶ
614 4105 643 4157 ό
671 4099 940 4155 τελευτῶν
976 4098 1245 4170 πάσχειν;
1276 4097 1389 4151 Οὐκ
1420 4094 1669 4167 ὀδύρεται
1700 4092 1770 4147 τά

194 4197 482 4269 artium-sa;
520 4195 621 4249 οὐκ
650 4193 881 4248 ἐλεεινὸν
912 4189 1235 4264 περιϐλέπει
1261 4188 1362 4259 τὴν
1399 4186 1597 4250 οἰκίαν,
1630 4183 1770 4256 μετά

192 4290 462 4361 τοσαύτην
499 4286 874 4359 πῳσπάθειαν
901 4282 1282 4355 ἀπροαιρέτως
1314 4279 1484 4349 αὐτῆς
1510 4275 1769 4332 ἀποσπώ-

197 4396 392 4450 μενος,
421 4378 613 4451 πόρρω
656 4375 966 4449 θησαυρῶν,
1019 4361 1327 4444 ταμιείων;
1362 4371 1457 4425 καὶ
1498 4370 1626 4423 ὅταν
1663 4369 1771 4437 ἀφ-

1863 3286 2128 3342 ωοοηοιιιὶ
2163 3301 2228 3341 ac
2245 3286 2633 3355 dispensatoris
2665 3287 2900 3356 speciem
2940 3284 3176 3356 praefert,
3206 3298 3263 3338 ut
3291 3284 3438 3354 sigil-

1865 3377 2014 3433 latim
2055 3378 2457 3444 esamiuemus,
2494 3392 2561 3432 ac
2585 3392 2814 3447 quaeque
2853 3389 3239 3446 componamus
3264 3390 3282 3439 ;
3305 3373 3436 3443 quid

1876 3467 2116 3523 moriens
2137 3468 2373 3537 patiatur
2390 3505 2409 3532 ,
2439 3467 2637 3537 quidve
2659 3464 3082 3538 dispensationis
3104 3463 3436 3519 abdicandus

1864 3574 1916 3613 111
1923 3572 2108 3615 unere.

1934 3648 2165 3704 Perinde
2191 3649 2333 3703 enim
2361 3648 2409 3705 is
2451 3648 2542 3718 qui
2571 3640 2800 3704 moritur
2848 3648 2972 3704 aliis
3013 3646 3440 3704 administratios

1865 3752 1990 3792 nem
2014 3736 2199 3804 tradit,
2224 3747 2385 3807 atque
2408 3749 2725 3793 tecenomus
2748 3736 2962 3793 claves:
2992 3737 3081 3792 hic
3127 3750 3257 3807 agro
3282 3733 3436 3803 ejicio

1872 3838 2001 3895 tur;
2049 3828 2138 3883 ille
2165 3837 2279 3882 toto
2330 3828 2533 3882 mundo
2567 3836 2819 3898 tanquam
2861 3841 2969 3882 uno
3015 3829 3245 3896 quodam
3308 3840 3439 3897 agro

1881 3920 2075 3976 cedere
2100 3921 2329 3990 cogitur.
2360 3918 2703 3975 (Economus
2733 3920 2947 3975 labores
2975 3934 3123 3985 suos,
3172 3928 3321 3989 puta,
3352 3918 3438 3973 vi-

1869 4027 2019 4076 neas,
2047 4012 2254 4077 hortos,
2278 4013 2466 4068 domos
2488 4051 2506 4077 ,
2542 4021 2766 4067 Incestus
2809 4012 3113 4082 invitusque
3143 4010 3392 4080 relinquit
3421 4027 3438 4077 ;

1868 4102 2019 4158 illum
2050 4113 2227 4159 autem
2242 4104 2336 4173 qui
2362 4104 2471 4158 vita
2497 4102 2760 4174 fungitur,
2783 4103 3054 4172 quomodo
3076 4111 3232 4171 putas
3260 4099 3442 4156 allici?

1870 4193 2061 4252 Nonne
2110 4196 2481 4266 possessiones
2550 4194 2841 4265 deplorat?
2888 4193 3076 4249 Nonne
3147 4191 3442 4247 miserabili

1871 4295 2091 4357 aspectu
2135 4289 2352 4343 domum
2393 4288 2818 4357 circumquaque
2876 4287 3088 4349 lustrat,
3145 4299 3175 4338 a
3225 4296 3332 4353 qua
3361 4284 3442 4339 sic

1872 4379 2123 4432 adamata
2158 4378 2360 4434 invitus
2397 4377 2670 4445 avellitur,
2696 4388 2859 4446 atque
2889 4392 2919 4431 λ
2942 4372 3293 4447 suppellectili
3334 4375 3445 4429 tlte-

198 4472 381 4545 ίκηται
404 4470 544 4542 πρὸς
561 4470 653 4524 τὸν
679 4468 1030 4542 κληρωθέντα
1061 4466 1244 4529 τόπον,
1268 4462 1480 4517 ἀκούων
1498 4478 1511 4491 ·
1532 4459 1766 4527 Ἀπόδος

1876 4469 2162 4537 sant-isque
2216 4468 2404 4539 procul
2432 4468 2685 4537 ejicitur:
2716 4481 2780 4522 ac
2814 4468 2902 4522 ubi
2948 4481 3030 4521 ea:
3076 4465 3445 4537 personabunt

196 4561 302 4616 τὸν
326 4561 518 4631 λόγον
538 4558 652 4628 τῆς
675 4558 1015 4628 οἰκονομίας
1038 4571 1155 4611 σου
1172 4572 1190 4591 ο
1224 4552 1415 4618 δεῖξον,
1440 4551 1588 4614 ὅπως
1614 4550 1773 4622 ηκου-

200 4668 294 4717 σας
323 4649 437 4705 τῶν
478 4647 730 4714 ἐντολῶν,
768 4649 917 4712 ὅπως
945 4645 1189 4716 διετέθης
1218 4643 1353 4715 πρὸς
1380 4641 1508 4705 τοὺς
1547 4638 1774 4711 ὁμοδού-

198 4742 360 4807 λους,
412 4740 448 4813 ἢ
495 4739 747 4814 χρηστῶς
791 4738 886 4793 καὶ
928 4734 1355 4808 φιλανθρώπως,
1391 4733 1425 4804 ἢ
1468 4730 1775 4786 τούναντίον

199 4834 455 4907 ἀπαχθῶς
486 4835 580 4889 καὶ
616 4830 983 4904 τυραννικῶςὶ,
1018 4828 1217 4889 παίων,
1256 4824 1605 4888 κονδυλίζων,
1635 4823 1775 4876 ἀπο-

202 4927 407 5000 περῶν
445 4927 545 4998 τῆς
588 4921 955 4995 ὲλεημοσύνης
1005 4920 1350 4993 σιτηρέσιον;
1392 4918 1512 4973 Κᾶν
1542 4917 1648 4989 μὴν
1686 4917 1776 4970 δυ-

199 5020 335 5091 νηθῇ
365 5018 495 5072 ἵλεω
524 5016 863 5087 καταστῆσαι
894 5013 985 5068 τὸν
1014 5012 1305 5082 δεσπότην,
1355 5010 1558 5080 ἀγαθὸν
1589 5008 1774 5064 δοῦλον

202 5111 392 5167 ἑαυτὸν
423 5110 627 5176 δείξας,
658 5105 718 5163 εὖ
752 5109 821 5163 ἂν
846 5107 959 5179 ἔχοι
979 5123 993 5136 ·
1032 5108 1080 5159 εί
1111 5104 1167 5160 δὲ
1199 5102 1529 5167 τούναντίον,
1563 5103 1664 5156 οὐκ
1694 5100 1777 5155 ἔτι

205 5204 473 5276 μάστιγες
505 5203 596 5258 διά
645 5201 878 5274 ῥάϐδων,
926 5199 1047 5254 οὐδὲ
1094 5197 1278 5271 μύλων
1334 5196 1608 5260 σκοτεινὸς
1630 5234 1645 5261 ,
1683 5197 1776 5250 καὶ

205 5297 364 5352 πέδαι
391 5297 633 5369 σιδηραῖ*
672 5294 814 5349 ἀλλά
844 5293 955 5366 πῦρ
992 5292 1276 5356 ἄσϐεστον,
1304 5290 1398 5345 καὶ
1425 5288 1614 5353 σκότος
1641 5287 1789 5343 αἰῶ-ι

252 5430 300 5463 ⁸³
326 5429 466 5485 Psal.
490 5443 721 5491 ssxvm,
747 5426 800 5482 5.

274 5568 386 5639 (l8)
428 5565 666 5639 Largitio
691 5579 756 5618 se
782 5562 1091 5639 liberalitas.
1120 5560 1263 5639 Lego
1281 5574 1358 5639 ρο
1381 5557 1616 5638 corrigo,
1639 5557 1780 5639 quod

211 5627 428 5694 Du'cmus
474 5627 708 5693 libenter
762 5635 837 5687 ait
867 5634 1154 5694 lecturum,
1185 5627 1305 5683 ἀντὶ
1345 5627 1440 5681 τοῦ
1472 5631 1780 5697 προσλαμ-

211 5708 387 5775 ϐάνει,
410 5709 473 5763 τὸ
497 5703 926 5777 προλαμϐάνει.
953 5702 1135 5777 Palam
1164 5702 1306 5755 enim
1336 5699 1568 5777 explicat
1589 5710 1780 5777 auctor

212 5781 346 5852 quod
373 5768 430 5838 ie
464 5768 657 5837 multis
688 5768 930 5848 quatidie
965 5773 1240 5847 ingemas;
1289 5770 1381 5842 qui
1410 5769 1552 5827 ultro
1588 5768 1776 5839 etiam,

1801 4519 1848 4578 D

1873 4575 2056 4626 voces,
2087 4576 2210 4616 cum
2237 4561 2544 4631 pervenerit
2571 4559 2638 4614 ad
2666 4560 2990 4615 destinatum
3024 4556 3201 4612 locum
3221 4595 3238 4621 ,
3264 4554 3442 4609 Redde

1871 4655 2130 4708 rationem
2154 4663 2259 4709 tum
2283 4652 2726 4722 dispensationis;
2764 4650 2989 4708 ostende
3015 4648 3286 4719 quomodo
3307 4661 3444 4717 pm-

1869 4744 2041 4814 ceptis
2063 4744 2544 4814 obtemperaveris,
2587 4753 2646 4797 ut
2671 4742 2924 4797 habueris
2968 4754 3096 4810 erga
3123 4751 3438 4800 conservos,

1869 4852 1996 4891 num
2019 4834 2155 4892 lenis
2178 4836 2547 4907 benignusque
2577 4850 2643 4889 ac
2667 4834 2930 4897 clemens,
2955 4845 3023 4886 an
3052 4839 3241 4887 contra
3270 4842 3446 4884 saevus

1872 4938 1926 4983 et
1946 4929 2292 4995 inhumanus,
2318 4929 2480 4998 inque
2510 4942 2713 4983 morem
2740 4924 2973 4998 tyranni,
3006 4922 3198 4994 pugnis
3228 4934 3294 4975 ac
3318 4933 3445 4974 ver-

1874 5019 2092 5076 beribus
2124 5020 2177 5074 in
2225 5034 2323 5076 eos
2372 5021 2623 5085 saeviens,
2676 5032 2741 5073 ac
2781 5017 3138 5087 eleemosynze
3189 5013 3448 5068 demenso

1870 5109 2168 5167 fraudans?
2194 5115 2271 5167 Ac
2302 5112 2519 5183 quidem
2549 5121 2608 5165 ut
2638 5111 2927 5165 Dominum
2955 5106 3240 5178 propitium
3259 5109 3449 5173 potue-

1875 5203 1945 5258 rit
1969 5206 2214 5271 reddere,
2248 5219 2313 5260 ac
2337 5204 2535 5260 bonum
2571 5218 2631 5259 se
2667 5214 2888 5259 servum
2942 5200 3192 5270 probare,
3224 5196 3364 5250 bene
3392 5191 3446 5246 id

1875 5294 2160 5363 habuerit;
2195 5297 2278 5352 sin
2306 5299 2508 5361 minus,
2540 5308 2646 5350 non
2695 5294 2806 5349 illic
2859 5293 2907 5347 ei
2939 5296 3137 5360 parata:
3172 5286 3336 5354 virgae
3382 5298 3448 5336 ac

1895 5573 1957 5614 ac
1990 5558 2122 5613 nihil
2174 5559 2342 5629 rogati
2392 5560 2445 5612 in
2483 5556 2817 5619 meretrices,
2847 5552 3024 5629 ludos,
3047 5547 3257 5629 aliaque
3281 5545 3329 5597 id
3348 5560 3446 5615 ge-

1887 5646 1991 5685 nus
2039 5619 2640 5701 pecunia'sellundant,
2692 5640 2813 5679 cum
2863 5619 3189 5701 vixdobolu‘m
3229 5619 3282 5671 in
3313 5632 3447 5687 pau-

1883 5696 2053 5773 peres
2073 5715 2139 5757 ac
2160 5701 2249 5773 pia
2272 5699 2375 5755 alia
2405 5711 2568 5770 opera
2593 5709 2819 5767 erogare
2848 5696 3152 5747 sustineant
