  <div class='ocr_page' id='page_1' title='image "/cluster/home/n/w/nwhite01/storage/ocr_20150623/40/hvd.32044073501850/103.png"; bbox 0 0 3856 6274; ppageno 0'>
   <div class='ocr_carea' id='block_1_1' title="bbox 385 286 483 342">
    <p class='ocr_par' dir='ltr' id='par_1_1' title="bbox 385 286 483 342">
     <span class='ocr_line' id='line_1_1' title="bbox 385 286 483 342; baseline -0.02 0"><span class='ocrx_word' id='word_1_1' title='bbox 385 286 483 342; x_wconf 72' lang='lat' dir='ltr'><strong>l9!</strong></span> 
     </span>
    </p>
   </div>
   <div class='ocr_carea' id='block_1_2' title="bbox 1656 279 2372 342">
    <p class='ocr_par' dir='ltr' id='par_1_2' title="bbox 1656 279 2372 342">
     <span class='ocr_line' id='line_1_2' title="bbox 1656 279 2372 342; baseline -0.007 -1"><span class='ocrx_word' id='word_1_2' title='bbox 1656 283 1714 342; x_wconf 92' lang='lat' dir='ltr'><strong>S.</strong></span> <span class='ocrx_word' id='word_1_3' title='bbox 1757 282 2029 340; x_wconf 81' lang='lat' dir='ltr'><strong>ASTERII</strong></span> <span class='ocrx_word' id='word_1_4' title='bbox 2069 279 2372 338; x_wconf 72' lang='lat' dir='ltr'><strong>AMASEN.’</strong></span> 
     </span>
    </p>
   </div>
   <div class='ocr_carea' id='block_1_3' title="bbox 2537 178 2572 208">
    <p class='ocr_par' dir='ltr' id='par_1_3' title="bbox 2537 178 2572 208">
     <span class='ocr_line' id='line_1_3' title="bbox 2537 178 2572 208; baseline 0 -2"><span class='ocrx_word' id='word_1_5' title='bbox 2537 178 2572 208; x_wconf 53' lang='grc' dir='ltr'>δ</span> 
     </span>
    </p>
   </div>
   <div class='ocr_carea' id='block_1_4' title="bbox 3526 276 3632 332">
    <p class='ocr_par' dir='ltr' id='par_1_4' title="bbox 3526 276 3632 332">
     <span class='ocr_line' id='line_1_4' title="bbox 3526 276 3632 332; baseline 0.009 -1"><span class='ocrx_word' id='word_1_6' title='bbox 3526 276 3632 332; x_wconf 69' lang='grc' dir='ltr'><strong>19ἳ</strong></span> 
     </span>
    </p>
   </div>
   <div class='ocr_carea' id='block_1_5' title="bbox 386 393 1956 469">
    <p class='ocr_par' dir='ltr' id='par_1_5' title="bbox 386 396 1956 469">
     <span class='ocr_line' id='line_1_5' title="bbox 386 396 1956 469; baseline -0.004 -13"><span class='ocrx_word' id='word_1_7' title='bbox 386 403 588 469; x_wconf 82' lang='lat' dir='ltr'><strong>ﬂagra;</strong></span> <span class='ocrx_word' id='word_1_8' title='bbox 626 415 735 456; x_wconf 88' lang='lat' dir='ltr'><strong>non</strong></span> <span class='ocrx_word' id='word_1_9' title='bbox 787 400 1075 455; x_wconf 90' lang='lat' dir='ltr'><strong>obscurum</strong></span> <span class='ocrx_word' id='word_1_10' title='bbox 1134 396 1464 465; x_wconf 77' lang='lat' dir='ltr'><strong>pistrinum;</strong></span> <span class='ocrx_word' id='word_1_11' title='bbox 1513 411 1621 452; x_wconf 90' lang='lat' dir='ltr'><strong>non</strong></span> <span class='ocrx_word' id='word_1_12' title='bbox 1675 398 1956 466; x_wconf 84' lang='lat' dir='ltr'><strong>compedes</strong></span> 
     </span>
    </p>
   </div>
   <div class='ocr_carea' id='block_1_6' title="bbox 2061 393 3636 469">
    <p class='ocr_par' dir='ltr' id='par_1_6' title="bbox 2061 393 3636 467">
     <span class='ocr_line' id='line_1_6' title="bbox 2061 393 3636 467; baseline -0.001 -19"><span class='ocrx_word' id='word_1_13' title='bbox 2061 412 2193 459; x_wconf 86' lang='grc' dir='ltr'>νιον,</span> <span class='ocrx_word' id='word_1_14' title='bbox 2225 394 2419 448; x_wconf 71' lang='grc' dir='ltr'>οὔποτε</span> <span class='ocrx_word' id='word_1_15' title='bbox 2461 413 2600 465; x_wconf 87' lang='grc' dir='ltr'>φωτι</span> <span class='ocrx_word' id='word_1_16' title='bbox 2633 413 3126 467; x_wconf 68' lang='grc' dir='ltr'>καταυγαςομενον,</span> <span class='ocrx_word' id='word_1_17' title='bbox 3175 394 3267 449; x_wconf 71' lang='grc' dir='ltr'>καὶ</span> <span class='ocrx_word' id='word_1_18' title='bbox 3311 395 3339 449; x_wconf 94' lang='lat'><strong>6</strong></span> <span class='ocrx_word' id='word_1_19' title='bbox 3388 393 3636 466; x_wconf 73' lang='grc' dir='ltr'>βρυγμὸς</span> 
     </span>
    </p>
   </div>
   <div class='ocr_carea' id='block_1_7' title="bbox 387 488 1952 562">
    <p class='ocr_par' dir='ltr' id='par_1_7' title="bbox 387 488 1952 562">
     <span class='ocr_line' id='line_1_7' title="bbox 387 488 1952 562; baseline -0.003 -16"><span class='ocrx_word' id='word_1_20' title='bbox 387 494 616 557; x_wconf 75' lang='lat' dir='ltr'><strong>ferreae;</strong></span> <span class='ocrx_word' id='word_1_21' title='bbox 655 494 746 547; x_wconf 89' lang='lat' dir='ltr'><strong>sed</strong></span> <span class='ocrx_word' id='word_1_22' title='bbox 773 492 908 562; x_wconf 83' lang='lat' dir='ltr'><strong>ignis</strong></span> <span class='ocrx_word' id='word_1_23' title='bbox 937 489 1409 558; x_wconf 77' lang='lat' dir='ltr'><strong>inexstingnibilis,</strong></span> <span class='ocrx_word' id='word_1_24' title='bbox 1441 488 1531 544; x_wconf 88' lang='lat' dir='ltr'><strong>sed</strong></span> <span class='ocrx_word' id='word_1_25' title='bbox 1569 489 1798 544; x_wconf 65' lang='lat' dir='ltr'><strong>tenebras</strong></span> <span class='ocrx_word' id='word_1_26' title='bbox 1827 503 1952 557; x_wconf 90' lang='lat' dir='ltr'><strong>per-</strong></span> 
     </span>
    </p>
   </div>
   <div class='ocr_carea' id='block_1_8' title="bbox 387 580 1952 654">
    <p class='ocr_par' dir='ltr' id='par_1_8' title="bbox 387 580 1952 654">
     <span class='ocr_line' id='line_1_8' title="bbox 387 580 1952 654; baseline -0.003 -16"><span class='ocrx_word' id='word_1_27' title='bbox 387 594 583 654; x_wconf 65' lang='lat' dir='ltr'><strong>petuae.</strong></span> <span class='ocrx_word' id='word_1_28' title='bbox 617 585 863 652; x_wconf 88' lang='lat' dir='ltr'><strong>nullaque</strong></span> <span class='ocrx_word' id='word_1_29' title='bbox 887 583 1020 638; x_wconf 89' lang='lat' dir='ltr'><strong>lucis</strong></span> <span class='ocrx_word' id='word_1_30' title='bbox 1072 581 1472 649; x_wconf 81' lang='lat' dir='ltr'><strong>intercapedine</strong></span> <span class='ocrx_word' id='word_1_31' title='bbox 1507 581 1805 644; x_wconf 65' lang='lat' dir='ltr'><strong>distinctae;</strong></span> <span class='ocrx_word' id='word_1_32' title='bbox 1859 580 1952 636; x_wconf 92' lang='lat' dir='ltr'><strong>sed</strong></span> 
     </span>
    </p>
   </div>
   <div class='ocr_carea' id='block_1_9' title="bbox 385 670 1951 741">
    <p class='ocr_par' dir='ltr' id='par_1_9' title="bbox 385 670 1951 741">
     <span class='ocr_line' id='line_1_9' title="bbox 385 670 1951 741; baseline -0.003 -12"><span class='ocrx_word' id='word_1_33' title='bbox 385 676 588 729; x_wconf 86' lang='lat' dir='ltr'><strong>stridor</strong></span> <span class='ocrx_word' id='word_1_34' title='bbox 610 675 868 738; x_wconf 89' lang='lat' dir='ltr'><strong>dentium,</strong></span> <span class='ocrx_word' id='word_1_35' title='bbox 901 673 1065 740; x_wconf 85' lang='lat' dir='ltr'><strong>ipsius</strong></span> <span class='ocrx_word' id='word_1_36' title='bbox 1095 673 1247 725; x_wconf 89' lang='lat' dir='ltr'><strong>nobis</strong></span> <span class='ocrx_word' id='word_1_37' title='bbox 1299 670 1569 741; x_wconf 81' lang='lat' dir='ltr'><strong>Evangelii</strong></span> <span class='ocrx_word' id='word_1_38' title='bbox 1621 671 1798 739; x_wconf 85' lang='lat' dir='ltr'><strong>palam</strong></span> <span class='ocrx_word' id='word_1_39' title='bbox 1824 671 1951 725; x_wconf 86' lang='lat' dir='ltr'><strong>olim</strong></span> 
     </span>
    </p>
   </div>
   <div class='ocr_carea' id='block_1_10' title="bbox 387 760 1953 834">
    <p class='ocr_par' dir='ltr' id='par_1_10' title="bbox 387 760 1953 834">
     <span class='ocr_line' id='line_1_10' title="bbox 387 760 1953 834; baseline -0.002 -17"><span class='ocrx_word' id='word_1_40' title='bbox 387 765 694 834; x_wconf 86' lang='lat' dir='ltr'><strong>designatus</strong></span> <span class='ocrx_word' id='word_1_41' title='bbox 729 763 1031 817; x_wconf 89' lang='lat' dir='ltr'><strong>testimonio</strong></span> <span class='ocrx_word' id='word_1_42' title='bbox 1053 763 1122 816; x_wconf 77' lang='lat'><strong>“.</strong></span> <span class='ocrx_word' id='word_1_43' title='bbox 1163 761 1314 827; x_wconf 86' lang='lat' dir='ltr'><strong>Quod</strong></span> <span class='ocrx_word' id='word_1_44' title='bbox 1345 761 1387 814; x_wconf 89' lang='lat' dir='ltr'><strong>si</strong></span> <span class='ocrx_word' id='word_1_45' title='bbox 1427 776 1695 829; x_wconf 88' lang='lat' dir='ltr'><strong>nunquam</strong></span> <span class='ocrx_word' id='word_1_46' title='bbox 1725 760 1953 815; x_wconf 83' lang='lat' dir='ltr'><strong>terrenis</strong></span> 
     </span>
    </p>
   </div>
   <div class='ocr_carea' id='block_1_11' title="bbox 390 851 1948 921">
    <p class='ocr_par' dir='ltr' id='par_1_11' title="bbox 390 851 1948 921">
     <span class='ocr_line' id='line_1_11' title="bbox 390 851 1948 921; baseline -0.004 -12"><span class='ocrx_word' id='word_1_47' title='bbox 390 857 540 910; x_wconf 89' lang='lat' dir='ltr'><strong>hisce</strong></span> <span class='ocrx_word' id='word_1_48' title='bbox 598 855 752 908; x_wconf 78' lang='lat' dir='ltr'><strong>boois</strong></span> <span class='ocrx_word' id='word_1_49' title='bbox 803 864 1055 921; x_wconf 91' lang='lat' dir='ltr'><strong>tanquam</strong></span> <span class='ocrx_word' id='word_1_50' title='bbox 1119 851 1308 905; x_wconf 87' lang='lat' dir='ltr'><strong>alienis</strong></span> <span class='ocrx_word' id='word_1_51' title='bbox 1364 865 1585 915; x_wconf 80' lang='lat' dir='ltr'><strong>exuere,</strong></span> <span class='ocrx_word' id='word_1_52' title='bbox 1645 865 1742 918; x_wconf 78' lang='lat' dir='ltr'><strong>age</strong></span> <span class='ocrx_word' id='word_1_53' title='bbox 1800 865 1948 916; x_wconf 84' lang='lat' dir='ltr'><strong>sane,</strong></span> 
     </span>
    </p>
   </div>
   <div class='ocr_carea' id='block_1_12' title="bbox 386 941 1947 1012">
    <p class='ocr_par' dir='ltr' id='par_1_12' title="bbox 386 941 1947 1012">
     <span class='ocr_line' id='line_1_12' title="bbox 386 941 1947 1012; baseline -0.005 -12"><span class='ocrx_word' id='word_1_54' title='bbox 386 946 568 1000; x_wconf 77' lang='lat' dir='ltr'><strong>fruere</strong></span> <span class='ocrx_word' id='word_1_55' title='bbox 602 947 818 1007; x_wconf 89' lang='lat' dir='ltr'><strong>mundo,</strong></span> <span class='ocrx_word' id='word_1_56' title='bbox 878 953 1094 1012; x_wconf 87' lang='lat' dir='ltr'><strong>totaque</strong></span> <span class='ocrx_word' id='word_1_57' title='bbox 1134 941 1381 996; x_wconf 89' lang='lat' dir='ltr'><strong>libertate</strong></span> <span class='ocrx_word' id='word_1_58' title='bbox 1411 956 1664 996; x_wconf 93' lang='lat' dir='ltr'><strong>sensuum</strong></span> <span class='ocrx_word' id='word_1_59' title='bbox 1708 941 1947 994; x_wconf 92' lang='lat' dir='ltr'><strong>omnium</strong></span> 
     </span>
    </p>
   </div>
   <div class='ocr_carea' id='block_1_13' title="bbox 388 1033 1957 1102">
    <p class='ocr_par' dir='ltr' id='par_1_13' title="bbox 388 1033 1957 1102">
     <span class='ocr_line' id='line_1_13' title="bbox 388 1033 1957 1102; baseline -0.003 -13"><span class='ocrx_word' id='word_1_60' title='bbox 388 1034 714 1089; x_wconf 87' lang='lat' dir='ltr'><strong>adminiculo</strong></span> <span class='ocrx_word' id='word_1_61' title='bbox 742 1033 999 1102; x_wconf 89' lang='lat' dir='ltr'><strong>voluptati</strong></span> <span class='ocrx_word' id='word_1_62' title='bbox 1031 1033 1280 1102; x_wconf 80' lang='lat' dir='ltr'><strong>indulge;</strong></span> <span class='ocrx_word' id='word_1_63' title='bbox 1316 1034 1398 1087; x_wconf 88' lang='lat' dir='ltr'><strong>sin</strong></span> <span class='ocrx_word' id='word_1_64' title='bbox 1441 1045 1620 1088; x_wconf 89' lang='lat' dir='ltr'><strong>autem</strong></span> <span class='ocrx_word' id='word_1_65' title='bbox 1678 1033 1794 1086; x_wconf 67' lang='lat' dir='ltr'><strong>haec</strong></span> <span class='ocrx_word' id='word_1_66' title='bbox 1831 1043 1957 1086; x_wconf 90' lang='lat' dir='ltr'><strong>sunt</strong></span> 
     </span>
    </p>
   </div>
   <div class='ocr_carea' id='block_1_14' title="bbox 386 1123 1956 1194">
    <p class='ocr_par' dir='ltr' id='par_1_14' title="bbox 386 1123 1956 1194">
     <span class='ocr_line' id='line_1_14' title="bbox 386 1123 1956 1194; baseline -0.002 -15"><span class='ocrx_word' id='word_1_67' title='bbox 386 1127 832 1191; x_wconf 78' lang='lat' dir='ltr'><strong>consummanda,</strong></span> <span class='ocrx_word' id='word_1_68' title='bbox 860 1141 958 1180; x_wconf 90' lang='lat' dir='ltr'><strong>nec</strong></span> <span class='ocrx_word' id='word_1_69' title='bbox 991 1125 1090 1179; x_wconf 89' lang='lat' dir='ltr'><strong>nisi</strong></span> <span class='ocrx_word' id='word_1_70' title='bbox 1117 1138 1285 1194; x_wconf 78' lang='lat' dir='ltr'><strong>pauco</strong></span> <span class='ocrx_word' id='word_1_71' title='bbox 1316 1133 1557 1192; x_wconf 89' lang='lat' dir='ltr'><strong>tempore</strong></span> <span class='ocrx_word' id='word_1_72' title='bbox 1582 1139 1767 1179; x_wconf 90' lang='lat' dir='ltr'><strong>eorum</strong></span> <span class='ocrx_word' id='word_1_73' title='bbox 1801 1123 1956 1179; x_wconf 89' lang='lat' dir='ltr'><strong>nobis</strong></span> 
     </span>
    </p>
   </div>
   <div class='ocr_carea' id='block_1_15' title="bbox 385 1216 1956 1287">
    <p class='ocr_par' dir='ltr' id='par_1_15' title="bbox 385 1216 1956 1287">
     <span class='ocr_line' id='line_1_15' title="bbox 385 1216 1956 1287; baseline -0.001 -14"><span class='ocrx_word' id='word_1_74' title='bbox 385 1220 652 1273; x_wconf 83' lang='lat' dir='ltr'><strong>constabit</strong></span> <span class='ocrx_word' id='word_1_75' title='bbox 688 1219 870 1272; x_wconf 80' lang='lat' dir='ltr'><strong>lruitio</strong></span> <span class='ocrx_word' id='word_1_76' title='bbox 904 1232 920 1271; x_wconf 88' lang='lat'><strong>:</strong></span> <span class='ocrx_word' id='word_1_77' title='bbox 967 1219 1255 1272; x_wconf 86' lang='lat' dir='ltr'><strong>timeamus</strong></span> <span class='ocrx_word' id='word_1_78' title='bbox 1279 1257 1294 1282; x_wconf 93' lang='lat'><strong>,</strong></span> <span class='ocrx_word' id='word_1_79' title='bbox 1347 1217 1548 1272; x_wconf 82' lang='lat' dir='ltr'><strong>fratres</strong></span> <span class='ocrx_word' id='word_1_80' title='bbox 1570 1258 1585 1283; x_wconf 97' lang='lat'><strong>,</strong></span> <span class='ocrx_word' id='word_1_81' title='bbox 1620 1216 1956 1287; x_wconf 77' lang='lat' dir='ltr'><strong>migrationil</strong></span> 
     </span>
    </p>
   </div>
   <div class='ocr_carea' id='block_1_16' title="bbox 385 1306 1956 1377">
    <p class='ocr_par' dir='ltr' id='par_1_16' title="bbox 385 1306 1956 1377">
     <span class='ocr_line' id='line_1_16' title="bbox 385 1306 1956 1377; baseline -0.003 -14"><span class='ocrx_word' id='word_1_82' title='bbox 385 1310 532 1363; x_wconf 89' lang='lat' dir='ltr'><strong>illum</strong></span> <span class='ocrx_word' id='word_1_83' title='bbox 562 1309 726 1370; x_wconf 89' lang='lat' dir='ltr'><strong>diem,</strong></span> <span class='ocrx_word' id='word_1_84' title='bbox 759 1322 933 1376; x_wconf 83' lang='lat' dir='ltr'><strong>exque</strong></span> <span class='ocrx_word' id='word_1_85' title='bbox 955 1306 1163 1360; x_wconf 91' lang='lat' dir='ltr'><strong>Domini</strong></span> <span class='ocrx_word' id='word_1_86' title='bbox 1193 1309 1528 1377; x_wconf 64' lang='lat' dir='ltr'><strong>praescripto,</strong></span> <span class='ocrx_word' id='word_1_87' title='bbox 1563 1306 1828 1361; x_wconf 89' lang='lat' dir='ltr'><strong>incolatus</strong></span> <span class='ocrx_word' id='word_1_88' title='bbox 1859 1319 1956 1359; x_wconf 86' lang='lat' dir='ltr'><strong>no-</strong></span> 
     </span>
    </p>
   </div>
   <div class='ocr_carea' id='block_1_17' title="bbox 384 1396 1954 1470">
    <p class='ocr_par' dir='ltr' id='par_1_17' title="bbox 384 1396 1954 1470">
     <span class='ocr_line' id='line_1_17' title="bbox 384 1396 1954 1470; baseline -0.003 -16"><span class='ocrx_word' id='word_1_89' title='bbox 384 1402 484 1454; x_wconf 80' lang='lat' dir='ltr'><strong>stri</strong></span> <span class='ocrx_word' id='word_1_90' title='bbox 513 1410 751 1470; x_wconf 89' lang='lat' dir='ltr'><strong>tempore</strong></span> <span class='ocrx_word' id='word_1_91' title='bbox 779 1401 1040 1453; x_wconf 87' lang='lat' dir='ltr'><strong>vivamus.</strong></span> <span class='ocrx_word' id='word_1_92' title='bbox 1068 1396 1145 1451; x_wconf 84' lang='lat' dir='ltr'><strong>Ne</strong></span> <span class='ocrx_word' id='word_1_93' title='bbox 1166 1413 1263 1468; x_wconf 92' lang='lat' dir='ltr'><strong>pro</strong></span> <span class='ocrx_word' id='word_1_94' title='bbox 1292 1414 1400 1454; x_wconf 71' lang='lat' dir='ltr'><strong>tere</strong></span> <span class='ocrx_word' id='word_1_95' title='bbox 1424 1399 1599 1454; x_wconf 90' lang='lat' dir='ltr'><strong>alieno</strong></span> <span class='ocrx_word' id='word_1_96' title='bbox 1621 1398 1785 1452; x_wconf 88' lang='lat' dir='ltr'><strong>vincti</strong></span> <span class='ocrx_word' id='word_1_97' title='bbox 1809 1397 1954 1451; x_wconf 90' lang='lat' dir='ltr'><strong>abri-</strong></span> 
     </span>
    </p>
   </div>
   <div class='ocr_carea' id='block_1_18' title="bbox 2059 486 3638 560">
    <p class='ocr_par' dir='ltr' id='par_1_18' title="bbox 2059 486 3638 560">
     <span class='ocr_line' id='line_1_18' title="bbox 2059 486 3638 560; baseline -0.002 -19"><span class='ocrx_word' id='word_1_98' title='bbox 2059 487 2168 541; x_wconf 87' lang='grc' dir='ltr'>τῶν</span> <span class='ocrx_word' id='word_1_99' title='bbox 2199 487 2444 550; x_wconf 83' lang='grc' dir='ltr'><strong>ὀδόντων,</strong></span> <span class='ocrx_word' id='word_1_100' title='bbox 2471 487 2530 542; x_wconf 86' lang='grc' dir='ltr'>ὃν</span> <span class='ocrx_word' id='word_1_101' title='bbox 2561 490 2748 558; x_wconf 81' lang='grc' dir='ltr'>σαφῶς</span> <span class='ocrx_word' id='word_1_102' title='bbox 2775 492 2907 560; x_wconf 78' lang='grc' dir='ltr'>ἡμῖν</span> <span class='ocrx_word' id='word_1_103' title='bbox 2951 489 3012 542; x_wconf 85' lang='grc' dir='ltr'>τὸ</span> <span class='ocrx_word' id='word_1_104' title='bbox 3047 487 3376 556; x_wconf 78' lang='grc' dir='ltr'>Εὐαγγέλιον</span> <span class='ocrx_word' id='word_1_105' title='bbox 3400 486 3638 558; x_wconf 81' lang='grc' dir='ltr'>προεδή-</span> 
     </span>
    </p>
   </div>
   <div class='ocr_carea' id='block_1_19' title="bbox 2059 572 3638 646">
    <p class='ocr_par' dir='ltr' id='par_1_19' title="bbox 2059 572 3638 646">
     <span class='ocr_line' id='line_1_19' title="bbox 2059 572 3638 646; baseline 0 -18"><span class='ocrx_word' id='word_1_106' title='bbox 2059 576 2250 632; x_wconf 85' lang='grc' dir='ltr'>λωσεν.</span> <span class='ocrx_word' id='word_1_107' title='bbox 2291 577 2354 629; x_wconf 89' lang='grc' dir='ltr'>Εί</span> <span class='ocrx_word' id='word_1_108' title='bbox 2398 576 2496 646; x_wconf 84' lang='grc' dir='ltr'><strong>μὲν</strong></span> <span class='ocrx_word' id='word_1_109' title='bbox 2526 572 2618 631; x_wconf 78' lang='grc' dir='ltr'><strong>οὖν</strong></span> <span class='ocrx_word' id='word_1_110' title='bbox 2656 578 2910 631; x_wconf 80' lang='grc' dir='ltr'>οὐδέποτε</span> <span class='ocrx_word' id='word_1_111' title='bbox 2942 576 3049 630; x_wconf 84' lang='grc' dir='ltr'><strong>τῶν</strong></span> <span class='ocrx_word' id='word_1_112' title='bbox 3087 576 3334 642; x_wconf 75' lang='grc' dir='ltr'>ἐνταῦθα,</span> <span class='ocrx_word' id='word_1_113' title='bbox 3368 575 3443 640; x_wconf 84' lang='grc' dir='ltr'>ὡς</span> <span class='ocrx_word' id='word_1_114' title='bbox 3471 576 3638 629; x_wconf 84' lang='grc' dir='ltr'>ἀλλο-</span> 
     </span>
    </p>
   </div>
   <div class='ocr_carea' id='block_1_20' title="bbox 2058 663 3635 739">
    <p class='ocr_par' dir='ltr' id='par_1_20' title="bbox 2058 663 3635 739">
     <span class='ocr_line' id='line_1_20' title="bbox 2058 663 3635 739; baseline 0 -21"><span class='ocrx_word' id='word_1_115' title='bbox 2058 666 2242 737; x_wconf 87' lang='grc' dir='ltr'>τρίων,</span> <span class='ocrx_word' id='word_1_116' title='bbox 2273 665 2528 739; x_wconf 76' lang='grc' dir='ltr'>ἐκϐάλλῃ,</span> <span class='ocrx_word' id='word_1_117' title='bbox 2559 668 2976 739; x_wconf 86' lang='grc' dir='ltr'>κατατρύφησον</span> <span class='ocrx_word' id='word_1_118' title='bbox 2999 665 3093 720; x_wconf 82' lang='grc' dir='ltr'>τοῦ</span> <span class='ocrx_word' id='word_1_119' title='bbox 3120 666 3345 736; x_wconf 83' lang='grc' dir='ltr'><strong>κόσμου,</strong></span> <span class='ocrx_word' id='word_1_120' title='bbox 3372 665 3467 719; x_wconf 72' lang='grc' dir='ltr'>καὶ</span> <span class='ocrx_word' id='word_1_121' title='bbox 3489 663 3635 736; x_wconf 82' lang='grc' dir='ltr'><strong>μετά</strong></span> 
     </span>
    </p>
   </div>
   <div class='ocr_carea' id='block_1_21' title="bbox 2059 755 3635 830">
    <p class='ocr_par' dir='ltr' id='par_1_21' title="bbox 2059 755 3635 830">
     <span class='ocr_line' id='line_1_21' title="bbox 2059 755 3635 830; baseline -0.001 -20"><span class='ocrx_word' id='word_1_122' title='bbox 2059 758 2238 828; x_wconf 84' lang='grc' dir='ltr'>πάσης</span> <span class='ocrx_word' id='word_1_123' title='bbox 2266 757 2569 829; x_wconf 88' lang='grc' dir='ltr'>αἰσθήσεως</span> <span class='ocrx_word' id='word_1_124' title='bbox 2599 758 2874 815; x_wconf 86' lang='grc' dir='ltr'><strong>ἀκώλυτον</strong></span> <span class='ocrx_word' id='word_1_125' title='bbox 2911 759 3047 826; x_wconf 82' lang='grc' dir='ltr'>ἄφες</span> <span class='ocrx_word' id='word_1_126' title='bbox 3080 759 3180 830; x_wconf 76' lang='grc' dir='ltr'><strong>τὴν</strong></span> <span class='ocrx_word' id='word_1_127' title='bbox 3215 757 3430 828; x_wconf 82' lang='grc' dir='ltr'>ἡδονήν.</span> <span class='ocrx_word' id='word_1_128' title='bbox 3474 757 3537 809; x_wconf 88' lang='grc' dir='ltr'>Εἰ</span> <span class='ocrx_word' id='word_1_129' title='bbox 3572 755 3635 808; x_wconf 81' lang='grc' dir='ltr'>δὲ</span> 
     </span>
    </p>
   </div>
   <div class='ocr_carea' id='block_1_22' title="bbox 2061 847 3654 921">
    <p class='ocr_par' dir='ltr' id='par_1_22' title="bbox 2061 847 3654 921">
     <span class='ocr_line' id='line_1_22' title="bbox 2061 847 3654 921; baseline -0.001 -20"><span class='ocrx_word' id='word_1_130' title='bbox 2061 849 2534 920; x_wconf 84' lang='grc' dir='ltr'>συντελεσθήσεται</span> <span class='ocrx_word' id='word_1_131' title='bbox 2567 850 2761 916; x_wconf 78' lang='grc' dir='ltr'>ταῦτα,</span> <span class='ocrx_word' id='word_1_132' title='bbox 2812 850 2907 904; x_wconf 73' lang='grc' dir='ltr'>καὶ</span> <span class='ocrx_word' id='word_1_133' title='bbox 2961 853 3053 903; x_wconf 69' lang='grc' dir='ltr'>ἐπὶ</span> <span class='ocrx_word' id='word_1_134' title='bbox 3103 849 3310 921; x_wconf 82' lang='grc' dir='ltr'>μακρὸν</span> <span class='ocrx_word' id='word_1_135' title='bbox 3349 848 3395 880; x_wconf 80' lang='grc' dir='ltr'><strong>⁸ο</strong></span> <span class='ocrx_word' id='word_1_136' title='bbox 3448 847 3654 902; x_wconf 78' lang='grc' dir='ltr'>αὐτῶν</span> 
     </span>
    </p>
   </div>
   <div class='ocr_carea' id='block_1_23' title="bbox 2055 939 3636 1013">
    <p class='ocr_par' dir='ltr' id='par_1_23' title="bbox 2055 939 3636 1013">
     <span class='ocr_line' id='line_1_23' title="bbox 2055 939 3636 1013; baseline 0 -22"><span class='ocrx_word' id='word_1_137' title='bbox 2055 939 2450 1012; x_wconf 83' lang='grc' dir='ltr'><strong>ἀπολαύσομεν·</strong></span> <span class='ocrx_word' id='word_1_138' title='bbox 2483 942 2831 1013; x_wconf 87' lang='grc' dir='ltr'>φοϐηθῶμεν,</span> <span class='ocrx_word' id='word_1_139' title='bbox 2887 940 3126 1010; x_wconf 75' lang='grc' dir='ltr'>ἀδελφοὶ,</span> <span class='ocrx_word' id='word_1_140' title='bbox 3165 941 3264 1011; x_wconf 77' lang='grc' dir='ltr'>τὴν</span> <span class='ocrx_word' id='word_1_141' title='bbox 3300 939 3508 993; x_wconf 76' lang='grc' dir='ltr'>ἐνθένδε</span> <span class='ocrx_word' id='word_1_142' title='bbox 3535 956 3636 1010; x_wconf 89' lang='grc' dir='ltr'>με-</span> 
     </span>
    </p>
   </div>
   <div class='ocr_carea' id='block_1_24' title="bbox 2057 1031 3628 1106">
    <p class='ocr_par' dir='ltr' id='par_1_24' title="bbox 2057 1031 3628 1106">
     <span class='ocr_line' id='line_1_24' title="bbox 2057 1031 3628 1106; baseline -0.001 -22"><span class='ocrx_word' id='word_1_143' title='bbox 2057 1031 2338 1098; x_wconf 86' lang='grc' dir='ltr'>τάστασιν,</span> <span class='ocrx_word' id='word_1_144' title='bbox 2370 1033 2462 1087; x_wconf 73' lang='grc' dir='ltr'><strong>καὶ</strong></span> <span class='ocrx_word' id='word_1_145' title='bbox 2492 1033 2746 1106; x_wconf 81' lang='grc' dir='ltr'><strong>ζήσωμεν</strong></span> <span class='ocrx_word' id='word_1_146' title='bbox 2779 1033 2836 1086; x_wconf 80' lang='grc' dir='ltr'><strong>ὲν</strong></span> <span class='ocrx_word' id='word_1_147' title='bbox 2863 1031 2941 1103; x_wconf 79' lang='grc' dir='ltr'><strong>τῷ</strong></span> <span class='ocrx_word' id='word_1_148' title='bbox 2971 1031 3146 1103; x_wconf 80' lang='grc' dir='ltr'><strong>καιρῷ</strong></span> <span class='ocrx_word' id='word_1_149' title='bbox 3175 1032 3274 1102; x_wconf 83' lang='grc' dir='ltr'>τῆς</span> <span class='ocrx_word' id='word_1_150' title='bbox 3309 1031 3628 1102; x_wconf 74' lang='grc' dir='ltr'><strong>παροικίας,</strong></span> 
     </span>
    </p>
   </div>
   <div class='ocr_carea' id='block_1_25' title="bbox 2056 1121 3632 1196">
    <p class='ocr_par' dir='ltr' id='par_1_25' title="bbox 2056 1121 3632 1196">
     <span class='ocr_line' id='line_1_25' title="bbox 2056 1121 3632 1196; baseline 0.001 -22"><span class='ocrx_word' id='word_1_151' title='bbox 2056 1121 2132 1187; x_wconf 84' lang='grc' dir='ltr'>ὡς</span> <span class='ocrx_word' id='word_1_152' title='bbox 2168 1123 2196 1175; x_wconf 97' lang='lat'><strong>6</strong></span> <span class='ocrx_word' id='word_1_153' title='bbox 2229 1123 2432 1196; x_wconf 85' lang='grc' dir='ltr'>Κύριος</span> <span class='ocrx_word' id='word_1_154' title='bbox 2472 1125 2807 1180; x_wconf 79' lang='grc' dir='ltr'>ἐνετείλατο·</span> <span class='ocrx_word' id='word_1_155' title='bbox 2859 1125 2934 1196; x_wconf 85' lang='grc' dir='ltr'>μὴ</span> <span class='ocrx_word' id='word_1_156' title='bbox 2969 1123 3302 1195; x_wconf 84' lang='grc' dir='ltr'>ἁπαχθῶμεν</span> <span class='ocrx_word' id='word_1_157' title='bbox 3353 1123 3632 1194; x_wconf 78' lang='grc' dir='ltr'>δεσμῶται</span> 
     </span>
    </p>
   </div>
   <div class='ocr_carea' id='block_1_26' title="bbox 2061 1213 3634 1287">
    <p class='ocr_par' dir='ltr' id='par_1_26' title="bbox 2061 1213 3634 1287">
     <span class='ocr_line' id='line_1_26' title="bbox 2061 1213 3634 1287; baseline 0.002 -21"><span class='ocrx_word' id='word_1_158' title='bbox 2061 1213 2197 1285; x_wconf 76' lang='grc' dir='ltr'>μετὰ</span> <span class='ocrx_word' id='word_1_159' title='bbox 2229 1216 2425 1286; x_wconf 86' lang='grc' dir='ltr'>χρεῶν,</span> <span class='ocrx_word' id='word_1_160' title='bbox 2462 1218 2574 1270; x_wconf 89' lang='grc' dir='ltr'>ἀλλ’</span> <span class='ocrx_word' id='word_1_161' title='bbox 2605 1216 2910 1287; x_wconf 58' lang='grc' dir='ltr'>όδεύσωμὼ</span> <span class='ocrx_word' id='word_1_162' title='bbox 2950 1216 3254 1287; x_wconf 77' lang='grc' dir='ltr'>ἐλεύθεροι,</span> <span class='ocrx_word' id='word_1_163' title='bbox 3295 1217 3390 1269; x_wconf 72' lang='grc' dir='ltr'>καὶ</span> <span class='ocrx_word' id='word_1_164' title='bbox 3423 1217 3634 1286; x_wconf 65' lang='grc' dir='ltr'>εὐπαρ-</span> 
     </span>
    </p>
   </div>
   <div class='ocr_carea' id='block_1_27' title="bbox 2059 1307 3634 1379">
    <p class='ocr_par' dir='ltr' id='par_1_27' title="bbox 2059 1307 3634 1379">
     <span class='ocr_line' id='line_1_27' title="bbox 2059 1307 3634 1379; baseline 0.003 -22"><span class='ocrx_word' id='word_1_165' title='bbox 2059 1307 2348 1378; x_wconf 80' lang='grc' dir='ltr'>ρησίαστον</span> <span class='ocrx_word' id='word_1_166' title='bbox 2382 1310 2440 1363; x_wconf 84' lang='grc' dir='ltr'><strong>τὸ</strong></span> <span class='ocrx_word' id='word_1_167' title='bbox 2463 1309 2701 1372; x_wconf 84' lang='grc' dir='ltr'>συνειδὸς</span> <span class='ocrx_word' id='word_1_168' title='bbox 2729 1309 3080 1379; x_wconf 77' lang='grc' dir='ltr'>ἐπαγόμενοι,</span> <span class='ocrx_word' id='word_1_169' title='bbox 3109 1309 3503 1363; x_wconf 76' lang='grc' dir='ltr'>ἀκατάγνωστα</span> <span class='ocrx_word' id='word_1_170' title='bbox 3531 1307 3634 1377; x_wconf 80' lang='grc' dir='ltr'>φέ-</span> 
     </span>
    </p>
   </div>
   <div class='ocr_carea' id='block_1_28' title="bbox 2059 1399 3272 1472">
    <p class='ocr_par' dir='ltr' id='par_1_28' title="bbox 2059 1399 3272 1472">
     <span class='ocr_line' id='line_1_28' title="bbox 2059 1399 3272 1472; baseline 0.006 -23"><span class='ocrx_word' id='word_1_171' title='bbox 2059 1414 2243 1467; x_wconf 83' lang='grc' dir='ltr'>ροντες</span> <span class='ocrx_word' id='word_1_172' title='bbox 2276 1399 2344 1453; x_wconf 81' lang='grc' dir='ltr'>τὰ</span> <span class='ocrx_word' id='word_1_173' title='bbox 2367 1401 2465 1472; x_wconf 81' lang='grc' dir='ltr'>τῆς</span> <span class='ocrx_word' id='word_1_174' title='bbox 2497 1401 2592 1455; x_wconf 79' lang='grc' dir='ltr'>τοῦ</span> <span class='ocrx_word' id='word_1_175' title='bbox 2634 1401 2748 1472; x_wconf 86' lang='grc' dir='ltr'>βίου</span> <span class='ocrx_word' id='word_1_176' title='bbox 2773 1401 3048 1465; x_wconf 84' lang='grc' dir='ltr'>πολιτείας</span> <span class='ocrx_word' id='word_1_177' title='bbox 3074 1400 3272 1470; x_wconf 81' lang='grc' dir='ltr'>βιϐλία.</span> 
     </span>
    </p>
   </div>
   <div class='ocr_carea' id='block_1_29' title="bbox 384 1491 3633 1564">
    <p class='ocr_par' dir='ltr' id='par_1_29' title="bbox 384 1491 3633 1564">
     <span class='ocr_line' id='line_1_29' title="bbox 384 1491 3633 1564; baseline 0 -17"><span class='ocrx_word' id='word_1_178' title='bbox 384 1496 633 1563; x_wconf 87' lang='lat' dir='ltr'><strong>piamur;</strong></span> <span class='ocrx_word' id='word_1_179' title='bbox 670 1495 764 1548; x_wconf 89' lang='lat' dir='ltr'><strong>sed</strong></span> <span class='ocrx_word' id='word_1_180' title='bbox 825 1492 1002 1557; x_wconf 86' lang='lat' dir='ltr'><strong>liberi,</strong></span> <span class='ocrx_word' id='word_1_181' title='bbox 1072 1507 1369 1564; x_wconf 81' lang='lat' dir='ltr'><strong>securaque</strong></span> <span class='ocrx_word' id='word_1_182' title='bbox 1424 1493 1776 1559; x_wconf 85' lang='lat' dir='ltr'><strong>conscientia,</strong></span> <span class='ocrx_word' id='word_1_183' title='bbox 1846 1491 1970 1545; x_wconf 77' lang='lat' dir='ltr'><strong>vitae</strong></span> <span class='ocrx_word' id='word_1_184' title='bbox 2001 1491 2267 1546; x_wconf 83' lang='lat' dir='ltr'><strong>rationum</strong></span> <span class='ocrx_word' id='word_1_185' title='bbox 2302 1493 2513 1550; x_wconf 85' lang='lat' dir='ltr'><strong>libellos</strong></span> <span class='ocrx_word' id='word_1_186' title='bbox 2548 1495 2676 1549; x_wconf 91' lang='lat' dir='ltr'><strong>nulli</strong></span> <span class='ocrx_word' id='word_1_187' title='bbox 2714 1494 2975 1550; x_wconf 77' lang='lat' dir='ltr'><strong>obnoxios</strong></span> <span class='ocrx_word' id='word_1_188' title='bbox 3022 1492 3418 1564; x_wconf 84' lang='lat' dir='ltr'><strong>reprehensioni</strong></span> <span class='ocrx_word' id='word_1_189' title='bbox 3453 1492 3633 1548; x_wconf 79' lang='lat' dir='ltr'><strong>feren’</strong></span> 
     </span>
    </p>
   </div>
   <div class='ocr_carea' id='block_1_30' title="bbox 383 1586 1021 1648">
    <p class='ocr_par' dir='ltr' id='par_1_30' title="bbox 383 1586 1021 1648">
     <span class='ocr_line' id='line_1_30' title="bbox 383 1586 1021 1648; baseline 0 -9"><span class='ocrx_word' id='word_1_190' title='bbox 383 1594 483 1648; x_wconf 89' lang='lat' dir='ltr'><strong>tes,</strong></span> <span class='ocrx_word' id='word_1_191' title='bbox 526 1599 588 1638; x_wconf 93' lang='lat' dir='ltr'><strong>eo</strong></span> <span class='ocrx_word' id='word_1_192' title='bbox 617 1586 1021 1639; x_wconf 82' lang='lat' dir='ltr'><strong>contendamus.</strong></span> 
     </span>
    </p>
   </div>
   <div class='ocr_carea' id='block_1_31' title="bbox 454 1656 1956 1749">
    <p class='ocr_par' dir='ltr' id='par_1_31' title="bbox 454 1673 1950 1744">
     <span class='ocr_line' id='line_1_31' title="bbox 454 1673 1950 1744; baseline 0 -16"><span class='ocrx_word' id='word_1_193' title='bbox 454 1674 622 1728; x_wconf 81' lang='lat' dir='ltr'><strong>Malus</strong></span> <span class='ocrx_word' id='word_1_194' title='bbox 655 1673 752 1727; x_wconf 79' lang='lat' dir='ltr'><strong>fuit</strong></span> <span class='ocrx_word' id='word_1_195' title='bbox 779 1674 936 1744; x_wconf 87' lang='lat' dir='ltr'><strong>hujus</strong></span> <span class='ocrx_word' id='word_1_196' title='bbox 967 1675 1090 1730; x_wconf 75' lang='lat' dir='ltr'><strong>vita:</strong></span> <span class='ocrx_word' id='word_1_197' title='bbox 1128 1690 1442 1732; x_wconf 71' lang='lat' dir='ltr'><strong>meonomus</strong></span> <span class='ocrx_word' id='word_1_198' title='bbox 1478 1676 1628 1730; x_wconf 87' lang='lat' dir='ltr'><strong>dives</strong></span> <span class='ocrx_word' id='word_1_199' title='bbox 1661 1675 1769 1741; x_wconf 87' lang='lat' dir='ltr'><strong>ille,</strong></span> <span class='ocrx_word' id='word_1_200' title='bbox 1798 1673 1950 1742; x_wconf 85' lang='lat' dir='ltr'><strong>cujus</strong></span> 
     </span>
    </p>
   </div>
   <div class='ocr_carea' id='block_1_32' title="bbox 2061 1656 3632 1749">
    <p class='ocr_par' dir='ltr' id='par_1_32' title="bbox 2123 1662 3632 1749">
     <span class='ocr_line' id='line_1_32' title="bbox 2123 1662 3632 1749; baseline -0.003 -21"><span class='ocrx_word' id='word_1_201' title='bbox 2123 1677 2303 1740; x_wconf 84' lang='grc' dir='ltr'>Κακὸς</span> <span class='ocrx_word' id='word_1_202' title='bbox 2348 1673 2416 1749; x_wconf 81' lang='grc' dir='ltr'>ἦν</span> <span class='ocrx_word' id='word_1_203' title='bbox 2445 1678 2725 1748; x_wconf 78' lang='grc' dir='ltr'>οἰκονόμος</span> <span class='ocrx_word' id='word_1_204' title='bbox 2755 1677 2854 1749; x_wconf 80' lang='grc' dir='ltr'>τῆς</span> <span class='ocrx_word' id='word_1_205' title='bbox 2892 1676 3076 1730; x_wconf 80' lang='grc' dir='ltr'>ἐνθάδε</span> <span class='ocrx_word' id='word_1_206' title='bbox 3111 1673 3257 1744; x_wconf 80' lang='grc' dir='ltr'>ζωῆς</span> <span class='ocrx_word' id='word_1_207' title='bbox 3301 1662 3330 1726; x_wconf 91' lang='lat'><strong>6</strong></span> <span class='ocrx_word' id='word_1_208' title='bbox 3373 1673 3632 1735; x_wconf 85' lang='grc' dir='ltr'>πλουσιος</span> 
     </span>
    </p>
   </div>
   <div class='ocr_carea' id='block_1_33' title="bbox 385 1769 1952 1842">
    <p class='ocr_par' dir='ltr' id='par_1_33' title="bbox 385 1769 1952 1842">
     <span class='ocr_line' id='line_1_33' title="bbox 385 1769 1952 1842; baseline 0 -20"><span class='ocrx_word' id='word_1_209' title='bbox 385 1785 512 1836; x_wconf 89' lang='lat' dir='ltr'><strong>ager</strong></span> <span class='ocrx_word' id='word_1_210' title='bbox 534 1769 738 1824; x_wconf 83' lang='lat' dir='ltr'><strong>fructus</strong></span> <span class='ocrx_word' id='word_1_211' title='bbox 758 1770 950 1824; x_wconf 90' lang='lat' dir='ltr'><strong>uberes</strong></span> <span class='ocrx_word' id='word_1_212' title='bbox 979 1771 1283 1825; x_wconf 88' lang='lat' dir='ltr'><strong>reddiderat</strong></span> <span class='ocrx_word' id='word_1_213' title='bbox 1314 1788 1327 1824; x_wconf 94' lang='lat'><strong>:</strong></span> <span class='ocrx_word' id='word_1_214' title='bbox 1363 1772 1560 1842; x_wconf 85' lang='lat' dir='ltr'><strong>quippe</strong></span> <span class='ocrx_word' id='word_1_215' title='bbox 1591 1772 1679 1841; x_wconf 90' lang='lat' dir='ltr'><strong>qui</strong></span> <span class='ocrx_word' id='word_1_216' title='bbox 1710 1772 1760 1824; x_wconf 86' lang='lat' dir='ltr'><strong>in</strong></span> <span class='ocrx_word' id='word_1_217' title='bbox 1809 1779 1952 1823; x_wconf 88' lang='lat' dir='ltr'><strong>tanta</strong></span> 
     </span>
    </p>
   </div>
   <div class='ocr_carea' id='block_1_34' title="bbox 383 1859 1952 1929">
    <p class='ocr_par' dir='ltr' id='par_1_34' title="bbox 383 1859 1952 1929">
     <span class='ocr_line' id='line_1_34' title="bbox 383 1859 1952 1929; baseline 0 -16"><span class='ocrx_word' id='word_1_218' title='bbox 383 1859 470 1914; x_wconf 87' lang='lat' dir='ltr'><strong>illa</strong></span> <span class='ocrx_word' id='word_1_219' title='bbox 503 1859 709 1929; x_wconf 79' lang='lat' dir='ltr'><strong>frugum</strong></span> <span class='ocrx_word' id='word_1_220' title='bbox 734 1862 907 1928; x_wconf 83' lang='lat' dir='ltr'><strong>copia,</strong></span> <span class='ocrx_word' id='word_1_221' title='bbox 944 1862 1076 1915; x_wconf 85' lang='lat' dir='ltr'><strong>nihil</strong></span> <span class='ocrx_word' id='word_1_222' title='bbox 1099 1864 1220 1917; x_wconf 92' lang='lat' dir='ltr'><strong>boni</strong></span> <span class='ocrx_word' id='word_1_223' title='bbox 1245 1879 1308 1917; x_wconf 89' lang='lat' dir='ltr'><strong>ac</strong></span> <span class='ocrx_word' id='word_1_224' title='bbox 1332 1863 1714 1917; x_wconf 84' lang='lat' dir='ltr'><strong>humanitatem</strong></span> <span class='ocrx_word' id='word_1_225' title='bbox 1745 1861 1952 1916; x_wconf 88' lang='lat' dir='ltr'><strong>haben-</strong></span> 
     </span>
    </p>
   </div>
   <div class='ocr_carea' id='block_1_35' title="bbox 383 1951 1951 2018">
    <p class='ocr_par' dir='ltr' id='par_1_35' title="bbox 383 1951 1951 2018">
     <span class='ocr_line' id='line_1_35' title="bbox 383 1951 1951 2018; baseline 0.003 -15"><span class='ocrx_word' id='word_1_226' title='bbox 383 1951 453 2004; x_wconf 91' lang='lat' dir='ltr'><strong>tis</strong></span> <span class='ocrx_word' id='word_1_227' title='bbox 481 1951 690 2005; x_wconf 91' lang='lat' dir='ltr'><strong>consilii</strong></span> <span class='ocrx_word' id='word_1_228' title='bbox 743 1952 961 2018; x_wconf 87' lang='lat' dir='ltr'><strong>inierit;</strong></span> <span class='ocrx_word' id='word_1_229' title='bbox 1019 1954 1110 2008; x_wconf 88' lang='lat' dir='ltr'><strong>sed</strong></span> <span class='ocrx_word' id='word_1_230' title='bbox 1173 1954 1356 2008; x_wconf 89' lang='lat' dir='ltr'><strong>hiante</strong></span> <span class='ocrx_word' id='word_1_231' title='bbox 1408 1955 1611 2008; x_wconf 75' lang='lat' dir='ltr'><strong>ventris</strong></span> <span class='ocrx_word' id='word_1_232' title='bbox 1663 1953 1951 2018; x_wconf 89' lang='lat' dir='ltr'><strong>desiderio,</strong></span> 
     </span>
    </p>
   </div>
   <div class='ocr_carea' id='block_1_36' title="bbox 383 2039 1955 2113">
    <p class='ocr_par' dir='ltr' id='par_1_36' title="bbox 383 2039 1955 2113">
     <span class='ocr_line' id='line_1_36' title="bbox 383 2039 1955 2113; baseline 0.003 -20"><span class='ocrx_word' id='word_1_233' title='bbox 383 2039 609 2110; x_wconf 85' lang='lat' dir='ltr'><strong>latisque</strong></span> <span class='ocrx_word' id='word_1_234' title='bbox 639 2057 702 2095; x_wconf 84' lang='lat' dir='ltr'><strong>ac</strong></span> <span class='ocrx_word' id='word_1_235' title='bbox 739 2043 1012 2098; x_wconf 85' lang='lat' dir='ltr'><strong>immensis</strong></span> <span class='ocrx_word' id='word_1_236' title='bbox 1061 2045 1304 2098; x_wconf 61' lang='lat' dir='ltr'><strong>avaritia;</strong></span> <span class='ocrx_word' id='word_1_237' title='bbox 1349 2045 1559 2099; x_wconf 89' lang='lat' dir='ltr'><strong>sinibus</strong></span> <span class='ocrx_word' id='word_1_238' title='bbox 1596 2044 1815 2113; x_wconf 86' lang='lat' dir='ltr'><strong>apertis,</strong></span> <span class='ocrx_word' id='word_1_239' title='bbox 1857 2058 1955 2098; x_wconf 86' lang='lat' dir='ltr'><strong>suo</strong></span> 
     </span>
    </p>
   </div>
   <div class='ocr_carea' id='block_1_37' title="bbox 383 2133 1949 2204">
    <p class='ocr_par' dir='ltr' id='par_1_37' title="bbox 383 2133 1949 2204">
     <span class='ocr_line' id='line_1_37' title="bbox 383 2133 1949 2204; baseline 0.001 -18"><span class='ocrx_word' id='word_1_240' title='bbox 383 2133 551 2200; x_wconf 88' lang='lat' dir='ltr'><strong>ipsius</strong></span> <span class='ocrx_word' id='word_1_241' title='bbox 583 2133 700 2187; x_wconf 88' lang='lat' dir='ltr'><strong>usui</strong></span> <span class='ocrx_word' id='word_1_242' title='bbox 739 2149 802 2188; x_wconf 86' lang='lat' dir='ltr'><strong>ac</strong></span> <span class='ocrx_word' id='word_1_243' title='bbox 844 2135 1104 2204; x_wconf 85' lang='lat' dir='ltr'><strong>voluptati</strong></span> <span class='ocrx_word' id='word_1_244' title='bbox 1157 2136 1338 2190; x_wconf 86' lang='lat' dir='ltr'><strong>omnia</strong></span> <span class='ocrx_word' id='word_1_245' title='bbox 1386 2137 1676 2200; x_wconf 80' lang='lat' dir='ltr'><strong>addixerit,</strong></span> <span class='ocrx_word' id='word_1_246' title='bbox 1721 2135 1949 2190; x_wconf 88' lang='lat' dir='ltr'><strong>dicens:</strong></span> 
     </span>
    </p>
   </div>
   <div class='ocr_carea' id='block_1_38' title="bbox 383 2221 1952 2294">
    <p class='ocr_par' dir='ltr' id='par_1_38' title="bbox 383 2221 1952 2294">
     <span class='ocr_line' id='line_1_38' title="bbox 383 2221 1952 2294; baseline 0.002 -19"><span class='ocrx_word' id='word_1_247' title='bbox 383 2221 661 2276; x_wconf 82' lang='lat' dir='ltr'><strong>Destruam</strong></span> <span class='ocrx_word' id='word_1_248' title='bbox 689 2224 877 2278; x_wconf 86' lang='lat' dir='ltr'><strong>horrea</strong></span> <span class='ocrx_word' id='word_1_249' title='bbox 907 2242 1046 2292; x_wconf 87' lang='lat' dir='ltr'><strong>mea,</strong></span> <span class='ocrx_word' id='word_1_250' title='bbox 1089 2236 1136 2279; x_wconf 87' lang='lat' dir='ltr'><strong>et</strong></span> <span class='ocrx_word' id='word_1_251' title='bbox 1161 2225 1364 2294; x_wconf 88' lang='lat' dir='ltr'><strong>majora</strong></span> <span class='ocrx_word' id='word_1_252' title='bbox 1392 2235 1680 2292; x_wconf 72' lang='lat' dir='ltr'><strong>exstruam,</strong></span> <span class='ocrx_word' id='word_1_253' title='bbox 1712 2236 1760 2278; x_wconf 87' lang='lat' dir='ltr'><strong>et</strong></span> <span class='ocrx_word' id='word_1_254' title='bbox 1783 2226 1952 2278; x_wconf 85' lang='lat' dir='ltr'><strong>dicam</strong></span> 
     </span>
    </p>
   </div>
   <div class='ocr_carea' id='block_1_39' title="bbox 382 2315 1950 2386">
    <p class='ocr_par' dir='ltr' id='par_1_39' title="bbox 382 2315 1950 2386">
     <span class='ocr_line' id='line_1_39' title="bbox 382 2315 1950 2386; baseline 0.001 -20"><span class='ocrx_word' id='word_1_255' title='bbox 382 2316 577 2369; x_wconf 72' lang='lat' dir='ltr'><strong>animo:</strong></span> <span class='ocrx_word' id='word_1_256' title='bbox 604 2333 730 2370; x_wconf 69' lang='lat' dir='ltr'><strong>mea:</strong></span> <span class='ocrx_word' id='word_1_257' title='bbox 765 2331 784 2370; x_wconf 90' lang='lat'><strong><em>:</em></strong></span> <span class='ocrx_word' id='word_1_258' title='bbox 819 2315 988 2370; x_wconf 82' lang='lat' dir='ltr'><strong>Habes</strong></span> <span class='ocrx_word' id='word_1_259' title='bbox 1011 2317 1174 2370; x_wconf 88' lang='lat' dir='ltr'><strong>multa</strong></span> <span class='ocrx_word' id='word_1_260' title='bbox 1200 2317 1334 2370; x_wconf 84' lang='lat' dir='ltr'><strong>bona</strong></span> <span class='ocrx_word' id='word_1_261' title='bbox 1360 2320 1583 2385; x_wconf 82' lang='lat' dir='ltr'><strong>reposita</strong></span> <span class='ocrx_word' id='word_1_262' title='bbox 1614 2333 1632 2381; x_wconf 88' lang='lat'><strong>;</strong></span> <span class='ocrx_word' id='word_1_263' title='bbox 1675 2319 1950 2386; x_wconf 78' lang='lat' dir='ltr'><strong>requiesce,</strong></span> 
     </span>
    </p>
   </div>
   <div class='ocr_carea' id='block_1_40' title="bbox 383 2409 1951 2478">
    <p class='ocr_par' dir='ltr' id='par_1_40' title="bbox 383 2409 1951 2478">
     <span class='ocr_line' id='line_1_40' title="bbox 383 2409 1951 2478; baseline 0.002 -19"><span class='ocrx_word' id='word_1_264' title='bbox 383 2409 608 2468; x_wconf 85' lang='lat' dir='ltr'><strong>comede.</strong></span> <span class='ocrx_word' id='word_1_265' title='bbox 645 2409 775 2475; x_wconf 81' lang='lat' dir='ltr'><strong>bibe,</strong></span> <span class='ocrx_word' id='word_1_266' title='bbox 815 2409 1025 2475; x_wconf 84' lang='lat' dir='ltr'><strong>epulare</strong></span> <span class='ocrx_word' id='word_1_267' title='bbox 1072 2410 1142 2462; x_wconf 80' lang='lat'><strong>&quot;.</strong></span> <span class='ocrx_word' id='word_1_268' title='bbox 1183 2410 1424 2476; x_wconf 87' lang='lat' dir='ltr'><strong>Dumque</strong></span> <span class='ocrx_word' id='word_1_269' title='bbox 1473 2411 1585 2463; x_wconf 64' lang='lat' dir='ltr'><strong>haec</strong></span> <span class='ocrx_word' id='word_1_270' title='bbox 1623 2412 1951 2478; x_wconf 87' lang='lat' dir='ltr'><strong>loqueretur,</strong></span> 
     </span>
    </p>
   </div>
   <div class='ocr_carea' id='block_1_41' title="bbox 385 2496 1948 2564">
    <p class='ocr_par' dir='ltr' id='par_1_41' title="bbox 385 2496 1948 2564">
     <span class='ocr_line' id='line_1_41' title="bbox 385 2496 1948 2564; baseline 0.003 -16"><span class='ocrx_word' id='word_1_271' title='bbox 385 2496 558 2550; x_wconf 86' lang='lat' dir='ltr'><strong>astitit</strong></span> <span class='ocrx_word' id='word_1_272' title='bbox 581 2497 671 2564; x_wconf 91' lang='lat' dir='ltr'><strong>qui</strong></span> <span class='ocrx_word' id='word_1_273' title='bbox 700 2505 843 2551; x_wconf 85' lang='lat' dir='ltr'><strong>esset</strong></span> <span class='ocrx_word' id='word_1_274' title='bbox 870 2498 1224 2552; x_wconf 88' lang='lat' dir='ltr'><strong>abducturus.</strong></span> <span class='ocrx_word' id='word_1_275' title='bbox 1249 2499 1495 2552; x_wconf 83' lang='lat' dir='ltr'><strong>Accessit</strong></span> <span class='ocrx_word' id='word_1_276' title='bbox 1519 2513 1813 2553; x_wconf 88' lang='lat' dir='ltr'><strong>conservus</strong></span> <span class='ocrx_word' id='word_1_277' title='bbox 1845 2509 1948 2553; x_wconf 84' lang='lat' dir='ltr'><strong>ter-</strong></span> 
     </span>
    </p>
   </div>
   <div class='ocr_carea' id='block_1_42' title="bbox 387 2585 1949 2657">
    <p class='ocr_par' dir='ltr' id='par_1_42' title="bbox 387 2585 1949 2657">
     <span class='ocr_line' id='line_1_42' title="bbox 387 2585 1949 2657; baseline 0.001 -18"><span class='ocrx_word' id='word_1_278' title='bbox 387 2585 534 2639; x_wconf 89' lang='lat' dir='ltr'><strong>ribili</strong></span> <span class='ocrx_word' id='word_1_279' title='bbox 573 2586 770 2653; x_wconf 85' lang='lat' dir='ltr'><strong>specie,</strong></span> <span class='ocrx_word' id='word_1_280' title='bbox 805 2588 893 2656; x_wconf 91' lang='lat' dir='ltr'><strong>qui</strong></span> <span class='ocrx_word' id='word_1_281' title='bbox 949 2588 1192 2642; x_wconf 89' lang='lat' dir='ltr'><strong>avulsum</strong></span> <span class='ocrx_word' id='word_1_282' title='bbox 1254 2603 1283 2641; x_wconf 90' lang='lat' dir='ltr'><strong>a</strong></span> <span class='ocrx_word' id='word_1_283' title='bbox 1335 2587 1666 2641; x_wconf 88' lang='lat' dir='ltr'><strong>villicatione</strong></span> <span class='ocrx_word' id='word_1_284' title='bbox 1720 2596 1949 2657; x_wconf 80' lang='lat' dir='ltr'><strong>raperet.</strong></span> 
     </span>
    </p>
   </div>
   <div class='ocr_carea' id='block_1_43' title="bbox 382 2671 1955 2748">
    <p class='ocr_par' dir='ltr' id='par_1_43' title="bbox 382 2671 1955 2748">
     <span class='ocr_line' id='line_1_43' title="bbox 382 2671 1955 2748; baseline 0.003 -20"><span class='ocrx_word' id='word_1_285' title='bbox 382 2671 501 2728; x_wconf 85' lang='lat' dir='ltr'><strong>Jam</strong></span> <span class='ocrx_word' id='word_1_286' title='bbox 532 2690 659 2730; x_wconf 89' lang='lat' dir='ltr'><strong>vero</strong></span> <span class='ocrx_word' id='word_1_287' title='bbox 701 2677 828 2745; x_wconf 83' lang='lat' dir='ltr'><strong>quid</strong></span> <span class='ocrx_word' id='word_1_288' title='bbox 871 2677 977 2731; x_wconf 89' lang='lat' dir='ltr'><strong>vita</strong></span> <span class='ocrx_word' id='word_1_289' title='bbox 1010 2677 1308 2748; x_wconf 88' lang='lat' dir='ltr'><strong>voluptaria</strong></span> <span class='ocrx_word' id='word_1_290' title='bbox 1359 2677 1550 2744; x_wconf 80' lang='lat' dir='ltr'><strong>juvat?</strong></span> <span class='ocrx_word' id='word_1_291' title='bbox 1607 2678 1784 2746; x_wconf 84' lang='lat' dir='ltr'><strong>Atque</strong></span> <span class='ocrx_word' id='word_1_292' title='bbox 1843 2678 1955 2732; x_wconf 59' lang='lat' dir='ltr'><strong>haec</strong></span> 
     </span>
    </p>
   </div>
   <div class='ocr_carea' id='block_1_44' title="bbox 309 2753 1955 2840">
    <p class='ocr_par' dir='ltr' id='par_1_44' title="bbox 309 2753 1955 2840">
     <span class='ocr_line' id='line_1_44' title="bbox 309 2753 1955 2840; baseline 0.002 -19"><span class='ocrx_word' id='word_1_293' title='bbox 309 2753 318 2760; x_wconf 66' lang='grc'><em>’</em></span> <span class='ocrx_word' id='word_1_294' title='bbox 385 2768 604 2838; x_wconf 87' lang='lat' dir='ltr'><strong>quidem</strong></span> <span class='ocrx_word' id='word_1_295' title='bbox 645 2770 825 2824; x_wconf 89' lang='lat' dir='ltr'><strong>vivide</strong></span> <span class='ocrx_word' id='word_1_296' title='bbox 850 2784 911 2824; x_wconf 87' lang='lat' dir='ltr'><strong>ac</strong></span> <span class='ocrx_word' id='word_1_297' title='bbox 938 2772 1194 2840; x_wconf 80' lang='lat' dir='ltr'><strong>graphice</strong></span> <span class='ocrx_word' id='word_1_298' title='bbox 1226 2772 1290 2824; x_wconf 90' lang='lat' dir='ltr'><strong>ad</strong></span> <span class='ocrx_word' id='word_1_299' title='bbox 1319 2780 1558 2824; x_wconf 87' lang='lat' dir='ltr'><strong>nostram</strong></span> <span class='ocrx_word' id='word_1_300' title='bbox 1592 2772 1792 2839; x_wconf 84' lang='lat' dir='ltr'><strong>scripta</strong></span> <span class='ocrx_word' id='word_1_301' title='bbox 1828 2778 1955 2824; x_wconf 85' lang='lat' dir='ltr'><strong>sunt</strong></span> 
     </span>
    </p>
   </div>
   <div class='ocr_carea' id='block_1_45' title="bbox 383 2857 1954 2927">
    <p class='ocr_par' dir='ltr' id='par_1_45' title="bbox 383 2857 1954 2927">
     <span class='ocr_line' id='line_1_45' title="bbox 383 2857 1954 2927; baseline 0.002 -17"><span class='ocrx_word' id='word_1_302' title='bbox 383 2857 824 2912; x_wconf 81' lang='lat' dir='ltr'><strong>admonitionem.</strong></span> <span class='ocrx_word' id='word_1_303' title='bbox 859 2859 1077 2924; x_wconf 85' lang='lat' dir='ltr'><strong>Quanta</strong></span> <span class='ocrx_word' id='word_1_304' title='bbox 1103 2874 1228 2914; x_wconf 90' lang='lat' dir='ltr'><strong>vero</strong></span> <span class='ocrx_word' id='word_1_305' title='bbox 1251 2861 1359 2914; x_wconf 85' lang='lat' dir='ltr'><strong>vita</strong></span> <span class='ocrx_word' id='word_1_306' title='bbox 1397 2861 1498 2914; x_wconf 87' lang='lat' dir='ltr'><strong>hac</strong></span> <span class='ocrx_word' id='word_1_307' title='bbox 1553 2861 1742 2914; x_wconf 90' lang='lat' dir='ltr'><strong>horum</strong></span> <span class='ocrx_word' id='word_1_308' title='bbox 1793 2875 1954 2927; x_wconf 78' lang='lat' dir='ltr'><strong>expe-</strong></span> 
     </span>
    </p>
   </div>
   <div class='ocr_carea' id='block_1_46' title="bbox 2055 1758 3632 1837">
    <p class='ocr_par' dir='ltr' id='par_1_46' title="bbox 2055 1758 3632 1837">
     <span class='ocr_line' id='line_1_46' title="bbox 2055 1758 3632 1837; baseline -0.001 -22"><span class='ocrx_word' id='word_1_309' title='bbox 2055 1764 2292 1828; x_wconf 80' lang='grc' dir='ltr'>ἐκεῖνος,</span> <span class='ocrx_word' id='word_1_310' title='bbox 2327 1758 2388 1818; x_wconf 76' lang='grc' dir='ltr'>οὗ</span> <span class='ocrx_word' id='word_1_311' title='bbox 2431 1767 2463 1836; x_wconf 86' lang='grc' dir='ltr'><strong>ή</strong></span> <span class='ocrx_word' id='word_1_312' title='bbox 2518 1765 2670 1837; x_wconf 85' lang='grc' dir='ltr'>χώρα</span> <span class='ocrx_word' id='word_1_313' title='bbox 2701 1766 3028 1837; x_wconf 78' lang='grc' dir='ltr'>ηύφόρησενο</span> <span class='ocrx_word' id='word_1_314' title='bbox 3075 1764 3261 1834; x_wconf 79' lang='grc' dir='ltr'>ἐπειδὴ</span> <span class='ocrx_word' id='word_1_315' title='bbox 3291 1764 3357 1832; x_wconf 81' lang='grc' dir='ltr'>τῇ</span> <span class='ocrx_word' id='word_1_316' title='bbox 3403 1761 3632 1832; x_wconf 71' lang='grc' dir='ltr'>εύθηνίᾳ</span> 
     </span>
    </p>
   </div>
   <div class='ocr_carea' id='block_1_47' title="bbox 2052 1853 3626 1929">
    <p class='ocr_par' dir='ltr' id='par_1_47' title="bbox 2052 1853 3626 1929">
     <span class='ocr_line' id='line_1_47' title="bbox 2052 1853 3626 1929; baseline -0.001 -22"><span class='ocrx_word' id='word_1_317' title='bbox 2052 1855 2161 1908; x_wconf 85' lang='grc' dir='ltr'><strong>τῶν</strong></span> <span class='ocrx_word' id='word_1_318' title='bbox 2185 1857 2431 1928; x_wconf 83' lang='grc' dir='ltr'>καρπῶν,</span> <span class='ocrx_word' id='word_1_319' title='bbox 2454 1857 2604 1910; x_wconf 76' lang='grc' dir='ltr'>οὐδὲν</span> <span class='ocrx_word' id='word_1_320' title='bbox 2623 1861 2651 1911; x_wconf 89' lang='lat'><strong>6</strong></span> <span class='ocrx_word' id='word_1_321' title='bbox 2677 1858 2772 1911; x_wconf 85' lang='grc' dir='ltr'>ἄνθ</span> <span class='ocrx_word' id='word_1_322' title='bbox 2781 1875 2961 1927; x_wconf 87' lang='grc' dir='ltr'>ρωπος</span> <span class='ocrx_word' id='word_1_323' title='bbox 2985 1856 3221 1929; x_wconf 82' lang='grc' dir='ltr'>χρηστὸν</span> <span class='ocrx_word' id='word_1_324' title='bbox 3247 1853 3626 1908; x_wconf 79' lang='grc' dir='ltr'>ὲϐουλεύσατο’</span> 
     </span>
    </p>
   </div>
   <div class='ocr_carea' id='block_1_48' title="bbox 2054 1944 3628 2019">
    <p class='ocr_par' dir='ltr' id='par_1_48' title="bbox 2054 1944 3628 2019">
     <span class='ocr_line' id='line_1_48' title="bbox 2054 1944 3628 2019; baseline -0.002 -19"><span class='ocrx_word' id='word_1_325' title='bbox 2054 1947 2167 2000; x_wconf 84' lang='grc' dir='ltr'>ἀλλ’</span> <span class='ocrx_word' id='word_1_326' title='bbox 2209 1947 2427 2012; x_wconf 78' lang='grc' dir='ltr'>ἀνοίξας</span> <span class='ocrx_word' id='word_1_327' title='bbox 2472 1949 2704 2019; x_wconf 79' lang='grc' dir='ltr'>γαστρὸς</span> <span class='ocrx_word' id='word_1_328' title='bbox 2741 1948 3068 2018; x_wconf 74' lang='grc' dir='ltr'>ἐπιθυμίαν,</span> <span class='ocrx_word' id='word_1_329' title='bbox 3112 1947 3205 2000; x_wconf 76' lang='grc' dir='ltr'><strong>καὶ</strong></span> <span class='ocrx_word' id='word_1_330' title='bbox 3246 1947 3372 2009; x_wconf 74' lang='grc' dir='ltr'>τοὺς</span> <span class='ocrx_word' id='word_1_331' title='bbox 3402 1944 3628 2009; x_wconf 87' lang='grc' dir='ltr'>πλατεῖς</span> 
     </span>
    </p>
   </div>
   <div class='ocr_carea' id='block_1_49' title="bbox 2054 2038 3630 2111">
    <p class='ocr_par' dir='ltr' id='par_1_49' title="bbox 2054 2038 3630 2111">
     <span class='ocr_line' id='line_1_49' title="bbox 2054 2038 3630 2111; baseline -0.002 -19"><span class='ocrx_word' id='word_1_332' title='bbox 2054 2038 2146 2092; x_wconf 73' lang='grc' dir='ltr'><strong>καὶ</strong></span> <span class='ocrx_word' id='word_1_333' title='bbox 2173 2040 2488 2110; x_wconf 84' lang='grc' dir='ltr'>ἀχωρήτους</span> <span class='ocrx_word' id='word_1_334' title='bbox 2523 2039 2625 2111; x_wconf 83' lang='grc' dir='ltr'>τῆς</span> <span class='ocrx_word' id='word_1_335' title='bbox 2657 2038 2972 2104; x_wconf 81' lang='grc' dir='ltr'>πλεονεξίας</span> <span class='ocrx_word' id='word_1_336' title='bbox 3004 2039 3256 2102; x_wconf 81' lang='grc' dir='ltr'>κόλπους,</span> <span class='ocrx_word' id='word_1_337' title='bbox 3287 2038 3462 2090; x_wconf 85' lang='grc' dir='ltr'>πάντα</span> <span class='ocrx_word' id='word_1_338' title='bbox 3491 2038 3630 2090; x_wconf 86' lang='grc' dir='ltr'>ἀπε-</span> 
     </span>
    </p>
   </div>
   <div class='ocr_carea' id='block_1_50' title="bbox 2055 2129 3629 2203">
    <p class='ocr_par' dir='ltr' id='par_1_50' title="bbox 2055 2129 3629 2203">
     <span class='ocr_line' id='line_1_50' title="bbox 2055 2129 3629 2203; baseline -0.001 -18"><span class='ocrx_word' id='word_1_339' title='bbox 2055 2131 2256 2203; x_wconf 77' lang='grc' dir='ltr'>κλήρου</span> <span class='ocrx_word' id='word_1_340' title='bbox 2299 2135 2368 2203; x_wconf 78' lang='grc' dir='ltr'>τῇ</span> <span class='ocrx_word' id='word_1_341' title='bbox 2403 2131 2594 2186; x_wconf 76' lang='grc' dir='ltr'>ἑαυτοῦ</span> <span class='ocrx_word' id='word_1_342' title='bbox 2647 2131 2964 2196; x_wconf 79' lang='grc' dir='ltr'>ἀπολαύσει,</span> <span class='ocrx_word' id='word_1_343' title='bbox 2997 2132 3190 2201; x_wconf 78' lang='grc' dir='ltr'>λέγων·</span> <span class='ocrx_word' id='word_1_344' title='bbox 3230 2129 3470 2184; x_wconf 80' lang='grc' dir='ltr'>Καθελῶ</span> <span class='ocrx_word' id='word_1_345' title='bbox 3503 2147 3629 2200; x_wconf 84' lang='grc' dir='ltr'><strong>μου</strong></span> 
     </span>
    </p>
   </div>
   <div class='ocr_carea' id='block_1_51' title="bbox 2053 2220 3627 2294">
    <p class='ocr_par' dir='ltr' id='par_1_51' title="bbox 2053 2220 3627 2294">
     <span class='ocr_line' id='line_1_51' title="bbox 2053 2220 3627 2294; baseline -0.002 -17"><span class='ocrx_word' id='word_1_346' title='bbox 2053 2224 2158 2289; x_wconf 85' lang='grc' dir='ltr'>τὰς</span> <span class='ocrx_word' id='word_1_347' title='bbox 2213 2223 2522 2291; x_wconf 77' lang='grc' dir='ltr'>ἀποθήκας</span> <span class='ocrx_word' id='word_1_348' title='bbox 2545 2265 2560 2288; x_wconf 91' lang='grc'><strong>,</strong></span> <span class='ocrx_word' id='word_1_349' title='bbox 2599 2223 2698 2277; x_wconf 80' lang='grc' dir='ltr'>καὶ</span> <span class='ocrx_word' id='word_1_350' title='bbox 2747 2223 3021 2294; x_wconf 78' lang='grc' dir='ltr'>μείζονας</span> <span class='ocrx_word' id='word_1_351' title='bbox 3067 2220 3469 2292; x_wconf 78' lang='grc' dir='ltr'>οἰκοδομήσω,</span> <span class='ocrx_word' id='word_1_352' title='bbox 3521 2220 3627 2274; x_wconf 81' lang='grc' dir='ltr'>καὶ</span> 
     </span>
    </p>
   </div>
   <div class='ocr_carea' id='block_1_52' title="bbox 2052 2313 3626 2386">
    <p class='ocr_par' dir='ltr' id='par_1_52' title="bbox 2052 2313 3626 2386">
     <span class='ocr_line' id='line_1_52' title="bbox 2052 2313 3626 2386; baseline -0.003 -17"><span class='ocrx_word' id='word_1_353' title='bbox 2052 2315 2164 2383; x_wconf 84' lang='grc' dir='ltr'><strong>ὲρῷ</strong></span> <span class='ocrx_word' id='word_1_354' title='bbox 2192 2314 2266 2383; x_wconf 80' lang='grc' dir='ltr'>τῇ</span> <span class='ocrx_word' id='word_1_355' title='bbox 2303 2315 2477 2385; x_wconf 69' lang='grc' dir='ltr'>ψυχῇ</span> <span class='ocrx_word' id='word_1_356' title='bbox 2496 2334 2614 2384; x_wconf 90' lang='grc' dir='ltr'><strong>μου</strong></span> <span class='ocrx_word' id='word_1_357' title='bbox 2634 2333 2647 2346; x_wconf 73' lang='grc' dir='ltr'><strong><em>ο</em></strong></span> <span class='ocrx_word' id='word_1_358' title='bbox 2687 2317 2883 2386; x_wconf 84' lang='grc' dir='ltr'>Ἔχεις</span> <span class='ocrx_word' id='word_1_359' title='bbox 2911 2315 3110 2370; x_wconf 78' lang='grc' dir='ltr'>πολλὰ</span> <span class='ocrx_word' id='word_1_360' title='bbox 3145 2313 3336 2384; x_wconf 66' lang='grc' dir='ltr'>ἀγαθὰ</span> <span class='ocrx_word' id='word_1_361' title='bbox 3362 2313 3626 2382; x_wconf 78' lang='grc' dir='ltr'>κείμενα’</span> 
     </span>
    </p>
   </div>
   <div class='ocr_carea' id='block_1_53' title="bbox 2053 2406 3631 2479">
    <p class='ocr_par' dir='ltr' id='par_1_53' title="bbox 2053 2406 3631 2479">
     <span class='ocr_line' id='line_1_53' title="bbox 2053 2406 3631 2479; baseline -0.005 -14"><span class='ocrx_word' id='word_1_362' title='bbox 2053 2411 2386 2473; x_wconf 80' lang='grc' dir='ltr'>ἀναπαύου,</span> <span class='ocrx_word' id='word_1_363' title='bbox 2423 2408 2594 2479; x_wconf 72' lang='grc' dir='ltr'>φάγε,</span> <span class='ocrx_word' id='word_1_364' title='bbox 2626 2409 2744 2472; x_wconf 81' lang='grc' dir='ltr'>πίε,</span> <span class='ocrx_word' id='word_1_365' title='bbox 2766 2409 3092 2477; x_wconf 73' lang='grc' dir='ltr'>εὐφραίνου</span> <span class='ocrx_word' id='word_1_366' title='bbox 3116 2424 3130 2439; x_wconf 76' lang='grc' dir='ltr'><strong><em>ο</em></strong></span> <span class='ocrx_word' id='word_1_367' title='bbox 3167 2407 3261 2460; x_wconf 74' lang='grc' dir='ltr'><strong>καὶ</strong></span> <span class='ocrx_word' id='word_1_368' title='bbox 3291 2406 3496 2477; x_wconf 78' lang='grc' dir='ltr'>μεταξὺ</span> <span class='ocrx_word' id='word_1_369' title='bbox 3528 2406 3631 2458; x_wconf 77' lang='grc' dir='ltr'>λα-</span> 
     </span>
    </p>
   </div>
   <div class='ocr_carea' id='block_1_54' title="bbox 2053 2495 3627 2571">
    <p class='ocr_par' dir='ltr' id='par_1_54' title="bbox 2053 2495 3627 2571">
     <span class='ocr_line' id='line_1_54' title="bbox 2053 2495 3627 2571; baseline -0.003 -18"><span class='ocrx_word' id='word_1_370' title='bbox 2053 2501 2286 2565; x_wconf 80' lang='grc' dir='ltr'>λοῦντος,</span> <span class='ocrx_word' id='word_1_371' title='bbox 2330 2503 2358 2555; x_wconf 95' lang='lat'><strong>6</strong></span> <span class='ocrx_word' id='word_1_372' title='bbox 2400 2501 2626 2570; x_wconf 83' lang='grc' dir='ltr'>ἀπάγων</span> <span class='ocrx_word' id='word_1_373' title='bbox 2675 2501 2910 2571; x_wconf 71' lang='grc' dir='ltr'>ἐπέστη*</span> <span class='ocrx_word' id='word_1_374' title='bbox 2947 2495 3078 2571; x_wconf 76' lang='grc' dir='ltr'>ἦλθε</span> <span class='ocrx_word' id='word_1_375' title='bbox 3130 2498 3359 2570; x_wconf 75' lang='grc' dir='ltr'>φοϐερὸς</span> <span class='ocrx_word' id='word_1_376' title='bbox 3403 2497 3627 2550; x_wconf 83' lang='grc' dir='ltr'>σύνδου-</span> 
     </span>
    </p>
   </div>
   <div class='ocr_carea' id='block_1_55' title="bbox 2053 2589 3629 2663">
    <p class='ocr_par' dir='ltr' id='par_1_55' title="bbox 2053 2589 3629 2663">
     <span class='ocr_line' id='line_1_55' title="bbox 2053 2589 3629 2663; baseline -0.003 -17"><span class='ocrx_word' id='word_1_377' title='bbox 2053 2593 2164 2657; x_wconf 89' lang='grc' dir='ltr'>λος,</span> <span class='ocrx_word' id='word_1_378' title='bbox 2195 2593 2538 2647; x_wconf 76' lang='grc' dir='ltr'>ἀνάσπαστον</span> <span class='ocrx_word' id='word_1_379' title='bbox 2578 2594 2642 2646; x_wconf 85' lang='grc' dir='ltr'>ὲκ</span> <span class='ocrx_word' id='word_1_380' title='bbox 2679 2593 2780 2663; x_wconf 82' lang='grc' dir='ltr'>τῆς</span> <span class='ocrx_word' id='word_1_381' title='bbox 2811 2590 3122 2661; x_wconf 75' lang='grc' dir='ltr'>οἰκονομίας</span> <span class='ocrx_word' id='word_1_382' title='bbox 3154 2590 3376 2654; x_wconf 79' lang='grc' dir='ltr'>ἀπάξων</span> <span class='ocrx_word' id='word_1_383' title='bbox 3397 2605 3408 2619; x_wconf 81' lang='grc'><em>’</em></span> <span class='ocrx_word' id='word_1_384' title='bbox 3439 2589 3532 2642; x_wconf 76' lang='grc' dir='ltr'><strong>καὶ</strong></span> <span class='ocrx_word' id='word_1_385' title='bbox 3572 2589 3629 2642; x_wconf 90' lang='grc' dir='ltr'><strong>τί</strong></span> 
     </span>
    </p>
   </div>
   <div class='ocr_carea' id='block_1_56' title="bbox 2051 2680 3628 2756">
    <p class='ocr_par' dir='ltr' id='par_1_56' title="bbox 2051 2680 3628 2756">
     <span class='ocr_line' id='line_1_56' title="bbox 2051 2680 3628 2756; baseline -0.003 -19"><span class='ocrx_word' id='word_1_386' title='bbox 2051 2684 2112 2737; x_wconf 79' lang='grc' dir='ltr'>τὸ</span> <span class='ocrx_word' id='word_1_387' title='bbox 2158 2684 2345 2754; x_wconf 74' lang='grc' dir='ltr'>ὄφελος</span> <span class='ocrx_word' id='word_1_388' title='bbox 2393 2687 2494 2755; x_wconf 82' lang='grc' dir='ltr'><strong>τῆς</strong></span> <span class='ocrx_word' id='word_1_389' title='bbox 2539 2683 2825 2756; x_wconf 78' lang='grc' dir='ltr'>φιληδόνου</span> <span class='ocrx_word' id='word_1_390' title='bbox 2866 2683 3102 2754; x_wconf 80' lang='grc' dir='ltr'>βουλῆς;</span> <span class='ocrx_word' id='word_1_391' title='bbox 3152 2683 3262 2736; x_wconf 79' lang='lat' dir='ltr'><strong>Kal.</strong></span> <span class='ocrx_word' id='word_1_392' title='bbox 3307 2680 3473 2734; x_wconf 76' lang='grc' dir='ltr'>ταῦτα</span> <span class='ocrx_word' id='word_1_393' title='bbox 3524 2680 3628 2751; x_wconf 81' lang='grc' dir='ltr'>μὲν</span> 
     </span>
    </p>
   </div>
   <div class='ocr_carea' id='block_1_57' title="bbox 2053 2773 3628 2850">
    <p class='ocr_par' dir='ltr' id='par_1_57' title="bbox 2053 2773 3628 2850">
     <span class='ocr_line' id='line_1_57' title="bbox 2053 2773 3628 2850; baseline -0.004 -18"><span class='ocrx_word' id='word_1_394' title='bbox 2053 2777 2309 2849; x_wconf 70' lang='grc' dir='ltr'>ἐμψύχως</span> <span class='ocrx_word' id='word_1_395' title='bbox 2342 2778 2553 2850; x_wconf 67' lang='grc' dir='ltr'>ἐγράφη</span> <span class='ocrx_word' id='word_1_396' title='bbox 2585 2780 2664 2842; x_wconf 88' lang='grc' dir='ltr'><strong>εἰς</strong></span> <span class='ocrx_word' id='word_1_397' title='bbox 2711 2775 2993 2830; x_wconf 83' lang='grc' dir='ltr'>νουθεσίαν</span> <span class='ocrx_word' id='word_1_398' title='bbox 3042 2774 3218 2846; x_wconf 78' lang='grc' dir='ltr'>ἡμῶν.</span> <span class='ocrx_word' id='word_1_399' title='bbox 3275 2774 3339 2827; x_wconf 83' lang='grc' dir='ltr'><em>Ἥ</em></span> <span class='ocrx_word' id='word_1_400' title='bbox 3369 2773 3424 2827; x_wconf 81' lang='grc' dir='ltr'>δὲ</span> <span class='ocrx_word' id='word_1_401' title='bbox 3458 2775 3628 2844; x_wconf 85' lang='grc' dir='ltr'>πεῖρα</span> 
     </span>
    </p>
   </div>
   <div class='ocr_carea' id='block_1_58' title="bbox 2052 2864 3630 2942">
    <p class='ocr_par' dir='ltr' id='par_1_58' title="bbox 2052 2864 3630 2942">
     <span class='ocr_line' id='line_1_58' title="bbox 2052 2864 3630 2942; baseline -0.003 -19"><span class='ocrx_word' id='word_1_402' title='bbox 2052 2869 2145 2923; x_wconf 80' lang='grc' dir='ltr'>τοῦ</span> <span class='ocrx_word' id='word_1_403' title='bbox 2179 2871 2292 2941; x_wconf 84' lang='grc' dir='ltr'>βίου</span> <span class='ocrx_word' id='word_1_404' title='bbox 2341 2871 2594 2942; x_wconf 62' lang='lat' dir='ltr'><strong>norant};</strong></span> <span class='ocrx_word' id='word_1_405' title='bbox 2647 2869 2721 2923; x_wconf 88' lang='grc' dir='ltr'>Ού</span> <span class='ocrx_word' id='word_1_406' title='bbox 2759 2868 2880 2922; x_wconf 83' lang='grc' dir='ltr'>καθ’</span> <span class='ocrx_word' id='word_1_407' title='bbox 2932 2868 3166 2938; x_wconf 79' lang='grc' dir='ltr'>ἑκάστην</span> <span class='ocrx_word' id='word_1_408' title='bbox 3203 2866 3414 2938; x_wconf 76' lang='grc' dir='ltr'>ἡμέραν</span> <span class='ocrx_word' id='word_1_409' title='bbox 3450 2864 3630 2919; x_wconf 78' lang='grc' dir='ltr'>ταῦτα</span> 
     </span>
    </p>
   </div>
   <div class='ocr_carea' id='block_1_59' title="bbox 382 2948 1956 3058">
    <p class='ocr_par' dir='ltr' id='par_1_59' title="bbox 382 2948 1954 3021">
     <span class='ocr_line' id='line_1_59' title="bbox 382 2948 1954 3021; baseline 0.001 -19"><span class='ocrx_word' id='word_1_410' title='bbox 382 2949 614 3002; x_wconf 85' lang='lat' dir='ltr'><strong>rientia?</strong></span> <span class='ocrx_word' id='word_1_411' title='bbox 647 2948 833 3004; x_wconf 81' lang='lat' dir='ltr'><strong>Nonne</strong></span> <span class='ocrx_word' id='word_1_412' title='bbox 861 2951 972 3004; x_wconf 79' lang='lat' dir='ltr'><strong>haec</strong></span> <span class='ocrx_word' id='word_1_413' title='bbox 1007 2951 1224 3006; x_wconf 89' lang='lat' dir='ltr'><strong>assidue</strong></span> <span class='ocrx_word' id='word_1_414' title='bbox 1262 2967 1441 3005; x_wconf 89' lang='lat' dir='ltr'><strong>rerum</strong></span> <span class='ocrx_word' id='word_1_415' title='bbox 1477 2950 1589 3021; x_wconf 89' lang='lat' dir='ltr'><strong>ipsa</strong></span> <span class='ocrx_word' id='word_1_416' title='bbox 1623 2951 1954 3005; x_wconf 79' lang='lat' dir='ltr'><strong>exhibitione</strong></span> 
     </span>
    </p>
   </div>
   <div class='ocr_carea' id='block_1_60' title="bbox 2061 2948 3632 3058">
    <p class='ocr_par' dir='ltr' id='par_1_60' title="bbox 2061 2956 3632 3034">
     <span class='ocr_line' id='line_1_60' title="bbox 2061 2956 3632 3034; baseline -0.003 -19"><span class='ocrx_word' id='word_1_417' title='bbox 2061 2962 2124 3015; x_wconf 82' lang='grc' dir='ltr'>δι’</span> <span class='ocrx_word' id='word_1_418' title='bbox 2180 2961 2355 3034; x_wconf 79' lang='grc' dir='ltr'>ἔργων</span> <span class='ocrx_word' id='word_1_419' title='bbox 2404 2961 2524 3033; x_wconf 79' lang='grc' dir='ltr'>βοᾷ,</span> <span class='ocrx_word' id='word_1_420' title='bbox 2573 2960 2825 3014; x_wconf 78' lang='grc' dir='ltr'>δεικνῦσα</span> <span class='ocrx_word' id='word_1_421' title='bbox 2872 2961 3001 3032; x_wconf 83' lang='grc' dir='ltr'>ἡμῖν</span> <span class='ocrx_word' id='word_1_422' title='bbox 3037 2960 3128 3012; x_wconf 79' lang='grc' dir='ltr'><strong>τὸν</strong></span> <span class='ocrx_word' id='word_1_423' title='bbox 3175 2960 3232 3011; x_wconf 81' lang='grc' dir='ltr'>ὲν</span> <span class='ocrx_word' id='word_1_424' title='bbox 3274 2958 3412 3029; x_wconf 80' lang='grc' dir='ltr'>μέσῃ</span> <span class='ocrx_word' id='word_1_425' title='bbox 3444 2956 3632 3029; x_wconf 79' lang='grc' dir='ltr'>ἡμέρᾳ</span> 
     </span>
    </p>
   </div>
   <div class='ocr_carea' id='block_1_61' title="bbox 385 3039 1954 3111">
    <p class='ocr_par' dir='ltr' id='par_1_61' title="bbox 385 3039 1954 3111">
     <span class='ocr_line' id='line_1_61' title="bbox 385 3039 1954 3111; baseline 0.003 -19"><span class='ocrx_word' id='word_1_426' title='bbox 385 3039 510 3092; x_wconf 86' lang='lat' dir='ltr'><strong>talia</strong></span> <span class='ocrx_word' id='word_1_427' title='bbox 537 3040 771 3094; x_wconf 89' lang='lat' dir='ltr'><strong>clamat?</strong></span> <span class='ocrx_word' id='word_1_428' title='bbox 795 3041 917 3095; x_wconf 90' lang='lat' dir='ltr'><strong>dum</strong></span> <span class='ocrx_word' id='word_1_429' title='bbox 947 3057 1067 3096; x_wconf 91' lang='lat' dir='ltr'><strong>eum</strong></span> <span class='ocrx_word' id='word_1_430' title='bbox 1106 3043 1344 3111; x_wconf 91' lang='lat' dir='ltr'><strong>quidem,</strong></span> <span class='ocrx_word' id='word_1_431' title='bbox 1375 3043 1464 3111; x_wconf 92' lang='lat' dir='ltr'><strong>qui</strong></span> <span class='ocrx_word' id='word_1_432' title='bbox 1520 3042 1740 3097; x_wconf 86' lang='lat' dir='ltr'><strong>meridie</strong></span> <span class='ocrx_word' id='word_1_433' title='bbox 1768 3042 1954 3096; x_wconf 80' lang='lat' dir='ltr'><strong>ﬁrmus</strong></span> 
     </span>
    </p>
   </div>
   <div class='ocr_carea' id='block_1_62' title="bbox 384 3131 1958 3203">
    <p class='ocr_par' dir='ltr' id='par_1_62' title="bbox 384 3131 1958 3203">
     <span class='ocr_line' id='line_1_62' title="bbox 384 3131 1958 3203; baseline 0.003 -19"><span class='ocrx_word' id='word_1_434' title='bbox 384 3139 469 3184; x_wconf 92' lang='lat' dir='ltr'><strong>est</strong></span> <span class='ocrx_word' id='word_1_435' title='bbox 493 3145 556 3184; x_wconf 90' lang='lat' dir='ltr'><strong>ac</strong></span> <span class='ocrx_word' id='word_1_436' title='bbox 581 3131 786 3197; x_wconf 87' lang='lat' dir='ltr'><strong>valens,</strong></span> <span class='ocrx_word' id='word_1_437' title='bbox 816 3142 941 3187; x_wconf 89' lang='lat' dir='ltr'><strong>ante</strong></span> <span class='ocrx_word' id='word_1_438' title='bbox 975 3134 1187 3203; x_wconf 79' lang='lat' dir='ltr'><strong>heSperi</strong></span> <span class='ocrx_word' id='word_1_439' title='bbox 1219 3143 1420 3198; x_wconf 88' lang='lat' dir='ltr'><strong>ortum,</strong></span> <span class='ocrx_word' id='word_1_440' title='bbox 1475 3144 1744 3189; x_wconf 90' lang='lat' dir='ltr'><strong>mortuum</strong></span> <span class='ocrx_word' id='word_1_441' title='bbox 1777 3145 1958 3190; x_wconf 87' lang='lat' dir='ltr'><strong>osten-</strong></span> 
     </span>
    </p>
   </div>
   <div class='ocr_carea' id='block_1_63' title="bbox 383 3223 1953 3293">
    <p class='ocr_par' dir='ltr' id='par_1_63' title="bbox 383 3223 1953 3293">
     <span class='ocr_line' id='line_1_63' title="bbox 383 3223 1953 3293; baseline 0.003 -17"><span class='ocrx_word' id='word_1_442' title='bbox 383 3223 493 3289; x_wconf 88' lang='lat' dir='ltr'><strong>dit;</strong></span> <span class='ocrx_word' id='word_1_443' title='bbox 524 3223 784 3291; x_wconf 86' lang='lat' dir='ltr'><strong>illumque</strong></span> <span class='ocrx_word' id='word_1_444' title='bbox 826 3223 915 3292; x_wconf 92' lang='lat' dir='ltr'><strong>qui</strong></span> <span class='ocrx_word' id='word_1_445' title='bbox 941 3223 1152 3292; x_wconf 88' lang='lat' dir='ltr'><strong>vesperi</strong></span> <span class='ocrx_word' id='word_1_446' title='bbox 1205 3239 1370 3279; x_wconf 88' lang='lat' dir='ltr'><strong>sanus</strong></span> <span class='ocrx_word' id='word_1_447' title='bbox 1417 3234 1502 3279; x_wconf 88' lang='lat' dir='ltr'><strong>est</strong></span> <span class='ocrx_word' id='word_1_448' title='bbox 1551 3240 1615 3280; x_wconf 88' lang='lat' dir='ltr'><strong>ac</strong></span> <span class='ocrx_word' id='word_1_449' title='bbox 1653 3226 1953 3293; x_wconf 80' lang='lat' dir='ltr'><strong>incolumis,</strong></span> 
     </span>
    </p>
   </div>
   <div class='ocr_carea' id='block_1_64' title="bbox 383 3314 1957 3383">
    <p class='ocr_par' dir='ltr' id='par_1_64' title="bbox 383 3314 1957 3383">
     <span class='ocr_line' id='line_1_64' title="bbox 383 3314 1957 3383; baseline 0.001 -15"><span class='ocrx_word' id='word_1_450' title='bbox 383 3314 612 3368; x_wconf 89' lang='lat' dir='ltr'><strong>necdum</strong></span> <span class='ocrx_word' id='word_1_451' title='bbox 640 3314 907 3383; x_wconf 81' lang='lat' dir='ltr'><strong>explicato</strong></span> <span class='ocrx_word' id='word_1_452' title='bbox 933 3315 1082 3368; x_wconf 87' lang='lat' dir='ltr'><strong>radio</strong></span> <span class='ocrx_word' id='word_1_453' title='bbox 1103 3315 1362 3370; x_wconf 89' lang='lat' dir='ltr'><strong>matutino</strong></span> <span class='ocrx_word' id='word_1_454' title='bbox 1385 3317 1710 3370; x_wconf 82' lang='lat' dir='ltr'><strong>exstinctum</strong></span> <span class='ocrx_word' id='word_1_455' title='bbox 1742 3333 1757 3383; x_wconf 89' lang='lat'><strong>;</strong></span> <span class='ocrx_word' id='word_1_456' title='bbox 1795 3316 1957 3371; x_wconf 88' lang='lat' dir='ltr'><strong>alium</strong></span> 
     </span>
    </p>
   </div>
   <div class='ocr_carea' id='block_1_65' title="bbox 385 3405 1959 3477">
    <p class='ocr_par' dir='ltr' id='par_1_65' title="bbox 385 3405 1959 3477">
     <span class='ocr_line' id='line_1_65' title="bbox 385 3405 1959 3477; baseline 0.003 -18"><span class='ocrx_word' id='word_1_457' title='bbox 385 3407 619 3474; x_wconf 88' lang='lat' dir='ltr'><strong>denique</strong></span> <span class='ocrx_word' id='word_1_458' title='bbox 655 3405 792 3459; x_wconf 91' lang='lat' dir='ltr'><strong>inter</strong></span> <span class='ocrx_word' id='word_1_459' title='bbox 817 3405 1004 3473; x_wconf 87' lang='lat' dir='ltr'><strong>epulas</strong></span> <span class='ocrx_word' id='word_1_460' title='bbox 1033 3421 1095 3459; x_wconf 89' lang='lat' dir='ltr'><strong>ac</strong></span> <span class='ocrx_word' id='word_1_461' title='bbox 1129 3405 1279 3460; x_wconf 91' lang='lat' dir='ltr'><strong>cibos</strong></span> <span class='ocrx_word' id='word_1_462' title='bbox 1327 3407 1432 3460; x_wconf 86' lang='lat' dir='ltr'><strong>vita</strong></span> <span class='ocrx_word' id='word_1_463' title='bbox 1473 3409 1784 3477; x_wconf 86' lang='lat' dir='ltr'><strong>privatum?</strong></span> <span class='ocrx_word' id='word_1_464' title='bbox 1829 3409 1959 3476; x_wconf 83' lang='lat' dir='ltr'><strong>Quis</strong></span> 
     </span>
    </p>
   </div>
   <div class='ocr_carea' id='block_1_66' title="bbox 385 3495 1960 3568">
    <p class='ocr_par' dir='ltr' id='par_1_66' title="bbox 385 3495 1960 3568">
     <span class='ocr_line' id='line_1_66' title="bbox 385 3495 1960 3568; baseline 0.004 -20"><span class='ocrx_word' id='word_1_465' title='bbox 385 3497 459 3548; x_wconf 87' lang='lat' dir='ltr'><strong>ita</strong></span> <span class='ocrx_word' id='word_1_466' title='bbox 488 3496 739 3557; x_wconf 88' lang='lat' dir='ltr'><strong>stolidus,</strong></span> <span class='ocrx_word' id='word_1_467' title='bbox 767 3507 824 3548; x_wconf 89' lang='lat' dir='ltr'><strong>ut</strong></span> <span class='ocrx_word' id='word_1_468' title='bbox 856 3513 958 3549; x_wconf 89' lang='lat' dir='ltr'><strong>non</strong></span> <span class='ocrx_word' id='word_1_469' title='bbox 981 3495 1179 3563; x_wconf 84' lang='lat' dir='ltr'><strong>videat,</strong></span> <span class='ocrx_word' id='word_1_470' title='bbox 1207 3497 1328 3551; x_wconf 86' lang='lat' dir='ltr'><strong>aliis</strong></span> <span class='ocrx_word' id='word_1_471' title='bbox 1355 3498 1582 3568; x_wconf 90' lang='lat' dir='ltr'><strong>aliisque</strong></span> <span class='ocrx_word' id='word_1_472' title='bbox 1627 3501 1800 3554; x_wconf 89' lang='lat' dir='ltr'><strong>modis</strong></span> <span class='ocrx_word' id='word_1_473' title='bbox 1828 3516 1960 3568; x_wconf 84' lang='lat' dir='ltr'><strong>quo-</strong></span> 
     </span>
    </p>
   </div>
   <div class='ocr_carea' id='block_1_67' title="bbox 388 3588 1960 3660">
    <p class='ocr_par' dir='ltr' id='par_1_67' title="bbox 388 3588 1960 3660">
     <span class='ocr_line' id='line_1_67' title="bbox 388 3588 1960 3660; baseline 0.003 -20"><span class='ocrx_word' id='word_1_474' title='bbox 388 3589 515 3642; x_wconf 89' lang='lat' dir='ltr'><strong>tidie</strong></span> <span class='ocrx_word' id='word_1_475' title='bbox 547 3603 644 3642; x_wconf 90' lang='lat' dir='ltr'><strong>nos</strong></span> <span class='ocrx_word' id='word_1_476' title='bbox 674 3589 796 3642; x_wconf 71' lang='lat' dir='ltr'><strong>vita:</strong></span> <span class='ocrx_word' id='word_1_477' title='bbox 825 3588 982 3655; x_wconf 86' lang='lat' dir='ltr'><strong>huius</strong></span> <span class='ocrx_word' id='word_1_478' title='bbox 1025 3592 1431 3660; x_wconf 88' lang='lat' dir='ltr'><strong>dispensatione</strong></span> <span class='ocrx_word' id='word_1_479' title='bbox 1489 3593 1688 3645; x_wconf 89' lang='lat' dir='ltr'><strong>moveri</strong></span> <span class='ocrx_word' id='word_1_480' title='bbox 1715 3593 1738 3644; x_wconf 87' lang='lat'><strong>?</strong></span> <span class='ocrx_word' id='word_1_481' title='bbox 1771 3591 1960 3646; x_wconf 87' lang='lat' dir='ltr'><strong>Enim-</strong></span> 
     </span>
    </p>
   </div>
   <div class='ocr_carea' id='block_1_68' title="bbox 384 3679 1960 3752">
    <p class='ocr_par' dir='ltr' id='par_1_68' title="bbox 384 3679 1960 3752">
     <span class='ocr_line' id='line_1_68' title="bbox 384 3679 1960 3752; baseline 0.004 -23"><span class='ocrx_word' id='word_1_482' title='bbox 384 3695 514 3735; x_wconf 91' lang='lat' dir='ltr'><strong>vero</strong></span> <span class='ocrx_word' id='word_1_483' title='bbox 563 3679 734 3734; x_wconf 91' lang='lat' dir='ltr'><strong>bonus</strong></span> <span class='ocrx_word' id='word_1_484' title='bbox 765 3697 828 3734; x_wconf 87' lang='lat' dir='ltr'><strong>ac</strong></span> <span class='ocrx_word' id='word_1_485' title='bbox 861 3682 1030 3735; x_wconf 87' lang='lat' dir='ltr'><strong>lidclis</strong></span> <span class='ocrx_word' id='word_1_486' title='bbox 1059 3698 1268 3748; x_wconf 89' lang='lat' dir='ltr'><strong>servus,</strong></span> <span class='ocrx_word' id='word_1_487' title='bbox 1301 3684 1484 3751; x_wconf 89' lang='lat' dir='ltr'><strong>reique</strong></span> <span class='ocrx_word' id='word_1_488' title='bbox 1517 3683 1682 3752; x_wconf 89' lang='lat' dir='ltr'><strong>probe</strong></span> <span class='ocrx_word' id='word_1_489' title='bbox 1733 3683 1960 3737; x_wconf 84' lang='lat' dir='ltr'><strong>admini-</strong></span> 
     </span>
    </p>
   </div>
   <div class='ocr_carea' id='block_1_69' title="bbox 383 3769 1959 3842">
    <p class='ocr_par' dir='ltr' id='par_1_69' title="bbox 383 3769 1959 3842">
     <span class='ocr_line' id='line_1_69' title="bbox 383 3769 1959 3842; baseline 0.002 -18"><span class='ocrx_word' id='word_1_490' title='bbox 383 3779 568 3824; x_wconf 69' lang='lat' dir='ltr'><strong>strata:</strong></span> <span class='ocrx_word' id='word_1_491' title='bbox 592 3771 918 3824; x_wconf 86' lang='lat' dir='ltr'><strong>conscientia</strong></span> <span class='ocrx_word' id='word_1_492' title='bbox 961 3769 1151 3837; x_wconf 86' lang='lat' dir='ltr'><strong>fretus,</strong></span> <span class='ocrx_word' id='word_1_493' title='bbox 1189 3775 1262 3826; x_wconf 90' lang='lat' dir='ltr'><strong>ita</strong></span> <span class='ocrx_word' id='word_1_494' title='bbox 1289 3775 1467 3827; x_wconf 91' lang='lat' dir='ltr'><strong>animo</strong></span> <span class='ocrx_word' id='word_1_495' title='bbox 1487 3783 1831 3842; x_wconf 84' lang='lat' dir='ltr'><strong>comparatus</strong></span> <span class='ocrx_word' id='word_1_496' title='bbox 1855 3782 1959 3838; x_wconf 89' lang='lat' dir='ltr'><strong>est,</strong></span> 
     </span>
    </p>
   </div>
   <div class='ocr_carea' id='block_1_70' title="bbox 387 3863 1963 3938">
    <p class='ocr_par' dir='ltr' id='par_1_70' title="bbox 387 3863 1963 3938">
     <span class='ocr_line' id='line_1_70' title="bbox 387 3863 1963 3938; baseline 0.005 -23"><span class='ocrx_word' id='word_1_497' title='bbox 387 3864 463 3916; x_wconf 90' lang='lat' dir='ltr'><strong>uti</strong></span> <span class='ocrx_word' id='word_1_498' title='bbox 493 3864 619 3916; x_wconf 91' lang='lat' dir='ltr'><strong>olim</strong></span> <span class='ocrx_word' id='word_1_499' title='bbox 656 3863 873 3919; x_wconf 88' lang='lat' dir='ltr'><strong>Paulus.</strong></span> <span class='ocrx_word' id='word_1_500' title='bbox 908 3865 998 3920; x_wconf 92' lang='lat' dir='ltr'><strong>Ille</strong></span> <span class='ocrx_word' id='word_1_501' title='bbox 1026 3867 1167 3920; x_wconf 85' lang='lat' dir='ltr'><strong>enim</strong></span> <span class='ocrx_word' id='word_1_502' title='bbox 1194 3882 1314 3921; x_wconf 82' lang='lat' dir='ltr'><strong>cum</strong></span> <span class='ocrx_word' id='word_1_503' title='bbox 1367 3882 1466 3922; x_wconf 88' lang='lat' dir='ltr'><strong>nec</strong></span> <span class='ocrx_word' id='word_1_504' title='bbox 1502 3868 1758 3922; x_wconf 90' lang='lat' dir='ltr'><strong>Dominus</strong></span> <span class='ocrx_word' id='word_1_505' title='bbox 1807 3883 1963 3938; x_wconf 82' lang='lat' dir='ltr'><strong>urge-</strong></span> 
     </span>
    </p>
   </div>
   <div class='ocr_carea' id='block_1_71' title="bbox 386 3955 1963 4030">
    <p class='ocr_par' dir='ltr' id='par_1_71' title="bbox 386 3955 1963 4030">
     <span class='ocr_line' id='line_1_71' title="bbox 386 3955 1963 4030; baseline 0.005 -23"><span class='ocrx_word' id='word_1_506' title='bbox 386 3965 487 4016; x_wconf 87' lang='lat' dir='ltr'><strong>ret,</strong></span> <span class='ocrx_word' id='word_1_507' title='bbox 525 3956 590 4009; x_wconf 90' lang='lat' dir='ltr'><strong>ad</strong></span> <span class='ocrx_word' id='word_1_508' title='bbox 621 3970 738 4009; x_wconf 90' lang='lat' dir='ltr'><strong>eum</strong></span> <span class='ocrx_word' id='word_1_509' title='bbox 771 3955 1083 4020; x_wconf 88' lang='lat' dir='ltr'><strong>anhelabat,</strong></span> <span class='ocrx_word' id='word_1_510' title='bbox 1118 3973 1180 4012; x_wconf 89' lang='lat' dir='ltr'><strong>ac</strong></span> <span class='ocrx_word' id='word_1_511' title='bbox 1211 3958 1345 4012; x_wconf 88' lang='lat' dir='ltr'><strong>solvi</strong></span> <span class='ocrx_word' id='word_1_512' title='bbox 1401 3959 1672 4029; x_wconf 88' lang='lat' dir='ltr'><strong>cupiebat,</strong></span> <span class='ocrx_word' id='word_1_513' title='bbox 1713 3959 1963 4030; x_wconf 88' lang='lat' dir='ltr'><strong>ultroque</strong></span> 
     </span>
    </p>
   </div>
   <div class='ocr_carea' id='block_1_72' title="bbox 385 4042 1964 4119">
    <p class='ocr_par' dir='ltr' id='par_1_72' title="bbox 385 4042 1964 4119">
     <span class='ocr_line' id='line_1_72' title="bbox 385 4042 1964 4119; baseline 0.006 -23"><span class='ocrx_word' id='word_1_514' title='bbox 385 4042 779 4112; x_wconf 87' lang='lat' dir='ltr'><strong>deprecabatur</strong></span> <span class='ocrx_word' id='word_1_515' title='bbox 812 4045 1212 4112; x_wconf 88' lang='lat' dir='ltr'><strong>villicationem,</strong></span> <span class='ocrx_word' id='word_1_516' title='bbox 1237 4048 1434 4102; x_wconf 86' lang='lat' dir='ltr'><strong>alicubi</strong></span> <span class='ocrx_word' id='word_1_517' title='bbox 1494 4050 1711 4119; x_wconf 88' lang='lat' dir='ltr'><strong>quidem</strong></span> <span class='ocrx_word' id='word_1_518' title='bbox 1774 4052 1846 4104; x_wconf 88' lang='lat' dir='ltr'><strong>ita</strong></span> <span class='ocrx_word' id='word_1_519' title='bbox 1881 4053 1964 4105; x_wconf 80' lang='lat' dir='ltr'><strong>di-</strong></span> 
     </span>
    </p>
   </div>
   <div class='ocr_carea' id='block_1_73' title="bbox 2060 3049 3624 3126">
    <p class='ocr_par' dir='ltr' id='par_1_73' title="bbox 2060 3049 3624 3126">
     <span class='ocr_line' id='line_1_73' title="bbox 2060 3049 3624 3126; baseline -0.004 -17"><span class='ocrx_word' id='word_1_520' title='bbox 2060 3056 2388 3122; x_wconf 85' lang='grc' dir='ltr'>ύγιαίνοντα,</span> <span class='ocrx_word' id='word_1_521' title='bbox 2434 3055 2538 3126; x_wconf 86' lang='grc' dir='ltr'><strong>πρὸ</strong></span> <span class='ocrx_word' id='word_1_522' title='bbox 2578 3053 2680 3123; x_wconf 81' lang='grc' dir='ltr'>τῆς</span> <span class='ocrx_word' id='word_1_523' title='bbox 2714 3052 2966 3124; x_wconf 81' lang='grc' dir='ltr'>ὲπιτολῆς</span> <span class='ocrx_word' id='word_1_524' title='bbox 3000 3052 3094 3105; x_wconf 83' lang='grc' dir='ltr'>τοῦ</span> <span class='ocrx_word' id='word_1_525' title='bbox 3134 3051 3369 3122; x_wconf 83' lang='grc' dir='ltr'>ἐσπέρου</span> <span class='ocrx_word' id='word_1_526' title='bbox 3408 3049 3624 3122; x_wconf 82' lang='grc' dir='ltr'>νεκρόν·</span> 
     </span>
    </p>
   </div>
   <div class='ocr_carea' id='block_1_74' title="bbox 2058 3142 3632 3218">
    <p class='ocr_par' dir='ltr' id='par_1_74' title="bbox 2058 3142 3632 3218">
     <span class='ocr_line' id='line_1_74' title="bbox 2058 3142 3632 3218; baseline -0.003 -17"><span class='ocrx_word' id='word_1_527' title='bbox 2058 3149 2151 3202; x_wconf 72' lang='grc' dir='ltr'><strong>καὶ</strong></span> <span class='ocrx_word' id='word_1_528' title='bbox 2183 3149 2272 3200; x_wconf 83' lang='grc' dir='ltr'><strong>τὸν</strong></span> <span class='ocrx_word' id='word_1_529' title='bbox 2316 3147 2626 3218; x_wconf 75' lang='grc' dir='ltr'>ἐρρωμένον</span> <span class='ocrx_word' id='word_1_530' title='bbox 2660 3148 2716 3198; x_wconf 79' lang='grc' dir='ltr'><strong>ἐν</strong></span> <span class='ocrx_word' id='word_1_531' title='bbox 2778 3149 2843 3218; x_wconf 80' lang='grc' dir='ltr'>τῇ</span> <span class='ocrx_word' id='word_1_532' title='bbox 2898 3145 3124 3217; x_wconf 71' lang='grc' dir='ltr'>ἑσπέρᾳ,</span> <span class='ocrx_word' id='word_1_533' title='bbox 3164 3144 3261 3215; x_wconf 79' lang='grc' dir='ltr'>τὴν</span> <span class='ocrx_word' id='word_1_534' title='bbox 3303 3145 3493 3198; x_wconf 86' lang='grc' dir='ltr'>ἀκτῖνα</span> <span class='ocrx_word' id='word_1_535' title='bbox 3528 3142 3632 3214; x_wconf 82' lang='grc' dir='ltr'>τὴν</span> 
     </span>
    </p>
   </div>
   <div class='ocr_carea' id='block_1_75' title="bbox 2058 3234 3632 3310">
    <p class='ocr_par' dir='ltr' id='par_1_75' title="bbox 2058 3234 3632 3310">
     <span class='ocr_line' id='line_1_75' title="bbox 2058 3234 3632 3310; baseline -0.003 -17"><span class='ocrx_word' id='word_1_536' title='bbox 2058 3240 2286 3310; x_wconf 78' lang='grc' dir='ltr'>ἑωθινὴν</span> <span class='ocrx_word' id='word_1_537' title='bbox 2325 3239 2384 3292; x_wconf 87' lang='grc' dir='ltr'><strong>ού</strong></span> <span class='ocrx_word' id='word_1_538' title='bbox 2429 3238 2943 3309; x_wconf 77' lang='grc' dir='ltr'>καταλαμϐάνονταο</span> <span class='ocrx_word' id='word_1_539' title='bbox 2975 3239 3069 3291; x_wconf 71' lang='grc' dir='ltr'><strong>καὶ</strong></span> <span class='ocrx_word' id='word_1_540' title='bbox 3109 3237 3266 3291; x_wconf 79' lang='grc' dir='ltr'>ἄλλον</span> <span class='ocrx_word' id='word_1_541' title='bbox 3302 3234 3502 3306; x_wconf 80' lang='grc' dir='ltr'>μεταξὺ</span> <span class='ocrx_word' id='word_1_542' title='bbox 3532 3234 3632 3289; x_wconf 77' lang='grc' dir='ltr'>τοῦ</span> 
     </span>
    </p>
   </div>
   <div class='ocr_carea' id='block_1_76' title="bbox 2058 3323 3635 3403">
    <p class='ocr_par' dir='ltr' id='par_1_76' title="bbox 2058 3323 3635 3403">
     <span class='ocr_line' id='line_1_76' title="bbox 2058 3323 3635 3403; baseline -0.006 -18"><span class='ocrx_word' id='word_1_543' title='bbox 2058 3332 2278 3397; x_wconf 81' lang='grc' dir='ltr'>ἐσθίειν,</span> <span class='ocrx_word' id='word_1_544' title='bbox 2300 3331 2393 3385; x_wconf 76' lang='grc' dir='ltr'>τοῦ</span> <span class='ocrx_word' id='word_1_545' title='bbox 2420 3329 2518 3403; x_wconf 80' lang='grc' dir='ltr'><strong>ζῇν</strong></span> <span class='ocrx_word' id='word_1_546' title='bbox 2539 3329 2914 3402; x_wconf 79' lang='grc' dir='ltr'>ἀπολήγοντα;</span> <span class='ocrx_word' id='word_1_547' title='bbox 2939 3328 3034 3391; x_wconf 87' lang='grc' dir='ltr'><strong>Τίς</strong></span> <span class='ocrx_word' id='word_1_548' title='bbox 3049 3327 3103 3380; x_wconf 77' lang='grc' dir='ltr'><strong>δὲ</strong></span> <span class='ocrx_word' id='word_1_549' title='bbox 3127 3326 3295 3389; x_wconf 77' lang='grc' dir='ltr'>οὕτως</span> <span class='ocrx_word' id='word_1_550' title='bbox 3313 3325 3533 3396; x_wconf 74' lang='grc' dir='ltr'>ἠλίθιος,</span> <span class='ocrx_word' id='word_1_551' title='bbox 3555 3323 3635 3388; x_wconf 85' lang='grc' dir='ltr'>ὡς</span> 
     </span>
    </p>
   </div>
   <div class='ocr_carea' id='block_1_77' title="bbox 2063 3415 3633 3496">
    <p class='ocr_par' dir='ltr' id='par_1_77' title="bbox 2063 3415 3633 3496">
     <span class='ocr_line' id='line_1_77' title="bbox 2063 3415 3633 3496; baseline -0.005 -19"><span class='ocrx_word' id='word_1_552' title='bbox 2063 3424 2138 3496; x_wconf 79' lang='grc' dir='ltr'>μὴ</span> <span class='ocrx_word' id='word_1_553' title='bbox 2155 3425 2403 3494; x_wconf 77' lang='grc' dir='ltr'>συνορᾷν,</span> <span class='ocrx_word' id='word_1_554' title='bbox 2428 3425 2574 3486; x_wconf 86' lang='grc' dir='ltr'>ὅπως</span> <span class='ocrx_word' id='word_1_555' title='bbox 2605 3419 3100 3493; x_wconf 63' lang='grc' dir='ltr'>καθημέρανξᾶλλος</span> <span class='ocrx_word' id='word_1_556' title='bbox 3125 3419 3310 3472; x_wconf 80' lang='grc' dir='ltr'>ἄλλοτε</span> <span class='ocrx_word' id='word_1_557' title='bbox 3329 3418 3426 3488; x_wconf 82' lang='grc' dir='ltr'>τῆς</span> <span class='ocrx_word' id='word_1_558' title='bbox 3441 3415 3633 3469; x_wconf 76' lang='grc' dir='ltr'>ἐνθάδε</span> 
     </span>
    </p>
   </div>
   <div class='ocr_carea' id='block_1_78' title="bbox 2059 3510 3638 3586">
    <p class='ocr_par' dir='ltr' id='par_1_78' title="bbox 2059 3510 3638 3586">
     <span class='ocr_line' id='line_1_78' title="bbox 2059 3510 3638 3586; baseline -0.005 -17"><span class='ocrx_word' id='word_1_559' title='bbox 2059 3517 2370 3586; x_wconf 74' lang='grc' dir='ltr'>οἰκονομίας</span> <span class='ocrx_word' id='word_1_560' title='bbox 2392 3514 2817 3584; x_wconf 86' lang='grc' dir='ltr'>ἀποκινούμεθα;</span> <span class='ocrx_word' id='word_1_561' title='bbox 2856 3513 2996 3566; x_wconf 84' lang='grc' dir='ltr'>Ἀλλ’</span> <span class='ocrx_word' id='word_1_562' title='bbox 3020 3515 3047 3566; x_wconf 93' lang='lat'><strong>6</strong></span> <span class='ocrx_word' id='word_1_563' title='bbox 3076 3511 3171 3582; x_wconf 79' lang='grc' dir='ltr'><strong>μὲν</strong></span> <span class='ocrx_word' id='word_1_564' title='bbox 3202 3510 3404 3580; x_wconf 83' lang='grc' dir='ltr'>ἀγαθὸς</span> <span class='ocrx_word' id='word_1_565' title='bbox 3422 3510 3514 3562; x_wconf 74' lang='grc' dir='ltr'><strong>καὶ</strong></span> <span class='ocrx_word' id='word_1_566' title='bbox 3543 3526 3638 3562; x_wconf 82' lang='grc' dir='ltr'>πι-</span> 
     </span>
    </p>
   </div>
   <div class='ocr_carea' id='block_1_79' title="bbox 2063 3601 3638 3676">
    <p class='ocr_par' dir='ltr' id='par_1_79' title="bbox 2063 3601 3638 3676">
     <span class='ocr_line' id='line_1_79' title="bbox 2063 3601 3638 3676; baseline -0.004 -17"><span class='ocrx_word' id='word_1_567' title='bbox 2063 3607 2184 3670; x_wconf 84' lang='grc' dir='ltr'>στὸς</span> <span class='ocrx_word' id='word_1_568' title='bbox 2210 3606 2426 3675; x_wconf 84' lang='grc' dir='ltr'>οἰκέτης</span> <span class='ocrx_word' id='word_1_569' title='bbox 2441 3606 2534 3658; x_wconf 72' lang='grc' dir='ltr'><strong>καὶ</strong></span> <span class='ocrx_word' id='word_1_570' title='bbox 2557 3604 2829 3668; x_wconf 83' lang='grc' dir='ltr'>πεποιθὼς</span> <span class='ocrx_word' id='word_1_571' title='bbox 2849 3607 2916 3676; x_wconf 82' lang='grc' dir='ltr'>τῇ</span> <span class='ocrx_word' id='word_1_572' title='bbox 2941 3603 3132 3656; x_wconf 77' lang='grc' dir='ltr'>ἑαυτοῦ</span> <span class='ocrx_word' id='word_1_573' title='bbox 3163 3604 3442 3673; x_wconf 78' lang='grc' dir='ltr'>διοικήσει,</span> <span class='ocrx_word' id='word_1_574' title='bbox 3462 3601 3638 3666; x_wconf 73' lang='grc' dir='ltr'>οὕτως</span> 
     </span>
    </p>
   </div>
   <div class='ocr_carea' id='block_1_80' title="bbox 2062 3691 3637 3769">
    <p class='ocr_par' dir='ltr' id='par_1_80' title="bbox 2062 3691 3637 3769">
     <span class='ocr_line' id='line_1_80' title="bbox 2062 3691 3637 3769; baseline -0.003 -19"><span class='ocrx_word' id='word_1_575' title='bbox 2062 3697 2173 3769; x_wconf 72' lang='grc' dir='ltr'>ἔχει</span> <span class='ocrx_word' id='word_1_576' title='bbox 2187 3695 2426 3768; x_wconf 87' lang='grc' dir='ltr'>γνώμης,</span> <span class='ocrx_word' id='word_1_577' title='bbox 2442 3697 2516 3759; x_wconf 86' lang='grc' dir='ltr'><strong>ώς</strong></span> <span class='ocrx_word' id='word_1_578' title='bbox 2531 3691 2642 3767; x_wconf 72' lang='grc' dir='ltr'>εἶχε</span> <span class='ocrx_word' id='word_1_579' title='bbox 2663 3695 2915 3765; x_wconf 72' lang='grc' dir='ltr'>Παῦλος.ξ</span> <span class='ocrx_word' id='word_1_580' title='bbox 2929 3696 3165 3758; x_wconf 83' lang='grc' dir='ltr'>Ἐκεῖνος</span> <span class='ocrx_word' id='word_1_581' title='bbox 3181 3694 3311 3765; x_wconf 76' lang='grc' dir='ltr'>γάρ,</span> <span class='ocrx_word' id='word_1_582' title='bbox 3323 3693 3414 3747; x_wconf 78' lang='grc' dir='ltr'>τοῦ</span> <span class='ocrx_word' id='word_1_583' title='bbox 3433 3693 3637 3762; x_wconf 87' lang='grc' dir='ltr'>Κυρίου</span> 
     </span>
    </p>
   </div>
   <div class='ocr_carea' id='block_1_81' title="bbox 2065 3784 3640 3862">
    <p class='ocr_par' dir='ltr' id='par_1_81' title="bbox 2065 3784 3640 3862">
     <span class='ocr_line' id='line_1_81' title="bbox 2065 3784 3640 3862; baseline -0.003 -19"><span class='ocrx_word' id='word_1_584' title='bbox 2065 3791 2139 3862; x_wconf 81' lang='grc' dir='ltr'>μὴ</span> <span class='ocrx_word' id='word_1_585' title='bbox 2165 3788 2596 3856; x_wconf 76' lang='grc' dir='ltr'>κατεπείγοντος,</span> <span class='ocrx_word' id='word_1_586' title='bbox 2635 3787 2858 3840; x_wconf 72' lang='grc' dir='ltr'>ἔσπευδε</span> <span class='ocrx_word' id='word_1_587' title='bbox 2884 3787 3020 3859; x_wconf 75' lang='grc' dir='ltr'>πρὸς</span> <span class='ocrx_word' id='word_1_588' title='bbox 3044 3786 3223 3849; x_wconf 75' lang='grc' dir='ltr'>αὐτὸν,</span> <span class='ocrx_word' id='word_1_589' title='bbox 3260 3785 3352 3838; x_wconf 72' lang='grc' dir='ltr'><strong>καὶ</strong></span> <span class='ocrx_word' id='word_1_590' title='bbox 3374 3784 3470 3855; x_wconf 84' lang='grc' dir='ltr'>τὴν</span> <span class='ocrx_word' id='word_1_591' title='bbox 3502 3784 3640 3838; x_wconf 82' lang='grc' dir='ltr'>ἀνά-</span> 
     </span>
    </p>
   </div>
   <div class='ocr_carea' id='block_1_82' title="bbox 2062 3874 3636 3951">
    <p class='ocr_par' dir='ltr' id='par_1_82' title="bbox 2062 3874 3636 3951">
     <span class='ocr_line' id='line_1_82' title="bbox 2062 3874 3636 3951; baseline -0.005 -15"><span class='ocrx_word' id='word_1_592' title='bbox 2062 3883 2214 3936; x_wconf 89' lang='grc' dir='ltr'>λυσιν</span> <span class='ocrx_word' id='word_1_593' title='bbox 2250 3880 2433 3935; x_wconf 77' lang='grc' dir='ltr'>ἐπόθει</span> <span class='ocrx_word' id='word_1_594' title='bbox 2459 3921 2474 3942; x_wconf 85' lang='grc'><strong>.</strong></span> <span class='ocrx_word' id='word_1_595' title='bbox 2521 3880 2618 3934; x_wconf 70' lang='grc' dir='ltr'>καὶ</span> <span class='ocrx_word' id='word_1_596' title='bbox 2662 3881 2958 3951; x_wconf 76' lang='grc' dir='ltr'>παρῃτεῖτο</span> <span class='ocrx_word' id='word_1_597' title='bbox 2998 3876 3137 3930; x_wconf 78' lang='grc' dir='ltr'>ἑκὼν</span> <span class='ocrx_word' id='word_1_598' title='bbox 3174 3876 3271 3947; x_wconf 84' lang='grc' dir='ltr'><strong>τὴν</strong></span> <span class='ocrx_word' id='word_1_599' title='bbox 3303 3874 3636 3946; x_wconf 84' lang='grc' dir='ltr'>οἰκονομίαν,</span> 
     </span>
    </p>
   </div>
   <div class='ocr_carea' id='block_1_83' title="bbox 2067 3968 3641 4046">
    <p class='ocr_par' dir='ltr' id='par_1_83' title="bbox 2067 3968 3641 4046">
     <span class='ocr_line' id='line_1_83' title="bbox 2067 3968 3641 4046; baseline -0.004 -18"><span class='ocrx_word' id='word_1_600' title='bbox 2067 3976 2141 4046; x_wconf 89' lang='grc' dir='ltr'>πῆ</span> <span class='ocrx_word' id='word_1_601' title='bbox 2173 3975 2268 4046; x_wconf 82' lang='grc' dir='ltr'><strong>μὲν</strong></span> <span class='ocrx_word' id='word_1_602' title='bbox 2298 3973 2468 4043; x_wconf 86' lang='grc' dir='ltr'>λέγων</span> <span class='ocrx_word' id='word_1_603' title='bbox 2489 3989 2505 4006; x_wconf 79' lang='grc' dir='ltr'><strong>ο</strong></span> <span class='ocrx_word' id='word_1_604' title='bbox 2535 3971 2911 4039; x_wconf 75' lang='grc' dir='ltr'>Ταλαίπωρος</span> <span class='ocrx_word' id='word_1_605' title='bbox 2937 3969 3050 4040; x_wconf 69' lang='grc' dir='ltr'><strong>ἐγὼ</strong></span> <span class='ocrx_word' id='word_1_606' title='bbox 3092 3969 3421 4036; x_wconf 74' lang='grc' dir='ltr'>ἅνθρωπος,</span> <span class='ocrx_word' id='word_1_607' title='bbox 3446 3968 3538 4031; x_wconf 86' lang='grc' dir='ltr'><strong>τίς</strong></span> <span class='ocrx_word' id='word_1_608' title='bbox 3559 3984 3641 4036; x_wconf 80' lang='grc' dir='ltr'><strong>με</strong></span> 
     </span>
    </p>
   </div>
   <div class='ocr_carea' id='block_1_84' title="bbox 2057 4057 3638 4134">
    <p class='ocr_par' dir='ltr' id='par_1_84' title="bbox 2057 4057 3638 4134">
     <span class='ocr_line' id='line_1_84' title="bbox 2057 4057 3638 4134; baseline -0.006 -16"><span class='ocrx_word' id='word_1_609' title='bbox 2057 4066 2307 4134; x_wconf 71' lang='grc' dir='ltr'>ῥύσεται</span> <span class='ocrx_word' id='word_1_610' title='bbox 2346 4063 2414 4116; x_wconf 86' lang='grc' dir='ltr'>ἐκ</span> <span class='ocrx_word' id='word_1_611' title='bbox 2452 4061 2558 4116; x_wconf 85' lang='grc' dir='ltr'><strong>τοῦ</strong></span> <span class='ocrx_word' id='word_1_612' title='bbox 2615 4060 2887 4130; x_wconf 84' lang='grc' dir='ltr'>σώματος</span> <span class='ocrx_word' id='word_1_613' title='bbox 2931 4059 3038 4113; x_wconf 81' lang='grc' dir='ltr'>τοῦ</span> <span class='ocrx_word' id='word_1_614' title='bbox 3073 4057 3331 4114; x_wconf 80' lang='grc' dir='ltr'>θανάτου</span> <span class='ocrx_word' id='word_1_615' title='bbox 3389 4058 3638 4121; x_wconf 69' lang='grc' dir='ltr'>τούτους</span> 
     </span>
    </p>
   </div>
   <div class='ocr_carea' id='block_1_85' title="bbox 385 4133 1956 4223">
    <p class='ocr_par' dir='ltr' id='par_1_85' title="bbox 385 4133 1956 4210">
     <span class='ocr_line' id='line_1_85' title="bbox 385 4133 1956 4210; baseline 0.005 -22"><span class='ocrx_word' id='word_1_616' title='bbox 385 4149 514 4188; x_wconf 89' lang='lat' dir='ltr'><strong>cens</strong></span> <span class='ocrx_word' id='word_1_617' title='bbox 544 4153 556 4188; x_wconf 90' lang='lat'><strong>:</strong></span> <span class='ocrx_word' id='word_1_618' title='bbox 597 4133 790 4202; x_wconf 78' lang='lat' dir='ltr'><strong>Infelix</strong></span> <span class='ocrx_word' id='word_1_619' title='bbox 817 4153 908 4203; x_wconf 82' lang='lat' dir='ltr'><strong>ego</strong></span> <span class='ocrx_word' id='word_1_620' title='bbox 936 4138 1108 4203; x_wconf 85' lang='lat' dir='ltr'><strong>homo,</strong></span> <span class='ocrx_word' id='word_1_621' title='bbox 1136 4139 1254 4207; x_wconf 72' lang='lat' dir='ltr'><strong>quis</strong></span> <span class='ocrx_word' id='word_1_622' title='bbox 1281 4155 1360 4192; x_wconf 88' lang='lat' dir='ltr'><strong>me</strong></span> <span class='ocrx_word' id='word_1_623' title='bbox 1389 4140 1626 4192; x_wconf 83' lang='lat' dir='ltr'><strong>liberabit</strong></span> <span class='ocrx_word' id='word_1_624' title='bbox 1667 4141 1729 4194; x_wconf 90' lang='lat' dir='ltr'><strong>de</strong></span> <span class='ocrx_word' id='word_1_625' title='bbox 1753 4157 1956 4210; x_wconf 81' lang='lat' dir='ltr'><strong>corpore</strong></span> 
     </span>
    </p>
   </div>
   <div class='ocr_carea' id='block_1_86' title="bbox 2061 4133 3644 4223">
    <p class='ocr_par' dir='ltr' id='par_1_86' title="bbox 2061 4133 3644 4223">
     <span class='ocr_line' id='line_1_86' title="bbox 2061 4133 3644 4223; baseline -0.005 -15"><span class='ocrx_word' id='word_1_626' title='bbox 2061 4133 2159 4208; x_wconf 76' lang='grc' dir='ltr'><strong>καὶ</strong></span> <span class='ocrx_word' id='word_1_627' title='bbox 2198 4154 2388 4208; x_wconf 79' lang='grc' dir='ltr'>πάλινο</span> <span class='ocrx_word' id='word_1_628' title='bbox 2437 4152 2592 4223; x_wconf 82' lang='grc' dir='ltr'><strong>Ἐ’μοί</strong></span> <span class='ocrx_word' id='word_1_629' title='bbox 2643 4150 2730 4217; x_wconf 79' lang='grc' dir='ltr'>δὲ,</span> <span class='ocrx_word' id='word_1_630' title='bbox 2776 4150 2965 4204; x_wconf 71' lang='grc' dir='ltr'>καλὸν</span> <span class='ocrx_word' id='word_1_631' title='bbox 3005 4149 3332 4212; x_wconf 74' lang='grc' dir='ltr'>ἀναλῦσαι,</span> <span class='ocrx_word' id='word_1_632' title='bbox 3377 4147 3475 4201; x_wconf 77' lang='grc' dir='ltr'>καὶ</span> <span class='ocrx_word' id='word_1_633' title='bbox 3515 4147 3644 4201; x_wconf 74' lang='grc' dir='ltr'><strong>σὺν</strong></span> 
     </span>
    </p>
   </div>
   <div class='ocr_carea' id='block_1_87' title="bbox 385 4225 1956 4318">
    <p class='ocr_par' dir='ltr' id='par_1_87' title="bbox 385 4225 1956 4296">
     <span class='ocr_line' id='line_1_87' title="bbox 385 4225 1956 4296; baseline 0.008 -20"><span class='ocrx_word' id='word_1_634' title='bbox 385 4226 570 4278; x_wconf 76' lang='lat' dir='ltr'><strong>mortis</strong></span> <span class='ocrx_word' id='word_1_635' title='bbox 595 4225 751 4296; x_wconf 76' lang='lat' dir='ltr'><strong>hujus</strong></span> <span class='ocrx_word' id='word_1_636' title='bbox 773 4226 853 4278; x_wconf 70' lang='grc' dir='ltr'><strong>ἐἰ</strong></span> <span class='ocrx_word' id='word_1_637' title='bbox 877 4228 953 4281; x_wconf 82' lang='lat' dir='ltr'><strong>Ac</strong></span> <span class='ocrx_word' id='word_1_638' title='bbox 997 4243 1186 4283; x_wconf 88' lang='lat' dir='ltr'><strong>rursus</strong></span> <span class='ocrx_word' id='word_1_639' title='bbox 1217 4245 1230 4280; x_wconf 93' lang='lat'><strong>:</strong></span> <span class='ocrx_word' id='word_1_640' title='bbox 1267 4229 1400 4283; x_wconf 76' lang='lat' dir='ltr'><strong>Mihi</strong></span> <span class='ocrx_word' id='word_1_641' title='bbox 1431 4241 1606 4286; x_wconf 84' lang='lat' dir='ltr'><strong>autem</strong></span> <span class='ocrx_word' id='word_1_642' title='bbox 1674 4235 1863 4287; x_wconf 88' lang='lat' dir='ltr'><strong>bonum</strong></span> <span class='ocrx_word' id='word_1_643' title='bbox 1888 4246 1956 4288; x_wconf 79' lang='lat' dir='ltr'><strong>est</strong></span> 
     </span>
    </p>
   </div>
   <div class='ocr_carea' id='block_1_88' title="bbox 2061 4225 3644 4318">
    <p class='ocr_par' dir='ltr' id='par_1_88' title="bbox 2066 4239 3644 4318">
     <span class='ocr_line' id='line_1_88' title="bbox 2066 4239 3644 4318; baseline -0.008 -14"><span class='ocrx_word' id='word_1_644' title='bbox 2066 4246 2296 4318; x_wconf 81' lang='grc' dir='ltr'>Χριστῷ</span> <span class='ocrx_word' id='word_1_645' title='bbox 2332 4247 2504 4301; x_wconf 77' lang='grc' dir='ltr'>εἷναι.</span> <span class='ocrx_word' id='word_1_646' title='bbox 2542 4245 2600 4298; x_wconf 83' lang='lat' dir='ltr'><strong>&#39;U</strong></span> <span class='ocrx_word' id='word_1_647' title='bbox 2632 4243 2688 4297; x_wconf 83' lang='grc' dir='ltr'>δὲ</span> <span class='ocrx_word' id='word_1_648' title='bbox 2737 4245 2919 4314; x_wconf 80' lang='grc' dir='ltr'>γήινος</span> <span class='ocrx_word' id='word_1_649' title='bbox 2964 4241 3025 4294; x_wconf 84' lang='grc' dir='ltr'><strong>τὸ</strong></span> <span class='ocrx_word' id='word_1_650' title='bbox 3059 4241 3345 4312; x_wconf 89' lang='grc' dir='ltr'>φρόνημα,</span> <span class='ocrx_word' id='word_1_651' title='bbox 3397 4241 3492 4294; x_wconf 66' lang='grc' dir='ltr'><strong>κα)⁸</strong></span> <span class='ocrx_word' id='word_1_652' title='bbox 3528 4239 3644 4292; x_wconf 85' lang='grc' dir='ltr'><strong>τῶν</strong></span> 
     </span>
    </p>
   </div>
   <div class='ocr_carea' id='block_1_89' title="bbox 386 4316 1956 4411">
    <p class='ocr_par' dir='ltr' id='par_1_89' title="bbox 386 4316 1955 4397">
     <span class='ocr_line' id='line_1_89' title="bbox 386 4316 1955 4397; baseline 0.01 -30"><span class='ocrx_word' id='word_1_653' title='bbox 386 4316 622 4381; x_wconf 78' lang='lat' dir='ltr'><strong>dissolvi,</strong></span> <span class='ocrx_word' id='word_1_654' title='bbox 651 4327 698 4372; x_wconf 87' lang='lat' dir='ltr'><strong>et</strong></span> <span class='ocrx_word' id='word_1_655' title='bbox 733 4335 984 4375; x_wconf 20' lang='lat' dir='ltr'><strong>esseicum</strong></span> <span class='ocrx_word' id='word_1_656' title='bbox 1009 4320 1220 4377; x_wconf 79' lang='lat' dir='ltr'><strong>Christo</strong></span> <span class='ocrx_word' id='word_1_657' title='bbox 1267 4325 1334 4376; x_wconf 82' lang='lat'><strong>&quot;.</strong></span> <span class='ocrx_word' id='word_1_658' title='bbox 1375 4323 1593 4388; x_wconf 89' lang='lat' dir='ltr'><strong>Contra,</strong></span> <span class='ocrx_word' id='word_1_659' title='bbox 1649 4327 1738 4395; x_wconf 90' lang='lat' dir='ltr'><strong>qui</strong></span> <span class='ocrx_word' id='word_1_660' title='bbox 1769 4327 1955 4397; x_wconf 91' lang='lat' dir='ltr'><strong>plenus</strong></span> 
     </span>
    </p>
   </div>
   <div class='ocr_carea' id='block_1_90' title="bbox 2061 4316 3654 4411">
    <p class='ocr_par' dir='ltr' id='par_1_90' title="bbox 2070 4316 3654 4411">
     <span class='ocr_line' id='line_1_90' title="bbox 2070 4316 3654 4411; baseline -0.008 -19"><span class='ocrx_word' id='word_1_661' title='bbox 2070 4316 2253 4411; x_wconf 80' lang='grc' dir='ltr'>βώλων</span> <span class='ocrx_word' id='word_1_662' title='bbox 2289 4335 2504 4408; x_wconf 84' lang='grc' dir='ltr'>ἀληθῶς</span> <span class='ocrx_word' id='word_1_663' title='bbox 2550 4332 2838 4404; x_wconf 76' lang='grc' dir='ltr'>συγγενὴς,</span> <span class='ocrx_word' id='word_1_664' title='bbox 2873 4330 3095 4384; x_wconf 77' lang='grc' dir='ltr'>τοιαῦτα</span> <span class='ocrx_word' id='word_1_665' title='bbox 3127 4330 3372 4402; x_wconf 82' lang='grc' dir='ltr'>ὀδύρεται</span> <span class='ocrx_word' id='word_1_666' title='bbox 3419 4331 3654 4399; x_wconf 78' lang='grc' dir='ltr'>ἀμηχα-’</span> 
     </span>
    </p>
   </div>
   <div class='ocr_carea' id='block_1_91' title="bbox 387 4409 1956 4500">
    <p class='ocr_par' dir='ltr' id='par_1_91' title="bbox 387 4409 1956 4482">
     <span class='ocr_line' id='line_1_91' title="bbox 387 4409 1956 4482; baseline 0.01 -23"><span class='ocrx_word' id='word_1_667' title='bbox 387 4415 470 4460; x_wconf 89' lang='lat' dir='ltr'><strong>est</strong></span> <span class='ocrx_word' id='word_1_668' title='bbox 504 4409 736 4464; x_wconf 87' lang='lat' dir='ltr'><strong>terrenis</strong></span> <span class='ocrx_word' id='word_1_669' title='bbox 769 4411 1210 4480; x_wconf 83' lang='lat' dir='ltr'><strong>cogitationibus.</strong></span> <span class='ocrx_word' id='word_1_670' title='bbox 1240 4414 1520 4482; x_wconf 88' lang='lat' dir='ltr'><strong>glebisque</strong></span> <span class='ocrx_word' id='word_1_671' title='bbox 1543 4429 1607 4470; x_wconf 89' lang='lat' dir='ltr'><strong>ac</strong></span> <span class='ocrx_word' id='word_1_672' title='bbox 1637 4416 1797 4472; x_wconf 92' lang='lat' dir='ltr'><strong>humo</strong></span> <span class='ocrx_word' id='word_1_673' title='bbox 1839 4434 1956 4475; x_wconf 84' lang='lat' dir='ltr'><strong>vere</strong></span> 
     </span>
    </p>
   </div>
   <div class='ocr_carea' id='block_1_92' title="bbox 2061 4409 3644 4500">
    <p class='ocr_par' dir='ltr' id='par_1_92' title="bbox 2065 4409 3644 4500">
     <span class='ocr_line' id='line_1_92' title="bbox 2065 4409 3644 4500; baseline -0.01 -14"><span class='ocrx_word' id='word_1_674' title='bbox 2065 4409 2173 4486; x_wconf 81' lang='grc' dir='ltr'><strong>νῶν</strong></span> <span class='ocrx_word' id='word_1_675' title='bbox 2211 4431 2302 4484; x_wconf 73' lang='grc' dir='ltr'><strong>ἐπὶ</strong></span> <span class='ocrx_word' id='word_1_676' title='bbox 2332 4433 2398 4500; x_wconf 80' lang='grc' dir='ltr'>τῇ</span> <span class='ocrx_word' id='word_1_677' title='bbox 2449 4425 2806 4500; x_wconf 82' lang='grc' dir='ltr'>μεταστάσει,</span> <span class='ocrx_word' id='word_1_678' title='bbox 2841 4417 2927 4477; x_wconf 77' lang='grc' dir='ltr'>οἶα</span> <span class='ocrx_word' id='word_1_679' title='bbox 2955 4415 3108 4486; x_wconf 72' lang='grc' dir='ltr'>οὗτος</span> <span class='ocrx_word' id='word_1_680' title='bbox 3136 4423 3164 4474; x_wconf 89' lang='lat'><strong>6</strong></span> <span class='ocrx_word' id='word_1_681' title='bbox 3195 4421 3294 4491; x_wconf 75' lang='grc' dir='ltr'>τῆς</span> <span class='ocrx_word' id='word_1_682' title='bbox 3327 4419 3644 4491; x_wconf 83' lang='grc' dir='ltr'>παραϐολῆς</span> 
     </span>
    </p>
   </div>
   <div class='ocr_carea' id='block_1_93' title="bbox 387 4501 1964 4578">
    <p class='ocr_par' dir='ltr' id='par_1_93' title="bbox 387 4501 1964 4578">
     <span class='ocr_line' id='line_1_93' title="bbox 387 4501 1964 4578; baseline 0.008 -25"><span class='ocrx_word' id='word_1_683' title='bbox 387 4509 666 4569; x_wconf 84' lang='lat' dir='ltr'><strong>cognatus,</strong></span> <span class='ocrx_word' id='word_1_684' title='bbox 688 4501 949 4571; x_wconf 88' lang='lat' dir='ltr'><strong>ejusmodi</strong></span> <span class='ocrx_word' id='word_1_685' title='bbox 975 4503 1300 4559; x_wconf 88' lang='lat' dir='ltr'><strong>lamentatur</strong></span> <span class='ocrx_word' id='word_1_686' title='bbox 1316 4509 1512 4563; x_wconf 81' lang='lat' dir='ltr'><strong>anxius</strong></span> <span class='ocrx_word' id='word_1_687' title='bbox 1531 4509 1597 4563; x_wconf 90' lang='lat' dir='ltr'><strong>de</strong></span> <span class='ocrx_word' id='word_1_688' title='bbox 1623 4509 1964 4578; x_wconf 78' lang='lat' dir='ltr'><strong>migratione,</strong></span> 
     </span>
    </p>
   </div>
   <div class='ocr_carea' id='block_1_94' title="bbox 389 4591 1962 4669">
    <p class='ocr_par' dir='ltr' id='par_1_94' title="bbox 389 4591 1962 4669">
     <span class='ocr_line' id='line_1_94' title="bbox 389 4591 1962 4669; baseline 0.008 -27"><span class='ocrx_word' id='word_1_689' title='bbox 389 4601 550 4660; x_wconf 88' lang='lat' dir='ltr'><strong>atque</strong></span> <span class='ocrx_word' id='word_1_690' title='bbox 579 4591 740 4648; x_wconf 90' lang='lat' dir='ltr'><strong>homo</strong></span> <span class='ocrx_word' id='word_1_691' title='bbox 765 4594 852 4647; x_wconf 91' lang='lat' dir='ltr'><strong>ille</strong></span> <span class='ocrx_word' id='word_1_692' title='bbox 874 4595 924 4648; x_wconf 92' lang='lat' dir='ltr'><strong>in</strong></span> <span class='ocrx_word' id='word_1_693' title='bbox 954 4597 1206 4664; x_wconf 87' lang='lat' dir='ltr'><strong>parabola</strong></span> <span class='ocrx_word' id='word_1_694' title='bbox 1231 4599 1559 4667; x_wconf 89' lang='lat' dir='ltr'><strong>propositus:</strong></span> <span class='ocrx_word' id='word_1_695' title='bbox 1594 4601 1732 4666; x_wconf 81' lang='lat' dir='ltr'><strong>Quid</strong></span> <span class='ocrx_word' id='word_1_696' title='bbox 1747 4601 1962 4669; x_wconf 79' lang='lat' dir='ltr'><strong>faciant,</strong></span> 
     </span>
    </p>
   </div>
   <div class='ocr_carea' id='block_1_95' title="bbox 388 4685 1967 4759">
    <p class='ocr_par' dir='ltr' id='par_1_95' title="bbox 388 4685 1967 4759">
     <span class='ocr_line' id='line_1_95' title="bbox 388 4685 1967 4759; baseline 0.01 -27"><span class='ocrx_word' id='word_1_697' title='bbox 388 4685 512 4750; x_wconf 83' lang='lat' dir='ltr'><strong>quia</strong></span> <span class='ocrx_word' id='word_1_698' title='bbox 557 4685 798 4740; x_wconf 81' lang='lat' dir='ltr'><strong>dominus</strong></span> <span class='ocrx_word' id='word_1_699' title='bbox 865 4705 1010 4742; x_wconf 88' lang='lat' dir='ltr'><strong>meus</strong></span> <span class='ocrx_word' id='word_1_700' title='bbox 1070 4690 1241 4759; x_wconf 78' lang='lat' dir='ltr'><strong>aufert</strong></span> <span class='ocrx_word' id='word_1_701' title='bbox 1277 4709 1307 4744; x_wconf 80' lang='grc' dir='ltr'><strong>ιι</strong></span> <span class='ocrx_word' id='word_1_702' title='bbox 1341 4708 1422 4746; x_wconf 90' lang='lat' dir='ltr'><strong>me</strong></span> <span class='ocrx_word' id='word_1_703' title='bbox 1475 4693 1914 4759; x_wconf 80' lang='lat' dir='ltr'><strong>dispensationem</strong></span> <span class='ocrx_word' id='word_1_704' title='bbox 1941 4694 1967 4748; x_wconf 81' lang='lat'><strong><em>?</em></strong></span> 
     </span>
    </p>
   </div>
   <div class='ocr_carea' id='block_1_96' title="bbox 390 4771 1966 4848">
    <p class='ocr_par' dir='ltr' id='par_1_96' title="bbox 390 4771 1966 4848">
     <span class='ocr_line' id='line_1_96' title="bbox 390 4771 1966 4848; baseline 0.009 -23"><span class='ocrx_word' id='word_1_705' title='bbox 390 4771 596 4827; x_wconf 85' lang='lat' dir='ltr'><strong>Fodere</strong></span> <span class='ocrx_word' id='word_1_706' title='bbox 619 4791 719 4828; x_wconf 89' lang='lat' dir='ltr'><strong>non</strong></span> <span class='ocrx_word' id='word_1_707' title='bbox 739 4775 905 4842; x_wconf 79' lang='lat' dir='ltr'><strong>valeo,</strong></span> <span class='ocrx_word' id='word_1_708' title='bbox 929 4779 1224 4833; x_wconf 84' lang='lat' dir='ltr'><strong>mendicare</strong></span> <span class='ocrx_word' id='word_1_709' title='bbox 1250 4784 1491 4835; x_wconf 79' lang='lat' dir='ltr'><strong>erubesco</strong></span> <span class='ocrx_word' id='word_1_710' title='bbox 1513 4801 1531 4848; x_wconf 87' lang='lat'><strong>;</strong></span> <span class='ocrx_word' id='word_1_711' title='bbox 1557 4785 1756 4837; x_wconf 86' lang='lat' dir='ltr'><strong>desidis</strong></span> <span class='ocrx_word' id='word_1_712' title='bbox 1805 4785 1966 4840; x_wconf 90' lang='lat' dir='ltr'><strong>simul</strong></span> 
     </span>
    </p>
   </div>
   <div class='ocr_carea' id='block_1_97' title="bbox 391 4868 1967 4942">
    <p class='ocr_par' dir='ltr' id='par_1_97' title="bbox 391 4868 1967 4942">
     <span class='ocr_line' id='line_1_97' title="bbox 391 4868 1967 4942; baseline 0.008 -22"><span class='ocrx_word' id='word_1_713' title='bbox 391 4877 553 4936; x_wconf 83' lang='lat' dir='ltr'><strong>atque</strong></span> <span class='ocrx_word' id='word_1_714' title='bbox 581 4868 862 4937; x_wconf 86' lang='lat' dir='ltr'><strong>voluptarii</strong></span> <span class='ocrx_word' id='word_1_715' title='bbox 887 4871 1038 4926; x_wconf 92' lang='lat' dir='ltr'><strong>dolor</strong></span> <span class='ocrx_word' id='word_1_716' title='bbox 1072 4873 1157 4926; x_wconf 90' lang='lat' dir='ltr'><strong>hic</strong></span> <span class='ocrx_word' id='word_1_717' title='bbox 1210 4889 1273 4928; x_wconf 89' lang='lat' dir='ltr'><strong>ac</strong></span> <span class='ocrx_word' id='word_1_718' title='bbox 1321 4879 1560 4942; x_wconf 90' lang='lat' dir='ltr'><strong>querela.</strong></span> <span class='ocrx_word' id='word_1_719' title='bbox 1611 4877 1967 4933; x_wconf 85' lang='lat' dir='ltr'><strong>Abiturientis</strong></span> 
     </span>
    </p>
   </div>
   <div class='ocr_carea' id='block_1_98' title="bbox 390 4957 1966 5038">
    <p class='ocr_par' dir='ltr' id='par_1_98' title="bbox 390 4957 1966 5038">
     <span class='ocr_line' id='line_1_98' title="bbox 390 4957 1966 5038; baseline 0.009 -27"><span class='ocrx_word' id='word_1_720' title='bbox 390 4959 533 5011; x_wconf 88' lang='lat' dir='ltr'><strong>enim</strong></span> <span class='ocrx_word' id='word_1_721' title='bbox 565 4957 722 5014; x_wconf 84' lang='lat' dir='ltr'><strong>ﬂetus</strong></span> <span class='ocrx_word' id='word_1_722' title='bbox 753 4961 840 5016; x_wconf 91' lang='lat' dir='ltr'><strong>ille</strong></span> <span class='ocrx_word' id='word_1_723' title='bbox 879 4977 942 5016; x_wconf 87' lang='lat' dir='ltr'><strong>ac</strong></span> <span class='ocrx_word' id='word_1_724' title='bbox 972 4962 1222 5032; x_wconf 89' lang='lat' dir='ltr'><strong>ejulatus,</strong></span> <span class='ocrx_word' id='word_1_725' title='bbox 1272 4965 1543 5020; x_wconf 86' lang='lat' dir='ltr'><strong>hominem</strong></span> <span class='ocrx_word' id='word_1_726' title='bbox 1593 4970 1767 5038; x_wconf 78' lang='lat' dir='ltr'><strong>arguit</strong></span> <span class='ocrx_word' id='word_1_727' title='bbox 1798 4970 1966 5025; x_wconf 81' lang='lat' dir='ltr'><strong>fundo</strong></span> 
     </span>
    </p>
   </div>
   <div class='ocr_carea' id='block_1_99' title="bbox 395 5051 1967 5130">
    <p class='ocr_par' dir='ltr' id='par_1_99' title="bbox 395 5051 1967 5130">
     <span class='ocr_line' id='line_1_99' title="bbox 395 5051 1967 5130; baseline 0.008 -28"><span class='ocrx_word' id='word_1_728' title='bbox 395 5051 687 5118; x_wconf 90' lang='lat' dir='ltr'><strong>impensius</strong></span> <span class='ocrx_word' id='word_1_729' title='bbox 715 5053 1008 5121; x_wconf 90' lang='lat' dir='ltr'><strong>addictum,</strong></span> <span class='ocrx_word' id='word_1_730' title='bbox 1038 5056 1238 5124; x_wconf 76' lang='lat' dir='ltr'><strong>quique</strong></span> <span class='ocrx_word' id='word_1_731' title='bbox 1264 5058 1444 5111; x_wconf 87' lang='lat' dir='ltr'><strong>carnis</strong></span> <span class='ocrx_word' id='word_1_732' title='bbox 1472 5058 1697 5113; x_wconf 86' lang='lat' dir='ltr'><strong>vitiosas</strong></span> <span class='ocrx_word' id='word_1_733' title='bbox 1721 5059 1967 5130; x_wconf 89' lang='lat' dir='ltr'><strong>volupta-</strong></span> 
     </span>
    </p>
   </div>
   <div class='ocr_carea' id='block_1_100' title="bbox 353 5139 1962 5221">
    <p class='ocr_par' dir='ltr' id='par_1_100' title="bbox 353 5139 1962 5221">
     <span class='ocr_line' id='line_1_100' title="bbox 353 5139 1962 5221; baseline 0.007 -29"><span class='ocrx_word' id='word_1_734' title='bbox 353 5149 474 5204; x_wconf 69' lang='lat' dir='ltr'><strong>,tes</strong></span> <span class='ocrx_word' id='word_1_735' title='bbox 503 5139 761 5209; x_wconf 88' lang='lat' dir='ltr'><strong>deploret.</strong></span> <span class='ocrx_word' id='word_1_736' title='bbox 820 5140 1167 5200; x_wconf 80' lang='lat' dir='ltr'><strong>[inbecillitas</strong></span> <span class='ocrx_word' id='word_1_737' title='bbox 1214 5156 1393 5201; x_wconf 82' lang='lat' dir='ltr'><strong>autem</strong></span> <span class='ocrx_word' id='word_1_738' title='bbox 1426 5163 1490 5203; x_wconf 88' lang='lat' dir='ltr'><strong>ac</strong></span> <span class='ocrx_word' id='word_1_739' title='bbox 1548 5149 1671 5221; x_wconf 84' lang='lat' dir='ltr'><strong>luga</strong></span> <span class='ocrx_word' id='word_1_740' title='bbox 1699 5149 1962 5217; x_wconf 89' lang='lat' dir='ltr'><strong>laborum,</strong></span> 
     </span>
    </p>
   </div>
   <div class='ocr_carea' id='block_1_101' title="bbox 394 5233 1965 5301">
    <p class='ocr_par' dir='ltr' id='par_1_101' title="bbox 394 5233 1965 5301">
     <span class='ocr_line' id='line_1_101' title="bbox 394 5233 1965 5301; baseline 0.012 -20"><span class='ocrx_word' id='word_1_741' title='bbox 394 5233 516 5284; x_wconf 69' lang='lat' dir='ltr'><strong>vitae</strong></span> <span class='ocrx_word' id='word_1_742' title='bbox 567 5248 661 5301; x_wconf 88' lang='lat' dir='ltr'><strong>per</strong></span> <span class='ocrx_word' id='word_1_743' title='bbox 706 5233 954 5289; x_wconf 87' lang='lat' dir='ltr'><strong>inertiam</strong></span> <span class='ocrx_word' id='word_1_744' title='bbox 1011 5252 1073 5291; x_wconf 89' lang='lat' dir='ltr'><strong>ac</strong></span> <span class='ocrx_word' id='word_1_745' title='bbox 1124 5239 1383 5293; x_wconf 87' lang='lat' dir='ltr'><strong>desidiam</strong></span> <span class='ocrx_word' id='word_1_746' title='bbox 1448 5249 1578 5295; x_wconf 84' lang='lat' dir='ltr'><strong>actae</strong></span> <span class='ocrx_word' id='word_1_747' title='bbox 1633 5252 1756 5298; x_wconf 90' lang='lat' dir='ltr'><strong>nota</strong></span> <span class='ocrx_word' id='word_1_748' title='bbox 1785 5253 1867 5298; x_wconf 90' lang='lat' dir='ltr'><strong>est</strong></span> <span class='ocrx_word' id='word_1_749' title='bbox 1901 5259 1965 5300; x_wconf 91' lang='lat' dir='ltr'><strong>ac</strong></span> 
     </span>
    </p>
   </div>
   <div class='ocr_carea' id='block_1_102' title="bbox 393 5323 1962 5400">
    <p class='ocr_par' dir='ltr' id='par_1_102' title="bbox 393 5323 1962 5400">
     <span class='ocr_line' id='line_1_102' title="bbox 393 5323 1962 5400; baseline 0.01 -25"><span class='ocrx_word' id='word_1_750' title='bbox 393 5325 621 5380; x_wconf 88' lang='lat' dir='ltr'><strong>crimen.</strong></span> <span class='ocrx_word' id='word_1_751' title='bbox 674 5323 806 5379; x_wconf 84' lang='lat' dir='ltr'><strong>Nam</strong></span> <span class='ocrx_word' id='word_1_752' title='bbox 839 5327 882 5381; x_wconf 91' lang='lat' dir='ltr'><strong>si</strong></span> <span class='ocrx_word' id='word_1_753' title='bbox 922 5327 1068 5396; x_wconf 89' lang='lat' dir='ltr'><strong>operi</strong></span> <span class='ocrx_word' id='word_1_754' title='bbox 1117 5343 1180 5382; x_wconf 88' lang='lat' dir='ltr'><strong>ac</strong></span> <span class='ocrx_word' id='word_1_755' title='bbox 1235 5328 1402 5385; x_wconf 84' lang='lat' dir='ltr'><strong>labori</strong></span> <span class='ocrx_word' id='word_1_756' title='bbox 1433 5333 1777 5400; x_wconf 86' lang='lat' dir='ltr'><strong>assuevisset,</strong></span> <span class='ocrx_word' id='word_1_757' title='bbox 1811 5350 1840 5389; x_wconf 91' lang='lat' dir='ltr'><strong>a</strong></span> <span class='ocrx_word' id='word_1_758' title='bbox 1881 5335 1962 5390; x_wconf 83' lang='lat' dir='ltr'><strong>lo-</strong></span> 
     </span>
    </p>
   </div>
   <div class='ocr_carea' id='block_1_103' title="bbox 393 5414 1313 5486">
    <p class='ocr_par' dir='ltr' id='par_1_103' title="bbox 393 5414 1313 5486">
     <span class='ocr_line' id='line_1_103' title="bbox 393 5414 1313 5486; baseline 0.008 -19"><span class='ocrx_word' id='word_1_759' title='bbox 393 5414 590 5469; x_wconf 88' lang='lat' dir='ltr'><strong>diendo</strong></span> <span class='ocrx_word' id='word_1_760' title='bbox 607 5432 944 5486; x_wconf 80' lang='lat' dir='ltr'><strong>nequaquam</strong></span> <span class='ocrx_word' id='word_1_761' title='bbox 978 5417 1313 5478; x_wconf 86' lang='lat' dir='ltr'><strong>abhorreret.</strong></span> 
     </span>
    </p>
   </div>
   <div class='ocr_carea' id='block_1_104' title="bbox 468 5506 1962 5584">
    <p class='ocr_par' dir='ltr' id='par_1_104' title="bbox 468 5506 1962 5584">
     <span class='ocr_line' id='line_1_104' title="bbox 468 5506 1962 5584; baseline 0.01 -26"><span class='ocrx_word' id='word_1_762' title='bbox 468 5506 689 5573; x_wconf 83' lang='lat' dir='ltr'><strong>Quodsi</strong></span> <span class='ocrx_word' id='word_1_763' title='bbox 740 5509 1022 5578; x_wconf 83' lang='lat' dir='ltr'><strong>allegorice</strong></span> <span class='ocrx_word' id='word_1_764' title='bbox 1063 5510 1130 5564; x_wconf 90' lang='lat' dir='ltr'><strong>de</strong></span> <span class='ocrx_word' id='word_1_765' title='bbox 1169 5511 1254 5567; x_wconf 87' lang='lat' dir='ltr'><strong>bis</strong></span> <span class='ocrx_word' id='word_1_766' title='bbox 1313 5530 1432 5584; x_wconf 87' lang='lat' dir='ltr'><strong>quae</strong></span> <span class='ocrx_word' id='word_1_767' title='bbox 1486 5517 1585 5572; x_wconf 90' lang='lat' dir='ltr'><strong>sub</strong></span> <span class='ocrx_word' id='word_1_768' title='bbox 1638 5517 1962 5574; x_wconf 88' lang='lat' dir='ltr'><strong>intellectum</strong></span> 
     </span>
    </p>
   </div>
   <div class='ocr_carea' id='block_1_105' title="bbox 2063 4511 3640 4595">
    <p class='ocr_par' dir='ltr' id='par_1_105' title="bbox 2063 4511 3640 4595">
     <span class='ocr_line' id='line_1_105' title="bbox 2063 4511 3640 4595; baseline -0.009 -16"><span class='ocrx_word' id='word_1_769' title='bbox 2063 4524 2350 4595; x_wconf 77' lang='grc' dir='ltr'>ἄνθρωπος</span> <span class='ocrx_word' id='word_1_770' title='bbox 2418 4521 2480 4574; x_wconf 86' lang='grc' dir='ltr'>Τί</span> <span class='ocrx_word' id='word_1_771' title='bbox 2508 4517 2739 4585; x_wconf 80' lang='grc' dir='ltr'>ποιήσω</span> <span class='ocrx_word' id='word_1_772' title='bbox 2761 4557 2776 4582; x_wconf 88' lang='grc'><strong>,</strong></span> <span class='ocrx_word' id='word_1_773' title='bbox 2812 4516 2900 4569; x_wconf 71' lang='grc' dir='ltr'>ὅτι</span> <span class='ocrx_word' id='word_1_774' title='bbox 2933 4519 2965 4571; x_wconf 83' lang='grc' dir='ltr'><em>ὀ</em></span> <span class='ocrx_word' id='word_1_775' title='bbox 3000 4514 3202 4582; x_wconf 81' lang='grc' dir='ltr'>κύριός</span> <span class='ocrx_word' id='word_1_776' title='bbox 3223 4530 3341 4582; x_wconf 86' lang='grc' dir='ltr'><strong>μου</strong></span> <span class='ocrx_word' id='word_1_777' title='bbox 3376 4511 3640 4581; x_wconf 67' lang='grc' dir='ltr'>ἀφαιρεῖ-</span> 
     </span>
    </p>
   </div>
   <div class='ocr_carea' id='block_1_106' title="bbox 2064 4597 3642 4678">
    <p class='ocr_par' dir='ltr' id='par_1_106' title="bbox 2064 4597 3642 4678">
     <span class='ocr_line' id='line_1_106' title="bbox 2064 4597 3642 4678; baseline -0.006 -15"><span class='ocrx_word' id='word_1_778' title='bbox 2064 4626 2158 4663; x_wconf 80' lang='grc' dir='ltr'><strong>ται</strong></span> <span class='ocrx_word' id='word_1_779' title='bbox 2215 4608 2331 4678; x_wconf 80' lang='grc' dir='ltr'>τὴν</span> <span class='ocrx_word' id='word_1_780' title='bbox 2382 4605 2728 4675; x_wconf 73' lang='grc' dir='ltr'>οἰκονομίαν</span> <span class='ocrx_word' id='word_1_781' title='bbox 2784 4603 2882 4655; x_wconf 81' lang='grc' dir='ltr'>ἀπ’</span> <span class='ocrx_word' id='word_1_782' title='bbox 2936 4601 3120 4670; x_wconf 83' lang='grc' dir='ltr'>ἐμοῦ;</span> <span class='ocrx_word' id='word_1_783' title='bbox 3177 4597 3477 4653; x_wconf 82' lang='grc' dir='ltr'>Σκάπτειν</span> <span class='ocrx_word' id='word_1_784' title='bbox 3527 4600 3642 4653; x_wconf 79' lang='grc' dir='ltr'>οὐκ</span> 
     </span>
    </p>
   </div>
   <div class='ocr_carea' id='block_1_107' title="bbox 2067 4689 3639 4775">
    <p class='ocr_par' dir='ltr' id='par_1_107' title="bbox 2067 4689 3639 4775">
     <span class='ocr_line' id='line_1_107' title="bbox 2067 4689 3639 4775; baseline -0.007 -21"><span class='ocrx_word' id='word_1_785' title='bbox 2067 4702 2290 4770; x_wconf 86' lang='grc' dir='ltr'>ἰσχύω,</span> <span class='ocrx_word' id='word_1_786' title='bbox 2323 4697 2594 4753; x_wconf 80' lang='grc' dir='ltr'>ἀπαιτεῖν</span> <span class='ocrx_word' id='word_1_787' title='bbox 2632 4694 3010 4763; x_wconf 78' lang='grc' dir='ltr'>αἰσχύνομαι.</span> <span class='ocrx_word' id='word_1_788' title='bbox 3060 4689 3254 4775; x_wconf 80' lang='grc' dir='ltr'>Ἀργρῦ</span> <span class='ocrx_word' id='word_1_789' title='bbox 3280 4689 3376 4745; x_wconf 73' lang='grc' dir='ltr'>καὶ</span> <span class='ocrx_word' id='word_1_790' title='bbox 3420 4690 3639 4759; x_wconf 85' lang='grc' dir='ltr'>φιληδό-</span> 
     </span>
    </p>
   </div>
   <div class='ocr_carea' id='block_1_108' title="bbox 2065 4781 3638 4864">
    <p class='ocr_par' dir='ltr' id='par_1_108' title="bbox 2065 4781 3638 4864">
     <span class='ocr_line' id='line_1_108' title="bbox 2065 4781 3638 4864; baseline -0.008 -18"><span class='ocrx_word' id='word_1_791' title='bbox 2065 4810 2156 4847; x_wconf 85' lang='grc' dir='ltr'><strong>νου</strong></span> <span class='ocrx_word' id='word_1_792' title='bbox 2190 4795 2222 4864; x_wconf 85' lang='grc' dir='ltr'>ὴ</span> <span class='ocrx_word' id='word_1_793' title='bbox 2253 4791 2419 4861; x_wconf 84' lang='grc' dir='ltr'>λύπη.</span> <span class='ocrx_word' id='word_1_794' title='bbox 2453 4789 2526 4843; x_wconf 86' lang='grc' dir='ltr'><strong>Τὸ</strong></span> <span class='ocrx_word' id='word_1_795' title='bbox 2559 4788 2654 4860; x_wconf 83' lang='grc' dir='ltr'><strong>μὲν</strong></span> <span class='ocrx_word' id='word_1_796' title='bbox 2686 4786 2794 4858; x_wconf 81' lang='grc' dir='ltr'>γὰρ</span> <span class='ocrx_word' id='word_1_797' title='bbox 2816 4785 2908 4836; x_wconf 76' lang='grc' dir='ltr'><strong>ὲπὶ</strong></span> <span class='ocrx_word' id='word_1_798' title='bbox 2936 4787 3001 4855; x_wconf 76' lang='grc' dir='ltr'>τῇ</span> <span class='ocrx_word' id='word_1_799' title='bbox 3033 4784 3372 4854; x_wconf 86' lang='grc' dir='ltr'>ἀναχωρήσει</span> <span class='ocrx_word' id='word_1_800' title='bbox 3396 4781 3638 4853; x_wconf 85' lang='grc' dir='ltr'>θρηνεῖν,</span> 
     </span>
    </p>
   </div>
   <div class='ocr_carea' id='block_1_109' title="bbox 2071 4873 3641 4956">
    <p class='ocr_par' dir='ltr' id='par_1_109' title="bbox 2071 4873 3641 4956">
     <span class='ocr_line' id='line_1_109' title="bbox 2071 4873 3641 4956; baseline -0.008 -17"><span class='ocrx_word' id='word_1_801' title='bbox 2071 4885 2289 4956; x_wconf 74' lang='grc' dir='ltr'>ἔλεγχός</span> <span class='ocrx_word' id='word_1_802' title='bbox 2318 4885 2463 4936; x_wconf 76' lang='grc' dir='ltr'>ἐστιν</span> <span class='ocrx_word' id='word_1_803' title='bbox 2501 4881 2594 4935; x_wconf 80' lang='grc' dir='ltr'>τοῦ</span> <span class='ocrx_word' id='word_1_804' title='bbox 2629 4876 3051 4951; x_wconf 86' lang='grc' dir='ltr'>προστετηκέναι</span> <span class='ocrx_word' id='word_1_805' title='bbox 3077 4873 3154 4945; x_wconf 82' lang='grc' dir='ltr'><strong>τῷ</strong></span> <span class='ocrx_word' id='word_1_806' title='bbox 3186 4874 3390 4945; x_wconf 82' lang='grc' dir='ltr'>χωρίῳ,</span> <span class='ocrx_word' id='word_1_807' title='bbox 3424 4874 3641 4938; x_wconf 72' lang='grc' dir='ltr'>καὶτὰς</span> 
     </span>
    </p>
   </div>
   <div class='ocr_carea' id='block_1_110' title="bbox 2070 4965 3643 5050">
    <p class='ocr_par' dir='ltr' id='par_1_110' title="bbox 2070 4965 3643 5050">
     <span class='ocr_line' id='line_1_110' title="bbox 2070 4965 3643 5050; baseline -0.008 -18"><span class='ocrx_word' id='word_1_808' title='bbox 2070 4978 2336 5050; x_wconf 78' lang='grc' dir='ltr'>ἐμπαθεῖς</span> <span class='ocrx_word' id='word_1_809' title='bbox 2382 4976 2480 5046; x_wconf 83' lang='grc' dir='ltr'><strong>τῆς</strong></span> <span class='ocrx_word' id='word_1_810' title='bbox 2513 4972 2713 5044; x_wconf 87' lang='grc' dir='ltr'>σαρκὸς</span> <span class='ocrx_word' id='word_1_811' title='bbox 2766 4968 3090 5032; x_wconf 87' lang='grc' dir='ltr'>ἀπολαύσεις</span> <span class='ocrx_word' id='word_1_812' title='bbox 3128 4965 3442 5036; x_wconf 82' lang='grc' dir='ltr'>ὀδύρεσθαι·</span> <span class='ocrx_word' id='word_1_813' title='bbox 3475 4965 3537 5018; x_wconf 81' lang='grc' dir='ltr'><strong>τὸ</strong></span> <span class='ocrx_word' id='word_1_814' title='bbox 3583 4965 3643 5020; x_wconf 80' lang='grc' dir='ltr'>δὲ</span> 
     </span>
    </p>
   </div>
   <div class='ocr_carea' id='block_1_111' title="bbox 2071 5056 3641 5137">
    <p class='ocr_par' dir='ltr' id='par_1_111' title="bbox 2071 5056 3641 5137">
     <span class='ocr_line' id='line_1_111' title="bbox 2071 5056 3641 5137; baseline -0.009 -15"><span class='ocrx_word' id='word_1_815' title='bbox 2071 5069 2350 5123; x_wconf 86' lang='grc' dir='ltr'>ἀδυνατεῖν</span> <span class='ocrx_word' id='word_1_816' title='bbox 2377 5065 2512 5137; x_wconf 81' lang='grc' dir='ltr'>πρὸς</span> <span class='ocrx_word' id='word_1_817' title='bbox 2541 5064 2719 5135; x_wconf 74' lang='grc' dir='ltr'>ἔργον,</span> <span class='ocrx_word' id='word_1_818' title='bbox 2761 5060 2930 5132; x_wconf 78' lang='grc' dir='ltr'>ἀργοῦ</span> <span class='ocrx_word' id='word_1_819' title='bbox 2966 5059 3079 5129; x_wconf 81' lang='grc' dir='ltr'>βίου</span> <span class='ocrx_word' id='word_1_820' title='bbox 3111 5058 3206 5111; x_wconf 71' lang='grc' dir='ltr'><strong>καὶ</strong></span> <span class='ocrx_word' id='word_1_821' title='bbox 3243 5056 3641 5110; x_wconf 86' lang='grc' dir='ltr'>ἀναπεπτωκό-</span> 
     </span>
    </p>
   </div>
   <div class='ocr_carea' id='block_1_112' title="bbox 2074 5148 3642 5228">
    <p class='ocr_par' dir='ltr' id='par_1_112' title="bbox 2074 5148 3642 5228">
     <span class='ocr_line' id='line_1_112' title="bbox 2074 5148 3642 5228; baseline -0.008 -13"><span class='ocrx_word' id='word_1_822' title='bbox 2074 5179 2164 5226; x_wconf 84' lang='grc' dir='ltr'><strong>τος</strong></span> <span class='ocrx_word' id='word_1_823' title='bbox 2195 5161 2310 5214; x_wconf 76' lang='grc' dir='ltr'>ἐστὶ</span> <span class='ocrx_word' id='word_1_824' title='bbox 2340 5157 2721 5228; x_wconf 84' lang='grc' dir='ltr'>κατηγόρημα.</span> <span class='ocrx_word' id='word_1_825' title='bbox 2753 5156 2815 5207; x_wconf 88' lang='grc' dir='ltr'>Εἰ</span> <span class='ocrx_word' id='word_1_826' title='bbox 2851 5154 2959 5226; x_wconf 81' lang='grc' dir='ltr'>γὰρ</span> <span class='ocrx_word' id='word_1_827' title='bbox 2983 5149 3126 5224; x_wconf 80' lang='grc' dir='ltr'>εἶχεν</span> <span class='ocrx_word' id='word_1_828' title='bbox 3159 5149 3296 5221; x_wconf 81' lang='grc' dir='ltr'>πρὸς</span> <span class='ocrx_word' id='word_1_829' title='bbox 3329 5148 3642 5219; x_wconf 82' lang='grc' dir='ltr'>φιλοπονίαν</span> 
     </span>
    </p>
   </div>
   <div class='ocr_carea' id='block_1_113' title="bbox 2075 5242 3303 5324">
    <p class='ocr_par' dir='ltr' id='par_1_113' title="bbox 2075 5242 3303 5324">
     <span class='ocr_line' id='line_1_113' title="bbox 2075 5242 3303 5324; baseline -0.008 -19"><span class='ocrx_word' id='word_1_830' title='bbox 2075 5251 2380 5324; x_wconf 83' lang='grc' dir='ltr'>συνήθειαν,</span> <span class='ocrx_word' id='word_1_831' title='bbox 2420 5249 2519 5302; x_wconf 76' lang='grc' dir='ltr'><strong>οὐκ</strong></span> <span class='ocrx_word' id='word_1_832' title='bbox 2546 5246 2610 5300; x_wconf 81' lang='grc' dir='ltr'><strong>ἂν</strong></span> <span class='ocrx_word' id='word_1_833' title='bbox 2637 5245 2881 5315; x_wconf 80' lang='grc' dir='ltr'>ἐφοϐεῖτο</span> <span class='ocrx_word' id='word_1_834' title='bbox 2903 5242 2994 5296; x_wconf 76' lang='grc' dir='ltr'><strong>τοῦ</strong></span> <span class='ocrx_word' id='word_1_835' title='bbox 3023 5242 3303 5296; x_wconf 85' lang='grc' dir='ltr'>σκάπτειν.</span> 
     </span>
    </p>
   </div>
   <div class='ocr_carea' id='block_1_114' title="bbox 2143 5500 3644 5583">
    <p class='ocr_par' dir='ltr' id='par_1_114' title="bbox 2143 5500 3644 5583">
     <span class='ocr_line' id='line_1_114' title="bbox 2143 5500 3644 5583; baseline -0.011 -13"><span class='ocrx_word' id='word_1_836' title='bbox 2143 5518 2206 5571; x_wconf 85' lang='grc' dir='ltr'>Εἰ</span> <span class='ocrx_word' id='word_1_837' title='bbox 2247 5514 2304 5568; x_wconf 81' lang='grc' dir='ltr'>δὲ</span> <span class='ocrx_word' id='word_1_838' title='bbox 2338 5509 2713 5583; x_wconf 84' lang='grc' dir='ltr'>ἀλληγορικῶς</span> <span class='ocrx_word' id='word_1_839' title='bbox 2761 5507 2861 5580; x_wconf 82' lang='grc' dir='ltr'><strong>τὴν</strong></span> <span class='ocrx_word' id='word_1_840' title='bbox 2889 5504 3207 5578; x_wconf 81' lang='grc' dir='ltr'>παραϐολὴν</span> <span class='ocrx_word' id='word_1_841' title='bbox 3249 5503 3342 5556; x_wconf 77' lang='grc' dir='ltr'>ἐπὶ</span> <span class='ocrx_word' id='word_1_842' title='bbox 3371 5502 3430 5555; x_wconf 85' lang='grc' dir='ltr'><strong>τὸ</strong></span> <span class='ocrx_word' id='word_1_843' title='bbox 3455 5500 3644 5573; x_wconf 80' lang='grc' dir='ltr'>νοητὸν</span> 
     </span>
    </p>
   </div>
   <div class='ocr_carea' id='block_1_115' title="bbox 470 5635 1956 5728">
    <p class='ocr_par' dir='ltr' id='par_1_115' title="bbox 470 5644 1937 5728">
     <span class='ocr_line' id='line_1_115' title="bbox 470 5644 1937 5728; baseline 0.012 -33"><span class='ocrx_word' id='word_1_844' title='bbox 470 5644 516 5728; x_wconf 64' lang='grc' dir='ltr'>ξε</span> <span class='ocrx_word' id='word_1_845' title='bbox 558 5646 742 5728; x_wconf 64' lang='lat' dir='ltr'><strong>Matth.</strong></span> <span class='ocrx_word' id='word_1_846' title='bbox 780 5663 900 5728; x_wconf 57' lang='lat' dir='ltr'><strong>stu,</strong></span> <span class='ocrx_word' id='word_1_847' title='bbox 933 5649 1312 5723; x_wconf 67' lang='lat' dir='ltr'><strong>42;xxn,13;</strong></span> <span class='ocrx_word' id='word_1_848' title='bbox 1341 5671 1488 5728; x_wconf 60' lang='grc' dir='ltr'>χειν,</span> <span class='ocrx_word' id='word_1_849' title='bbox 1531 5655 1589 5711; x_wconf 81' lang='lat' dir='ltr'><strong>5i</strong></span> <span class='ocrx_word' id='word_1_850' title='bbox 1622 5673 1638 5723; x_wconf 86' lang='lat'><strong>;</strong></span> <span class='ocrx_word' id='word_1_851' title='bbox 1670 5672 1794 5722; x_wconf 77' lang='lat' dir='ltr'><strong>xxv,</strong></span> <span class='ocrx_word' id='word_1_852' title='bbox 1849 5656 1937 5715; x_wconf 76' lang='lat'><strong>30.</strong></span> 
     </span>
    </p>
   </div>
   <div class='ocr_carea' id='block_1_116' title="bbox 2061 5635 3642 5728">
    <p class='ocr_par' dir='ltr' id='par_1_116' title="bbox 2075 5635 3642 5718">
     <span class='ocr_line' id='line_1_116' title="bbox 2075 5635 3642 5718; baseline -0.012 -8"><span class='ocrx_word' id='word_1_853' title='bbox 2075 5654 2202 5710; x_wconf 85' lang='lat' dir='ltr'><strong>Luc.</strong></span> <span class='ocrx_word' id='word_1_854' title='bbox 2245 5668 2340 5718; x_wconf 78' lang='lat' dir='ltr'><strong>xu,</strong></span> <span class='ocrx_word' id='word_1_855' title='bbox 2373 5651 2462 5718; x_wconf 80' lang='grc'><strong>18,</strong></span> <span class='ocrx_word' id='word_1_856' title='bbox 2507 5650 2590 5705; x_wconf 89' lang='lat' dir='ltr'><strong>l9.</strong></span> <span class='ocrx_word' id='word_1_857' title='bbox 2667 5645 2865 5700; x_wconf 74' lang='lat' dir='ltr'><strong>&quot;Rom</strong></span> <span class='ocrx_word' id='word_1_858' title='bbox 2918 5657 3014 5709; x_wconf 80' lang='lat' dir='ltr'><strong>vn,</strong></span> <span class='ocrx_word' id='word_1_859' title='bbox 3051 5639 3142 5696; x_wconf 71' lang='grc'><strong>24.</strong></span> <span class='ocrx_word' id='word_1_860' title='bbox 3207 5641 3252 5673; x_wconf 82' lang='grc'>”</span> <span class='ocrx_word' id='word_1_861' title='bbox 3289 5638 3424 5694; x_wconf 87' lang='lat' dir='ltr'><strong>Phil.</strong></span> <span class='ocrx_word' id='word_1_862' title='bbox 3458 5653 3498 5706; x_wconf 82' lang='grc' dir='ltr'><strong>ι,</strong></span> <span class='ocrx_word' id='word_1_863' title='bbox 3547 5635 3642 5692; x_wconf 76' lang='lat'><strong>‘33.</strong></span> 
     </span>
    </p>
   </div>
   <div class='ocr_carea' id='block_1_117' title="bbox 375 5712 1094 5793">
    <p class='ocr_par' dir='ltr' id='par_1_117' title="bbox 375 5712 1094 5793">
     <span class='ocr_line' id='line_1_117' title="bbox 375 5712 1094 5793; baseline 0.003 -18"><span class='ocrx_word' id='word_1_864' title='bbox 375 5712 443 5790; x_wconf 37' lang='grc'><strong>,³³</strong></span> <span class='ocrx_word' id='word_1_865' title='bbox 475 5715 608 5787; x_wconf 82' lang='lat' dir='ltr'><strong>Leg.</strong></span> <span class='ocrx_word' id='word_1_866' title='bbox 638 5718 739 5772; x_wconf 80' lang='grc' dir='ltr'><strong>οὐκ</strong></span> <span class='ocrx_word' id='word_1_867' title='bbox 782 5712 894 5773; x_wconf 63' lang='lat' dir='ltr'><strong>ent</strong></span> <span class='ocrx_word' id='word_1_868' title='bbox 929 5712 1094 5793; x_wconf 82' lang='grc' dir='ltr'>μακρ.</span> 
     </span>
    </p>
   </div>
  </div>
