3856 6274
170 342 254 398 193

1154 326 1439 384 HOMILIA
1477 328 1565 386 Ill.
1609 327 1972 388 ADVERSUS
2012 329 2447 392 AVARITIAM..

3270 338 3367 397 l9!

169 452 477 523 ἐχλάδοιμεν,
505 448 644 520 μετά
681 447 778 518 τὴν
803 445 1012 500 ἐνθένδε
1060 446 1418 517 μετάστασιν,
1445 448 1569 499 οὔτε
1603 447 1696 500 τοῦ

1812 447 2016 513 :adunt,
2060 450 2368 517 parabolam
2395 451 2534 505 banc
2563 449 2982 523 interpretemur
3012 473 3028 511 :
3080 457 3169 512 ubi
3203 461 3369 515 semel

170 544 446 615 προσαιτεῖν
497 537 704 610 καιρός.
757 537 866 590 Καὶ
908 535 997 588 διά
1040 533 1198 588 τοῦτο
1247 536 1432 606 μηδεὶς
1470 533 1696 602 λεγέτωο

169 639 432 695 Σκάπτειν
458 637 567 690 οὐκ
585 634 791 701 ἰσχύω.
816 631 933 685 Κᾶν
961 630 1069 701 γὰρ
1097 630 1341 702 δύνηται,
1370 630 1542 694 οὐδεὶς
1570 646 1702 698 συγ-

169 734 326 803 χωρεῖ.
374 731 432 783 Ὀ
469 727 582 799 βίος
635 720 787 788 οὗτος
835 723 947 795 ἔχει
995 722 1104 777 τῶν
1139 722 1366 776 ἐντολῶν
1392 722 1489 794 τὴν
1523 739 1702 792 γεωρ-

170 821 302 886 γίαν·
329 821 356 872 ό
395 818 452 871 δὲ
485 815 713 887 μέλλων,
750 813 850 883 τὴν
885 812 1203 866 ἀπόλαυσιν.
1239 813 1403 866 ’Ὥστε
1441 813 1490 866 εί
1535 811 1700 884 μηδὲν

171 911 375 983 εἰργάσω
401 907 656 972 ἐνταῦθα,
689 905 986 976 ἀπέμεινον
1015 907 1068 959 αί
1095 905 1348 976 ἄμπελοι,
1383 904 1481 983 καὶγ
1513 921 1702 976 περιτ-

169 982 255 1066 τῶς
283 999 576 1072 φροντίζεις
619 997 746 1068 περὶ
785 996 884 1068 τῆς
931 997 1246 1067 σκαπάνης·
1286 994 1410 1049 οὒτε
1449 982 1507 1049 δὲ
1534 1013 1703 1067 προσ-

170 1093 304 1147 αιτῶν
328 1091 624 1162 ὠφελήσεις
650 1105 704 1140 τι
734 1089 948 1142 σαυτόν.
983 1088 1094 1141 Καὶ
1120 1086 1310 1140 τούτου
1339 1087 1507 1157 σαφὲς
1567 1089 1699 1158 ἡμῖν

173 1185 438 1254 ὑπόδειγμα
471 1181 826 1253 παραδέδοται
850 1221 864 1246 ,
895 1179 954 1233 τὸ
996 1181 1103 1233 τῶν
1145 1181 1341 1252 μωρῶν
1390 1180 1697 1251 παρθένων·

172 1278 339 1339 αἵτινες
370 1274 572 1346 ἀπορίᾳ
597 1275 936 1328 καταστᾶσαι
962 1271 1055 1324 τοῦ
1081 1272 1281 1339 ἐλαίου,
1317 1272 1547 1336 ἀναιδῶς
1571 1273 1701 1344 ᾔτη-

173 1386 249 1420 σαν
288 1366 427 1438 παρὰ
462 1365 572 1419 τῶν
619 1364 895 1436 φρονίμων
921 1380 934 1393 ·
993 1362 1208 1434 ὤνησαν
1251 1363 1306 1417 δὲ
1357 1364 1531 1429 οὐδὲν,
1584 1363 1702 1418 ἀλλ’

172 1458 568 1530 ἀπεστράφησαν
607 1459 874 1530 ἄπρακτοι
896 1473 910 1488 ο
955 1456 1259 1520 δεικνύντος
1285 1455 1379 1509 τοῦ
1407 1455 1586 1525 λόγου,
1617 1456 1699 1509 ὅτι

173 1551 396 1622 ἀλλοτρίῳ
437 1549 602 1621 ἐλαίῳ
640 1550 699 1603 ἐν
728 1552 794 1621 τῇ
831 1548 1103 1620 παρουσίᾳ
1146 1546 1238 1600 τοῦ
1267 1547 1502 1618 νυμφίου
1528 1546 1703 1610 οὐδεὶς

174 1643 437 1713 κέχρηταιο
503 1640 803 1704 τούτέστιν,
861 1639 1127 1712 ἀλλοτρίῳ
1186 1638 1571 1710 κατορθώματι
1623 1639 1703 1701 είς

174 1733 280 1786 ἰδίαν
320 1734 634 1788 ἀπόλαυσιν.
671 1733 944 1794 Ἕκαστος
994 1730 1101 1803 γὰρ
1129 1730 1224 1802 τὴν
1263 1730 1398 1783 ἰδίαν
1429 1728 1702 1783 πολιτείαν

171 1823 229 1884 ὡς
261 1823 455 1892 ἱμάτιον
501 1822 909 1898 περιϐέϐληται,
940 1823 1049 1876 εἴτε
1075 1802 1326 1892 λαμπρὸν
1371 1820 1466 1874 καὶ
1501 1822 1700 1891 τίμιον,
1735 1802 1776 1856 Β

173 1917 257 1968 εἴτε
288 1915 479 1984 φαῦλον
531 1915 762 1985 καὶτῆς
807 1915 1085 1986 πωχικῆς
1137 1913 1446 1985 ἐφεστρίδος
1497 1914 1699 1984 ὅμοιον.

181 2008 502 2061 Ἐκδύσασθαι
540 2008 597 2060 δὲ
623 2008 754 2062 αὐτὸ
780 2007 880 2061 οὐκ
913 2009 1080 2069 ἐστιν,
1122 2005 1243 2060 οὔτε
1275 2005 1578 2070 ἀπαλλάξαι
1611 2004 1704 2058 καὶ

173 2098 515 2170 διαμείψασθαι
543 2098 679 2168 πρὸς
705 2098 910 2173 ἕτερον,
938 2096 1060 2151 οὔτε
1085 2098 1150 2150 ἐκ
1175 2097 1365 2160 δάνους
1397 2097 1430 2167 ἢ
1461 2097 1704 2168 χρήσεως

176 2194 219 2245 ἐν
236 2193 302 2264 τῷ
326 2191 496 2264 καιρῷ
524 2193 624 2262 τῆς
645 2191 876 2260 κρίσεως
907 2190 1350 2245 καλλωπίσασθαι
1376 2190 1468 2243 καὶ
1499 2207 1707 2260 κοσμη-

175 2284 318 2354 θῆναι.
350 2285 513 2339 Μένει
540 2283 596 2338 δὲ
622 2282 851 2347 ἕκαστος
877 2277 988 2348 οἶος
1014 2284 1106 2336 ἐπὶ
1137 2285 1234 2354 τῆς
1253 2281 1506 2353 ἀληθείας
1532 2281 1699 2346 ἐστὶν,

175 2375 259 2429 sits
295 2377 454 2448 πένης
493 2375 737 2445 ἀγαθῶν,
772 2375 882 2428 εἴτε
926 2374 1198 2438 πλούσιος.
1243 2373 1354 2427 Καὶ
1384 2371 1556 2426 ταῦτα
1605 2371 1704 2443 μὲν

176 2462 248 2516 ἐπὶ
273 2465 533 2519 τοσοῦτον.
1039 2521 1043 2526 ,
1350 2455 1354 2459 ”

229 2556 283 2608 Τί
324 2557 364 2609 δ’
390 2555 453 2611 ἂν
506 2557 758 2626 εἴποιμεν
815 2553 944 2626 περὶ
993 2555 1090 2627 τῆς
1142 2553 1539 2625 συγχωρήσεως
1597 2552 1703 2606 τῶν

177 2645 334 2717 χρεῶν,
357 2646 418 2717 ἦν
444 2646 739 2716 ἐπενόησεν
779 2646 808 2698 ό
837 2644 1118 2716 οἰκονόμος
1149 2647 1246 2716 τῆς
1275 2643 1506 2705 ἀδικίας,
1536 2659 1705 2713 παρα-

180 2737 339 2806 μυθίαν
387 2737 566 2808 ἐαυτῷ
615 2737 724 2793 τῶν
769 2736 954 2790 κακῶν
995 2735 1148 2806 πρὸς
1206 2736 1330 2798 τοὺς
1382 2733 1704 2804 ὁμοδούλους

179 2831 702 2902 πραγματευσάμενος
727 2847 740 2894 ;
778 2830 852 2882 Οὐ
881 2826 988 2900 γάρ
1018 2827 1165 2882 ἐστιν
1193 2826 1410 2880 εὔκολον
1435 2810 1706 2896 εἰς’ἀλλη-

180 2921 331 2990 γορίαν
362 2923 648 2976 ἀκόλουθον
697 2920 1096 2993 μετασκευάσαι
1130 2917 1209 2989 τῷ
1238 2917 1607 2989 γεγραμμένῳ
1635 2918 1702 2975 ³⁸.

184 3013 234 3065 Ὃ
271 3014 320 3067 δέ
366 3032 450 3086 μοι
508 3013 681 3068 πολλά
736 3010 1134 3082 σκοπ-ησαμένῳ
1172 3008 1450 3081 παρέστη,
1499 3007 1705 3062 τοιοῦτο

180 3104 424 3173 τυγχάνειο
473 3105 684 3167 Πάντες
736 3103 1044 3174 ἄνθρωποι,
1093 3101 1206 3153 ὅσοι
1253 3098 1350 3171 τὴν
1407 3099 1704 3171 μέλλουσαν
1733 3141 1778 3200 c

183 3195 353 3259 ἑαυτοῖς
378 3199 558 3251 ἀνεσιν
597 3193 1097 3268 πραγματευόμεθα
1118 3233 1134 3259 ,
1170 3191 1423 3263 ἀλλότρια
1450 3191 1702 3256 διδόντες,

182 3290 641 3365 ἦσυγχωροῦντες,
672 3295 870 3346 οἰκεῖον
911 3287 1246 3362 ποριζόμεθα
1269 3288 1479 3359 κέρδος.
1524 3283 1706 3337 Ἀλλό-

183 3399 280 3453 cpta.
318 3384 368 3437 δὲ
398 3385 574 3455 λέγω,
627 3383 696 3437 τὰ
736 3383 828 3436 τοῦ
869 3382 1162 3434 Δεσπότου.
1205 3378 1368 3433 Οὐδὲν
1411 3377 1518 3446 γάρ
1562 3377 1708 3428 ἐστιν

187 3477 426 3547 ἡμέτερον·
458 3476 599 3530 ἀλλά
643 3474 819 3528 πάντα
847 3473 946 3543 τῆς
987 3471 1196 3525 ἐκείνου
1225 3467 1538 3529 δεσποτείας
1575 3466 1709 3536 κτή-

191 3583 320 3635 ματα.
351 3571 474 3624 Ὅτε
508 3570 576 3624 ἂν
605 3565 694 3622 οὖν
726 3585 809 3628 τις
847 3566 1165 3636 αἰσθόμενος
1197 3562 1296 3634 τῆς
1331 3559 1582 3630 τελευτῆς
1618 3556 1710 3610 καὶ

187 3657 262 3728 τῆς
300 3660 497 3715 ἐνθένδε
548 3659 963 3732 μεταστάσεως,
1008 3654 1272 3718 εὐποιίαις
1314 3652 1543 3722 κουφίσῃ
1600 3647 1709 3702 τῶν

190 3751 424 3822 ἁμαρτιῶν
443 3754 501 3808 τὸ
526 3752 769 3823 φορτίον,
796 3751 830 3820 ἢ
854 3749 1154 3822 χρεωσταῖς
1179 3745 1536 3815 συγχωρήσας
1557 3739 1714 3810 ὀφλή-

189 3861 334 3912 ματα,
379 3847 412 3918 ἢ
453 3850 569 3910 τοῖς
606 3843 918 3915 πενομένοις
959 3839 1272 3913 χορηγήσας
1299 3837 1397 3906 τὴν
1431 3834 1709 3906 εὐπορίαν,

187 3935 240 3988 τὰ
255 3938 334 3991 τοῦ
360 3940 632 3992 Δεσπότου
659 3935 851 3998 διδοὺς,
878 3932 1063 4003 φίλους
1092 3930 1283 3982 κτᾶται
1311 3925 1559 3985 πολλοὺς,
1587 3923 1714 3984 τοὺς

192 4028 438 4097 μέλλοντας
465 4031 618 4103 αὑτῷ
648 4028 1091 4102 προσμαρτυρεῖν
1123 4023 1273 4094 παρά
1303 4020 1379 4092 τῷ
1411 4020 1587 4090 Κριτῇ
1614 4017 1712 4086 τὴν

189 4119 538 4196 ἀγαθωσύνην,
594 4124 688 4176 καὶ
735 4121 822 4174 διὰ
867 4119 966 4190 τῆς
1027 4103 1329 4188 μαρτυρίας
1376 4107 1714 4196 εὐτρεπίζειδί

189 4193 847 4283 ἀναψύξεωςνκαταγώγιον.
887 4209 1176 4281 Μάρτυρες
1210 4205 1266 4258 δὲ
1293 4203 1540 4273 λέγονται
1572 4201 1619 4252 οῖ
1655 4193 1711 4251 εὖ

191 4303 411 4370 παθόντες
457 4305 614 4378 παρά
637 4304 715 4375 τῷ
737 4305 939 4377 Κριτῇ,
962 4301 1023 4354 οὑ
1053 4301 1274 4370 φωναῖς,
1299 4297 1373 4361 ὼς
1397 4292 1714 4364 ἀγνοοῦντα,

191 4393 484 4462 διδάσκοντες
508 4439 525 4464 ,
565 4397 678 4450 ἀλλ’
707 4396 783 4461 ὡς
827 4395 929 4466 τῆς
957 4394 1084 4466 περὶ
1117 4392 1312 4454 αὐτοὺς
1341 4387 1591 4459 πράξεως
1620 4384 1717 4454 τῆς

193 4493 416 4563 τιμωρίας
438 4495 565 4557 τοὺς
587 4491 1012 4563 ἁμαρτήσαντας
1037 4482 1446 4556 ἐξαιρουμένης·
1481 4481 1575 4534 Ὃν
1608 4475 1714 4548 γὰρ

195 4581 354 4651 τρόπον
395 4586 452 4640 τὸ
492 4582 633 4657 αἷμα
669 4583 762 4636 τοῦ
815 4581 980 4635 Ἀὅελ
1025 4578 1238 4646 ἐλέγετο
1277 4575 1403 4646 βοᾷν
1453 4571 1588 4643 πρὸς
1625 4568 1716 4621 τὸν

196 4674 317 4739 Θεὸν,
343 4679 530 4748 ὁμοίως
565 4678 660 4731 καὶ
685 4675 746 4728 τὸ
777 4673 979 4742 ἀγαθὸν
1024 4670 1183 4742 ἔργον
1209 4666 1528 4737 λεχθήσεται
1554 4661 1715 4731 ’μαρ-

196 4770 340 4835 τυρεῖν
372 4768 446 4840 τῷ
499 4765 883 4838 κατωρθωκότι
930 4763 988 4814 ἐν
1035 4757 1258 4830 Χριστῷ
1321 4753 1494 4826 Ἰησοῦ
1528 4749 1718 4821 Κυρίῳ

196 4857 321 4926 ἡμῶν
338 4878 349 4888 ·
367 4853 408 4928 ᾧ
432 4862 465 4932 ἡ
489 4859 616 4924 δόξα
639 4860 718 4923 είς
739 4857 861 4919 τοὺς
888 4853 1088 4916 αἰῶνας
1108 4848 1216 4903 τῶν
1245 4844 1480 4902 αἰώνων.
1520 4843 1716 4913 Ἀμην.

899 5036 968 5088 Γ’.

539 5128 767 5199 Ὀμιλία
794 5126 942 5180 κατὰ
974 5120 1349 5184 πλεονεξίας.

258 5220 458 5287 ’Δνδοες
518 5221 867 5294 Χριστιανοὶ,
934 5218 1030 5273 καὶ
1096 5214 1338 5285 κλήσεως
1395 5206 1714 5279 ἐπουρανίου

255 5357 432 5429 “Leg.
479 5362 540 5413 τδ
590 5357 990 5430 γεγραμμένον.
1049 5355 1108 5393 9"
1139 5351 1304 5406 Matth
1380 5363 1484 5403 xxv
1513 5347 1584 5411 ,l
1643 5359 1762 5414 sqq.

260 5496 355 5567 (l9)
391 5497 676 5553 Occasione
717 5495 1092 5552 nundinarum,
1138 5504 1256 5567 quae
1304 5488 1357 5567 in
1415 5493 1712 5567 martyrum

207 5555 438 5622 Solstn'uiis
472 5572 659 5622 crebro
689 5567 864 5635 pepuli
897 5555 1169 5635 concursu
1199 5559 1309 5635 jam
1347 5565 1455 5635 tum
1501 5555 1710 5635 fierent,

211 5639 419 5706 nonnulla
471 5623 706 5691 avaritia;
747 5623 954 5702 specie,
1005 5623 1540 5706 e;agilattdattt..hoc
1599 5623 1714 5706 loco

212 5702 416 5776 Asterius
445 5710 674 5776 suscepit
698 5696 1000 5766 avaritiam,
1040 5702 1094 5754 in
1113 5714 1274 5776 quam
1304 5696 1474 5776 pridie
1506 5705 1716 5776 quoque

215 5770 418 5832 invectus
443 5767 618 5833 esset':
644 5778 738 5832 sed
771 5789 873 5830 non
905 5779 1080 5829 exstat
1115 5767 1282 5824 altera
1323 5767 1413 5820 illa
1445 5767 1714 5818 tractatio.

1801 540 1926 594 hinc
1947 541 2376 611 migraverimus,
2411 559 2581 614 neque
2616 547 2873 615 operandi
2898 556 3107 618 tempus
3131 559 3234 618 est,
3267 566 3366 606 ne-
3444 605 3448 613 ,

1799 643 1904 699 que
1925 631 2299 696 mendicandi;
2336 648 2509 703 eoque
2560 651 2718 690 nemo
2767 637 2953 693 dicat:
3013 637 3214 694 Fodere
3262 659 3365 697 non

1799 719 1964 776 ualeo.
1995 719 2062 776 Ut
2085 722 2225 776 enim
2268 723 2500 779 maxime
2550 725 2729 780 valeas
2759 766 2774 790 ,
2823 743 2980 782 nemo
3037 731 3364 796 permiserit.

1801 807 1987 864 Cultus
2027 819 2114 863 et‘
2153 811 2456 868 observatio
2510 815 2882 870 mandatorum
2954 818 3111 887 hujus
3151 822 3364 890 propria

1801 898 1922 950 vita:
1955 907 2071 963 est;
2102 897 2286 953 fruitio
2316 915 2443 956 vero
2466 900 2682 959 futura.
2716 904 2892 970 Quare
2919 907 2963 960 si
3010 908 3097 962 hic
3127 911 3258 963 nihil
3307 925 3366 964 es

1801 999 2070 1058 operatus,
2095 1002 2470 1046 remanserunt
2520 993 2676 1058 vites,
2707 1010 2772 1048 ac
2812 995 3082 1051 incassum
3131 999 3198 1053 de
3249 999 3362 1054 fos-

1802 1082 1955 1136 sione
1999 1082 2263 1139 sollicitus
2315 1099 2393 1138 es.
2436 1085 2504 1138 At
2549 1100 2648 1140 nec
2677 1088 3034 1144 mendicando
3073 1092 3364 1161 quidquam

1803 1174 2115 1242 profeceris.
2154 1175 2319 1241 llujus
2344 1175 2496 1229 nobis
2524 1177 2730 1232 illustre
2759 1183 3063 1247 exemplum
3108 1183 3362 1237 traditum

1802 1274 1902 1328 est,
1934 1264 2169 1334 quinque
2205 1265 2330 1318 illud
2359 1264 2627 1320 faluarutn
2670 1269 2933 1338 virginum
2959 1272 3040 1338 ³¹;
3073 1288 3208 1342 qum,
3240 1289 3364 1328 cum

1801 1355 1976 1410 oleum
2006 1357 2135 1424 ipsis
2162 1357 2394 1422 deesset,
2425 1359 2764 1427 impudenter
2809 1362 2983 1415 oleum
3021 1378 3050 1416 a
3103 1365 3362 1433 sapienti-

1803 1447 1902 1502 bus
1929 1449 2216 1517 petierunt,
2253 1465 2352 1504 nec
2371 1451 2663 1520 quidquam
2690 1460 2867 1506 tamen
2897 1463 3021 1509 sunt
3044 1465 3362 1520 consecutae,

1804 1539 1895 1592 sed
1927 1554 1982 1592 re
2016 1537 2209 1594 infecta
2245 1539 2516 1594 abierunt.
2579 1540 2695 1610 Quo
2769 1543 3044 1606 docemur,
3098 1545 3364 1599 neminem

1803 1628 1977 1682 alieno
2010 1629 2082 1681 uti
2108 1630 2226 1683 oleo
2248 1630 2300 1682 in
2325 1631 2556 1684 adventu
2590 1630 2798 1697 Sponsi,
2830 1630 2880 1683 id
2910 1639 3011 1695 est,
3044 1630 3232 1684 alienis
3257 1647 3367 1685 me-

1807 1721 1943 1785 ritis,
1974 1723 2038 1773 ad
2066 1738 2218 1774 suum
2244 1722 2410 1788 ipsius
2445 1721 2783 1775 commodqu
2816 1737 2879 1775 ac
2911 1721 3162 1776 fructum.
3193 1722 3362 1789 Quam

1805 1811 2032 1879 quisque
2078 1811 2242 1878 gessit
2288 1812 2408 1864 vita:
2441 1813 2739 1876 rationem,
2783 1827 2880 1865 ceu
2929 1823 3132 1866 vestem
3173 1814 3366 1880 induit,

1804 1899 1917 1953 sive
1938 1900 2268 1968 splendidam
2302 1901 2445 1954 illam
2498 1917 2562 1956 ac
2605 1904 2915 1970 pretiosam,
2957 1903 3070 1957 sive
3104 1903 3258 1966 tilem
3304 1919 3368 1958 ac

1804 1993 2121 2061 paupertino
2142 1994 2325 2062 sagulo
2356 1993 2622 2050 similem:
2656 2009 2751 2049 nec
2783 2008 2977 2050 exuere
3006 2009 3123 2048 eam
3161 1993 3239 2048 fas
3263 2002 3367 2061 est,

1803 2091 1895 2135 aut
1914 2081 2014 2135 alia
2043 2095 2372 2138 cotnn'tutare
2397 2101 2412 2150 ;
2448 2099 2546 2139 nec
2573 2085 2792 2139 omnino
2818 2085 2902 2141 vel
2935 2101 3000 2140 ex
3033 2088 3173 2141 dono
3194 2086 3276 2142 vel
3300 2101 3368 2141 ex

1803 2175 2138 2229 commodato
2176 2175 2365 2241 judicii
2411 2185 2650 2246 tempore
2702 2188 2951 2231 ornatum
3001 2179 3369 2247 mundumque

1802 2266 2088 2320 asciscere.
2137 2266 2317 2321 Manet
2355 2268 2583 2338 quisque
2639 2267 2813 2339 qualis
2872 2284 3059 2323 revera
3116 2275 3217 2328 est.
3251 2268 3368 2323 sive

1802 2359 2064 2412 bonorum
2094 2373 2315 2428 egenus,
2336 2358 2449 2414 sive
2479 2359 2629 2415 dives
2649 2368 2706 2413 et
2723 2358 2994 2430 copiosus.
3025 2358 3090 2414 Et
3114 2361 3227 2415 haec
3250 2359 3369 2429 quio-

1804 2446 1923 2500 dem
1964 2447 2236 2501 hactenus.

1874 2538 2010 2604 Quid
2029 2539 2138 2610 jam
2167 2539 2409 2594 dicemus
2429 2539 2495 2592 de
2525 2541 2916 2598 condonatione
2944 2557 3006 2598 ac
3044 2541 3366 2598 remissione

1804 2632 2125 2692 debitorum.
2167 2647 2328 2702 quam
2355 2632 2655 2701 iniquitatis
2686 2647 2999 2689 (economus
3031 2642 3368 2690 commentus

1803 2731 1903 2788 est,
1935 2722 2259 2777 utsolatium
2301 2725 2517 2794 aliquod
2555 2733 2609 2778 et
2638 2725 2894 2780 auxilium
2921 2725 2973 2779 in
3021 2724 3175 2779 malis
3227 2722 3367 2792 apud

1804 2829 2092 2871 conservos
2117 2814 2216 2870 sibi
2244 2817 2618 2886 compararet?
2640 2817 2760 2871 Non
2788 2817 2932 2871 enim
2956 2831 3086 2870 sane
3109 2815 3368 2885 proclive,

1805 2907 1947 2977 quod
1981 2907 2053 2960 ita
2080 2908 2338 2975 scriptum
2367 2917 2450 2962 est
2479 2907 2532 2962 in
2563 2907 2876 2977 allegoriam
2910 2921 3036 2962 vero
3074 2922 3368 2963 consonam

1805 3011 2139 3055 convertere.
2175 2998 2358 3055 Dicam
2406 3010 2582 3054 tamen
2616 3000 2756 3070 quod
2807 2998 2972 3053 multa
3024 2999 3258 3053 volventi
3311 3000 3368 3054 in

1810 3101 2040 3146 mentem
2073 3091 2238 3146 venit.
2281 3097 2479 3146 Umnes
2511 3107 2627 3157 nos,
2661 3099 2922 3160 quotquot
2948 3088 3180 3143 futuram
3213 3089 3369 3144 nobis

1809 3183 2048 3253 requiem
2079 3195 2395 3251 comparare
2427 3182 2705 3234 studemus
2725 3221 2742 3245 ,
2772 3179 3070 3233 alienarum
3117 3179 3366 3233 donatio-

1810 3289 1930 3330 nem
1961 3288 2024 3329 ac
2044 3271 2444 3327 concessionem
2503 3285 2704 3330 rerum,
2755 3269 2958 3324 lucrum
2997 3283 3062 3323 ac
3105 3276 3368 3339 quaestum

1809 3365 2082 3438 proprium
2105 3363 2349 3417 facimus.
2380 3362 2601 3432 Appello
2649 3370 2827 3414 autem
2865 3360 3059 3424 aliena,
3094 3375 3212 3428 quae
3266 3360 3373 3416 Do-

1811 3456 1940 3510 mini
1966 3465 2109 3511 sunt.
2138 3453 2284 3509 Nihil
2328 3455 2471 3509 enim
2505 3453 2724 3508 omnino
2755 3461 3016 3513 nostrum.
3047 3452 3140 3506 sed
3169 3451 3371 3516 omnia,

1811 3547 1952 3602 illius
1971 3554 2097 3602 sunt
2126 3545 2366 3602 dominio
2389 3545 2694 3616 mancipata
2725 3543 2884 3598 bona.
2916 3542 3050 3598 Cum
3099 3543 3220 3613 quis
3270 3542 3375 3613 igi-

1813 3649 1919 3705 tur,
1947 3639 2266 3694 moriturum
2307 3635 2420 3690 fore
2445 3635 2842 3706 persentiscens
2894 3648 2956 3688 ac
2993 3633 3373 3702 migraturum,

1812 3738 2154 3802 peccatorum
2184 3741 2321 3782 onus
2356 3725 2706 3780 beneficentia
2736 3724 2913 3778 levare
2958 3724 3158 3787 studet,
3201 3737 3265 3776 ac
3291 3722 3378 3776 vel

1812 3821 2115 3875 debitorum
2137 3819 2239 3873 sibi
2263 3817 2538 3872 nominum
2561 3815 2787 3884 gratiam
2813 3814 2962 3877 facit,
2981 3813 3063 3868 vel
3095 3813 3379 3881 egentibus

1813 3914 2056 3986 largitur,
2084 3929 2147 3968 ea
2173 3913 2423 3968 donando
2464 3925 2586 3982 quae
2615 3921 2741 3967 sunt
2791 3911 3026 3978 Domini,
3071 3911 3250 3981 plures
3273 3911 3377 3966 sibi

1814 4005 2017 4060 amicos
2046 4003 2321 4068 conciliat,
2358 4006 2447 4072 qui
2487 4001 2744 4056 bonitatis
2770 3998 2885 4068 ejus
2929 4015 2994 4055 ac
3043 4000 3380 4056 liberalitatis

1817 4098 1952 4166 apud
1974 4094 2215 4150 Judicem
2246 4104 2406 4148 testes
2441 4091 2602 4146 futuri
2644 4093 2769 4156 sint,
2814 4107 2875 4146 ac
2913 4091 3213 4145 testimonio
3245 4106 3366 4156 suo,

1817 4186 2086 4258 refrigerii
2122 4185 2295 4239 locum
2322 4185 2581 4254 paraturi.
2615 4185 2779 4239 Porro
2803 4193 2970 4238 testes
2999 4183 3254 4236 dicuntur
3284 4184 3378 4236 be-

1819 4279 2010 4334 neﬁcio
2037 4277 2213 4332 allecti
2253 4278 2392 4346 apud
2443 4274 2722 4340 Judicetn;
2754 4291 2858 4329 non
2889 4273 3125 4335 vocibus,
3163 4281 3220 4326 ut
3253 4281 3377 4326 tan-

1819 4386 1977 4442 quam
2007 4370 2250 4438 ignarum
2277 4368 2543 4432 doceant;
2603 4366 2694 4420 sed
2727 4365 2869 4434 quod
2906 4365 2956 4416 in
2993 4377 3086 4417 eos
3140 4362 3380 4417 exhibita

1746 4462 1981 4544 Dactio,
2017 4474 2265 4515 auctores
2319 4473 2445 4513 suos
2492 4473 2522 4512 a
2568 4458 2852 4512 criminum
2909 4467 3069 4524 ptrna
3129 4458 3379 4510 eximat:

1823 4569 1948 4608 nam
1985 4569 2088 4622 qua
2121 4552 2323 4604 ratione
2344 4549 2560 4620 sanguis
2588 4548 2718 4603 Abel
2749 4547 2984 4602 clamare
3006 4547 3075 4598 ad
3099 4545 3383 4600 Dominum

1826 4646 1998 4700 dictus
2014 4643 2181 4709 est”,
2206 4644 2392 4697 eodem
2421 4641 2579 4695 modo
2604 4656 2763 4708 opera
2793 4641 2930 4696 bona
2953 4641 3000 4692 ei
3021 4638 3386 4693 testimonium

1826 4739 2108 4809 perbibere
2132 4739 2396 4799 dicentur,
2421 4735 2511 4805 qui
2542 4733 2734 4788 meruit
2755 4746 2817 4785 ac
2832 4732 3090 4799 praeclara
3121 4729 3307 4798 gessit,
3331 4725 3386 4781 in

1827 4832 2041 4888 Christo
2088 4830 2216 4886 Jesu
2269 4829 2496 4884 Domino
2545 4837 2728 4882 nostro
2751 4866 2766 4889 ,
2793 4824 2878 4879 cui
2911 4825 3077 4894 gloria
3109 4823 3161 4876 in
3190 4819 3388 4876 saecula

1825 4924 2160 4979 saeculorum.
2189 4922 2379 4976 Amen.

2566 5009 2649 5063 Ill.

2117 5104 2345 5159 Homilia
2389 5102 2633 5154 adversus
2662 5098 2940 5152 avaritiam
2974 5094 3102 5166 (l9).

1905 5198 2010 5253 Viri
2041 5197 2358 5256 Christiani.
2402 5208 2606 5262 vosque
2636 5191 2873 5246 caelestis
2928 5185 3223 5242 vocationis
3263 5197 3390 5253 par-

1853 5338 2061 5394 ”Gcn.
2124 5352 2196 5396 tv,
2265 5336 2348 5391 l0.

1819 5477 1894 5532 De
1925 5476 2016 5530 illa
2052 5473 2226 5543 populi
2263 5470 2526 5524 elfusione
2563 5479 2628 5543 au
2663 5474 2976 5543 _r_uartyrnm
3024 5467 3177 5514 extra
3227 5457 3391 5512 urbes

1819 5533 2140 5601 celebranda
2177 5554 2396 5608 tropma,
2439 5553 2503 5592 ac
2574 5537 2624 5589 in
2663 5533 3382 5608 Martyriis._nonttnnq‘uam

1819 5597 2342 5685 δίιτῇεοειοιιιιιεξηι
2365 5597 2485 5685 eum
2515 5608 2579 5660 de
2609 5597 3058 5685 Sancto'liabyla‘,
3081 5597 3395 5685 etc.

1821 5668 2073 5754 bifariyria
2119 5668 2266 5754 extra
2318 5680 2498 5754 urbes,
2546 5674 2688 5754 quod
2742 5668 2950 5740 legibus
2991 5668 3246 5722 Romanis
3284 5681 3393 5721 non

1824 5744 2012 5812 liceret
2045 5753 2200 5808 condi
2228 5753 2279 5804 in
2307 5746 2528 5803 urbibus
2559 5744 2832 5799 cadavera.
