3824 6270
456 311 566 372 195

1728 314 1788 371 S.
1828 312 2105 370 ASTERII
2142 315 2446 373 AMASENI

3606 323 3714 382 I96

380 432 390 439 “
451 435 647 504 ticipes
677 433 724 467 “
750 432 929 490 eﬂ'ecti
961 434 1084 501 viri,
1113 432 1264 504 plebs
1310 432 1602 499 rusticana,
1654 448 1716 490 ac
1761 444 1999 505 quotquo

2127 433 2346 507 μέτοχοι
2368 435 2590 509 ἄνδρεςο
2639 438 2798 510 ὑμεῖς
2848 440 2878 493 ὁ
2906 439 3144 513 χωρικδς
3190 441 3391 515 δῆμος,
3432 443 3529 499 καὶ
3569 445 3711 501 πᾶν·

448 526 661 595 oppidis
688 527 917 597 egressi,
942 543 1045 581 una
1068 527 1425 583 consensione
1450 527 1517 582 ad
1540 527 1643 581 hoc
1668 526 1863 583 festum
1892 543 2024 582 con-

447 617 698 672 curristis
753 620 966 687 (omnes
991 617 1190 688 quippe
1228 633 1325 673 vos
1379 633 1487 673 uno
1514 618 1848 689 complector
1871 618 2022 673 vocis

447 708 740 781 praeconio)
766 728 781 762 :
816 711 1113 780 qttisqtlene
1135 721 1371 767 vestrum
1403 712 1584 767 animo
1599 726 1783 766 curam
1815 710 2020 781 injecit,

447 801 829 872 perspexitque
861 818 923 857 ac
966 801 1229 856 intellexit
1281 816 1385 872 qua
1411 807 1477 856 de
1504 816 1671 857 causa
1705 802 2022 857 conveneri-

449 893 615 948 tnns?
646 909 710 949 ac
737 908 904 964 quare
939 903 1222 966 martyres,
1265 908 1388 949 cum
1444 894 1643 949 aedium
1679 900 1875 949 ornatu
1905 893 2020 950 cul-

447 992 612 1053 tuque
661 986 962 1055 magniﬁco,
1021 995 1133 1039 tum
1184 986 1382 1041 annuis
1414 984 1748 1053 ejnscemodi
1788 986 2021 1041 coetibus

447 1078 830 1143 honestentur,
883 1092 947 1132 ac
999 1092 1107 1148 quo
1141 1077 1483 1147 potissimum
1542 1077 1817 1148 pr0posito
1849 1091 2016 1146 scopo

445 1170 675 1236 majores
709 1169 901 1232 nostri,
940 1169 1041 1224 ista
1075 1184 1195 1238 qua:
1227 1170 1472 1223 videmus
1500 1168 1852 1232 instituerint,
1868 1167 2018 1236 jure-

443 1275 548 1331 que
581 1270 838 1330 perpetuo
869 1276 991 1316 eum
1021 1261 1179 1315 ritum
1212 1262 1278 1314 ad
1306 1271 1554 1330 posteros
1584 1260 2017 1317 transmiserint?

439 1350 629 1406 Nonne
657 1350 740 1406 vel
792 1366 981 1421 parum
1038 1351 1335 1405 intendenti
1384 1352 1624 1405 animum
1662 1367 1725 1405 ac
1782 1350 2013 1422 sapienti

438 1443 655 1511 planum
690 1443 741 1498 id
773 1451 933 1511 atque
958 1443 1325 1513 perspicuum,
1357 1442 1573 1511 pietatis
1600 1442 1716 1496 zelo
1742 1442 1857 1498 haec
1884 1443 2013 1498 talia

438 1537 595 1590 nobis
625 1535 919 1591 constituta
942 1550 1083 1599 esse,
1117 1535 1493 1605 solemnesqne
1523 1545 1840 1601 conventus,
1861 1552 2012 1591 com-

438 1643 629 1682 munes
658 1627 921 1695 quosdam
973 1628 1277 1682 animorum
1312 1626 1535 1683 conﬂari
1571 1628 1745 1694 ludos,
1775 1639 1836 1682 ιιι
1866 1644 2012 1682 mar-

440 1726 616 1788 tyrum
648 1717 795 1771 cultu
830 1732 894 1772 ac
929 1718 1295 1786 veneratione,
1344 1733 1505 1788 quam
1560 1719 1631 1774 illi
1668 1735 1764 1789 pro
1811 1722 2012 1788 pietate

437 1810 808 1865 fortitudinem
848 1811 1246 1878 exhibuerunt,
1288 1812 1579 1877 imitemur,
1633 1822 1798 1881 utque
1830 1813 2014 1867 docto-

437 1903 587 1957 ribus
630 1898 1010 1958 rocasione
1061 1903 1407 1973 congregatis
1456 1918 1641 1959 aurem
1688 1904 2014 1973 praebentes,

436 1991 776 2063 profuturum
808 1993 1035 2062 aliquid,
1063 2009 1125 2049 ac
1155 2002 1317 2049 antea
1372 1995 1747 2066 ltactenusqne
1791 1997 2012 2068 ignora-

438 2093 546 2138 tmn
568 2084 875 2150 discamus;
905 2084 987 2140 vel
1012 2085 1146 2139 certi
1183 2085 1437 2139 nimirum
1465 2086 1668 2158 aliquid
1699 2090 1964 2157 dogmatis
1992 2105 2007 2156 ;

434 2174 517 2228 vel
551 2175 941 2242 expositionem
971 2175 1210 2239 obscuri,
1238 2191 1303 2230 ac
1331 2178 1566 2247 ambigui
1607 2178 1707 2233 loci
1763 2179 1999 2250 Scriptu-

436 2281 511 2320 ται
539 2282 555 2331 ;
586 2266 670 2320 vel
720 2266 951 2336 denique
1011 2269 1371 2337 compositum
1405 2285 1710 2326 sermonem
1771 2272 2011 2327 moribus

436 2359 821 2415 instituendis?
873 2360 979 2415 Sed
1016 2363 1161 2415 enim
1196 2377 1292 2416 vos
1346 2363 1477 2416 milii
1508 2364 1777 2424 videmini,
1809 2366 2010 2419 omisso

433 2451 648 2507 virtutis
697 2453 896 2515 studio,
965 2467 1206 2522 curaque
1283 2453 1477 2508 anima:
1518 2455 1846 2524 posthabita,
1912 2457 2009 2511 toti

434 2544 576 2596 circa
606 2558 928 2598 mammona:
963 2546 1173 2609 sordes,
1216 2545 1496 2614 forumque
1535 2560 1711 2599 rerum
1740 2547 2007 2602 venalium

433 2634 677 2699 versari;
709 2633 798 2687 alii
831 2635 1048 2705 quidem
1104 2636 1202 2705 ipsi
1235 2638 1661 2703 contrahentes;
1696 2637 1784 2691 alii
1820 2637 2009 2694 alienis

434 2724 625 2779 intenti
658 2724 1058 2795 inhiantesqne,
1086 2741 1149 2781 ac
1181 2741 1359 2782 rerum
1406 2727 1671 2782 venalium
1708 2730 2009 2783 contentio-

434 2818 605 2870 siores
632 2817 986 2873 aestimatores
1010 2818 1373 2883 sciscitantes,
1400 2834 1505 2888 quo
1538 2835 1636 2873 sua
1667 2820 1893 2875 invicem
1931 2823 2008 2875 vi-

434 2908 641 2962 lescere
678 2907 878 2962 l‘aciant
912 2924 975 2964 ac
1006 2912 1178 2979 pretio
1234 2911 1496 2965 minuant.
1539 2910 1758 2973 Verum,
1818 2914 2001 2982 agile;

435 2999 535 3052 ltoc
569 2999 958 3054 tniltistudinm
996 3002 1062 3056 ad
1124 3001 1421 3057 Ecclesiatn
1481 3003 1783 3068 transferte,
1849 3006 2007 3058 relin-

2124 540 2235 590 τες,
2290 526 2405 581 ὅσοι
2475 528 2584 582 τῶν
2645 530 2856 586 πόλεων
2911 534 3356 605 ὲκφοιτήσαντες,
3405 537 3545 608 πρὸς
3609 538 3712 609 τὴν

2124 617 2406 689 παροῦσαν
2463 619 2771 692 συμφώνως
2810 624 3003 697 ἑορτὴν
3054 626 3420 699 συνεδράμετε
3465 629 3712 701 (γενικῷ

2122 708 2230 780 γὰρ
2276 711 2420 782 ὑμᾶς
2470 713 2676 779 πάντας
2738 715 3131 788 περιλαμϐάνω
3177 720 3559 792 κηρύγματι),
3598 716 3715 792 ἄρα

2121 800 2351 868 ἕκαστος
2390 805 2544 877 ὑμῶν
2581 807 2864 862 ἐνεϐάλετο
2907 811 2973 881 τῇ
3014 810 3223 884 διανοίᾳ
3267 813 3545 883 φροντίδα,
3580 829 3713 868 συν-

2120 891 2260 946 εἶδεν
2286 890 2343 968 δὲ
2386 893 2480 947 καὶ
2525 895 2873 967 κατενόησεν,
2917 897 3059 970 ὑπὲρ
3095 898 3241 963 τίνος
3291 898 3705 971 ἡθροίσθημενς

2119 982 2238 1037 ἀνθ’
2264 984 2387 1038 ὅτου
2434 984 2493 1039 δὲ
2534 987 2800 1059 τιμῶνται
2834 989 3109 1062 μάρτυρες
3175 990 3339 1046 οἴκων
3383 990 3708 1063 περιφανῶν

2118 1080 2516 1145 κατασκευαῖς,
2549 1077 2645 1133 καὶ
2670 1082 2783 1144 τοῖς
2829 1080 3123 1147 ἐνιαυσίοις
3148 1082 3361 1145 τούτοις
3386 1082 3705 1153 συλλόγοις,

2117 1164 2370 1237 καὶπρὸς
2391 1167 2510 1221 τίνα
2531 1168 2732 1222 σκοπὸν
2755 1168 3041 1241 βλέποντες
3070 1173 3118 1225 οἱ
3140 1170 3372 1244 πατέρες
3394 1175 3427 1244 ἡ
3436 1172 3555 1244 μῶν
3585 1176 3710 1228 ἑνο-

2121 1254 2424 1327 μοθέτησαν
2443 1258 2512 1312 τὰ
2528 1257 2796 1331 ὁρώμενα,
2826 1262 2918 1314 καὶ
2939 1262 3156 1337 ἰσχυρὸν
3172 1264 3389 1335 ἀφῆκαν
3407 1264 3497 1318 τὸν
3527 1266 3703 1337 νόμον

2116 1347 2230 1409 τοῖς
2257 1347 2583 1417 μετέπειτας
2616 1351 2686 1403 Ἢ
2716 1351 2982 1424 πρόδηλον
3011 1352 3091 1423 τῷ
3119 1355 3214 1410 καὶ
3244 1355 3440 1428 μικρὸν
3480 1355 3708 1411 πυκνώ-

2117 1454 2271 1493 σαντι
2301 1440 2401 1511 τὴν
2436 1440 2695 1507 διάνοιαν,
2736 1443 2812 1508 ὡς
2853 1444 3000 1517 ζήλῳ
3029 1448 3160 1518 ἡμῖν
3207 1448 3486 1514 εὐσεϐείας
3521 1450 3705 1506 ταῦτα

2113 1528 2419 1603 διετυπώθη
2441 1572 2456 1598 ,
2503 1534 2598 1587 καὶ
2626 1534 2781 1589 κοινά
2822 1537 3196 1607 παιδαγωγεῖα
3246 1540 3356 1594 τῶν
3400 1541 3592 1613 ψυχῶν
3638 1543 3703 1597 αι

2115 1621 2452 1694 πανηγύρεις
2506 1625 2847 1695 συνάγονται,
2879 1627 2964 1681 ἵνα
2994 1631 3276 1701 μάρτυρας
3309 1632 3597 1705 τιμῶντες,
3635 1632 3707 1688 τὸ

2112 1711 2224 1765 τῶν
2271 1713 2564 1786 μαρτύρων
2609 1716 2749 1788 ὑπὲρ
2795 1718 3076 1786 εὐσεϐείας
3122 1723 3391 1794 καρτερὸν
3445 1724 3709 1798 μιμησώ-

2044 1788 2087 1848 Β
2118 1801 2286 1872 μεθα·
2313 1804 2403 1859 ἵνα
2425 1808 2539 1869 τοῖς
2568 1808 2956 1879 συναγομένοις
2981 1788 3312 1879 παιδευταῖς-
3322 1788 3611 1883 ὑποθέντες
3635 1821 3707 1875 τὸ

2113 1888 2226 1959 οὖς,
2255 1895 2515 1968 μάθωμεν
2539 1915 2593 1951 τι
2614 1901 2872 1972 χρηστὸν,
2905 1902 2936 1955 δ
2979 1908 3085 1977 πρὸ
3115 1905 3344 1978 βραχέος
3367 1908 3470 1963 οὐκ
3499 1905 3703 1980 ἐγινώ-

2114 2002 2339 2058 σκομεν,
2364 1988 2397 2060 ἢ
2426 1988 2694 2060 δόγματος
2720 1993 3040 2063 ἀσφάλειαν,
3064 1997 3097 2068 ἢ
3126 1996 3279 2053 λύσιν
3304 2001 3704 2077 ἀπορουμένης

2112 2079 2336 2152 Γραφῆς
2361 2081 2435 2153 ,ἦ
2475 2099 2596 2136 τινα
2632 2081 2788 2154 λόγον
2827 2086 2927 2159 τὴν
2954 2088 3064 2152 τῶν
3101 2088 3248 2160 ἠθῶν
3291 2092 3704 2166 ἐπανορθοῦντα

2113 2172 2478 2239 κατάστασιν;
2522 2172 2712 2245 Ὑμεῖς
2747 2176 2805 2230 δέ
2845 2195 2935 2249 μοι
2964 2179 3167 2236 δοκεῖτε
3192 2181 3295 2253 τῆς
3323 2183 3525 2256 ἀρετῆς
3574 2188 3706 2241 ἐπι-

2115 2260 2334 2332 μέλειαν
2373 2264 2638 2334 ἀφέντες,
2680 2268 2779 2321 καὶ
2814 2270 2913 2340 τῆς
2952 2271 3082 2344 περὶ
3122 2272 3221 2344 τὴν
3248 2274 3425 2348 ψυχὴν
3456 2278 3703 2350 σποῇς

2110 2352 2484 2425 ἐκλαθόμενοι,
2519 2356 2648 2429 ὅλην
2677 2359 2887 2415 ἑαυτῶν
2921 2363 3364 2432 μετατεθεικέναι
3406 2367 3505 2440 τὴν
3536 2370 3706 2442 μέρι-

2114 2460 2251 2515 μναν
2278 2446 2415 2517 πρὸς
2434 2446 2523 2501 τὸν
2542 2451 2808 2521 συρφετὸν
2837 2453 2930 2507 τοῦ
2959 2459 3257 2526 μαμμωνᾶ,
3286 2459 3380 2512 καὶ
3405 2461 3506 2532 τὴν
3523 2463 3701 2533 ἀσχο-

2109 2537 2227 2592 λίαν
2255 2539 2361 2593 τῶν
2392 2542 2745 2613 πρατηρίων’
2782 2547 2831 2599 οἱ
2879 2548 2976 2617 μὲν
3016 2548 3171 2602 αὐτοὶ
3214 2551 3696 2624 συναλλάττοντες,

2108 2630 2156 2682 oi
2183 2629 2241 2683 δὲ
2276 2632 2564 2713 κεχηνότες
2590 2636 2670 2697 είς
2708 2634 2780 2689 τὰ
2813 2636 3098 2710 ἀλλότρια,
3144 2642 3239 2694 καὶ
3278 2643 3407 2708 τοὺς
3448 2646 3541 2701 ἐπὶ
3577 2650 3697 2713 τοῖς

2107 2719 2287 2784 ὠνίοις
2313 2710 2750 2792 φιλονεικοῦντας
2780 2729 3139 2804 ἱστοροῦντες,
3168 2734 3317 2799 ὅπως
3339 2736 3409 2790 τὰ
3438 2710 3697 2811 ἀλλήλων

2107 2812 2529 2905 επευωνίζωσιν.
2575 2818 2735 2873 Ἀλλὰ
2768 2822 3027 2892 μετάθετέ
3049 2843 3138 2894 μοι
3171 2825 3261 2880 τὸν
3286 2829 3449 2883 πόθον
3476 2831 3570 2885 ἐπὶ
3587 2832 3698 2905 τὴν

2120 2903 2473 2976 Ἐκκλησίαν*
2502 2909 2866 2982 καταλείψατε
2890 2913 2989 2985 τὴν
3014 2914 3400 2991 φιλαργυρίαν,
3428 2921 3524 2993 τὴν
3556 2903 3696 2992 άγό-

2111 3010 2296 3065 ραιον,
2326 2997 2424 3070 τὴν
2456 2999 2709 3070 μαινάδα.
2767 3004 3182 3079 Ἀποστράφητε
3222 3010 3393 3083 αὐτὴν
3434 3012 3511 3076 ὡς
3553 3014 3695 3069 ἄκο-

430 3089 581 3159 qnite
602 3090 908 3155 avaritiam,
937 3089 1081 3145 illam
1128 3092 1651 3158 circumforaneum,
1690 3094 1834 3148 illam
1871 3110 2001 3149 mte-

2110 3102 2247 3157 σμον
2277 3090 2542 3162 ὲταιρίδα,
2582 3093 2972 3165 προσγελῶσαν
3013 3097 3090 3170 τῷ
3126 3099 3341 3173 πλήθει,
3367 3106 3487 3167 ταῖς
3520 3104 3691 3159 ἁλλο-

430 3183 567 3236 aada
600 3196 616 3235 :
646 3184 977 3237 aversamini
1039 3194 1291 3253 tanquam
1342 3195 1547 3254 turpem
1585 3186 2002 3253 meretriculam,

427 3273 752 3329 multitudini
784 3275 1130 3340 arridentem,
1153 3276 1341 3331 alienis
1367 3286 1614 3331 ornatam
1653 3278 1999 3345 indumentis,

428 3378 493 3418 ac
506 3363 775 3419 coloribus
806 3366 1143 3435 pigmentarii
1164 3366 1417 3423 fucatam.
1435 3368 1652 3434 Contra,
1672 3378 1848 3425 annale
1864 3370 2002 3425 divi—

427 3468 553 3509 nam
585 3454 726 3509 illam
754 3469 816 3509 ac
843 3455 1063 3526 probam
1091 3458 1471 3528 pndicamque,
1504 3460 1697 3514 decore
1728 3461 1999 3528 amictam,

425 3546 685 3617 Vultuque
707 3548 854 3617 gravi
896 3561 959 3602 ac
986 3550 1247 3603 modesto.
1277 3548 1367 3603 Sic
1395 3551 1537 3604 enim
1566 3551 1644 3606 ait
1667 3551 1919 3607 Salomon
1946 3554 2000 3608 in

425 3638 563 3695 libro
588 3639 1041 3695 Proverbiorunt:
1100 3638 1185 3695 Ne
1237 3643 1475 3697 dimittas
1535 3659 1673 3710 eam,
1732 3655 1877 3714 teque
1905 3644 2000 3698 illa

425 3744 607 3786 mutuo
632 3730 1001 3800 complectetur
1031 3747 1051 3786 :
1083 3732 1242 3802 dilige
1275 3750 1410 3798 earn,
1451 3742 1501 3788 et
1548 3734 1803 3789 custodiet
1855 3745 1904 3789 te
1930 3735 1997 3790 ³⁵.

424 3821 544 3880 Noli
602 3838 698 3892 per
736 3833 1104 3892 contemptum
1161 3825 1465 3893 praeterire,
1502 3841 1600 3880 nec
1629 3841 1749 3896 quae
1800 3825 1895 3882 tibi
1943 3828 1998 3884 in

423 3916 527 3971 hac
553 3929 738 3970 mensa
774 3913 1145 3983 proponimus,
1171 3928 1238 3969 eo
1268 3916 1607 3984 aspernanda
1645 3909 1824 3987 putes,
1853 3919 1996 3988 quod

420 4024 485 4062 ea
517 4005 684 4077 gratis
735 4006 991 4073 consequi
1043 4015 1216 4076 potes.
1272 4003 1377 4062 Sed
1416 4022 1481 4063 eo
1511 4009 1744 4079 gratiora
1783 4011 1894 4067 sint
1933 4025 1999 4069 ac

420 4097 592 4167 magis
642 4107 990 4166 expetantur,
1012 4099 1154 4167 quod
1191 4113 1296 4153 non
1345 4100 1628 4157 sedeamus
1684 4101 1994 4161 institorum

418 4204 571 4245 more
627 4203 749 4244 cum
813 4197 1013 4243 statera
1049 4200 1104 4242 et
1142 4190 1390 4245 trutina:
1445 4191 1764 4262 lucrumqne
1806 4212 1990 4261 unum.

417 4283 681 4338 auditoris
715 4297 777 4337 ac
812 4282 1057 4352 discipuli
1088 4282 1315 4337 salutem
1336 4299 1660 4353 quaeramus.

489 4373 648 4430 Lecta
689 4377 841 4430 nobis
862 4387 1030 4432 estex
1053 4376 1201 4430 Actis
1233 4379 1596 4444 apostolorum
1626 4379 1773 4434 Pauli
1798 4383 1863 4436 ad
1888 4382 1989 4438 Fe-

2106 3178 2285 3250 τρίαις
2319 3180 2472 3247 ὕλαις
2512 3184 3013 3260 καλλωπιζομένην,
3066 3191 3161 3245 κει.)⁸
3206 3196 3321 3258 τοῖς
3362 3195 3547 3251 ἄνθεσι
3587 3199 3690 3253 τοῦ

2107 3274 2570 3345 φαρμακοπώλου.
2633 3279 2928 3353 Ἐράσθητε
2980 3281 3185 3357 ταύτης
3234 3286 3335 3358 τῆς
3384 3287 3534 3353 θείας
3582 3292 3688 3346 καὶ

2106 3359 2383 3434 σώφρονος
2410 3366 2748 3440 ὲσταλμένης
2788 3371 3032 3441 κοσμίως
3051 3413 3067 3438 ,
3097 3374 3294 3445 σεμνὸν
3320 3378 3415 3431 καὶ
3435 3379 3690 3450 ἀμετεώ-

2108 3470 2290 3523 ριστον
2322 3453 2643 3528 βλεπούσης.
2673 3459 2829 3514 Ούτω
2851 3461 2958 3533 γὰρ
3015 3464 3274 3536 Σαλομῶν
3305 3468 3451 3540 ὲνιτῇ
3483 3488 3689 3542 παροι-

2107 3546 2277 3615 μιακῇ
2313 3546 2479 3618 βίϐλῳ
2509 3548 2706 3620 ιρησίν⁸
2736 3550 2834 3621 Μὴ
2862 3553 3304 3626 ἐγκαταλείπῃς
3335 3560 3553 3629 αὐτὴν,
3576 3566 3685 3620 και

2102 3634 2414 3699 ἀνθέξεται
2430 3652 2568 3693 σου.
2608 3639 2917 3711 Ἐράσθητι
2940 3645 3153 3716 αὐτῆς,
3182 3643 3281 3703 καί
3307 3651 3554 3720 tumida
3577 3669 3679 3710 σε.

2230 3724 2509 3798 παρέλθῃς
2533 3733 2975 3804 καταφρονήσας,
3006 3735 3143 3807 μηδὲ
3170 3736 3239 3792 τὰ
3267 3742 3398 3813 παρ’
3427 3744 3559 3815 ἡμῖν
3582 3745 3686 3799 ἐπὶ

2098 3813 2197 3885 τῆς
2245 3817 2525 3890 τραπέζης
2566 3821 2770 3894 ταύτης
2799 3826 3163 3899 προκείμενα,
3204 3830 3295 3885 διὰ
3334 3813 3493 3888 τοῦτο
3533 3837 3683 3891 αὐτὰ

2097 3903 2327 3978 νομίσῃς
2344 3906 2538 3980 άτιμα,
2562 3911 2750 3985 ἐπειδὴ
2777 3916 2982 3985 προῖκά
3008 3934 3092 3971 σοι
3110 3917 3320 3984 ἔξεστιν
3344 3922 3442 3994 τὴν
3470 3925 3672 3995 κτῆσιν

2098 3999 2586 4070 περιποιήσασθαι·
2636 4002 2775 4058 ἀλλὰ
2821 4005 2915 4060 καὶ
2948 4008 3150 4080 μᾶλλον
3194 4012 3552 4086 ἐπιθύμησον,
3586 4017 3677 4072 ὅτι

2095 4089 2157 4180 οὐ
2188 4090 2475 4180 καθήμεθα
2513 4094 2770 4167 κάπηλοι,
2806 4096 2970 4167 ζυγὸν
3007 4102 3040 4172 ἢ
3083 4104 3355 4177 τρυτάνην
3385 4106 3671 4180 φέροντεςο

2095 4177 2153 4233 ἓν
2180 4179 2236 4234 δὲ
2266 4184 2453 4255 κέρδος
2488 4185 2780 4259 ζητοῦμεν,
2813 4192 2913 4263 τὴν
2934 4192 3030 4247 τοῦ
3061 4196 3305 4268 μαθητοῦ
3334 4177 3630 4273 σωτηρίαν.

2175 4375 2510 4449 Ἂνεγνώσθη
2549 4380 2677 4449 ἡμῖν
2719 4382 2784 4436 ἐκ
2818 4382 2926 4439 τῶν
2956 4386 3215 4457 Πράξεων
3265 4388 3477 4445 Παύλου
3508 4391 3672 4463 λόγος

416 4477 556 4521 stum
615 4481 679 4521 ac
720 4467 1004 4536 Agrippam
1043 4468 1215 4522 oratio
1240 4468 1285 4499 '°
1316 4485 1329 4519 :
1356 4467 1527 4533 Pauli,
1562 4470 1809 4539 inqumn,
1846 4474 1990 4528 illius

2105 4471 2229 4542 πρὸς
2252 4473 2458 4543 ⁴ινῆστον
2479 4475 2574 4528 καὶ
2609 4475 2934 4548 Ἀγρίππαν,
2964 4481 3176 4535 Παύλου
3200 4483 3294 4538 τοῦ
3318 4485 3507 4541 πιστοῦ
3537 4488 3677 4542 ἁπο-

417 4569 468 4610 et
495 4554 663 4609 ﬁdelis
691 4555 915 4624 apostoli
933 4564 987 4609 et
1012 4555 1290 4624 prudentis
1316 4556 1571 4610 oratoris.
1597 4555 1784 4611 Vidisti
1808 4558 1986 4627 plane,

415 4647 648 4713 auditor,
673 4645 935 4714 siquidem
973 4645 1208 4698 animum
1234 4645 1533 4707 advenisti,
1575 4655 1632 4700 ut
1657 4663 1755 4702 nec
1784 4649 1872 4704 ille
1899 4665 1990 4704 ve-

415 4739 626 4793 ritatem
658 4753 722 4792 ex
753 4746 897 4791 metu
926 4737 1147 4808 prodat;
1189 4753 1253 4792 ac
1287 4738 1601 4807 obsequium
1633 4754 1757 4809 erga
1793 4741 1987 4812 Agrip-

415 4847 533 4901 pum
547 4830 812 4884 sermonis
825 4829 1068 4882 libertate
1083 4838 1403 4898 temperans,
1426 4831 1615 4883 durum
1632 4831 1857 4886 tribunal
1872 4834 1983 4905 (20)

413 4920 764 4991 commitiget,
816 4936 881 4973 ac
915 4920 979 4974 ad
1034 4920 1305 4974 lenitatem
1355 4921 1636 4976 inﬂectat:
1680 4939 1783 4978 non
1833 4925 1988 4981 aliter

411 5028 572 5083 quam
625 5013 669 5067 si
710 5012 920 5069 belluas
974 5011 1198 5083 aliquas,
1243 5014 1522 5076 orationis,
1563 5024 1619 5068 ut
1673 5016 1744 5069 ita
1786 5018 1981 5083 dicam,

412 5104 836 5159 contrectatione
869 5104 1197 5159 incantares.
1242 5102 1348 5159 Sed
1377 5116 1431 5160 et
1480 5105 1768 5163 Zacharias
1823 5110 1984 5165 hodie

409 5197 751 5265 prophetavit
796 5196 932 5269 (2|),
957 5211 1272 5266 magnorum
1318 5198 1472 5253 nobis
1505 5197 1770 5269 Unigeniti
1800 5216 1984 5257 sacra-

512 5328 559 5361 “
594 5328 755 5386 llebr.
788 5347 870 5395 ιιι,
898 5331 945 5383 l.

476 5465 585 5537 (20)
629 5467 826 5521 Durum
862 5467 1114 5541 tribunal,
1160 5467 1348 5538 τραχὺ
1392 5467 1716 5541 κριτήριον.
1737 5468 1829 5523 Sic
1853 5468 1978 5541 legit

408 5535 693 5603 interpres,
743 5555 864 5592 cum
923 5538 1094 5593 reddit
1146 5535 1306 5591 duros
1358 5535 1581 5592 animos.
1642 5539 1771 5592 Erat
1827 5535 1977 5596 certe

3630 4574 3663 4599 τ

2096 4564 2302 4631 στόλου,
2354 4568 2449 4619 καὶ
2504 4569 2668 4639 σοφοῦ
2724 4572 3057 4646 δημηγόρου.
3116 4573 3269 4642 Εἶδες
3324 4579 3560 4644 πάντως,
3623 4574 3676 4636 ὦ

2092 4658 2384 4730 ἀκροατὴς,
2412 4662 2460 4713 εί
2485 4661 2575 4715 τὸν
2603 4661 2728 4716 νοῦν
2756 4665 3081 4737 ἐπέστησας,
3109 4669 3258 4733 ὅπως
3291 4671 3384 4724 καὶ
3406 4670 3505 4744 τὴν
3528 4671 3675 4745 ἀλή-

2093 4747 2243 4803 θειαν
2269 4752 2329 4804 οὐ
2359 4753 2678 4824 προδίδωσιν
2710 4757 2776 4811 ὲκ
2797 4757 3016 4826 δειλίας,
3047 4760 3141 4814 καὶ
3160 4761 3259 4833 τὴν
3281 4763 3416 4835 πρὸς
3449 4765 3675 4837 Ἀγρίπο

2094 4856 2204 4892 παν
2233 4840 2535 4911 θεραπείαν
2578 4845 2644 4914 τῇ
2696 4846 2981 4918 παρρησίᾳ
3037 4849 3299 4921 κεράσας,
3331 4852 3390 4904 τὸ
3427 4852 3604 4923 βραχὺ
3621 4855 3671 4887 ³⁷

2092 4932 2373 5003 κριτήριον
2410 4934 2744 5003 ὲκμαλάσσει
2775 4938 2912 5009 πρὸς
2933 4940 3259 5013 ἁγαθότητα,
3286 4941 3475 5014 ὥσπερ
3499 4944 3673 5015 θηρία

2090 5020 2212 5074 τινὰ
2240 5021 2557 5092 κατεπᾴδων
2586 5026 2705 5087 ταῖς
2725 5024 2818 5078 τοῦ
2842 5026 3000 5094 λόγου
3027 5031 3490 5101 μεταχειρήσεσιν.
3521 5031 3671 5103 Προ-

2091 5111 2387 5180 εφήτευσεν
2415 5112 2509 5164 καὶ
2535 5114 2773 5184 σήμερον
2798 5117 3090 5190 Ζαχαρίας,
3117 5118 3227 5172 τῶν
3252 5118 3502 5189 μεγάλων
3531 5121 3670 5191 ἡμῖν

2092 5200 2407 5272 μυστηρίων
2458 5202 2555 5256 τοῦ
2598 5206 2937 5275 Μονογενοῦς
2986 5210 3292 5280 ὑπανοίγων
3336 5210 3433 5284 τὴν
3467 5211 3665 5284 θύραν,

1040 5331 1083 5362 ³⁸
1111 5329 1268 5387 Prov.
1297 5347 1371 5395 tv,
1408 5330 1460 5386 6.
1536 5331 1721 5387 “Act.
1756 5349 1880 5399 xxv,
1919 5334 1952 5389 8
1975 5353 1999 5391 s

2107 5351 2291 5403 μανι,
2322 5336 2357 5389 2
2380 5352 2502 5407 sqq.
2579 5340 2624 5374 ³⁷
2657 5341 2786 5413 Leg.
2819 5361 3016 5416 τραχυ.

2087 5471 2259 5536 lisset,
2293 5481 2350 5525 nt
2379 5475 2501 5529 Aet.
2532 5492 2656 5532 xxv.

2153 5542 2265 5622 (ξι)
2305 5540 2595 5622 Zacharias
2632 5548 2784 5622 hodie
2828 5553 3180 5622 prophetarit.
3224 5552 3314 5609 Uti
3347 5554 3549 5622 Latini,
3580 5559 3664 5615 sic

409 5605 599 5690 Festus
629 5607 795 5690 Paulo
821 5609 987 5690 durus
1017 5609 1202 5690 iudex,
1237 5609 1546 5690 qnivolens
1579 5610 1809 5690 gratiam
1845 5625 1977 5690 prae:
2079 5620 2135 5690 et
2161 5605 2682 5690 'Grteciprzecipuis
2732 5605 3037 5690 quibusque
3095 5605 3662 5684 les'tivitatiliusmsu‘a-s

408 5687 550 5751 stare
572 5675 792 5751 Judaeis,
827 5675 1029 5751 eisdem
1076 5675 1626 5751 Paulunrtraditurns
1674 5689 1814 5747 erat,
1845 5675 1974 5736 'nisi
2080 5681 2339 5751 lectiones
2373 5675 2592 5751 habent,
2659 5704 2725 5743 ac

408 5750 520 5817 ipse
559 5749 875 5817 appellando
911 5747 1202 5816 Caesarem,
1248 5747 1486 5819 iniquum
1518 5757 1771 5805 conatum
1802 5764 1977 5824 aver-

2780 5690 3184 5766 άναγνώσματα
3235 5707 3299 5749 ex
3350 5694 3659 5766 Scriptura,

2075 5749 2230 5822 quta
2280 5755 2420 5825 quod
2476 5749 2599 5814 festi
2652 5760 2791 5818 ratio
2830 5749 3049 5820 videtur'
3084 5763 3323 5836 exigere,
3372 5749 3661 5839 ιιι-ὦτίΜᾶ
