3856 6274
170 319 254 376 197

168 440 243 495 διὰ
259 436 350 491 τοῦ
369 435 536 497 λίθου,
566 434 661 491 τοῦ
686 434 789 498 τὰς
815 432 955 489 ἑπτὰ
988 430 1148 502 βολὰς
1177 431 1286 485 τῶν
1319 428 1609 500 ὀφθαλμῶν
1630 447 1716 484 κε-
1741 436 1786 491 Α

169 530 440 602 πημένου,
476 526 565 582 διὰ
605 528 704 599 τῆς
755 526 961 598 χρυσῆς
1000 523 1237 595 λυχνίας,
1265 525 1348 594 ἐφ’
1375 516 1443 595 ἦς
1482 524 1532 576 οί
1575 522 1714 577 ἑπτὰ

169 624 326 693 λύχνοι
364 623 458 674 καὶ
502 619 571 673 τὰ
611 619 705 673 δύο
750 616 972 689 στελέχη
1011 617 1120 671 τῶν
1156 616 1371 671 ἐλαιῶν.
1406 615 1605 671 ΙῘολλαλ⁵
1657 615 1713 669 al

176 714 285 785 ἑξῆς
305 710 535 784 Γραφαὶ,
590 710 841 764 πλούσιον
877 709 970 762 τὸν
1010 707 1280 779 θησαυρὸν
1320 707 1421 778 τῆς
1451 706 1716 777 ὠφελείας

170 808 384 876 ἔχουσαι,
418 800 507 866 αἷς
547 802 849 873 ἐϐουλόμην
878 801 1080 865 πάσαις
1109 800 1376 868 ἐπελθεῖν,
1422 799 1515 852 καὶ
1548 798 1715 864 δεῖξαι

170 900 281 968 ὑμῖν
322 899 419 969 τὴν
464 896 565 967 τῆς
624 895 1001 965 πνευματικῆς
1042 891 1401 964 πανηγύρεως
1440 890 1715 953 εὐθηνίαν.

180 989 393 1057 Ἐπείγει
423 988 483 1041 δέ
530 1004 597 1058 με
643 984 778 1055 πρὸς
819 986 918 1057 τὴν
945 985 1148 1039 ἔκτισιν
1185 983 1279 1038 τοῦ
1307 983 1500 1055 χρέους
1544 984 1578 1054 ἡ
1617 984 1715 1054 τῆς

170 1079 475 1152 προτεραίας
501 1078 815 1147 ὑπόσχεσις.
856 1075 1175 1149 Ἀρξάμενοι
1201 1075 1308 1145 γὰρ
1333 1073 1550 1137 πολλαῖς
1583 1091 1715 1128 κατ-

168 1169 388 1239 ηγορίαις
433 1167 534 1237 τῆς
583 1166 892 1233 πλεονεξίας
948 1164 1344 1227 καθάπτεσθαι,
1401 1163 1588 1235 ἐπειδὴ
1638 1163 1713 1236 μὴ

169 1261 383 1331 ἐφθημεν
422 1259 595 1330 αὐτῆς
638 1258 924 1330 γυμνῶσαι
966 1258 1064 1330 τήν
1111 1257 1465 1328 ματαιότητα,
1511 1257 1591 1319 εἰς
1617 1255 1714 1327 τὴν

172 1351 423 1423 παροῦσαν
463 1350 677 1422 ἡμέραν
710 1350 801 1402 τὸν
827 1348 1045 1419 ἔλεγχον
1072 1348 1169 1418 τῆς
1190 1346 1522 1418 κατηγορίας
1550 1346 1648 1398 ὑπε
1658 1362 1716 1417 ρ-

170 1442 392 1514 εθέμεθα.
435 1441 729 1495 Ἀκούσατε
755 1436 875 1505 οὖν,
894 1439 988 1494 καὶ
1013 1439 1235 1509 γένεσθε
1257 1437 1595 1509 εὐγνώμονες
1615 1440 1715 1508 τῆς

170 1532 396 1604 ἀληθείας
431 1532 633 1606 κριταί.
682 1531 895 1602 Ἐπειδὴ
932 1531 1066 1605 μήτε
1086 1529 1262 1593 ἄλλοις
1296 1529 1455 1594 τισὶν,
1483 1526 1617 1580 ἀλλὰ
1644 1528 1712 1597 τῇ

171 1625 347 1678 ἑαυτῶν
376 1623 621 1695 σωτηρίᾳ
651 1623 918 1689 δικάζετε,
962 1620 1057 1675 καὶ
1090 1621 1267 1684 πάσας
1303 1619 1404 1683 τὰς
1445 1635 1713 1689 κατακρι-

169 1714 335 1779 νούσας
353 1714 569 1786 ψήφους
592 1715 683 1768 ἐπὶ
700 1714 797 1786 τὴν
824 1713 1121 1768 ὑπεύθυνον
1146 1712 1338 1783 φέρετε
1362 1710 1590 1773 ἕκαστος
1613 1708 1712 1778 τῆς

172 1807 285 1869 ἰδίας
312 1776 510 1877 illex-71c,
538 1776 728 1878 ώσπερ
755 1776 937 1869 οἰκίας
971 1802 1005 1875 ἢ
1044 1776 1251 1866 πόλεως
1292 1800 1461 1873 αὐτὴν
1504 1776 1708 1854 ἁπελάο
1743 1776 1786 1832 Β

172 1916 351 1963 σαντες.
374 1905 390 1924 ⁶

225 1992 497 2057 Πλεονεξία
533 1988 711 2043 τοίνυν
743 1987 909 2053 ἐστὶν,
935 1974 1003 2041 οὗ
1040 1985 1197 2057 μόνον
1227 1983 1305 2056 τῷ
1333 1981 1578 2057 ἀργυρίῳ
1614 1982 1709 2036 σὺν

171 2086 261 2149 τοῖς
301 2084 473 2147 ἄλλοις
521 2082 795 2153 κτήμασιν
837 2075 1240 2149 ἐπιμαίνεσθαι,
1284 2075 1377 2129 καὶ
1426 2064 1710 2147 βούλεσθαι

170 2177 260 2237 τοῖς
286 2172 512 2245 παροῦσι
540 2172 610 2225 τὰ
646 2170 721 2242 μὴ
749 2168 1018 2245 προσόντα
1044 2166 1355 2221 συνάπτειν·
1380 2163 1536 2228 ἀλλὰ,
1565 2180 1712 2233 γενι-

170 2264 376 2337 κώτερον
428 2264 627 2328 εἰπεῖν,
690 2261 751 2315 τὸ
807 2260 899 2313 ἐπὶ
948 2258 1146 2321 παντὸς
1182 2256 1504 2328 πράγματος
1551 2253 1710 2307 πλέον

173 2360 290 2428 ἔχειν
322 2354 605 2428 βούλεσθαι
641 2351 734 2406 τοῦ
775 2348 1122 2422 όφειλομένου
1160 2349 1253 2402 καὶ
1294 2345 1696 2408 ἐπιϐάλλοντος.

173 2449 261 2503 Καὶ
278 2448 337 2521 δὴ
353 2449 511 2501 τοῦτο
537 2444 596 2499 τὸ
618 2443 993 2516 πλημμέλημα
1017 2440 1229 2511 πρῶτος
1246 2438 1448 2492 ἔπαθεν
1478 2438 1506 2490 6
1532 2435 1711 2491 διαϐο-

176 2541 265 2606 λος,
295 2539 627 2613 ἀρχάγγελος
653 2538 749 2609 μὲν
775 2534 849 2589 ὢν
879 2535 973 2588 καὶ
999 2534 1089 2588 ἐπὶ
1114 2532 1218 2601 τῆς
1246 2530 1539 2602 καλλίστης
1565 2529 1710 2600 ζωῆς

176 2635 250 2686 καὶ
269 2633 462 2700 τάξεως
491 2628 846 2700 τεταγμένος,
870 2624 1161 2696 τυραννίδα
1187 2622 1245 2676 δὲ
1277 2623 1372 2675 καὶ
1404 2620 1711 2674 ἐπανάστα-

176 2742 245 2780 σιν
267 2723 398 2779 κατά
427 2722 534 2794 τῆς
566 2720 814 2790 θεότητος
843 2716 1101 2786 ἐννοήσας
1132 2716 1162 2767 6
1197 2712 1563 2785 ματαιόφρωψ
1597 2706 1712 2762 εἶτα

174 2815 517 2886 καταϐληθεὶς,
552 2813 646 2868 καὶ
676 2812 755 2875 εἰς
787 2810 877 2863 τὸν
914 2808 1187 2879 περίγειον
1217 2804 1404 2858 τοῦτον
1439 2803 1578 2874 ἀέρα
1613 2817 1714 2854 κα-

176 2909 409 2974 ταπεσὼν,
442 2906 619 2969 κακὸς
664 2902 856 2971 γείτων
903 2901 1002 2971 τῆς
1046 2896 1318 2970 ἡμετέρας
1361 2894 1525 2973 ζωῆς.
1575 2890 1712 2945 Οὔτε

178 2999 284 3067 γοῦν
308 2997 621 3064 κατέλαϐεν,
655 2995 684 3048 ὃ
708 2994 947 3058 ἐδίωκεν,
978 2992 1077 3063 τὴν
1104 2991 1350 3061 θεότητα·
1386 2987 1480 3041 καὶ
1501 2984 1711 3040 ἀπώλε-

181 3108 270 3154 σεν,
306 3091 332 3144 δ
373 3090 656 3161 ἐκέκτητο,
724 3087 787 3140 τὸ
830 3084 1162 3156 ἀρχάγγελον
1182 3101 1196 3113 ·
1235 3080 1428 3180 δοῦλος
1454 3079 1709 3180 ἀπιστος,
1730 3122 1781 3180 ,ο

178 3187 274 3247 ταῖς
292 3183 423 3238 κατὰ
456 3180 654 3253 μικρὸν
690 3178 909 3249 τόλμαις
939 3179 1017 3240 εἰς
1049 3173 1248 3247 λῃστὴν
1282 3169 1531 3239 ἐξελθώνο
1565 3168 1710 3223 κύων

178 3275 252 3329 τοῦ
279 3278 399 3347 παρ’
431 3273 692 3343 Ἕλλησιν
727 3268 918 3341 μύθου,
957 3267 1050 3320 καὶ
1076 3264 1168 3319 τοῦ
1202 3263 1377 3337 κρέως
1407 3260 1707 3333 στερηθεὶς,

178 3367 253 3421 καὶ
284 3368 371 3439 τῆς
414 3366 574 3429 σκιᾶς
610 3364 671 3416 οὑ
706 3360 1058 3434 δραξάμενος,
1086 3356 1221 3429 (πιῖις
1248 3353 1410 3427 γάρ;)
1441 3351 1712 3423 ἀκαταλή-

180 3479 286 3514 mea
311 3461 646 3533 πράγματος.

232 3636 369 3690 Μετά
404 3635 595 3690 τοῦτον
625 3634 654 3687 6
683 3628 897 3703 πρῶτος
931 3625 1212 3696 ἄνθρωπος
1246 3624 1326 3686 είς
1377 3620 1708 3694 ήδυπάθειαν

178 3727 463 3792 δελεασθεὶς,
493 3722 923 3795 ἀπηγορευμένῃ
948 3718 1145 3791 βρώσει
1166 3716 1263 3788 τὴν
1289 3713 1584 3768 ἀθανασίαν
1612 3713 1711 3765 ἀπ-

178 3817 363 3871 ώλεσεν·
388 3818 463 3882 ὼς
495 3813 672 3871 Ἦσαῦ
695 3812 919 3882 ὕστερον
945 3806 1032 3861 διὰ
1057 3805 1235 3877 φακὴν
1259 3803 1308 3836 ³⁸
1334 3800 1404 3855 τὰ
1437 3800 1708 3873 πρωτότο-

179 3926 253 3964 κα.
283 3910 383 3963 Καὶ
416 3908 516 3973 τὰς
550 3903 865 3966 διαλέκτους
900 3900 959 3954 δὲ
989 3896 1210 3959 ταύτας,
1244 3893 1338 3949 καὶ
1385 3893 1483 3957 τὰς
1513 3891 1709 3955 πολλὰς

181 3999 267 4051 τῶν
315 3997 405 4053 ἀνθ
414 3996 615 4071 ρώπων
653 3992 857 4062 φωνὰς,
908 3987 1045 4059 ἔρως
1093 3983 1186 4038 τοῦ
1226 3981 1468 4045 πλείονος
1509 3982 1588 4045 είς
1617 3979 1710 4032 τὸν

182 4090 269 4159 βίον
294 4092 601 4162 εισήγαγεν.
630 4086 694 4138 Ul.
720 4082 829 4154 γὰρ
852 4084 919 4152 τῇ
943 4076 1261 4149 ἀνθρωπικῇ
1288 4072 1512 4144 εὐθηνίᾳ
1539 4072 1710 4142 ὑπερ-

183 4184 502 4255 μαζήσαντες,
537 4175 700 4251 βατδν
748 4174 805 4227 δὲ
847 4174 1057 4234 ἑαυτοῖς
1102 4166 1319 4222 ἔσεσθαι
1358 4165 1449 4218 τὸν
1484 4163 1711 4255 οὐρανόν

181 4250 634 4345 προσδοκήσαντες,
683 4265 780 4320 καὶ
824 4262 1031 4335 πύργον
1061 4260 1268 4328 γελοῖον
1312 4256 1404 4310 ἐπὶ
1442 4250 1712 4345 τὴνᾼέκεί-

181 4381 253 4417 νου
283 4362 750 4437 ματαιοποιοῦντες
771 4355 1050 4415 ἀνάϐασιν,
1082 4345 1225 4405 οὗτοι
1251 4347 1375 4410 τοὺς
1397 4342 1711 4417 ὁμοφώνους

183 4434 478 4528 ἀνθρώπους,
517 4448 951 4524 ἐτερογλώσσους
993 4442 1275 4512 ἐποίησαψ
1313 4438 1406 4491 καὶ
1433 4436 1494 4489 τὸ
1527 4434 1706 4500 πλέον,
1741 4454 1786 4510 D

184 4542 231 4600 οὗ
261 4546 407 4620 εἶχον,
450 4546 763 4619 ζητοῦντες,
802 4538 954 4595 αὐτοί
994 4553 1055 4589 τε
1096 4530 1481 4603 συνεχέθησαν,
1508 4528 1602 4581 καὶ
1637 4529 1713 4596 τῷ

185 4640 303 4707 γένει
346 4642 450 4694 τῶν
497 4636 801 4709 ἀνθρώπων
841 4630 1128 4686 κατέλιπον
1168 4627 1397 4693 κάμνειν
1443 4623 1500 4673 ἐν
1526 4620 1717 4681 ἀκοαῖς

186 4729 379 4803 ἀσήμων
398 4730 592 4800 φωνῶν
620 4728 714 4781 καὶ
737 4721 1037 4797 ὲρμηνειῶν
1060 4719 1305 4791 ζητήσει.

239 4907 295 4959 Τί
319 4906 371 4960 δέ
399 4908 428 4960 6
457 4903 689 4977 Φαραώς
730 4901 897 4954 Πόθεν
929 4897 1049 4958 ταῖς
1086 4890 1367 4960 διαφοραῖς
1410 4885 1504 4938 καὶ
1543 4883 1719 4977 ποικί-

184 4994 281 5061 λαις
319 4976 605 5071 περιέπεσε
634 4991 926 5066 μάστιξινς
960 4988 1021 5042 οὐ
1053 4986 1139 5040 διὰ
1163 4979 1493 5046 πλεονεξίαν,
1526 4976 1619 5029 καὶ
1650 4976 1713 5029 τὸ

246 5137 283 5171 ⁸⁸
308 5137 420 5195 Vat.
442 5147 498 5197 et
532 5098 663 5192 Sir.‘
705 5130 895 5201 φακόν.
961 5127 1032 5201 ’³⁸
1056 5125 1221 5179 Zacb.
1284 5134 1366 5187 ιιι,
1416 5119 1471 5174 9.
1548 5122 1594 5156 ⁸⁸
1626 5123 1788 5179 Zach.

188 5206 358 5263 “Gen.
382 5224 457 5274 ιι,
492 5211 514 5263 Ι
557 5220 676 5275 sqq.
720 5198 799 5233 ’⁸⁸
826 5198 995 5255 Exod.
1028 5208 1243 5251 vm-tuv

189 5336 290 5376 vero
332 5340 445 5378 cum
494 5320 828 5383 Dominicum
868 5313 1082 5384 aliquod
1132 5310 1357 5384 festum-
1383 5309 1582 5384 agitur,
1646 5322 1711 5384 ac

192 5392 317 5457 cujus
340 5378 695 5457 sacramenta,
722 5392 805 5441 vel
839 5378 1022 5457 ﬁgurae
1054 5378 1711 5457 praecesserintjnveleri,

191 5447 258 5533 Fel
285 5447 582 5533 prophetiae.
614 5447 722 5515 Hoc
747 5447 1087 5533 ergo'ordin'e
1111 5453 1281 5533 lectus
1307 5447 1710 5533 eSILZa‘charias

192 5529 234 5582 in
263 5518 317 5586 εἰ
338 5518 604 5604 panegyri,
633 5518 965 5604 inqua'haac
983 5519 1449 5604 Asteriusoravit.
1486 5518 1714 5604 Videan-

194 5590 405 5724 1min.
437 5590 537 5658 ista
572 5590 838 5671 respicere
866 5597 1004 5651 festa
1032 5590 1317 5655 Natalitia,
1364 5590 1575 5644 tametsi
1628 5601 1715 5642 res

194 5686 219 5720 υ
298 5687 384 5724 un
407 5683 507 5724 εει.

193 5683 384 5726 obscura
407 5683 507 5727 est.

213 5806 226 5818 ο
249 5724 603 5818 (21)]ίιῖέριει*
630 5736 949 5818 lenticulam:
1000 5727 1572 5818 DamusAcortlgit-ex
1590 5724 1716 5818 lla-

200 5800 342 5867 ticano
368 5821 422 5870 et
455 5800 620 5870 Sinn.
645 5810 765 5865 ἀντὶ
807 5803 1013 5876 φακῆν,
1046 5800 1251 5872 φακόν
1284 5813 1405 5869 qua:
1445 5802 1552 5853 una
1590 5809 1715 5863 vos,

1169 305 1454 365 HOMlLlA
1490 304 1579 361 ill.
1619 305 1992 365 ADVERSUS
2026 305 2433 363 AVARITIAM.

3283 311 3386 371 198

1821 437 2118 485 mentorum
2156 428 2377 498 januam
2421 438 2690 492 reserans,
2730 424 2924 494 lapidis
2972 424 3142 497 ﬁgura
3178 436 3384 497 septem

1816 523 2063 579 habentis
2082 520 2356 577 oculorum
2370 520 2548 590 jactus
2560 517 2881 588 obtutusque
2894 519 2966 584 ³’,
2986 519 3239 589 aureique
3254 536 3385 576 can-

1816 614 2016 670 delabri
2051 614 2138 669 cui
2172 612 2404 667 lucerna:
2438 619 2643 678 septem
2676 609 2723 645 ”
2757 624 2822 665 ac
2848 609 3109 666 olivarum
3146 611 3250 667 duo
3283 610 3384 666 sti-

1817 707 1956 775 pites
1991 703 2243 774 imposita
2268 708 2469 757 essent.
2513 699 2674 754 Multa
2710 700 2959 771 deinceps
3001 701 3225 756 decursa
3257 709 3382 756 sunt

1817 795 2111 865 Scriptura:
2156 796 2295 861 loca,
2339 792 2668 847 abundantes
2701 793 2946 847 utilitatis
2974 794 3253 849 thesauros
3281 797 3379 848 ha-

1816 887 2017 951 bentia,
2056 885 2355 955 lubensque
2393 884 2598 954 singula
2645 883 2983 949 edisserens,
3021 885 3378 953 spiritualium

1815 976 1968 1032 vobis
2002 975 2359 1030 nundinarum
2416 975 2716 1029 ubertatem
2764 975 3139 1030 ostendissem.
3176 975 3378 1030 Verum

1815 1077 1967 1136 urget
2000 1076 2059 1120 ut
2091 1068 2326 1121 debitum
2356 1064 2627 1119 exsolvam
2664 1064 2911 1120 hesterna
2949 1064 3036 1120 die
3071 1064 3212 1120 facta
3249 1081 3379 1136 pro-

1814 1157 2021 1212 missio.
2056 1155 2187 1211 Cum
2224 1156 2367 1210 enim
2400 1154 2580 1208 multis
2629 1155 2978 1224 caepissemus
3007 1155 3286 1208 avaritiam
3316 1171 3379 1211 ac

1815 1245 1976 1300 alieni
2017 1244 2314 1314 improbam
2361 1241 2707 1311 cupiditatem
2758 1244 3051 1311 exagitare,
3104 1260 3205 1303 nec
3261 1243 3379 1312 ejus

1819 1336 1950 1391 satis
1980 1336 2270 1388 vanitatem
2307 1348 2369 1387 ac
2399 1332 2679 1388 stultitiam
2720 1334 2957 1389 licuisset
2988 1335 3288 1401 traducere,
3323 1338 3381 1392 in

1814 1429 1955 1484 hanc
1984 1428 2124 1482 diem
2158 1425 2612 1497 vituperationem
2663 1426 2779 1492 ejus
2829 1425 3131 1495 rejecimus.
3176 1427 3371 1494 Quam-

1812 1520 1994 1575 obrem
2025 1519 2219 1585 audite,
2249 1533 2311 1574 ac
2334 1520 2468 1587 aequi
2503 1517 2743 1572 veritatis
2768 1518 3121 1574 aestimatores
3143 1534 3206 1573 ac
3229 1519 3377 1589 judi-

1815 1628 1907 1669 ces
1935 1623 2126 1668 estote.
2159 1611 2273 1666 Non
2303 1611 2445 1664 enim
2475 1609 2542 1664 de
2573 1608 2786 1674 alienis,
2816 1608 2907 1663 sed
2930 1610 2996 1664 de
3023 1619 3199 1663 vestra
3235 1611 3379 1679 ipso-

1814 1720 1933 1760 rum
1995 1704 2168 1759 salute
2224 1701 2565 1771 disceptatis;
2617 1714 2678 1754 ac
2729 1699 3092 1753 damnatorio:
3136 1713 3379 1768 quoaquo

1812 1794 2049 1850 calculos
2072 1797 2330 1847 adversus
2364 1806 2533 1855 reatu,
2557 1788 2625 1842 ab
2647 1788 2827 1842 anima
2859 1787 3095 1857 propria,
3124 1796 3376 1855 tauquam

1811 1898 1843 1937 a
1861 1884 2020 1938 domo
2052 1881 2135 1937 vel
2163 1881 2293 1935 urbe
2323 1879 2467 1933 illam
2494 1877 2791 1946 ejicientes,
2819 1879 3046 1947 quisque
3075 1878 3305 1933 mittitis.

1879 1972 2119 2028 Avaritia
2160 1972 2368 2041 itaque,
2416 1972 2608 2024 nedum
2661 1980 2745 2024 est
2780 1971 2968 2024 insana
3014 1971 3218 2040 argenti
3245 1971 3381 2025 alio-

1808 2079 2036 2134 rumque
2062 2064 2321 2119 bonorum
2370 2063 2664 2131 cupiditate
2719 2061 2877 2127 l‘crri,
2933 2059 3151 2132 jamque
3196 2063 3379 2118 habita

1810 2173 1873 2213 ac
1906 2155 2071 2211 nostri
2108 2154 2247 2209 facta
2282 2153 2441 2223 juris,
2472 2153 2592 2208 aliis
2625 2170 2728 2207 non
2779 2154 2976 2209 habitis
3024 2154 3162 2210 velle
3189 2169 3379 2211 cumu-

1809 2249 1952 2317 lare;
1988 2262 2170 2303 verum
2197 2247 2356 2301 etiam
2383 2246 2738 2300 universalius
2764 2246 3050 2315 loquendo,
3080 2247 3131 2301 in
3158 2262 3216 2302 re
3239 2260 3376 2317 qua-

1810 2337 1938 2392 libet
1969 2351 2133 2407 supra
2168 2350 2329 2405 quam
2359 2334 2644 2397 debeatur,
2685 2344 2777 2389 aut
2815 2337 2888 2389 sit
2928 2352 3245 2403 congruum,
3280 2352 3379 2392 cu-

1809 2430 2019 2499 piditati
2053 2429 2368 2482 concedere.
2414 2426 2491 2480 Ac
2518 2426 2735 2495 quidem
2784 2426 2885 2481 hoc
2935 2428 3139 2496 primus
3170 2429 3375 2498 peccati

1810 2522 2000 2575 morbo
2034 2519 2280 2573 diabolus
2309 2517 2610 2572 laboravit:
2656 2519 2854 2587 quippe
2907 2518 3374 2586 praeclarissiutattt

1812 2611 2116 2681 archangeli
2141 2610 2449 2680 dignitatem
2467 2619 2628 2679 atque
2642 2611 2885 2665 ordinem
2904 2612 3173 2675 obtinens,
3193 2621 3378 2681 tyran-

1811 2705 1988 2758 nidem
2011 2719 2075 2758 ac
2109 2701 2457 2758 rebellionem
2493 2701 2750 2757 adversus
2774 2703 3026 2758 deitatem
3060 2702 3272 2757 molitus
3292 2711 3379 2757 est

1811 2796 2053 2858 demens,
2088 2810 2320 2863 moxque
2343 2796 2395 2849 in
2424 2810 2602 2851 aerem
2623 2796 2765 2848 hunc
2781 2803 2936 2849 teme
2953 2795 3249 2862 proximum
3278 2795 3377 2847 de-

1812 2887 2077 2946 turbatus.
2102 2884 2274 2941 malus
2309 2886 2465 2942 nobis
2507 2901 2568 2941 ac
2618 2886 2741 2940 vitae
2782 2895 2977 2939 nostra:
3011 2883 3216 2938 vicinus
3245 2882 3376 2937 clleo

1812 2987 1932 3031 ctus
1959 2986 2042 3031 est
2067 2995 2080 3031 :
2108 2984 2268 3046 atque
2291 2978 2446 3040 adeo,
2477 2992 2575 3032 nec
2611 2977 2963 3040 divinitatem,
2992 2990 3153 3043 quam
3188 2985 3376 3043 capta-

1814 3068 1928 3132 bat,
1956 3070 2177 3135 adeptus
2198 3078 2303 3132 est,
2337 3079 2392 3123 et
2428 3070 2685 3122 honorem
2714 3066 3041 3136 archangeli,
3066 3081 3172 3134 quo
3203 3067 3377 3136 fulge-

1812 3159 1922 3224 bat,
1950 3159 2158 3225 amisit,
2199 3159 2338 3213 servi
2368 3160 2540 3213 instar
2569 3159 2734 3220 inlidi,
2782 3158 2869 3226 qui
2909 3157 3206 3210 temerariis
3230 3158 3377 3212 ausis

1812 3251 1864 3306 in
1891 3252 2147 3305 latronem
2185 3251 2440 3320 paulatim
2469 3251 2669 3314 evasit,
2707 3264 2770 3304 ac
2807 3248 2958 3301 cauis
2986 3248 3127 3303 illius
3164 3249 3213 3300 in
3244 3263 3375 3318 gett-

1813 3343 1983 3397 tilium
2016 3343 2339 3412 fabulis,qni
2373 3353 2425 3396 et
2465 3355 2695 3395 carnem
2722 3340 2967 3409 perdidit,
3000 3355 3097 3393 nec
3126 3341 3373 3392 utnbraut

1811 3435 2180 3505 apprehendit.
2205 3435 2305 3501 Qui
2338 3434 2481 3488 enim
2512 3434 2722 3487 inanem
2753 3447 2864 3487 rem
2889 3431 3198 3486 acttcsciatu
3227 3445 3374 3486 com-

1810 3526 2105 3598 prehendi?

1878 3617 2007 3673 Post
2028 3619 2167 3672 hunc
2184 3617 2388 3687 primus
2412 3618 2570 3671 homo
2602 3616 2789 3671 vitiosa
2812 3614 3079 3685 voluptate
3096 3613 3371 3683 pellectus,

1810 3710 1912 3763 cibi
1938 3709 2087 3763 vetiti
2132 3709 2565 3779 praesumptione,
2602 3705 3050 3761 immortalitatem
3081 3705 3261 3760 amisit
3303 3704 3372 3772 ",

1810 3800 1946 3855 sicut
1972 3814 2155 3869 poStea
2183 3799 2321 3853 Esau
2342 3799 2429 3867 jus
2446 3800 2875 3870 primogenitum
2908 3808 3124 3868 propter
3145 3798 3373 3854 lenticu-

1810 3891 1974 3946 lam"
1997 3892 2127 3965 (‘22).
2167 3892 2345 3947 Sedet
2369 3893 2759 3947 multitudinem
2804 3893 2942 3945 hanc
2975 3892 3275 3962 linguarum
3317 3900 3375 3947 et

1810 3984 2127 4040 idiomatum
2159 3985 2512 4039 immoderata
2551 3983 2813 4054 cupiditas
2851 3984 2901 4037 itt
2946 3984 3084 4038 hanc
3106 3984 3263 4037 vitam
3293 3983 3376 4037 in-

1810 4076 1977 4128 vexit.
2005 4074 2104 4139 Qui
2145 4072 2287 4128 enim
2320 4070 2573 4128 felicitate
2620 4072 2781 4125 nimia
2833 4070 3200 4133 lascivientes,
3250 4085 3374 4124 cum

1811 4165 2056 4237 pervium
2097 4164 2195 4219 sibi
2225 4163 2417 4219 cmlum
2461 4162 2576 4217 lore
2604 4162 2976 4225 credidissent,
3011 4160 3283 4215 ridendam
3307 4164 3375 4216 ad

1811 4257 1926 4326 ejus
1972 4272 2250 4312 ascensum
2296 4257 2482 4311 turrim
2544 4254 2597 4309 itt
2656 4270 2868 4310 cassum
2925 4254 3090 4307 moliti
3130 4265 3276 4314 sunt.
3338 4254 3373 4309 ii

1812 4363 1910 4420 pro
1930 4349 2192 4404 sermonis
2217 4364 2320 4402 una
2350 4348 2721 4411 consensione,
2743 4345 2935 4400 diversi
2971 4346 3258 4398 humanum
3284 4361 3376 4412 ge-

1814 4455 1912 4494 nus
1935 4438 2127 4508 eloquii
2166 4438 2441 4505 fecerunt;
2473 4437 2804 4507 ampliusque
2858 4435 3056 4505 aliquid
3103 4441 3377 4490 concessis

1810 4530 2009 4585 habere
2043 4541 2367 4599 quaerentes,
2420 4541 2527 4581 tum
2572 4528 2668 4597 ipsi
2698 4526 2919 4581 cohibiti
2965 4535 3089 4580 sunt
3116 4542 3178 4581 ac
3223 4543 3377 4581 coer-

1813 4621 1925 4685 citi,
1961 4633 2068 4673 ttttn
2110 4623 2352 4673 humana:
2377 4621 2518 4691 genti
2553 4618 2847 4673 molestiam
2871 4633 2937 4671 ex
2970 4632 3156 4672 vOt-um
3181 4619 3376 4672 obscu-

1813 4728 1992 4766 rarum
2026 4713 2319 4777 auditione,
2354 4688 2851 4782 interpretandique
2876 4709 3111 4764 laborem
3146 4710 3381 4779 relique-

1813 4817 1940 4861 runt
1976 4807 2041 4860 "‘.

1881 4899 2000 4954 Jam
2051 4916 2176 4955 vero
2211 4899 2417 4953 Pharao
2443 4939 2459 4962 ,
2507 4911 2672 4968 quare
2722 4897 2776 4950 in
2816 4905 2963 4950 tanta
3011 4897 3196 4966 sicque
3228 4896 3376 4951 varia

1812 4990 2017 5061 ﬂagella
2066 4994 2289 5048 incurrit
2318 4990 2406 5044 “1
2438 4990 2627 5045 Nonne
2676 5004 2837 5043 avara
2881 5005 2944 5044 ac
2985 4989 3104 5059 plus
3148 4987 3377 5042 habendi

1821 5142 1896 5194 tv,
1934 5127 1988 5182 9..
2066 5126 2108 5158 ⁸¹
2159 5125 2293 5182 Gen.
2330 5141 2413 5189 ιιι,
2466 5127 2651 5196 lsqq.
2714 5123 2759 5155 λ’
2788 5123 2924 5179 Gen.
2980 5123 3201 5188 “v.29
3255 5137 3376 5191 sqq.

1818 5309 2079 5380 duplicem
2113 5308 2253 5362 illam
2272 5305 2435 5380 LXX,
2467 5305 2656 5378 ἕψημα
2688 5304 2884 5380 φακοιξο
2927 5304 3112 5360 lentem
3155 5312 3375 5380 coctam,

1817 5370 2287 5463 seu,.pulntentut_tt
2314 5393 2377 5431 ea:
2405 5370 2646 5463 ίρηιξάἰξε,
2689 5370 2976 5463 significat,
3027 5387 3130 5463 ncon
3177 5370 3374 5451 lentem

1814 5444 2076 5512 absolute,
2116 5450 2256 5516 quod
2299 5450 2466 5517 magis
2508 5448 2665 5501 habet
2706 5444 2767 5499 τὸ
2810 5444 2999 5514 φακός.
3045 5444 3134 5494 Sic
3176 5444 3377 5507 passim

1814 5520 2079 5592 ὲκφράξει
2108 5516 2722 5592 AAsterius,_elegantius
2759 5518 2983 5570 reddens
3011 5510 3173 5592 verba
3197 5521 3377 5592 sacra.

1816 5576 1938 5644 aut'
1968 5576 2152 5658 paucis
2210 5576 2538 5658 cultissime'
2556 5593 2977 5658 repraesentans
2999 5579 3141 5650 quod
3193 5576 3325 5658 _velil
3346 5593 3374 5658 _:

1817 5647 2071 5733 πάρεργα
2129 5659 2217 5716 hic
2280 5658 2345 5716 dc
2407 5647 2717 5723 pulmento,
2775 5661 2831 5710 et
2891 5647 3247 5723 pulmentario
3310 5647 3379 5701 al:

1816 5734 2026 5790 eodem.
