3856 6274
462 273 563 332 199

1719 271 1780 328 5.
1817 267 2094 326 ASTERII
2132 271 2440 333 A‘llASENI

3603 275 3717 334 200

463 393 774 464 cup.ditate,
803 390 1088 461 studioque
1127 386 1442 444 dominandi
1480 387 1768 458 peregrino
1809 387 2026 458 papulo,

2147 391 2420 461 βούλεσθαι
2451 389 2640 465 κύριος
2661 388 2801 449 εἶναι
2827 393 2980 465 ξένου
3003 394 3132 451 λαοῦ
3179 394 3276 450 καὶ
3306 393 3617 468 μηδαμόθεν
3642 397 3714 464 τῇ

463 485 554 555 qui
578 485 644 538 ad
671 483 786 552 ejus
833 482 965 536 nihil
1000 479 1284 550 imperium
1316 478 1623 549 spectaret?
1667 478 1802 533 llinc
1833 478 2032 532 factum

462 589 570 644 est,
605 586 682 641 ut,
709 592 830 632 cum
863 575 1067 630 alienos
1093 587 1199 628 non
1225 572 1542 638 dimitteret,
1568 587 1693 627 suos
1716 570 2034 642 perdiderit,

464 685 568 738 qua
601 680 781 738 strage
807 664 1310 736 primogenitorum,
1343 678 1448 732 qua
1481 664 1646 718 maris
1681 663 1872 717 itinere
1909 677 2034 732 per-

465 764 740 817 secutione
777 761 1024 816 abeuntis
1047 757 1250 828 p0puli.
1282 755 1489 812 Omitto
1519 757 1659 813 enim
1689 757 1886 812 ﬂuenta
1911 773 2036 812 san-

463 857 658 925 guinea
679 895 694 919 ,
720 869 969 908 ranarum
1003 853 1266 906 infinitam
1299 850 1534 906 sobolem
1556 891 1572 916 ,
1604 851 1792 906 bruchi
1841 859 2035 904 tetram

469 947 644 1011 luem,
695 946 1034 1015 postularunt
1075 959 1140 999 ac
1184 943 1500 1014 papularum
1551 942 1745 998 ftndatn
1794 943 2036 1012 eruptio-

470 1054 590 1092 nctn
616 1074 629 1101 ,
660 1035 1064 1105 quadrupedum
1099 1048 1318 1098 necem,
1351 1043 1705 1101 caeteramque
1737 1031 1942 1086 cladem
1974 1044 2038 1085 ac

469 1140 694 1196 pestem,
713 1142 816 1195 qua
845 1124 1129 1196 Egyptus,
1161 1124 1230 1178 ob
1252 1123 1511 1193 principis
1539 1123 1817 1178 avaritiam
1841 1123 2039 1192 impro-

469 1219 698 1287 bamque
720 1216 878 1271 alieni
899 1216 1270 1285 cupiditatem,
1296 1214 1548 1267 damnata
1602 1213 1721 1267 fuit.
1753 1211 1894 1266 Alibi
1916 1227 2040 1265 rur-

468 1326 607 1372 sum,
635 1309 772 1362 mala
801 1309 899 1360 hoc
922 1307 1100 1361 scabie
1127 1320 1189 1359 ac
1216 1305 1389 1373 Spissa
1416 1305 1560 1374 lepra
1604 1303 1932 1357 vindicatum
1959 1302 2042 1356 di-

471 1402 597 1455 dici.
630 1400 690 1452 Et
718 1399 870 1469 juxta
903 1411 1111 1450 mecum
1143 1395 1232 1450 hic
1264 1395 1569 1458 recordare,
1597 1393 1840 1462 quisquis
1862 1394 2034 1448 histo-

472 1493 606 1544 riam
634 1505 805 1551 amas,
844 1502 908 1540 ac
949 1487 1109 1541 Elisei
1148 1485 1404 1554 praeclara
1431 1485 1566 1540 facta
1597 1484 1825 1539 libenter
1849 1485 2000 1540 audis
2021 1527 2036 1551 ,

472 1580 924 1652 quemadmodum
977 1576 1215 1630 Naaman
1271 1576 1360 1631 ille
1408 1575 1609 1646 Syrus,
1663 1583 1948 1644 postquam
1986 1575 2039 1629 in

468 1673 700 1730 Jordane
723 1671 964 1735 lavisset,
999 1684 1028 1723 a
1062 1668 1209 1738 lepra
1241 1667 1406 1722 fuerit
1432 1667 1689 1722 liberatus
1714 1669 1792 1720 δδι
1827 1675 2042 1722 contra-

2134 484 2340 538 ἐκείνου
2388 484 2630 557 βασιλείᾳ
2673 489 3074 558 προσήκοντοςς
3107 489 3216 543 Καὶ
3245 488 3333 542 διὰ
3368 487 3546 548 τοῦτο,
3581 489 3718 550 τοὺς

2134 571 2445 644 ἀλλοτρίους
2499 575 2598 627 οὐκ
2645 575 2824 643 ἀφεὶς,
2872 578 2996 640 τοὺς
3040 577 3199 642 ἰδίους
3239 577 3536 632 ἀπώλεσεν·
3582 578 3718 641 τοὺς

2138 664 2320 736 μὲνέν
2349 665 2532 737 πληγῇ
2567 667 2675 721 τῶν
2708 669 3084 740 πρωτοτόκων·
3121 672 3246 732 τοὺς
3276 671 3358 736 δὲ,
3397 673 3455 725 ἐν
3484 674 3551 742 τῇ
3587 670 3719 724 διώ-

2137 756 2216 821 ξει
2251 760 2316 828 τῇ
2343 758 2486 812 κατά
2516 757 2809 814 θάλασσαν.
2847 761 3069 833 Ἀφίημι
3101 763 3206 832 γάρ
3234 764 3508 834 ποταμοὺς
3533 765 3614 826 εἰς
3634 758 3722 816 αἴ-

2139 866 2217 921 μα
2275 850 2526 922 ῥυέντας,
2583 853 2678 905 καὶ
2723 852 3009 924 βατράχων
3065 853 3294 907 ἄπλετον
3340 854 3571 922 γένεσιν,
3616 853 3719 906 καὶ

2138 941 2366 1014 βρούχου
2399 943 2598 1016 λύμην,
2630 946 2726 998 καὶ
2754 945 3093 1015 φλυκταινῶν
3129 946 3434 1018 ὲξάνθησιν,
3475 946 3569 1000 καὶ
3603 947 3720 1000 τῶν

2135 1035 2474 1106 τετραπόδων
2506 1035 2597 1090 τὸν
2621 1036 2868 1101 θάνατον,
2901 1037 2995 1090 καὶ
3023 1038 3200 1091 πᾶσαν
3237 1038 3338 1109 τὴν
3376 1037 3618 1091 κάκωσιν
3643 1037 3721 1108 ἢν

2137 1122 2408 1192 Αἴγυπτος
2456 1124 2814 1197 κατεδικάσθη
2867 1125 2957 1180 διὰ
2993 1127 3093 1198 τὴν
3140 1127 3449 1191 πλεονεξίαν
3486 1126 3580 1180 τοῦ
3617 1127 3723 1198 άρο

2138 1231 2342 1284 χοντος.
2388 1214 2642 1286 Ἀλλαχοῦ
2672 1215 2830 1268 πάλιν
2863 1216 3013 1280 τέλος
3041 1217 3138 1288 τῆς
3165 1217 3434 1288 ἁμαρτίας
3471 1217 3722 1288 κατέμα-

2139 1306 2250 1371 θον,
2283 1305 2488 1377 λέπραν
2513 1306 2706 1378 ἀθρόον
2739 1307 2816 1379 τῷ
2845 1308 3140 1381 πλεονέκτῃ
3173 1311 3571 1381 περιχυθεῖσαν.
3600 1309 3722 1364 Καί

2143 1414 2231 1468 μοι
2281 1398 2861 1471 συνδιαμνημόνευσον,
2902 1401 2957 1453 εἰ
2988 1419 3071 1464 τις
3112 1402 3423 1475 φιλοῖστωρ,
3470 1403 3562 1457 καὶ⁸
3603 1403 3720 1456 τῶν

2140 1488 2576 1560 κατορθωμάτων
2616 1490 2918 1545 Ἐλισσαίου
2952 1493 3225 1563 φιλήκοος,
3253 1494 3399 1558 ὅπως
3429 1494 3526 1566 μὲν
3552 1497 3582 1549 ό
3613 1495 3723 1548 Σύ·-

2143 1595 2235 1649 ρος
2271 1579 2519 1650 Νεαιμὰν
2553 1576 2884 1654 ἐκαθαρίσθη
2914 1583 3014 1654 τῆς
3051 1582 3276 1654 λέπρας,
3309 1585 3367 1638 ἐν
3398 1584 3475 1656 τῷ
3511 1585 3721 1658 Ἰορδά-

2144 1684 2209 1740 νῃ
2234 1668 2586 1741 λουσάμενος·
2619 1672 2766 1737 ὅπως
2793 1673 2850 1727 δὲ
2894 1673 3155 1746 μετῆλθεν
3180 1675 3240 1728 τὸ
3279 1675 3447 1741 πάθος
3483 1677 3562 1740 εἰς
3597 1677 3724 1730 Γιε-

473 1782 578 1836 que
640 1780 702 1820 ea
761 1771 1047 1831 correptus
1102 1777 1234 1832 puer
1267 1759 1453 1825 Giezi,
1487 1775 1682 1814 avarus
1737 1758 2044 1814 adolescens

2147 1727 2229 1822 ζεῖ
2248 1759 2306 1814 τὸ
2340 1727 2643 1834 παιδάριον,
2672 1727 2951 1819 νεανίσκον
2981 1727 3306 1838 πλεονέκτην
3328 1727 3722 1838 gratitude;-

475 1875 572 1913 nec
598 1858 868 1912 studiosus
887 1897 903 1923 ,
931 1855 1024 1925 qui
1055 1853 1354 1924 spiritalem
1399 1852 1626 1922 gratiam
1654 1850 2048 1920 gratuitatuque

473 1946 710 2001 doctoris
739 1945 998 1999 medelam
1057 1943 1228 2014 pretio
1265 1943 1577 1996 ventitarat.
1626 1940 1768 2008 Quid
1814 1938 2043 1994 Absalo-

474 2049 620 2099 nem,
645 2033 913 2088 mitissimi
947 2035 1117 2103 patris
1163 2032 1394 2087 ferocem
1446 2032 1816 2100 audacemque
1849 2031 2040 2090 filium.

474 2129 540 2181 ad
556 2127 898 2196 parricidium
913 2125 1091 2195 adegit
1111 2124 1196 2178 “‘l
1222 2123 1407 2180 Nonne
1430 2122 1807 2192 intempestiva
1837 2135 2048 2174 succes-

475 2219 646 2272 sionis
685 2218 863 2284 regite,
895 2216 1179 2284 alienaque
1202 2215 1488 2270 invadendi
1522 2230 1610 2269 ac.
1631 2211 1915 2281 diripientli
1945 2225 2046 2265 cu-

479 2309 712 2379 piditas?
748 2308 885 2374 Quid
921 2305 1112 2361 Judam
1163 2321 1194 2361 e
1231 2306 1476 2374 catalogo
1528 2304 1920 2372 discipulorum
1947 2316 2046 2357 ex—

479 2399 691 2468 punxit,
736 2381 909 2465 exque
965 2395 1209 2465 apostolo
1271 2398 1599 2464 proditorem
1658 2393 1815 2447 fecit?
1864 2391 2048 2446 Nonne

485 2507 607 2546 cum
641 2490 1005 2562 gazophylacii
1030 2489 1192 2543 infida
1225 2486 1640 2549 administratio,
1676 2494 1786 2539 tum
1818 2484 2047 2554 pretium

481 2584 698 2648 infame,
730 2592 784 2636 et
814 2581 1154 2636 denariorum
1192 2581 1395 2648 aliquot
1429 2579 1814 2648 propudiosum
1860 2586 2048 2630 aucto-

480 2685 778 2730 ramentum
822 2673 903 2726 "?
943 2673 1166 2726 Ananiae
1195 2673 1424 2740 denique
1453 2680 1507 2724 et
1559 2667 1838 2738 Sapphirze
1883 2667 2050 2719 tristis

479 2768 620 2821 ttnde
656 2775 710 2818 et
757 2765 990 2834 tragicus
1044 2764 1095 2817 in
1148 2763 1296 2816 Actis
1340 2759 1703 2830 apostolorum
1754 2759 1932 2812 exitus
1962 2759 2050 2812 “‘1'

484 2858 668 2912 Nonne
692 2859 815 2926 quia
860 2870 1081 2910 suarum
1129 2868 1190 2908 se
1219 2853 1361 2908 furto
1395 2868 1596 2917 rerum,
1628 2865 1690 2904 ac
1711 2850 2048 2918 propriorum

480 2949 822 3003 denariorum
864 2945 1147 3015 sacrilegio
1173 2940 1670 2998 contaminassent?
1715 2939 1933 2994 Deficiet
1967 2952 2051 2993 me

481 3043 615 3102 dies,
649 3042 696 3094 si
731 3038 1007 3093 ministros
1032 3046 1087 3091 et
1118 3035 1382 3104 mancipia
1415 3033 1659 3087 avaritia:
1706 3031 2050 3084 dinumerare

482 3148 720 3203 pergam.
758 3129 919 3184 Missa
961 3129 1142 3198 itaque
1188 3126 1354 3182 veteri
1401 3123 1644 3188 historia,
1680 3122 2047 3192 quotidianam

483 3223 606 3276 vitae
628 3218 1011 3290 experientiam
1049 3217 1461 3286 interrogemus,
1493 3213 1792 3283 cujusmodi
1835 3211 1948 3266 fera
1979 3212 2051 3266 sit

484 3313 708 3366 avaritia
731 3351 747 3374 ,
777 3325 842 3364 ac
875 3323 1036 3378 quam
1086 3322 1243 3376 tegre,
1275 3321 1411 3376 quos
1460 3303 1625 3360 semel
1687 3302 2050 3373 prehenderit,

483 3400 622 3454 elabi
648 3400 825 3464 sinat;
851 3409 909 3454 ut
933 3407 1121 3467 vegeta
1141 3411 1355 3467 semper
1373 3405 1535 3465 atque
1561 3395 1754 3459 valida,
1779 3408 2050 3463 nunquam

484 3489 794 3544 debilitetur
821 3503 884 3542 ac
913 3487 1165 3554 deticiat;
1199 3488 1296 3542 sed
1312 3503 1432 3542 cum
1460 3487 1545 3550 iis,
1579 3500 1717 3556 quos
1749 3485 1849 3542 sibi
1873 3484 2054 3554 subjeo

485 3581 642 3645 cerit,
667 3587 1020 3633 consenescat
1050 3588 1212 3647 atque
1248 3585 1526 3647 perennet.

556 3670 896 3725 Libidinosus
943 3683 1008 3723 ac
1037 3683 1321 3738 corporum
1359 3676 1572 3720 amator
1623 3665 1838 3720 tametsi
1893 3665 2053 3735 longo

486 3763 767 3817 iusanierit
800 3772 1040 3830 tempore
1087 3760 1432 3828 voluptatum,
1468 3770 1615 3813 ostro
1662 3759 1921 3829 percitus,
1964 3757 2053 3812 ubi

491 3863 670 3906 tamen
695 3851 776 3906 vel
810 3852 923 3921 ipse
966 3850 1168 3906 seniles
1217 3850 1392 3919 attigit
1435 3865 1624 3913 annos,
1670 3849 1753 3903 vel
1783 3863 1939 3917 quam
1965 3849 2054 3902 de-

485 3944 667 4014 periit,
699 3944 962 3997 exuletam
995 3956 1058 3996 ac
1108 3939 1256 3995 ﬂoris
1288 3941 1541 3994 exstincti
1573 3939 1738 4003 videt,
1781 3938 2053 3994 remissio.

489 4050 608 4088 nem
638 4035 848 4087 tandem
902 4033 1173 4100 finemque
1221 4032 1390 4086 morbi
1439 4031 1660 4085 invenit.
1717 4029 1968 4093 Gulosus,
1999 4036 2054 4083 et

489 4128 603 4196 ipse
628 4143 657 4180 a
689 4126 890 4180 ventris
911 4125 1274 4195 voluptatibus
1308 4125 1528 4187 recedit,
1555 4124 1670 4178 sive
1708 4124 1920 4192 quando
1939 4122 2050 4192 jam

487 4233 608 4272 eum
641 4218 864 4272 satietas
891 4216 1055 4284 cepit,
1083 4215 1198 4269 sive
1242 4230 1362 4268 cum
1388 4217 1721 4280 stomachus,
1761 4229 1824 4268 ac
1873 4223 2052 4282 partes

489 4307 612 4370 illae,
660 4308 852 4375 quibus
883 4306 964 4361 vis
1009 4321 1070 4359 ac
1115 4319 1308 4358 munus
1351 4302 1720 4372 concoquendi
1769 4301 2046 4365 incumbit,

2143 1865 2262 1917 φον,
2331 1851 2698 1920 πνευματικὸν
2760 1852 3088 1925 πωλήσαντα
3139 1855 3432 1926 χάρισμα,·
3460 1853 3556 1907 καὶ
3614 1853 3724 1924 τὴν

2143 1937 2370 2008 ἄμισθον
2413 1941 2651 2011 ἰατρείαν
2678 1941 2773 1995 τοῦ
2801 1941 3139 1997 διδασκάλου.
3179 1942 3346 1996 Πόθεν
3381 1944 3410 1995 ό
3453 1943 3724 1998 ’Δσεσσα-

2143 2029 2263 2100 λὼμ
2322 2031 2653 2103 πατραλοίας
2725 2032 2971 2101 ἐγένετο,
3029 2035 3057 2086 ό
3109 2032 3203 2087 τοῦ
3274 2034 3448 2105 πράου
3509 2035 3724 2107 πατρὸς

2145 2121 2488 2192 φλεγμαίνων
2529 2125 2622 2178 καὶ
2661 2123 2867 2195 θρασὺς
2921 2124 3198 2188 νεανίσκος
3221 2141 3238 2190 ;
3285 2125 3346 2178 οὐ
3375 2126 3479 2197 πρὸ
3519 2125 3723 2197 καιροῦ

2144 2209 2384 2283 ζητήσας
2437 2213 2535 2284 τὴν
2571 2214 2935 2285 κληρονομίαν
2971 2215 3071 2284 τῆς
3123 2214 3416 2284 βασιλείας,
3459 2215 3727 2287 ἐπιπηδή-

2147 2321 2241 2368 σας
2271 2305 2325 2357 δὲ
2347 2307 2457 2368 τοῖς
2489 2305 2806 2376 ἀλλοτρίοις,
2833 2307 2908 2370 ὡς
2941 2307 3154 2378 amt-ai;
3183 2309 3286 2362 Τὸν
3319 2308 3513 2363 Ἰούδαν
3532 2307 3591 2361 δὲ
3613 2309 3726 2362 πά-

2144 2395 2246 2458 λιν,
2275 2396 2327 2449 τί
2355 2397 2449 2450 τοῦ
2477 2398 2774 2466 καταλόγου
2803 2398 2910 2452 τῶν
2937 2398 3194 2470 μαθητῶν
3219 2400 3492 2466 ἐξέϐαλεν,
3527 2401 3724 2472 ἐποίη-

2147 2503 2235 2538 σεν
2257 2486 2313 2539 δέ
2339 2487 2600 2558 προδότην
2622 2489 2736 2542 ἀντ’
2759 2490 3088 2556 ἀποστόλου;
3131 2492 3190 2544 οὐ
3215 2492 3274 2545 τὸ
3297 2492 3720 2562 γαζοφυλάκιον,

2145 2577 2359 2650 πρῶτον
2405 2579 2911 2651 ῥᾳδιουργούμενον,
2942 2577 3116 2654 εἶταή
3151 2584 3341 2654 κτῆσις
3380 2588 3476 2657 τῆς
3517 2585 3722 2656 ἀτίμου

2146 2669 2343 2740 τιμῆς;
2382 2670 2627 2726 Ἀνανίαν
2661 2672 2754 2725 καὶ
2789 2673 3102 2745 Σάπφειραν
3141 2674 3230 2727 διά
3261 2674 3312 2726 τί
3345 2675 3725 2753 τραγῳδοῦσιν

2145 2759 2254 2814 τῶν
2285 2762 2596 2816 ἀποστόλων
2651 2764 2705 2816 αἰ
2751 2765 3014 2834 Πράξειςς
3063 2765 3163 2819 οὐκ
3209 2767 3394 2840 ἐπειδὴ
3433 2767 3539 2820 τῶν
3571 2768 3729 2822 ἰδίειν

2147 2853 2392 2920 ἐγένοντο
2417 2855 2664 2921 κλέπται,
2695 2857 2787 2910 καὶ
2819 2857 2926 2910 τῶν
2951 2858 3163 2911 οἰκείων
3197 2859 3556 2930 ἀναθημάτων
3584 2861 3727 2933 ἰερό·

2151 2945 2337 3011 συλοι;
2384 2945 2682 3016 Ἐπιλείψει
2729 2965 2797 3018 με
2843 2947 2982 3019 τάχα
3018 2949 3112 3002 καὶ
3155 2950 3188 3020 ή
3227 2951 3406 3022 ἡμέρα
3443 2949 3568 3014 τοὺς
3617 2952 3727 3022 τῆς

2076 3075 2121 3136 c
2150 3034 2478 3136 πλεονεξίας⁸
2510 3037 2789 3108 ὑπηρέτας
2831 3039 3327 3110 ἀπαριθμούμενον.
3371 3041 3622 3110 Ἀφέντες
3664 3042 3728 3096 δὲ

2149 3126 2245 3198 τὴν
2288 3127 2524 3182 παλαιάν
2579 3130 2840 3203 ἱστορίαν,
2864 3131 2961 3201 τὴν
3009 3133 3203 3202 πεῖραν
3238 3132 3578 3204 ἐξετάσωμεν
3621 3133 3729 3206 τὴν

2150 3219 2658 3290 παρακολουθοῦσαν
2677 3221 2753 3292 τῷ
2781 3221 2900 3292 βίῳ·
2914 3217 3025 3276 οἷον
3050 3219 3188 3277 οἶδεν
3204 3223 3389 3296 θηρίον
3408 3226 3507 3297 τὴν
3530 3224 3730 3280 πλεονο

2149 3307 2316 3376 εξίαν,
2364 3311 2458 3366 καὶ
2515 3305 2590 3367 ὧν
2647 3311 2714 3367 ἂν
2772 3313 3000 3384 λάϐηται
3041 3315 3506 3370 δυσαπάλλακτον·
3542 3316 3728 3387 ἀκμά-

2151 3399 2242 3466 ζον
2281 3402 2368 3455 ἀεὶ
2399 3403 2493 3456 καὶ
2521 3405 2581 3456 οὺ
2626 3404 3041 3476 μαραινόμενον·
3081 3408 3465 3480 συγγηράσκον
3513 3407 3571 3460 δὲ
3609 3409 3725 3471 τοῖς

2151 3490 2356 3560 ἁλοῦσι,
2390 3494 2484 3546 καὶ
2506 3495 2586 3557 εἰς
2610 3494 2760 3558 τέλος
2784 3494 2961 3549 συνόν.

2233 3666 2291 3719 '0
2323 3665 2518 3733 λάγνος
2559 3667 2653 3720 καὶ
2694 3666 2960 3739 σωμάτων
3017 3667 3271 3740 ἐραστὴς,
3309 3669 3411 3723 κᾶν
3453 3670 3545 3724 ἐπὶ
3584 3671 3726 3726 πολὺ

2151 3759 2271 3820 ταῖς
2316 3756 2633 3827 ἐπιθυμίαις
2665 3757 2928 3832 λυσσήσῃ,
2969 3759 3001 3829 ἦ
3043 3759 3204 3823 αὐτὸς
3241 3761 3322 3824 εἰς
3351 3761 3727 3834 πρεσϐυτικὴν

2150 3844 2367 3916 ἠλικίαν
2397 3843 2581 3907 ἐλθὼν,
2629 3845 2662 3917 ἢ
2698 3845 2757 3899 τὸ
2795 3845 3124 3916 ποθούμενον
3159 3843 3428 3917 ’ἑωρακὼς
3476 3846 3727 3902 παλαιω-

2153 3935 2263 3998 θὲν,
2290 3935 2386 3989 καὶ
2421 3935 2481 3988 τὸ
2512 3935 2670 4001 ἀνθος
2693 3937 2985 4002 ἀποϐαλὸν,
3013 3937 3200 3991 στάσιν
3227 3939 3470 4009 εὑρίσκει
3505 3939 3604 4011 τῆς
3635 3940 3727 3992 νό-

2153 4046 2269 4084 σου.
2305 4030 2362 4083 '0
2391 4030 2799 4101 γαστρίμαργος
2835 4031 3107 4102 ἀναχωρεῖ
3143 4031 3236 4084 καὶ
3279 4031 3440 4095 αὐτὸς
3473 4031 3574 4100 τῆς
3602 4033 3728 4101 φιλ-

2151 4121 2386 4189 ηδονίας,
2420 4121 2452 4192 ἦ
2487 4122 2580 4175 τοῦ
2616 4123 2775 4192 κόρου
2803 4121 3204 4192 πληρώσαντος,
3237 4121 3270 4194 ἢ
3309 4121 3415 4174 τῶν
3438 4121 3728 4174 πεπτιγῶν

2156 4213 2356 4283 μορίων
2389 4213 2820 4283 ἀσθενησάντων,
2854 4215 2948 4266 καὶ
2973 4214 3294 4268 παυσάντων
3333 4214 3429 4285 τὴν
3470 4215 3727 4267 ἐπιτετα-

2155 4302 2322 4374 μένην
2359 4302 2556 4374 ὄρεξιν.
2605 4304 2662 4356 Ὀ
2693 4302 2962 4372 φιλόδοξος
2991 4303 3209 4367 πολλαῖς
3237 4304 3593 4375 ἐγκομπάσας
3626 4323 3727 4359 πε-

487 4399 867 4454 imbecilliores
905 4399 1078 4460 factae,
1109 4396 1344 4450 hiantem
1393 4395 1537 4448 illam
1577 4393 1932 4464 appetentiam
1961 4407 2046 4447 se-

2157 4394 2476 4464 ριφανείαις,
2510 4393 2604 4446 τοῦ
2639 4395 2902 4464 φωνητιᾷν
2939 4395 3220 4465 ἀπολήγει.
3253 4395 3316 4447 Ἠ
3341 4395 3397 4448 δὲ
3412 4395 3510 4465 τῆς
3531 4395 3727 4450 πλεον-

487 4489 702 4542 darunt.
726 4487 1077 4550 Atnbitiosus,
1115 4485 1203 4539 ubi
1236 4484 1417 4538 multis
1443 4482 1823 4551 splendoribus
1841 4480 2050 4549 magni-

489 4581 590 4636 fice
615 4580 836 4649 gloriam
879 4580 1084 4642 habuit,
1113 4577 1343 4647 spectari
1399 4575 1612 4629 tandem
1656 4573 1814 4639 velle,
1841 4588 1902 4626 ac
1935 4573 2052 4626 ina--

491 4689 588 4729 nes
614 4675 743 4726 tiare
773 4673 990 4742 glorias,
1025 4672 1242 4726 desinit.
1285 4669 1481 4725 Verum
1527 4667 1771 4721 avaritia:
1800 4665 2048 4729 morbus,

486 4763 746 4832 ejusmodi
783 4763 978 4817 malum
1002 4771 1105 4827 est,
1137 4771 1194 4814 ut
1215 4761 1301 4814 vix
1325 4775 1559 4829 unquam
1590 4774 1653 4813 eo
1677 4757 1895 4812 liberari
1927 4771 2053 4826 pos-

486 4857 581 4910 sis.
601 4858 678 4908 Ac
701 4855 840 4908 sicut
868 4864 1122 4923 perpetuo
1145 4853 1329 4906 vivens
1354 4860 1515 4920 atque
1550 4849 1804 4904 frondens
1850 4848 2050 4901 hedera

486 4948 688 5000 adsitas
705 4946 945 5014 irrepens
963 4945 1184 4998 arbores
1209 4942 1383 4996 valide
1406 4940 1851 4996 circumvolvitur
1875 4939 2054 4992 adhae-

491 5049 703 5105 retque,
740 5052 802 5089 ac
832 5052 896 5090 ne
929 5035 1092 5088 ramis
1129 5033 1346 5102 quidem
1384 5033 1758 5086 fatiscentibus
1794 5038 1886 5082 aut
1927 5043 2050 5083 are-

488 5129 641 5182 factis
693 5128 913 5190 recedit,
964 5126 1064 5180 nisi
1113 5127 1234 5194 quis
1267 5125 1436 5179 ﬂexus
1487 5125 1618 5179 istos
1648 5131 1704 5177 et
1755 5121 2051 5192 anguineos

487 5221 638 5288 quasi
691 5233 868 5288 gyros,
923 5217 1065 5271 ferro
1109 5227 1299 5272 secet:
1347 5216 1418 5270 ita
1470 5230 1568 5270 nec
1610 5215 1754 5268 avari
1789 5223 2050 5278 mentem,

487 5312 601 5364 sive
637 5311 721 5362 hic
759 5311 970 5376 iuvenis
995 5311 1086 5374 sit,
1119 5311 1232 5362 sive
1271 5323 1458 5374 senex,
1487 5307 1540 5360 in
1567 5306 1865 5361 libertatem
1901 5303 2058 5358 facile

486 5403 794 5463 vindicaris,
848 5401 946 5456 nisi
1009 5402 1188 5454 sobrio
1227 5400 1584 5469 prudentique
1635 5397 1862 5454 consilio
1909 5395 2056 5451 velut

489 5496 751 5548 machaera
781 5495 1022 5547 morbum
1055 5492 1352 5548 discideris.

2152 4483 2300 4548 εξίας
2328 4482 2501 4548 νόσος,
2556 4483 2722 4536 κακόν
2757 4485 2872 4536 ἐστι
2903 4482 3358 4537 δυσαπάλλακτον.
3386 4483 3496 4536 Καὶ
3530 4481 3725 4556 ὥσπερ

2151 4575 2180 4627 ό
2209 4575 2393 4636 κισσὸς
2424 4566 2598 4637 οὗτος,
2638 4573 2698 4626 τὸ
2725 4573 2948 4637 εὐθαλὲς
2975 4573 3137 4642 φυτὸν
3171 4573 3265 4626 καὶ
3297 4572 3601 4642 ἀείφυλλον,
3627 4575 3725 4628 ἐπὶ

2151 4664 2220 4718 τά
2262 4663 2692 4736 παραπεφυκότα
2742 4663 2850 4717 τῶν
2882 4663 3112 4735 δένδρων
3156 4664 3428 4735 ἀνέρπων,
3484 4665 3724 4737 ἰσχυρῶς

2151 4755 2544 4828 περιελίττεται
2582 4759 2694 4820 τοῖς
2733 4755 2928 4822 ξύλοις,
2968 4750 3156 4828 ὧνπερ
3203 4757 3269 4810 ἀν
3299 4757 3580 4828 δράξηται·
3627 4761 3726 4814 καὶ

2150 4846 2273 4900 οὔτε
2306 4847 2670 4912 πεπονθότων,
2693 4847 2812 4901 οὕτε
2842 4847 3211 4918 ξηρανθέντων
3240 4849 3526 4920 ἀναχωρεῖ,
3561 4851 3608 4902 εἰ
3645 4853 3724 4923 μή

2149 4956 2234 5003 τις
2271 4939 2434 4992 αὐτοῦ
2462 4939 2680 5011 σιδήρῳ,
2699 4939 2948 5010 καθάπερ
2981 4939 3292 5018 δράκοχτος,
3336 4940 3566 5011 διατέμῃ
3595 4943 3726 5007 τοὺς

2153 5031 2432 5104 ἐλιγμούς.
2482 5031 2668 5095 Οὕτως
2713 5031 2832 5084 οὐδέ
2870 5033 3109 5086 τοιούτου
3149 5031 3324 5103 ψυχὴν
3359 5031 3727 5104 ἐλευθερῶσαι

2153 5125 2369 5196 ῥᾴδιον,
2441 5124 2549 5177 εἴτε
2628 5123 2908 5190 νεάζοντος
2961 5124 3054 5178 τοῦ
3121 5123 3399 5194 σώματος,
3457 5124 3567 5177 εἴτε
3629 5128 3728 5180 καὶ

2153 5216 2648 5288 ὑπομαρανθέντος,
2685 5215 2779 5269 ἐὰν
2815 5218 2888 5288 μή
2918 5235 3000 5281 τις
3035 5215 3298 5288 νηφαλέος
3335 5215 3594 5288 λογισμὸς
3627 5218 3727 5271 ἐπ-

2153 5307 2341 5373 ελθὼν,
2369 5308 2442 5372 ὡς
2479 5309 2717 5379 μάχαιρα
2739 5308 2971 5382 διακόψῃ
2995 5307 3092 5380 τὴν
3119 5307 3292 5361 νόσον.

555 5695 678 5752 "IV
705 5697 833 5770 Reg.
862 5715 914 5766 v,
951 5700 1015 5754 lt
1039 5712 1180 5770 sqq.;
1217 5696 1344 5752 Luc.
1370 5710 1445 5766 tv,
1470 5695 1559 5751 27.
1624 5694 1668 5727 “
1695 5693 1734 5748 ll
1757 5695 1887 5764 Reg.
1919 5708 2005 5762 xv,
2035 5696 2058 5748 t
2098 5707 2219 5763 sqq.
2300 5691 2342 5722 "
2375 5687 2526 5745 Joan.
2554 5703 2648 5753 xn,
2674 5687 2725 5742 6.
2803 5686 2848 5720 ⁸⁸
2869 5686 2992 5745 Act.
3022 5701 3076 5754 v,
3103 5685 3130 5740 1
3162 5699 3286 5756 sqq.
