3856 6274
156 368 251 420 ειη

1185 368 1466 425 ΗΟΜΙῙΛᾹ
1503 368 1587 423 111.
1632 369 1995 428 ADVERSUS
2034 370 2431 426 AVARITIAM.

3305 371 3415 428 Μ

222 489 354 552 Τοῖς
395 489 623 553 οἰκείοις
671 490 701 543 δ
748 486 1232 562 πλεονέκτηςὲστὶν
1270 491 1461 562 ἀηδὴς,
1500 491 1732 556 οἰκέταις

1917 494 2128 548 Avarus
2180 493 2494 564 propinquis
2527 501 2610 548 cst
2644 491 2863 548 odiosus
2891 536 2904 560 ,
2949 492 3163 550 famulis
3190 496 3373 565 gravis
3396 534 3412 560 ,

151 580 349 651 βαρὺς.
376 580 554 649 φίλοις
592 582 886 654 ἄχρηστος,
919 580 1087 646 ξένοις
1119 582 1526 645 δυσέντευκτος,
1561 582 1739 650 γείτο-

150 688 235 722 σιν
287 670 547 743 ὀχληρὸς,
598 672 818 742 γυναικὶ
876 671 1149 744 μοχθηρὸς
1205 671 1472 738 σύνοικος,
1536 673 1740 726 παίδων

149 761 418 829 φειδωλὸς
447 764 545 816 καὶ
579 762 902 835 μικρολόγος
930 764 1182 834 τροφεὺς,
1213 764 1406 820 ἑαυτοῦ
1432 765 1601 829 κακὸς
1624 765 1743 819 ἐπι-

151 852 382 923 στάτης,
421 852 641 924 νύκτωρ
686 852 1007 925 φροντίζων,
1042 853 1159 924 μεθ’
1198 853 1413 925 ἡμέραν
1454 870 1743 906 πεπυκνω-

152 945 336 1010 μένος,
366 943 751 1016 διαλεγόμενος
774 942 950 1015 ἐαυτῷ
971 941 1112 997 κατά
1140 944 1265 1009 τοὺς
1296 943 1679 1016 ἐξεστηκότας,
1708 942 1740 1014 ἢ

150 1035 604 1107 παραφέροντας
639 1036 856 1091 πάντων
871 1034 1291 1106 εῦθηνούμενος,
1318 1035 1643 1090 καὶστένων
1668 1034 1742 1097 ὼς

149 1123 358 1195 mat;-
395 1124 505 1177 τῶν
537 1125 818 1197 παρόντων
846 1127 947 1181 οὐκ
969 1124 1281 1191 ἀπολαύων,
1308 1126 1403 1179 καὶ
1429 1126 1495 1180 τὰ
1534 1125 1743 1178 ἀπόντα

150 1217 355 1285 ζητῶν·
397 1222 513 1283 τοῖς
557 1219 709 1283 ἰδίοις
752 1219 814 1273 οὐ
850 1218 1212 1292 κεχρημένος,
1267 1215 1651 1288 ὲποφθαλμιῶν
1686 1216 1743 1270 δὲ

148 1314 263 1375 τοῖς
284 1311 615 1383 ἀλλοτρίοις.
643 1312 951 1385 Πολύαρνον
982 1312 1077 1367 τοῦ
1105 1312 1349 1367 τοιούτου
1382 1310 1445 1365 τὸ
1466 1311 1738 1382 ποίμνιον,

153 1402 376 1455 στενοῦν
409 1404 539 1467 τοὺς
572 1406 793 1476 σηκοὺς,
817 1405 902 1473 ἐφ’
926 1398 1002 1458 ὧν
1028 1403 1428 1458 κατακλείεται·
1466 1402 1740 1455 καλύπτον

152 1494 414 1559 πεδιάδας
468 1496 529 1549 ὲν
573 1490 660 1560 αἷς
696 1496 942 1568 νέμεται.
988 1496 1101 1551 Κᾶν
1122 1494 1409 1579 ,εῦσαρκον
1451 1494 1589 1564 ὀφθῇ
1644 1490 1738 1546 τοῦ

150 1587 451 1658 προσοίκου
484 1588 776 1660 πρόϐατον.
813 1589 973 1660 ἀφεὶς
994 1590 1092 1661 τὴν
1133 1588 1267 1643 ἰδίαν
1301 1586 1525 1657 ἀγέλην,
1558 1585 1634 1656 τῷ
1661 1586 1740 1638 ἑνὶ

149 1678 245 1730 καὶ
291 1677 570 1750 ἀλλοτρίῳ
612 1681 680 1750 τῇ
733 1677 997 1749 ἐπιθυμίᾳ
1040 1676 1437 1749 προσκάθηται.
1485 1676 1558 1729 Τὸ
1612 1674 1740 1727 αὐτὸ

149 1768 244 1820 ἐπὶ
287 1768 404 1821 τῶν
439 1767 582 1839 βοῶν
601 1785 614 1799 ·
664 1768 864 1840 ὁμοίως
912 1770 1004 1822 ἐπὶ
1040 1769 1147 1822 τῶν
1183 1769 1382 1822 ἵππων*
1417 1769 1517 1821 οῦκ
1566 1765 1739 1828 ἄλλως

1845 585 2033 640 amicis
2094 584 2318 649 inutilis,
2360 587 2561 640 exteris
2611 585 2842 641 dililcilis
2885 602 2948 639 ac
2994 587 3078 639 vix
3149 587 3413 657 affabilis,

1842 672 2039 729 vicinis
2068 672 2329 729 molestus
2359 716 2373 741 ,
2410 676 2564 729 uxori
2617 676 2952 746 importunus
2982 678 3414 746 contubernalis,

1843 760 2135 817 liberorum
2189 777 2379 832 parcus
2443 772 2603 836 atque
2664 767 2913 821 sordidus
2970 768 3274 836 educator,
3327 771 3409 823 sui

1844 851 2014 921 ipsius
2045 853 2215 908 malus
2241 863 2475 919 curator,
2511 858 2741 911 interdiu
2773 868 3038 928 noctuque
3067 860 3327 916 sollicitus
3351 876 3414 916 ac

1845 944 2277 1015 cogitabundus,
2346 960 2532 1001 secum
2570 947 2683 1017 ipse
2735 948 2959 1019 loquens
3011 966 3077 1005 ac
3119 952 3406 1014 disserens.

1844 1048 2030 1089 eorum
2062 1036 2337 1107 more,qui
2361 1039 2607 1094 sensibus
2628 1041 2789 1094 emeti
2810 1041 2862 1094 in
2884 1040 3148 1097 insaniam
3180 1043 3415 1112 prolapsi

1842 1133 1989 1181 sunt.
2027 1125 2159 1181 Cum
2191 1127 2440 1182 omnibus
2469 1130 2721 1193 abundet,
2750 1139 2999 1202 tanquam
3031 1134 3268 1188 omnium
3292 1151 3414 1206 ego-

1844 1217 2286 1288 nusingemiScit.
2320 1220 2434 1277 Non
2459 1220 2654 1275 fruitur
2682 1226 3057 1293 prazsentibus;
3092 1241 3152 1279 ea
3177 1243 3294 1296 qua:
3318 1230 3413 1280 ah-

1842 1320 1985 1377 sunt,
2014 1313 2173 1367 anxie
2196 1315 2444 1383 quazritat
2482 1334 2495 1378 ;
2532 1331 2636 1369 non
2676 1318 2843 1371 utitur
2887 1321 3019 1380 sois,
3070 1320 3257 1375 alienis
3282 1337 3412 1374 vero

1841 1399 2025 1468 adjicit
2045 1401 2281 1457 oculum.
2336 1403 2496 1459 Multa
2522 1405 2821 1460 confertum
2853 1412 3053 1478 pecude
3083 1426 3295 1482 gregem
3321 1414 3414 1465 ha-

1840 1488 1949 1555 bet,
1996 1498 2053 1543 ut
2090 1491 2175 1545 vix
2220 1492 2427 1547 stabula
2477 1494 2727 1563 capiant,
2770 1497 3051 1568 campique
3105 1515 3167 1554 ac
3212 1516 3407 1569 pascua

1842 1587 2109 1649 tegantur.
2138 1583 2207 1635 At
2240 1587 2289 1638 si
2322 1582 2571 1655 pinguem
2618 1601 2681 1640 ac
2716 1587 2852 1641 bene
2883 1590 3117 1643 habitant
3149 1605 3300 1646 ovem
3329 1593 3409 1645 vi-

1840 1670 1943 1724 cini
1973 1675 2269 1742 aspexerit,
2299 1676 2466 1731 misso
2500 1678 2716 1748 proprio
2740 1693 2921 1748 grege,
2952 1680 3004 1734 in
3059 1697 3216 1735 uuam
3266 1682 3409 1737 illam

1841 1776 1907 1816 ac
1940 1762 2171 1819 alienam
2212 1767 2506 1836 cupiditate
2540 1767 2728 1825 fertur.
2772 1772 2948 1840 Atque
2987 1771 3059 1825 ita
3103 1787 3313 1854 quoque
3346 1774 3412 1830 de

147 1858 241 1913 tat
271 1861 380 1931 τῆς
417 1860 544 1931 γῆς.
575 1860 761 1915 Πάντα
796 1863 1120 1933 στενοχωρεῐ
1149 1862 1250 1937 τὴν
1277 1862 1475 1922 οὶκίαν,
1514 1860 1607 1913 καὶ
1648 1860 1732 1912 οῦ-

1842 1851 2040 1918 bobus,
2088 1855 2263 1925 equis,
2314 1858 2479 1927 agris.
2529 1857 2780 1915 Omnium
2836 1862 2987 1928 copia
3043 1851 3230 1916 rerum
3272 1864 3413 1920 mdes

144 1946 234 2002 δὲν
253 1949 316 2002 ἐν
357 1952 427 2021 τῇ
453 1950 664 2022 χρήσει.
690 1949 823 2006 Οὐδὲ
850 1950 956 2021 γάρ
982 1951 1379 2005 ἀπολαυστικὸν
1407 1947 1518 2005 οἷόν
1556 1968 1614 2003 τε
1655 1945 1735 2003 εἳ-

145 2056 235 2095 vat
265 2040 365 2093 τὸν
412 2040 705 2112 ἄπληστονο
736 2041 850 2097 ἀλλ’
872 2042 1019 2096 ἔστιν
1046 2042 1208 2097 αὐτοῦ
1239 2041 1383 2097 οἰκία
1418 2041 1589 2111 τάφου
1632 2060 1737 2095 πα-

148 2134 461 2204 ραπλησία.
495 2134 627 2187 Ἰδοὺ
670 2135 780 2206 γάρ
815 2137 865 2188 ul
892 2136 1053 2205 τάφοι
1084 2134 1312 2205 γέμουσι
1350 2134 1608 2198 πολλάκις
1639 2135 1735 2205 ἀρ-

146 2224 322 2296 γύρου
362 2226 461 2277 καὶ
492 2224 717 2296 χρυσοῦσ
755 2226 868 2278 ἀλλ’
896 2229 953 2282 αἱ
988 2226 1112 2281 ῦλαι
1138 2227 1264 2291 τοὺς
1293 2226 1608 2297 χρωμένους
1636 2227 1736 2278 οὐκ

144 2317 391 2386 ἔχουσιν.
414 2317 490 2370 Τὸ
513 2316 673 2387 σῶμα
700 2319 762 2371 οὐ
786 2318 1064 2391 τρέφεται·
1098 2318 1275 2390 ψυχῆς
1296 2319 1393 2389 οὐχ
1426 2318 1734 2391 εὑρίσκεται

145 2408 366 2479 κέρδος.
399 2406 517 2462 υύκ
542 2409 759 2481 εὐθηνεῖ
783 2409 892 2480 γάρ
918 2410 984 2464 ὲκ
1010 2410 1112 2481 τῆς
1145 2409 1325 2475 δεξιᾶς
1364 2411 1398 2481 ἡ
1438 2410 1735 2482 ἐλεημοσύ-

144 2516 237 2570 νη.
286 2498 357 2553 Τί
403 2496 466 2554 δὲ
512 2501 663 2565 τέλος
695 2500 789 2555 τοῦ
834 2501 1058 2573 μόχθου,
1117 2500 1379 2568 διδαξάτω
1420 2500 1487 2572 μέ
1521 2519 1604 2565 τις
1628 2500 1734 2553 τῶν

146 2591 326 2663 ταύτῃ
367 2593 820 2665 προειλημμένων
840 2596 907 2665 τῇ
931 2594 1103 2665 νόσῳί
1122 2588 1239 2647 οῖδα
1254 2592 1310 2647 δὲ
1348 2593 1571 2657 πολλοὺς
1600 2592 1731 2662 ἐγὼ,

147 2683 431 2754 γνωρίσας
476 2684 568 2737 ἐπὶ
604 2686 703 2755 τῆς
744 2685 957 2757 πείρας,
989 2685 1065 2749 ὡς
1101 2686 1194 2740 καὶ
1230 2689 1287 2739 έν
1323 2686 1498 2749 νόσοις
1536 2685 1735 2757 μᾶλλον

145 2774 247 2845 τῆς
273 2775 470 2843 ὑγείας
498 2775 753 2845 ἀγαπῶσι
776 2777 844 2831 τά
877 2779 1155 2849 χρήματα.
1194 2776 1315 2831 Κάν
1355 2777 1452 2849 μὲν
1491 2779 1519 2829 ὁ
1553 2777 1735 2847 ίατρδς

144 2865 236 2919 διά
260 2882 415 2929 τινος
440 2865 574 2936 ῦλης
600 2865 803 2920 εύὼνου
841 2868 934 2921 τὸν
966 2870 1065 2939 τῆς
1105 2867 1398 2939 θεραπείας
1436 2871 1735 2940 είσηγήση-

145 2974 236 3011 ται
266 2957 495 3028 τρόπον,
525 2955 637 3011 οἷον
657 2957 744 3013 διὰ
770 2958 998 3023 σελίνου,
1034 2960 1067 3030 ἢ
1105 2958 1300 3031 θύμου,
1329 2960 1362 3030 ἢ
1400 2961 1623 3032 ἀνήθου,
1659 2954 1733 3013 ὧν

146 3054 181 3121 ἡ
222 3051 461 3123 εὐπορία
498 3053 792 3118 ἀδάπανος,
827 3052 1099 3117 εὐπειθῶς
1148 3053 1248 3124 τῆς
1283 3053 1587 3124 συμϐουλῆς
1632 3055 1734 3106 ύπ-

145 3144 472 3207 ακούοντας’
525 3130 593 3199 ἀν
644 3145 702 3198 δέ
760 3163 905 3210 τινος
944 3147 1235 3219 φαρμάκου
1284 3147 1507 3218 γένηται
1545 3147 1732 3217 μνήμη

1842 1954 2177 2015 coangustat,
2202 1961 2300 2002 nec
2330 1954 2413 2003 est
2433 1948 2575 2005 ullus
2602 1965 2749 2006 usus.
2768 1949 2979 2006 Nullum
3005 1955 3145 2007 enim
3178 1955 3423 2010 fructum

1841 2034 2130 2105 voluptatis
2158 2027 2436 2108 percipere
2455 2049 2647 2109 potest,
2674 2043 2914 2115 quisquis
2938 2056 3018 2100 est
3053 2047 3409 2104 insatiabilis:

1841 2136 2033 2194 estque
2080 2126 2270 2182 domus
2320 2129 2440 2198 ejus
2472 2132 2772 2189 conditorio
2806 2151 2869 2190 ac
2916 2138 3162 2206 sepulcro
3193 2139 3405 2194 similis.

1851 2213 1984 2268 Cum
2021 2216 2163 2269 enim
2194 2217 2441 2285 sepulcra
2487 2221 2625 2274 haud
2678 2237 2801 2278 raro
2844 2223 2995 2292 plena
3026 2227 3135 2282 sint
3170 2244 3302 2283 auro
3333 2238 3413 2283 at-

1842 2321 1947 2376 que
1972 2318 2192 2377 argento
2224 2327 2238 2363 :
2280 2310 2371 2378 qui
2409 2322 2585 2366 tamen
2632 2314 2696 2368 iis
2735 2324 2935 2383 utatur,
2989 2319 3203 2374 exsistit
3231 2335 3407 2376 nemo.

1841 2398 2001 2452 Avari
2042 2413 2238 2469 corpus
2265 2416 2370 2455 non
2400 2402 2582 2467 alitur,
2617 2405 2795 2459 anima
2836 2407 2967 2461 nihil
2994 2409 3254 2465 lucratur.
3294 2410 3409 2468 Non

1841 2494 1983 2545 enim
2011 2494 2353 2565 eleemosyna
2382 2511 2446 2550 ex
2475 2493 2589 2564 ejus
2619 2497 2883 2553 exuberat
2922 2499 3163 2556 dextera.
3211 2503 3412 2561 Doceat

1843 2599 1939 2640 nos
1966 2599 2152 2640 eorum
2189 2586 2407 2658 aliquis,
2447 2603 2585 2658 quos
2615 2590 2701 2644 hic
2732 2591 2949 2646 morbus
2983 2594 3189 2663 pridem
3234 2602 3408 2654 corri-

1842 2678 1976 2747 puit,
2009 2680 2256 2763 quisnam
2295 2682 2427 2737 tanti
2473 2678 2630 2750 hujus
2660 2682 2857 2739 laboris
2880 2699 2943 2741 ac
2968 2700 3221 2744 aerumna:
3250 2693 3318 2747 sit
3345 2695 3407 2745 tt-

1842 2769 1944 2826 nis.
1979 2771 2175 2830 Multos
2195 2775 2443 2843 equidem
2468 2776 2581 2848 ipse
2610 2777 2753 2835 facto
2780 2781 3016 2850 periculo
3047 2783 3187 2847 novi,
3216 2785 3305 2854 qui
3329 2787 3409 2840 vel

1841 2861 2034 2918 amicta
2063 2865 2316 2932 sanitate,
2354 2867 2467 2937 ipsa
2498 2870 2672 2925 salute
2700 2873 2980 2941 pecuniam
3022 2875 3191 2944 magis
3228 2887 3411 2932 ament

1841 2964 2003 3026 atque
2052 2958 2359 3027 aestiment;
2396 2976 2520 3015 nam
2558 2961 2604 3017 si
2648 2962 2787 3018 forte
2819 2965 3060 3021 medicus
3114 2963 3407 3023 remedium

1840 3051 1920 3101 eis
1951 3047 2190 3117 parabile
2212 3063 2276 3103 ac
2302 3049 2452 3117 parvi
2478 3051 2636 3118 pretii
2663 3054 2995 3123 praescribat,
3025 3070 3089 3109 ex
3113 3058 3234 3126 apio
3260 3070 3407 3126 pota,

1840 3139 1925 3195 vel
1971 3140 2176 3212 thymo,
2227 3142 2307 3196 vel
2339 3146 2557 3210 anetho,
2591 3159 2713 3215 quae
2767 3148 2973 3216 passim
3005 3150 3162 3205 obvia
3194 3161 3321 3206 sunt
3355 3164 3409 3206 et

144 3235 256 3289 τῶν
299 3235 386 3290 οἷα
433 3206 503 3291 τά
574 3238 795 3293 ποικίλα
842 3206 1373 3302 καὶπδλυσύνθετα,
1403 3206 1517 3293 ’καὶ
1545 3206 1732 3293 ἰλόὲιᾷ

1838 3246 2004 3300 parvo
2030 3234 2596 3299 comparantur,'sine
2647 3251 2796 3290 mora
2851 3238 3077 3294 consilio
3134 3242 3408 3313 obtempe-

148 3330 288 3401 πρὸς
337 3330 432 3383 τὸν
467 3330 919 3402 φαρμακοπώλην
952 3332 985 3403 ἦ
1032 3332 1090 3384 τὸ
1149 3332 1522 3403 μυροπωλεῖον
1551 3333 1739 3386 κελευ-

148 3421 374 3483 σθῶσιν,
408 3422 603 3475 θᾶττον
626 3422 724 3493 τὴν
746 3422 923 3492 ψυχὴν
944 3422 1223 3491 ἀφιέντας.
1254 3422 1287 3493 ἢ
1320 3422 1544 3485 λύοντας
1566 3421 1627 3474 τὸ
1654 3421 1739 3492 βα·

148 3510 383 3567 λάντιον.
434 3513 618 3583 Γήινοι
666 3513 774 3584 γὰρ
809 3514 959 3576 ὄντες
990 3512 1052 3566 τὸ
1082 3513 1356 3586 φρόνημα,
1402 3514 1502 3583 τὴν
1545 3513 1738 3583 κτῆσιν

148 3604 257 3658 τῶν
289 3604 498 3674 γηίνων
525 3604 665 3658 ύλῶν
698 3604 978 3675 νομίζουσι
1002 3605 1099 3674 τὴν
1133 3606 1301 3676 ζωήν.

1832 3335 1986 3390 rant;
2018 3324 2063 3378 si
2100 3338 2229 3379 vero
2260 3325 2775 3381 medicamentorum
2818 3330 3083 3398 ejusmodi
3122 3330 3214 3386 liat
3244 3350 3398 3389 meu-

1833 3418 1926 3479 tio,
1959 3432 2079 3486 quae
2112 3417 2285 3483 varia,
2313 3432 2378 3473 ac
2421 3434 2486 3473 ex
2521 3419 2766 3487 pluribus
2816 3424 3109 3491 composita
3142 3436 3290 3489 sunt,
3317 3428 3405 3498 jn-

1834 3508 2175 3577 beanturque
2209 3507 2291 3563 vel
2327 3509 2803 3579 pharmacopolam
2834 3512 3003 3579 adire,
3052 3516 3134 3570 Vel
3183 3518 3251 3570 ab
3303 3536 3403 3573 uu-

1834 3601 2118 3671 guentaria
2166 3612 2381 3674 petere,
2434 3603 2671 3661 animam
2718 3608 2898 3677 potius
2942 3609 3218 3675 exhalent,
3246 3626 3403 3680 quam

151 3716 468 3755 eruinenant
506 3701 736 3756 solvant.
774 3700 981 3771 Quippe
1017 3712 1195 3756 mente
1258 3716 1321 3755 ac
1381 3700 1796 3768 cogitationibus
1838 3698 2060 3762 terreni,
2098 3708 2433 3753 terrenarum
2473 3714 2653 3755 rerum
2696 3704 3094 3771 possessionem
3147 3707 3309 3758 vitam
3343 3725 3407 3761 ac

149 3799 401 3866 spiritum
419 3798 650 3854 ducunt.

215 3889 457 3954 Τούτους
508 3888 768 3943 λυποῦσιν
810 3889 949 3959 ἄγαν
992 3889 1085 3945 καὶ
1111 3890 1164 3943 αι
1204 3888 1381 3945 κοιναὶ
1416 3889 1729 3961 εὐπραγίαι·

151 3983 507 4053 εὐφραίνουσι
536 3980 594 4034 δὲ
633 3982 690 4035 αι
735 3983 1105 4052 περιστάσεις.
1133 3981 1396 4053 Εῦχονται
1430 3982 1524 4036 καὶ
1551 3981 1731 4054 φόρων

150 4073 491 4128 ἀνυποίστων
536 4074 726 4145 φοιτᾷν
756 4075 1127 4145 ἐπιτάγματα,
1171 4075 1258 4128 ἵνα
1290 4073 1473 4135 τόκοις
1498 4073 1729 4126 πλεονά-

153 4178 279 4218 σωσι
312 4165 378 4218 τὸ
406 4162 693 4237 ἀργύριον.
750 4164 1110 4237 Ἐπιθυμοῦσι
1158 4164 1376 4236 βλέπειν
1416 4165 1544 4227 τοὺς
1578 4162 1728 4234 παρὰ

149 4256 252 4310 τῶν
270 4256 575 4311 δανειστῶν
599 4256 954 4327 ἀγχομένους,
977 4256 1065 4310 ἴνα
1086 4257 1392 4329 κτήσωνται
1420 4255 1511 4308 τὸν
1536 4254 1726 4325 ἀγρὸν,

150 4346 184 4420 ἢ
208 4347 267 4402 τὺ
290 4347 511 4413 σκεῦος,
539 4347 574 4419 ἦ
595 4348 656 4402 τὸ
684 4348 843 4415 ζῶον,
870 4349 1088 4415 εύὼνως
1122 4352 1186 4404 ὲκ
1216 4350 1318 4421 τῆς
1354 4348 1601 4417 ἀνάγκης
1643 4349 1723 4416 ῥιο

1906 3880 2015 3935 Hos
2039 3881 2174 3938 tales
2219 3866 2410 3935 mirum
2446 3883 2497 3936 in
2521 3883 2733 3937 modum
2756 3885 2964 3954 pttbliea
2998 3889 3403 3957 communisque

1835 3974 2065 4030 felicitas
2116 3973 2360 4027 molestia
2395 3970 2585 4038 allicit;
2623 3973 2815 4027 damna
2863 3986 3048 4029 contra
3101 3991 3164 4030 ac
3198 3976 3403 4044 clades,

1835 4065 2197 4122 delectatione
2237 4072 2290 4117 et
2325 4065 2540 4135 gaudio.
2587 4064 2858 4133 Exoptant
2888 4081 3081 4136 graves
3116 4082 3178 4122 ac
3211 4069 3403 4123 intole-

1836 4157 2035 4212 rabiles
2078 4154 2240 4211 indici
2277 4156 2669 4226 pensitationes
2716 4168 2770 4212 et
2822 4156 3039 4217 tributa,
3077 4174 3182 4226 quo
3217 4161 3397 4214 usuris

1835 4249 2116 4320 pecuniam
2147 4260 2376 4319 augeant
2406 4266 2418 4301 :
2450 4259 2718 4314 avemque
2765 4248 2945 4303 videre
2980 4248 3203 4303 miseros
3244 4265 3273 4303 a
3315 4250 3397 4306 fe-

1833 4339 2172 4397 neratoribus
2198 4355 2504 4408 Oppressos,
2533 4349 2590 4394 ut
2610 4354 2794 4394 eorum
2813 4355 2995 4410 agros,
3019 4341 3397 4408 instrumenta,

154 4437 438 4510 πιόμενον.
464 4437 714 4510 Συνεχῶς
749 4439 806 4494 δὲ
836 4440 930 4496 καὶ
960 4434 1096 4515 πρὸς
1123 4439 1213 4494 τὸν
1241 4439 1470 4512 οὐρανὸν
1496 4438 1723 4492 ἀναϐλέ-

1837 4432 1913 4486 vel
1957 4445 2146 4502 pecora
2171 4446 2233 4486 ac
2257 4430 2526 4499 jumenta,
2558 4443 2725 4499 parvo
2767 4445 2863 4499 per
2886 4431 3264 4486 necessitatem
3292 4448 3399 4487 tere

153 4545 308 4583 unum
338 4528 486 4582 κατά
519 4529 645 4594 τοὺς
679 4530 1001 4601 φιλοσόφους
1029 4532 1154 4595 τοὺς
1180 4531 1249 4585 τὰ
1284 4530 1534 4601 μετέωρα
1572 4546 1731 4601 φρον-

151 4620 419 4685 τίζοντας,
446 4621 549 4674 οῦκ
583 4620 809 4694 ἀστέρος
832 4621 1049 4693 ἐντολὴν
1072 4621 1379 4693 ζητοῦντες,
1408 4620 1528 4674 οὐδὲ
1550 4620 1633 4683 τίς
1655 4614 1731 4673 οἷ-

153 4729 241 4776 xo;
281 4710 382 4766 ἕνα
425 4712 536 4765 τῶν
580 4712 864 4783 πλανητῶν
904 4715 1014 4784 ἔχει
1051 4712 1561 4785 περισκοπούμενοιο
1594 4710 1731 4763 ἀλλά

151 4806 242 4876 τὴν
273 4805 371 4859 τοῦ
404 4806 568 4876 ἀέρος
592 4805 1169 4876 πολυπραγμονοῦντες
1198 4805 1551 4867 κατάστασιν,
1584 4803 1631 4856 εἰ
1662 4802 1728 4855 ιιά

153 4897 563 4967 προφαινόμενα
605 4898 808 4967 σημεῖα
845 4895 1068 4967 ὄμϐρων
1109 4894 1388 4968 ὲπιῤῥοὴν,
1438 4895 1470 4964 ἢ
1519 4894 1728 4965 αὐχμὸν

151 4986 562 5055 ἐπαγγέλλεται.
618 4986 738 5040 Κάν
788 4985 937 5039 ἴδωσί
980 5004 1032 5040 τι
1071 4990 1182 5049 τοῖς
1211 4986 1423 5048 πολλοῖς
1468 4983 1725 5056 δυσχερὲς

152 5075 620 5149 προσδοκώμενον,
666 5077 1046 5149 εὐφραίνονται
1084 5081 1148 5149 τῇ
1189 5077 1298 5130 τῶν
1337 5076 1510 5131 ἄλλων
1544 5075 1726 5129 κακώ-

154 5183 251 5222 σει.
298 5168 486 5220 Πάντα
519 5150 841 5235 συνάγουσιν
886 5171 944 5222 ὲν
986 5171 1097 5233 τοῖς
1140 5168 1429 5240 ταμιείοις,
1466 5165 1723 5237 ἀσφαλῶς

151 5261 672 5330 κατασημαίνοντες,
714 5260 806 5314 καὶ
843 5261 1046 5323 δισσοῖς
1090 5259 1367 5331 κλείθροις,
1392 5258 1723 5326 κατασφαλί-

151 5350 346 5415 ζονται,
387 5350 809 5422 διαμετροῦντες
852 5352 1101 5423 ἀλήκτως
1137 5351 1473 5421 ψηφίζουσιν.
1533 5351 1720 5419 ’Λσχο-

147 5439 407 5512 λουμένου
438 5444 495 5497 δὲ
526 5442 622 5496 τοῦ
650 5443 973 5497 πλεονέκτου
1009 5445 1136 5515 περὶ
1164 5444 1259 5515 τὴν
1280 5442 1538 5513 τοιαύτην
1567 5442 1721 5495 ἐλπί-

147 5531 229 5597 δα,
268 5533 365 5587 καὶ
392 5533 534 5595 τέως
579 5532 714 5605 δναρ
751 5531 1108 5598 πλουτοῦντος
1159 5535 1216 5585 ὲν
1261 5534 1328 5604 τῇ
1381 5531 1725 5603 σκιαγραφίᾳ

148 5624 251 5677 τῶν
287 5625 533 5690 ἐννοιῶν,
567 5625 663 5678 ὲάν
702 5626 1017 5699 ἐπιγένηται
1062 5627 1222 5695 νέφος
1272 5625 1429 5695 βαθὺ,
1474 5624 1723 5693 φοϐεῖται

147 5716 216 5780 ὡς
245 5718 630 5772 κινδυνεύσων.
662 5718 761 5770 Ἂν
785 5717 1017 5786 ψεκάδες
1050 5718 1148 5787 τὴν
1180 5717 1281 5787 γῆν
1309 5716 1721 5787 ὲπιρῤαίνωσιν,

147 5810 505 5883 ὐποδακρύειν
529 5810 774 5881 Ξρχεταιο
804 5809 869 5863 ἀν
887 5810 943 5862 δὲ
975 5811 1069 5863 καὶ
1105 5809 1256 5873 ὑετὸς
1279 5810 1594 5879 ἐπιγένηται
1619 5810 1720 5880 ἀρ-

420 5906 504 5967 Pa
520 5921 695 5963 rtutL.
728 5905 842 5964 Gtt.
882 5904 1007 5964 XL.

1829 4524 2088 4594 projecta,
2126 4521 2433 4592 acquirant.
2459 4519 2727 4576 Continue
2771 4534 2925 4587 vero,
2959 4520 3396 4592 philosophorum

1831 4616 2006 4670 instar
2033 4613 2179 4669 circa
2216 4623 2455 4668 meteora
2483 4611 3044 4677 versantium,coelum
3072 4614 3400 4683 suspiciunt,

1828 4722 1932 4762 non
1968 4715 2025 4760 ut
2066 4704 2259 4761 sideris
2287 4703 2516 4774 alicujus
2545 4711 2755 4765 ortum,
2784 4713 2881 4759 aut
2911 4706 3139 4774 planetae
3177 4707 3393 4763 domum

1827 4804 2157 4859 scrutentur,
2190 4794 2283 4849 sed
2310 4802 2367 4848 ut
2391 4792 2536 4847 aeris
2559 4793 2991 4849 constitutionem
3014 4797 3395 4862 considerent;

1828 4899 1881 4943 et
1906 4905 1973 4942 au
2003 4889 2317 4957 apparentia
2342 4886 2497 4955 signa
2536 4884 2796 4955 largiores
2837 4886 3057 4953 imbres,
3093 4897 3187 4943 aut
3219 4888 3395 4943 sicci-

1829 4989 1992 5034 tatem
2027 4978 2370 5034 denuntient.
2405 4978 2482 5032 Ac
2512 4978 2557 5031 si
2589 4992 2686 5047 pro
2712 4991 2807 5047 spe
2852 4993 2947 5031 sua
2981 4978 3161 5034 multis
3195 4980 3395 5033 malum

1826 5070 2105 5124 imminere
2129 5068 2628 5137 animadverterint,
2658 5069 2832 5123 aliena
2866 5069 3179 5127 infelicitate
3207 5072 3395 5126 laetan-

1827 5172 1933 5216 tur.
1956 5159 2147 5217 Omnia
2179 5159 2415 5230 undique
2448 5175 2660 5215 sununo
2690 5162 2867 5215 studio
2896 5163 2947 5215 in
2978 5162 3170 5217 horrea
3198 5178 3395 5233 conge-

1825 5261 1969 5317 runt,
1986 5252 2374 5323 obsiguantque
2397 5250 2677 5319 diligenter
2696 5252 2923 5323 singula,
2947 5268 3009 5308 ac
3029 5254 3223 5323 duplici
3246 5268 3392 5309 com-

1824 5346 2072 5400 muniunt
2112 5360 2253 5410 sera,
2303 5344 2553 5415 nullaque
2605 5344 3005 5400 intermissione
3041 5347 3395 5399 dimetiuntur

1824 5451 1985 5508 atque
2011 5446 2326 5507 supputant.
2359 5438 2502 5493 Inter
2542 5439 2655 5494 haec
2683 5454 2745 5493 ac
2782 5440 2910 5493 dum
2956 5452 3015 5492 ea
3052 5454 3146 5507 spe
3198 5452 3392 5494 avarus

1823 5530 2094 5598 titillatur,
2125 5539 2181 5584 et
2208 5530 2363 5600 quasi
2395 5544 2491 5603 per
2516 5533 2784 5588 somnium
2808 5532 3057 5587 inanibus
3092 5546 3156 5587 ac
3202 5531 3391 5604 imagio

1821 5622 1991 5676 nariis
2014 5621 2208 5691 opibus
2238 5623 2461 5690 ditatur,
2513 5624 2557 5678 si
2609 5625 2781 5679 nubes
2824 5634 2919 5679 aut
2953 5625 3143 5679 nebula
3175 5625 3392 5681 densior

1820 5717 2209 5783 supervenerit,
2232 5727 2558 5782 exterretur,
2590 5732 2654 5771 ac
2678 5718 2721 5772 si
2752 5719 2939 5786 ingens
2967 5717 3064 5787 ipsi
3095 5718 3388 5787 perieulum

1821 5805 2119 5863 immineat.
2158 5808 2311 5874 Quod
2364 5808 2408 5862 si
2443 5809 2700 5864 minutnla
2750 5809 2925 5880 pluvia
2965 5820 3166 5866 terram
3201 5823 3389 5878 asper-

3118 5905 3156 5965 7
