3856 6274
381 301 492 357 205

1657 299 1718 354 S.
1757 297 2033 354 ASTERII
2075 297 2380 354 AMASENI

3543 300 3658 360 εοι

387 426 501 486 gat,
535 414 932 487 sublacrymari
985 413 1173 485 incipit
1204 427 1218 467 :
1259 413 1304 470 si
1349 427 1542 484 magna
1588 428 1741 484 aqua:
1777 416 1880 479 vis,
1911 431 1974 469 ac

2083 417 2188 470 κῶν
2220 417 2311 469 τὸν
2338 411 2547 487 αὐχμὸν
2577 415 2916 483 ὲξιάσασθαι,
2959 415 3154 482 πένθος
3180 417 3382 472 τέλειον
3411 418 3474 472 τὸ
3507 423 3657 490 πρᾶ-

387 509 617 564 siccitati
650 508 895 562 tollendae
929 517 1030 576 par’
1079 507 1317 576 ingruat,
1343 515 1622 562 extremus
1643 520 1763 561 eum
1792 509 1968 562 luctus

389 608 636 666 occupat.
665 597 858 653 Omnia
876 597 1130 665 deinceps
1151 601 1464 666 perlustrat,
1483 611 1548 652 ac
1567 598 1797 653 sollicite
1821 613 1968 668 qua:-

392 691 483 753 rit,
510 691 654 744 hattd
701 706 857 746 secus
887 705 950 746 ac
981 691 1321 761 periclitante
1347 689 1472 754 lilio,
1505 704 1628 743 num
1669 689 1964 744 remedium

391 782 628 851 aliquod,
666 783 965 851 modusque
997 798 1063 836 ac
1104 783 1266 847 ratio,
1301 783 1568 836 frumenta
1605 798 1634 836 a
1685 780 1807 836 tabe
1841 797 1966 837 ver-

393 873 670 941 miumque
718 873 912 942 injuria
969 873 1273 928 diutissime
1331 872 1606 928 servandi.
1670 872 1748 926 Ac
1789 873 1833 926 si
1857 872 1968 943 jam

392 971 624 1018 aestuare
673 965 1087 1031 animadvertit,
1118 978 1182 1017 ac
1206 963 1413 1018 caloris
1461 962 1593 1018 vitio
1625 962 1847 1031 corripi,
1875 978 1972 1032 pro

393 1055 728 1110 medicorum
763 1055 814 1108 in
854 1070 948 1109 eos
988 1055 1234 1109 instituto
1265 1052 1400 1124 (~23),
1439 1054 1528 1123 qui
1565 1068 1700 1122 pene
1721 1053 1970 1108 exhausti

395 1157 524 1202 sunt
572 1161 637 1202 ac
690 1146 1092 1210 distabuerunt,
1131 1147 1388 1216 expandit
1425 1162 1513 1207 ea,
1552 1147 1711 1214 inque
1742 1145 1976 1200 minores

393 1238 722 1292 distribuens
752 1237 1023 1301 cumulos,
1055 1239 1235 1291 studet
1261 1234 1604 1306 refrigerare.
1638 1236 1852 1291 Assidet
1878 1238 1976 1290 mi-

2073 523 2210 577 γμα.
2279 509 2594 579 Περινοστεϊ
2631 507 2816 561 λοιπὸν
2862 511 2996 562 πᾶσι
3050 511 3489 582 συσκοπούμενος
3525 512 3658 582 περὶ

2072 600 2164 653 τοῦ
2197 600 2371 665 σίτου,
2399 600 2474 663 ὡς
2501 600 2620 653 υἱοῦ
2649 599 3070 664 κινδυνεύοντος,
3106 601 3190 664 τίς
3232 601 3394 665 ῐασις,
3426 601 3509 664 τίς
3553 621 3661 672 μη-

2073 691 2230 761 χανὴ,
2257 691 2343 744 ἴνα
2375 691 2511 764 πρὸς
2537 691 2703 746 πολὺν
2733 692 3046 764 αὑταρκέσῃ
3077 694 3286 765 χρόνον,
3317 695 3402 747 ἵνα
3419 694 3526 747 τῶν
3555 711 3658 764 ση-

2071 780 2180 836 τῶν
2202 782 2435 856 διαφύγῃ
2455 783 2514 836 τὸ
2535 781 2726 847 πάθος.
2764 782 2881 836 Κᾶν
2904 784 3157 856 αἴσθηται
3180 784 3478 850 καύσωνος,
3503 784 3580 848 ὡς
3607 785 3659 838 oi.

2077 873 2250 945 ἰατροὶ
2287 875 2414 937 τοὺς
2443 874 2925 946 διαφορουμένους,
2946 876 3256 940 διαπλὼσας
3279 878 3462 940 αὑτὸν,
3491 895 3663 930 καταο

2078 966 2288 1037 μερίζει
2324 967 2420 1020 καὶ
2445 966 2770 1037 καταψύχει,
2799 967 3012 1038 μοχθῶν
3046 968 3499 1040 προσκαθέζεται,
3532 966 3658 1020 σκέ-

2076 1075 2182 1127 πην
2221 1056 2362 1111 κατὰ
2399 1057 2499 1129 τὴν
2536 1057 2883 1129 μεσημϐρίαν
2918 1059 3219 1128 σοφίζεται,
3247 1059 3346 1120 τὰς
3375 1058 3531 1122 σκιὰς
3565 1076 3664 1111 νυ-

2077 1148 2203 1212 κτὸς
2244 1149 2572 1218 άπογυμνοῖ,
2624 1149 2712 1202 ἵνα
2754 1151 2876 1213 ταῖς
2922 1149 3119 1222 αὖραις
3156 1154 3276 1214 ταῖς
3313 1151 3662 1221 νυκτεριναῖς

2080 1239 2440 1310 ύποπνέηται.

389 1345 484 1385 ser
533 1344 598 1384 ac
642 1345 702 1384 se
727 1330 1090 1394 discruciaus;
1151 1338 1509 1400 tegumenque
1551 1345 1614 1384 ac
1668 1339 1908 1384 tutamen
1942 1344 1970 1382 a
2009 1330 2236 1385 meridie
2285 1331 2582 1401 excogitat;
2647 1345 2713 1385 ac
2745 1329 2891 1385 circa
2920 1338 3135 1384 noctem
3203 1344 3388 1383 rursus
3415 1342 3660 1395 amovet,

398 1433 451 1476 ut
481 1430 759 1476 nocturna:
791 1436 937 1475 aura:
969 1421 1190 1476 liberius
1225 1421 1468 1490 aspirare
1496 1431 1717 1492 queant.

468 1518 524 1572 In
556 1519 644 1572 his
676 1519 946 1574 laboribus
971 1533 1033 1572 ac
1064 1518 1325 1572 molestiis
1353 1520 1708 1574 circumstans
1741 1534 1963 1591 pauper,

2145 1516 2333 1572 Ταῦτα
2365 1513 2514 1586 αύτῷ
2541 1511 2975 1583 ταλαιπωροῦντι
3017 1514 3044 1566 6
3081 1510 3246 1581 πένης
3286 1512 3660 1581 περιίσταται,

395 1609 758 1678 periclitantis
800 1610 1008 1679 aliquid
1034 1610 1288 1666 frumenti
1321 1622 1612 1679 rogat,nec
1643 1612 1733 1668 ille
1763 1613 1969 1667 tribuit:

398 1711 493 1755 aut
528 1717 680 1765 sane,
718 1702 770 1756 id
829 1717 992 1769 parce
1047 1703 1336 1758 admodum
1397 1719 1460 1757 ac
1496 1704 1848 1769 semianimis,
1875 1719 1974 1774 pro

397 1793 796 1847 vehementiori
831 1807 930 1848 Suo
951 1793 1016 1847 ad
1050 1793 1178 1847 illud
1220 1793 1434 1849 affectu.
1473 1781 1669 1849 Verum
1724 1796 1974 1858 obsecro.

396 1882 493 1951 qui
528 1882 622 1936 tali
663 1885 934 1954 praeditus
969 1884 1192 1953 ingenio
1215 1885 1312 1947 sis,
1337 1900 1402 1940 ne
1437 1891 1693 1955 perpetuo
1715 1887 1795 1940 sic
1823 1884 1974 1940 labo-

397 1990 524 2030 rare
549 1991 610 2030 ac
655 1975 978 2031 discruciari
1015 1976 1170 2032 velis.
1211 1975 1356 2032 Sane
1396 1978 1610 2048 quidem
1644 1977 1726 2031 vel
1763 1977 1809 2032 is
1843 1991 1977 2044 quo-

398 2083 504 2138 quc
535 2083 730 2124 avarus
753 2068 945 2138 dignus
969 2077 1052 2122 est
1079 2068 1446 2131 miseratione,
1474 2068 1565 2138 qui
1595 2083 1698 2122 non
1720 2068 1974 2122 abhorret

397 2175 430 2214 a
469 2158 715 2225 deliciis;
769 2159 862 2228 qui
919 2160 1126 2214 ventris
1187 2158 1459 2230 voluptate
1506 2160 1736 2228 aliisque
1793 2160 1978 2214 delinit

400 2257 593 2318 vitam,
634 2265 868 2320 eumque
903 2252 1139 2306 hominis
1174 2252 1334 2306 ﬁnem
1381 2240 1584 2306 credit.
1615 2252 1779 2306 Multo
1807 2252 1978 2322 magis

403 2358 469 2398 ac
503 2343 827 2397 immensum
861 2342 1222 2406 miserrimus,
1277 2342 1367 2412 qui
1401 2341 1679 2396 illiberalis
1706 2349 1790 2395 est
1817 2351 1978 2410 atque

401 2434 693 2498 sordidus;
724 2448 971 2502 unusque
1024 2434 1139 2502 ipse
1183 2449 1301 2503 qua:
1325 2443 1448 2486 sunt
1477 2433 1704 2501 plurium
1728 2440 1974 2501 occupat,

404 2542 469 2583 ac
499 2541 654 2582 suum
674 2527 1023 2582 nihilominus
1045 2525 1260 2594 genium
1281 2523 1585 2586 defraudat,
1613 2523 1756 2576 nullo
1778 2530 1980 2576 exactze

407 2618 543 2672 adeo
567 2616 857 2686 diligentia:
886 2616 1060 2670 fructu
1100 2623 1264 2683 atque
1310 2617 1435 2668 line.
1483 2613 1616 2680 Quis
1661 2613 1802 2667 enim
1831 2613 1982 2681 igno-

401 2717 508 2772 rat,
546 2716 772 2776 propter
794 2706 1055 2776 seipsum,
1086 2705 1330 2773 exceptis
1357 2703 1667 2770 virtutibus,
1693 2703 1822 2758 nihil
1842 2705 1978 2764 fieri;

321 2794 326 2797 ⁷
400 2798 495 2852 sed
528 2806 588 2852 ut
634 2795 776 2852 aliud
833 2812 899 2852 ex
957 2795 1062 2850 alio
1117 2795 1442 2862 obtineatur,
1477 2811 1540 2850 ac
1589 2796 1980 2850 conficiamus?

389 2888 569 2946 .Ncmo
619 2899 764 2945 certe
815 2889 1096 2958 quisquam
1165 2887 1332 2943 solius
1401 2903 1560 2942 causa
1623 2867 2048 2956 navigationisC

402 2982 539 3038 mari
591 2997 652 3038 se
700 2981 1021 3044 committit;
1059 2995 1217 3034 nemo
1263 2987 1479 3048 propter
1508 2979 1677 3047 ipsam
1709 2979 1972 3047 agricola-

403 3075 601 3130 tionem
627 3075 681 3129 in
707 3072 891 3126 labore
923 3071 1136 3126 :etatem
1171 3071 1314 3140 agit;
1372 3071 1466 3124 scd
1507 3069 1709 3148 liquido
1739 3079 1974 3132 constat,

403 3165 544 3235 quod
571 3173 720 3220 certo
755 3171 983 3231 uterque
1016 3162 1244 3217 consilio
1282 3163 1412 3216 istas
1449 3161 1727 3216 molestias
1759 3161 1971 3215 subeat:

407 3258 546 3313 alter
576 3256 831 3312 nimirum
864 3255 941 3308 uti
974 3253 1152 3323 fruges
1187 3255 1517 3322 ubcremque
1551 3267 1784 3306 messem
1829 3251 1980 3306 colli-

407 3359 524 3420 gat;
552 3348 708 3411 alter,
750 3356 808 3401 ut
844 3347 1073 3401 nauticae.
1098 3345 1478 3416 negotiationis
1505 3345 1722 3399 divitias
1759 3345 1972 3399 referat.

403 3441 482 3497 Tu
507 3456 638 3496 vero
665 3440 774 3506 dic,
803 3441 982 3506 sodes,
1008 3440 1260 3509 quidnam
1293 3449 1521 3508 spectes,
1543 3448 1598 3492 ut
1623 3438 1702 3492 sic
1723 3437 1982 3508 colligas?

401 3535 605 3605 quidve
641 3532 763 3588 fluis
800 3531 1130 3601 prepositum
1160 3532 1252 3595 sit,
1285 3539 1343 3584 ut
1388 3530 1460 3582 ita
1494 3543 1624 3596 opes
1652 3529 1870 3582 inutiles
1887 3543 1976 3581 ex-

402 3634 620 3680 struere
642 3623 902 3678 studeas?
925 3621 1018 3676 νεὲ
1069 3623 1205 3691 ipse,
1239 3621 1437 3690 inquis,
1473 3635 1559 3675 me
1593 3632 1846 3688 aspectus
1888 3620 1982 3673 de-

402 3715 588 3769 lectat.
635 3712 796 3782 Atqui
840 3712 1043 3766 ratione
1085 3711 1189 3764 alia
1223 3711 1415 3767 morbo
1441 3721 1530 3766 tuo
1572 3711 1820 3780 indulge;
1857 3726 1979 3764 nam

409 3804 603 3860 alienis
637 3802 800 3858 etiam
832 3801 989 3856 bonis
1036 3801 1231 3857 sedare
1287 3805 1391 3857 hoc
1439 3799 1765 3856 desiderium
1805 3809 1978 3869 potes.

416 3895 476 3951 Si
518 3904 570 3950 te
597 3893 741 3963 capit
767 3907 832 3948 ac
858 3891 1127 3948 exhilarat
1181 3892 1390 3963 argenti
1429 3892 1625 3964 fulgor,
1665 3893 1718 3952 in
1747 3895 1983 3962 argenti-

411 3986 574 4043 ticum
599 3984 824 4042 oﬂicinis
848 3984 1106 4040 assidenti
1135 3993 1510 4041 coruscantem
1548 3987 1760 4054 argenti
1805 3986 1980 4042 lucem

409 4076 768 4148 contemplari
797 4075 953 4143 licet;
1008 4086 1103 4131 aut
1150 4076 1298 4132 circa
1353 4075 1530 4132 forum
1559 4085 1614 4132 et
1658 4076 1772 4133 loca
1803 4094 1980 4134 rerum

297 4167 310 4178 ’
411 4170 707 4236 venalium,
743 4168 833 4225 ubi
868 4167 1028 4232 disci,
1057 4168 1264 4238 lances,
1318 4169 1562 4238 aquales,
1604 4184 1669 4224 ac
1695 4184 1857 4226 omne
1891 4185 1983 4241 ge-
2013 4210 2062 4270 υ

411 4279 515 4320 nus
542 4273 789 4336 prostant
833 4261 1075 4334 exposita
1097 4276 1258 4325 vasa,
1305 4263 1548 4317 auimmn
1577 4262 1868 4320 oblectare.
1889 4264 1986 4320 Li-

411 4363 600 4419 berum
625 4361 726 4416 hoc
749 4373 813 4414 ac
843 4359 1146 4429 gratuitum
1173 4357 1563 4428 spectaculum.
1602 4357 1709 4414 Sed
1742 4369 1796 4415 et
1829 4375 1987 4414 num-

410 4448 671 4505 mularios
721 4459 970 4518 spectare
1020 4447 1168 4512 licet,
1217 4447 1308 4516 qui
1337 4447 1390 4501 iu
1443 4449 1646 4504 mensis
1704 4451 1985 4518 pecuniam

409 4541 628 4596 assidue
683 4545 1024 4594 contrectant
1076 4547 1241 4608 atque
1295 4538 1660 4596 dinumerant.
1703 4539 1818 4596 lmo
1859 4557 1988 4599 vero

406 4631 571 4686 rectis
622 4628 800 4700 potius
842 4627 1222 4698 obtemperans
1285 4629 1524 4693 monitis,
1573 4645 1796 4700 pravum
1841 4633 1986 4689 hunc

418 4723 714 4792 appetitum
745 4735 938 4786 exues,
963 4734 1027 4773 ac
1053 4719 1292 4774 animum
1325 4721 1582 4777 mutabis.
1609 4721 1807 4778 Facilis
1841 4726 1984 4780 enim

2075 1610 2253 1682 ζητῶν
2282 1611 2346 1663 ὲκ
2369 1607 2464 1662 τοῦ
2489 1606 2887 1668 κινδυνεύοντος
2915 1604 3086 1666 σίτου,
3116 1604 3210 1656 καὶ
3243 1603 3304 1655 ού
3332 1602 3546 1655 δίδωσιν
3569 1621 3582 1634 ·
3624 1604 3660 1670 ἢ

2073 1703 2217 1764 δοὺς,
2256 1699 2530 1770 φειδωλῶς
2568 1698 2851 1770 χαρίζεται
2896 1697 2990 1750 καὶ
3015 1694 3336 1766 ἡμίθνητος,
3371 1693 3657 1755 τοῦ,σίτου

2076 1793 2282 1866 σφόδρα
2328 1791 2737 1865 περιεχόμενος.
2780 1789 2874 1858 Μὴ
2914 1787 3092 1840 τοίνυν
3131 1787 3416 1857 ἀπέραντα
3466 1787 3661 1858 μόχθει

2075 1887 2170 1941 καὶ
2203 1885 2437 1956 χαλέπα,
2478 1884 2506 1935 6
2534 1880 2796 1944 τοιοῦτος,
2831 1879 3155 1950 παρακαλῶ.
3197 1878 3377 1931 Ἐλέου
3417 1879 3512 1950 μὲν
3545 1879 3662 1949 γὰρ

2076 1979 2224 2044 ἄξιος
2247 1979 2341 2032 καὶ
2361 1979 2390 2030 6
2415 1975 2636 2050 τρυφῶν
2667 1972 3020 2045 πλεονέκτης,
3054 1975 3083 2026 6
3109 1976 3173 2043 τῇ
3197 1973 3395 2044 γαστρὶ
3417 1975 3508 2025 καὶ
3536 1976 3662 2036 ταῖς

2076 2071 2263 2133 ἄλλαις
2287 2070 2502 2140 ἡδοναῖς
2533 2065 2862 2138 περιορίζων
2897 2065 2986 2117 τὸν
3027 2063 3159 2131 βίον,
3190 2063 3349 2115 τοῦτο
3379 2063 3528 2126 τέλος
3573 2080 3664 2114 νο-

2081 2161 2251 2233 μίζων
2300 2161 2400 2230 τῆς
2446 2158 2881 2230 ἁνθρωπότητος.
2929 2156 2988 2208 ’0
3029 2155 3084 2209 δὲ
3134 2158 3512 2226 μικροπρεπὴς
3561 2157 3663 2208 καὶ

2080 2252 2463 2324 σμικρολόγος,
2495 2250 2616 2304 οὐδὲ
2647 2249 2845 2321 μέτρον
2880 2248 2990 2319 ἔχει
3014 2249 3111 2319 τῆς
3145 2247 3477 2317 ἀθλιότητος,
3514 2247 3660 2319 λαμ-

2078 2344 2255 2398 ϐάνων
2283 2342 2351 2396 τὰ
2375 2342 2484 2395 τῶν
2524 2340 2755 2406 πολλῶν,
2793 2340 2885 2393 καὶ
2912 2340 3090 2410 ἑαυτῷ
3127 2337 3201 2409 μὴ
3227 2338 3422 2401 διδοὺς,
3447 2339 3524 2402 εἰς
3563 2340 3661 2392 οῦ-

2076 2434 2163 2487 δὲν
2189 2433 2245 2486 δὲ
2270 2432 2596 2503 καταλήγων
2623 2431 2723 2501 τῆς
2748 2429 2986 2500 σπουδῆς
3017 2429 3386 2500 ἀποτέλεσμα.
3426 2429 3518 2493 Τίς
3549 2429 3664 2500 γὰρ

2077 2527 2178 2579 οὐκ
2210 2521 2370 2591 οἶδεν,
2414 2525 2490 2588 ὡς
2527 2523 2680 2576 οὐδὲν
2716 2523 2826 2575 τῶν
2862 2522 3180 2591 γινομένων,
3216 2523 3357 2593 πλὴν
3389 2523 3495 2575 τῶν
3525 2523 3664 2591 ἀρε-

2077 2617 2207 2678 τῶν.
2239 2616 2370 2670 αὐτὸ
2410 2615 2476 2668 δι’
2510 2615 2669 2668 ἑαυτὸ
2699 2612 2932 2682 γίνεται,
2964 2613 3076 2666 ἀλλ’
3101 2613 3287 2685 ἔτερόν
3322 2632 3373 2666 τι
3422 2614 3666 2684 πράττο-

2083 2725 2201 2779 μεν,
2235 2707 2300 2760 ἵν’
2333 2704 2459 2761 ἄλλο
2480 2703 2952 2775 κατορθώσωμεν;
2987 2703 3174 2766 Οὐδεὶς
3202 2703 3400 2765 πλέων,
3431 2703 3496 2755 δι’
3526 2702 3666 2756 αὐτὸ

2080 2800 2141 2854 τὸ
2196 2800 2368 2864 πλεῖν,
2425 2796 2761 2853 θαλαττεύειο
2801 2795 2922 2848 οὐδὲ
2982 2795 3264 2867 γεωργῶν,
3317 2796 3384 2849 δι’
3429 2795 3561 2849 αὐτὸ
3599 2795 3668 2848 τὺ

2081 2893 2368 2963 γεωργεῖν,
2407 2893 2522 2954 τοῖς
2549 2891 2731 2954 πόνοις
2762 2889 2918 2961 συζῇ·
2954 2889 3090 2943 ἀλλά
3134 2889 3420 2960 πρόδηλον,
3450 2891 3524 2955 ὡς
3549 2895 3668 2956 τοῖς

2079 2980 2342 3052 λυπηροῖς
2393 2978 2818 3051 ὲγκαρτεροῦσιν
2867 2978 3186 3049 ἀμφότεροι.
3223 2979 3252 3030 6
3295 2979 3394 3049 μὲν
3429 2979 3515 3034 ἵνα
3561 2981 3670 3052 τὴν

2079 3072 2412 3144 ἐπικαρπίαν
2436 3071 2534 3143 τῆς
2559 3071 2682 3142 γῆς,
2714 3072 2744 3123 6
2769 3070 2828 3124 δὲ
2857 3071 2944 3124 ἵνα
2970 3069 3072 3123 ’τὸν
3104 3069 3330 3124 πλοῦτον
3358 3071 3456 3142 τῆς
3479 3089 3669 3126 ναυτι-

2080 3165 2182 3235 κῆς
2217 3164 2484 3236 ἐμπορίας
2525 3164 2842 3235 κομίσηται.
2874 3163 2946 3216 Σὺ
2981 3161 3058 3223 δὲ.
3083 3162 3137 3216 τί
3166 3163 3226 3216 τὸ
3253 3163 3343 3218 σδν
3378 3165 3551 3236 πέρας
3581 3168 3667 3219 εί-

2080 3261 2168 3314 πέ.
2200 3261 2317 3313 Ἵνα
2341 3259 2650 3329 συναγάγῃς
2671 3276 2686 3325 ;
2711 3258 2820 3310 Kal.
2842 3259 2991 3310 ποῖον
3017 3255 3177 3312 τοῦτο
3202 3258 3354 3322 τέλος
3381 3259 3461 3324 τὸ,
3486 3260 3667 3331 ἄχρη-

2075 3369 2204 3406 ξστον
2233 3350 2366 3421 ὓλην
2406 3349 2778 3421 σωρεύσαντα,
2825 3348 3083 3420 βλέπεινς
3132 3349 3338 3421 Τέρπει
3385 3367 3471 3421 με,
3505 3354 3666 3421 φησι,

2081 3444 2176 3498 καὶ
2197 3445 2232 3516 ὴ
2257 3443 2374 3496 θέα.
2407 3441 2620 3496 Οὐκοῦν
2642 3441 2816 3505 ἄλλως
2849 3442 2910 3494 τὸ
2941 3441 3138 3494 σαυτοῦ
3167 3442 3380 3514 νόσημα
3415 3443 3664 3513 μέτελθε.

2085 3533 2332 3600 Ἔξεστιν
2359 3531 2466 3602 γὰρ
2509 3533 2604 3585 καὶ
2632 3535 2745 3594 τοίς
2770 3530 3071 3602 ἀλλοτρίοις
3104 3533 3352 3603 χρήμασι
3384 3551 3668 3604 προσανα-

2082 3624 2276 3678 παύειν
2306 3623 2396 3676 τὸν
2433 3623 2612 3678 πόθον.
2651 3623 2712 3675 Ei
2755 3623 3035 3696 εὐφραίνει
3085 3641 3144 3676 σε
3177 3624 3237 3676 τὸ
3284 3625 3536 3678 στιλπνὸν
3570 3627 3668 3680 τοῦ

2082 3717 2372 3790 ἀργυρίου,
2406 3713 2858 3786 προσκαθήμενος
2899 3717 3012 3778 τοῖς
3043 3715 3398 3785 ἀργυροχόοις
3427 3716 3669 3769 ἀπόϐλε-

2083 3826 2152 3862 πε
2175 3807 2309 3878 πρὸς
2342 3807 2441 3878 τὴν
2474 3806 2684 3876 πυκνὴν
2714 3805 2808 3857 καὶ
2845 3806 3164 3858 στίλόουσαν
3194 3807 3388 3877 αὑγήν·
3417 3807 3448 3877 ἧ
3474 3809 3568 3860 καὶ
3596 3808 3672 3860 τὰ

2084 3901 2362 3974 πρατήρια
2425 3899 2883 3971 καταλαμϐάνων,
2947 3898 3152 3969 τέρπου
3223 3901 3335 3962 τοῖς
3403 3899 3672 3964 ποικίλοις

2087 3990 2358 4055 σκεύεσιν,
2381 3989 2668 4062 ὀψοφόροις
2694 4006 2750 4042 τε
2782 3989 2876 4041 καὶ
2901 3988 3172 4060 προχόοις·
3220 3990 3418 4060 προῖκα
3448 3990 3557 4059 γάρ
3584 4006 3672 4042 σοι

2085 4085 2181 4138 καὶ
2217 4081 2494 4138 ἀκώλυτον
2522 4083 2559 4152 ἡ
2593 4080 2707 4134 θέα.
2756 4080 2899 4151 Ὅρα
2948 4080 3041 4133 καὶ
3076 4080 3202 4143 τοὺς
3243 4080 3674 4152 ἀργυρογνώμον-

2086 4193 2183 4240 νας
2251 4175 2379 4238 τοὺς
2441 4173 2534 4227 ἐπὶ
2607 4171 2715 4225 τῶν
2785 4172 3069 4241 τραπεζῶν
3129 4172 3490 4243 ψηλαφῶντας
3572 4176 3674 4228 καὶ

2087 4267 2458 4342 άριθμοῦντας
2514 4265 2751 4337 συνεχῶς
2804 4269 2874 4319 τὰ
2922 4266 3269 4338 νομίσματα’
3339 4267 3538 4338 μᾶλλον
3587 4268 3671 4334 δὲ,

2087 4358 2409 4433 παραινέσει
2469 4357 2713 4420 πεισθεὶς
2752 4350 2954 4427 ἀγαθῇ.
3002 4357 3237 4428 μετάθου
3289 4358 3387 4430 τῆς
3418 4355 3671 4428 γνώμης.

2087 4451 2321 4514 Εΰκολος
2364 4450 2473 4522 γάρ
2509 4451 2542 4520 ἡ
2577 4447 2881 4521 διόρθωσις,
2922 4447 3108 4519 ἐπειδὴ
3145 4449 3218 4518 μὴ
3260 4447 3476 4516 φύσεώς
3519 4449 3676 4503 ἐστιν

2086 4543 2300 4614 ἀνάγκη
2351 4537 2653 4604 πλεονεξία,
2710 4537 2855 4610 ὁρμὴ
2903 4537 2961 4590 δὲ
3016 4537 3409 4609 προαιρέσεωςο
3453 4539 3520 4610 ἢν
3574 4557 3678 4612 με-

2090 4633 2343 4690 ταϐαλείν
2379 4634 2492 4696 τοῖς
2521 4630 2581 4685 τὸ
2622 4630 2902 4703 συμφέρον
2927 4627 3390 4702 ἐπιλογιζομένοις
3421 4631 3482 4684 οὐ
3509 4632 3678 4704 χαλε-

2094 4727 2212 4781 πόν.

414 4812 704 4875 correctio,
736 4825 859 4866 cum
893 4809 1122 4865 avaritia
1151 4826 1258 4885 non
1279 4813 1354 4867 sit
1386 4811 1566 4883 aliqua
1609 4817 1868 4871 naturalis
1910 4819 2232 4886 necessitas,
2263 4820 2357 4876 sed
2387 4821 2620 4890 impetus
2668 4834 2732 4874 ac
2783 4820 3085 4874 voluntaria
3131 4819 3375 4890 quaedam
3430 4817 3674 4885 affectio,

413 4921 577 4982 quam
606 4907 875 4977 deponere
903 4907 1045 4961 haud
1082 4907 1150 4961 iis
1182 4909 1255 4962 sit
1285 4907 1518 4974 dilIicile,
1553 4910 1643 4980 qui
1679 4923 1933 4981 reputent
1955 4928 2018 4968 ac
2044 4917 2227 4970 norint
2257 4916 2579 4970 concludere
2610 4915 2753 4984 quod
2787 4914 2915 4969 utile
2938 4915 3028 4970 sit.

481 5001 736 5070 Prospice
765 4999 947 5053 animo
977 4999 1029 5052 in
1072 4996 1328 5053 'futurum
1362 5009 1594 5071 tempus,
1631 5004 1852 5072 quando
1881 5020 1986 5057 non

409 5096 558 5162 oris;
613 5091 830 5163 quando
881 5091 1115 5159 pauxilla
1200 5099 1345 5146 terra
1400 5104 1778 5162 experrectum
1834 5105 1986 5151 tuum

415 5201 614 5257 corpus
665 5181 820 5240 omni
857 5183 1168 5239 destitutum
1224 5199 1386 5240 sensu
1454 5186 1699 5241 habitura
1758 5201 1871 5254 cst;
1927 5205 1990 5245 ac

413 5295 706 5353 paucorum
737 5276 915 5334 tabula
943 5273 1279 5346 .pa'lmorum.
1334 5287 1456 5332 tuas
1498 5288 1808 5333 contectura
1861 5280 1987 5332 reli-

409 5373 592 5446 quias.
617 5371 721 5428 Ubi
781 5380 908 5426 tunc
948 5381 1104 5438 opes,
1158 5381 1224 5423 ac
1281 5368 1510 5424 colletaa
1565 5370 1820 5425 cimelia?
1857 5371 1990 5437 Quis

483 5529 596 5601 (2⁸5)
639 5525 746 5580 Pro
797 5521 1113 5601 medicorum
1263 5536 1356 5601 ,θοι
1408 5522 1674 5601 instituto,
1723 5523 1832 5601 qui,
1883 5533 1985 5578 etc.

411 5590 540 5655 Levi
578 5590 1018 5666 'transpositione
1068 5590 1276 5645 restitui
1342 5595 1484 5660 quod
1531 5603 1684 5666 textu
1742 5593 1979 5666 luxatum

418 5680 538 5724 erat
587 5662 771 5735 atque
798 5663 1102 5722 confusum,
1142 5677 1274 5735 cum
1319 5671 1475 5735 antea
1531 5662 1818 5735 legeretur,
1871 5665 1984 5726 τοῖς

402 5730 849 5814 διαφορουμένοις
880 5730 1270 5802 καταμερξζειο
1310 5732 1505 5804 quippe
1531 5731 1780 5799 alterum,
1820 5735 1986 5789 medi-

2169 5004 2514 5076 Ὑπέρκυψον
2549 5004 2628 5076 τῷ
2665 5003 2912 5075 λογισμῷ
2951 5007 3030 5068 είς
3059 5004 3148 5058 τὸν
3181 5002 3308 5072 ἑξῆς
3337 5003 3545 5074 χρόνον,
3579 5002 3676 5056 ὅτε

2086 5097 2186 5151 οὐκ
2215 5096 2336 5170 ἔσῃ’
2367 5097 2455 5149 ὅτε
2481 5095 2659 5167 μικρὰ
2698 5098 2770 5166 γῆ
2800 5094 3015 5160 καθέξει
3055 5113 3148 5148 σου
3188 5095 3562 5164 διηπλωμένον
3611 5095 3676 5147 τὸ

2089 5185 2249 5256 σῶμα
2281 5179 2626 5254 ἀναίσθητον
2661 5183 2803 5248 πλάξ
2843 5184 2900 5236 δὲ
2932 5184 3128 5252 ὀλίγων
3173 5182 3462 5252 σπιθαμῶν
3500 5182 3674 5235 καλύ-

2087 5276 2177 5346 ψει
2198 5276 2258 5329 τὸ
2283 5276 2552 5346 λείψανον.
2585 5276 2693 5329 Ποῦ
2719 5276 2840 5328 τότε
2866 5277 2894 5327 ὁ
2926 5275 3154 5339 πλοῦτος
3176 5276 3270 5328 καὶ
3298 5276 3365 5326 τὰ
3387 5274 3677 5344 συναχθέν-

2087 5389 2155 5424 τα
2207 5370 2497 5442 κειμή).ια;
2532 5371 2626 5433 Τίς
2679 5372 2707 5423 ὁ
2749 5369 2856 5422 τῶν
2885 5367 3357 5437 καταλειφθέντων
3405 5366 3678 5435 κλειρονό-

2097 5537 2191 5578 cos
2212 5563 2226 5586 ,
2261 5523 2485 5577 alterum
2543 5522 2763 5591 respicit
2789 5536 3032 5584 avarum,
3062 5521 3151 5590 qui
3184 5521 3411 5591 idipsnm
3443 5539 3676 5592 propor-

2093 5596 2239 5646 tione
2292 5595 2344 5646 iu
2399 5592 2664 5646 frtuneuta
2717 5592 3044 5644 tabesceuria
3095 5604 3332 5658 prtcstet,
3387 5606 3548 5661 atque
3599 5595 3674 5648 illi

2093 5663 2144 5716 itt
2195 5679 2417 5730 corpora
2469 5664 2823 5716 inunodcrato
2868 5663 3051 5715 calore
3100 5663 3558 5728 cootabeSt-entia,
3611 5681 3674 5718 ac

2095 5749 2212 5801 qua:
2248 5743 2356 5788 tota
2393 5734 2442 5786 itt
2479 5735 2703 5788 sudores
2735 5731 3097 5798 resolvantur,
3135 5747 3196 5786 ac
3219 5745 3347 5786 aestu
3384 5735 3670 5790 exhausta.
