3856 6274
210 323 310 377 205

1227 316 1511 376 HOMILIA
1547 315 1634 377 111.
1672 313 2038 377 ADVERSUS
2068 316 2475 377 AVARITIAM.

3351 320 3460 380 206

214 450 337 507 pec;
366 435 444 489 Οὐ
471 432 581 508 γάρ
621 434 840 500 πάντως
883 437 1089 501 ἐκεῖνος
1138 436 1291 492 ἔσται
1326 418 1589 510 διάδοχος,
1622 438 1682 492 ὃν
1717 438 1780 491 σὺ

1889 440 2156 494 bonorum
2202 439 2512 495 relictorum
2545 436 2759 494 narres?
2796 435 2907 493 Nec
2936 438 3081 493 enim
3126 438 3175 493 is
3212 440 3457 505 omnino,

212 527 523 599 προσδοκᾷς.
574 529 675 581 Ἂν
720 528 913 591 παῖδας
964 528 1321 601 καταλείπῃς,
1376 531 1537 601 τυχὸν
1593 529 1780 584 κονδυ-

210 618 564 691 λισθήσονται,
622 622 717 676 καὶ
771 621 1078 693 ὀμότροπός
1122 638 1216 676 σου
1240 608 1596 694 ⁴πλεονέκτης
1650 623 1782 695 θρη-

211 708 423 772 νοῦντας
461 709 663 773 αὐτοὺς
699 710 800 781 τῆς
836 711 1016 774 οἰκίας
1059 712 1159 782 τῆς
1187 713 1462 785 πατρικῆς
1497 712 1779 767 ἀπελάσει.

212 800 319 855 Κᾶν
343 799 514 864 ἅπαις
539 801 632 854 ὲπί
661 818 785 856 τινα
809 801 1115 871 τῶνφίλων
1145 803 1523 877 παραπέμψῃς
1546 804 1637 857 τὸν
1662 803 1785 876 κλῆο

213 908 315 963 ρον,
346 890 421 963 μὴ
457 892 695 964 πρόσεχέ
726 910 821 945 σου
853 894 918 965 τῇ
947 892 1200 965 διαθήκῃ,
1233 894 1309 959 ὡς
1336 896 1580 967 ἀκινήτῳ
1609 896 1780 968 νόμῳ,

212 983 279 1046 ὡς
303 985 591 1056 πράγματι
611 985 990 1057 ἀναπιρῤήτῳ
1016 986 1111 1039 καὶ
1145 986 1372 1058 ἰσχυρῷ.
1407 987 1593 1059 Ὀλίγη
1617 1005 1784 1042 σπου-

211 1074 268 1145 δὴ
296 1077 498 1148 ἄκυρον
528 1079 700 1130 ποιεῖν
724 1076 824 1147 τὴν
854 1076 1091 1148 γραφήν.
1126 1076 1310 1148 Ἣ¹ούχ
1337 1080 1469 1150 ὁρᾷς
1494 1079 1622 1143 τοὺς
1656 1095 1783 1133 συν-

212 1167 337 1237 εχῶς
363 1169 422 1221 ὲν
444 1170 558 1231 τοῖς
584 1167 955 1240 δικαστηρίοις
977 1168 1120 1223 κατά
1149 1169 1257 1223 τῶν
1283 1169 1556 1242 διαθηκῶν
1579 1173 1781 1240 ἀγωνι-

213 1259 481 1330 ζομένους,
509 1260 661 1325 ὅπως
687 1260 856 1325 αὑτὰς
897 1260 1165 1325 ποικίλοις
1207 1263 1567 1333 ἐγχειρήμασι
1608 1281 1785 1334 παρα-

213 1353 509 1425 κρούονται,
545 1356 671 1418 τοὺς
711 1353 820 1408 τῶν
866 1353 1050 1426 νόμων
1093 1353 1342 1425 τεχνίτας
1390 1355 1783 1427 προϊστάμενοι

214 1446 556 1518 συνηγόρους,
590 1446 718 1510 τοὺς
752 1445 960 1510 δεινοὺς
1014 1448 1251 1519 ῥήτορας
1290 1448 1619 1518 ἐπαγόμενοι
1654 1448 1779 1519 βοη-

213 1536 345 1600 θοὺς,
368 1537 825 1609 ψευδομάρτυρας
856 1537 1170 1608 τρέφοντες,
1191 1538 1514 1610 δικαστήρια
1537 1538 1782 1607 διαφθεί-

216 1643 417 1697 ροντες;
460 1627 575 1681 Καὶ
627 1626 714 1680 διά
765 1626 923 1680 τοῦτο
977 1627 1036 1694 ἐξ
1080 1621 1156 1681 ὧν
1198 1626 1331 1700 ὁρᾷς
1359 1627 1486 1694 ζῶν,
1519 1630 1645 1700 περὶ
1676 1629 1783 1681 τῶν

214 1716 502 1785 μελλόντων
532 1716 644 1772 τῶν
690 1716 829 1789 μετὰ
871 1718 930 1772 σὲ
975 1718 1254 1773 παιδεύου.
1292 1721 1353 1772 Εἰ
1388 1720 1597 1773 δίκαιον
1638 1720 1781 1792 ἔχεις

1884 545 2044 601 quem
2100 531 2362 595 destinas,
2430 530 2645 586 futurus
2697 538 2799 585 est.
2831 529 2887 587 Si
2957 529 3113 586 liberi
3135 533 3461 600 superstites

1884 623 2015 685 sint,
2048 636 2224 692 pugno
2273 622 2414 677 forte
2457 636 2521 677 ac
2586 620 2901 678 verberibus
2939 623 3237 689 medentur,
3277 623 3462 693 tuique

1886 713 2081 768 similis
2143 726 2341 767 avarus
2402 712 2648 784 lugentes
2702 722 2927 782 paterna
2994 715 3155 769 domo
3206 714 3457 784 expellet.

1885 804 2037 871 Quod
2076 803 2120 858 si
2152 804 2318 859 orbus
2363 804 2550 860 liberis
2589 804 2654 858 ad
2690 804 2920 875 aliquem
2958 807 3254 862 amicorum
3286 817 3463 861 trans-

1884 895 2067 950 mittas
2093 894 2483 961 htereditatem,
2520 911 2624 951 non
2653 905 2735 952 est
2779 912 2882 953 cur
2915 897 3224 953 testamenti
3266 897 3462 953 tabulis

1887 1001 2211 1058 magnopere
2231 986 2494 1050 confidas,
2529 994 2783 1055 tanquam
2807 996 2971 1042 certae
2997 996 3053 1041 et
3084 987 3317 1043 deﬁnita:
3335 988 3457 1057 legi,

1886 1089 2141 1149 tanquam
2209 1080 2284 1134 rei
2342 1080 2560 1134 minimc
2615 1090 3018 1146 controversa},
3071 1083 3265 1153 cuique
3316 1084 3463 1137 nullo

1885 1173 2047 1228 modo
2074 1173 2368 1228 contradici
2400 1182 2585 1243 queat.
2619 1172 2823 1229 Modica
2850 1190 3013 1244 opera
3045 1176 3371 1247 scripturam
3399 1190 3462 1229 ac

1890 1265 2103 1320 tabulas
2136 1265 2322 1320 irritas
2353 1266 2457 1321 fac.
2500 1264 2687 1321 Nonne
2714 1281 2811 1321 eos
2843 1267 2994 1323 vides
3042 1268 3131 1337 qui
3166 1268 3382 1323 assidue
3406 1268 3458 1321 iu

1888 1354 2005 1410 foro
2042 1370 2205 1424 super
2230 1357 2571 1413 testamentis
2594 1357 2827 1428 litigant,
2880 1374 2988 1429 quo
3019 1359 3185 1415 variis
3210 1375 3271 1415 ea
3303 1360 3457 1413 moli-

1889 1448 2123 1503 tionibus
2154 1462 2216 1502 ac
2249 1448 2455 1503 artibus
2477 1458 2724 1504 evertant
2751 1449 3096 1520 eludantque,
3115 1451 3461 1521 jurisperitos

1885 1548 2145 1607 patronos
2167 1538 2512 1603 adhibentes,
2547 1550 2796 1596 oratores
2840 1541 3232 1597 disertissimos
3259 1540 3461 1595 auxilio

1886 1629 2239 1695 asciscentes,
2277 1629 2443 1685 falsos
2479 1640 2643 1687 testes
2678 1632 2929 1687 mercede
2969 1631 3461 1702 conduceutcs,ju-

1887 1717 2066 1772 dicum
2100 1733 2391 1775 concessus
2421 1719 2859 1789 rorrumpentes?
2903 1719 3263 1787 Quamobrem
3291 1736 3353 1776 ex
3389 1722 3460 1778 iis

209 1809 290 1862 τὸν
312 1808 565 1869 πλοῦτον.
598 1813 678 1875 είς
697 1811 816 1866 δέον
839 1813 1062 1885 χρῆσαι,
1085 1813 1161 1876 ὡς
1187 1814 1217 1865 ὁ
1246 1813 1518 1885 μακάριος
1565 1813 1703 1867 Ἰώ6’
1732 1816 1780 1868 εί

1886 1823 2006 1878 quae
2032 1819 2083 1863 te
2115 1819 2388 1887 spectante
2421 1826 2485 1866 ac
2535 1811 2660 1867 vivo
2695 1814 2848 1879 tiunt,
2882 1813 2950 1868 de
3008 1813 3093 1868 his
3137 1812 3302 1868 facito
3327 1828 3458 1868 con-

210 1900 397 1962 ἄδικον,
430 1900 701 1957 ἀνάλυσον
722 1901 885 1957 αὐτὸν
918 1903 1011 1956 ἐπὶ
1035 1903 1163 1967 τοὺς
1194 1903 1514 1974 βιασθέντας
1534 1904 1778 1974 κυρίους,

210 1991 276 2054 ὡς
298 1994 643 2064 αίχμάλωτον
673 1994 739 2049 ὲκ
765 1994 1024 2066 πολέμουσ
1048 1996 1080 2067 ἦ
1114 1994 1276 2049 αὑτὸν
1299 1995 1359 2049 ὃν
1382 1995 1593 2062 ἔλαϐες,
1623 1994 1656 2067 ἢ
1687 2011 1782 2065 με-

212 2083 271 2137 τὰ
300 2085 639 2157 προσθήκης,
672 2086 748 2149 ὡς
775 2085 805 2137 ὁ
832 2087 1120 2156 Ζακχαῖος.
1158 2087 1221 2140 Ei
1249 2087 1325 2159 μή
1352 2087 1504 2158 ἔχῃς,
1543 2085 1616 2159 μὴ
1649 2088 1781 2158 κτή-

214 2192 270 2247 σῃ
302 2178 503 2240 κακῶς.
547 2179 637 2232 Σοὶ
671 2179 771 2249 μὲν
804 2179 912 2252 γὰρ
946 2180 991 2213 ⁸9
1025 2179 1380 2253 ἀκολουθήσει
1439 2179 1636 2251 πικρὸν
1684 2181 1782 2249 ἐφ-

210 2268 334 2321 όδιον
380 2270 414 2340 ή
472 2270 741 2341 ἁμαρτία,
793 2270 892 2342 τὴν
943 2271 1245 2341 ἀναγκαίαν
1291 2271 1637 2342 πορευομένῳ
1680 2287 1776 2324 πο-

215 2361 371 2430 ρείαν·
404 2365 437 2433 ή
465 2364 527 2417 δὲ
565 2363 861 2429 ἀπόλαυσις
898 2364 1008 2417 τῶν
1033 2363 1361 2434 κτηθέντων,
1394 2358 1479 2425 οἷς
1502 2363 1565 2416 οὐ
1610 2363 1775 2431 γινώα

215 2467 368 2517 σκεις.
398 2453 919 2527 καταλειφθήσεται.
959 2455 1070 2509 Καὶ
1102 2454 1222 2508 τότε
1250 2455 1339 2508 τὸν
1371 2453 1534 2509 Δαὸὶδ
1565 2451 1779 2522 θαυμά-

214 2560 315 2609 σεις
345 2546 602 2615 λέγονταο
645 2547 1013 2616 Θησαυρίζει,
1069 2546 1169 2601 καὶ
1219 2549 1291 2600 οὐ
1336 2546 1612 2616 γινώσκει
1659 2546 1778 2598 τίνι

215 2637 445 2701 συνάξει
498 2638 673 2694 αὐτά.
732 2639 1010 2712 Γνωρίσῃς
1039 2639 1098 2692 δὲ
1140 2638 1235 2692 καὶ
1272 2637 1363 2692 τὸν
1396 2637 1649 2690 πλούσιον
1693 2635 1781 2688 τὸν

216 2729 474 2785 ἀντίθετον
497 2730 596 2784 τοῦ
631 2728 907 2801 Λαζάρου,
943 2729 1034 2783 τὸν
1059 2730 1263 2802 ἀρτίως
1292 2731 1423 2800 ἡμῖν
1456 2728 1523 2781 ὲκ
1545 2726 1653 2779 τῶν
1677 2727 1782 2779 Εὐ-

215 2821 466 2889 σγγελίων
513 2821 954 2891 ἀναγνωσθέντα,
998 2822 1062 2876 οὐ
1108 2821 1275 2893 μῦθον
1311 2820 1668 2890 συγκείμενον
1703 2819 1785 2881 είς

217 2913 563 2986 κατάπληξιν,
617 2912 754 2968 ἀλλά
799 2912 970 2967 τύπον
1009 2912 1210 2986 ἀκριϐῆ
1258 2910 1633 2984 παραδοθέντα
1686 2909 1782 2961 τοῦ

221 3003 507 3071 μέλλοντος.

1871 1900 2161 1969 jecturam,
2186 1918 2304 1974 quae
2335 1913 2457 1972 post
2485 1912 2537 1960 te
2560 1903 2734 1959 futura
2768 1916 2912 1959 sunt.
2935 1904 2994 1960 Si
3023 1913 3148 1961 sunt
3174 1892 3460 1975 opesjuste

1877 2009 1943 2049 ac
1969 1994 2207 2064 legitime
2224 2006 2409 2066 partae,
2436 1995 2573 2051 bene
2589 1997 2688 2059 eis,
2708 1995 2955 2066 exemplo
2967 1998 3107 2053 beati
3129 1996 3253 2064 Job,
3268 2007 3418 2054 utere
3440 2017 3454 2053 :
3527 2010 3539 2022 ‘

1879 2085 1923 2139 si
1946 2085 2089 2143 male
2118 2096 2172 2142 et
2198 2102 2296 2158 per
2319 2088 2475 2143 nefas
2508 2088 2771 2158 quaesitae,
2822 2090 2943 2143 sine
2987 2098 3244 2159 tauquam
3287 2091 3458 2159 capti-

1880 2189 1978 2229 vos
2003 2190 2033 2229 a
2065 2175 2227 2242 bello,
2251 2177 2318 2231 ad
2352 2176 2622 2245 dominos,
2641 2193 2670 2232 a
2695 2176 2891 2244 quibus
2910 2177 3015 2232 illa:
3042 2177 3239 2245 injuria
3263 2176 3459 2232 ablata:

1884 2264 2012 2330 sint,
2049 2264 2259 2331 redire;
2287 2265 2371 2320 vel
2431 2265 2618 2336 quales
2658 2268 2960 2338 accepisti,
3024 2266 3107 2323 vel
3158 2268 3346 2334 etiam,
3379 2269 3455 2323 uti
3523 2278 3529 2287 '

1884 2357 2192 2423 Zaccbreus,
2220 2374 2343 2413 cum
2370 2357 2556 2415 fenore
2573 2375 2638 2415 ac
2662 2359 2925 2416 auctario.
2953 2359 3011 2417 Si
3049 2361 3225 2417 nullas
3263 2362 3454 2424 habes.

1884 2447 1991 2504 noli
2016 2434 2317 2518 per'malas
2340 2456 2488 2505 artes
2539 2452 2844 2520 acquirere.
2884 2453 3099 2523 Alioqui
3153 2454 3320 2516 enim,
3359 2456 3458 2508 att-

1883 2552 2101 2596 euntem
2138 2556 2202 2597 ac
2261 2543 2627 2598 necessarium
2684 2543 3077 2615 ingredientem
3138 2547 3262 2610 iter,
3302 2546 3460 2601 triste

1881 2635 2086 2703 peccati
2119 2634 2371 2689 viaticum
2397 2644 2754 2705 persequetur
2785 2654 2798 2690 :
2833 2634 3100 2708 bonisque
3142 2639 3240 2694 abs
3281 2647 3331 2694 te
3366 2653 3457 2693 re-

1883 2726 2023 2780 lictis
2066 2727 2227 2781 alieni
2253 2727 2530 2797 ignotique
2577 2726 2846 2784 fruentur.
2896 2726 3033 2784 Tum
3066 2730 3322 2784 Davidem
3348 2732 3456 2785 mi-

1884 2818 2072 2871 rabere
2095 2816 2409 2873 dicentem:
2453 2817 2822 2886 Thesuurizat,
2871 2828 2918 2873 et
2955 2820 3163 2890 ignorat
3205 2820 3290 2874 cui
3333 2836 3458 2875 con-

1880 2908 2115 2977 gregabit
2144 2925 2207 2963 ea
2232 2909 2299 2963 ⁸⁸.
2339 2908 2474 2965 Τυιη
2507 2920 2563 2966 et
2616 2910 2837 2967 divitem
2900 2911 3048 2966 illum
3102 2913 3318 2968 noveris
3351 2911 3458 2968 La-

1884 3014 2012 3054 zaro
2061 3002 2368 3070 oppositum
2416 3040 2432 3066 ,
2490 3001 2637 3057 illum
2685 3000 2903 3073 quidem
2961 3005 3121 3060 modo
3183 3005 3339 3061 nobis
3387 3020 3456 3059 ex

219 3093 504 3166 Evangeliis
555 3097 758 3153 lectum
800 3138 815 3162 ,
870 3108 1045 3164 neque
1094 3070 1331 3146 fabulam
1395 3092 1460 3144 ad
1521 3098 1785 3146 terrorem
1826 3092 2202 3160 compositam,
2234 3093 2329 3148 sed
2376 3104 2587 3149 certum
2634 3110 2698 3150 ac
2750 3096 3056 3152 absolutmn
3118 3099 3218 3152 teri
3274 3098 3454 3179 [futuri

219 3192 403 3255 typum.

287 3276 343 3329 Ἠ
372 3276 571 3347 βύσσος
601 3278 804 3351 ἐσάπη,
825 3281 860 3350 ή
893 3277 1143 3347 βασιλεία
1178 3276 1443 3350 μετῆλθεν
1467 3278 1549 3342 εἰς
1569 3277 1777 3348 ἕτερον,

1956 3277 2159 3348 Byssus
2189 3277 2550 3348 computruit;
2608 3293 2835 3349 regnum
2867 3280 2936 3334 ad
2970 3280 3134 3335 alium
3166 3283 3447 3351 transivit;

217 3366 266 3419 αἱ
304 3370 502 3438 τρυφαὶ
555 3368 1004 3442 κατηργήθησαν*
1045 3371 1079 3440 ή
1124 3369 1219 3423 ἀπ’
1260 3369 1484 3423 ἐκείνων
1534 3368 1779 3441 ἁμαρτία

220 3443 657 3532 συνεξεδήμησεν,
689 3461 765 3525 ὡς
794 3460 925 3515 σκιά
950 3460 1344 3532 παραμένουσα
1377 3459 1645 3531 βαδίζοντι
1674 3459 1781 3513 σὼ-

222 3564 354 3615 ματι.
381 3550 491 3603 Καὶ
524 3549 617 3603 διά
638 3550 798 3603 τοῦτο
839 3548 978 3622 μετά
1002 3550 1102 3622 τὴν
1131 3550 1475 3605 πολυτέλειαν
1501 3550 1610 3605 τῶν
1645 3568 1781 3622 συμ-

221 3642 420 3703 motum,
451 3645 550 3697 καὶ
579 3643 678 3715 τὴν
695 3626 1032 3715 ἁϐροδίαιτον
1062 3644 1360 3716 τράπεζαν,
1396 3643 1588 3707 ὓδατος
1626 3642 1778 3715 ῥανί-

219 3730 276 3786 δα
307 3734 452 3806 ζητεῖ
489 3735 757 3791 δακτύλου
803 3734 1006 3808 λεπροῦ
1038 3735 1473 3801 ἀποστάζουσανο
1501 3739 1595 3791 καὶ
1624 3737 1781 3792 καλεῖ

220 3823 297 3879 τὸν
319 3827 527 3899 πτωχὸν
572 3829 673 3900 τῆς
706 3827 977 3902 τιμωρίας
1015 3828 1376 3901 θεραπευτὴν,
1402 3819 1493 3883 τὸν
1517 3829 1638 3910 οὐδε
1668 3834 1779 3901 χεῖ-

224 3931 307 3986 ρας
329 3916 520 3989 ἔχοντα
537 3921 701 3991 τάχα.
733 3919 896 3992 ἡνίκα
918 3919 997 3990 τῷ
1024 3921 1229 3975 πυλῶνι
1258 3921 1707 3993 προσερρίπτετσ
1740 3917 1777 3992 ἦ

222 4006 314 4079 γὰρ
335 4010 400 4063 ἂν
423 4010 555 4075 τοὺς
580 4009 750 4075 κύνας
772 4010 1136 4084 ἀησόὸησεν,
1163 4012 1291 4077 τοὺς
1341 4012 1778 4084 ὲπιλειχομένους

221 4097 278 4151 τὰ
302 4100 607 4173 τραύματα.
644 4103 933 4176 Ἐπιθυμεῖ
957 4106 1015 4159 δὲ
1052 4104 1318 4177 συμμίξαι
1346 4104 1425 4176 τῷ
1447 4106 1683 4176 Λαζάρῳ
1714 4106 1779 4159 ἐκ

222 4185 302 4240 τοῦ
332 4191 662 4263 κατάντικρυ
697 4192 1032 4265 βλεπομένῳ,
1071 4195 1166 4247 καὶ
1201 4194 1351 4265 μέσῳ
1379 4192 1673 4265 διείργεται
1700 4194 1780 4265 τῷ

223 4276 488 4351 ὀρύγματι,
554 4282 589 4355 ἢ
644 4284 722 4354 τῷ
763 4285 1024 4356 χάσματι·
1088 4286 1147 4338 οὐ
1194 4284 1386 4356 βόθρου
1440 4286 1583 4349 τινὸς
1626 4286 1779 4351 δντος

224 4366 544 4444 ὦρνγμὲνου,
575 4376 696 4430 οὐδὲ
748 4377 954 4449 τάφρου
992 4377 1388 4449 πεποιημένης,
1421 4379 1497 4442 ὼς
1540 4379 1633 4432 ἐπὶ
1672 4379 1781 4433 τῶν

229 4466 582 4531 στρατοπέδων
606 4452 754 4520 ἔστιν
785 4468 914 4521 ἰδεῖν
940 4467 1003 4521 τὸ
1029 4467 1124 4522 τοῦ
1158 4468 1396 4538 πολέμου
1435 4469 1776 4540 μεταίχμιον

226 4549 343 4606 ἀλλά
381 4556 440 4609 τὸ
481 4556 735 4629 κώλυμα,
770 4555 945 4631 οἶμαι,
987 4560 1097 4613 τῶν
1122 4560 1535 4632 ἁμαρτημάτων
1572 4563 1599 4613 ὁ
1624 4561 1780 4630 λόγος

1882 3369 2101 3439 delicia:
2120 3384 2184 3425 ac
2212 3369 2512 3440 voluptates
2543 3380 2916 3426 evanuerunt:
2959 3382 3242 3442 peccatum
3270 3383 3456 3430 autem

1883 3460 1950 3515 ab
1983 3459 2089 3514 illis
2127 3459 2436 3530 profectum
2476 3469 2680 3524 manet,
2723 3461 3123 3532 abeuntemque
3147 3464 3346 3534 oppido
3367 3480 3455 3522 se-

1883 3550 2090 3621 quitur,
2120 3549 2262 3605 haud
2314 3563 2472 3605 secus
2504 3564 2570 3606 ac
2627 3551 2817 3605 umbra
2858 3565 3097 3620 corpus:
3129 3567 3305 3623 eoque
3320 3564 3458 3625 post

1878 3641 2250 3697 conviviorum
2283 3640 2762 3712 magniﬁcentiam,
2811 3651 2933 3712 post
2961 3643 3139 3699 lautas
3174 3646 3455 3715 opiparas-

1880 3748 1985 3802 que
2013 3748 2250 3801 mensas,
2287 3748 2442 3804 aquae
2503 3743 2709 3806 guttam
2740 3735 2937 3803 leprosi
2969 3734 3139 3806 digito
3179 3737 3457 3793 distillan-

1879 3833 1986 3879 tem
2016 3824 2265 3894 requirit,
2293 3839 2359 3880 ac
2386 3827 2692 3882 mendicum
2727 3827 2793 3881 ad
2828 3839 3043 3896 poenam
3104 3828 3453 3898 mitigandam

1881 3915 2158 3987 implorat,
2191 3916 2283 3987 qui
2312 3925 2369 3972 et
2413 3915 2556 3973 forte
2594 3916 2844 3972 manilms
2896 3918 3140 3974 defectus
3170 3918 3291 3983 fuit,
3328 3935 3453 3977 cum

1880 4007 1947 4062 ad
1974 4009 2199 4078 januam
2250 4009 2525 4080 proiectus
2570 4009 2811 4080 iaceret;
2873 4011 3074 4080 alioqui
3113 4014 3257 4068 enim
3290 4029 3458 4071 canes

1882 4096 2146 4168 lingentes
2170 4098 2355 4153 ulcera
2414 4099 2703 4170 abegisset.
2755 4098 3042 4157 Desiderat
3099 4114 3279 4159 autem
3319 4121 3455 4161 con-

1877 4186 2029 4258 jungi
2067 4187 2293 4251 Lazaro,
2323 4204 2483 4258 quem
2515 4205 2582 4244 ex
2613 4191 2844 4246 adverso
2899 4192 3064 4258 videt,
3099 4193 3239 4249 fossa
3280 4197 3456 4252 media

1880 4280 1963 4336 vel
1989 4279 2138 4334 hiatu
2162 4280 2425 4336 divulsus.
2470 4282 2588 4348 Quo
2620 4283 2838 4351 quidem
2878 4283 3126 4352 designat
3152 4284 3455 4356 Scriptura,

1884 4385 1989 4425 non
2022 4371 2242 4439 vallum,
2273 4381 2368 4426 aut
2420 4385 2731 4442 aggerem,‘
2755 4373 2969 4443 qualem
3028 4374 3082 4428 in
3111 4380 3311 4433 castris
3334 4378 3457 4434 duci

1881 4462 2066 4518 videas
2092 4462 2159 4517 ad
2187 4464 2479 4518 arcendum
2510 4464 2738 4528 hostem,
2772 4464 2893 4528 sed,
2926 4475 3077 4535 puto,
3110 4479 3456 4538 peccatorum

1881 4556 2089 4610 obicem
2120 4563 2175 4610 et
2219 4555 2603 4626 sepimentum,
2635 4557 2778 4625 quod
2824 4557 3083 4634 damnato
3109 4576 3172 4616 ac
3204 4564 3455 4632 reprobo,

228 4635 551 4707 ἐνδείκνυται,
610 4646 641 4699 ὃ
691 4646 768 4718 τῷ
810 4629 1254 4720 κατεγνωσμέναι
1410 4651 1545 4722 πρὸς
1580 4651 1672 4706 τὸν
1701 4652 1780 4705 δί-

1885 4644 2035 4699 velut
2064 4644 2203 4699 muri
2234 4644 2473 4714 objectu.
2506 4643 2712 4699 aditum
2741 4629 3141 4718 transitumque
3161 4651 3227 4704 ad
3247 4629 3459 4718 justum

230 4744 362 4786 καιον
389 4739 625 4811 παρόδου
664 4741 1028 4813 ἀπετείχισεν.
1074 4742 1185 4796 Καί
1218 4760 1319 4813 μου
1360 4743 1461 4814 τὴν
1486 4746 1783 4816 ἑρμηνείαν

237 4822 438 4893 Ἠσαίας
500 4834 530 4887 6
586 4823 873 4905 προφήτης
930 4835 1408 4908 ὲπισφραγίζεται,
1468 4837 1606 4908 πρὸς
1654 4837 1783 4892 λαὸν

231 4912 415 4985 ἄφρονα
466 4919 680 4991 βαρέως
709 4922 1145 4994 ἀποτεινόμενος,
1179 4927 1275 4995 καὶ
1316 4926 1510 4996 λέγων·
1543 4925 1640 4995 Μὴ
1673 4928 1786 4979 οὐκ

234 5004 288 5055 Ῑσ
288 5008 404 5073 κύει
424 5012 555 5081 χεὶρ
594 5014 817 5082 Κυρίου
839 5014 1172 5081 oracivm;
1201 5018 1239 5087 ἢ
1267 5019 1561 5088 ἐϐάρυνεν
1584 5020 1651 5073 τὸ
1676 5013 1787 5084 οὖς

232 5096 393 5152 αὐτοῦ
420 5103 527 5157 τοῦ
558 5102 646 5173 μὴ
673 5104 970 5172 ἀκοῦσαι;
1007 5107 1170 5163 Ἀλλ’
1200 5112 1262 5163 αἱ
1292 5111 1569 5179 ἁμαρτίαι
1613 5109 1780 5179 ὑμῶν

233 5181 513 5247 διιστῶσιν
561 5195 682 5250 ἀνὰ
723 5196 921 5266 μέσον
940 5198 1107 5267 ὐμῶν
1146 5201 1244 5255 καὶ
1288 5202 1405 5256 ἀνὰ
1439 5207 1637 5271 μέσον
1674 5202 1781 5256 τοῦ

236 5274 382 5335 θεοῦ.
410 5283 470 5337 El
497 5284 554 5338 δὲ
577 5287 955 5359 ἁμαρτήματα
992 5288 1313 5361 ἀνθρώπους
1356 5293 1611 5364 χωρίζειν
1638 5288 1781 5345 οἶδεν

234 5364 369 5438 Θεοῦ,
393 5378 542 5432 οὐδὲν
581 5380 648 5434 ἀν
676 5380 986 5448 πλεονεξίας
1009 5382 1458 5456 ἀμαρτωλότερον
1486 5386 1717 5453 γένοιτο,
1746 5387 1780 5456 ἢ

237 5460 315 5512 καὶ
342 5467 593 5541 παρὰτῆς
622 5469 888 5540 ἀψευδοῦς
913 5474 1096 5543 φωνῆς
1132 5472 1372 5537 Παύλου,
1401 5475 1497 5530 τοῦ
1525 5475 1623 5545 τῆς
1651 5475 1785 5544 ἀλη-

238 5546 365 5617 θείας
406 5560 662 5630 κήρυκος,
696 5560 1112 5632 εἰδωλολατρεία
1162 5563 1649 5636 προσαγορεύεται,
1687 5564 1781 5616 καὶ

238 5645 424 5700 πὶντων
452 5653 555 5704 τῶν
582 5653 770 5707 κακῶν
792 5652 920 5723 ῥίζα
950 5655 1043 5707 καὶ
1076 5655 1283 5727 μήτηρ-

1883 4735 2207 4791 iuterclusit.
2224 4734 2363 4790 lluic
2388 4749 2520 4789 vero
2543 4735 2895 4805 cxplicationi
2951 4737 3242 4796 subscribit
3269 4741 3458 4807 Isaias,

1884 4843 2006 4882 cum
2030 4827 2267 4899 graviter
2318 4827 2663 4898 insipientem
2705 4829 2958 4899 populum
3010 4831 3455 4901 increpans,'ait:

1888 4920 2146 4991 Nunquid
2169 4937 2271 4976 non
2301 4920 2433 4975 valet
2474 4939 2661 4975 manus
2692 4921 2903 4978 Domini
2941 4924 3112 4979 salvos
3140 4929 3360 4995 facere?
3383 4931 3460 4983 vel

1884 5011 2116 5082 gravavit
2140 5026 2321 5064 aurem
2353 5026 2508 5064 suam
2543 5022 2595 5063 ut
2632 5028 2737 5066 non
2762 5012 2991 5067 audiat?
3029 5012 3217 5069 Verum
3242 5026 3459 5086 peccata

1883 5112 2055 5156 vestra
2083 5101 2325 5155 dividunt
2353 5103 2495 5155 inter
2532 5118 2619 5155 vos
2654 5114 2702 5156 et
2732 5101 2899 5157 Deum
2923 5104 2991 5157 ¹¹.
3014 5104 3168 5171 Quod
3193 5109 3236 5162 si
3262 5123 3458 5175 pecca-

1884 5204 2060 5249 torum
2100 5194 2377 5263 proprium
2422 5200 2528 5259 est,
2574 5203 2682 5248 uta
2732 5193 2843 5250 Deo
2891 5196 3137 5253 homines
3185 5211 3458 5270 separent,

1887 5286 2028 5342 haud
2081 5296 2228 5340 certe
2277 5284 2444 5341 ullum
2497 5286 2725 5342 avaritia
2779 5288 3097 5345 sceleratius
3151 5300 3459 5360 peccatum,

1886 5392 2046 5447 quam
2101 5386 2158 5433 et
2205 5393 2330 5433 vera
2378 5393 2511 5434 voce
2561 5380 2809 5435 veritatis
2867 5380 2956 5436 ille
3011 5396 3208 5450 praeco,
3240 5382 3456 5449 Paulus,

1889 5469 2247 5527 idololatriam
2275 5470 2530 5541 appellat,
2553 5470 2905 5541 omniumque
2927 5472 3188 5528 malorum
3221 5475 3459 5533 radicem

1890 5575 1955 5618 ac
1997 5571 2223 5618 matrem
2258 5562 2325 5614 ε’.

301 5759 435 5820 "is,
493 5769 540 5820 εξ
606 5769 680 5840 μὴ
721 5769 850 5841 γάρ.
926 5768 972 5800 ⁸ο
1001 5767 1142 5824 Ροθὶ.
1196 5781 1428 5831 xxxvut,
1476 5767 1527 5824 7.
1608 5769 1647 5799 ⁸¹
1684 5768 1780 5822 IS“.

1884 5765 2015 5835 ς,1,
2042 5764 2098 5819 Ξ.
2177 5763 2223 5797 ε’
2248 5762 2446 5835 Ephes.
2482 5776 2535 5830 ν,
2568 5762 2630 5829 5;
2658 5758 2833 5817 lTim.
2864 5775 2937 5827 vt,
2976 5761 3060 5818 l0.
