3824 6270
299 291 400 345 20⁸1
1579 283 1639 338 S.
1680 281 1955 339 ASTERII
1999 281 2296 338 AMASENI
3455 282 3561 340 203

370 406 508 474 Quid
549 407 692 461 enim
723 419 820 462 eos
846 405 937 475 qui
979 405 1195 460 Christo
1240 407 1511 474 quondam
1554 426 1748 466 nomen
1782 411 1876 462 de-

2054 401 2224 454 Πόθεν
2254 401 2361 473 γὰρ
2386 401 2561 472 οἱπῆς
2588 400 2803 473 μερίδος
2832 390 2986 463 ὄντες
3014 399 3144 454 ποτὲ
3171 398 3276 454 τῶν
3302 401 3563 471 Χριστια-

302 504 513 565 derant,
540 514 604 554 ac
656 506 1125 554 sacramentorum
1190 497 1403 552 fuerant
1452 500 1764 571 participes.
1814 505 1876 559 ad

1985 495 2110 559 νῶν,
2151 495 2243 549 καὶ
2289 495 2534 549 κοινωνοὶ
2588 494 2695 547 τῶν
2753 494 3090 566 μυστηρίων,
3142 492 3275 566 πρὸς
3327 493 3422 564 τὴν
3453 492 3563 546 τῶν

303 594 508 647 cultum
538 591 848 646 daemonum
883 590 1186 659 pertraxit?
1211 587 1401 645 Nonne
1424 591 1575 660 plura
1601 593 1876 661 possiden-

1985 585 2252 657 δαιμόνων
2276 584 2531 657 λατρείαν
2553 583 2914 655 εἱλκύσθησαν
2942 601 2956 649 ς
2984 584 3084 636 οὐκ
3120 582 3282 654 ἔρωτι
3309 583 3404 635 τοῦ
3434 583 3564 636 πολ-

305 685 359 738 di
389 683 676 753 cupiditas,
726 696 791 737 ac
825 679 1030 737 alienas
1078 681 1325 737 fortunas
1350 686 1649 753 occupandi
1669 685 1691 738 ἲ
1712 685 1876 741 Nimi-

1985 677 2051 731 λὰ
2082 676 2408 750 κτήσασθαι,
2450 678 2554 731 καῖ
2583 676 2764 749 κύριοι
2802 674 3057 744 γενέσθαι
3100 675 3207 728 τῶν
3236 675 3564 747 ἀλλοτρίων;

311 788 431 828 rum
460 787 555 844 spe
591 773 1005 841 magistratuum
1034 786 1100 827 ac
1119 772 1584 843 praefecturarum,
1617 777 1876 847 regiaeque

1985 770 2253 834 Λαϐόντες
2283 770 2339 823 δὲ
2374 770 2694 841 ὑποσχέσεις
2719 769 2867 841 παρά
2890 768 2997 822 τῶν
3019 768 3193 822 ἀθέων
3215 768 3308 821 καὶ
3329 768 3564 831 ἀσεϐῶν,

306 865 695 923 muniﬁcentiae
749 880 815 922 ac
863 866 1167 935 largitionis
1222 867 1291 921 ab
1356 867 1536 937 impiis
1571 867 1731 934 facta,
1787 868 1876 925 Dei

1985 867 2017 938 ἢ
2046 866 2191 938 ζωῆς
2220 866 2567 938 ἀρχοντικῆς,
2611 866 2645 938 ἢ
2675 866 2998 937 περιουσίας
3042 866 3142 936 τῆς
3173 867 3237 919 ὲκ
3268 850 3567 934 βασιλικῶν

305 959 510 1015 cultum
542 958 969 1029 religionemque
997 957 1151 1027 quasi
1202 966 1404 1013 vestem
1448 960 1730 1028 repentino
1767 975 1876 1015 niu-

1985 960 2271 1031 ταμιείων,
2300 959 2489 1031 ὥσπερ
2517 959 2731 1031 ἱμάτιον
2757 960 2965 1030 ταχέως
2990 958 3088 1030 τὴν
3120 958 3414 1029 θρησκείαν
3444 974 3569 1028 μετ·

306 1059 512 1105 tarunt.
531 1048 598 1105 Et
627 1048 743 1104 haec
771 1047 993 1119 quidem
1029 1047 1363 1102 anteriorum
1393 1048 1641 1119 exempla
1675 1058 1876 1120 tempo-

1985 1052 2343 1125 ημφιέσαντο.
2387 1053 2497 1106 Καὶ
2524 1053 2594 1106 τὰ
2629 1051 2726 1123 μὲν
2763 1050 2872 1105 τῶν
2908 1052 3169 1122 ἀνωτέρω
3209 1050 3434 1122 χρόνων,
3464 1049 3569 1119 τῆς

307 1158 452 1207 rum,
485 1143 655 1197 nostri
682 1139 844 1211 hujus
870 1138 1055 1196 smculi
1110 1141 1371 1196 memoria
1421 1141 1735 1211 auditioque
1768 1158 1876 1199 ser-

1985 1144 2259 1215 ήμετέρας
2281 1143 2427 1214 ζωῆς
2454 1145 2645 1217 μνήμη
2670 1142 2765 1197 καὶ
2789 1144 2927 1215 ἀκοὴ
2952 1141 3246 1197 διεσώσατο
3275 1141 3369 1195 καὶ
3394 1139 3567 1194 ἐδίδα-

306 1235 454 1291 vavit
477 1249 542 1289 ac
573 1234 791 1300 docuit;
842 1243 972 1289 sunt
1021 1242 1200 1289 autem
1232 1234 1395 1290 etiam
1431 1237 1664 1290 recentia
1695 1250 1759 1290 ac
1787 1250 1876 1292 no-

1985 1235 2095 1302 ξεν.
2127 1235 2317 1290 Ἔστιν
2346 1236 2404 1290 δὲ
2433 1236 2470 1291 ἃ
2494 1238 2636 1291 καὶὸ
2665 1235 2784 1290 καθ’
2811 1237 2959 1307 ἡμᾶς
2989 1235 3101 1307 βίος
3127 1237 3194 1306 τῇ
3225 1234 3392 1306 πείρᾳ
3419 1250 3569 1306 παρ-

306 1336 436 1381 ειτω
457 1324 653 1381 aetatis.
678 1323 815 1380 Cum
848 1326 993 1380 enim
1028 1325 1301 1396 Augustus
1324 1325 1434 1391 ille,
1476 1338 1699 1397 repente
1719 1328 1876 1398 depo-

1985 1328 2204 1385 έδωκεν.
2240 1331 2369 1385 Ὅτε
2406 1329 2516 1401 γὰρ
2562 1332 2590 1384 ό
2642 1328 2894 1400 βασιλεὺς
2942 1331 3168 1392 ἐκεῖνος,
3221 1330 3250 1381 ὁ
3289 1327 3351 1381 τὸ
3398 1340 3607 1400 προσ-ν

307 1417 434 1479 sita,
473 1429 635 1485 quam
660 1414 750 1470 diu
775 1408 1309 1484 persimulationem
1356 1424 1685 1483 gestaverat,
1722 1414 1876 1471 Citri-

1985 1427 2182 1479 ωπεῖον
2228 1424 2323 1478 τοῦ
2367 1425 2697 1497 Χριστιανοῦ
2732 1424 2929 1496 ἀθρόον
2955 1421 3313 1494 ἀποθέμενος,
3349 1421 3569 1492 γυμνῶ-

306 1509 468 1564 stiani
520 1521 799 1574 persona,
871 1514 1091 1576 totaque
1140 1508 1364 1561 reducto
1423 1506 1627 1576 sipario
1682 1507 1876 1563 nudata

1987 1536 2085 1582 σας
2119 1518 2179 1573 δὲ
2210 1516 2272 1571 τὸ
2299 1517 2482 1590 δρᾶμα
2516 1516 2576 1570 τὸ
2608 1516 2874 1588 κωμικὸν,
2910 1515 2940 1568 δ
2973 1516 3030 1567 ὲν
3066 1514 3245 1585 πολλῷ
3278 1513 3357 1585 τῷ
3387 1513 3570 1585 χρόνῳ

306 1609 642 1664 scena,'tum
664 1600 779 1671 ipse
812 1599 1095 1655 daemoniis
1135 1598 1476 1668 impudenter
1531 1599 1876 1666 sacriﬁcavit,

1985 1608 2445 1681 καθυπεκρίνατο,
2471 1608 2631 1672 αὑτός
2657 1624 2717 1661 τε
2750 1606 2980 1670 ἀναιδῶς
2999 1605 3155 1659 ἔθυεν
3177 1605 3446 1677 δαίμοσιν,
3470 1604 3569 1658 καὶ

308 1704 424 1750 tum
461 1686 600 1750 alios
630 1693 799 1748 variis
851 1691 1146 1762 propositis
1182 1693 1414 1760 praemiis
1443 1692 1509 1746 ad
1538 1694 1718 1751 secius
1741 1693 1876 1749 idem

1985 1704 2099 1767 τοῖς
2122 1701 2282 1756 τοῦτο
2309 1700 2652 1772 βουλομένοις
2678 1703 2850 1756 ποιεῖν
2876 1700 3046 1755 πολλᾶ
3071 1696 3336 1772 προετέθη
3372 1699 3442 1753 τὰ
3471 1698 3570 1768 γέ-

305 1788 605 1844 invitavit:
645 1795 885 1858 quantus
939 1786 1007 1841 ab
1050 1784 1297 1841 Ecclesia
1357 1785 1424 1839 ad
1481 1785 1670 1840 altaria
1711 1786 1876 1843 factus

1996 1814 2086 1869 ρα,
2114 1798 2272 1850 πόσοι
2294 1794 2394 1867 τὴν
2425 1794 2750 1866 Ἐκκλησίαν
2781 1795 3033 1865 ἀφέντες,
3069 1795 3161 1848 ἐπὶ
3187 1793 3315 1857 τοὺς
3352 1792 3569 1864 βωμοὺς

304 1894 392 1940 est
417 1881 753 1939 concursus?
789 1880 964 1948 Quam
995 1881 1149 1936 multi
1183 1895 1281 1952 per
1310 1882 1578 1937 honorum
1614 1898 1796 1938 escam
1831 1894 1876 1938 cl

1990 1887 2265 1959 ἐδραμον;
2296 1886 2451 1941 πόσοι
2480 1885 2559 1951 δὲ,
2593 1885 2655 1938 τὸ
2681 1884 2791 1938 τῶν
2819 1884 3143 1955 ἀξιωμάτων
3175 1884 3368 1955 δέλεαρ
3394 1883 3568 1937 εἰσδε-

306 1973 620 2038 illecehras,
647 1987 755 2028 una
809 1986 933 2027 cum
966 1985 1031 2027 ea
1059 1974 1512 2043 transgressionis
1553 1975 1773 2030 hamum
1795 1975 1876 2030 de-

1990 1977 2237 2047 ξάμενοι,
2271 1977 2388 2047 μετ’
2422 1976 2629 2029 ἐκείνου
2669 1975 2928 2029 κατέπιον
2966 1974 3029 2027 τὸ
3064 1974 3162 2044 τῆς
3202 1973 3571 2046 παραϐάσεως

306 2067 612 2125 vorarunt?
657 2065 758 2133 Qui
824 2081 970 2121 nunc
1025 2066 1245 2135 quidem
1301 2066 1591 2136 stigmatici
1640 2068 1876 2124 civitates

1988 2069 2316 2141 ἄγκιστρον;
2339 2067 2663 2139 Στιγματίαι
2684 2067 2739 2121 δὲ
2761 2065 3135 2137 περινοστοῦσι
3165 2066 3307 2120 κατά
3338 2066 3439 2129 τὰς
3471 2065 3568 2118 πό-

306 2160 584 2222 oherrant,
618 2159 870 2216 omnibus
889 2159 1015 2216 odio
1050 2174 1116 2214 ac
1139 2159 1396 2225 ludibrio,
1437 2160 1606 2217 habiti
1632 2170 1876 2231 tanquam

1986 2161 2119 2226 λεις,
2166 2160 2501 2233 μισούμενοι·
2542 2157 3144 2229 δακτυλοδεικτούμενοι
3182 2155 3439 2228 προδόται
3472 2155 3568 2211 καὶ

304 2251 510 2307 Christi
535 2251 752 2306 Domini
800 2258 1021 2323 propter
1063 2250 1361 2320 pauxillum
1405 2253 1616 2321 argenti
1648 2254 1876 2323 prodito-

1988 2248 2132 2308 οὗτοι
2169 2251 2266 2306 τοῦ
2293 2250 2532 2324 Χριστοῦ
2573 2251 2638 2304 δι’
2660 2250 2840 2319 ὀλίγον
2860 2248 3142 2322 ἀργύριονο
3179 2248 3445 2320 ὲξόριστοι
3473 2247 3571 2303 τοῦ

306 2358 433 2410 res;
456 2341 711 2413 expuncti
735 2340 1175 2399 Christianorum
1199 2342 1341 2404 albo,
1379 2343 1522 2397 sicut
1543 2340 1730 2410 Iudas,
1760 2343 1876 2413 ενοι

1989 2344 2293 2415 καταλόγου
2316 2345 2425 2399 τῶν
2452 2342 2815 2417 Χριστιανῶν,
2838 2343 2914 2407 ὡς
2944 2342 3145 2406 Ἰούδας
3197 2342 3308 2397 τῶν
3336 2342 3560 2396 ἀποστό-

305 2435 604 2501 stoiorum;
637 2449 669 2489 a
704 2433 1125 2503 lransgressoris
1148 2434 1508 2505 appellatione
1531 2436 1666 2502 noti,
1697 2437 1832 2491 sicut
1854 2452 1876 2490 α

1987 2437 2117 2493 λωνο
2146 2438 2255 2493 ἀπὸ
2281 2438 2382 2508 τῆς
2413 2436 2782 2509 προσηγορίας
2822 2435 2919 2489 τοῦ
2946 2435 3267 2507 παραϐἀτου
3305 2434 3571 2506 γνωριζό-

305 2527 478 2597 signis
511 2528 672 2596 equi:
705 2527 797 2597 qui
831 2542 893 2581 se
926 2537 1134 2580 tantum
1188 2527 1330 2581 trahi
1359 2526 1504 2597 passi
1547 2528 1614 2582 ad
1643 2529 1876 2583 omnium

1990 2546 2162 2600 μενοι,
2195 2528 2273 2593 ὡς
2295 2528 2404 2583 ἀπὸ
2431 2527 2539 2582 τῶν
2561 2528 2887 2599 σημάντρων
2923 2528 2972 2581 οἱ
3007 2528 3181 2581 ἵπποι·
3217 2528 3571 2592 έλκυσθέντες

304 2629 647 2690 peccatorum
671 2619 1018 2673 deterrimam
1051 2619 1483 2687 proincalionem
1504 2618 1638 2691 (24),
1664 2619 1876 2690 impurae

1993 2620 2153 2693 μόνον
2192 2621 2272 2684 είς
2308 2614 2406 2692 τὴν
2434 2619 2825 2691 χαλεπωτάτην
2862 2618 3113 2691 παταγὴν
3157 2620 3349 2674 πασῶν
3387 2621 3575 2692 ἁμαρ-

306 2726 430 2767 mox
490 2725 556 2767 ac
618 2712 975 2767 exsecrabilis
1030 2712 1325 2782 impietatis
1380 2713 1656 2767 «ιοιοιοτειιι
1711 2712 1876 2767 secuti

1987 2711 2139 2777 τιῶν,
2166 2712 2260 2765 καὶ
2288 2710 2451 2774 εὐθὺς
2479 2710 2944 2785 ἀκολουθήσαντες
2980 2711 3059 2784 τῷ
3086 2712 3186 2782 τῆς
3213 2711 3440 2785 βεϐήλου
3472 2713 3574 2768 καὶ

304 2812 453 2859 sunt.

375 2894 453 2950 lla
486 2894 741 2981 nimirum
769 2893 1019 2960 avaritia,
1067 2895 1222 2963 juxta
1257 2893 1612 2963 Apostolum,
1664 2895 1888 2950 idolola-

305 2987 410 3042 tria
437 2978 654 3056 qnoqne
705 2978 958 3052 edicitur,
1016 3001 1081 3041 ac
1133 2989 1377 3041 omnium
1406 2987 1563 3043 radix
1593 2987 1879 3051 malorum,

1991 2804 2194 2874 μιαρᾶς
2217 2802 2531 2868 δυσσεϐείας
2560 2804 2925 2876 μυσταγωγῷ.

2059 2896 2217 2950 υῦτω
2240 2897 2419 2951 τοίνυν
2441 2896 2582 2951 κατὰ
2609 2897 2701 2951 τὸν
2724 2897 3045 2953 ’Λπόστολον
3078 2899 3106 2969 ἡ
3140 2897 3422 2965 πλεονεξία
3471 2902 3572 2954 καὶ

1989 2989 2404 3062 είδωλολατρεία
2437 2989 2666 3059 γίνεται,
2709 2990 2803 3043 καὶ
2840 2990 2965 3063 ῥίζα
2994 2993 3213 3046 πάντων
3243 2992 3351 3046 τῶν
3379 2994 3571 3047 κακῶν

304 3078 592 3134 innumera
640 3091 706 3133 ex
741 3092 862 3135 sese
899 3077 1028 3131 vitia
1074 3080 1419 3149 progignens.
1474 3081 1628 3136 Sicut
1680 3082 1822 3136 enim
1850 3081 1876 3135 ii

1988 3083 2155 3145 ἐστιν,
2187 3083 2279 3152 ἀφ’
2314 3082 2510 3153 ἑαυτῆς
2550 3080 2865 3153 ἀμυθήτους
2920 3084 3168 3151 γεννῶσα
3209 3086 3426 3150 κακίας.
3478 3087 3569 3150 Ὠς
3642 3086 3647 3091 ’

303 3171 397 3241 qui
425 3184 617 3225 aurum
646 3168 699 3224 in
735 3169 858 3224 sinu
893 3170 1301 3241 visceribusque
1339 3182 1496 3227 terra:
1547 3183 1882 3237 scrutantur,

305 3276 526 3318 auream
556 3271 757 3316 terram
798 3261 943 3316 circa
984 3262 1284 3331 principem
1310 3277 1375 3318 ae
1424 3266 1700 3334 proprium
1723 3280 1888 3336 gene-

302 3354 531 3409 rationis
574 3353 752 3408 locum
791 3352 1105 3409 cumulatim
1157 3354 1449 3424 repositam
1493 3355 1722 3411 inveniri
1761 3371 1888 3411 nar-

307 3456 451 3512 rant,
491 3457 547 3503 et
606 3446 819 3517 aliquas
880 3447 1005 3502 inde
1057 3447 1201 3502 velut
1229 3462 1393 3503 venas
1435 3450 1488 3504 in
1516 3449 1728 3522 longum
1762 3451 1887 3507 hinc

306 3538 432 3594 inde
453 3537 789 3609 productae
816 3538 970 3593 varie
1005 3539 1204 3605 secari,
1236 3541 1379 3596 sicut
1432 3544 1685 3598 arborum
1735 3558 1767 3599 a
1795 3545 1889 3599 sti-

301 3632 419 3701 pite
475 3631 583 3687 late
635 3644 759 3686 sese
787 3631 1066 3700 explicant
1094 3645 1159 3687 ac
1186 3630 1491 3687 diti'undunt
1527 3634 1737 3689 radices
1769 3650 1784 3688 :
1815 3635 1883 3689 ad

302 3723 553 3778 eumdem
582 3722 823 3787 modum,
863 3723 1030 3776 tnnlta
1069 3722 1155 3777 hic
1185 3724 1340 3779 video
1365 3725 1612 3795 germina
1650 3726 1884 3782 multos-

295 3828 412 3886 que
447 3813 716 3879 surculos,
744 3828 850 3868 una
903 3815 1203 3886 eademque
1249 3818 1432 3872 radice
1483 3819 1728 3875 avaritiae
1751 3834 1885 3875 con—

297 3909 519 3979 iunctos
568 3927 584 3976 ;
634 3922 699 3964 ac
744 3920 877 3964 sane
944 3906 1089 3963 haud
1138 3908 1525 3965 inconveniens
1565 3907 1697 3982 (τε),
1740 3910 1884 3981 quod

302 4013 488 4055 sermo
534 3999 797 4056 adversus
847 3998 1136 4055 avaritiam
1186 3999 1255 4054 ah
1284 4006 1420 4055 auro
1463 4000 1671 4056 invenit
1696 4015 1885 4057 exem-

300 4092 450 4161 plum
512 4099 678 4161 atque
718 4091 1031 4162 imaginem.
1086 4091 1225 4149 lline
1264 4093 1592 4162 parricidam
1617 4095 1776 4150 video
1798 4111 1884 4166 ge-

303 4185 499 4242 nitoris
557 4185 722 4257 capiti
778 4184 1203 4252 imminentem;
1252 4186 1508 4259 nullaque
1561 4188 1883 4245 venerandae

301 4275 550 4343 canitiei,
611 4276 695 4331 vel
743 4285 985 4347 paterna:
1029 4276 1372 4333 auctoritatis
1431 4266 1754 4345 reverentia,
1810 4285 1882 4337 oh

1988 3176 2097 3245 γὰρ
2134 3175 2182 3227 ei
2213 3174 2303 3227 τὸν
2334 3174 2533 3246 χρυσὸν
2561 3175 2653 3228 ἐπὶ
2676 3175 2786 3228 τῶν
2812 3176 3029 3230 κόλπων
3054 3176 3156 3247 τῆς
3186 3179 3290 3251 γῆς
3317 3180 3570 3251 ἀνιχνεύ-

1984 3284 2157 3331 οντες,
2189 3268 2351 3336 φασιν
2378 3267 2478 3339 τὴν
2504 3270 2750 3339 χρυσῖτιν
2777 3269 2879 3340 γῆν
2910 3270 2997 3323 ἐπ’
3026 3271 3196 3342 αὐτῆς
3223 3272 3323 3343 μὲν
3353 3274 3451 3345 τῆς
3471 3274 3569 3346 ἀρ-

1984 3357 2087 3429 χῆς
2118 3360 2213 3413 καὶ
2254 3359 2354 3430 τῆς
2393 3360 2741 3431 κυριωτάτης
2764 3360 3030 3430 γενέσεως
3063 3363 3305 3434 σωρηδὸν
3340 3366 3569 3419 ἀποκεῖ.

1987 3450 2142 3505 σθαν
2195 3451 2409 3505 ἐκεῖθεν
2454 3451 2511 3504 δὲ
2568 3451 2758 3525 ὥσπερ
2810 3453 3015 3522 φλέϐας
3064 3455 3218 3520 τινὰς
3262 3457 3371 3510 ἀπό
3420 3475 3569 3521 τινος

1985 3543 2137 3599 ἔνθεν
2179 3544 2275 3599 καὶ¹
2307 3543 2460 3599 ἔνθεν
2490 3546 2571 3611 είς
2601 3545 2808 3618 μακρὸν
2838 3547 3067 3619 διήκειν,
3099 3549 3194 3602 καὶ
3231 3548 3569 3620 πολυσχιδῶς

1983 3638 2367 3693 ἁποτείνεσθαι
2395 3639 2513 3692 κατ’
2541 3638 2713 3703 αὑτάς
2741 3656 2843 3694 που
2866 3638 2966 3703 τὰς
2990 3640 3146 3711 ῥίζας
3166 3640 3276 3693 τῶν
3304 3641 3562 3711 δένδρων,

1980 3732 2082 3795 τὰς
2110 3732 2175 3785 ἐκ
2205 3730 2298 3785 τοῦ
2330 3731 2573 3804 πρέμνον
2601 3731 3033 3804 διαπλουμένας’
3061 3733 3233 3798 οὓτως
3258 3733 3562 3798 κάνταῦθα,

1983 3823 2186 3888 πολλὰς
2222 3808 2435 3895 βλέπων
2474 3825 2574 3889 τὰς
2593 3824 2919 3896 ἀποφύσεις,
2964 3827 3064 3897 μιᾷ
3097 3827 3225 3899 ῥίζα
3247 3828 3349 3897 τῆς
3375 3826 3565 3881 πλεον-

1982 3915 2133 3982 εξίας
2159 3916 2259 3981 τὰς
2293 3918 2477 3983 πάσας
2501 3918 2890 3991 συνδεδεμένας
2915 3919 3174 3991 εὑρίσκω.
3215 3920 3327 3974 Καὶ
3379 3919 3564 3990 μέντοι

1982 4011 2077 4065 καὶ
2102 4008 2203 4065 οὐκ
2231 4011 2298 4065 ἂν
2327 4012 2527 4064 οἰκεῖον
2553 4012 2600 4044 ³³
2634 4006 2791 4084 εὗρεν
2819 4013 2850 4065 ό
2880 4012 3038 4083 λόγος
3070 4011 3210 4084 πρὸς
3252 4009 3564 4076 πλεονεξίαν

1982 4102 2049 4155 ὲκ
2069 4098 2163 4154 τοῦ
2188 4099 2392 4174 χρυσοῦ
2414 4100 2477 4155 τὸ
2505 4101 2832 4173 ὑπόδειγμα.
2878 4101 3161 4155 Ἐντεῦθεν
3189 4102 3301 4175 ὁρῶ
3331 4102 3422 4156 τὸν
3455 4119 3563 4157 πα-

1980 4194 2237 4268 τραλοίαν
2296 4194 2396 4265 τῆς
2459 4192 2706 4264 κεφαλῆς
2751 4192 2850 4264 τῆς
2913 4192 3254 4264 γεννησάσης
3300 4191 3565 4246 κατατολ-

1985 4287 2193 4359 μῶντω
2227 4288 2327 4341 οὐκ
2363 4286 2678 4359 αἰδούμενον
2714 4286 2771 4340 δὲ
2818 4285 2941 4341 οὔτε
2968 4285 3068 4358 τὴν
3102 4285 3315 4351 πολιὰν,
3349 4285 3473 4341 οὔτε
3499 4287 3565 4341 τὸ

302 4371 602 4441 longiorem
643 4372 791 4426 senis
814 4370 978 4424 vitam
1033 4370 1424 4441 indignantem.
1472 4370 1700 4428 Omnem
1733 4378 1876 4431 enim

1986 4379 2250 4452 πατρικὸν
2299 4376 2535 4451 ἀξίωμα,
2585 4378 2723 4434 ἀλλά
2753 4381 2819 4451 τῇ
2863 4378 2956 4433 ἐπὶ
2997 4379 3156 4433 πλέον
3199 4380 3311 4451 ζωῇ
3347 4379 3441 4433 τοῦ
3479 4380 3566 4449 γέ-

300 4464 509 4532 copiam
534 4462 677 4515 domi
710 4461 938 4533 largiter
976 4472 1264 4533 suppetere
1314 4462 1523 4532 videns,
1557 4481 1660 4521 nec
1686 4482 1874 4526 eorum

1987 4441 2175 4544 ροντος
2596 4441 2923 4544 ΠάνταΙχὰρ
2950 4472 3092 4545 δρῶν
3131 4441 3225 4526 sui
3257 4441 3355 4543 τξις
3383 4441 3561 4536 οἰκίας

305 4568 427 4623 quae
454 4553 569 4606 visa
602 4550 842 4607 alliciunt
877 4566 1044 4622 penes
1076 4567 1137 4609 se
1162 4554 1464 4623 dominium
1506 4557 1745 4629 habens;
1768 4578 1877 4617 cn-

296 4644 565 4713 piensque
611 4656 801 4698 eorum
832 4656 897 4697 ac
937 4642 1254 4697 deliciarum
1307 4644 1424 4701 ﬁeri
1472 4646 1742 4716 dominus,
1780 4668 1876 4722 pa-

299 4745 450 4789 terna
497 4741 885 4804 coangustetur
941 4734 1312 4789 dominatione
1364 4751 1429 4792 ac
1472 4749 1756 4807 potestate.
1798 4745 1878 4801 Ac

298 4825 455 4879 initio
483 4826 701 4895 quidem
747 4824 1025 4880 silentium
1058 4825 1208 4891 colit,
1260 4827 1479 4898 alteque
1535 4836 1870 4892 reconditum

365 4919 413 4949 ⁸⁸
443 4917 571 4987 Leg.
603 4917 704 4971 οὐκ
723 4918 1006 4972 ἀνοίκειον.

366 5010 480 5083 (24)
495 5010 863 5086 _Dr_tgr_rimam
887 5015 1333 5086 provocationem,
1371 5028 1452 5078 εις
1481 5022 1867 5086 χαλεπωτάτην

293 5071 565 5152 παταῆήν.
589 5078 741 5154 Velut
762 5071 1068 5154 condictum
1082 5084 1292 5152 signum
1311 5071 1457 5141 edito
1477 5071 1541 5139 ἒι
1565 5071 1867 5154 percussio;

296 5171 363 5208 ne
394 5169 527 5209 sono
558 5169 572 5207 :
602 5152 744 5220 quod
766 5162 922 5206 vocat
943 5153 1189 5209 Asterius
1214 5156 1483 5210 honorum
1507 5152 1576 5211 ac
1601 5161 1863 5220 honorum

294 5223 625 5295 propositam
671 5236 844 5290 spem,
881 5237 984 5295 qua
1014 5221 1259 5279 Julianus
1298 5226 1586 5295 plurimum
1637 5237 1865 5290 tentavit

293 5292 652 5365 Christianos,
715 5300 773 5346 ut
831 5291 908 5346 ex
942 5291 1188 5365 Gregorii
1223 5291 1495 5365 'l'h‘eologi-
1525 5313 1588 5352 ac
1633 5300 1860 5358 aliorum

294 5363 581 5442 aequalium
620 5364 982 5442 monumentis
1016 5363 1405 5442 li_quet._S_uam
1443 5363 1640 5423 auctor
1679 5384 1863 5442 aperte

294 5431 831 5509 tetateursigniﬁcat,
862 5442 1005 5489 etut
1044 5431 1157 5509 ipsa
1204 5435 1401 5491 .Iuiiani
1447 5447 1608 5493 aetate
1650 5431 1868 5509 viierit,

293 5505 452 5572 eique
500 5501 664 5559 fuerit
700 5514 1016 5573 superstes:
1053 5501 1285 5561 obscuro
1341 5517 1552 5573 tamen,
1605 5501 1871 5569 militesne

295 5591 363 5627 an
393 5588 593 5642 paucos
631 5586 822 5636 annos,
860 5589 980 5629 sese
1008 5575 1043 5630 ii
1083 5578 1435 5631 excesserint.
1464 5578 1679 5634 ‘lndicat
1711 5599 1739 5635 a
1770 5582 1867 5638 Ju-

294 5644 462 5708 li'ano,
484 5643 575 5713 qui
601 5642 919 5714 παραϐάτης
934 5649 1362 5701 antonomasdce
1377 5650 1553 5704 dictus
1569 5660 1670 5714 est,
1692 5652 1869 5711 factos

290 5714 362 5770 ah
486 5688 814 5772 “deseruit-es
864 5688 1189 5774 Ehristianze
1220 5688 1553 5789 religionis,“
1567 5688 1865 5792 ZBBéiiii'B?

1979 4566 2208 4635 ἄφθονα,
2244 4566 2338 4620 καὶ
2358 4565 2456 4637 τὴν
2485 4565 2735 4633 ἐξουσίαν
2766 4566 2876 4620 τῶν
2904 4566 3250 4638 βλεπομένων
3273 4568 3374 4620 οὐκ
3396 4567 3558 4637 ἔχων,

1981 4657 2265 4729 ἐπιθυμῶν
2293 4658 2351 4712 δὲ
2378 4658 2564 4729 κύριος
2594 4652 2732 4711 εἶναι
2764 4657 2942 4710 αὐτῶν
2980 4674 3039 4711 τε
3070 4660 3164 4712 καὶ
3192 4658 3292 4729 τῆς
3339 4675 3559 4730 περιου-

1984 4752 2123 4819 σίας,
2155 4752 2435 4807 στενοῦται
2476 4756 2543 4824 τῇ
2577 4756 2815 4825 πατρικῇ
2851 4752 3159 4824 αὐθεντεία.
3196 4754 3306 4806 Καὶ
3355 4752 3421 4805 τά
3459 4751 3560 4823 μὲν

1980 4847 2170 4917 πρῶτα
2204 4847 2401 4917 σιωπᾷ,
2446 4846 2540 4899 καὶ⁹
2571 4848 2629 4899 ὲν
2674 4846 2752 4917 τῷ
2783 4846 2935 4916 βάθει
2994 4846 3210 4916 κατέχει
3241 4845 3338 4917 τὴν
3383 4845 3557 4899 νόσον·

1973 5029 2287 5085 Ιιιίὶαηὲεαε.
2316 5027 2487 5081 Latini
2505 5026 2774 5082 lulianum
2809 5026 2979 5096 magis
3006 5028 3310 5094 Apostalam
3335 5039 3553 5088 vorant,

1975 5117 2135 5165 quant
2195 5110 2649 5167 transgressorem
2703 5113 2798 5151 seu
2848 5099 3362 5166 prmvaricatorem,
3411 5101 3553 5166 quod

1973 5171 2158 5226 Grmca
2187 5185 2287 5240 vox
2320 5168 2647 5240 παραϐάτης
2667 5177 2842 5240 sonat.

2044 5241 2155 5309 (ἕξεί)
2197 5237 2354 5309 aud
2385 5236 2948 5292 sermoinconreniens.
2980 5236 3119 5307 Lego
3133 5238 3234 5292 οὐκ
3262 5240 3550 5304 ἀνοίκειον,

1971 5313 2114 5382 quod
2136 5308 2201 5364 iet
2222 5308 2347 5379 legit
2380 5310 2629 5377 interpr.,
2656 5308 3035 5382 necillud,oux
3060 5309 3127 5382 ἀν
3155 5313 3371 5382 οίκεῑον,
3407 5312 3551 5364 aliud

1971 5379 2217 5436 videatur
2260 5395 2420 5448 quam
2461 5382 2743 5447 scriptura!
2799 5381 3008 5435 vitium.
3061 5379 3264 5435 Passim
3318 5396 3447 5435 vero
3494 5382 3552 5435 in

1978 5451 2218 5520 antiquis
2268 5464 2480 5519 quoque
2531 5451 2809 5506 codicibus
2854 5449 2989 5503 mala
3039 5450 3125 5503 illa
3173 5465 3397 5513 vocum,
3445 5467 3552 5519 qua

1976 5523 2171 5576 divisio
2202 5534 2308 5590 qua
2336 5522 2639 5576 contractio
2665 5522 2924 5581 occurrit.
2958 5528 3016 5573 ut
3048 5522 3118 5575 sit
3158 5534 3292 5590 opus
3321 5520 3553 5588 judicio,

1976 5593 2043 5646 ad
2072 5593 2470 5661 percipiendam
2519 5603 2753 5648 mentem
2792 5601 3073 5646 auctorum
3109 5605 3174 5647 ac
3211 5592 3342 5661 quid
3373 5591 3551 5662 reipsa

1973 5662 2011 5718 ii
2036 5662 2377 5732 scripserint.
