3824 6270
214 351 302 409 519

1208 352 1494 415 HOMILIA
1540 355 1626 415 Ill.
1664 356 2040 420 ADVERSUS
2069 362 2459 421 AVARI'I‘IAM

3328 330 3462 417 'm

220 473 277 544 τῷ
304 471 468 544 χρόνῳ
502 471 557 525 δὲ
590 470 689 544 τὴν
713 472 1012 546 ἐπιθυμίαν
1043 474 1365 541 πλεονάσας,
1417 480 1512 533 καὶ
1550 478 1772 552 πληρω·

1890 484 2124 539 morbum
2155 487 2385 555 retinet;
2423 486 2546 541 dein
2582 501 2710 542 vero
2765 495 2919 543 aucta
2951 500 3046 558 per
3078 494 3287 557 tempus
3310 487 3466 558 cupi-

214 569 308 630 θεὶς
332 567 423 637 τὴν
454 565 651 636 ψυχὴν,
696 566 892 639 ἀθρόον
944 569 1384 643 ἐκρήγνυσιίτὴν
1432 573 1655 637 κακίαν,
1695 572 1771 637 ὡς

215 663 289 715 ἐπὶ
315 659 412 711 τῶν
447 660 703 729 σωλήνων
736 662 805 714 τά
826 661 1013 716 ὕδατα.
1044 664 1154 717 Καὶ
1185 663 1371 718 λοιπόν
1394 666 1542 719 ἐστιν
1566 664 1774 737 άφόρηο

214 770 287 815 τος
317 751 389 823 τῷ
420 751 717 826 πρεσϐύτῃ,
758 754 1039 825 μονονουχὶ
1072 756 1413 810 συνελαύνων
1446 757 1609 810 αὑτὸν
1636 756 1775 826 πρὸς

218 848 318 908 τοὺς
350 846 549 914 τάφους
597 847 912 915 ὑγιαίνοντα
944 848 1039 901 καὶ
1079 848 1384 919 βαδίζοντα.
1420 851 1518 905 Ἂν
1558 849 1776 919 κούφως

212 932 359 1005 ἀναϐῇ
389 933 480 987 τὸν
510 935 700 999 ἵππον,
748 936 1186 1009 ὑπερθαυμάζειο
1228 938 1296 994 ἂν
1341 941 1549 1011 τροςρῆς
1599 942 1774 1013 ἐρρω-

214 1027 508 1097 μενέστερον
537 1027 834 1100 μεταλάϐῃ,
864 1029 1145 1100 γογγύζειο
1176 1031 1243 1085 ἂν
1268 1032 1396 1096 τοὺς
1425 1033 1644 1097 οίκέτας
1678 1033 1779 1087 ἐω-

212 1120 336 1183 θινὸς
375 1120 628 1192 διεγείρει
672 1122 811 1194 πρὸς
838 1123 938 1188 τὰς
966 1124 1293 1196 ὑπηρεσίας,
1334 1127 1403 1197 τῇ
1445 1126 1776 1199 ἐγρηγόρσει

212 1215 290 1268 καί
312 1217 372 1284 τῇ
402 1214 631 1287 δυνάμει
662 1215 757 1269 τοῦ
788 1216 1047 1289 γέροντος
1078 1217 1324 1289 ἄχθεται.
1356 1219 1452 1273 Ἂν
1480 1219 1536 1273 δὲ
1564 1219 1659 1274 καὶ
1684 1219 1778 1275 δω-

215 1303 412 1374 ρήσεταί
453 1323 505 1358 τι
547 1305 657 1359 τῶν
697 1307 1081 1379 κειμηλίων,ῆ
1128 1309 1346 1381 οἰκέτην
1385 1310 1498 1381 ὰφῇ
1525 1310 1626 1381 τῆς
1656 1310 1779 1364 δου-

212 1397 357 1461 λείας,
387 1398 507 1451 τὸτε
524 1396 589 1469 δὴ
626 1398 769 1463 τότε,
816 1400 910 1453 καὶ
936 1399 1121 1470 λῆρος,
1157 1401 1250 1455 καὶ
1294 1401 1650 1471 παραπαίων,
1685 1403 1781 1457 καὶ

212 1492 320 1554 τοὺς
367 1491 465 1560 τῆς
505 1491 651 1562 ζωῆς
699 1492 942 1565 ὑπερϐὰς
987 1495 1169 1567 ὅρους,
1218 1493 1449 1549 καὶτῶν
1481 1494 1781 1566 ἀλλοτρίων

213 1582 492 1655 σπαθητὴς,
568 1584 662 1638 καὶ
726 1587 834 1639 πᾶν
906 1586 1232 1660 βλάσφημον
1290 1588 1506 1643 ἀκούων
1568 1588 1784 1661 ἐμπαρ-

211 1678 429 1729 οινεῐται·
482 1674 571 1729 διὰ
638 1676 691 1729 τί
744 1677 820 1750 μὴ
868 1677 1081 1750 ταχέως
1150 1678 1456 1745 ἀπέθανεν,
1517 1677 1783 1747 ἐγκαλού-

213 1785 369 1840 μενος.

266 1947 358 2011 Σδς
383 1939 558 2012 οὗτος,
582 1941 629 2002 ὦ
667 1946 838 2021 μιαρὴ
878 1946 1179 2013 πλεονεξία,
1213 1950 1453 2021 καρπός“
1491 1950 1644 2023 παρὰ
1684 1949 1778 2005 σοῦ

210 2039 266 2092 τὰ
291 2039 479 2111 κέντρα
521 2039 819 2111 λαμϐάνων
859 2040 889 2092 ὁ
926 2042 1051 2103 παῖς
1074 2081 1090 2105 ,
1131 2039 1389 2114 πολέμιος
1427 2043 1635 2111 γίνεται
1686 2041 1779 2096 τοῦ

213 2135 570 2204 γεννήσαντος.
605 2134 677 2187 Σὺ
705 2133 934 2205 πληροῖς
960 2134 1060 2205 τὴν
1089 2134 1190 2205 γῆν
1218 2135 1432 2210 λῃστῶν
1457 2135 1551 2190 καὶ
1585 2153 1778 2207 φονευ-

210 2225 319 2288 τῶν,
351 2224 797 2277 καταποντιστῶν
839 2224 894 2278 δὲ
937 2224 1237 2291 θάλασσαν,
1270 2227 1369 2289 τὰς
1403 2227 1589 2291 πόλεις
1623 2227 1782 2299 θορύ-

210 2318 322 2381 ϐων,
381 2317 450 2370 τὰ
496 2317 827 2389 δικαστήρια
873 2316 1357 2390 ψευδομαρτύρων,
1404 2321 1780 2391 συκοφαντῶν,

211 2410 487 2483 προδοτῶν,
521 2410 858 2483 συνηγόρων,
889 2410 1161 2465 δικαστῶν
1185 2412 1303 2465 ἐκεῖ
1324 2412 1622 2485 ῥεπόντων,
1649 2413 1781 2469 ὅπου

210 2504 247 2558 δ’
273 2504 332 2558 ἂν
364 2505 426 2559 σὺ
460 2503 830 2578 καθελκύσῃς.
873 2503 1183 2570 Πλεονεξία,
1226 2508 1406 2579 μήτηρ
1451 2508 1549 2579 τῆς
1602 2509 1783 2563 ἀνισό-

212 2608 369 2664 τητος,
409 2593 665 2665 άνηλεὴς,
706 2592 1112 2665 μισάνθρωπος,
1177 2596 1453 2668 ιῖιμοτάτη.
1502 2597 1603 2652 Διὰ
1651 2598 1783 2653 ταύ-

211 2701 296 2753 την
343 2683 371 2735 ὁ
400 2683 510 2737 τῶν
546 2682 850 2756 ἀνθρώπιον
888 2683 999 2754 βίος
1035 2685 1351 2757 ἀνωμαλίας
1394 2686 1575 2759 γέμειο
1605 2689 1700 2742 καὶ
1732 2690 1782 2742 oi

215 2775 299 2844 μὲν
324 2776 384 2828 ἐκ
419 2774 516 2829 τοῦ
548 2775 714 2847 κόρου
748 2774 1008 2830 ναυτιῶσι
1035 2775 1133 2848 τὴν
1166 2777 1485 2848 περισσείαν
1514 2779 1624 2834 τῶν
1652 2797 1786 2852 κτη-

214 2866 399 2936 μάτων,
429 2861 546 2920 οἷον
594 2868 799 2939 τροφὴν
850 2868 1125 2939 ἄπληστον
1169 2870 1594 2935 ἁποϐλύζοντεςο
1636 2871 1783 2927 ἄλλοι

212 2958 259 3012 δὲ
305 2959 442 3031 λιμῶ
469 2960 568 3013 καὶ
596 2959 771 3032 ἐνδείᾳ
805 2959 1118 3031 πιεζόμενοι
1144 2960 1567 3016 κινδυνεύουσιν.
1595 2963 1658 3016 Οί
1684 2963 1784 3035 μὲν

213 3048 292 3101 ὑπ’
321 3050 538 3121 ὀρόφοις
581 3050 982 3120 χρυσοπάστοις
1025 3049 1398 3115 κατάκεινται,
1437 3052 1531 3105 καὶ
1575 3051 1651 3117 ὡς
1698 3070 1786 3124 μι-

214 3141 334 3211 κρὰς
358 3142 545 3206 πόλεις
578 3140 787 3195 οἰκοῦσι
826 3142 927 3205 τὰς
971 3140 1169 3206 οἰκίας,
1221 3141 1467 3215 λουτροῖς
1497 3143 1592 3197 καὶ
1614 3145 1783 3209 οἴκοις

213 3232 477 3297 ποικίλοις,
528 3234 623 3303 καὶ.
676 3234 859 3297 στοαῖς
908 3232 998 3286 ἐπὶ
1044 3232 1389 3305 μακρότατον
1442 3233 1779 3306 διηκούσαις,

215 3325 293 3378 καὶ
318 3325 548 3397 παντοία
571 3325 889 3397 πολυτελείᾳ
917 3326 1355 3398 κεκοσμημένας
1381 3326 1555 3399 ἕτεροι
1583 3327 1639 3381 δὲ
1690 3328 1784 3382 δύο

214 3414 366 3472 δοκῶν
403 3418 621 3489 σκέπην
673 3419 775 3473 οὑκ
828 3418 1063 3489 ἔχουσιν·
1115 3418 1231 3473 ἀλλ’
1268 3420 1398 3473 ὅταν
1436 3423 1494 3475 ἐν
1533 3421 1785 3494 ὑπαίθρῳ

214 3508 382 3582 διαζῇν
412 3512 492 3583 μὴ
522 3510 803 3575 δύνωνται,
836 3510 870 3582 ἢ
902 3511 1040 3583 πρὸς
1079 3509 1179 3575 τὰς
1213 3511 1477 3584 καμίνους
1505 3513 1785 3584 καταφεύ-

215 3619 350 3672 γουσι
377 3604 488 3658 τῶν
511 3603 776 3676 λουτρῶν,
806 3604 839 3676 ἢ
872 3605 964 3658 καὶ
1001 3606 1114 3669 τοῖς
1137 3604 1431 3676 βαλανεῦσι
1462 3606 1786 3673 κακοξένοις

217 3695 601 3765 πριτυχόντες,
637 3694 1038 3768 παραπλησίως
1064 3697 1176 3759 τοῖς
1204 3695 1409 3767 χοίροις
1439 3695 1541 3768 τὴν
1578 3697 1785 3770 κόπρον

216 3783 538 3857 ὀρύττοντες,
567 3785 667 3857 τὴν
688 3785 992 3853 ἀναγκαίαν
1020 3784 1230 3856 θέρμην
1256 3786 1469 3847 ἑαυτοῖς
1492 3784 1775 3857 μηχανῶν-

217 3893 310 3932 ται.
343 3876 446 3932 Καὶ
495 3877 559 3931 τὺ
607 3877 871 3948 ὁμότιμον
908 3876 1070 3941 ζῶον,
1121 3876 1149 3927 ὁ
1178 3874 1484 3948 ἄνθρωπος,
1516 3876 1784 3949 τοσαύτην

217 3968 311 4040 ἔχει
351 3970 449 4042 τὴν
495 3969 759 4042 διαφορὰν
810 3968 915 4040 τῆς
953 3968 1163 4039 διαίτης
1212 3969 1350 4042 πρὸς
1394 3969 1455 4022 τὸ
1488 3967 1781 4040 ὁμόφυλον’

216 4064 298 4117 οὐκ
323 4063 479 4119 ἄλλου
509 4062 650 4128 τινὸς
680 4063 779 4134 τὴν
805 4060 1032 4127 ἀταξίαν
1059 4060 1264 4132 ταύτην
1298 4061 1393 4115 καὶ
1427 4061 1528 4131 τὴν
1558 4062 1786 4133 ἀνωμα-

217 4155 339 4221 λίαν,
387 4157 421 4228 ἦ
469 4156 578 4227 τῆς
615 4154 929 4220 πλεονεξίας
967 4154 1388 4226 ἐπεισαγούσης.
1442 4154 1501 4207 '0
1550 4154 1648 4225 μὲν
1691 4171 1788 4224 γυει

222 4254 351 4319 μνοῖς
391 4251 697 4322 ἀσχημονεῖ
741 4249 951 4321 μέλεσι·
1003 4248 1096 4301 καὶ
1147 4249 1177 4300 ὁ
1221 4246 1376 4312 ἄλλος
1410 4245 1547 4319 πρὸς
1600 4246 1659 4300 τὸ
1688 4244 1786 4319 τὴν

219 4341 398 4412 ἐσθῆτα
428 4340 837 4413 δυσαρίθμητον
876 4338 1039 4411 ἔχειν,
1086 4340 1394 4411 πορφυραῖς
1434 4337 1631 4405 πλαξὶν
1661 4337 1786 4402 τοὺς

219 4433 407 4504 τοίχους
440 4433 641 4488 ἐνδύει.
680 4434 739 4487 '0
769 4432 939 4502 πένης
962 4432 1054 4485 ἐπὶ
1087 4429 1303 4503 ξυλίνης
1326 4427 1604 4502 τραπέζης
1624 4430 1786 4501 ἄρτον

220 4523 394 4596 ἀπορεῖ
421 4523 740 4596 διαθρύψαι’
774 4522 870 4575 καὶ
904 4524 933 4575 ὁ
962 4519 1181 4592 τρυφῶν
1209 4520 1462 4592 ἀργυρῆν
1503 4518 1785 4592 τράπεζαν

221 4615 396 4681 ἐλάσας
445 4617 532 4679 είς
574 4614 796 4679 πλάτος,
825 4611 905 4684 τῷ
936 4611 1201 4666 στίλϐοντι
1242 4610 1649 4683 ψυχαγωγεῖται
1684 4612 1784 4683 τῆς

223 4705 350 4777 ὕλης.
389 4709 503 4763 Καὶ
534 4707 686 4778 πόσῳ
718 4705 1072 4776 δικαιώτερον
1102 4697 1190 4774 ἦν,
1227 4700 1318 4756 τὸν
1374 4702 1472 4772 μὲν
1501 4700 1783 4755 ἑστιᾶσθαι

223 4801 540 4872 ἀρκούμενον
571 4801 638 4871 τῇ
670 4797 805 4871 ἄλλῃ
837 4798 1037 4869 τρυφῇ,
1078 4796 1179 4866 τῆς
1215 4792 1498 4867 τραπέζης
1529 4793 1586 4847 δὲ
1618 4792 1785 4866 τιμὴν

223 4894 315 4947 τῶν
343 4894 562 4967 ἀπόρων
592 4888 958 4963 εἷναιτρυφήν
972 4889 1051 4954 ⁸⁸;
1080 4887 1274 4949 ’Ἄλλος
1299 4886 1551 4959 γηραιὸς,
1580 4886 1673 4941 καὶ
1698 4885 1787 4956 βα-

223 4987 366 5054 δίζειν
387 4988 685 5055 ἀδυνατῶν,
718 4987 752 5059 ἢ
783 4987 870 5041 διά
893 5003 1015 5040 τινα
1047 4983 1229 5056 λώϐην
1261 4981 1534 5055 χωλεύων,
1575 4979 1696 5034 ὄνον
1722 4979 1783 5032 οὐ

225 5081 485 5152 κέκτηται,
521 5081 819 5149 ἀναγκαῖον
856 5078 956 5150 τῆς
989 5077 1181 5150 χρείας
1225 5076 1429 5146 lix-qna.
1470 5074 1564 5128 καὶ
1598 5070 1787 5143 ἕτερος

225 5171 299 5225 διὰ
335 5173 533 5245 πλῆθος
574 5172 673 5235 τὰς
702 5172 904 5241 ἀγέλας
932 5171 992 5225 οὐ
1026 5168 1281 5240 γνωρίζει
1311 5167 1420 5222 τῶν
1457 5167 1660 5220 ἵππων.
1696 5164 1814 5235 Τῷ·

230 5263 313 5331 μὲν
354 5264 529 5318 ἔλαιον
569 5263 711 5317 ὲνδεῖ
756 5260 892 5333 πρὸς
927 5261 989 5314 τὸ
1014 5260 1208 5330 λύχνον
1237 5257 1460 5328 ἀνάψαιο
1509 5256 1601 5310 καὶ
1629 5253 1788 5319 ἄλλος

230 5356 397 5423 μόναις
430 5359 550 5421 ταῖς
586 5353 831 5426 λυχνίαις
876 5352 1114 5408 πλουτεῖ.
1159 5352 1218 5405 '0
1261 5350 1361 5422 μὲν
1408 5350 1502 5403 ἐπὶ
1546 5347 1641 5403 τοῦ
1665 5348 1789 5403 ὲδά-

230 5465 344 5515 ςιους
372 5451 641 5522 ἔρριπται⁸
675 5448 770 5502 καὶ
800 5448 829 5501 ό
860 5446 1039 5519 μάτην
1067 5442 1334 5506 πλουτῶν,
1368 5440 1446 5512 τῷ
1475 5439 1668 5511 κόσμῳ
1691 5439 1792 5510 τῆς

230 5539 394 5611 κλίνης
426 5540 951 5614 περιαστράπτεται,
992 5537 1240 5612 ἀργυρᾶς
1289 5534 1525 5605 σφαίρας
1548 5531 1794 5604 ,ἐχούσης

233 5631 310 5683 καὶ
324 5632 533 5697 ἁλύσεις
547 5633 666 5687 ἀντὶ
684 5631 794 5686 τῶν
816 5631 1062 5703 σχοίνων.
1081 5626 1269 5683 Ταῦτα
1288 5625 1358 5681 τὰ
1372 5624 1472 5696 τῆς
1496 5624 1792 5697 ἀκορέστου

295 5813 337 5846 ³⁸
374 5819 445 5871 ῑσ.
480 5823 701 5892 τροφὴν.

1878 577 2065 641 ditate,
2088 592 2152 634 ac
2185 581 2369 634 animo
2391 580 2503 650 jam
2548 588 2813 647 tumente,
2862 588 3084 651 repente
3111 577 3312 633 malum
3337 594 3467 649 pro-

1879 670 2099 739 rumpit,
2154 686 2258 724 non
2295 670 2456 725 aliter
2505 687 2666 740 quam
2710 687 2741 727 e
2796 670 2995 728 fistulis
3056 686 3120 725 ae
3178 669 3463 725 canalibus

1876 777 2029 830 aquae
2057 762 2157 818 vis.
2195 760 2329 816 Tum
2379 763 2467 819 ille
2529 765 2730 820 misero
2783 765 2899 819 seni
2959 762 3317 818 intolerabilis
3357 772 3462 827 est,

1878 851 2077 922 vixque
2109 868 2213 908 non
2244 853 2515 909 valentem
2538 869 2600 909 ac
2631 854 2786 909 lirmo
2817 868 3030 925 gressu,
3061 852 3129 908 ad
3154 852 3463 922 sepulcrum

1879 941 2022 1014 cogit
2049 957 2112 996 ac
2134 941 2312 999 eﬂ‘erl.
2355 942 2411 997 Si
2429 958 2624 1014 equum
2656 944 2867 1015 agiliter
2899 943 3240 1008 conscendit,
3267 943 3465 997 mirum

1880 1034 1933 1090 in
1959 1035 2178 1090 modum
2211 1036 2442 1091 miratur
2468 1052 2530 1091 ac
2555 1046 2770 1107 stupet;
2799 1030 2869 1093 si
2902 1036 3129 1108 largius,
3163 1045 3218 1092 et
3242 1045 3301 1089 ut
3329 1035 3473 1091 bene

1880 1138 2065 1191 sanus,
2097 1126 2249 1182 cibos
2274 1126 2462 1191 sumit,
2491 1124 2598 1183 fert
2622 1142 2788 1199 aegre,
2808 1142 3106 1199 secumque
3136 1135 3465 1194 murmurat;

1881 1220 1928 1277 si
1962 1219 2194 1277 famulos
2225 1222 2293 1277 ad
2352 1237 2516 1293 opera
2550 1237 2615 1278 ac
2679 1223 2982 1279 ministeria
3045 1238 3205 1279 mane
3238 1223 3505 1301 excitat,_

1883 1310 2219 1383 vigilantiam
2255 1314 2563 1385 bonamque
2609 1314 2977 1372 valetudinem
3014 1317 3162 1372 senis
3199 1316 3371 1388 gemit
3402 1330 3467 1370 ae

1886 1403 2051 1460 dolet.
2087 1404 2242 1472 Quod
2265 1406 2310 1461 si
2340 1407 2627 1479 pignorum
2658 1407 2863 1477 aliquid
2894 1409 3196 1475 donaverit,
3228 1416 3323 1464 aut
3349 1422 3470 1463 ser-

1883 1512 2010 1552 vum
2044 1514 2205 1553 manu
2233 1499 2462 1566 miserit,
2499 1510 2628 1557 tunc
2658 1516 2791 1557 sane
2829 1511 2979 1566 tunc,
2998 1502 3160 1557 homo
3182 1501 3385 1558 delirus
3405 1514 3471 1556 ac

1886 1589 2085 1646 mentis
2114 1604 2310 1646 emotae
2336 1592 2505 1660 audit,
2529 1592 2734 1664 quique
2783 1594 2909 1650 vita:
2957 1594 3255 1653 excesserit
3290 1594 3472 1650 termi-

1886 1694 2008 1745 nos,
2041 1694 2106 1735 ac
2156 1680 2327 1757 alieni
2377 1683 2635 1753 prodigus
2681 1698 2749 1739 ac
2808 1683 3062 1754 profusus
3098 1701 3113 1739 :
3148 1684 3472 1755 probrisque

1887 1768 2143 1826 omnibus
2177 1784 2243 1826 ac
2267 1769 2572 1827 maledictis
2614 1772 2984 1841 proscinditur
3015 1771 3118 1827 hoc
3157 1770 3293 1826 male
3321 1785 3468 1837 reus,

1812 1836 1859 1899 β
1886 1862 2029 1932 quod
2056 1875 2167 1917 non
2200 1861 2432 1919 celerius
2462 1863 2574 1918 vita
2609 1836 2826 1919 functus
2853 1863 2945 1918 sit.

1950 1952 2051 2008 Tui
2085 1952 2197 2018 isti,
2224 1953 2489 2009 scelerata
2520 1955 2774 2021 avaritia,
2811 1955 3041 2010 fructus.
3073 1954 3204 2010 Tuis
3233 1952 3468 2009 stimulis

1881 2053 2208 2114 provocatus
2235 2044 2399 2112 filius,
2450 2047 2665 2116 parenti
2726 2045 2962 2102 eﬂicitur
3012 2045 3205 2101 hostis.
3242 2044 3469 2101 Terram

1883 2133 2060 2205 reples
2088 2134 2391 2192 latronibus
2431 2153 2495 2192 ac
2539 2136 2778 2203 sicariis,
2841 2151 2991 2192 mare
3047 2137 3258 2208 piratis,
3308 2137 3470 2193 urbes

1884 2227 2056 2282 turbis
2090 2235 2255 2299 atque
2288 2229 2636 2297 tumultibus,
2679 2230 2857 2285 forum
2898 2246 2963 2286 ac
2997 2231 3290 2286 tribunalia
3321 2229 3470 2287 falsis

1884 2319 2130 2385 testibus,
2170 2320 2679 2390 calumniatoribus,
2733 2324 3123 2393 proditoribus,
3159 2323 3469 2389 advocatis,

1876 2409 2155 2482 judicibus
2205 2429 2270 2470 eo
2304 2398 2786 2485 propendentibus,
2836 2431 2947 2488 quo
3002 2424 3056 2472 tu
3104 2416 3468 2486 pertraxeris.

1883 2507 2125 2563 Avaritia
2154 2518 2327 2563 mater
2357 2518 2440 2563 est
2467 2509 2890 2579 imequalitatis;
2932 2508 3344 2574 immisericors,
3388 2510 3472 2564 in-

1885 2598 2142 2663 humana,
2174 2614 2384 2655 summe
2413 2600 2667 2655 crudelis.
2694 2600 2797 2656 Per
2839 2603 2979 2656 hanc
3015 2601 3325 2656 mortalium
3360 2601 3469 2656 vita

1883 2692 2069 2762 dispar
2091 2693 2313 2748 omnino
2344 2709 2407 2748 ac
2440 2694 2781 2763 inaequabilis
2811 2705 2926 2760 est;
2999 2709 3062 2749 ac
3117 2694 3210 2749 alii
3248 2694 3471 2764 quidem

1882 2783 2276 2855 superfluarum
2325 2785 2579 2842 satietate
2610 2801 2771 2855 opum
2828 2786 2975 2841 velut
3007 2795 3296 2851 nauseant,
3326 2802 3392 2842 ac
3423 2789 3471 2842 si

1883 2872 2064 2928 cibum
2086 2889 2196 2943 quo
2216 2888 2275 2930 se
2306 2873 2533 2930 nimium
2564 2873 3040 2946 ingurgitaverint,
3073 2876 3469 2943 cvomaut;alii

1884 2962 2027 3018 fame
2048 2979 2111 3019 ac
2141 2965 2367 3033 penuria
2396 2964 2595 3034 pressi,
2634 2966 2686 3019 in
2726 2975 2973 3022 extremo
2997 2981 3135 3037 pene
3156 2966 3473 3022 discrimine

1885 3062 2191 3109 versantur.
2216 3052 2275 3107 lli
2299 3054 2400 3108 sub
2436 3056 2642 3110 auratis
2668 3057 2830 3109 tectis
2862 3056 3214 3122 recumbunt,
3243 3056 3470 3113 domos-

1884 3157 1992 3214 que
2019 3142 2261 3197 incolunt
2306 3144 2371 3197 ad
2424 3141 2598 3197 instar
2643 3142 2917 3197 minorum
2963 3142 3201 3208 urbium,
3236 3142 3471 3208 balneis,

1885 3235 2344 3303 subdomibusque
2408 3234 2614 3298 variis,
2672 3248 2737 3289 ac
2785 3232 3086 3303 porticibus
3139 3233 3467 3290 immensum

1887 3327 2162 3400 productis
2185 3368 2200 3393 ,
2229 3327 2406 3383 omnis
2464 3326 2697 3396 denique
2739 3328 2958 3396 generis
2989 3326 3280 3399 magnitico
3310 3343 3473 3383 orna-

1889 3430 1970 3475 tas
2003 3419 2182 3488 cultu;
2213 3419 2286 3474 illi
2318 3430 2530 3483 contra,
2576 3434 2644 3475 ne
2689 3420 2796 3475 duo
2824 3419 3046 3491 quidem
3096 3421 3242 3492 tigna
3275 3422 3474 3491 quibus

1887 3522 2160 3583 tegantur,
2205 3511 2436 3578 habent;
2476 3527 2712 3582 cumque
2758 3513 2859 3569 sub
2910 3513 3001 3568 dio
3047 3514 3345 3584 perdurare
3377 3531 3476 3570 ne-

1886 3619 2113 3677 queunt,
2152 3605 2234 3661 vel
2264 3604 2333 3662 ad
2370 3606 2614 3662 caminos
2648 3606 2965 3662 balnearum
3005 3606 3470 3675 confugiunt,vel,

1886 3698 1932 3755 si
1964 3696 2019 3752 in
2051 3696 2394 3754 balneatores
2447 3696 2802 3767 inliospitales
2860 3696 3170 3764 inciderint,
3204 3699 3346 3755 haud
3379 3700 3477 3756 ab-

1887 3791 2054 3846 simili
2084 3805 2148 3844 ac
2173 3804 2299 3846 sues
2336 3790 2567 3857 ratione,
2596 3792 2862 3848 fodientes
2880 3792 3088 3857 timum,
3106 3791 3473 3847 necessarium

1888 3884 1989 3940 sibi
2015 3882 2252 3938 calorem
2283 3892 2601 3954 procurant.
2634 3885 2712 3941 Ac
2746 3899 2898 3950 vero,
2930 3893 2991 3939 ut
3022 3886 3215 3940 eadem
3247 3884 3475 3941 honoris
3554 3868 3559 3873 ’

1888 3975 2242 4047 praerogativa
2303 3985 2521 4032 auctum
2575 3976 2798 4042 animal,
2852 3978 3037 4041 homo,
3083 3975 3297 4031 diversa
3339 3978 3476 4033 adeo

1892 4067 2013 4123 vitae
2037 4068 2273 4135 ratione,
2323 4084 2352 4122 a
2411 4067 2701 4123 contribuli
2749 4078 2876 4140 agat
2907 4067 3164 4135 herniae;
3208 4076 3478 4138 tanta'que

1891 4158 2035 4214 illius
2073 4160 2500 4230 perturbationis
2527 4174 2590 4213 ac
2616 4158 3020 4230 inatqualitatis,
3052 4173 3156 4212 una
3184 4160 3395 4213 auctrix
3413 4174 3478 4214 ac

1891 4267 2081 4317 causa,
2113 4252 2346 4308 avaritia
2368 4251 2576 4308 est.Ab
2608 4255 2709 4308 hac
2733 4261 2839 4317 est,
2875 4260 2935 4306 ut
2984 4251 3123 4305 alius
3159 4260 3350 4306 contra
3377 4251 3474 4307 de-

1889 4358 2079 4398 corum
2136 4358 2272 4414 pene
2318 4343 2532 4408 nudus;
2598 4343 2737 4399 alius
2795 4350 2990 4412 prazter
3047 4342 3362 4397 innumeras
3408 4342 3475 4397 ad

1891 4450 2047 4491 usum
2075 4437 2324 4505 corporis
2355 4446 2554 4501 vestes,
2580 4435 2817 4502 parietes
2846 4434 2996 4503 ipsos
3029 4449 3272 4506 purpura
3300 4433 3468 4488 velat.

1818 4550 1861 4606 ι)
1894 4527 2126 4596 Pauper,
2180 4540 2247 4581 ne
2300 4541 2494 4597 panem
2528 4526 2744 4595 quidem
2808 4525 2992 4591 habet,
3023 4540 3183 4596 quem
3217 4525 3270 4578 in
3298 4523 3474 4595 lignea

1892 4632 2078 4674 mensa
2118 4616 2377 4689 frangat;
2410 4633 2532 4673 cum
2572 4617 2751 4673 mollis
2773 4633 2837 4672 ac
2860 4617 3126 4673 delicatus
3163 4615 3371 4688 fulgore
3398 4615 3477 4670 la-

1895 4710 2116 4765 tissima:
2150 4725 2217 4765 ex
2249 4722 2474 4783 argento
2527 4725 2754 4770 mensae.
2785 4726 2948 4780 quam
2980 4724 3146 4781 opere
3194 4710 3379 4767 ductili
3408 4709 3465 4765 tl-

1892 4804 1970 4858 eri
1995 4804 2229 4863 curavit.
2281 4815 2518 4860 mentem
2574 4813 2630 4859 et
2657 4803 2846 4860 oculos
2895 4812 3104 4874 pascat.
3155 4803 3226 4858 At
3269 4810 3477 4874 quanto

1895 4891 2076 4949 fuerat
2098 4894 2331 4963 aequius,
2376 4893 2468 4949 illo
2521 4894 2667 4951 laute
2707 4894 2926 4965 quidem
2977 4910 3044 4952 ac
3087 4895 3313 4967 opipare
3340 4908 3475 4964 epu-

1895 4985 2060 5049 lante,
2088 4995 2422 5055 craterasque
2448 4985 2672 5042 delicias
2698 4988 2765 5041 ad
2820 4987 3130 5044 satietatem
3154 4997 3475 5057 usurpante,

1896 5092 2097 5133 mensa:
2143 5077 2376 5148 pretium
2444 5078 2499 5133 in
2559 5078 2780 5135 delicias
2832 5081 3078 5135 converti
3120 5076 3481 5149 pauperum?

1897 5168 2050 5224 Alius
2073 5179 2237 5226 aetate
2287 5170 2494 5232 fessus:
2537 5184 2601 5225 ac
2645 5169 2864 5227 infirmo
2908 5186 3120 5243 gressu,
3155 5170 3239 5226 vel
3296 5170 3479 5239 aliquo

1896 5260 2122 5318 claudus
2150 5261 2302 5326 vitio,
2342 5277 2410 5317 ne
2459 5262 2672 5317 asinum
2736 5263 2954 5335 quidem
2988 5261 3354 5319 necessarium
3383 5275 3478 5315 ve:

1900 5363 2105 5409 ctorem
2151 5353 2431 5423 possidet;
2484 5353 2621 5409 alius
2670 5354 2815 5425 ipsos
2856 5368 3122 5425 equorum
3180 5368 3372 5423 greges
3409 5354 3479 5408 ob

1901 5442 2302 5500 multitudinem
2345 5442 2577 5513 ignorat.
2639 5442 2777 5498 Huic
2801 5441 2979 5498 oleum
3000 5442 3068 5497 ad
3098 5442 3355 5513 lychnum
3386 5439 3480 5495 de-

1901 5542 2012 5588 est:
2055 5533 2144 5588 ille
2198 5534 2267 5588 ab
2298 5533 2432 5604 ipsis
2480 5534 2775 5589 luminibus
2830 5548 2891 5589 ac
2934 5530 3276 5589 candelabris
3326 5530 3482 5587 dives

1903 5626 2116 5683 censeri
2150 5635 2347 5697 potest.
2378 5625 2553 5683 Hicin
2582 5625 2725 5682 nudo
2777 5626 2893 5681 solo
2932 5624 3207 5697 proiectus
3234 5632 3355 5691 est;
3392 5623 3481 5680 ille
