3856 6274
351 324 444 381 2M

1650 325 1707 381 S.
1747 325 2022 382 ASTERII
2061 329 2363 386 AMASENI

3494 323 3613 379 21?.

351 454 539 496 manes
566 435 1092 510 divitias'jactitans,
1144 441 1266 496 lecti
1319 441 1621 510 fulgoribus
1647 444 1925 514 undequa-

2044 447 2340 512 πλεονεξίας
2372 445 2806 518 ἀποτελέσματα.
2846 446 2907 498 Εί
2947 429 3055 516 γὰρ
3093 442 3168 514 μὴ
3203 441 3497 512 εἰσήγαγεν
3529 441 3616 502 είς

351 545 459 602 que
483 544 756 597 coruscat,
809 533 966 604 cujus
1016 535 1122 590 sint
1162 546 1432 606 argenteae
1473 535 1721 602 sphaerae,
1745 551 1922 604 exque

351 622 538 676 eodem
572 632 778 679 catenae
811 624 1027 678 metallo
1054 625 1172 679 vice
1227 625 1457 682 funium.
1484 626 1642 682 Tales
1667 628 1922 682 nimirum

352 714 689 784 inexplebilis
718 718 958 772 avaritiae
990 716 1233 774 eﬂ'ectus.
1261 717 1374 774 Nisi
1398 719 1540 774 enim
1591 733 1654 773 ea
1683 721 1923 790 inaequa-

353 805 559 862 litatem
588 809 786 863 mundo
820 809 1132 876 invexisset,
1160 811 1572 880 haudquaquam
1614 811 1717 865 illa:
1746 819 1930 867 essent

2029 538 2119 591 τὸν
2149 539 2263 609 βίον
2287 541 2390 611 τὴν
2419 538 2732 610 ἀνισότητα,
2765 538 2865 591 οὐκ
2889 537 2956 592 ἂν
2982 531 3144 590 αὗται
3172 531 3312 606 ἦσαν
3337 533 3436 603 τῆς
3467 533 3617 586 ἀνω-

2035 629 2233 698 μαλίας
2262 631 2319 682 αί
2349 629 2531 700 ἐξοχαὶ
2573 629 2667 682 καὶ
2693 627 3023 698 κοιλότητες,
3051 626 3162 679 οὐδ’
3186 625 3252 678 ἂν
3281 624 3338 676 αἱ
3370 621 3619 676 ποικίλαι

2033 722 2316 793 συμφοραὶ
2343 721 2482 794 ἀηδῆ
2526 721 2620 775 καὶ
2659 719 2998 790 πολύδακρυν
3023 718 3120 790 τὴν
3147 717 3292 788 ζωὴν
3319 715 3479 786 ἡμῶν
3505 714 3620 768 ἀπ-

2034 827 2082 863 ει
2089 810 2368 882 ργάζοντο.
3321 842 3326 844 -

351 913 476 954 cum
508 897 923 967 exsuperantiae,
965 908 1078 951 tum
1120 896 1364 952 defectus
1420 914 1484 953 ac
1520 900 1831 963 inanitates,
1902 914 2001 954 nec
2040 900 2204 955 variis
2243 901 2378 954 adeo
2433 899 2677 954 cladibus
2713 911 2778 951 ac
2833 893 3252 958 calamitatibus,
3318 891 3616 960 injucunda

355 987 513 1044 nobis
536 988 647 1042 vita
680 1002 743 1041 ac
771 986 1135 1058 lacrymabilis
1161 989 1498 1043 redderetur.

426 1077 562 1132 Hinc
595 1079 842 1134 homines
903 1079 1139 1135 naturali
1183 1089 1363 1134 mutua
1410 1081 1620 1150 abjecta
1659 1082 1923 1147 amicitia,

353 1164 556 1220 ferrum
606 1177 832 1232 acuunt,
892 1169 1038 1223 acies
1092 1169 1384 1232 instruunt,
1440 1186 1504 1224 ac
1555 1186 1766 1226 summa
1802 1186 1924 1225 cum

355 1255 695 1310 immanitate
741 1265 992 1324 tanquam
1046 1256 1231 1311 bestia:
1288 1259 1429 1312 inter
1454 1273 1512 1312 se
1557 1261 1924 1314 committunt.

353 1345 556 1402 Caetera
590 1347 844 1416 deinceps
891 1349 1013 1417 quis
1057 1350 1432 1404 enarraverit?
1476 1349 1614 1404 Muri
1673 1351 1832 1405 validi
1865 1366 1929 1406 ac

353 1438 551 1494 excelsi
609 1439 878 1493 machinis
925 1449 1381 1509 conquassantar,
1417 1441 1582 1496 urbes
1608 1457 1925 1513 expugnan-

356 1540 476 1595 tur,
513 1543 710 1584 uxores
740 1529 1107 1596 abducuntur,
1159 1529 1310 1584 liberi
1343 1531 1394 1583 in
1427 1531 1742 1584 servitutem
1786 1530 1930 1584 redi-

356 1629 578 1688 guntur,
633 1620 746 1689 agri
790 1629 1077 1674 vastantur
1131 1636 1195 1675 ac
1267 1619 1594 1685 desolantur,
1643 1622 1932 1677 arboribus

353 1710 512 1779 ipsis,
539 1719 792 1779 tanquam
821 1710 1132 1766 hominibus
1175 1711 1336 1766 illatae
1368 1713 1474 1768 reis
1504 1711 1736 1780 injuriae,
1779 1713 1923 1767 haud

359 1812 725 1870 temperatur;
759 1804 911 1856 tnulti
948 1804 1171 1857 llorente
1221 1813 1382 1859 aetate
1418 1803 1756 1874 jugulantur,
1795 1805 1929 1859 rivi-

357 1907 464 1960 que
489 1892 767 1963 sanguinis
799 1908 827 1944 a
865 1902 1048 1961 strage
1080 1893 1406 1948 cadaverum
1434 1895 1731 1952 miserabili
1762 1894 1934 1950 ﬂuunt

357 1990 520 2049 atque
566 1981 898 2047 volvuntur;
943 1981 1229 2038 facultates
1285 1984 1518 2054 denique
1583 2001 1648 2040 ac
1705 1987 1934 2041 fortuna:

355 2086 570 2137 eorum,
595 2073 688 2140 qui
740 2072 868 2127 victi
929 2074 1152 2139 fuerint,
1203 2074 1502 2130 victoribus
1541 2077 1762 2131 cedunt.
1793 2075 1933 2145 Quid

358 2162 590 2220 deinde?
617 2163 910 2217 Viduarum
950 2162 1210 2229 lamenta,
1241 2165 1567 2234 pupillorum
1597 2165 1773 2230 ﬂetus,
1807 2180 1931 2220 cum

365 2265 618 2324 parentes
647 2270 794 2322 suos,
835 2267 947 2310 tum
977 2257 1232 2311 amissam
1273 2257 1566 2326 lugentium
1607 2258 1930 2313 libertatem.

363 2349 465 2414 Qui
502 2347 918 2413 nudiustertius,
983 2348 1273 2400 multarum
1339 2362 1763 2418 magnarumque
1793 2347 1932 2402 divi-

363 2439 558 2494 tiarum
599 2441 942 2509 possessione
1008 2440 1262 2509 pollebat,
1321 2451 1433 2494 tum
1499 2439 1728 2496 frustum
1781 2439 1934 2510 panis

362 2534 585 2588 dextera
640 2543 960 2601 exporrecta
1015 2532 1304 2586 mendicat.
1342 2529 1446 2599 Qui
1503 2532 1685 2601 plures
1748 2547 1934 2587 servos

360 2625 607 2680 textrina:
659 2623 925 2684 addictos,
983 2622 1233 2692 aedesque
1286 2622 1526 2677 vestibus
1566 2621 1792 2676 refertas
1846 2622 1937 2676 ha-

360 2716 570 2780 liuerat,
600 2714 778 2769 lacero
821 2713 1123 2783 detritoque
1171 2723 1340 2768 tectus
1367 2712 1675 2781 panniculo,
1705 2713 1937 2768 servitu-

360 2818 469 2862 tem
494 2807 610 2875 ipsc
641 2806 830 2870 servit,
865 2821 1060 2875 aquam
1091 2806 1411 2860 necessariis
1441 2805 1628 2860 usibus
1654 2807 1932 2870 convehit,

362 2900 433 2956 ab
466 2899 630 2967 cquili
679 2910 921 2954 stercora
991 2897 1244 2962 abradit,
1293 2897 1557 2967 fontisque
1599 2898 1937 2965 mancipatur

361 2990 625 3058 ejusmodi
660 2988 994 3043 ministeriis.
1028 2989 1145 3041 Alia
1183 2994 1439 3042 sexcenta
1472 2986 1611 3041 mala
1643 2997 1790 3051 sunt,
1817 3002 1937 3055 qua

364 3100 468 3138 non
508 3083 632 3138 licet
659 3082 969 3137 summatim
1001 3081 1250 3136 oratione
1272 3079 1574 3150 complecti.
1610 3079 1812 3136 Horum
1837 3095 1936 3134 au-

365 3187 473 3230 tem
500 3175 740 3229 omnium
791 3175 961 3243 origo,
1009 3187 1299 3243 causaque,
1340 3187 1405 3226 ac
1462 3174 1634 3237 radix,
1697 3173 1814 3242 plus
1844 3173 1938 3226 ba-

363 3267 521 3321 beudi
579 3264 865 3335 cupiditas,
918 3278 982 3316 ac
1038 3261 1255 3332 iniquus
1310 3263 1577 3317 bonorum
1641 3261 1939 3318 alienorum

367 3373 544 3411 amor.
579 3355 729 3410 Hanc
762 3354 1104 3408 adfectionem
1135 3363 1192 3406 ut
1219 3352 1342 3422 quis
1381 3353 1659 3407 hominum
1693 3353 1941 3423 exegerit

363 3448 580 3510 animis,
615 3447 748 3501 nihil
787 3445 1056 3514 eritquod
1084 3454 1226 3500 vetet
1278 3444 1407 3512 quin
1460 3445 1510 3499 in
1555 3445 1663 3499 alta
1710 3460 1842 3515 pace
1878 3460 1944 3501 ac

369 3537 657 3612 tranquille
686 3538 952 3598 vivamus,
994 3551 1262 3603 omneque
1313 3535 1381 3589 ab
1426 3535 1663 3590 humana
1693 3537 1800 3589 vita
1831 3535 1944 3590 bel-

369 3631 500 3693 lutn,
534 3645 597 3682 ac
631 3629 864 3682 turbatio
892 3628 1123 3682 exsulet.
1155 3626 1492 3696 Quapropter
1509 3628 1669 3682 etiam
1684 3627 1943 3682 Dominus

373 3723 512 3775 hanc
533 3718 721 3773 sedulo
755 3715 1127 3786 aegritudinem
1177 3715 1291 3769 suis
1327 3715 1547 3772 monitis
1609 3728 1783 3782 curat,
1814 3717 1941 3771 dum

372 3811 507 3866 alias
540 3810 757 3878 quidem
785 3807 1035 3869 allirmat,
1065 3819 1169 3859 non
1207 3820 1365 3875 posse
1392 3820 1490 3861 nos
1529 3807 1638 3862 Deo
1667 3808 1870 3862 servire
1890 3817 1944 3863 et

375 3920 695 3960 mammona:
723 3905 802 3970 ⁸⁸;
835 3904 970 3959 alias
1001 3914 1204 3969 autem,
1247 3905 1465 3960 divitem
1501 3906 1648 3960 illum
1687 3907 1942 3961 miserum

369 3997 705 4066 pronuntiat,
729 3997 820 4066 qui
870 3997 923 4051 in
978 3995 1276 4050 crastinum
1337 3997 1654 4062 moriturus,
1703 3998 1942 4054 diuturni

369 4088 629 4158 temporis
653 4087 873 4142 sibimet
902 4087 1222 4155 designabat
1251 4086 1471 4143 delicias
1501 4089 1582 4154 ⁸⁶;
1613 4104 1676 4144 ac
1707 4105 1829 4144 eum
1854 4092 1945 4144 de-

370 4179 533 4250 nique
560 4196 686 4236 eum
710 4181 868 4234 docet
894 4180 1218 4248 perfectum,
1257 4179 1347 4251 qui
1392 4195 1489 4235 sua
1535 4179 1716 4236 omnia
1743 4196 1946 4250 paupe-

367 4271 521 4326 ribus
554 4286 785 4341 erogaus
836 4272 919 4335 ⁸⁷,
953 4271 1094 4326 ultro
1136 4271 1202 4324 ad
1260 4271 1473 4339 inopem
1525 4272 1942 4342 phiIOSOphiam,

369 4369 598 4415 matrem
633 4360 779 4417 illam
815 4361 1032 4415 virtutis
1067 4375 1132 4415 ac
1163 4361 1626 4428 contubernalem,
1657 4364 1868 4420 transit.

439 4557 637 4612 Verum
671 4557 759 4612 hic
786 4556 915 4610 mihi
937 4556 1020 4610 vel
1057 4537 1328 4611 silentium
1360 4569 1652 4615 consuetas
1673 4576 1767 4616 eas
1785 4576 1946 4618 voces

367 4649 557 4705 audire
587 4647 792 4714 videor,
827 4647 1024 4716 quibus
1059 4647 1372 4718 plerumque
1395 4649 1706 4706 doctoribus
1737 4654 1948 4708 obstre-

370 4752 545 4812 punt:
585 4741 648 4795 Et
676 4741 966 4812 quomodo.
997 4741 1267 4814 inquiunt,
1301 4743 1464 4796 vitam
1502 4745 1968 4814 sustentabimus,-

372 4839 418 4896 si
449 4836 592 4892 nulla
627 4836 698 4890 sit
726 4835 802 4889 rei
831 4833 1118 4888 familiaris
1151 4849 1278 4889 cura
1299 4834 1324 4887 ?
1343 4834 1623 4902 Quomodo
1640 4838 1945 4892 necessaria

370 4943 688 4998 comparare
713 4925 1052 4980 valebimus?
1071 4925 1342 4996 quomodo
1366 4925 1449 4980 vel
1480 4941 1555 4981 :cs
1578 4926 1813 4980 alienum
1838 4927 1948 4983 dis-

369 5021 630 5084 solvetur,
664 5018 747 5072 vel
789 5027 1030 5072 mutuum
1088 5017 1288 5086 petenti
1330 5016 1568 5084 dabitur,
1625 5019 1671 5072 si
1715 5027 1804 5072 tuo
1835 5033 1948 5073 om-

373 5127 472 5168 nes
510 5111 753 5166 obsecuti
785 5109 1031 5175 consilio,
1090 5117 1463 5178 paupertatem
1512 5107 1744 5178 amplexi
1778 5107 1944 5164 fueri-
1983 5171 1987 5176 Q

373 5204 529 5260 mus?
559 5201 793 5256 lulldelis
851 5201 1075 5256 verbum
1141 5201 1290 5255 hoc:
1360 5199 1663 5268 insipientis
1712 5214 1837 5267 vox,
1883 5216 1949 5256 ac

370 5295 488 5366 ejus
503 5293 596 5364 qui
631 5292 859 5354 nesciat,
890 5291 1092 5345 habere
1129 5304 1226 5344 nos
1251 5287 1556 5352 Dominum,
1601 5287 1791 5351 Deum,
1830 5287 1952 5342 vita:

375 5385 792 5455 gubernatorem
820 5394 884 5433 ac
935 5378 1386 5448 dispensatorem,
1429 5375 1518 5444 qui
1551 5376 1750 5430 creatis
1778 5375 1871 5431 abs
1893 5391 1951 5432 se

375 5474 739 5530 animantibus
787 5471 1112 5536 necessaria,
1167 5485 1289 5524 cum
1341 5468 1594 5523 alimenta
1622 5469 1945 5538 suppeditet,

379 5575 492 5624 tum
523 5576 852 5636 tegumenta.
893 5564 1077 5621 Divina
1119 5561 1264 5618 enim
1315 5559 1649 5630 providentia
1709 5561 1853 5616 fovet
1884 5576 1947 5616 ac

444 5744 642 5804 "Luc.
675 5745 894 5813 “1,15.
972 5744 1170 5802 l“huc.
1206 5760 1302 5814 xtl,
1339 5743 1428 5801 20.

2116 1077 2397 1133 Ἐντεῦθεν
2423 1077 2520 1148 τὴν
2550 1075 2786 1146 φυσικὴν
2830 1073 2965 1145 πρὸς
2995 1071 3258 1142 ἀλληλους
3288 1069 3472 1138 φιλίαν
3507 1069 3617 1121 ἀπ-

2029 1174 2235 1228 ώλεσαν
2263 1172 2557 1244 ἄνθρωποι,
2594 1170 2686 1222 καὶ
2714 1168 2929 1237 σίδηρον
2965 1163 3222 1227 ἀκονῶσι,
3252 1163 3345 1216 καὶ
3377 1177 3617 1230 συγκρο-

2029 1265 2182 1319 τοῦσι
2223 1263 2576 1335 παρατάξεις,
2607 1263 2703 1315 καὶ
2735 1260 2924 1330 ὥσπερ
2947 1256 3068 1310 τινὰ
3095 1255 3256 1328 θηρία
3300 1254 3434 1325 μετά
3481 1253 3616 1306 πολ-

2030 1355 2128 1425 λῆς
2158 1353 2258 1423 τῆς
2282 1353 2604 1425 ἀγριότητος
2630 1351 2879 1422 ἀλλήλοις
2907 1348 3255 1401 συνάπτουσι.
3289 1346 3372 1398 Τὰ
3395 1345 3451 1397 δὲ
3481 1344 3618 1397 ἀκό-

2033 1443 2199 1497 λουθα
2235 1442 2444 1505 τούτοις
2498 1440 2612 1504 πῶς
2662 1441 2726 1494 ἄν
2769 1455 2852 1501 τις
2895 1438 2990 1490 καὶ
3041 1435 3399 1506 ἐξηγήσαιτο;
3443 1435 3613 1505 Τείχη

2035 1530 2279 1602 καρτερά
2315 1531 2427 1592 τοῖς
2468 1529 2822 1599 μηχανήμασι
2867 1526 3237 1589 κατασείεται,
3289 1525 3382 1577 καὶ
3427 1524 3618 1587 πόλεις

2035 1621 2366 1686 ἁλίσκονται,
2403 1620 2496 1673 καί
2529 1623 2784 1689 γυναῖκες
2809 1618 3050 1687 ἄγονται,
3087 1618 3179 1670 καὶ
3208 1617 3395 1682 παῖδες
3418 1616 3620 1687 ἀνδρα-

2033 1710 2357 1774 ποδίζονται’
2385 1709 2642 1778 τέμνεται
2670 1709 2739 1778 γῆ
2772 1709 2863 1761 καὶ
2892 1708 3158 1778 κείρεται,
3202 1709 3296 1761 καὶ
3321 1708 3389 1760 τὰ
3419 1707 3620 1776 δένδρα

2034 1800 2394 1872 πολεμοῦνται
2418 1801 2494 1864 ὡς
2515 1801 2871 1870 ἀδικήσαντες
2903 1798 3200 1869 ἄνθρωποι·
3239 1799 3395 1867 φόνος
3420 1797 3476 1850 δὲ
3503 1797 3619 1852 τῶν

2034 1891 2092 1944 ἐν
2121 1891 2272 1960 ἀκμῇ
2310 1889 2496 1952 πολὺς,
2550 1889 2645 1941 καὶ
2703 1889 2751 1940 οἱ
2793 1886 2888 1940 τοῦ
2920 1887 3151 1956 αἵματος
3192 1887 3391 1958 ρύακες
3437 1887 3619 1956 ἀπορ-

2037 1983 2217 2055 ρέουσι
2247 1981 2355 2034 τῶν
2381 1980 2582 2034 ἀθλίων
2614 1980 2902 2050 σωμάτων·
2927 1982 2956 2032 ὁ
2983 1979 3038 2031 δὲ
3061 1977 3290 2040 πλοῦτος
3313 1977 3420 2030 τῶν
3448 1979 3622 2048 ἡττη-

2035 2075 2255 2138 θέντων,
2287 2069 2447 2126 ἆθλον
2471 2071 2580 2125 τῶν
2610 2069 3024 2142 κρατησάντων.
3071 2070 3193 2123 Ἐπὶ
3217 2068 3426 2132 τούτοις
3457 2068 3623 2139 ὀδυρ-

2038 2169 2129 2240 μοὶ
2153 2167 2399 2239 χηρείας,
2428 2165 2682 2238 ὀρφανῶν
2712 2165 2942 2236 δάκρυα,
2973 2166 3068 2218 καὶ
3094 2164 3334 2236 πατέρας
3361 2163 3494 2234 ὁμοῦ
3521 2164 3624 2216 κα.)⁸

2035 2261 2131 2330 τὴν
2190 2259 2501 2330 ἐλευθερίαν
2557 2256 2918 2328 θρηνούντων·
2981 2258 3010 2310 ό
3046 2257 3104 2310 δὲ
3171 2255 3364 2328 πρώην
3427 2256 3622 2326 κύριος

2036 2350 2266 2405 πλούτου
2295 2350 2514 2413 πολλοῦ,
2551 2349 2716 2419 ἄρτου
2749 2351 2993 2419 μεταιτεῖ
3026 2348 3281 2419 τέμαχος,
3318 2347 3624 2419 προτείνων

2033 2441 2133 2512 τὴν
2177 2440 2378 2506 δεξιάν·
2422 2441 2515 2494 καὶ
2567 2442 2595 2492 ὁ
2643 2437 2867 2500 πολλοὺς
2913 2437 3052 2507 ἔχων
3089 2438 3306 2501 δούλους
3355 2438 3620 2506 ὑφάντας,

2037 2536 2130 2590 καὶ
2151 2535 2328 2598 οἰκίας
2357 2533 2632 2604 γεμούσας
2655 2536 2918 2606 ἐσθήτων,
2956 2533 3121 2604 ῥάκια
3146 2531 3618 2602 περιϐεϐλημένη

2034 2626 2293 2690 δουλεύει,
2329 2624 2472 2696 ὕδωρ
2499 2626 2636 2697 πρὸς
2669 2626 2912 2696 ἀνάγκην
2945 2625 3206 2696 κομίζων,
3251 2625 3346 2678 καὶ
3388 2624 3480 2677 τοῦ
3529 2626 3623 2679 ἱπ-

2037 2717 2219 2780 πῶνος
2280 2716 2533 2782 ἀποξύων
2602 2717 2701 2788 τὴν
2759 2718 2985 2789 κόπρον,
3044 2717 3138 2768 καὶ¹
3187 2718 3307 2777 ταῖς
3366 2715 3621 2786 αἰσχραῖς

2037 2806 2364 2879 ὑπηρεσίαις
2403 2807 2836 2878 διακονούμενος
2871 2807 3006 2860 ἀλλα
3041 2806 3208 2877 μυρία
3237 2806 3403 2872 κακά,
3446 2807 3482 2861 ἃ
3517 2824 3623 2861 πε-

2040 2896 2280 2967 ριλαϐεῖν
2308 2894 2518 2965 ἀθρόως
2545 2895 2818 2950 ἀδύνατον.
2855 2895 3073 2949 Τούτων
3099 2895 3155 2949 δὲ
3190 2885 3407 2949 πάντων
3447 2896 3620 2970 ἀρχὴ,

2039 2987 2134 3040 καὶ
2160 2987 2326 3048 αἰτία,
2367 2987 2460 3040 καὶ
2495 2987 2640 3059 ῥίζα,
2676 2991 2709 3059 ή
2753 2987 2847 3041 τοῦ
2882 2989 3126 3052 πλείονος
3159 2977 3440 3059 ἐπιθυμία,
3477 2988 3622 3060 ἔρως

2041 3077 2222 3143 ἄδικος
2251 3078 2357 3131 τῶν
2390 3078 2683 3153 ἀλλοτρίων
2712 3081 3027 3151 κτημάτων.
3067 3081 3128 3132 Εί
3168 3080 3223 3133 δέ
3259 3098 3343 3144 τις
3368 3081 3522 3134 τοῦτο
3556 3081 3622 3137 τὸ

2041 3170 2214 3234 πάθος
2239 3171 2346 3223 τῶν
2378 3168 2677 3240 ἀνθρώπων
2700 3171 2974 3242 ἐξέκοψεν,
3005 3172 3158 3224 οὐδὲν
3182 3171 3450 3226 ἐκώλυσεν
3473 3173 3624 3244 εἰρή-

2040 3280 2138 3334 νην
2173 3263 2270 3333 μέν
2311 3263 2389 3334 τῷ
2425 3263 2523 3334 βίῳ
2568 3262 2788 3332 βαθεῖαν
2831 3263 3304 3333 ἐμπολιτεύεσθαι,
3349 3263 3624 3334 πολέμους

2041 3355 2099 3408 δὲ
2132 3355 2226 3408 καὶ
2257 3355 2498 3425 ταραχὰς
2524 3354 2583 3419 ἐξ
2611 3353 2912 3422 ἀνθρώπων
2942 3354 3364 3425 φυγαδευθῆναι,
3389 3355 3622 3409 ἐπανελ-

2043 3447 2154 3499 θεῖν
2185 3446 2242 3499 δὲ
2275 3447 2484 3509 πάντας
2517 3447 2608 3499 ἐπὶ
2640 3446 2736 3517 τὴν
2765 3445 2908 3499 κατὰ
2934 3445 3096 3516 φύσιν
3127 3447 3361 3518 στοργήν
3395 3447 3491 3500 καὶ
3527 3465 3622 3516 φι-

2043 3537 2180 3589 λίαν.
2212 3536 2310 3588 Διά
2340 3535 2498 3588 τοῦτο
2533 3538 2627 3589 καὶ
2671 3538 2700 3589 ό
2737 3536 2939 3607 Κύριος
2977 3537 3146 3608 ήμῶν
3195 3538 3470 3610 ἐπιμελῶς
3507 3541 3624 3603 τοῖς

2045 3626 2468 3698 παραγγέλμασι
2518 3626 2722 3696 ταύτην
2757 3627 2966 3692 ἐξιᾶται
3014 3627 3110 3700 τὴν
3152 3630 3324 3693 νόσον,
3361 3629 3490 3684 ποτὲ
3523 3631 3625 3700 μὲν

2043 3717 2496 3787 ἀποφαινόμενος·
2543 3719 2618 3770 Ού
2649 3719 2876 3773 δύνασθε
2924 3720 3041 3791 Θεῷ
3075 3719 3364 3785 δουλεύειν,
3414 3721 3507 3775 καὶ
3545 3723 3626 3793 τῷ

2049 3809 2300 3879 μαμωνᾷ·
2347 3809 2475 3861 ποτέ
2507 3808 2564 3863 δέ
2587 3809 2679 3864 τὸν
2710 3810 2963 3865 πλούσιον
2995 3815 3200 3867 ἐκεῖνον
3267 3814 3449 3868 ἀθλιον
3489 3814 3615 3867 ἀπο-

2046 3899 2271 3967 φαίνων,
2296 3899 2386 3952 τὸν
2415 3903 2483 3970 τῇ
2515 3901 2642 3970 ἐξῆς
2674 3903 2931 3975 τελευτᾷν
2963 3904 3246 3974 μέλλοντα,
3275 3907 3369 3959 καὶ
3397 3905 3495 3976 τὴν
3527 3923 3624 3976 μα-

2046 3991 2362 4062 κροχρόνιον
2431 3993 2724 4047 ἀπόλαυσιν
2799 3996 2896 4067 τὴν
2970 3997 3184 4068 τρυφῆς
3249 3998 3428 4067 ἐαυτῷ
3492 4015 3619 4070 προ-

2045 4084 2338 4138 τυποῦντα·
2401 4087 2492 4139 καὶ
2560 4087 2789 4159 ἀλλαχοῦ
2854 4089 2945 4142 τὸν
3015 4090 3215 4144 τέλειον
3280 4093 3484 4145 ἐκεῖνον
3547 4087 3626 4145 εἷ-

2047 4193 2134 4230 ναι
2187 4175 2472 4241 διδάσκων,
2524 4177 2582 4242 ὃς
2637 4178 2702 4232 ἂν
2755 4181 2991 4246 πάντων,
3037 4174 3111 4234 ὧν
3163 4181 3295 4253 ἔχει,
3346 4185 3459 4246 τοῖς
3506 4182 3627 4236 δεο-

2051 4267 2232 4338 μένοις
2291 4269 2717 4340 παραχωρήσας,
2789 4271 2921 4341 πρὸς
2978 4270 3076 4342 τήν
3135 4273 3420 4343 ἀκτήμονα
3479 4272 3617 4341 φιλο-

2053 4357 2244 4426 σοφίαν
2268 4359 2648 4429 αύτομολήσει,
2680 4360 2778 4430 τὴν
2815 4361 3026 4434 μητέρα
3048 4363 3145 4435 τῆς
3173 4364 3372 4436 ἀρετῆς
3391 4365 3484 4418 καὶ
3497 4364 3627 4435 ὁμό-

1975 4469 2028 4529 D
2055 4464 2264 4500 σκευον.

2138 4560 2298 4614 Ἀλλά
2347 4577 2436 4630 μοι
2479 4561 2620 4614 δοκῶ
2668 4563 2760 4615 κα)⁵
2796 4563 3127 4618 σιωπώντων
3169 4564 3387 4618 ἀκούειν
3419 4566 3528 4619 τῶν
3566 4568 3628 4622 ἐκ

2055 4652 2340 4723 συνηθείας
2369 4651 2437 4705 τά
2474 4651 2695 4706 τοιαῦτα
2741 4654 3126 4726 φθεγγομένων
3155 4657 3292 4728 πρὸς
3322 4659 3448 4720 τοὺς
3481 4659 3607 4714 διδάι

2055 4758 2317 4806 σκοντας⁶
2356 4743 2465 4796 Καὶ
2512 4742 2628 4806 πῶς
2674 4745 2810 4815 πρὸς
2844 4745 2934 4798 τὸν
2977 4746 3090 4815 βίον
3137 4747 3537 4819 διατελέσομεν,
3581 4751 3630 4803 ετ

2053 4835 2307 4908 ήκτῆσις
2355 4835 2463 4888 τῶν
2501 4835 2800 4906 χρημάτων
2851 4835 3189 4907 ἀμεληθείη;
3239 4836 3356 4902 πῶς
3403 4839 3459 4891 δὲ
3509 4841 3630 4904 ταῖς

2057 4927 2269 4998 χρείαις
2325 4925 2738 4998 ἐπαρκέσομεν;
2804 4927 2921 4990 πῶς
2979 4927 3273 4999 λυθήσεται
3326 4929 3630 5002 δάνεισμα;

2053 5018 2170 5082 πῶς
2203 5018 2260 5070 δὲ
2294 5017 2385 5070 καὶ
2413 5018 2698 5088 δοθήσεται
2729 5019 2885 5084 δάνος
2911 5019 2990 5091 τῷ
3021 5022 3292 5091 ζητοῦντι,
3328 5023 3395 5075 ἂν
3428 5025 3630 5090 πάντες

2053 5102 2204 5178 ὦμεν
2231 5107 2317 5160 διὰ
2358 5109 2457 5178 τὴν
2494 5110 2594 5180 σὴν
2639 5109 2958 5182 παραίνεσιν
3000 5113 3227 5183 ἄποροι;
3283 5113 3536 5168 Ἀπίστου
3569 5117 3632 5170 τὺ

2056 5200 2227 5271 ῥῆμα,
2274 5198 2528 5264 ἀσύνετος
2591 5202 2620 5271 ή
2671 5201 2842 5273 φωνὴ,
2895 5203 2994 5255 ούκ
3042 5203 3261 5268 εἰδότος,
3305 5204 3386 5257 ὅτι
3424 5207 3625 5260 Δεσπό-

2047 5311 2146 5363 την
2189 5292 2383 5363 ἔχομεν
2413 5292 2503 5346 τὸν
2531 5293 2684 5357 Θεὸν,
2728 5293 3010 5365 οἰκονόμον
3054 5295 3146 5348 τοῦ
3194 5295 3332 5365 βίου,
3366 5296 3444 5367 τῷ
3477 5315 3634 5366 γενο-

2050 5384 2195 5455 μένῳ
2230 5383 2353 5454 ζώῳ
2392 5385 2519 5456 παρ’
2553 5385 2744 5440 ἐαυτοῦ
2769 5385 3106 5458 χορηγοῦντα
3135 5386 3204 5441 τὰ
3235 5389 3498 5460 χρήσιμα,
3535 5389 3634 5444 καὶ

2047 5475 2172 5539 τοὺς
2219 5476 2551 5545 ἀναγκαίους
2608 5479 2908 5550 πορισμοὺς
2950 5478 3049 5550 τῆς
3091 5481 3318 5552 τροφῆς,
3373 5481 3465 5534 καὶ
3521 5480 3632 5534 τῶν

2050 5569 2452 5642 σκεπασμάτων
2477 5569 2574 5644 τὴν
2610 5571 2816 5643 χρείαν.
2856 5570 2918 5624 Ἡ
2949 5570 3055 5643 γὰρ
3089 5573 3312 5642 πρόνοια
3345 5571 3438 5627 τοῦ
3486 5571 3626 5627 Θεοῦ

1519 5745 1562 5776 εν
1593 5743 1781 5802 Matth.
1815 5761 1926 5816 ιιι,
1959 5746 2045 5803 ει.
