3824 6270
192 270 286 329 213
1192 283 1482 343 ΗοΜιιιΑ
1520 288 1610 348 ΙΙΙ.
1648 293 1702 346 At

1948 296 2024 354 DS
2054 298 2459 356 AVARITIAM.
3341 300 3458 357 2M

191 389 287 487 τιῦν
314 391 540 487 οίκείων
582 395 903 487 ποιημάτων
948 400 1101 456 ἐστὶν
1150 407 1508 480 περιεκτική·
1543 410 1639 463 καὶ
1682 427 1701 463 1

1938 424 2061 470 etur
2081 430 2180 472 sua
2206 431 2403 487 Opera;
2457 427 2554 471 nec
2595 429 2833 486 unquam
2879 431 2935 473 In
2959 415 3312 475 lidedivitem
3345 432 3442 487 op-

191 483 356 535 πίστει
404 483 779 552 πλουτοῦντα,
856 489 1049 556 πενίας
1098 493 1445 551 οὐδεπώποτε
1496 500 1698 571 κατέσχ

1932 506 2071 559 ’θεείι
2095 483 2435 574 paupeﬂatis
2465 483 2727 566 aerumna.
2768 504 2872 562 Ubi
2932 516 3111 563 autem
3142 483 3442 577 exemplum

499 575 599 666 ’ξν
629 576 686 631 δὲ
736 577 843 663 τῶν
887 579 1049 634 θείων
1103 585 1445 657 προκομίσας
1489 589 1702 660 λόγωνε

1931 608 2038 646 mm
2063 573 2129 648 es
2156 573 2433 663 Scriptura
2460 593 2527 648 ad
2550 593 2627 649 rei
2680 595 3027 652 astruendam
3064 595 3222 652 ﬁdem
3255 573 3441 666 protu-

190 662 448 728 ἀπόδειξιν
465 663 568 718 τοῦ
594 662 980 740 προκειμένου,
1004 671 1217 746 ἱκανὴν,
1247 674 1326 740 ὡς
1353 673 1525 763 οἴμαι,
1560 697 1700 753 μαρτ

192 752 302 820 ρίαν
332 754 586 820 παρέξω.

1650 698 1769 753 ρτυ-
1871 681 2006 747 lero,
2032 682 2185 747 satis,
2225 662 2369 751 reor,
2393 691 2644 739 testatam
2674 684 2818 740 illam
2855 686 3160 742 reddidero.

192 768 302 823 ριαν
332 770 451 825 παρ

261 843 345 897 Ἦν
368 849 438 918 τῇ
471 849 589 903 τῶν
628 849 924 908 Βασιλειῶν
970 856 1181 929 ἱστορίᾳ
1224 859 1364 932 γυνή
1414 879 1499 926 τις
1565 864 1766 934 ἀναγέ-

1943 862 2001 918 In
2035 861 2347 934 Regnorum
2373 863 2596 921 historia
2648 864 2840 920 mulier
2868 851 3110 935 quaedam
3160 867 3317 920 vidua
3350 868 3442 919 du-

186 951 414 1031 γραπται
466 941 638 1012 χήρα,
691 943 1034 1021 βαρυνομένη
1079 948 1201 1005 λίαν
1243 955 1312 1025 τῇ
1363 959 1619 1030 συμφορᾷ
1668 976 1696 1012 τ

1936 955 2072 1024 ripta
2127 964 2234 1021 est,
2288 954 2492 1012 aﬂlicta
2536 956 2691 1012 valde
2750 972 2849 1027 pro
2878 956 3171 1013 solitudine
3199 955 3442 1012 ".llauc

192 1027 491 1097 μονώσεως.
538 1033 878 1108 Ἐπολιόρκει
920 1037 978 1093 δὲ
1023 1040 1197 1115 αὑτὴν
1236 1043 1522 1118 δανειστὴς
1549 1027 1700 1118 ⁷φιλά

1930 1063 2069 1104 ναι-υς
2098 1062 2163 1103 ac
2196 1048 2522 1103 inhumanus
2548 1047 2769 1119 urgebat
2804 1048 3095 1115 fenerator,
3130 1049 3273 1119 ipsas
3304 1063 3440 1120 quo-

187 1135 340 1217 γυρος
366 1122 466 1175 καὶ
510 1126 929 1217 μισάνθρωπος,
964 1131 1221 1205 ἐνέχυρον
1252 1136 1380 1200 τοὺς
1421 1138 1571 1204 υίοὺς
1596 1140 1697 1209 ἀφα

2009 1139 2247 1209 pignoris
2301 1138 2422 1194 loco
2473 1139 2756 1195 ablaturus
2803 1139 3000 1210 proles,
3061 1154 3197 1207 quas
3244 1150 3440 1210 praeter
3490 1173 3495 1183 ι

497 1213 596 1278 οὓς
638 1217 833 1287 μόνους
877 1215 1024 1290 εἶχεν
1072 1224 1194 1277 ἀντὶ
1239 1225 1457 1281 πάντων
1491 1231 1525 1300 ή

1969 1208 2239 1287 "miserm
2257 1231 2520 1302 reliquum
2556 1240 2697 1287 erat.
2722 1208 2909 1301 itaque
2930 1245 3053 1287 cum
3086 1231 3139 1285 in
3166 1208 3479 1291 extremas;

203 1300 340 1354 Ἐπεὶ
359 1300 418 1354 δὲ
442 1305 531 1369 είς
556 1305 867 1378 ἀμηχανίαν
887 1311 1023 1384 αὑτῇ
1043 1317 1416 1388 περιειστήκει
1431 1319 1492 1372 τὸ

1926 1331 2010 1378 set
2041 1323 2256 1378 redacta
2284 1300 2582 1393 angustias,
2612 1337 2674 1377 ac
2691 1300 2849 1377 nemo
2873 1323 3155 1393 quisquam
3183 1321 3436 1377 ditiorum

191 1393 275 1487 καὶ
312 1393 492 1458 οὐδεὶς
535 1396 683 1466 ἠλέει
727 1400 838 1454 τῶν
888 1403 1120 1473 ἐχόντων
1159 1409 1402 1479 χρυσίον,
1435 1406 1597 1483 ἦλθεν
1630 1432 1701 1487 πρ

1930 1414 2215 1469 iseratione
2247 1422 2582 1483 tangerctur,
2618 1414 2684 1468 ad
2737 1413 3009 1468 hominem
3038 1412 3169 1466 adiit
3193 1411 3440 1466 humani-

189 1486 270 1574 τον
302 1487 497 1558 ἔχοντα
544 1492 955 1564 φιλανθρωπίαν
987 1496 1083 1550 καὶ
1114 1499 1318 1555 πίστιν.
1374 1486 1685 1570 Ἐλισσαῖος

1930 1514 1981 1560 te
2028 1520 2093 1559 ac
2135 1504 2239 1559 ﬁde
2286 1515 2559 1560 ornatum.
2611 1504 2816 1559 Eliseus
2854 1503 2941 1559 hic
2980 1511 3099 1557 erat
3154 1504 3436 1574 propheta.

189 1572 327 1643 οὗτος
371 1576 443 1652 ἦν
490 1583 522 1635 δ
573 1585 878 1657 προφήτης,
922 1586 1064 1660 ἀνὴρ
1103 1590 1370 1664 ἀκτήμων
1414 1594 1523 1650 τῶν
1563 1598 1699 1667 γηίνι

1930 1597 2097 1652 rrenis
2119 1597 2337 1668 quidem
2364 1596 2520 1652 bonis
2558 1609 2772 1660 carens,
2801 1595 3134 1665 incorporeis
3158 1603 3334 1648 autem
3375 1609 3440 1649 ac

190 1670 338 1735 ὑλῶν,
371 1674 471 1727 καὶ
499 1676 955 1749 περισσευόμενος
980 1681 1083 1752 τῆς
1103 1683 1397 1755 ἀσωμάτου
1426 1690 1700 1759 περιουσία

1929 1688 2178 1743 elestibus
2210 1688 2426 1759 copiose
2448 1688 2791 1754 instructus;
2843 1687 3198 1757 philosophus
3225 1686 3292 1742 ab
3314 1701 3439 1741 ara-

191 1762 462 1834 φιλόσοφος
493 1766 557 1833 ἐξ
585 1767 890 1841 ἀροτήρων,
911 1750 1112 1840 ἄοικος,
1140 1750 1406 1844 ἀνέστιος,
1434 1750 1701 1854 μονοείμω

1924 1794 1969 1846 o,
1992 1780 2110 1834 sine
2127 1779 2285 1833 domo
2316 1792 2382 1834 ac
2413 1777 2556 1845 lare;
2589 1788 2741 1833 veste
2766 1791 2870 1830 una
2897 1790 2961 1830 ac
2981 1775 3214 1844 simplici
3240 1782 3434 1839 utens;

190 1855 367 1908 νεωστὶ
391 1856 497 1926 μὲν
526 1859 627 1931 κλη
637 1864 966 1934 ρονομήσας,
986 1864 1084 1937 τὴν
1107 1866 1164 1920 δέ
1191 1867 1555 1942 κληρονομίαν
1583 1871 1700 1927 λαός

1928 1885 2036 1939 ψει·
2068 1869 2285 1939 quidem
2348 1879 2539 1925 auctus
2592 1867 2942 1932 hrereditate,
2991 1881 3054 1921 ea
3107 1876 3284 1922 tamen
3318 1866 3438 1922 vilis

194 1945 433 2021 μηλωτὴν
459 1949 688 2017 εὔωνον,
726 1956 823 2011 καὶ
853 1956 1101 2027 εὐλογίαν
1130 1958 1383 2031 ἀόρατον,
1414 1962 1513 2017 τοῦ
1537 1964 1704 2036 πυρίν

1927 1961 2306 2030 mtaxatpretii
2334 1960 2565 2024 melotm,
2613 1960 3007 2030 invisibilisque
3047 1959 3437 2015 benedictionis

192 2037 425 2131 ἀρματος
471 2043 838 2102 ἐκπεσοῦσαν.
883 2050 958 2103 Ob
999 2050 1104 2122 μὴν
1134 2052 1415 2125 ἄπρακτον
1445 2055 1546 2130 τὴν
1577 2059 1702 2113 ίκέττ

1924 2067 2019 2108 neo
2046 2067 2208 2108 curru
2229 2052 2460 2121 delapsa:
2493 2051 2560 2105 ".
2616 2050 2767 2107 Haud
2816 2052 3093 2107 enimvero
3119 2049 3434 2121 supplicem,

191 2126 535 2222 ἀλιτέϊεεμιῖνεν.Δ
566 2134 689 2188 οὐδὲ
724 2136 948 2207 ἀπέγνω
988 2140 1090 2212 τῆς
1134 2141 1407 2214 βοηθείας,
1458 2126 1645 2219 ἐπειδὴ
1687 2167 1701 2221 ε

1929 2165 1934 2196 ι
1975 2144 2197 2209 infecta,
2224 2144 2453 2208 remisit.
2480 2158 2579 2200 nec
2602 2144 2666 2199 de
2688 2143 2887 2198 auxilio
2902 2143 3157 2198 continuo
3183 2142 3439 2210 despera-

192 2219 356 2289 παρῆν
400 2221 464 2275 τὸ
517 2220 886 2297 ζητούμενον·
927 2229 1046 2283 οὐδὲ
1096 2227 1250 2286 εἶπεν
1282 2234 1485 2307 ἀγεννῆ
1520 2219 1702 2293 τινακ

1931 2248 1968 2299 t,
2007 2238 2147 2306 quod
2180 2251 2295 2290 non.
2310 2244 2455 2291 esset
2503 2236 2556 2291 in
2608 2245 2856 2304 promptu
2885 2235 3025 2305 quod
3055 2234 3436 2304 quaerebatur;

190 2310 376 2365 ἄπιστα
404 2313 653 2386 ῥήματα,
689 2317 766 2383 ὡς
793 2314 873 2383 εἷς
903 2320 1012 2376 τῶν
1044 2322 1278 2379 πολλῶν⁹
1308 2327 1419 2381 Καὶ
1453 2328 1614 2383 πόθεν
1643 2330 1700 2402 ἐμ

1923 2340 1961 2378 tc
1992 2325 2152 2379 verba
2183 2325 2427 2393 quaedam
2464 2323 2747 2394 degeneris
2802 2340 2864 2380 ac
2919 2324 3209 2380 dillidcntis
3272 2326 3433 2378 animi

193 2402 459 2474 ἀργύριον,
510 2404 655 2461 ὥστε
706 2408 954 2464 διαλῦσαι
1001 2411 1066 2465 τὸ
1126 2412 1384 2487 δφλημα;
1441 2417 1651 2493 Ὥσπερ

1932 2414 2102 2481 otulit,
2155 2429 2218 2471 ac
2267 2416 2444 2486 qualia
2494 2431 2631 2472 unus
2683 2416 2947 2486 quispiam
2988 2431 3020 2471 e
3051 2415 3247 2485 vulgo:
3279 2413 3442 2470 Unde

193 2494 394 2563 ἀριστος
449 2498 658 2570 ίατρὸς,
706 2504 801 2555 καὶ
856 2505 1166 2576 φαρμάκων
1217 2507 1292 2579 μὴ
1348 2509 1648 2581 παρόντων,

1919 2522 1991 2560 :ro
2018 2505 2145 2562 mihi
2178 2508 2404 2577 pecunia
2430 2515 2488 2561 ut
2541 2506 2798 2564 solvendo
2841 2507 2987 2562 sim?
3013 2506 3081 2562 Ut
3112 2516 3293 2561 autem
3333 2521 3429 2575 pe-

198 2584 428 2640 ἐπινοιῶν
471 2590 791 2661 παραδόξων
840 2587 967 2666 εὗρε
1012 2597 1078 2667 τῇ
1131 2596 1270 2668 νόσῳ
1298 2598 1401 2669 τὴν
1446 2598 1610 2665 ἴασιν,
1646 2620 1708 2656 κα

1924 2599 2154 2655 tissimus
2184 2599 2443 2665 medicus,
2466 2600 2677 2656 tametsi
2713 2599 3105 2659 medicamenta
3128 2598 3194 2653 ad
3216 2613 3434 2654 manum

200 2676 253 2727 Τί
274 2691 389 2742 σοι,
430 2681 623 2752 φησιν,
670 2682 767 2736 ἐπὶ
806 2683 920 2753 τῆς
959 2687 1172 2753 οἰκίας.
1211 2683 1259 2742 ὦ
1286 2690 1499 2758 ﬁrm;
1533 2692 1710 2764 qupu

1922 2700 2177 2758 merant,
2219 2691 2400 2746 subtili
2471 2693 2711 2759 invento,
2772 2693 2943 2747 ttttirbi
3008 2691 3303 2746 remedium
3338 2708 3432 2744 uo-

196 2782 383 2833 νευσον,
429 2771 485 2824 et
508 2787 565 2824 τι
607 2773 702 2825 καλ⁵
743 2772 923 2843 ὀλίγον
954 2775 1100 2830 ένδον
1133 2778 1407 2849 τυγχάνει.
1438 2780 1627 2845 Οὐδεὶς
1654 2783 1706 2851 γὲ

2015 2783 2373 2852 excogitavit;
2412 2791 2511 2839 et:
2568 2782 2713 2849 Quid
2754 2784 2934 2848 habes,
2968 2782 3166 2853 inquit,
3224 2782 3431 2848 mulier,
3504 2832 3508 2841 .

197 2857 350 2923 οὑτως
376 2862 571 2934 πένης,
606 2864 683 2928 ὡς
712 2864 967 2932 καθάπαξ
1007 2868 1233 2939 μηδενὸς
1258 2870 1448 2943 κύριος
1478 2868 1636 2929 εἶναι.
1674 2876 1707 2927 'l

1947 2875 2101 2930 domo
2124 2874 2333 2929 tua”?
2357 2874 2471 2940 Dic,
2506 2875 2686 2940 sodes,
2721 2876 2765 2930 si
2795 2875 2920 2945 quid
2970 2875 3065 2930 tibi
3102 2875 3156 2930 in
3190 2889 3252 2930 ea
3306 2873 3429 2929 reli-

199 2947 246 3002 δέ
277 2947 443 3020 εἶπεν,
496 2955 583 3008 ὅτι
618 2955 883 3028 κεράμιόν
916 2960 1082 3024 ἐστιν,
1119 2961 1213 3014 καὶ
1242 2961 1492 3032 λείψανον
1524 2965 1582 3018 ἐν
1614 2967 1709 3019 αὐτ

1928 2981 2027 3020 tum
2061 2976 2165 3021 est.
2190 2964 2299 3020 Nec
2319 2967 2462 3020 enim
2501 2967 2788 3036 quisquam
2818 2969 2953 3021 adeo
2973 2981 3200 3036 pauper,
3235 2975 3294 3020 ut
3320 2965 3438 3021 nul-

201 3040 352 3153 Eosz
401 3044 627 3100 ἐλαίου·
682 3049 1111 3121 Παρασκεύασόν
1162 3045 1273 3123 μοι,
1325 3048 1499 3117 εἶπεν,
1555 3056 1711 3127 πλῆθ‹

1926 3072 1969 3112 ts
1997 3056 2153 3126 plane
2191 3060 2268 3113 rei
2297 3059 2553 3113 dominus
2573 3059 2665 3115 sit.
2713 3058 2809 3114 Ubi
2845 3073 2973 3114 vero
3016 3056 3313 3128 respondit,
3342 3073 3436 3111 vas

200 3131 432 3202 ἀγγείων.
460 3139 574 3192 Καὶ
604 3141 637 3212 ἡ
669 3139 766 3212 μὲν
790 3143 1119 3214 ηὐτρέπισεν
1138 3164 1149 3176 ·
1178 3146 1207 3198 ὁ
1228 3143 1285 3198 δὲ
1313 3145 1380 3199 δι’
1405 3146 1575 3219 αὐτῆς
1595 3149 1710 3203 ἐπλτ

1927 3163 1982 3203 se
2017 3148 2177 3204 llctile
2203 3164 2325 3204 cum
2353 3150 2473 3205 oleo
2510 3148 2789 3220 pauxillo:
2824 3148 2953 3214 Fac,
2989 3148 3078 3211 ait.
3114 3148 3280 3203 multa
3304 3149 3437 3204 mihi

204 3240 374 3293 ρωσεν,
424 3229 524 3283 καὶ
567 3226 646 3301 τῷ
683 3230 933 3306 δανειστῇ
980 3234 1196 3307 διελύθη
1236 3236 1300 3290 τὸ
1348 3237 1605 3310 ὄφλημα·
1639 3241 1714 3311 iii

1924 3257 1991 3296 tsa
2028 3257 2205 3312 pares.
2241 3242 2307 3296 Et
2332 3244 2447 3313 ipsa
2482 3242 2696 3311 quidem
2726 3241 2935 3311 paravit
2959 3258 2973 3308 ;
2993 3240 3083 3297 ille
3113 3250 3293 3295 autem
3316 3240 3434 3309 ejus

201 3318 317 3389 γυνή
342 3320 609 3393 ἀπῆλθεν,
633 3323 692 3389 ἐξ
717 3324 936 3395 ἀπόρων
961 3326 1196 3399 εὑροῦσα
1228 3329 1318 3384 τὸν
1348 3330 1533 3403 πόρον.
1558 3331 1631 3386 Τὸ
1651 3332 1711 3403 γὸ

1940 3328 2168 3383 nisterio
2192 3329 2476 3398 implevit:
2516 3344 2581 3384 ac
2632 3328 2870 3384 debitum
2893 3330 3106 3398 quidem
3148 3329 3446 3386 feneratori

201 3407 445 3477 ΰλίγιστον
476 3414 680 3479 ἔλαιον,
731 3416 762 3471 δ
802 3411 942 3471 εἶναι
985 3418 1116 3491 παρ’
1146 3420 1282 3491 αὐτῇ
1323 3417 1476 3476 εἶπεν
1503 3423 1639 3497 πρὸς
1671 3423 1711 3478 τὲ

1926 3418 2339 3488 τεοιιιιυιιιεει;
2374 3419 2573 3475 mulier
2630 3434 2757 3474 vero
2821 3435 2885 3475 ex
2951 3420 3245 3490 deploratis
3278 3423 3436 3478 rebus

203 3504 487 3576 προφήτην,
530 3507 809 3578 ἐπήγασεν
840 3510 905 3562 ἐκ
934 3509 1028 3563 τοῦ
1067 3512 1394 3582 παραδόξου,
1425 3514 1520 3567 καὶ
1553 3515 1713 3570 πάντα

1928 3527 1966 3565 :r
1990 3512 2242 3566 secundis
2298 3512 2604 3577 inveniens,
2645 3511 2928 3568 discessit:
2980 3527 3103 3568 nam
3143 3514 3438 3583 pauxillum

202 3595 308 3657 τοὺς
337 3596 795 3669 εύτρεπισθέντας
835 3601 1213 3674 ἀμφορίσκους
1242 3604 1561 3676 ἐπλήρωσεν
1580 3622 1595 3640 ·
1630 3605 1712 3661 ἔστ

1925 3600 1990 3654 ud
2023 3599 2149 3665 olei,
2192 3602 2334 3668 quod
2363 3612 2425 3655 se
2450 3604 2619 3669 penes"
2637 3613 2757 3656 esse
2797 3599 3078 3670 prophetae
3119 3601 3348 3669 dixerat,
3384 3606 3435 3659 in

203 3681 248 3736 δὲ
270 3686 381 3739 τότε
415 3690 522 3760 τῆς
552 3689 779 3760 ῥύσεως,
813 3694 901 3747 ὅτε
931 3694 1152 3762 ἀγγεῖον
1190 3695 1290 3748 οὐκ
1321 3694 1403 3749 ἔτι
1429 3690 1498 3767 ἦν
1522 3696 1586 3751 τὸ
1608 3697 1713 3769 δεχ‹

1926 3691 2078 3747 udum
2110 3689 2272 3747 fontis
2303 3692 2576 3760 inopinato
2600 3691 2901 3757 scaturivit,
2960 3706 3258 3763 omnesque
3281 3705 3436 3764 quot-

207 3790 373 3843 μενον·
403 3781 505 3834 καὶ
532 3784 599 3852 τῇ
627 3783 787 3855 χρείᾳ
811 3784 1193 3856 συνεμετρήθη
1232 3787 1266 3857 ή
1296 3789 1477 3858 χάρις.
1520 3787 1717 3861 Ἀληθιῖ

1926 3791 1998 3837 tot
2025 3781 2112 3835 illa
2141 3791 2427 3852 paraverat
2451 3782 2761 3853 amphoras,
2802 3781 3070 3853 replevit;
3115 3796 3180 3839 ac
3203 3792 3315 3840 tum
3339 3784 3436 3840 de-

205 3868 357 3927 ελαιον
387 3877 590 3941 ἐκεῖνο,
629 3865 659 3930 ὃ
691 3877 858 3947 φυτὸν
902 3879 1004 3932 οὑκ
1049 3879 1523 3952 ἐκαρποφόρησεν,
1562 3881 1678 3936 ἀλλ’
1711 3904 1715 3927 ε

1924 3890 2012 3930 um
2046 3873 2176 3931 ﬂere
2198 3875 2381 3941 desiit,
2414 3889 2540 3931 cum
2567 3890 2697 3931 vasa
2730 3874 3027 3932 defuissent
3072 3876 3140 3932 ad
3168 3876 3434 3946 recipien-

205 3963 280 4016 τοῦ
321 3966 453 4021 Θεοῦ
498 3969 774 4043 οἰκτιρμοί
815 3968 1189 4044 ἐγεώργησαν.
1231 3970 1450 4043 Ταύτην
1477 3973 1715 4046 ὼνήσασί

1923 3983 1989 4022 Im
2009 3985 2024 4036 ;
2046 3967 2245 4038 Deique
2265 3966 2399 4022 illud
2419 3967 2737 4023 beneﬁcium
2804 3967 3112 4038 indigentia
3165 3980 3433 4040 aequatum

205 4054 286 4126 τὴν
309 4059 638 4132 ἐπιστήμην,
671 4062 721 4115 εἰ
749 4060 998 4127 δύνασθε,
1027 4064 1076 4117 οί
1107 4062 1216 4117 ἀπὸ
1242 4063 1394 4136 ἡλίου
1426 4064 1715 4136 ἀνίσχοντοι

1930 4067 1967 4114 t.
1994 4059 2134 4115 Vere
2158 4058 2333 4114 oleum
2367 4058 2497 4113 illud
2534 4057 2668 4130 (26),
2692 4059 2835 4127 quod
2883 4074 2987 4113 non
3040 4059 3204 4113 arbor
3231 4074 3293 4114 ac
3317 4059 3437 4114 olea

211 4148 349 4222 μέχρι
388 4153 487 4206 καὶ
534 4152 817 4224 δυομένου,
867 4153 1126 4224 βασιλεῖς,
1166 4154 1446 4222 δυνάσται,
1492 4156 1717 4211 πλούσιο

1923 4152 2140 4216 'oduxit,
2170 4152 2262 4206 sed
2299 4149 2395 4205 Dei
2420 4138 2787 4206 misericordia
2843 4149 3039 4205 ediditl
3080 4148 3231 4206 Hanc
3261 4151 3433 4215 vobis,

208 4241 260 4291 Οἱ
295 4245 440 4313 σοφοὶ
488 4244 591 4314 τῆς
626 4246 922 4316 ἐγκοσμίου
963 4246 1175 4315 σοφίας,
1224 4247 1499 4319 κτήσασθε
1528 4249 1622 4303 τοῦ
1655 4249 1718 4303 ἀτ

1931 4242 2079 4307 licet,
2109 4252 2419 4312 comparate
2442 4243 2745 4309 scientiam,
2778 4241 3108 4313 quicunque,
3137 4256 3299 4311 quam
3327 4242 3436 4297 late

210 4332 464 4407 ἀροτήρων
507 4338 789 4409 προφήτου
827 4339 890 4392 τὸ
931 4339 1199 4412 χάρισμα,
1225 4340 1254 4394 δ
1281 4341 1647 4413 ἀναφαίρετον
1684 4361 1720 4396 τη

1928 4343 2014 4389 tet
2057 4334 2250 4391 Oriens
2275 4343 2331 4390 et
2355 4333 2639 4398 Occidens,
2671 4332 2880 4402 uspiam
2914 4332 3079 4400 estis;
3130 4347 3309 4404 reges,
3339 4333 3438 4405 dy-

211 4420 399 4483 λαὸὁντι
436 4431 625 4501 συνῆν.
663 4430 747 4485 Τὰ
776 4431 889 4504 γάρ
919 4432 1020 4503 τῆς
1055 4433 1327 4506 ὑμετέρας
1368 4435 1609 4507 σπουδῆς
1630 4436 1721 4505 xtl

1923 4435 2054 4493 ιειω,
2090 4424 2303 4481 divites.
2352 4423 2461 4480 Vos
2513 4424 2797 4480 mundame
2850 4423 3127 4493 sapientia:
3182 4424 3433 4487 consulti,

216 4530 338 4584 ματα
393 4521 623 4593 μυρίους
668 4522 783 4593 ἔχει
845 4524 1287 4596 παρακειμένους
1337 4525 1439 4596 τῆς
1487 4526 1726 4581 ἀπωλεία

1927 4516 2144 4587 ὀριιοιω
2177 4516 2305 4571 illud
2355 4517 2425 4570 ab
2476 4523 2660 4570 aratro
2716 4516 2914 4571 donum
2965 4515 3251 4585 acquirite,
3297 4517 3437 4584 quod

210 4608 489 4678 κινδύνους·
523 4614 726 4687 λῃστὰς
770 4615 1257 4687 τοιχωρυχοῦντας,
1325 4618 1624 4689 τυράννους
1662 4620 1720 4691 ἀς

1929 4625 2040 4665 leo
2100 4610 2192 4680 qui
2245 4609 2543 4680 accepisset
2602 4623 2709 4665 non
2765 4618 2978 4679 poterat
3028 4609 3254 4675 auferri,
3281 4610 3439 4679 eique

214 4697 473 4768 πάζοντας,
516 4705 612 4759 καὶ
659 4705 1003 4777 συκοφάντας
1048 4705 1528 4772 ἐπιϐουλεύοντας·
1557 4707 1724 4764 θάλασ

1968 4719 2085 4775 iper
2114 4717 2298 4759 comes
2319 4712 2458 4758 erat.
2485 4701 2788 4769 Qumenim
2814 4701 2955 4758 bona
2980 4715 3297 4773 comparare
3318 4711 3439 4756 stu-
3463 4772 3478 4785 .

215 4804 295 4844 σαν
318 4796 829 4864 καταποντίζουσαν,
860 4798 957 4851 καὶ
990 4798 1092 4869 γῆν
1128 4799 1622 4872 ὑπερῤηγνυμένην
1648 4804 1725 4854 eoi

1931 4794 2030 4858 :tis,
2055 4791 2541 4848 innumerabilibus
2586 4791 2841 4861 periculis
2888 4793 3135 4860 exposita
3169 4800 3329 4859 sunt;
3363 4791 3441 4845 la~

215 4881 475 4956 χάσμασιν.
518 4890 700 4943 Ἔστω
736 4890 918 4944 τοίνυν
965 4889 1119 4954 ἐλπὶς
1151 4891 1246 4944 καὶ
1273 4891 1519 4961 ταμιεῖον
1551 4890 1725 4964 ἀνθρώ

1924 4886 2109 4942 auibus
2163 4885 2427 4955 parietum
2478 4884 2907 4955 perfossoribus;
2971 4884 3215 4957 tyrannis
3251 4891 3434 4953 raptu-

216 4987 315 5053 ‘Rfat;
342 4979 374 5049 ή
414 4979 508 5033 τοῦ
548 4980 684 5035 Θεοῦ
717 4981 890 5049 δεξιὰ,
919 4982 954 5053 ή
984 4980 1076 5035 τὸν
1100 4979 1228 5035 λαὸν
1257 4981 1536 5051 Αἰγύπτου
1576 4982 1726 5052 ἐξαγι

1936 4992 2049 5044 ius;
2084 4976 2434 5047 sycuphantis
2488 4971 2937 5044 insidiatoribus;
2988 4976 3124 5032 mari
3167 4975 3446 5030 haurienti

217 5052 377 5134 γοῦσα,
401 5071 496 5124 καὶ⁵
522 5073 580 5125 ἐν
609 5072 803 5144 ἐρήμῳ
824 5052 980 5144 χώρα
1008 5071 1108 5144 τὴν
1133 5070 1388 5141 εὐθηνίαν
1412 5072 1523 5126 τῶν
1546 5073 1727 5142 ἀγαθῶ

1928 5070 2147 5138 ictibus;
2190 5078 2349 5125 terrae
2379 5069 2620 5126 hiatibus
2647 5068 2973 5126 dehiscenti.
3013 5068 3149 5139 Spes
3178 5082 3309 5136 ergo
3341 5083 3438 5121 no-

144 5184 145 5187 η
217 5162 538 5233 χορηγήσασα
556 5179 569 5192 ·
607 5165 642 5235 ή
692 5162 771 5236 τῷ
821 5164 1053 5237 Δανιὴλ⁶
1082 5163 1368 5233 ἀγαγοῦσα
1405 5165 1498 5219 τὸν
1556 5166 1654 5239 ’Δμ

1932 5178 1979 5215 ra
2010 5177 2074 5217 ac
2106 5176 2280 5233 penu,
2313 5160 2407 5218 Dei
2462 5162 2534 5218 sit
2588 5162 2839 5218 dextera:
2885 5175 3005 5231 quae
3035 5159 3316 5217 Judaicum
3346 5173 3442 5226 po-

276 5288 316 5324 ⁸¹
341 5293 397 5350 ιν
454 5296 584 5366 Reg.
620 5297 745 5364 ιν,1
783 5313 903 5369 sqq.
976 5299 1023 5332 ⁹⁹
1052 5298 1119 5356 IV
1144 5299 1277 5371 Reg.
1302 5317 1362 5364 ll,
1396 5300 1480 5355 Η.
1559 5301 1627 5335 ⁸³⁸
1656 5301 1723 5358 ιν
1759 5301 1786 5357 il

574 5339 584 5354 .
620 5312 692 5364 IV,
721 5297 745 5351 1
783 5313 903 5369 sqq.
976 5299 1023 5332 ⁹⁹
1052 5298 1119 5356 IV
1144 5299 1277 5371 Reg.
1302 5317 1362 5364 ll,
1396 5300 1480 5355 Η.
1559 5301 1627 5335 ⁸³⁸
1656 5301 1723 5358 ιν
1759 5301 1890 5373 Reg.
1925 5318 1997 5362 tv.
2030 5301 2084 5357 2.

407 5407 547 5500 “Vere
598 5411 801 5500 oleum.
830 5411 985 5500 illud.
1026 5413 1242 5500 'aihtsio
1274 5498 1292 5500 η
1314 5423 1400 5470 est
1451 5415 1517 5500 ad
1551 5429 1756 5500 .vocem
1868 5418 2115 5500 hsterius
2135 5416 2375 5500 divinum
2406 5415 2537 5500 quid
2556 5430 2640 5500 _ac
2668 5407 3436 5500 summegcultum_pt‘ale‘rt-itt

224 5471 364 5557 ἕλεοςζ
400 5486 550 5557 quod
588 5491 673 5538 est
732 5484 1142 5557 misericordia,”
1180 5499 1210 5537 a
1263 5498 1393 5557 qua
1427 5484 1489 5538 τὸ
1548 5484 1755 5557 ἔλαιον,
1863 5471 2498 5557 ιιεεὲτίρῖἰοιιξιιυῖειιῖεξ
2554 5487 2860 5557 lnterpres_
2888 5484 2963 5557 ita
3021 5471 3217 5543 reddit,
3263 5488 3318 5532 ut
3370 5496 3439 5533 tu:

226 5550 437 5630 Tull“!
471 5552 624 5630 νριυξ,
660 5556 1039 5630 Parnlloﬂtasin
1091 5550 1297 5630 dictum
1354 5556 1470 5630 sit_:
1505 5566 1563 5630 ut
1611 5556 1753 5630 istud
1861 5550 2148 5630 vestigium
2178 5556 2655 5630 exprimatillius
2686 5550 2952 5630 acuttiinis
2981 5569 2996 5607 ι
3023 5565 3088 5609 ac
3129 5564 3197 5607 ne
3244 5563 3444 5605 sensus
3486 5612 3491 5616 δ

227 5622 550 5698 ςιξειβχίιιιὶο
580 5620 789 5675 ἔλαιον·
840 5624 970 5698 quia
1010 5638 1040 5698 ᾳ
1089 5623 1180 5678 Dei
1222 5622 1335 5691 ipsa
1381 5625 1737 5698 misericordi:

1423 5625 1755 5698 iisetiam-dia
1861 5620 2077 5698 quidem
2102 5630 2159 5687 in
2191 5620 2495 5687 eo'auctori
2527 5632 2742 5684 constat
2776 5622 2933 5679 ullus.

232 5684 344 5742 Velut
385 5703 675 5759 manasset,
716 5709 820 5748 tton
858 5684 932 5749 ab
977 5693 1095 5750 olea
1137 5684 1281 5752 eSSét
1309 5703 1507 5752 ortum.
1547 5693 1756 5765 Ubique
1878 5684 1895 5698 ‘
1964 5684 2069 5688 τω
2104 5684 2158 5687 "'
2201 5684 2245 5687 "
2332 5684 2363 5747 ν.
