  <div class='ocr_page' id='page_1' title='image "/cluster/home/n/w/nwhite01/storage/ocr_20150623/40/hvd.32044073501850/115.png"; bbox 0 0 3856 6274; ppageno 0'>
   <div class='ocr_carea' id='block_1_1' title="bbox 340 200 447 256">
    <p class='ocr_par' dir='ltr' id='par_1_1' title="bbox 340 200 447 256">
     <span class='ocr_line' id='line_1_1' title="bbox 340 200 447 256; baseline 0.009 -1"><span class='ocrx_word' id='word_1_1' title='bbox 340 200 447 256; x_wconf 73' lang='grc'><strong>215</strong></span> 
     </span>
    </p>
   </div>
   <div class='ocr_carea' id='block_1_2' title="bbox 1655 198 2374 257">
    <p class='ocr_par' dir='ltr' id='par_1_2' title="bbox 1655 198 2374 257">
     <span class='ocr_line' id='line_1_2' title="bbox 1655 198 2374 257; baseline -0.001 -1"><span class='ocrx_word' id='word_1_2' title='bbox 1655 200 1712 256; x_wconf 90' lang='lat' dir='ltr'><strong>S.</strong></span> <span class='ocrx_word' id='word_1_3' title='bbox 1753 198 2033 257; x_wconf 76' lang='lat' dir='ltr'><strong>ASTERII</strong></span> <span class='ocrx_word' id='word_1_4' title='bbox 2070 199 2374 257; x_wconf 81' lang='lat' dir='ltr'><strong>AMASENI</strong></span> 
     </span>
    </p>
   </div>
   <div class='ocr_carea' id='block_1_3' title="bbox 3514 194 3637 255">
    <p class='ocr_par' dir='ltr' id='par_1_3' title="bbox 3514 194 3637 255">
     <span class='ocr_line' id='line_1_3' title="bbox 3514 194 3637 255; baseline -0.016 0"><span class='ocrx_word' id='word_1_5' title='bbox 3514 194 3637 255; x_wconf 76' lang='lat' dir='ltr'><strong>2l6</strong></span> 
     </span>
    </p>
   </div>
   <div class='ocr_carea' id='block_1_4' title="bbox 343 314 1944 392">
    <p class='ocr_par' dir='ltr' id='par_1_4' title="bbox 343 315 1932 392">
     <span class='ocr_line' id='line_1_4' title="bbox 343 315 1932 392; baseline -0.011 -6"><span class='ocrx_word' id='word_1_6' title='bbox 343 317 524 385; x_wconf 60' lang='lat' dir='ltr'><strong>linlum</strong></span> <span class='ocrx_word' id='word_1_7' title='bbox 560 332 623 375; x_wconf 77' lang='lat' dir='ltr'><strong>ex</strong></span> <span class='ocrx_word' id='word_1_8' title='bbox 648 318 883 392; x_wconf 62' lang='lat' dir='ltr'><strong>ngpto</strong></span> <span class='ocrx_word' id='word_1_9' title='bbox 937 321 1212 387; x_wconf 76' lang='lat' dir='ltr'><strong>eduxit“,</strong></span> <span class='ocrx_word' id='word_1_10' title='bbox 1244 329 1409 391; x_wconf 90' lang='lat' dir='ltr'><strong>atque</strong></span> <span class='ocrx_word' id='word_1_11' title='bbox 1458 319 1510 373; x_wconf 91' lang='lat' dir='ltr'><strong>in</strong></span> <span class='ocrx_word' id='word_1_12' title='bbox 1548 318 1764 373; x_wconf 87' lang='lat' dir='ltr'><strong>deserto</strong></span> <span class='ocrx_word' id='word_1_13' title='bbox 1800 315 1932 369; x_wconf 79' lang='lat' dir='ltr'><strong>aifa-</strong></span> 
     </span>
    </p>
   </div>
   <div class='ocr_carea' id='block_1_5' title="bbox 2059 314 3643 392">
    <p class='ocr_par' dir='ltr' id='par_1_5' title="bbox 2059 314 3643 391">
     <span class='ocr_line' id='line_1_5' title="bbox 2059 314 3643 391; baseline 0 -20"><span class='ocrx_word' id='word_1_14' title='bbox 2059 318 2202 389; x_wconf 77' lang='lat' dir='ltr'><strong>:obp..</strong></span> <span class='ocrx_word' id='word_1_15' title='bbox 2240 320 2335 372; x_wconf 72' lang='grc' dir='ltr'><strong>καὶ</strong></span> <span class='ocrx_word' id='word_1_16' title='bbox 2363 316 2455 372; x_wconf 81' lang='grc' dir='ltr'>τὸν</span> <span class='ocrx_word' id='word_1_17' title='bbox 2490 316 2715 389; x_wconf 85' lang='grc' dir='ltr'>Ἰσμαὴλ</span> <span class='ocrx_word' id='word_1_18' title='bbox 2738 316 2983 381; x_wconf 81' lang='grc' dir='ltr'><strong>σώσασα,</strong></span> <span class='ocrx_word' id='word_1_19' title='bbox 3015 316 3114 389; x_wconf 84' lang='grc' dir='ltr'>τῆς</span> <span class='ocrx_word' id='word_1_20' title='bbox 3147 317 3418 391; x_wconf 82' lang='grc' dir='ltr'>μητρικῆς</span> <span class='ocrx_word' id='word_1_21' title='bbox 3454 314 3643 387; x_wconf 86' lang='grc' dir='ltr'>ἀγκά-</span> 
     </span>
    </p>
   </div>
   <div class='ocr_carea' id='block_1_6' title="bbox 344 408 1935 486">
    <p class='ocr_par' dir='ltr' id='par_1_6' title="bbox 344 408 1935 486">
     <span class='ocr_line' id='line_1_6' title="bbox 344 408 1935 486; baseline -0.001 -22"><span class='ocrx_word' id='word_1_22' title='bbox 344 412 439 466; x_wconf 88' lang='lat' dir='ltr'><strong>tim</strong></span> <span class='ocrx_word' id='word_1_23' title='bbox 497 415 634 467; x_wconf 88' lang='lat' dir='ltr'><strong>bona</strong></span> <span class='ocrx_word' id='word_1_24' title='bbox 688 415 738 469; x_wconf 89' lang='lat' dir='ltr'><strong>ei</strong></span> <span class='ocrx_word' id='word_1_25' title='bbox 788 413 1188 486; x_wconf 90' lang='lat' dir='ltr'><strong>suppeditavit;</strong></span> <span class='ocrx_word' id='word_1_26' title='bbox 1248 429 1370 484; x_wconf 77' lang='lat' dir='ltr'><strong>qua:</strong></span> <span class='ocrx_word' id='word_1_27' title='bbox 1429 410 1634 467; x_wconf 88' lang='lat' dir='ltr'><strong>Danieli</strong></span> <span class='ocrx_word' id='word_1_28' title='bbox 1679 408 1935 464; x_wconf 84' lang='lat' dir='ltr'><strong>llabacuc</strong></span> 
     </span>
    </p>
   </div>
   <div class='ocr_carea' id='block_1_7' title="bbox 343 500 1928 577">
    <p class='ocr_par' dir='ltr' id='par_1_7' title="bbox 343 500 1928 577">
     <span class='ocr_line' id='line_1_7' title="bbox 343 500 1928 577; baseline -0.003 -18"><span class='ocrx_word' id='word_1_29' title='bbox 343 505 482 560; x_wconf 83' lang='lat' dir='ltr'><strong>stitit</strong></span> <span class='ocrx_word' id='word_1_30' title='bbox 505 506 572 572; x_wconf 82' lang='lat'><strong>“,</strong></span> <span class='ocrx_word' id='word_1_31' title='bbox 598 505 1000 577; x_wconf 76' lang='lat' dir='ltr'><strong>abiectumque,</strong></span> <span class='ocrx_word' id='word_1_32' title='bbox 1028 522 1091 562; x_wconf 85' lang='lat' dir='ltr'><strong>ac</strong></span> <span class='ocrx_word' id='word_1_33' title='bbox 1119 508 1380 563; x_wconf 90' lang='lat' dir='ltr'><strong>maternis</strong></span> <span class='ocrx_word' id='word_1_34' title='bbox 1418 504 1728 560; x_wconf 70' lang='lat' dir='ltr'><strong>abdicatura</strong></span> <span class='ocrx_word' id='word_1_35' title='bbox 1765 500 1928 565; x_wconf 87' lang='lat' dir='ltr'><strong>ulnis,</strong></span> 
     </span>
    </p>
   </div>
   <div class='ocr_carea' id='block_1_8' title="bbox 344 590 1933 669">
    <p class='ocr_par' dir='ltr' id='par_1_8' title="bbox 344 590 1933 669">
     <span class='ocr_line' id='line_1_8' title="bbox 344 590 1933 669; baseline -0.003 -21"><span class='ocrx_word' id='word_1_36' title='bbox 344 594 625 651; x_wconf 84' lang='lat' dir='ltr'><strong>lsmaelem</strong></span> <span class='ocrx_word' id='word_1_37' title='bbox 671 598 909 653; x_wconf 87' lang='lat' dir='ltr'><strong>servavit</strong></span> <span class='ocrx_word' id='word_1_38' title='bbox 944 599 990 631; x_wconf 71' lang='grc' dir='ltr'>η</span> <span class='ocrx_word' id='word_1_39' title='bbox 1022 615 1037 653; x_wconf 91' lang='lat'><strong>:</strong></span> <span class='ocrx_word' id='word_1_40' title='bbox 1091 612 1210 669; x_wconf 64' lang='lat' dir='ltr'><strong>quae</strong></span> <span class='ocrx_word' id='word_1_41' title='bbox 1249 596 1426 652; x_wconf 90' lang='lat' dir='ltr'><strong>omnis</strong></span> <span class='ocrx_word' id='word_1_42' title='bbox 1464 594 1641 649; x_wconf 71' lang='lat' dir='ltr'><strong>aetatis</strong></span> <span class='ocrx_word' id='word_1_43' title='bbox 1694 590 1933 646; x_wconf 87' lang='lat' dir='ltr'><strong>homini-</strong></span> 
     </span>
    </p>
   </div>
   <div class='ocr_carea' id='block_1_9' title="bbox 345 682 1931 761">
    <p class='ocr_par' dir='ltr' id='par_1_9' title="bbox 345 682 1931 761">
     <span class='ocr_line' id='line_1_9' title="bbox 345 682 1931 761; baseline -0.003 -20"><span class='ocrx_word' id='word_1_44' title='bbox 345 690 449 744; x_wconf 93' lang='lat' dir='ltr'><strong>bus</strong></span> <span class='ocrx_word' id='word_1_45' title='bbox 474 689 589 761; x_wconf 74' lang='lat'><strong>(27)</strong></span> <span class='ocrx_word' id='word_1_46' title='bbox 618 704 888 745; x_wconf 85' lang='lat' dir='ltr'><strong>annonam</strong></span> <span class='ocrx_word' id='word_1_47' title='bbox 917 689 1382 754; x_wconf 82' lang='lat' dir='ltr'><strong>subministravit,</strong></span> <span class='ocrx_word' id='word_1_48' title='bbox 1415 704 1480 743; x_wconf 89' lang='lat' dir='ltr'><strong>ac</strong></span> <span class='ocrx_word' id='word_1_49' title='bbox 1521 689 1735 742; x_wconf 90' lang='lat' dir='ltr'><strong>demum</strong></span> <span class='ocrx_word' id='word_1_50' title='bbox 1768 682 1931 753; x_wconf 85' lang='lat' dir='ltr'><strong>quin-</strong></span> 
     </span>
    </p>
   </div>
   <div class='ocr_carea' id='block_1_10' title="bbox 344 775 1937 855">
    <p class='ocr_par' dir='ltr' id='par_1_10' title="bbox 344 775 1937 855">
     <span class='ocr_line' id='line_1_10' title="bbox 344 775 1937 855; baseline -0.005 -16"><span class='ocrx_word' id='word_1_51' title='bbox 344 798 450 847; x_wconf 73' lang='lat' dir='ltr'><strong>que</strong></span> <span class='ocrx_word' id='word_1_52' title='bbox 481 783 816 839; x_wconf 87' lang='lat' dir='ltr'><strong>hordeaceos</strong></span> <span class='ocrx_word' id='word_1_53' title='bbox 846 799 1013 855; x_wconf 89' lang='lat' dir='ltr'><strong>panes</strong></span> <span class='ocrx_word' id='word_1_54' title='bbox 1040 785 1210 840; x_wconf 89' lang='lat' dir='ltr'><strong>instar</strong></span> <span class='ocrx_word' id='word_1_55' title='bbox 1242 784 1437 839; x_wconf 77' lang='lat' dir='ltr'><strong>messis</strong></span> <span class='ocrx_word' id='word_1_56' title='bbox 1467 782 1748 837; x_wconf 65' lang='lat' dir='ltr'><strong>immensae</strong></span> <span class='ocrx_word' id='word_1_57' title='bbox 1788 775 1856 839; x_wconf 79' lang='grc'><strong>⁸⁸,</strong></span> <span class='ocrx_word' id='word_1_58' title='bbox 1877 782 1937 831; x_wconf 82' lang='grc' dir='ltr'><strong>ιιι</strong></span> 
     </span>
    </p>
   </div>
   <div class='ocr_carea' id='block_1_11' title="bbox 345 868 1932 945">
    <p class='ocr_par' dir='ltr' id='par_1_11' title="bbox 345 868 1932 945">
     <span class='ocr_line' id='line_1_11' title="bbox 345 868 1932 945; baseline -0.003 -18"><span class='ocrx_word' id='word_1_59' title='bbox 345 876 543 945; x_wconf 80' lang='lat' dir='ltr'><strong>singuli</strong></span> <span class='ocrx_word' id='word_1_60' title='bbox 572 876 915 932; x_wconf 90' lang='lat' dir='ltr'><strong>millenorum</strong></span> <span class='ocrx_word' id='word_1_61' title='bbox 941 876 1221 933; x_wconf 90' lang='lat' dir='ltr'><strong>hominum</strong></span> <span class='ocrx_word' id='word_1_62' title='bbox 1270 875 1469 932; x_wconf 90' lang='lat' dir='ltr'><strong>famem</strong></span> <span class='ocrx_word' id='word_1_63' title='bbox 1515 874 1791 939; x_wconf 85' lang='lat' dir='ltr'><strong>satiarint,</strong></span> <span class='ocrx_word' id='word_1_64' title='bbox 1816 868 1932 926; x_wconf 84' lang='lat' dir='ltr'><strong>sin-</strong></span> 
     </span>
    </p>
   </div>
   <div class='ocr_carea' id='block_1_12' title="bbox 2031 408 3639 484">
    <p class='ocr_par' dir='ltr' id='par_1_12' title="bbox 2031 408 3639 484">
     <span class='ocr_line' id='line_1_12' title="bbox 2031 408 3639 484; baseline -0.003 -18"><span class='ocrx_word' id='word_1_65' title='bbox 2031 409 2133 484; x_wconf 82' lang='grc' dir='ltr'><strong>λης</strong></span> <span class='ocrx_word' id='word_1_66' title='bbox 2189 410 2593 483; x_wconf 70' lang='grc' dir='ltr'>ἀπορριφένταο</span> <span class='ocrx_word' id='word_1_67' title='bbox 2646 410 2740 463; x_wconf 68' lang='grc' dir='ltr'>καὶ</span> <span class='ocrx_word' id='word_1_68' title='bbox 2798 412 2912 474; x_wconf 87' lang='grc' dir='ltr'>τοῖς</span> <span class='ocrx_word' id='word_1_69' title='bbox 2964 409 3086 464; x_wconf 75' lang='grc' dir='ltr'>καθ’</span> <span class='ocrx_word' id='word_1_70' title='bbox 3141 410 3378 481; x_wconf 78' lang='grc' dir='ltr'>ἑκάστην</span> <span class='ocrx_word' id='word_1_71' title='bbox 3433 408 3639 480; x_wconf 76' lang='grc' dir='ltr'>γενεὰν</span> 
     </span>
    </p>
   </div>
   <div class='ocr_carea' id='block_1_13' title="bbox 2036 499 3635 573">
    <p class='ocr_par' dir='ltr' id='par_1_13' title="bbox 2036 499 3635 573">
     <span class='ocr_line' id='line_1_13' title="bbox 2036 499 3635 573; baseline 0 -22"><span class='ocrx_word' id='word_1_72' title='bbox 2036 500 2392 569; x_wconf 82' lang='grc' dir='ltr'>ἑπαρκέσασα</span> <span class='ocrx_word' id='word_1_73' title='bbox 2412 518 2425 530; x_wconf 66' lang='grc' dir='ltr'>θ</span> <span class='ocrx_word' id='word_1_74' title='bbox 2459 500 2552 554; x_wconf 74' lang='grc' dir='ltr'><strong>καὶ</strong></span> <span class='ocrx_word' id='word_1_75' title='bbox 2579 499 2888 554; x_wconf 83' lang='grc' dir='ltr'>τελευταῖον</span> <span class='ocrx_word' id='word_1_76' title='bbox 2917 501 3077 555; x_wconf 82' lang='grc' dir='ltr'>πέντε</span> <span class='ocrx_word' id='word_1_77' title='bbox 3101 500 3379 573; x_wconf 80' lang='grc' dir='ltr'>κριθίνους</span> <span class='ocrx_word' id='word_1_78' title='bbox 3402 502 3635 572; x_wconf 77' lang='grc' dir='ltr'><strong>ἄρτους,</strong></span> 
     </span>
    </p>
   </div>
   <div class='ocr_carea' id='block_1_14' title="bbox 2038 589 3637 666">
    <p class='ocr_par' dir='ltr' id='par_1_14' title="bbox 2038 589 3637 666">
     <span class='ocr_line' id='line_1_14' title="bbox 2038 589 3637 666; baseline -0.001 -21"><span class='ocrx_word' id='word_1_79' title='bbox 2038 592 2112 657; x_wconf 84' lang='grc' dir='ltr'>ὡς</span> <span class='ocrx_word' id='word_1_80' title='bbox 2159 593 2385 664; x_wconf 80' lang='grc' dir='ltr'>ἄπειρον</span> <span class='ocrx_word' id='word_1_81' title='bbox 2418 593 2697 664; x_wconf 75' lang='grc' dir='ltr'><strong>γεωργίαν</strong></span> <span class='ocrx_word' id='word_1_82' title='bbox 2748 592 3087 666; x_wconf 80' lang='grc' dir='ltr'>πληθύνασα,</span> <span class='ocrx_word' id='word_1_83' title='bbox 3121 593 3207 647; x_wconf 81' lang='grc' dir='ltr'><strong>ἵνα</strong></span> <span class='ocrx_word' id='word_1_84' title='bbox 3247 593 3276 646; x_wconf 86' lang='grc' dir='ltr'>ὁ</span> <span class='ocrx_word' id='word_1_85' title='bbox 3322 589 3403 656; x_wconf 81' lang='grc' dir='ltr'>εἷς</span> <span class='ocrx_word' id='word_1_86' title='bbox 3466 592 3637 664; x_wconf 84' lang='grc' dir='ltr'>ἀρτος</span> 
     </span>
    </p>
   </div>
   <div class='ocr_carea' id='block_1_15' title="bbox 2036 681 3643 758">
    <p class='ocr_par' dir='ltr' id='par_1_15' title="bbox 2036 681 3643 758">
     <span class='ocr_line' id='line_1_15' title="bbox 2036 681 3643 758; baseline 0 -23"><span class='ocrx_word' id='word_1_87' title='bbox 2036 683 2222 754; x_wconf 85' lang='grc' dir='ltr'>χιλίων</span> <span class='ocrx_word' id='word_1_88' title='bbox 2268 681 2479 754; x_wconf 73' lang='grc' dir='ltr'>ἀνδρῶν</span> <span class='ocrx_word' id='word_1_89' title='bbox 2540 682 2855 737; x_wconf 84' lang='grc' dir='ltr'><strong>πεινώντων</strong></span> <span class='ocrx_word' id='word_1_90' title='bbox 2899 683 3165 758; x_wconf 80' lang='grc' dir='ltr'><strong>πληρώσῃ</strong></span> <span class='ocrx_word' id='word_1_91' title='bbox 3218 685 3483 755; x_wconf 81' lang='grc' dir='ltr'>γαστέρα,</span> <span class='ocrx_word' id='word_1_92' title='bbox 3536 681 3643 736; x_wconf 75' lang='grc' dir='ltr'><strong>καὶ</strong></span> 
     </span>
    </p>
   </div>
   <div class='ocr_carea' id='block_1_16' title="bbox 2041 773 3639 849">
    <p class='ocr_par' dir='ltr' id='par_1_16' title="bbox 2041 773 3639 849">
     <span class='ocr_line' id='line_1_16' title="bbox 2041 773 3639 849; baseline 0.004 -23"><span class='ocrx_word' id='word_1_93' title='bbox 2041 773 2177 845; x_wconf 82' lang='grc' dir='ltr'>πρός</span> <span class='ocrx_word' id='word_1_94' title='bbox 2218 792 2281 843; x_wconf 79' lang='grc' dir='ltr'><strong>γε</strong></span> <span class='ocrx_word' id='word_1_95' title='bbox 2334 774 2553 843; x_wconf 66' lang='grc' dir='ltr'>κόφινον</span> <span class='ocrx_word' id='word_1_96' title='bbox 2577 774 2686 829; x_wconf 83' lang='grc' dir='ltr'><strong>τῶν</strong></span> <span class='ocrx_word' id='word_1_97' title='bbox 2731 776 3025 846; x_wconf 70' lang='grc' dir='ltr'>λειψάνων.</span> <span class='ocrx_word' id='word_1_98' title='bbox 3051 778 3141 849; x_wconf 82' lang='grc' dir='ltr'>Τῷ</span> <span class='ocrx_word' id='word_1_99' title='bbox 3162 778 3218 830; x_wconf 73' lang='grc' dir='ltr'><strong>δὲ</strong></span> <span class='ocrx_word' id='word_1_100' title='bbox 3248 777 3367 848; x_wconf 86' lang='grc' dir='ltr'><strong>Θεῷ</strong></span> <span class='ocrx_word' id='word_1_101' title='bbox 3408 776 3572 849; x_wconf 80' lang='grc' dir='ltr'>ἡμῶν</span> <span class='ocrx_word' id='word_1_102' title='bbox 3597 778 3639 847; x_wconf 73' lang='grc' dir='ltr'>ἢ</span> 
     </span>
    </p>
   </div>
   <div class='ocr_carea' id='block_1_17' title="bbox 2038 849 3279 943">
    <p class='ocr_par' dir='ltr' id='par_1_17' title="bbox 2038 849 3279 943">
     <span class='ocr_line' id='line_1_17' title="bbox 2038 849 3279 943; baseline 0.005 -23"><span class='ocrx_word' id='word_1_103' title='bbox 2038 866 2187 935; x_wconf 80' lang='grc' dir='ltr'>δόξα,</span> <span class='ocrx_word' id='word_1_104' title='bbox 2215 870 2295 931; x_wconf 86' lang='grc' dir='ltr'><strong>είς</strong></span> <span class='ocrx_word' id='word_1_105' title='bbox 2322 870 2452 932; x_wconf 78' lang='grc' dir='ltr'>τοὺς</span> <span class='ocrx_word' id='word_1_106' title='bbox 2478 849 2680 933; x_wconf 57' lang='grc' dir='ltr'>αίιῖἓνας</span> <span class='ocrx_word' id='word_1_107' title='bbox 2711 869 2820 923; x_wconf 86' lang='grc' dir='ltr'>τῶν</span> <span class='ocrx_word' id='word_1_108' title='bbox 2843 868 3074 925; x_wconf 83' lang='grc' dir='ltr'><strong>αἰώνων.</strong></span> <span class='ocrx_word' id='word_1_109' title='bbox 3099 872 3279 943; x_wconf 75' lang='grc' dir='ltr'><strong>Αμὴν.</strong></span> 
     </span>
    </p>
   </div>
   <div class='ocr_carea' id='block_1_18' title="bbox 346 958 3645 1040">
    <p class='ocr_par' dir='ltr' id='par_1_18' title="bbox 346 958 3645 1040">
     <span class='ocr_line' id='line_1_18' title="bbox 346 958 3645 1040; baseline -0.002 -19"><span class='ocrx_word' id='word_1_110' title='bbox 346 968 604 1039; x_wconf 75' lang='lat' dir='ltr'><strong>gniosque</strong></span> <span class='ocrx_word' id='word_1_111' title='bbox 632 979 891 1040; x_wconf 72' lang='lat' dir='ltr'><strong>praeterea</strong></span> <span class='ocrx_word' id='word_1_112' title='bbox 924 970 1185 1040; x_wconf 81' lang='lat' dir='ltr'><strong>cophinos</strong></span> <span class='ocrx_word' id='word_1_113' title='bbox 1215 969 1459 1039; x_wconf 88' lang='lat' dir='ltr'><strong>reliquiis</strong></span> <span class='ocrx_word' id='word_1_114' title='bbox 1485 961 1925 1038; x_wconf 89' lang='lat' dir='ltr'><strong>adimpleverint,</strong></span> <span class='ocrx_word' id='word_1_115' title='bbox 1965 958 2205 1016; x_wconf 80' lang='lat' dir='ltr'><strong>adauxit.</strong></span> <span class='ocrx_word' id='word_1_116' title='bbox 2246 962 2354 1016; x_wconf 90' lang='lat' dir='ltr'><strong>Deo</strong></span> <span class='ocrx_word' id='word_1_117' title='bbox 2380 972 2561 1018; x_wconf 87' lang='lat' dir='ltr'><strong>autem</strong></span> <span class='ocrx_word' id='word_1_118' title='bbox 2591 972 2780 1018; x_wconf 84' lang='lat' dir='ltr'><strong>nostro</strong></span> <span class='ocrx_word' id='word_1_119' title='bbox 2839 962 2909 1018; x_wconf 78' lang='lat' dir='ltr'><strong>ait</strong></span> <span class='ocrx_word' id='word_1_120' title='bbox 2967 962 3084 1019; x_wconf 89' lang='lat' dir='ltr'><strong>laus</strong></span> <span class='ocrx_word' id='word_1_121' title='bbox 3149 975 3205 1019; x_wconf 81' lang='lat' dir='ltr'><strong>et</strong></span> <span class='ocrx_word' id='word_1_122' title='bbox 3242 962 3408 1034; x_wconf 81' lang='lat' dir='ltr'><strong>gloria</strong></span> <span class='ocrx_word' id='word_1_123' title='bbox 3445 960 3497 1015; x_wconf 92' lang='lat' dir='ltr'><strong>in</strong></span> <span class='ocrx_word' id='word_1_124' title='bbox 3529 971 3645 1016; x_wconf 71' lang='lat' dir='ltr'><strong>ste&quot;</strong></span> 
     </span>
    </p>
   </div>
   <div class='ocr_carea' id='block_1_19' title="bbox 345 1061 1053 1119">
    <p class='ocr_par' dir='ltr' id='par_1_19' title="bbox 345 1061 1053 1119">
     <span class='ocr_line' id='line_1_19' title="bbox 345 1061 1053 1119; baseline -0.001 -2"><span class='ocrx_word' id='word_1_125' title='bbox 345 1062 465 1117; x_wconf 82' lang='lat' dir='ltr'><strong>cul&#39;a</strong></span> <span class='ocrx_word' id='word_1_126' title='bbox 491 1061 836 1119; x_wconf 67' lang='lat' dir='ltr'><strong>surculorum.</strong></span> <span class='ocrx_word' id='word_1_127' title='bbox 859 1062 1053 1119; x_wconf 83' lang='lat' dir='ltr'><strong>Amen.</strong></span> 
     </span>
    </p>
   </div>
   <div class='ocr_carea' id='block_1_20' title="bbox 1090 1154 1179 1211">
    <p class='ocr_par' dir='ltr' id='par_1_20' title="bbox 1090 1154 1179 1211">
     <span class='ocr_line' id='line_1_20' title="bbox 1090 1154 1179 1211; baseline 0.034 -3"><span class='ocrx_word' id='word_1_128' title='bbox 1090 1154 1179 1211; x_wconf 88' lang='lat' dir='ltr'><strong>IV.</strong></span> 
     </span>
    </p>
   </div>
   <div class='ocr_carea' id='block_1_21' title="bbox 507 1244 1772 1317">
    <p class='ocr_par' dir='ltr' id='par_1_21' title="bbox 507 1244 1772 1317">
     <span class='ocr_line' id='line_1_21' title="bbox 507 1244 1772 1317; baseline -0.002 -16"><span class='ocrx_word' id='word_1_129' title='bbox 507 1245 695 1303; x_wconf 81' lang='lat' dir='ltr'><strong>Sermo</strong></span> <span class='ocrx_word' id='word_1_130' title='bbox 729 1247 982 1301; x_wconf 72' lang='lat' dir='ltr'><strong>adversus</strong></span> <span class='ocrx_word' id='word_1_131' title='bbox 1015 1245 1380 1302; x_wconf 79' lang='lat' dir='ltr'><strong>Kalendarum</strong></span> <span class='ocrx_word' id='word_1_132' title='bbox 1416 1247 1609 1317; x_wconf 78' lang='lat' dir='ltr'><strong>festum</strong></span> <span class='ocrx_word' id='word_1_133' title='bbox 1633 1244 1772 1317; x_wconf 73' lang='lat'><strong>(28).</strong></span> 
     </span>
    </p>
   </div>
   <div class='ocr_carea' id='block_1_22' title="bbox 422 1336 1932 1408">
    <p class='ocr_par' dir='ltr' id='par_1_22' title="bbox 422 1336 1932 1408">
     <span class='ocr_line' id='line_1_22' title="bbox 422 1336 1932 1408; baseline -0.001 -17"><span class='ocrx_word' id='word_1_134' title='bbox 422 1340 538 1392; x_wconf 81' lang='lat' dir='ltr'><strong>Duo</strong></span> <span class='ocrx_word' id='word_1_135' title='bbox 564 1337 793 1407; x_wconf 87' lang='lat' dir='ltr'><strong>pariter,</strong></span> <span class='ocrx_word' id='word_1_136' title='bbox 843 1336 1131 1393; x_wconf 88' lang='lat' dir='ltr'><strong>hcsternus</strong></span> <span class='ocrx_word' id='word_1_137' title='bbox 1185 1338 1589 1408; x_wconf 83' lang='lat' dir='ltr'><strong>bodiernusqne</strong></span> <span class='ocrx_word' id='word_1_138' title='bbox 1616 1338 1754 1403; x_wconf 90' lang='lat' dir='ltr'><strong>dies,</strong></span> <span class='ocrx_word' id='word_1_139' title='bbox 1795 1336 1932 1391; x_wconf 87' lang='lat' dir='ltr'><strong>festa</strong></span> 
     </span>
    </p>
   </div>
   <div class='ocr_carea' id='block_1_23' title="bbox 347 1429 1932 1503">
    <p class='ocr_par' dir='ltr' id='par_1_23' title="bbox 347 1429 1932 1503">
     <span class='ocr_line' id='line_1_23' title="bbox 347 1429 1932 1503; baseline -0.002 -16"><span class='ocrx_word' id='word_1_140' title='bbox 347 1432 686 1501; x_wconf 87' lang='lat' dir='ltr'><strong>conjungunt</strong></span> <span class='ocrx_word' id='word_1_141' title='bbox 733 1429 866 1484; x_wconf 83' lang='lat' dir='ltr'><strong>nihil</strong></span> <span class='ocrx_word' id='word_1_142' title='bbox 915 1430 1057 1487; x_wconf 91' lang='lat' dir='ltr'><strong>inter</strong></span> <span class='ocrx_word' id='word_1_143' title='bbox 1096 1445 1155 1487; x_wconf 79' lang='lat' dir='ltr'><strong>se</strong></span> <span class='ocrx_word' id='word_1_144' title='bbox 1183 1442 1413 1503; x_wconf 87' lang='lat' dir='ltr'><strong>cognata</strong></span> <span class='ocrx_word' id='word_1_145' title='bbox 1441 1447 1507 1487; x_wconf 88' lang='lat' dir='ltr'><strong>ac</strong></span> <span class='ocrx_word' id='word_1_146' title='bbox 1539 1429 1932 1503; x_wconf 77' lang='lat' dir='ltr'><strong>congruentia;</strong></span> 
     </span>
    </p>
   </div>
   <div class='ocr_carea' id='block_1_24' title="bbox 2795 1143 2869 1198">
    <p class='ocr_par' dir='ltr' id='par_1_24' title="bbox 2795 1143 2869 1198">
     <span class='ocr_line' id='line_1_24' title="bbox 2795 1143 2869 1198; baseline 0 0"><span class='ocrx_word' id='word_1_147' title='bbox 2795 1143 2869 1198; x_wconf 85' lang='lat' dir='ltr'><strong>A&#39;.</strong></span> 
     </span>
    </p>
   </div>
   <div class='ocr_carea' id='block_1_25' title="bbox 2079 1235 3599 1309">
    <p class='ocr_par' dir='ltr' id='par_1_25' title="bbox 2079 1235 3599 1309">
     <span class='ocr_line' id='line_1_25' title="bbox 2079 1235 3599 1309; baseline 0.001 -19"><span class='ocrx_word' id='word_1_148' title='bbox 2079 1237 2272 1306; x_wconf 74' lang='grc' dir='ltr'>Λόγος</span> <span class='ocrx_word' id='word_1_149' title='bbox 2299 1237 2690 1308; x_wconf 67' lang='grc' dir='ltr'>κατηγορικὸς</span> <span class='ocrx_word' id='word_1_150' title='bbox 2728 1237 2839 1307; x_wconf 80' lang='grc' dir='ltr'>τῆς</span> <span class='ocrx_word' id='word_1_151' title='bbox 2860 1236 3074 1309; x_wconf 74' lang='grc' dir='ltr'>ἑορτῆς</span> <span class='ocrx_word' id='word_1_152' title='bbox 3101 1235 3222 1292; x_wconf 80' lang='grc' dir='ltr'><strong>τῶν</strong></span> <span class='ocrx_word' id='word_1_153' title='bbox 3246 1237 3599 1296; x_wconf 68' lang='grc' dir='ltr'><strong>Καλανδῶν.</strong></span> 
     </span>
    </p>
   </div>
   <div class='ocr_carea' id='block_1_26' title="bbox 2117 1328 3648 1403">
    <p class='ocr_par' dir='ltr' id='par_1_26' title="bbox 2117 1328 3648 1403">
     <span class='ocr_line' id='line_1_26' title="bbox 2117 1328 3648 1403; baseline 0.003 -21"><span class='ocrx_word' id='word_1_154' title='bbox 2117 1328 2221 1382; x_wconf 79' lang='grc' dir='ltr'><strong>Δύο</strong></span> <span class='ocrx_word' id='word_1_155' title='bbox 2247 1328 2390 1384; x_wconf 86' lang='grc' dir='ltr'>κατὰ</span> <span class='ocrx_word' id='word_1_156' title='bbox 2413 1329 2610 1384; x_wconf 80' lang='grc' dir='ltr'>ταυτὸν</span> <span class='ocrx_word' id='word_1_157' title='bbox 2627 1330 2811 1402; x_wconf 71' lang='grc' dir='ltr'>ἑορταὶ</span> <span class='ocrx_word' id='word_1_158' title='bbox 2844 1329 3179 1403; x_wconf 72' lang='grc' dir='ltr'><strong>συνέδραμον</strong></span> <span class='ocrx_word' id='word_1_159' title='bbox 3205 1331 3298 1384; x_wconf 75' lang='grc' dir='ltr'>ἐπὶ</span> <span class='ocrx_word' id='word_1_160' title='bbox 3317 1331 3419 1403; x_wconf 86' lang='grc' dir='ltr'>τῆς</span> <span class='ocrx_word' id='word_1_161' title='bbox 3440 1329 3648 1402; x_wconf 69' lang='grc' dir='ltr'>χθιζῆς</span> 
     </span>
    </p>
   </div>
   <div class='ocr_carea' id='block_1_27' title="bbox 2043 1419 3647 1494">
    <p class='ocr_par' dir='ltr' id='par_1_27' title="bbox 2043 1419 3647 1494">
     <span class='ocr_line' id='line_1_27' title="bbox 2043 1419 3647 1494; baseline 0 -19"><span class='ocrx_word' id='word_1_162' title='bbox 2043 1421 2139 1475; x_wconf 74' lang='grc' dir='ltr'>καὶ</span> <span class='ocrx_word' id='word_1_163' title='bbox 2189 1421 2291 1492; x_wconf 79' lang='grc' dir='ltr'>τῆς</span> <span class='ocrx_word' id='word_1_164' title='bbox 2344 1420 2655 1494; x_wconf 76' lang='grc' dir='ltr'><strong>ἐνεστώσης</strong></span> <span class='ocrx_word' id='word_1_165' title='bbox 2704 1420 2941 1493; x_wconf 77' lang='grc' dir='ltr'>ἡμέρας,</span> <span class='ocrx_word' id='word_1_166' title='bbox 2995 1422 3057 1475; x_wconf 81' lang='grc' dir='ltr'><strong>οὐ</strong></span> <span class='ocrx_word' id='word_1_167' title='bbox 3104 1419 3387 1492; x_wconf 79' lang='grc' dir='ltr'>σύμφωνοι</span> <span class='ocrx_word' id='word_1_168' title='bbox 3425 1438 3486 1474; x_wconf 88' lang='grc' dir='ltr'><strong>τε</strong></span> <span class='ocrx_word' id='word_1_169' title='bbox 3537 1422 3647 1475; x_wconf 74' lang='grc' dir='ltr'><strong>καὶ</strong></span> 
     </span>
    </p>
   </div>
   <div class='ocr_carea' id='block_1_28' title="bbox 348 1510 1944 1615">
    <p class='ocr_par' dir='ltr' id='par_1_28' title="bbox 348 1522 1933 1595">
     <span class='ocr_line' id='line_1_28' title="bbox 348 1522 1933 1595; baseline 0 -17"><span class='ocrx_word' id='word_1_170' title='bbox 348 1539 617 1594; x_wconf 76' lang='lat' dir='ltr'><strong>secusque</strong></span> <span class='ocrx_word' id='word_1_171' title='bbox 648 1522 894 1585; x_wconf 87' lang='lat' dir='ltr'><strong>omnino,</strong></span> <span class='ocrx_word' id='word_1_172' title='bbox 928 1524 1139 1580; x_wconf 89' lang='lat' dir='ltr'><strong>diversa</strong></span> <span class='ocrx_word' id='word_1_173' title='bbox 1176 1525 1359 1595; x_wconf 80' lang='lat' dir='ltr'><strong>plane,</strong></span> <span class='ocrx_word' id='word_1_174' title='bbox 1420 1534 1585 1595; x_wconf 88' lang='lat' dir='ltr'><strong>atque</strong></span> <span class='ocrx_word' id='word_1_175' title='bbox 1640 1522 1933 1580; x_wconf 86' lang='lat' dir='ltr'><strong>contraria.</strong></span> 
     </span>
    </p>
   </div>
   <div class='ocr_carea' id='block_1_29' title="bbox 2059 1510 3645 1615">
    <p class='ocr_par' dir='ltr' id='par_1_29' title="bbox 2059 1510 3645 1584">
     <span class='ocr_line' id='line_1_29' title="bbox 2059 1510 3645 1584; baseline -0.003 -18"><span class='ocrx_word' id='word_1_176' title='bbox 2059 1511 2284 1582; x_wconf 75' lang='grc' dir='ltr'>ἱδελφοὶ,</span> <span class='ocrx_word' id='word_1_177' title='bbox 2330 1513 2438 1566; x_wconf 82' lang='grc' dir='ltr'><strong>πᾶν</strong></span> <span class='ocrx_word' id='word_1_178' title='bbox 2466 1512 2524 1566; x_wconf 85' lang='grc' dir='ltr'>δὲ</span> <span class='ocrx_word' id='word_1_179' title='bbox 2562 1512 2876 1567; x_wconf 81' lang='grc' dir='ltr'>τούναντίον</span> <span class='ocrx_word' id='word_1_180' title='bbox 2912 1511 3122 1584; x_wconf 75' lang='grc' dir='ltr'>ἐχθρῶς</span> <span class='ocrx_word' id='word_1_181' title='bbox 3150 1528 3211 1564; x_wconf 88' lang='grc' dir='ltr'><strong>τε</strong></span> <span class='ocrx_word' id='word_1_182' title='bbox 3245 1511 3340 1566; x_wconf 78' lang='grc' dir='ltr'>καὶ</span> <span class='ocrx_word' id='word_1_183' title='bbox 3372 1510 3645 1575; x_wconf 77' lang='grc' dir='ltr'>ἐναντίως</span> 
     </span>
    </p>
   </div>
   <div class='ocr_carea' id='block_1_30' title="bbox 347 1603 1944 1697">
    <p class='ocr_par' dir='ltr' id='par_1_30' title="bbox 347 1615 1935 1697">
     <span class='ocr_line' id='line_1_30' title="bbox 347 1615 1935 1697; baseline -0.006 -22"><span class='ocrx_word' id='word_1_184' title='bbox 347 1618 590 1697; x_wconf 82' lang='lat' dir='ltr'><strong>Alterum</strong></span> <span class='ocrx_word' id='word_1_185' title='bbox 656 1620 801 1677; x_wconf 89' lang='lat' dir='ltr'><strong>enim</strong></span> <span class='ocrx_word' id='word_1_186' title='bbox 855 1630 1206 1676; x_wconf 83' lang='lat' dir='ltr'><strong>externarum</strong></span> <span class='ocrx_word' id='word_1_187' title='bbox 1257 1616 1499 1673; x_wconf 85' lang='lat' dir='ltr'><strong>sordium</strong></span> <span class='ocrx_word' id='word_1_188' title='bbox 1551 1627 1655 1683; x_wconf 90' lang='lat' dir='ltr'><strong>est,</strong></span> <span class='ocrx_word' id='word_1_189' title='bbox 1714 1615 1935 1670; x_wconf 84' lang='lat' dir='ltr'><strong>multam</strong></span> 
     </span>
    </p>
   </div>
   <div class='ocr_carea' id='block_1_31' title="bbox 2059 1603 3646 1697">
    <p class='ocr_par' dir='ltr' id='par_1_31' title="bbox 2059 1603 3646 1678">
     <span class='ocr_line' id='line_1_31' title="bbox 2059 1603 3646 1678; baseline 0.001 -21"><span class='ocrx_word' id='word_1_190' title='bbox 2059 1604 2262 1677; x_wconf 85' lang='grc' dir='ltr'>Ξχουσαι</span> <span class='ocrx_word' id='word_1_191' title='bbox 2292 1605 2431 1678; x_wconf 75' lang='grc' dir='ltr'>πρὸς</span> <span class='ocrx_word' id='word_1_192' title='bbox 2458 1605 2715 1677; x_wconf 82' lang='grc' dir='ltr'><strong>ἀλλήλας.</strong></span> <span class='ocrx_word' id='word_1_193' title='bbox 2766 1606 2830 1660; x_wconf 85' lang='grc' dir='ltr'><em>Ἢ</em></span> <span class='ocrx_word' id='word_1_194' title='bbox 2859 1605 2959 1678; x_wconf 84' lang='grc' dir='ltr'>μὲν</span> <span class='ocrx_word' id='word_1_195' title='bbox 2984 1606 3093 1678; x_wconf 80' lang='grc' dir='ltr'>γάρ</span> <span class='ocrx_word' id='word_1_196' title='bbox 3126 1605 3275 1658; x_wconf 80' lang='grc' dir='ltr'>ἐστιν</span> <span class='ocrx_word' id='word_1_197' title='bbox 3300 1603 3394 1658; x_wconf 78' lang='grc' dir='ltr'>τοῦ</span> <span class='ocrx_word' id='word_1_198' title='bbox 3430 1603 3646 1669; x_wconf 76' lang='grc' dir='ltr'>ἔξωθεν</span> 
     </span>
    </p>
   </div>
   <div class='ocr_carea' id='block_1_32' title="bbox 349 1705 1937 1781">
    <p class='ocr_par' dir='ltr' id='par_1_32' title="bbox 349 1705 1937 1781">
     <span class='ocr_line' id='line_1_32' title="bbox 349 1705 1937 1781; baseline -0.003 -18"><span class='ocrx_word' id='word_1_199' title='bbox 349 1725 671 1767; x_wconf 79' lang='lat' dir='ltr'><strong>mammonte</strong></span> <span class='ocrx_word' id='word_1_200' title='bbox 702 1711 987 1781; x_wconf 79' lang='lat' dir='ltr'><strong>pecuniam</strong></span> <span class='ocrx_word' id='word_1_201' title='bbox 1021 1708 1314 1778; x_wconf 77' lang='lat' dir='ltr'><strong>colligens,</strong></span> <span class='ocrx_word' id='word_1_202' title='bbox 1367 1708 1754 1777; x_wconf 85' lang='lat' dir='ltr'><strong>sordidamque</strong></span> <span class='ocrx_word' id='word_1_203' title='bbox 1778 1705 1937 1760; x_wconf 80' lang='lat' dir='ltr'><strong>aliam</strong></span> 
     </span>
    </p>
   </div>
   <div class='ocr_carea' id='block_1_33' title="bbox 350 1799 1933 1865">
    <p class='ocr_par' dir='ltr' id='par_1_33' title="bbox 350 1799 1933 1865">
     <span class='ocr_line' id='line_1_33' title="bbox 350 1799 1933 1865; baseline -0.003 -10"><span class='ocrx_word' id='word_1_204' title='bbox 350 1816 414 1857; x_wconf 88' lang='lat' dir='ltr'><strong>ac</strong></span> <span class='ocrx_word' id='word_1_205' title='bbox 442 1801 758 1860; x_wconf 85' lang='lat' dir='ltr'><strong>illiberalem</strong></span> <span class='ocrx_word' id='word_1_206' title='bbox 815 1802 1259 1858; x_wconf 75' lang='lat' dir='ltr'><strong>nundinationem</strong></span> <span class='ocrx_word' id='word_1_207' title='bbox 1293 1802 1643 1864; x_wconf 74' lang='lat' dir='ltr'><strong>convellens;</strong></span> <span class='ocrx_word' id='word_1_208' title='bbox 1679 1799 1933 1865; x_wconf 88' lang='lat' dir='ltr'><strong>alterum,</strong></span> 
     </span>
    </p>
   </div>
   <div class='ocr_carea' id='block_1_34' title="bbox 352 1892 1936 1965">
    <p class='ocr_par' dir='ltr' id='par_1_34' title="bbox 352 1892 1936 1965">
     <span class='ocr_line' id='line_1_34' title="bbox 352 1892 1936 1965; baseline -0.003 -14"><span class='ocrx_word' id='word_1_209' title='bbox 352 1909 524 1951; x_wconf 70' lang='lat' dir='ltr'><strong>sacra:</strong></span> <span class='ocrx_word' id='word_1_210' title='bbox 552 1910 618 1951; x_wconf 91' lang='lat' dir='ltr'><strong>ac</strong></span> <span class='ocrx_word' id='word_1_211' title='bbox 646 1911 788 1952; x_wconf 73' lang='lat' dir='ltr'><strong>verm</strong></span> <span class='ocrx_word' id='word_1_212' title='bbox 820 1895 1115 1965; x_wconf 81' lang='lat' dir='ltr'><strong>religionis,</strong></span> <span class='ocrx_word' id='word_1_213' title='bbox 1155 1894 1593 1963; x_wconf 86' lang='lat' dir='ltr'><strong>conjunctionem</strong></span> <span class='ocrx_word' id='word_1_214' title='bbox 1640 1908 1764 1948; x_wconf 89' lang='lat' dir='ltr'><strong>cum</strong></span> <span class='ocrx_word' id='word_1_215' title='bbox 1805 1892 1936 1956; x_wconf 87' lang='lat' dir='ltr'><strong>Deo,</strong></span> 
     </span>
    </p>
   </div>
   <div class='ocr_carea' id='block_1_35' title="bbox 351 1984 1939 2057">
    <p class='ocr_par' dir='ltr' id='par_1_35' title="bbox 351 1984 1939 2057">
     <span class='ocr_line' id='line_1_35' title="bbox 351 1984 1939 2057; baseline 0.001 -18"><span class='ocrx_word' id='word_1_216' title='bbox 351 2001 415 2042; x_wconf 89' lang='lat' dir='ltr'><strong>ac</strong></span> <span class='ocrx_word' id='word_1_217' title='bbox 445 1987 569 2041; x_wconf 69' lang='lat' dir='ltr'><strong>vita:</strong></span> <span class='ocrx_word' id='word_1_218' title='bbox 598 1986 906 2057; x_wconf 80' lang='lat' dir='ltr'><strong>depurgata:</strong></span> <span class='ocrx_word' id='word_1_219' title='bbox 934 1987 1187 2043; x_wconf 80' lang='lat' dir='ltr'><strong>virtutem</strong></span> <span class='ocrx_word' id='word_1_220' title='bbox 1207 1986 1432 2041; x_wconf 90' lang='lat' dir='ltr'><strong>docens.</strong></span> <span class='ocrx_word' id='word_1_221' title='bbox 1463 1984 1600 2052; x_wconf 85' lang='lat' dir='ltr'><strong>Quia</strong></span> <span class='ocrx_word' id='word_1_222' title='bbox 1640 1999 1769 2039; x_wconf 86' lang='lat' dir='ltr'><strong>vero</strong></span> <span class='ocrx_word' id='word_1_223' title='bbox 1788 2000 1939 2040; x_wconf 84' lang='lat' dir='ltr'><strong>eom-</strong></span> 
     </span>
    </p>
   </div>
   <div class='ocr_carea' id='block_1_36' title="bbox 351 2077 1938 2149">
    <p class='ocr_par' dir='ltr' id='par_1_36' title="bbox 351 2077 1938 2149">
     <span class='ocr_line' id='line_1_36' title="bbox 351 2077 1938 2149; baseline -0.001 -17"><span class='ocrx_word' id='word_1_224' title='bbox 351 2078 559 2147; x_wconf 85' lang='lat' dir='ltr'><strong>plures,</strong></span> <span class='ocrx_word' id='word_1_225' title='bbox 603 2077 781 2134; x_wconf 88' lang='lat' dir='ltr'><strong>inauis</strong></span> <span class='ocrx_word' id='word_1_226' title='bbox 836 2078 1200 2134; x_wconf 76' lang='lat' dir='ltr'><strong>observantia:</strong></span> <span class='ocrx_word' id='word_1_227' title='bbox 1253 2077 1476 2133; x_wconf 83' lang='lat' dir='ltr'><strong>delicias</strong></span> <span class='ocrx_word' id='word_1_228' title='bbox 1500 2094 1566 2132; x_wconf 87' lang='lat' dir='ltr'><strong>ac</strong></span> <span class='ocrx_word' id='word_1_229' title='bbox 1593 2079 1769 2133; x_wconf 86' lang='lat' dir='ltr'><strong>studia</strong></span> <span class='ocrx_word' id='word_1_230' title='bbox 1798 2094 1938 2149; x_wconf 64' lang='lat' dir='ltr'><strong>pra;-</strong></span> 
     </span>
    </p>
   </div>
   <div class='ocr_carea' id='block_1_37' title="bbox 358 2170 1935 2235">
    <p class='ocr_par' dir='ltr' id='par_1_37' title="bbox 358 2170 1935 2235">
     <span class='ocr_line' id='line_1_37' title="bbox 358 2170 1935 2235; baseline 0 -10"><span class='ocrx_word' id='word_1_231' title='bbox 358 2170 910 2235; x_wconf 85' lang='lat' dir='ltr'><strong>babentes.sacroin</strong></span> <span class='ocrx_word' id='word_1_232' title='bbox 955 2170 1184 2226; x_wconf 87' lang='lat' dir='ltr'><strong>ecclesia</strong></span> <span class='ocrx_word' id='word_1_233' title='bbox 1241 2170 1529 2225; x_wconf 80' lang='lat' dir='ltr'><strong>conventui</strong></span> <span class='ocrx_word' id='word_1_234' title='bbox 1587 2184 1652 2224; x_wconf 90' lang='lat' dir='ltr'><strong>ac</strong></span> <span class='ocrx_word' id='word_1_235' title='bbox 1688 2170 1935 2226; x_wconf 88' lang='lat' dir='ltr'><strong>coneioni</strong></span> 
     </span>
    </p>
   </div>
   <div class='ocr_carea' id='block_1_38' title="bbox 353 2260 1936 2332">
    <p class='ocr_par' dir='ltr' id='par_1_38' title="bbox 353 2260 1936 2332">
     <span class='ocr_line' id='line_1_38' title="bbox 353 2260 1936 2332; baseline -0.001 -16"><span class='ocrx_word' id='word_1_236' title='bbox 353 2276 461 2316; x_wconf 90' lang='lat' dir='ltr'><strong>non</strong></span> <span class='ocrx_word' id='word_1_237' title='bbox 490 2260 819 2318; x_wconf 84' lang='lat' dir='ltr'><strong>interfuere:</strong></span> <span class='ocrx_word' id='word_1_238' title='bbox 852 2278 951 2332; x_wconf 80' lang='lat' dir='ltr'><strong>age</strong></span> <span class='ocrx_word' id='word_1_239' title='bbox 984 2278 1149 2326; x_wconf 87' lang='lat' dir='ltr'><strong>nunc,</strong></span> <span class='ocrx_word' id='word_1_240' title='bbox 1206 2261 1410 2316; x_wconf 80' lang='lat' dir='ltr'><strong>fatuam</strong></span> <span class='ocrx_word' id='word_1_241' title='bbox 1455 2262 1601 2317; x_wconf 90' lang='lat' dir='ltr'><strong>illam</strong></span> <span class='ocrx_word' id='word_1_242' title='bbox 1628 2278 1693 2318; x_wconf 91' lang='lat' dir='ltr'><strong>ac</strong></span> <span class='ocrx_word' id='word_1_243' title='bbox 1719 2261 1936 2317; x_wconf 83' lang='lat' dir='ltr'><strong>noxiam</strong></span> 
     </span>
    </p>
   </div>
   <div class='ocr_carea' id='block_1_39' title="bbox 354 2352 1939 2423">
    <p class='ocr_par' dir='ltr' id='par_1_39' title="bbox 354 2352 1939 2423">
     <span class='ocr_line' id='line_1_39' title="bbox 354 2352 1939 2423; baseline 0 -16"><span class='ocrx_word' id='word_1_244' title='bbox 354 2353 798 2421; x_wconf 89' lang='lat' dir='ltr'><strong>delectationem,</strong></span> <span class='ocrx_word' id='word_1_245' title='bbox 831 2355 1156 2423; x_wconf 88' lang='lat' dir='ltr'><strong>phrenitidis</strong></span> <span class='ocrx_word' id='word_1_246' title='bbox 1181 2354 1355 2410; x_wconf 87' lang='lat' dir='ltr'><strong>instar</strong></span> <span class='ocrx_word' id='word_1_247' title='bbox 1392 2353 1534 2410; x_wconf 90' lang='lat' dir='ltr'><strong>inter</strong></span> <span class='ocrx_word' id='word_1_248' title='bbox 1569 2353 1733 2408; x_wconf 88' lang='lat' dir='ltr'><strong>rismn</strong></span> <span class='ocrx_word' id='word_1_249' title='bbox 1765 2369 1829 2408; x_wconf 88' lang='lat' dir='ltr'><strong>ac</strong></span> <span class='ocrx_word' id='word_1_250' title='bbox 1850 2352 1939 2422; x_wconf 90' lang='lat' dir='ltr'><strong>jo-</strong></span> 
     </span>
    </p>
   </div>
   <div class='ocr_carea' id='block_1_40' title="bbox 354 2446 1937 2515">
    <p class='ocr_par' dir='ltr' id='par_1_40' title="bbox 354 2446 1937 2515">
     <span class='ocr_line' id='line_1_40' title="bbox 354 2446 1937 2515; baseline 0 -14"><span class='ocrx_word' id='word_1_251' title='bbox 354 2461 479 2501; x_wconf 88' lang='lat' dir='ltr'><strong>cum</strong></span> <span class='ocrx_word' id='word_1_252' title='bbox 513 2455 821 2511; x_wconf 87' lang='lat' dir='ltr'><strong>necantem,</strong></span> <span class='ocrx_word' id='word_1_253' title='bbox 848 2447 1118 2501; x_wconf 89' lang='lat' dir='ltr'><strong>sermonis</strong></span> <span class='ocrx_word' id='word_1_254' title='bbox 1148 2446 1199 2501; x_wconf 90' lang='lat' dir='ltr'><strong>vi</strong></span> <span class='ocrx_word' id='word_1_255' title='bbox 1254 2462 1324 2501; x_wconf 80' lang='lat' dir='ltr'><strong>ex</strong></span> <span class='ocrx_word' id='word_1_256' title='bbox 1361 2446 1562 2502; x_wconf 86' lang='lat' dir='ltr'><strong>animis</strong></span> <span class='ocrx_word' id='word_1_257' title='bbox 1616 2446 1817 2515; x_wconf 83' lang='lat' dir='ltr'><strong>ejicere</strong></span> <span class='ocrx_word' id='word_1_258' title='bbox 1847 2460 1937 2501; x_wconf 89' lang='lat' dir='ltr'><strong>co-</strong></span> 
     </span>
    </p>
   </div>
   <div class='ocr_carea' id='block_1_41' title="bbox 355 2536 1934 2608">
    <p class='ocr_par' dir='ltr' id='par_1_41' title="bbox 355 2536 1934 2608">
     <span class='ocr_line' id='line_1_41' title="bbox 355 2536 1934 2608; baseline -0.001 -15"><span class='ocrx_word' id='word_1_259' title='bbox 355 2551 571 2594; x_wconf 87' lang='lat' dir='ltr'><strong>nemur.</strong></span> <span class='ocrx_word' id='word_1_260' title='bbox 595 2537 654 2591; x_wconf 89' lang='lat' dir='ltr'><strong>In</strong></span> <span class='ocrx_word' id='word_1_261' title='bbox 684 2552 791 2607; x_wconf 84' lang='lat' dir='ltr'><strong>quo</strong></span> <span class='ocrx_word' id='word_1_262' title='bbox 835 2536 1144 2593; x_wconf 84' lang='lat' dir='ltr'><strong>Salomonis</strong></span> <span class='ocrx_word' id='word_1_263' title='bbox 1195 2537 1414 2608; x_wconf 88' lang='lat' dir='ltr'><strong>quidem</strong></span> <span class='ocrx_word' id='word_1_264' title='bbox 1472 2537 1687 2594; x_wconf 86' lang='lat' dir='ltr'><strong>dicendi</strong></span> <span class='ocrx_word' id='word_1_265' title='bbox 1718 2536 1934 2592; x_wconf 88' lang='lat' dir='ltr'><strong>modunt</strong></span> 
     </span>
    </p>
   </div>
   <div class='ocr_carea' id='block_1_42' title="bbox 354 2628 1938 2700">
    <p class='ocr_par' dir='ltr' id='par_1_42' title="bbox 354 2628 1938 2700">
     <span class='ocr_line' id='line_1_42' title="bbox 354 2628 1938 2700; baseline 0.001 -17"><span class='ocrx_word' id='word_1_266' title='bbox 354 2638 411 2684; x_wconf 90' lang='lat' dir='ltr'><strong>et</strong></span> <span class='ocrx_word' id='word_1_267' title='bbox 443 2628 744 2684; x_wconf 88' lang='lat' dir='ltr'><strong>institutum</strong></span> <span class='ocrx_word' id='word_1_268' title='bbox 774 2638 1077 2699; x_wconf 87' lang='lat' dir='ltr'><strong>opportune</strong></span> <span class='ocrx_word' id='word_1_269' title='bbox 1105 2629 1237 2684; x_wconf 92' lang='lat' dir='ltr'><strong>mihi</strong></span> <span class='ocrx_word' id='word_1_270' title='bbox 1276 2628 1464 2685; x_wconf 90' lang='lat' dir='ltr'><strong>videor</strong></span> <span class='ocrx_word' id='word_1_271' title='bbox 1487 2644 1646 2700; x_wconf 84' lang='lat' dir='ltr'><strong>posse</strong></span> <span class='ocrx_word' id='word_1_272' title='bbox 1685 2645 1771 2685; x_wconf 87' lang='lat' dir='ltr'><strong>me</strong></span> <span class='ocrx_word' id='word_1_273' title='bbox 1814 2630 1938 2685; x_wconf 85' lang='lat' dir='ltr'><strong>imi-</strong></span> 
     </span>
    </p>
   </div>
   <div class='ocr_carea' id='block_1_43' title="bbox 356 2721 1937 2795">
    <p class='ocr_par' dir='ltr' id='par_1_43' title="bbox 356 2721 1937 2795">
     <span class='ocr_line' id='line_1_43' title="bbox 356 2721 1937 2795; baseline 0 -18"><span class='ocrx_word' id='word_1_274' title='bbox 356 2725 489 2781; x_wconf 86' lang='lat' dir='ltr'><strong>tari:</strong></span> <span class='ocrx_word' id='word_1_275' title='bbox 530 2739 654 2778; x_wconf 88' lang='lat' dir='ltr'><strong>nam</strong></span> <span class='ocrx_word' id='word_1_276' title='bbox 680 2733 734 2778; x_wconf 90' lang='lat' dir='ltr'><strong>et</strong></span> <span class='ocrx_word' id='word_1_277' title='bbox 765 2724 854 2778; x_wconf 88' lang='lat' dir='ltr'><strong>ille</strong></span> <span class='ocrx_word' id='word_1_278' title='bbox 884 2738 1113 2780; x_wconf 86' lang='lat' dir='ltr'><strong>monens</strong></span> <span class='ocrx_word' id='word_1_279' title='bbox 1139 2724 1389 2795; x_wconf 89' lang='lat' dir='ltr'><strong>juvenes,</strong></span> <span class='ocrx_word' id='word_1_280' title='bbox 1424 2731 1482 2779; x_wconf 90' lang='lat' dir='ltr'><strong>ut</strong></span> <span class='ocrx_word' id='word_1_281' title='bbox 1534 2721 1825 2793; x_wconf 82' lang='lat' dir='ltr'><strong>diligenter</strong></span> <span class='ocrx_word' id='word_1_282' title='bbox 1870 2723 1937 2777; x_wconf 88' lang='lat' dir='ltr'><strong>ah</strong></span> 
     </span>
    </p>
   </div>
   <div class='ocr_carea' id='block_1_44' title="bbox 356 2811 1936 2881">
    <p class='ocr_par' dir='ltr' id='par_1_44' title="bbox 356 2811 1936 2881">
     <span class='ocr_line' id='line_1_44' title="bbox 356 2811 1936 2881; baseline -0.002 -11"><span class='ocrx_word' id='word_1_283' title='bbox 356 2812 793 2880; x_wconf 75' lang='lat' dir='ltr'><strong>intemperantiae</strong></span> <span class='ocrx_word' id='word_1_284' title='bbox 820 2811 922 2868; x_wconf 66' lang='lat' dir='ltr'><strong>sibi</strong></span> <span class='ocrx_word' id='word_1_285' title='bbox 949 2812 1159 2881; x_wconf 84' lang='lat' dir='ltr'><strong>laqueis</strong></span> <span class='ocrx_word' id='word_1_286' title='bbox 1192 2822 1441 2880; x_wconf 82' lang='lat' dir='ltr'><strong>caveant,</strong></span> <span class='ocrx_word' id='word_1_287' title='bbox 1491 2827 1599 2880; x_wconf 90' lang='lat' dir='ltr'><strong>quo</strong></span> <span class='ocrx_word' id='word_1_288' title='bbox 1627 2811 1746 2881; x_wconf 89' lang='lat' dir='ltr'><strong>plus</strong></span> <span class='ocrx_word' id='word_1_289' title='bbox 1774 2812 1936 2867; x_wconf 89' lang='lat' dir='ltr'><strong>robo-</strong></span> 
     </span>
    </p>
   </div>
   <div class='ocr_carea' id='block_1_45' title="bbox 2042 1694 3646 1768">
    <p class='ocr_par' dir='ltr' id='par_1_45' title="bbox 2042 1694 3646 1768">
     <span class='ocr_line' id='line_1_45' title="bbox 2042 1694 3646 1768; baseline 0 -19"><span class='ocrx_word' id='word_1_290' title='bbox 2042 1694 2340 1768; x_wconf 81' lang='grc' dir='ltr'>συρφετοῦ,</span> <span class='ocrx_word' id='word_1_291' title='bbox 2376 1695 2513 1749; x_wconf 81' lang='grc' dir='ltr'>πολὺ</span> <span class='ocrx_word' id='word_1_292' title='bbox 2542 1696 2855 1765; x_wconf 82' lang='grc' dir='ltr'>συνάγουσα</span> <span class='ocrx_word' id='word_1_293' title='bbox 2875 1694 2972 1751; x_wconf 81' lang='grc' dir='ltr'>τοῦ</span> <span class='ocrx_word' id='word_1_294' title='bbox 3005 1696 3243 1766; x_wconf 78' lang='grc' dir='ltr'><strong>μαμωνᾶ</strong></span> <span class='ocrx_word' id='word_1_295' title='bbox 3261 1695 3323 1747; x_wconf 81' lang='grc' dir='ltr'>τὸ</span> <span class='ocrx_word' id='word_1_296' title='bbox 3345 1694 3646 1767; x_wconf 86' lang='grc' dir='ltr'>ἀργύριον,</span> 
     </span>
    </p>
   </div>
   <div class='ocr_carea' id='block_1_46' title="bbox 2041 1785 3649 1860">
    <p class='ocr_par' dir='ltr' id='par_1_46' title="bbox 2041 1785 3649 1860">
     <span class='ocr_line' id='line_1_46' title="bbox 2041 1785 3649 1860; baseline -0.002 -18"><span class='ocrx_word' id='word_1_297' title='bbox 2041 1789 2139 1842; x_wconf 60' lang='grc' dir='ltr'><strong>κοιλ⁵</strong></span> <span class='ocrx_word' id='word_1_298' title='bbox 2161 1788 2262 1860; x_wconf 82' lang='grc' dir='ltr'>τὴν</span> <span class='ocrx_word' id='word_1_299' title='bbox 2297 1787 2466 1857; x_wconf 79' lang='grc' dir='ltr'>ἄλλην</span> <span class='ocrx_word' id='word_1_300' title='bbox 2505 1785 2814 1859; x_wconf 79' lang='grc' dir='ltr'>καπηλείαν</span> <span class='ocrx_word' id='word_1_301' title='bbox 2848 1787 3211 1859; x_wconf 76' lang='grc' dir='ltr'>ἐφελκομένη,</span> <span class='ocrx_word' id='word_1_302' title='bbox 3249 1786 3348 1859; x_wconf 81' lang='grc' dir='ltr'>τὴν</span> <span class='ocrx_word' id='word_1_303' title='bbox 3378 1785 3649 1859; x_wconf 79' lang='grc' dir='ltr'>ἀγοραῖόν</span> 
     </span>
    </p>
   </div>
   <div class='ocr_carea' id='block_1_47' title="bbox 2038 1877 3650 1952">
    <p class='ocr_par' dir='ltr' id='par_1_47' title="bbox 2038 1877 3650 1952">
     <span class='ocr_line' id='line_1_47' title="bbox 2038 1877 3650 1952; baseline -0.001 -19"><span class='ocrx_word' id='word_1_304' title='bbox 2038 1896 2098 1933; x_wconf 88' lang='grc' dir='ltr'><strong>τε</strong></span> <span class='ocrx_word' id='word_1_305' title='bbox 2129 1880 2225 1934; x_wconf 57' lang='grc' dir='ltr'><strong>καὶ⁵</strong></span> <span class='ocrx_word' id='word_1_306' title='bbox 2252 1880 2606 1952; x_wconf 82' lang='grc' dir='ltr'>ἀνελεύθερον</span> <span class='ocrx_word' id='word_1_307' title='bbox 2626 1897 2639 1910; x_wconf 90' lang='grc'><strong>·</strong></span> <span class='ocrx_word' id='word_1_308' title='bbox 2673 1881 2706 1952; x_wconf 80' lang='grc' dir='ltr'>ἡ</span> <span class='ocrx_word' id='word_1_309' title='bbox 2733 1880 2788 1934; x_wconf 80' lang='grc' dir='ltr'>δὲ</span> <span class='ocrx_word' id='word_1_310' title='bbox 2813 1879 2912 1951; x_wconf 78' lang='grc' dir='ltr'><strong>τῆς</strong></span> <span class='ocrx_word' id='word_1_311' title='bbox 2934 1879 3097 1950; x_wconf 82' lang='grc' dir='ltr'>ἁγίας</span> <span class='ocrx_word' id='word_1_312' title='bbox 3123 1880 3218 1933; x_wconf 71' lang='grc' dir='ltr'>καὶ</span> <span class='ocrx_word' id='word_1_313' title='bbox 3237 1878 3474 1951; x_wconf 79' lang='grc' dir='ltr'><strong>ἀληθοῦς</strong></span> <span class='ocrx_word' id='word_1_314' title='bbox 3502 1877 3650 1950; x_wconf 82' lang='grc' dir='ltr'>θρη-</span> 
     </span>
    </p>
   </div>
   <div class='ocr_carea' id='block_1_48' title="bbox 2042 1971 3650 2045">
    <p class='ocr_par' dir='ltr' id='par_1_48' title="bbox 2042 1971 3650 2045">
     <span class='ocr_line' id='line_1_48' title="bbox 2042 1971 3650 2045; baseline -0.001 -19"><span class='ocrx_word' id='word_1_315' title='bbox 2042 1972 2250 2037; x_wconf 84' lang='grc' dir='ltr'>σκείας,</span> <span class='ocrx_word' id='word_1_316' title='bbox 2293 1974 2571 2027; x_wconf 86' lang='grc' dir='ltr'>οίκείωσιν</span> <span class='ocrx_word' id='word_1_317' title='bbox 2605 1972 2706 2044; x_wconf 77' lang='grc' dir='ltr'>τῆν</span> <span class='ocrx_word' id='word_1_318' title='bbox 2743 1972 2880 2045; x_wconf 72' lang='grc' dir='ltr'>πρὸς</span> <span class='ocrx_word' id='word_1_319' title='bbox 2909 1971 3065 2037; x_wconf 77' lang='grc' dir='ltr'>θεὸν,</span> <span class='ocrx_word' id='word_1_320' title='bbox 3097 1971 3195 2025; x_wconf 73' lang='grc' dir='ltr'><strong>καὶ</strong></span> <span class='ocrx_word' id='word_1_321' title='bbox 3224 1971 3316 2025; x_wconf 78' lang='grc' dir='ltr'><strong>τοῦ</strong></span> <span class='ocrx_word' id='word_1_322' title='bbox 3361 1971 3650 2042; x_wconf 77' lang='grc' dir='ltr'>κεκαθαρο</span> 
     </span>
    </p>
   </div>
   <div class='ocr_carea' id='block_1_49' title="bbox 2042 2062 3651 2139">
    <p class='ocr_par' dir='ltr' id='par_1_49' title="bbox 2042 2062 3651 2139">
     <span class='ocr_line' id='line_1_49' title="bbox 2042 2062 3651 2139; baseline -0.001 -21"><span class='ocrx_word' id='word_1_323' title='bbox 2042 2066 2205 2137; x_wconf 82' lang='grc' dir='ltr'>μένου</span> <span class='ocrx_word' id='word_1_324' title='bbox 2231 2063 2350 2136; x_wconf 88' lang='grc' dir='ltr'>βίου</span> <span class='ocrx_word' id='word_1_325' title='bbox 2374 2065 2472 2138; x_wconf 74' lang='grc' dir='ltr'><strong>τὴν</strong></span> <span class='ocrx_word' id='word_1_326' title='bbox 2499 2065 2704 2139; x_wconf 75' lang='grc' dir='ltr'>ἀρετὴν</span> <span class='ocrx_word' id='word_1_327' title='bbox 2727 2063 3130 2119; x_wconf 78' lang='grc' dir='ltr'>ὲκπαιδεύουσα</span> <span class='ocrx_word' id='word_1_328' title='bbox 3182 2063 3403 2134; x_wconf 78' lang='grc' dir='ltr'><strong>Ἐπειδὴ</strong></span> <span class='ocrx_word' id='word_1_329' title='bbox 3421 2062 3477 2117; x_wconf 84' lang='grc' dir='ltr'>δὲ</span> <span class='ocrx_word' id='word_1_330' title='bbox 3507 2062 3651 2117; x_wconf 64' lang='grc' dir='ltr'>πολε</span> 
     </span>
    </p>
   </div>
   <div class='ocr_carea' id='block_1_50' title="bbox 2037 2152 3649 2230">
    <p class='ocr_par' dir='ltr' id='par_1_50' title="bbox 2037 2152 3649 2230">
     <span class='ocr_line' id='line_1_50' title="bbox 2037 2152 3649 2230; baseline -0.002 -19"><span class='ocrx_word' id='word_1_331' title='bbox 2037 2158 2121 2212; x_wconf 62' lang='grc' dir='ltr'>λοι</span> <span class='ocrx_word' id='word_1_332' title='bbox 2154 2158 2536 2230; x_wconf 80' lang='grc' dir='ltr'>προτιμῶντες</span> <span class='ocrx_word' id='word_1_333' title='bbox 2568 2157 2667 2230; x_wconf 82' lang='grc' dir='ltr'>τὴν</span> <span class='ocrx_word' id='word_1_334' title='bbox 2700 2160 2763 2211; x_wconf 80' lang='grc' dir='ltr'>ὲκ</span> <span class='ocrx_word' id='word_1_335' title='bbox 2792 2157 2895 2229; x_wconf 77' lang='grc' dir='ltr'>τῆς</span> <span class='ocrx_word' id='word_1_336' title='bbox 2918 2156 3284 2228; x_wconf 83' lang='grc' dir='ltr'>ματαιότητος</span> <span class='ocrx_word' id='word_1_337' title='bbox 3305 2156 3515 2225; x_wconf 80' lang='grc' dir='ltr'>τρυφὴν</span> <span class='ocrx_word' id='word_1_338' title='bbox 3546 2152 3649 2209; x_wconf 72' lang='grc' dir='ltr'><strong>καὶ</strong></span> 
     </span>
    </p>
   </div>
   <div class='ocr_carea' id='block_1_51' title="bbox 2038 2247 3644 2323">
    <p class='ocr_par' dir='ltr' id='par_1_51' title="bbox 2038 2247 3644 2323">
     <span class='ocr_line' id='line_1_51' title="bbox 2038 2247 3644 2323; baseline -0.004 -15"><span class='ocrx_word' id='word_1_339' title='bbox 2038 2252 2316 2322; x_wconf 79' lang='grc' dir='ltr'>ἀσχολίαν,</span> <span class='ocrx_word' id='word_1_340' title='bbox 2379 2250 2789 2323; x_wconf 76' lang='grc' dir='ltr'>ἀπελείφθησαν</span> <span class='ocrx_word' id='word_1_341' title='bbox 2846 2248 2942 2303; x_wconf 85' lang='grc' dir='ltr'>τοῦ</span> <span class='ocrx_word' id='word_1_342' title='bbox 2990 2248 3133 2302; x_wconf 84' lang='grc' dir='ltr'><strong>κατά</strong></span> <span class='ocrx_word' id='word_1_343' title='bbox 3191 2247 3289 2321; x_wconf 79' lang='grc' dir='ltr'><strong>τὴν</strong></span> <span class='ocrx_word' id='word_1_344' title='bbox 3332 2247 3644 2319; x_wconf 71' lang='grc' dir='ltr'>ἐκκλησίαν</span> 
     </span>
    </p>
   </div>
   <div class='ocr_carea' id='block_1_52' title="bbox 2040 2340 3648 2417">
    <p class='ocr_par' dir='ltr' id='par_1_52' title="bbox 2040 2340 3648 2417">
     <span class='ocr_line' id='line_1_52' title="bbox 2040 2340 3648 2417; baseline -0.003 -19"><span class='ocrx_word' id='word_1_345' title='bbox 2040 2344 2301 2415; x_wconf 85' lang='grc' dir='ltr'>συλλόγου</span> <span class='ocrx_word' id='word_1_346' title='bbox 2321 2383 2336 2408; x_wconf 89' lang='grc'><em>,</em></span> <span class='ocrx_word' id='word_1_347' title='bbox 2370 2346 2526 2417; x_wconf 79' lang='grc' dir='ltr'>φέρε,</span> <span class='ocrx_word' id='word_1_348' title='bbox 2552 2342 2652 2415; x_wconf 84' lang='grc' dir='ltr'>τὴν</span> <span class='ocrx_word' id='word_1_349' title='bbox 2700 2340 2893 2415; x_wconf 78' lang='grc' dir='ltr'>μωρὰν</span> <span class='ocrx_word' id='word_1_350' title='bbox 2922 2342 3020 2396; x_wconf 78' lang='grc' dir='ltr'><strong>καὶ</strong></span> <span class='ocrx_word' id='word_1_351' title='bbox 3067 2340 3415 2412; x_wconf 82' lang='grc' dir='ltr'>βλάπτουσαν</span> <span class='ocrx_word' id='word_1_352' title='bbox 3442 2340 3648 2411; x_wconf 81' lang='grc' dir='ltr'>τέρψιν</span> 
     </span>
    </p>
   </div>
   <div class='ocr_carea' id='block_1_53' title="bbox 2035 2433 3648 2509">
    <p class='ocr_par' dir='ltr' id='par_1_53' title="bbox 2035 2433 3648 2509">
     <span class='ocr_line' id='line_1_53' title="bbox 2035 2433 3648 2509; baseline -0.004 -17"><span class='ocrx_word' id='word_1_353' title='bbox 2035 2436 2181 2509; x_wconf 82' lang='grc' dir='ltr'>λόγῳ</span> <span class='ocrx_word' id='word_1_354' title='bbox 2200 2437 2310 2492; x_wconf 86' lang='grc' dir='ltr'>τῶν</span> <span class='ocrx_word' id='word_1_355' title='bbox 2333 2436 2521 2508; x_wconf 81' lang='grc' dir='ltr'>ψυχῶν</span> <span class='ocrx_word' id='word_1_356' title='bbox 2549 2434 2935 2506; x_wconf 79' lang='grc' dir='ltr'>ἀπελάσωμεν,</span> <span class='ocrx_word' id='word_1_357' title='bbox 2952 2433 3141 2507; x_wconf 84' lang='grc' dir='ltr'>ὥσπερ</span> <span class='ocrx_word' id='word_1_358' title='bbox 3159 2434 3282 2488; x_wconf 76' lang='grc' dir='ltr'>τινὰ</span> <span class='ocrx_word' id='word_1_359' title='bbox 3312 2435 3553 2505; x_wconf 77' lang='grc' dir='ltr'>φρενῖτιν</span> <span class='ocrx_word' id='word_1_360' title='bbox 3582 2434 3648 2497; x_wconf 70' lang='grc' dir='ltr'><strong>εν</strong></span> 
     </span>
    </p>
   </div>
   <div class='ocr_carea' id='block_1_54' title="bbox 2034 2523 3648 2601">
    <p class='ocr_par' dir='ltr' id='par_1_54' title="bbox 2034 2523 3648 2601">
     <span class='ocr_line' id='line_1_54' title="bbox 2034 2523 3648 2601; baseline -0.004 -16"><span class='ocrx_word' id='word_1_361' title='bbox 2034 2531 2115 2585; x_wconf 86' lang='grc' dir='ltr'>τῶ</span> <span class='ocrx_word' id='word_1_362' title='bbox 2155 2529 2321 2601; x_wconf 76' lang='grc' dir='ltr'>γελᾷν</span> <span class='ocrx_word' id='word_1_363' title='bbox 2377 2528 2473 2582; x_wconf 76' lang='grc' dir='ltr'>καὶ</span> <span class='ocrx_word' id='word_1_364' title='bbox 2515 2524 2733 2592; x_wconf 74' lang='grc' dir='ltr'>παίζειν</span> <span class='ocrx_word' id='word_1_365' title='bbox 2787 2526 2880 2580; x_wconf 73' lang='grc' dir='ltr'><strong>τὸν</strong></span> <span class='ocrx_word' id='word_1_366' title='bbox 2933 2524 3181 2581; x_wconf 67' lang='grc' dir='ltr'>θάνατον</span> <span class='ocrx_word' id='word_1_367' title='bbox 3219 2526 3480 2595; x_wconf 83' lang='grc' dir='ltr'>ἄγουσαν.</span> <span class='ocrx_word' id='word_1_368' title='bbox 3545 2523 3648 2579; x_wconf 85' lang='grc' dir='ltr'>Ἐν</span> 
     </span>
    </p>
   </div>
   <div class='ocr_carea' id='block_1_55' title="bbox 2037 2617 3648 2695">
    <p class='ocr_par' dir='ltr' id='par_1_55' title="bbox 2037 2617 3648 2695">
     <span class='ocr_line' id='line_1_55' title="bbox 2037 2617 3648 2695; baseline -0.002 -18"><span class='ocrx_word' id='word_1_369' title='bbox 2037 2620 2216 2695; x_wconf 84' lang='grc' dir='ltr'>καιρῷ</span> <span class='ocrx_word' id='word_1_370' title='bbox 2240 2621 2285 2676; x_wconf 84' lang='grc' dir='ltr'>δ’</span> <span class='ocrx_word' id='word_1_371' title='bbox 2316 2621 2382 2676; x_wconf 86' lang='grc' dir='ltr'><strong>ἂν</strong></span> <span class='ocrx_word' id='word_1_372' title='bbox 2412 2620 2501 2675; x_wconf 82' lang='grc' dir='ltr'>τὸν</span> <span class='ocrx_word' id='word_1_373' title='bbox 2531 2620 2857 2692; x_wconf 81' lang='grc' dir='ltr'>Σολομῶντα</span> <span class='ocrx_word' id='word_1_374' title='bbox 2887 2618 3202 2690; x_wconf 78' lang='grc' dir='ltr'>ζηλώσαιμι</span> <span class='ocrx_word' id='word_1_375' title='bbox 3231 2620 3328 2689; x_wconf 80' lang='grc' dir='ltr'><strong>τῆς</strong></span> <span class='ocrx_word' id='word_1_376' title='bbox 3352 2617 3447 2671; x_wconf 78' lang='grc' dir='ltr'>τοῦ</span> <span class='ocrx_word' id='word_1_377' title='bbox 3475 2618 3648 2687; x_wconf 79' lang='grc' dir='ltr'>λόγου</span> 
     </span>
    </p>
   </div>
   <div class='ocr_carea' id='block_1_56' title="bbox 2042 2710 3650 2789">
    <p class='ocr_par' dir='ltr' id='par_1_56' title="bbox 2042 2710 3650 2789">
     <span class='ocr_line' id='line_1_56' title="bbox 2042 2710 3650 2789; baseline -0.002 -20"><span class='ocrx_word' id='word_1_378' title='bbox 2042 2716 2508 2789; x_wconf 86' lang='grc' dir='ltr'>μεταχειρήσεως.</span> <span class='ocrx_word' id='word_1_379' title='bbox 2550 2714 2662 2768; x_wconf 78' lang='grc' dir='ltr'><strong>Καὶ</strong></span> <span class='ocrx_word' id='word_1_380' title='bbox 2696 2715 2807 2787; x_wconf 84' lang='grc' dir='ltr'>γὰρ</span> <span class='ocrx_word' id='word_1_381' title='bbox 2855 2714 3066 2777; x_wconf 75' lang='grc' dir='ltr'>ἐκεῖνος</span> <span class='ocrx_word' id='word_1_382' title='bbox 3112 2710 3495 2783; x_wconf 68' lang='grc' dir='ltr'>ωμῦουλεύων</span> <span class='ocrx_word' id='word_1_383' title='bbox 3523 2714 3650 2778; x_wconf 83' lang='grc' dir='ltr'>τοῖς</span> 
     </span>
    </p>
   </div>
   <div class='ocr_carea' id='block_1_57' title="bbox 2042 2804 3649 2877">
    <p class='ocr_par' dir='ltr' id='par_1_57' title="bbox 2042 2804 3649 2877">
     <span class='ocr_line' id='line_1_57' title="bbox 2042 2804 3649 2877; baseline -0.002 -15"><span class='ocrx_word' id='word_1_384' title='bbox 2042 2808 2189 2873; x_wconf 78' lang='grc' dir='ltr'>νέοις</span> <span class='ocrx_word' id='word_1_385' title='bbox 2216 2806 2477 2877; x_wconf 82' lang='grc' dir='ltr'>ἀσφαλῶς</span> <span class='ocrx_word' id='word_1_386' title='bbox 2510 2807 2737 2870; x_wconf 77' lang='grc' dir='ltr'>ἑαυτοὺς</span> <span class='ocrx_word' id='word_1_387' title='bbox 2764 2805 2874 2859; x_wconf 86' lang='grc' dir='ltr'><strong>ἀπὸ</strong></span> <span class='ocrx_word' id='word_1_388' title='bbox 2898 2804 3008 2860; x_wconf 87' lang='grc' dir='ltr'><strong>τῶν</strong></span> <span class='ocrx_word' id='word_1_389' title='bbox 3039 2804 3282 2872; x_wconf 87' lang='grc' dir='ltr'>παγίδων</span> <span class='ocrx_word' id='word_1_390' title='bbox 3309 2805 3410 2876; x_wconf 84' lang='grc' dir='ltr'>τῆς</span> <span class='ocrx_word' id='word_1_391' title='bbox 3433 2804 3649 2859; x_wconf 76' lang='grc' dir='ltr'>ἀκολα-</span> 
     </span>
    </p>
   </div>
   <div class='ocr_carea' id='block_1_58' title="bbox 360 2896 1944 2973">
    <p class='ocr_par' dir='ltr' id='par_1_58' title="bbox 360 2903 1941 2973">
     <span class='ocr_line' id='line_1_58' title="bbox 360 2903 1941 2973; baseline 0.001 -15"><span class='ocrx_word' id='word_1_392' title='bbox 360 2904 435 2965; x_wconf 86' lang='lat' dir='ltr'><strong>ris</strong></span> <span class='ocrx_word' id='word_1_393' title='bbox 463 2918 529 2959; x_wconf 87' lang='lat' dir='ltr'><strong>ae</strong></span> <span class='ocrx_word' id='word_1_394' title='bbox 551 2918 841 2959; x_wconf 83' lang='lat' dir='ltr'><strong>nervorum</strong></span> <span class='ocrx_word' id='word_1_395' title='bbox 900 2904 1136 2959; x_wconf 85' lang='lat' dir='ltr'><strong>orationi</strong></span> <span class='ocrx_word' id='word_1_396' title='bbox 1183 2904 1335 2968; x_wconf 91' lang='lat' dir='ltr'><strong>insit,</strong></span> <span class='ocrx_word' id='word_1_397' title='bbox 1365 2903 1795 2973; x_wconf 84' lang='lat' dir='ltr'><strong>intemperantiae</strong></span> <span class='ocrx_word' id='word_1_398' title='bbox 1823 2916 1941 2972; x_wconf 85' lang='lat' dir='ltr'><strong>per-</strong></span> 
     </span>
    </p>
   </div>
   <div class='ocr_carea' id='block_1_59' title="bbox 2059 2896 3652 2973">
    <p class='ocr_par' dir='ltr' id='par_1_59' title="bbox 2059 2896 3652 2972">
     <span class='ocr_line' id='line_1_59' title="bbox 2059 2896 3652 2972; baseline -0.001 -18"><span class='ocrx_word' id='word_1_399' title='bbox 2059 2901 2173 2964; x_wconf 73' lang='grc' dir='ltr'>σίας</span> <span class='ocrx_word' id='word_1_400' title='bbox 2204 2902 2421 2972; x_wconf 78' lang='grc' dir='ltr'>τηρεῖν,</span> <span class='ocrx_word' id='word_1_401' title='bbox 2450 2899 2541 2953; x_wconf 79' lang='grc' dir='ltr'>ἵνα</span> <span class='ocrx_word' id='word_1_402' title='bbox 2571 2897 2905 2971; x_wconf 82' lang='grc' dir='ltr'>δραστήριον</span> <span class='ocrx_word' id='word_1_403' title='bbox 2937 2898 3032 2953; x_wconf 76' lang='grc' dir='ltr'><strong>καὶ</strong></span> <span class='ocrx_word' id='word_1_404' title='bbox 3064 2898 3264 2971; x_wconf 82' lang='grc' dir='ltr'>ὲνεργῆ</span> <span class='ocrx_word' id='word_1_405' title='bbox 3296 2896 3491 2953; x_wconf 77' lang='grc' dir='ltr'>ἑαυτοῦ</span> <span class='ocrx_word' id='word_1_406' title='bbox 3518 2917 3652 2953; x_wconf 80' lang='grc' dir='ltr'>νου-</span> 
     </span>
    </p>
   </div>
   <div class='ocr_carea' id='block_1_60' title="bbox 357 2993 1937 3069">
    <p class='ocr_par' dir='ltr' id='par_1_60' title="bbox 357 2993 1937 3069">
     <span class='ocr_line' id='line_1_60' title="bbox 357 2993 1937 3069; baseline -0.001 -19"><span class='ocrx_word' id='word_1_407' title='bbox 357 3010 548 3052; x_wconf 86' lang='lat' dir='ltr'><strong>sonam</strong></span> <span class='ocrx_word' id='word_1_408' title='bbox 576 2995 803 3065; x_wconf 67' lang='lat' dir='ltr'><strong>perdita:</strong></span> <span class='ocrx_word' id='word_1_409' title='bbox 832 3010 898 3050; x_wconf 91' lang='lat' dir='ltr'><strong>ac</strong></span> <span class='ocrx_word' id='word_1_410' title='bbox 950 2996 1223 3053; x_wconf 71' lang='lat' dir='ltr'><strong>damnata:</strong></span> <span class='ocrx_word' id='word_1_411' title='bbox 1263 2993 1396 3069; x_wconf 67' lang='lat' dir='ltr'><strong>vitae</strong></span> <span class='ocrx_word' id='word_1_412' title='bbox 1446 2994 1660 3051; x_wconf 88' lang='lat' dir='ltr'><strong>mulieri</strong></span> <span class='ocrx_word' id='word_1_413' title='bbox 1717 2994 1937 3063; x_wconf 83' lang='lat' dir='ltr'><strong>tribuit;</strong></span> 
     </span>
    </p>
   </div>
   <div class='ocr_carea' id='block_1_61' title="bbox 356 3084 1942 3157">
    <p class='ocr_par' dir='ltr' id='par_1_61' title="bbox 356 3084 1942 3157">
     <span class='ocr_line' id='line_1_61' title="bbox 356 3084 1942 3157; baseline 0 -17"><span class='ocrx_word' id='word_1_414' title='bbox 356 3100 682 3157; x_wconf 85' lang='lat' dir='ltr'><strong>omnemque</strong></span> <span class='ocrx_word' id='word_1_415' title='bbox 728 3084 845 3154; x_wconf 89' lang='lat' dir='ltr'><strong>ejus</strong></span> <span class='ocrx_word' id='word_1_416' title='bbox 892 3085 1302 3156; x_wconf 86' lang='lat' dir='ltr'><strong>improbitatem</strong></span> <span class='ocrx_word' id='word_1_417' title='bbox 1354 3086 1664 3151; x_wconf 85' lang='lat' dir='ltr'><strong>traducens,</strong></span> <span class='ocrx_word' id='word_1_418' title='bbox 1698 3088 1764 3140; x_wconf 77' lang='lat' dir='ltr'><strong>‘ac</strong></span> <span class='ocrx_word' id='word_1_419' title='bbox 1797 3085 1942 3140; x_wconf 87' lang='lat' dir='ltr'><strong>velut</strong></span> 
     </span>
    </p>
   </div>
   <div class='ocr_carea' id='block_1_62' title="bbox 359 3175 1937 3248">
    <p class='ocr_par' dir='ltr' id='par_1_62' title="bbox 359 3175 1937 3248">
     <span class='ocr_line' id='line_1_62' title="bbox 359 3175 1937 3248; baseline -0.001 -14"><span class='ocrx_word' id='word_1_420' title='bbox 359 3178 616 3234; x_wconf 88' lang='lat' dir='ltr'><strong>marmori</strong></span> <span class='ocrx_word' id='word_1_421' title='bbox 651 3178 984 3247; x_wconf 89' lang='lat' dir='ltr'><strong>insculpens,</strong></span> <span class='ocrx_word' id='word_1_422' title='bbox 1020 3177 1103 3233; x_wconf 89' lang='lat' dir='ltr'><strong>bis</strong></span> <span class='ocrx_word' id='word_1_423' title='bbox 1131 3177 1222 3248; x_wconf 90' lang='lat' dir='ltr'><strong>qui</strong></span> <span class='ocrx_word' id='word_1_424' title='bbox 1246 3175 1362 3245; x_wconf 89' lang='lat' dir='ltr'><strong>ejus</strong></span> <span class='ocrx_word' id='word_1_425' title='bbox 1390 3176 1661 3233; x_wconf 86' lang='lat' dir='ltr'><strong>illecebris</strong></span> <span class='ocrx_word' id='word_1_426' title='bbox 1688 3177 1937 3232; x_wconf 87' lang='lat' dir='ltr'><strong>inescan-</strong></span> 
     </span>
    </p>
   </div>
   <div class='ocr_carea' id='block_1_63' title="bbox 357 3269 1939 3341">
    <p class='ocr_par' dir='ltr' id='par_1_63' title="bbox 357 3269 1939 3341">
     <span class='ocr_line' id='line_1_63' title="bbox 357 3269 1939 3341; baseline 0.001 -16"><span class='ocrx_word' id='word_1_427' title='bbox 357 3280 466 3337; x_wconf 85' lang='lat' dir='ltr'><strong>tur,</strong></span> <span class='ocrx_word' id='word_1_428' title='bbox 494 3270 712 3339; x_wconf 79' lang='lat' dir='ltr'><strong>dignam</strong></span> <span class='ocrx_word' id='word_1_429' title='bbox 747 3285 911 3340; x_wconf 86' lang='lat' dir='ltr'><strong>quam</strong></span> <span class='ocrx_word' id='word_1_430' title='bbox 947 3269 1073 3325; x_wconf 90' lang='lat' dir='ltr'><strong>odio</strong></span> <span class='ocrx_word' id='word_1_431' title='bbox 1114 3281 1552 3341; x_wconf 84' lang='lat' dir='ltr'><strong>prosequantur,</strong></span> <span class='ocrx_word' id='word_1_432' title='bbox 1606 3270 1939 3327; x_wconf 80' lang='lat' dir='ltr'><strong>ostendit“.</strong></span> 
     </span>
    </p>
   </div>
   <div class='ocr_carea' id='block_1_64' title="bbox 360 3360 1943 3434">
    <p class='ocr_par' dir='ltr' id='par_1_64' title="bbox 360 3360 1943 3434">
     <span class='ocr_line' id='line_1_64' title="bbox 360 3360 1943 3434; baseline 0.003 -17"><span class='ocrx_word' id='word_1_433' title='bbox 360 3362 540 3429; x_wconf 85' lang='lat' dir='ltr'><strong>Quare</strong></span> <span class='ocrx_word' id='word_1_434' title='bbox 570 3373 626 3417; x_wconf 88' lang='lat' dir='ltr'><strong>et</strong></span> <span class='ocrx_word' id='word_1_435' title='bbox 685 3377 786 3434; x_wconf 82' lang='lat' dir='ltr'><strong>ego</strong></span> <span class='ocrx_word' id='word_1_436' title='bbox 833 3361 956 3417; x_wconf 87' lang='lat' dir='ltr'><strong>festi</strong></span> <span class='ocrx_word' id='word_1_437' title='bbox 1000 3360 1164 3431; x_wconf 89' lang='lat' dir='ltr'><strong>hujus</strong></span> <span class='ocrx_word' id='word_1_438' title='bbox 1217 3362 1441 3417; x_wconf 88' lang='lat' dir='ltr'><strong>humani</strong></span> <span class='ocrx_word' id='word_1_439' title='bbox 1501 3361 1842 3433; x_wconf 85' lang='lat' dir='ltr'><strong>profanique,</strong></span> <span class='ocrx_word' id='word_1_440' title='bbox 1872 3364 1943 3421; x_wconf 89' lang='lat' dir='ltr'><strong>ob</strong></span> 
     </span>
    </p>
   </div>
   <div class='ocr_carea' id='block_1_65' title="bbox 358 3441 1943 3523">
    <p class='ocr_par' dir='ltr' id='par_1_65' title="bbox 358 3441 1943 3523">
     <span class='ocr_line' id='line_1_65' title="bbox 358 3441 1943 3523; baseline 0.004 -16"><span class='ocrx_word' id='word_1_441' title='bbox 358 3453 544 3508; x_wconf 82' lang='lat' dir='ltr'><strong>oculos</strong></span> <span class='ocrx_word' id='word_1_442' title='bbox 574 3454 870 3509; x_wconf 85' lang='lat' dir='ltr'><strong>vanitatem</strong></span> <span class='ocrx_word' id='word_1_443' title='bbox 902 3453 1133 3509; x_wconf 87' lang='lat' dir='ltr'><strong>dicendo</strong></span> <span class='ocrx_word' id='word_1_444' title='bbox 1158 3468 1387 3522; x_wconf 85' lang='lat' dir='ltr'><strong>ponens,</strong></span> <span class='ocrx_word' id='word_1_445' title='bbox 1408 3441 1416 3451; x_wconf 78' lang='grc'><em>’</em></span> <span class='ocrx_word' id='word_1_446' title='bbox 1436 3451 1555 3523; x_wconf 84' lang='lat' dir='ltr'><strong>ejus</strong></span> <span class='ocrx_word' id='word_1_447' title='bbox 1582 3455 1858 3513; x_wconf 89' lang='lat' dir='ltr'><strong>studiosos</strong></span> <span class='ocrx_word' id='word_1_448' title='bbox 1879 3472 1943 3514; x_wconf 89' lang='lat' dir='ltr'><strong>ac</strong></span> 
     </span>
    </p>
   </div>
   <div class='ocr_carea' id='block_1_66' title="bbox 360 3528 1942 3611">
    <p class='ocr_par' dir='ltr' id='par_1_66' title="bbox 360 3528 1942 3611">
     <span class='ocr_line' id='line_1_66' title="bbox 360 3528 1942 3611; baseline 0 -10"><span class='ocrx_word' id='word_1_449' title='bbox 360 3553 655 3611; x_wconf 82' lang='lat' dir='ltr'><strong>amatores,</strong></span> <span class='ocrx_word' id='word_1_450' title='bbox 678 3545 747 3599; x_wconf 87' lang='lat' dir='ltr'><strong>ab</strong></span> <span class='ocrx_word' id='word_1_451' title='bbox 772 3558 1008 3600; x_wconf 89' lang='lat' dir='ltr'><strong>orroueo</strong></span> <span class='ocrx_word' id='word_1_452' title='bbox 1039 3544 1143 3600; x_wconf 88' lang='lat' dir='ltr'><strong>hoc</strong></span> <span class='ocrx_word' id='word_1_453' title='bbox 1176 3528 1366 3600; x_wconf 74' lang='lat' dir='ltr'><strong>studio</strong></span> <span class='ocrx_word' id='word_1_454' title='bbox 1382 3544 1661 3601; x_wconf 86' lang='lat' dir='ltr'><strong>deterrere</strong></span> <span class='ocrx_word' id='word_1_455' title='bbox 1692 3560 1757 3601; x_wconf 88' lang='lat' dir='ltr'><strong>ac</strong></span> <span class='ocrx_word' id='word_1_456' title='bbox 1785 3560 1942 3603; x_wconf 81' lang='lat' dir='ltr'><strong>revo-</strong></span> 
     </span>
    </p>
   </div>
   <div class='ocr_carea' id='block_1_67' title="bbox 360 3637 790 3693">
    <p class='ocr_par' dir='ltr' id='par_1_67' title="bbox 360 3637 790 3693">
     <span class='ocr_line' id='line_1_67' title="bbox 360 3637 790 3693; baseline -0.002 0"><span class='ocrx_word' id='word_1_457' title='bbox 360 3650 488 3693; x_wconf 87' lang='lat' dir='ltr'><strong>care</strong></span> <span class='ocrx_word' id='word_1_458' title='bbox 526 3637 790 3693; x_wconf 85' lang='lat' dir='ltr'><strong>conabor.</strong></span> 
     </span>
    </p>
   </div>
   <div class='ocr_carea' id='block_1_68' title="bbox 2049 2989 3650 3065">
    <p class='ocr_par' dir='ltr' id='par_1_68' title="bbox 2049 2989 3650 3065">
     <span class='ocr_line' id='line_1_68' title="bbox 2049 2989 3650 3065; baseline -0.002 -18"><span class='ocrx_word' id='word_1_459' title='bbox 2049 2992 2237 3048; x_wconf 82' lang='grc' dir='ltr'>θεσίαν</span> <span class='ocrx_word' id='word_1_460' title='bbox 2270 2991 2598 3065; x_wconf 80' lang='grc' dir='ltr'>ἐργάσηται,</span> <span class='ocrx_word' id='word_1_461' title='bbox 2640 2992 3053 3064; x_wconf 80' lang='grc' dir='ltr'>προσωποποιεῖ</span> <span class='ocrx_word' id='word_1_462' title='bbox 3080 2989 3180 3061; x_wconf 82' lang='grc' dir='ltr'>τὴν</span> <span class='ocrx_word' id='word_1_463' title='bbox 3219 2989 3516 3046; x_wconf 84' lang='grc' dir='ltr'>ἀκολασίαν</span> <span class='ocrx_word' id='word_1_464' title='bbox 3559 2992 3650 3055; x_wconf 84' lang='grc' dir='ltr'><strong>είς</strong></span> 
     </span>
    </p>
   </div>
   <div class='ocr_carea' id='block_1_69' title="bbox 2048 3081 3651 3156">
    <p class='ocr_par' dir='ltr' id='par_1_69' title="bbox 2048 3081 3651 3156">
     <span class='ocr_line' id='line_1_69' title="bbox 2048 3081 3651 3156; baseline -0.002 -16"><span class='ocrx_word' id='word_1_465' title='bbox 2048 3087 2286 3156; x_wconf 83' lang='grc' dir='ltr'>γυναῖκα</span> <span class='ocrx_word' id='word_1_466' title='bbox 2306 3083 2766 3156; x_wconf 79' lang='grc' dir='ltr'>κατεγνωσμένην</span> <span class='ocrx_word' id='word_1_467' title='bbox 2782 3101 2795 3114; x_wconf 85' lang='grc'><strong>·</strong></span> <span class='ocrx_word' id='word_1_468' title='bbox 2833 3083 3015 3138; x_wconf 77' lang='grc' dir='ltr'>πᾶσαν</span> <span class='ocrx_word' id='word_1_469' title='bbox 3041 3082 3099 3136; x_wconf 79' lang='grc' dir='ltr'>δὲ</span> <span class='ocrx_word' id='word_1_470' title='bbox 3128 3082 3228 3154; x_wconf 87' lang='grc' dir='ltr'>τὴν</span> <span class='ocrx_word' id='word_1_471' title='bbox 3246 3081 3445 3138; x_wconf 85' lang='grc' dir='ltr'>κακίαν</span> <span class='ocrx_word' id='word_1_472' title='bbox 3468 3082 3651 3154; x_wconf 80' lang='grc' dir='ltr'>αὐτῆς</span> 
     </span>
    </p>
   </div>
   <div class='ocr_carea' id='block_1_70' title="bbox 2051 3175 3651 3253">
    <p class='ocr_par' dir='ltr' id='par_1_70' title="bbox 2051 3175 3651 3253">
     <span class='ocr_line' id='line_1_70' title="bbox 2051 3175 3651 3253; baseline -0.003 -21"><span class='ocrx_word' id='word_1_473' title='bbox 2051 3178 2416 3253; x_wconf 74' lang='grc' dir='ltr'>στηλιτεύων,</span> <span class='ocrx_word' id='word_1_474' title='bbox 2450 3176 2626 3241; x_wconf 71' lang='grc' dir='ltr'>οὕτως</span> <span class='ocrx_word' id='word_1_475' title='bbox 2667 3176 2859 3249; x_wconf 82' lang='grc' dir='ltr'>μίσους</span> <span class='ocrx_word' id='word_1_476' title='bbox 2895 3176 3054 3242; x_wconf 79' lang='grc' dir='ltr'>ἀξίαν</span> <span class='ocrx_word' id='word_1_477' title='bbox 3084 3176 3378 3247; x_wconf 79' lang='grc' dir='ltr'>ἀποφαίνει</span> <span class='ocrx_word' id='word_1_478' title='bbox 3408 3178 3520 3240; x_wconf 86' lang='grc' dir='ltr'>τοῖς</span> <span class='ocrx_word' id='word_1_479' title='bbox 3553 3175 3651 3228; x_wconf 83' lang='grc' dir='ltr'>δε-</span> 
     </span>
    </p>
   </div>
   <div class='ocr_carea' id='block_1_71' title="bbox 2049 3266 3654 3343">
    <p class='ocr_par' dir='ltr' id='par_1_71' title="bbox 2049 3266 3654 3343">
     <span class='ocr_line' id='line_1_71' title="bbox 2049 3266 3654 3343; baseline -0.004 -16"><span class='ocrx_word' id='word_1_480' title='bbox 2049 3270 2419 3343; x_wconf 77' lang='grc' dir='ltr'>λεαζομένοις.</span> <span class='ocrx_word' id='word_1_481' title='bbox 2450 3270 2542 3324; x_wconf 73' lang='grc' dir='ltr'>Διὸ</span> <span class='ocrx_word' id='word_1_482' title='bbox 2567 3266 2723 3337; x_wconf 84' lang='grc' dir='ltr'><strong>κάγὼ</strong></span> <span class='ocrx_word' id='word_1_483' title='bbox 2745 3270 2843 3341; x_wconf 80' lang='grc' dir='ltr'><strong>τὴν</strong></span> <span class='ocrx_word' id='word_1_484' title='bbox 2876 3268 3217 3340; x_wconf 78' lang='grc' dir='ltr'>ματαιότητα</span> <span class='ocrx_word' id='word_1_485' title='bbox 3246 3267 3347 3338; x_wconf 83' lang='grc' dir='ltr'>τῆς</span> <span class='ocrx_word' id='word_1_486' title='bbox 3372 3267 3654 3338; x_wconf 87' lang='grc' dir='ltr'>ἀνθρωπι-</span> 
     </span>
    </p>
   </div>
   <div class='ocr_carea' id='block_1_72' title="bbox 2051 3360 3652 3438">
    <p class='ocr_par' dir='ltr' id='par_1_72' title="bbox 2051 3360 3652 3438">
     <span class='ocr_line' id='line_1_72' title="bbox 2051 3360 3652 3438; baseline -0.004 -15"><span class='ocrx_word' id='word_1_487' title='bbox 2051 3367 2155 3438; x_wconf 79' lang='grc' dir='ltr'>κῆς</span> <span class='ocrx_word' id='word_1_488' title='bbox 2207 3365 2404 3438; x_wconf 80' lang='grc' dir='ltr'>ἑορτῆς</span> <span class='ocrx_word' id='word_1_489' title='bbox 2445 3362 2734 3428; x_wconf 80' lang='grc' dir='ltr'>ὑποδείξας</span> <span class='ocrx_word' id='word_1_490' title='bbox 2785 3360 2864 3431; x_wconf 86' lang='grc' dir='ltr'>τῷ</span> <span class='ocrx_word' id='word_1_491' title='bbox 2915 3360 3081 3432; x_wconf 86' lang='grc' dir='ltr'>λόγῳ,</span> <span class='ocrx_word' id='word_1_492' title='bbox 3127 3360 3464 3433; x_wconf 81' lang='grc' dir='ltr'>πειράσομαι</span> <span class='ocrx_word' id='word_1_493' title='bbox 3515 3362 3652 3427; x_wconf 76' lang='grc' dir='ltr'>τοὺς</span> 
     </span>
    </p>
   </div>
   <div class='ocr_carea' id='block_1_73' title="bbox 2052 3452 3651 3531">
    <p class='ocr_par' dir='ltr' id='par_1_73' title="bbox 2052 3452 3651 3531">
     <span class='ocr_line' id='line_1_73' title="bbox 2052 3452 3651 3531; baseline -0.002 -18"><span class='ocrx_word' id='word_1_494' title='bbox 2052 3457 2290 3531; x_wconf 78' lang='grc' dir='ltr'>ἐραστὰς</span> <span class='ocrx_word' id='word_1_495' title='bbox 2318 3455 2535 3528; x_wconf 78' lang='grc' dir='ltr'>ἐκείνης</span> <span class='ocrx_word' id='word_1_496' title='bbox 2557 3453 2871 3526; x_wconf 81' lang='grc' dir='ltr'>ἀποστῆσαι</span> <span class='ocrx_word' id='word_1_497' title='bbox 2894 3453 2995 3528; x_wconf 83' lang='grc' dir='ltr'>τῆς</span> <span class='ocrx_word' id='word_1_498' title='bbox 3020 3452 3450 3529; x_wconf 82' lang='grc' dir='ltr'>πεπλανημένης</span> <span class='ocrx_word' id='word_1_499' title='bbox 3475 3470 3651 3512; x_wconf 82' lang='grc' dir='ltr'>σπου-</span> 
     </span>
    </p>
   </div>
   <div class='ocr_carea' id='block_1_74' title="bbox 2052 3547 2174 3618">
    <p class='ocr_par' dir='ltr' id='par_1_74' title="bbox 2052 3547 2174 3618">
     <span class='ocr_line' id='line_1_74' title="bbox 2052 3547 2174 3618; baseline -0.016 -14"><span class='ocrx_word' id='word_1_500' title='bbox 2052 3547 2174 3618; x_wconf 82' lang='grc' dir='ltr'><strong>δῆς.</strong></span> 
     </span>
    </p>
   </div>
   <div class='ocr_carea' id='block_1_75' title="bbox 433 3773 3147 3847">
    <p class='ocr_par' dir='ltr' id='par_1_75' title="bbox 433 3773 3147 3847">
     <span class='ocr_line' id='line_1_75' title="bbox 433 3773 3147 3847; baseline 0.001 -18"><span class='ocrx_word' id='word_1_501' title='bbox 433 3775 479 3808; x_wconf 78' lang='grc'><strong>⁸⁸</strong></span> <span class='ocrx_word' id='word_1_502' title='bbox 509 3773 677 3830; x_wconf 84' lang='lat' dir='ltr'><strong>Exod.</strong></span> <span class='ocrx_word' id='word_1_503' title='bbox 708 3789 818 3842; x_wconf 76' lang='grc' dir='ltr'>χιν,</span> <span class='ocrx_word' id='word_1_504' title='bbox 850 3783 956 3830; x_wconf 88' lang='lat' dir='ltr'><strong>etc.</strong></span> <span class='ocrx_word' id='word_1_505' title='bbox 1035 3775 1077 3809; x_wconf 86' lang='grc'><strong>⁶¹</strong></span> <span class='ocrx_word' id='word_1_506' title='bbox 1119 3774 1254 3829; x_wconf 89' lang='lat' dir='ltr'><strong>Dan.</strong></span> <span class='ocrx_word' id='word_1_507' title='bbox 1289 3789 1402 3842; x_wconf 78' lang='lat' dir='ltr'><strong>xiv,</strong></span> <span class='ocrx_word' id='word_1_508' title='bbox 1437 3774 1527 3830; x_wconf 77' lang='grc'><strong>55.</strong></span> <span class='ocrx_word' id='word_1_509' title='bbox 1605 3774 1653 3810; x_wconf 77' lang='grc'><strong><em>⁸⁸</em></strong></span> <span class='ocrx_word' id='word_1_510' title='bbox 1691 3775 1827 3833; x_wconf 82' lang='lat' dir='ltr'><strong>Gen.</strong></span> <span class='ocrx_word' id='word_1_511' title='bbox 1855 3794 1971 3847; x_wconf 73' lang='lat' dir='ltr'><strong>ut,</strong></span> <span class='ocrx_word' id='word_1_512' title='bbox 2008 3780 2097 3837; x_wconf 74' lang='lat' dir='ltr'><strong>f9.</strong></span> <span class='ocrx_word' id='word_1_513' title='bbox 2173 3778 2221 3811; x_wconf 81' lang='grc'>⁸³</span> <span class='ocrx_word' id='word_1_514' title='bbox 2246 3777 2406 3834; x_wconf 76' lang='lat' dir='ltr'><strong>Joan.</strong></span> <span class='ocrx_word' id='word_1_515' title='bbox 2433 3791 2510 3840; x_wconf 83' lang='lat' dir='ltr'><strong>vt,</strong></span> <span class='ocrx_word' id='word_1_516' title='bbox 2539 3774 2595 3833; x_wconf 89' lang='lat'><strong>9.</strong></span> <span class='ocrx_word' id='word_1_517' title='bbox 2673 3776 2720 3810; x_wconf 81' lang='lat'><strong>“</strong></span> <span class='ocrx_word' id='word_1_518' title='bbox 2758 3775 2918 3833; x_wconf 83' lang='lat' dir='ltr'><strong>Prov.</strong></span> <span class='ocrx_word' id='word_1_519' title='bbox 2948 3792 3004 3843; x_wconf 91' lang='lat' dir='ltr'><strong>v,</strong></span> <span class='ocrx_word' id='word_1_520' title='bbox 3032 3777 3087 3843; x_wconf 86' lang='lat'><strong>6,</strong></span> <span class='ocrx_word' id='word_1_521' title='bbox 3111 3777 3147 3833; x_wconf 82' lang='grc'><strong>7</strong></span> 
     </span>
    </p>
   </div>
   <div class='ocr_carea' id='block_1_76' title="bbox 435 3917 1946 3991">
    <p class='ocr_par' dir='ltr' id='par_1_76' title="bbox 435 3917 1946 3991">
     <span class='ocr_line' id='line_1_76' title="bbox 435 3917 1946 3991; baseline 0.005 -20"><span class='ocrx_word' id='word_1_522' title='bbox 435 3919 548 3988; x_wconf 72' lang='lat'><strong>(‘27)</strong></span> <span class='ocrx_word' id='word_1_523' title='bbox 575 3917 1332 3991; x_wconf 20' lang='lat' dir='ltr'><strong>AOnmistetatishominibus,</strong></span> <span class='ocrx_word' id='word_1_524' title='bbox 1359 3926 1467 3975; x_wconf 90' lang='lat' dir='ltr'><strong>etc.</strong></span> <span class='ocrx_word' id='word_1_525' title='bbox 1494 3917 1670 3991; x_wconf 88' lang='lat' dir='ltr'><strong>Ipsum</strong></span> <span class='ocrx_word' id='word_1_526' title='bbox 1692 3928 1776 3991; x_wconf 88' lang='lat' dir='ltr'><strong>est</strong></span> <span class='ocrx_word' id='word_1_527' title='bbox 1803 3923 1946 3991; x_wconf 88' lang='lat' dir='ltr'><strong>quod</strong></span> 
     </span>
    </p>
   </div>
   <div class='ocr_carea' id='block_1_77' title="bbox 363 3988 1949 4059">
    <p class='ocr_par' dir='ltr' id='par_1_77' title="bbox 363 3988 1949 4059">
     <span class='ocr_line' id='line_1_77' title="bbox 363 3988 1949 4059; baseline 0.005 -20"><span class='ocrx_word' id='word_1_528' title='bbox 363 3988 697 4059; x_wconf 72' lang='lat' dir='ltr'><strong>Augustinus</strong></span> <span class='ocrx_word' id='word_1_529' title='bbox 732 3990 798 4047; x_wconf 84' lang='lat' dir='ltr'><strong>ad</strong></span> <span class='ocrx_word' id='word_1_530' title='bbox 829 4004 950 4044; x_wconf 88' lang='lat' dir='ltr'><strong>eum</strong></span> <span class='ocrx_word' id='word_1_531' title='bbox 985 3988 1213 4044; x_wconf 86' lang='lat' dir='ltr'><strong>Joannis</strong></span> <span class='ocrx_word' id='word_1_532' title='bbox 1265 3989 1441 4044; x_wconf 86' lang='lat' dir='ltr'><strong>locum</strong></span> <span class='ocrx_word' id='word_1_533' title='bbox 1481 3988 1836 4047; x_wconf 54' lang='lat' dir='ltr'><strong>universalis&#39;</strong></span> <span class='ocrx_word' id='word_1_534' title='bbox 1858 3992 1949 4048; x_wconf 88' lang='lat' dir='ltr'><strong>Dei</strong></span> 
     </span>
    </p>
   </div>
   <div class='ocr_carea' id='block_1_78' title="bbox 364 4059 1947 4131">
    <p class='ocr_par' dir='ltr' id='par_1_78' title="bbox 364 4059 1947 4131">
     <span class='ocr_line' id='line_1_78' title="bbox 364 4059 1947 4131; baseline 0.004 -20"><span class='ocrx_word' id='word_1_535' title='bbox 364 4059 718 4130; x_wconf 75' lang='lat' dir='ltr'><strong>providentiae</strong></span> <span class='ocrx_word' id='word_1_536' title='bbox 765 4059 1095 4131; x_wconf 80' lang='lat' dir='ltr'><strong>miraculum</strong></span> <span class='ocrx_word' id='word_1_537' title='bbox 1132 4060 1361 4121; x_wconf 81' lang='lat' dir='ltr'><strong>extollit,</strong></span> <span class='ocrx_word' id='word_1_538' title='bbox 1414 4061 1586 4131; x_wconf 82' lang='lat' dir='ltr'><strong>majus</strong></span> <span class='ocrx_word' id='word_1_539' title='bbox 1620 4059 1749 4114; x_wconf 90' lang='lat' dir='ltr'><strong>illud</strong></span> <span class='ocrx_word' id='word_1_540' title='bbox 1786 4076 1947 4131; x_wconf 90' lang='lat' dir='ltr'><strong>quam</strong></span> 
     </span>
    </p>
   </div>
   <div class='ocr_carea' id='block_1_79' title="bbox 366 4128 1945 4200">
    <p class='ocr_par' dir='ltr' id='par_1_79' title="bbox 366 4128 1945 4200">
     <span class='ocr_line' id='line_1_79' title="bbox 366 4128 1945 4200; baseline 0.001 -15"><span class='ocrx_word' id='word_1_541' title='bbox 366 4128 456 4185; x_wconf 77' lang='lat' dir='ltr'><strong>illa</strong></span> <span class='ocrx_word' id='word_1_542' title='bbox 500 4145 698 4200; x_wconf 88' lang='lat' dir='ltr'><strong>panum</strong></span> <span class='ocrx_word' id='word_1_543' title='bbox 755 4129 1153 4200; x_wconf 80' lang='lat' dir='ltr'><strong>multiplicatio,</strong></span> <span class='ocrx_word' id='word_1_544' title='bbox 1216 4128 1439 4200; x_wconf 82' lang='lat' dir='ltr'><strong>tametsi</strong></span> <span class='ocrx_word' id='word_1_545' title='bbox 1485 4128 1645 4185; x_wconf 86' lang='lat' dir='ltr'><strong>nemo</strong></span> <span class='ocrx_word' id='word_1_546' title='bbox 1696 4128 1945 4198; x_wconf 81' lang='lat' dir='ltr'><strong>miretur,</strong></span> 
     </span>
    </p>
   </div>
   <div class='ocr_carea' id='block_1_80' title="bbox 365 4195 1946 4270">
    <p class='ocr_par' dir='ltr' id='par_1_80' title="bbox 365 4195 1946 4270">
     <span class='ocr_line' id='line_1_80' title="bbox 365 4195 1946 4270; baseline 0.003 -15"><span class='ocrx_word' id='word_1_547' title='bbox 365 4195 862 4270; x_wconf 55' lang='lat' dir='ltr'><strong>quia&#39;consuetum.</strong></span> <span class='ocrx_word' id='word_1_548' title='bbox 901 4195 1036 4255; x_wconf 77' lang='lat' dir='ltr'><strong>Male</strong></span> <span class='ocrx_word' id='word_1_549' title='bbox 1080 4214 1303 4270; x_wconf 84' lang='lat' dir='ltr'><strong>prorsus</strong></span> <span class='ocrx_word' id='word_1_550' title='bbox 1331 4195 1601 4269; x_wconf 80' lang='lat' dir='ltr'><strong>interpres</strong></span> <span class='ocrx_word' id='word_1_551' title='bbox 1636 4202 1701 4256; x_wconf 87' lang='lat' dir='ltr'><strong>ad</strong></span> <span class='ocrx_word' id='word_1_552' title='bbox 1731 4195 1946 4259; x_wconf 65' lang='lat' dir='ltr'><strong>Judazos</strong></span> 
     </span>
    </p>
   </div>
   <div class='ocr_carea' id='block_1_81' title="bbox 366 4269 1946 4343">
    <p class='ocr_par' dir='ltr' id='par_1_81' title="bbox 366 4269 1946 4343">
     <span class='ocr_line' id='line_1_81' title="bbox 366 4269 1946 4343; baseline 0.002 -18"><span class='ocrx_word' id='word_1_553' title='bbox 366 4269 665 4342; x_wconf 84' lang='lat' dir='ltr'><strong>restringit,</strong></span> <span class='ocrx_word' id='word_1_554' title='bbox 695 4287 816 4343; x_wconf 85' lang='lat' dir='ltr'><strong>cum</strong></span> <span class='ocrx_word' id='word_1_555' title='bbox 844 4270 915 4343; x_wconf 84' lang='lat' dir='ltr'><strong>ita</strong></span> <span class='ocrx_word' id='word_1_556' title='bbox 950 4270 1165 4343; x_wconf 71' lang='lat' dir='ltr'><strong>reddit:</strong></span> <span class='ocrx_word' id='word_1_557' title='bbox 1196 4269 1328 4343; x_wconf 76' lang='lat' dir='ltr'><strong>Qua:</strong></span> <span class='ocrx_word' id='word_1_558' title='bbox 1358 4270 1561 4343; x_wconf 52' lang='lat' dir='ltr'><strong>ludatis</strong></span> <span class='ocrx_word' id='word_1_559' title='bbox 1586 4287 1679 4339; x_wconf 85' lang='lat' dir='ltr'><strong>per</strong></span> <span class='ocrx_word' id='word_1_560' title='bbox 1709 4273 1946 4343; x_wconf 76' lang='lat' dir='ltr'><strong>singulas</strong></span> 
     </span>
    </p>
   </div>
   <div class='ocr_carea' id='block_1_82' title="bbox 367 4339 1945 4413">
    <p class='ocr_par' dir='ltr' id='par_1_82' title="bbox 367 4339 1945 4413">
     <span class='ocr_line' id='line_1_82' title="bbox 367 4339 1945 4413; baseline 0.002 -20"><span class='ocrx_word' id='word_1_561' title='bbox 367 4351 546 4399; x_wconf 67' lang='lat' dir='ltr'><strong>aetates</strong></span> <span class='ocrx_word' id='word_1_562' title='bbox 572 4339 840 4413; x_wconf 65' lang='lat' dir='ltr'><strong>opitulata</strong></span> <span class='ocrx_word' id='word_1_563' title='bbox 880 4341 1002 4413; x_wconf 78' lang='lat' dir='ltr'><strong>fuit.</strong></span> <span class='ocrx_word' id='word_1_564' title='bbox 1049 4339 1147 4394; x_wconf 87' lang='lat' dir='ltr'><strong>Ubi</strong></span> <span class='ocrx_word' id='word_1_565' title='bbox 1177 4342 1341 4413; x_wconf 84' lang='lat' dir='ltr'><strong>etiam</strong></span> <span class='ocrx_word' id='word_1_566' title='bbox 1370 4356 1476 4413; x_wconf 82' lang='lat' dir='ltr'><strong>non</strong></span> <span class='ocrx_word' id='word_1_567' title='bbox 1508 4340 1646 4413; x_wconf 79' lang='lat' dir='ltr'><strong>bene</strong></span> <span class='ocrx_word' id='word_1_568' title='bbox 1682 4339 1945 4413; x_wconf 76' lang='lat' dir='ltr'><strong>expressa</strong></span> 
     </span>
    </p>
   </div>
   <div class='ocr_carea' id='block_1_83' title="bbox 365 4410 1954 4481">
    <p class='ocr_par' dir='ltr' id='par_1_83' title="bbox 365 4410 1954 4481">
     <span class='ocr_line' id='line_1_83' title="bbox 365 4410 1954 4481; baseline 0.004 -18"><span class='ocrx_word' id='word_1_569' title='bbox 365 4427 469 4464; x_wconf 74' lang='lat' dir='ltr'><strong>vos</strong></span> <span class='ocrx_word' id='word_1_570' title='bbox 499 4411 903 4481; x_wconf 77' lang='grc' dir='ltr'>ὲπαρκὲσασαν,</span> <span class='ocrx_word' id='word_1_571' title='bbox 936 4411 1260 4481; x_wconf 68' lang='lat' dir='ltr'><strong>qula_quo:l</strong></span> <span class='ocrx_word' id='word_1_572' title='bbox 1289 4410 1391 4481; x_wconf 86' lang='lat' dir='ltr'><strong>loci</strong></span> <span class='ocrx_word' id='word_1_573' title='bbox 1428 4412 1565 4465; x_wconf 86' lang='lat' dir='ltr'><strong>ratio</strong></span> <span class='ocrx_word' id='word_1_574' title='bbox 1593 4410 1781 4480; x_wconf 78' lang='lat' dir='ltr'><strong>exigit.</strong></span> <span class='ocrx_word' id='word_1_575' title='bbox 1816 4413 1954 4468; x_wconf 85' lang='lat' dir='ltr'><strong>Fuc-</strong></span> 
     </span>
    </p>
   </div>
   <div class='ocr_carea' id='block_1_84' title="bbox 367 4479 1955 4544">
    <p class='ocr_par' dir='ltr' id='par_1_84' title="bbox 367 4479 1955 4544">
     <span class='ocr_line' id='line_1_84' title="bbox 367 4479 1955 4544; baseline 0.004 -9"><span class='ocrx_word' id='word_1_576' title='bbox 367 4491 452 4536; x_wconf 91' lang='lat' dir='ltr'><strong>rat</strong></span> <span class='ocrx_word' id='word_1_577' title='bbox 487 4482 537 4535; x_wconf 94' lang='lat' dir='ltr'><strong>in</strong></span> <span class='ocrx_word' id='word_1_578' title='bbox 566 4479 685 4537; x_wconf 77' lang='lat' dir='ltr'><strong>istis</strong></span> <span class='ocrx_word' id='word_1_579' title='bbox 719 4483 1057 4537; x_wconf 82' lang='lat' dir='ltr'><strong>exercendus</strong></span> <span class='ocrx_word' id='word_1_580' title='bbox 1088 4479 1263 4535; x_wconf 73' lang='lat' dir='ltr'><strong>Ducari</strong></span> <span class='ocrx_word' id='word_1_581' title='bbox 1295 4480 1558 4544; x_wconf 87' lang='lat' dir='ltr'><strong>calamus,</strong></span> <span class='ocrx_word' id='word_1_582' title='bbox 1594 4497 1652 4537; x_wconf 87' lang='lat' dir='ltr'><strong>ut</strong></span> <span class='ocrx_word' id='word_1_583' title='bbox 1687 4479 1955 4541; x_wconf 87' lang='lat' dir='ltr'><strong>voluisset</strong></span> 
     </span>
    </p>
   </div>
   <div class='ocr_carea' id='block_1_85' title="bbox 368 4552 1597 4621">
    <p class='ocr_par' dir='ltr' id='par_1_85' title="bbox 368 4552 1597 4621">
     <span class='ocr_line' id='line_1_85' title="bbox 368 4552 1597 4621; baseline -0.001 -16"><span class='ocrx_word' id='word_1_584' title='bbox 368 4552 556 4607; x_wconf 88' lang='lat' dir='ltr'><strong>audire</strong></span> <span class='ocrx_word' id='word_1_585' title='bbox 587 4552 735 4621; x_wconf 85' lang='lat' dir='ltr'><strong>omni</strong></span> <span class='ocrx_word' id='word_1_586' title='bbox 769 4561 923 4620; x_wconf 90' lang='lat' dir='ltr'><strong>parte</strong></span> <span class='ocrx_word' id='word_1_587' title='bbox 956 4552 1261 4621; x_wconf 80' lang='lat' dir='ltr'><strong>recOgnitor</strong></span> <span class='ocrx_word' id='word_1_588' title='bbox 1288 4563 1597 4608; x_wconf 84' lang='lat' dir='ltr'><strong>accuratus.</strong></span> 
     </span>
    </p>
   </div>
   <div class='ocr_carea' id='block_1_86' title="bbox 442 4620 1953 4691">
    <p class='ocr_par' dir='ltr' id='par_1_86' title="bbox 442 4620 1953 4691">
     <span class='ocr_line' id='line_1_86' title="bbox 442 4620 1953 4691; baseline 0.002 -16"><span class='ocrx_word' id='word_1_589' title='bbox 442 4621 556 4691; x_wconf 70' lang='lat'><strong>(28)</strong></span> <span class='ocrx_word' id='word_1_590' title='bbox 599 4620 819 4677; x_wconf 81' lang='lat' dir='ltr'><strong>Festum</strong></span> <span class='ocrx_word' id='word_1_591' title='bbox 852 4622 953 4675; x_wconf 90' lang='lat' dir='ltr'><strong>hoc</strong></span> <span class='ocrx_word' id='word_1_592' title='bbox 982 4620 1104 4676; x_wconf 75' lang='lat' dir='ltr'><strong>can.</strong></span> <span class='ocrx_word' id='word_1_593' title='bbox 1133 4622 1201 4675; x_wconf 76' lang='grc'><strong>62</strong></span> <span class='ocrx_word' id='word_1_594' title='bbox 1228 4622 1269 4674; x_wconf 85' lang='grc' dir='ltr'><strong>Τ</strong></span> <span class='ocrx_word' id='word_1_595' title='bbox 1278 4622 1486 4676; x_wconf 87' lang='lat' dir='ltr'><strong>rullano</strong></span> <span class='ocrx_word' id='word_1_596' title='bbox 1526 4622 1794 4687; x_wconf 86' lang='lat' dir='ltr'><strong>aboletur,</strong></span> <span class='ocrx_word' id='word_1_597' title='bbox 1829 4640 1953 4679; x_wconf 93' lang='lat' dir='ltr'><strong>cum</strong></span> 
     </span>
    </p>
   </div>
   <div class='ocr_carea' id='block_1_87' title="bbox 370 4691 1956 4762">
    <p class='ocr_par' dir='ltr' id='par_1_87' title="bbox 370 4691 1956 4762">
     <span class='ocr_line' id='line_1_87' title="bbox 370 4691 1956 4762; baseline 0.002 -17"><span class='ocrx_word' id='word_1_598' title='bbox 370 4695 442 4746; x_wconf 89' lang='lat' dir='ltr'><strong>ita</strong></span> <span class='ocrx_word' id='word_1_599' title='bbox 491 4691 684 4747; x_wconf 87' lang='lat' dir='ltr'><strong>Patres</strong></span> <span class='ocrx_word' id='word_1_600' title='bbox 731 4692 1023 4762; x_wconf 82' lang='lat' dir='ltr'><strong>sanciunt:</strong></span> <span class='ocrx_word' id='word_1_601' title='bbox 1053 4691 1165 4762; x_wconf 80' lang='grc' dir='ltr'><strong>Τὰς</strong></span> <span class='ocrx_word' id='word_1_602' title='bbox 1210 4692 1353 4746; x_wconf 78' lang='grc' dir='ltr'>οὕτω</span> <span class='ocrx_word' id='word_1_603' title='bbox 1392 4691 1690 4762; x_wconf 82' lang='grc' dir='ltr'>λεγομένας</span> <span class='ocrx_word' id='word_1_604' title='bbox 1738 4694 1956 4750; x_wconf 83' lang='grc' dir='ltr'><strong>Καλάν-</strong></span> 
     </span>
    </p>
   </div>
   <div class='ocr_carea' id='block_1_88' title="bbox 335 4760 1957 4836">
    <p class='ocr_par' dir='ltr' id='par_1_88' title="bbox 335 4760 1957 4836">
     <span class='ocr_line' id='line_1_88' title="bbox 335 4760 1957 4836; baseline 0.001 -19"><span class='ocrx_word' id='word_1_605' title='bbox 335 4791 339 4795; x_wconf 57' lang='grc' dir='ltr'><strong>ν</strong></span> <span class='ocrx_word' id='word_1_606' title='bbox 367 4763 486 4836; x_wconf 81' lang='grc' dir='ltr'>δας,</span> <span class='ocrx_word' id='word_1_607' title='bbox 511 4764 608 4817; x_wconf 73' lang='grc' dir='ltr'><strong>καὶ</strong></span> <span class='ocrx_word' id='word_1_608' title='bbox 638 4761 707 4836; x_wconf 79' lang='grc' dir='ltr'>τᾲ</span> <span class='ocrx_word' id='word_1_609' title='bbox 733 4760 1003 4836; x_wconf 76' lang='grc' dir='ltr'>λεγόμενα</span> <span class='ocrx_word' id='word_1_610' title='bbox 1036 4761 1196 4836; x_wconf 64' lang='lat' dir='ltr'><strong>Bosa.</strong></span> <span class='ocrx_word' id='word_1_611' title='bbox 1224 4763 1419 4836; x_wconf 77' lang='grc' dir='ltr'>καὶτὰ</span> <span class='ocrx_word' id='word_1_612' title='bbox 1436 4760 1758 4836; x_wconf 55' lang='grc' dir='ltr'>καλούμενα</span> <span class='ocrx_word' id='word_1_613' title='bbox 1788 4766 1957 4836; x_wconf 89' lang='grc' dir='ltr'>Βρου-</span> 
     </span>
    </p>
   </div>
   <div class='ocr_carea' id='block_1_89' title="bbox 373 4832 1957 4907">
    <p class='ocr_par' dir='ltr' id='par_1_89' title="bbox 373 4832 1957 4907">
     <span class='ocr_line' id='line_1_89' title="bbox 373 4832 1957 4907; baseline 0 0"><span class='ocrx_word' id='word_1_614' title='bbox 373 4833 560 4907; x_wconf 69' lang='grc' dir='ltr'>μάλιαν</span> <span class='ocrx_word' id='word_1_615' title='bbox 613 4834 708 4907; x_wconf 65' lang='grc' dir='ltr'>καὶ</span> <span class='ocrx_word' id='word_1_616' title='bbox 748 4832 847 4907; x_wconf 62' lang='grc' dir='ltr'>τὴν</span> <span class='ocrx_word' id='word_1_617' title='bbox 872 4832 875 4833; x_wconf 33' lang='grc' dir='ltr'><strong>ί</strong></span> <span class='ocrx_word' id='word_1_618' title='bbox 902 4833 959 4907; x_wconf 55' lang='grc' dir='ltr'><strong>ἓν</strong></span> <span class='ocrx_word' id='word_1_619' title='bbox 1000 4835 1067 4904; x_wconf 75' lang='grc' dir='ltr'>τῇ</span> <span class='ocrx_word' id='word_1_620' title='bbox 1123 4833 1317 4907; x_wconf 72' lang='grc' dir='ltr'>πρώτῃ</span> <span class='ocrx_word' id='word_1_621' title='bbox 1366 4833 1463 4888; x_wconf 79' lang='grc' dir='ltr'>τοῦ</span> <span class='ocrx_word' id='word_1_622' title='bbox 1509 4832 1751 4907; x_wconf 66' lang='grc' dir='ltr'>Μαρτίρυ</span> <span class='ocrx_word' id='word_1_623' title='bbox 1789 4832 1957 4907; x_wconf 68' lang='grc' dir='ltr'>μὴνὸς</span> 
     </span>
    </p>
   </div>
   <div class='ocr_carea' id='block_1_90' title="bbox 368 4902 1957 4987">
    <p class='ocr_par' dir='ltr' id='par_1_90' title="bbox 368 4902 1957 4987">
     <span class='ocr_line' id='line_1_90' title="bbox 368 4902 1957 4987; baseline 0.002 -30"><span class='ocrx_word' id='word_1_624' title='bbox 368 4904 555 4987; x_wconf 65' lang='grc' dir='ltr'>ἡμέρα</span> <span class='ocrx_word' id='word_1_625' title='bbox 607 4902 1065 4987; x_wconf 59' lang='grc' dir='ltr'>ἐπιτελουμένην</span> <span class='ocrx_word' id='word_1_626' title='bbox 1086 4902 1735 4987; x_wconf 33' lang='grc' dir='ltr'>πανήγυρινιθκαθάἆξαξ.</span> <span class='ocrx_word' id='word_1_627' title='bbox 1763 4902 1827 4987; x_wconf 52' lang='grc' dir='ltr'>ἐκ</span> <span class='ocrx_word' id='word_1_628' title='bbox 1852 4902 1957 4987; x_wconf 50' lang='grc' dir='ltr'>τῆς</span> 
     </span>
    </p>
   </div>
   <div class='ocr_carea' id='block_1_91' title="bbox 370 4973 1955 5048">
    <p class='ocr_par' dir='ltr' id='par_1_91' title="bbox 370 4973 1955 5048">
     <span class='ocr_line' id='line_1_91' title="bbox 370 4973 1955 5048; baseline 0.003 -22"><span class='ocrx_word' id='word_1_629' title='bbox 532 4973 743 5048; x_wconf 78' lang='grc' dir='ltr'>πιστῶν</span> <span class='ocrx_word' id='word_1_630' title='bbox 812 4973 1084 5048; x_wconf 69' lang='grc' dir='ltr'>πολιτείας</span> <span class='ocrx_word' id='word_1_631' title='bbox 1143 4973 1955 5048; x_wconf 35' lang='grc' dir='ltr'>περιαιρεθῆναι--βουλόμεθα·</span> 
     </span>
    </p>
   </div>
   <div class='ocr_carea' id='block_1_92' title="bbox 373 5043 1960 5115">
    <p class='ocr_par' dir='ltr' id='par_1_92' title="bbox 373 5043 1960 5115">
     <span class='ocr_line' id='line_1_92' title="bbox 373 5043 1960 5115; baseline 0 -15"><span class='ocrx_word' id='word_1_632' title='bbox 373 5043 647 5100; x_wconf 72' lang='lat' dir='ltr'><strong>Kalendas</strong></span> <span class='ocrx_word' id='word_1_633' title='bbox 665 5062 781 5115; x_wconf 74' lang='lat' dir='ltr'><strong>qute</strong></span> <span class='ocrx_word' id='word_1_634' title='bbox 794 5045 1123 5106; x_wconf 64' lang='lat' dir='ltr'><strong>dicuntsine!</strong></span> <span class='ocrx_word' id='word_1_635' title='bbox 1150 5043 1267 5114; x_wconf 51' lang='lat' dir='ltr'><strong>qua;</strong></span> <span class='ocrx_word' id='word_1_636' title='bbox 1283 5043 1532 5101; x_wconf 65' lang='lat' dir='ltr'><strong>dicuntur</strong></span> <span class='ocrx_word' id='word_1_637' title='bbox 1565 5043 1716 5109; x_wconf 75' lang='lat' dir='ltr'><strong>vota,</strong></span> <span class='ocrx_word' id='word_1_638' title='bbox 1747 5043 1796 5100; x_wconf 76' lang='lat' dir='ltr'><strong>et</strong></span> <span class='ocrx_word' id='word_1_639' title='bbox 1816 5047 1960 5101; x_wconf 85' lang='lat' dir='ltr'><strong>Bru-</strong></span> 
     </span>
    </p>
   </div>
   <div class='ocr_carea' id='block_1_93' title="bbox 373 5114 1959 5185">
    <p class='ocr_par' dir='ltr' id='par_1_93' title="bbox 373 5114 1959 5185">
     <span class='ocr_line' id='line_1_93' title="bbox 373 5114 1959 5185; baseline 0.001 -15"><span class='ocrx_word' id='word_1_640' title='bbox 373 5114 535 5170; x_wconf 77' lang='lat' dir='ltr'><strong>malia</strong></span> <span class='ocrx_word' id='word_1_641' title='bbox 561 5114 683 5185; x_wconf 65' lang='lat' dir='ltr'><strong>qua!</strong></span> <span class='ocrx_word' id='word_1_642' title='bbox 710 5126 984 5179; x_wconf 75' lang='lat' dir='ltr'><strong>vocantur,</strong></span> <span class='ocrx_word' id='word_1_643' title='bbox 1023 5125 1073 5171; x_wconf 79' lang='lat' dir='ltr'><strong>et</strong></span> <span class='ocrx_word' id='word_1_644' title='bbox 1112 5118 1201 5185; x_wconf 84' lang='lat' dir='ltr'><strong>qui</strong></span> <span class='ocrx_word' id='word_1_645' title='bbox 1247 5118 1302 5173; x_wconf 82' lang='lat' dir='ltr'><strong>in</strong></span> <span class='ocrx_word' id='word_1_646' title='bbox 1335 5118 1505 5185; x_wconf 86' lang='lat' dir='ltr'><strong>primo</strong></span> <span class='ocrx_word' id='word_1_647' title='bbox 1541 5116 1727 5171; x_wconf 77' lang='lat' dir='ltr'><strong>Martii</strong></span> <span class='ocrx_word' id='word_1_648' title='bbox 1768 5120 1959 5173; x_wconf 72' lang='lat' dir='ltr'><strong>mensis</strong></span> 
     </span>
    </p>
   </div>
   <div class='ocr_carea' id='block_1_94' title="bbox 374 5187 1959 5253">
    <p class='ocr_par' dir='ltr' id='par_1_94' title="bbox 374 5187 1959 5253">
     <span class='ocr_line' id='line_1_94' title="bbox 374 5187 1959 5253; baseline 0.002 -13"><span class='ocrx_word' id='word_1_649' title='bbox 374 5189 459 5240; x_wconf 84' lang='lat' dir='ltr'><strong>die</strong></span> <span class='ocrx_word' id='word_1_650' title='bbox 491 5187 577 5253; x_wconf 78' lang='lat' dir='ltr'><strong>ﬁt,</strong></span> <span class='ocrx_word' id='word_1_651' title='bbox 607 5196 938 5249; x_wconf 81' lang='lat' dir='ltr'><strong>conventum,</strong></span> <span class='ocrx_word' id='word_1_652' title='bbox 983 5203 1047 5241; x_wconf 74' lang='lat' dir='ltr'><strong>ex</strong></span> <span class='ocrx_word' id='word_1_653' title='bbox 1093 5187 1329 5253; x_wconf 77' lang='lat' dir='ltr'><strong>ﬁdelium</strong></span> <span class='ocrx_word' id='word_1_654' title='bbox 1363 5188 1701 5241; x_wconf 76' lang='lat' dir='ltr'><strong>universitate</strong></span> <span class='ocrx_word' id='word_1_655' title='bbox 1745 5190 1959 5243; x_wconf 83' lang='lat' dir='ltr'><strong>omnino</strong></span> 
     </span>
    </p>
   </div>
   <div class='ocr_carea' id='block_1_95' title="bbox 376 5256 1958 5325">
    <p class='ocr_par' dir='ltr' id='par_1_95' title="bbox 376 5256 1958 5325">
     <span class='ocr_line' id='line_1_95' title="bbox 376 5256 1958 5325; baseline 0.002 -16"><span class='ocrx_word' id='word_1_656' title='bbox 376 5258 489 5311; x_wconf 86' lang='lat' dir='ltr'><strong>tolli</strong></span> <span class='ocrx_word' id='word_1_657' title='bbox 517 5256 777 5311; x_wconf 73' lang='lat' dir='ltr'><strong>volumus.</strong></span> <span class='ocrx_word' id='word_1_658' title='bbox 804 5257 858 5311; x_wconf 95' lang='lat' dir='ltr'><strong>Id</strong></span> <span class='ocrx_word' id='word_1_659' title='bbox 890 5271 1026 5312; x_wconf 89' lang='lat' dir='ltr'><strong>sane</strong></span> <span class='ocrx_word' id='word_1_660' title='bbox 1051 5257 1267 5323; x_wconf 87' lang='lat' dir='ltr'><strong>merito,</strong></span> <span class='ocrx_word' id='word_1_661' title='bbox 1304 5267 1364 5311; x_wconf 91' lang='lat' dir='ltr'><strong>ut</strong></span> <span class='ocrx_word' id='word_1_662' title='bbox 1401 5256 1624 5325; x_wconf 85' lang='lat' dir='ltr'><strong>profana</strong></span> <span class='ocrx_word' id='word_1_663' title='bbox 1673 5257 1958 5324; x_wconf 85' lang='lat' dir='ltr'><strong>festivitas,</strong></span> 
     </span>
    </p>
   </div>
   <div class='ocr_carea' id='block_1_96' title="bbox 376 5326 1960 5393">
    <p class='ocr_par' dir='ltr' id='par_1_96' title="bbox 376 5326 1960 5393">
     <span class='ocr_line' id='line_1_96' title="bbox 376 5326 1960 5393; baseline 0.001 -10"><span class='ocrx_word' id='word_1_664' title='bbox 376 5329 545 5383; x_wconf 86' lang='lat' dir='ltr'><strong>multa</strong></span> <span class='ocrx_word' id='word_1_665' title='bbox 570 5330 705 5382; x_wconf 87' lang='lat' dir='ltr'><strong>adeo</strong></span> <span class='ocrx_word' id='word_1_666' title='bbox 730 5327 871 5381; x_wconf 72' lang='lat' dir='ltr'><strong>ftha</strong></span> <span class='ocrx_word' id='word_1_667' title='bbox 902 5342 966 5382; x_wconf 87' lang='lat' dir='ltr'><strong>ac</strong></span> <span class='ocrx_word' id='word_1_668' title='bbox 992 5326 1166 5383; x_wconf 88' lang='lat' dir='ltr'><strong>aliena</strong></span> <span class='ocrx_word' id='word_1_669' title='bbox 1185 5342 1215 5381; x_wconf 87' lang='lat' dir='ltr'><strong>a</strong></span> <span class='ocrx_word' id='word_1_670' title='bbox 1246 5328 1452 5381; x_wconf 84' lang='lat' dir='ltr'><strong>ratione</strong></span> <span class='ocrx_word' id='word_1_671' title='bbox 1486 5328 1730 5393; x_wconf 87' lang='lat' dir='ltr'><strong>haberet,</strong></span> <span class='ocrx_word' id='word_1_672' title='bbox 1756 5340 1960 5389; x_wconf 78' lang='lat' dir='ltr'><strong>quanta</strong></span> 
     </span>
    </p>
   </div>
   <div class='ocr_carea' id='block_1_97' title="bbox 375 5396 1960 5471">
    <p class='ocr_par' dir='ltr' id='par_1_97' title="bbox 375 5396 1960 5471">
     <span class='ocr_line' id='line_1_97' title="bbox 375 5396 1960 5471; baseline 0.001 -19"><span class='ocrx_word' id='word_1_673' title='bbox 375 5398 624 5471; x_wconf 73' lang='lat' dir='ltr'><strong>Asterius</strong></span> <span class='ocrx_word' id='word_1_674' title='bbox 656 5408 969 5471; x_wconf 77' lang='lat' dir='ltr'><strong>exaggerat.</strong></span> <span class='ocrx_word' id='word_1_675' title='bbox 1004 5396 1151 5471; x_wconf 68' lang='lat' dir='ltr'><strong>Nihil</strong></span> <span class='ocrx_word' id='word_1_676' title='bbox 1181 5407 1332 5453; x_wconf 85' lang='lat' dir='ltr'><strong>certe</strong></span> <span class='ocrx_word' id='word_1_677' title='bbox 1374 5397 1686 5471; x_wconf 77' lang='lat' dir='ltr'><strong>Christiana</strong></span> <span class='ocrx_word' id='word_1_678' title='bbox 1739 5399 1960 5471; x_wconf 88' lang='lat' dir='ltr'><strong>dignum</strong></span> 
     </span>
    </p>
   </div>
   <div class='ocr_carea' id='block_1_98' title="bbox 377 5467 1964 5591">
    <p class='ocr_par' dir='ltr' id='par_1_98' title="bbox 377 5467 1964 5591">
     <span class='ocr_line' id='line_1_98' title="bbox 377 5467 1964 5591; baseline 0.005 -74"><span class='ocrx_word' id='word_1_679' title='bbox 377 5468 612 5591; x_wconf 59' lang='lat' dir='ltr'><strong>pietate;</strong></span> <span class='ocrx_word' id='word_1_680' title='bbox 641 5467 1006 5538; x_wconf 32' lang='lat' dir='ltr'><strong>plena’omnia</strong></span> <span class='ocrx_word' id='word_1_681' title='bbox 1031 5467 1235 5533; x_wconf 88' lang='lat' dir='ltr'><strong>furore,</strong></span> <span class='ocrx_word' id='word_1_682' title='bbox 1263 5470 1513 5537; x_wconf 85' lang='lat' dir='ltr'><strong>avaritia,</strong></span> <span class='ocrx_word' id='word_1_683' title='bbox 1544 5469 1775 5539; x_wconf 88' lang='lat' dir='ltr'><strong>aliisque</strong></span> <span class='ocrx_word' id='word_1_684' title='bbox 1802 5467 1964 5525; x_wconf 82' lang='lat' dir='ltr'><strong>inalis</strong></span> 
     </span>
     <span class='ocr_line' id='line_1_99' title="bbox 400 5539 1961 5591; baseline 0.001 -1"><span class='ocrx_word' id='word_1_685' title='bbox 400 5541 637 5591; x_wconf 72' lang='lat' dir='ltr'><strong>rubebat.</strong></span> <span class='ocrx_word' id='word_1_686' title='bbox 672 5539 942 5591; x_wconf 87' lang='lat' dir='ltr'><strong>Balsamo.</strong></span> <span class='ocrx_word' id='word_1_687' title='bbox 992 5556 1115 5591; x_wconf 83' lang='lat' dir='ltr'><strong>cum</strong></span> <span class='ocrx_word' id='word_1_688' title='bbox 1164 5541 1230 5591; x_wconf 90' lang='lat' dir='ltr'><strong>ad</strong></span> <span class='ocrx_word' id='word_1_689' title='bbox 1257 5554 1379 5591; x_wconf 91' lang='lat' dir='ltr'><strong>eum</strong></span> <span class='ocrx_word' id='word_1_690' title='bbox 1416 5555 1537 5591; x_wconf 78' lang='lat' dir='ltr'><strong>ean.</strong></span> <span class='ocrx_word' id='word_1_691' title='bbox 1581 5540 1732 5591; x_wconf 89' lang='lat' dir='ltr'><strong>dicit.</strong></span> <span class='ocrx_word' id='word_1_692' title='bbox 1759 5541 1961 5591; x_wconf 89' lang='lat' dir='ltr'><strong>malum</strong></span> 
     </span>
    </p>
   </div>
   <div class='ocr_carea' id='block_1_99' title="bbox 400 5539 1961 5603">
    <p class='ocr_par' dir='ltr' id='par_1_99' title="bbox 400 5539 1961 5603">
     <span class='ocr_line' id='line_1_100' title="bbox 400 5539 1961 5603; baseline 0.003 -13"><span class='ocrx_word' id='word_1_693' title='bbox 400 5541 637 5593; x_wconf 71' lang='lat' dir='ltr'><strong>iubebat.</strong></span> <span class='ocrx_word' id='word_1_694' title='bbox 672 5539 942 5597; x_wconf 87' lang='lat' dir='ltr'><strong>Balsamo.</strong></span> <span class='ocrx_word' id='word_1_695' title='bbox 992 5556 1115 5593; x_wconf 88' lang='lat' dir='ltr'><strong>cum</strong></span> <span class='ocrx_word' id='word_1_696' title='bbox 1164 5541 1230 5594; x_wconf 90' lang='lat' dir='ltr'><strong>ad</strong></span> <span class='ocrx_word' id='word_1_697' title='bbox 1257 5554 1379 5594; x_wconf 91' lang='lat' dir='ltr'><strong>eum</strong></span> <span class='ocrx_word' id='word_1_698' title='bbox 1416 5555 1537 5595; x_wconf 76' lang='lat' dir='ltr'><strong>can.</strong></span> <span class='ocrx_word' id='word_1_699' title='bbox 1581 5540 1732 5603; x_wconf 87' lang='lat' dir='ltr'><strong>dicit,</strong></span> <span class='ocrx_word' id='word_1_700' title='bbox 1759 5541 1961 5595; x_wconf 88' lang='lat' dir='ltr'><strong>malum</strong></span> 
     </span>
    </p>
   </div>
   <div class='ocr_carea' id='block_1_100' title="bbox 388 5610 1964 5683">
    <p class='ocr_par' dir='ltr' id='par_1_100' title="bbox 388 5610 1964 5683">
     <span class='ocr_line' id='line_1_101' title="bbox 388 5610 1964 5683; baseline 0.001 -21"><span class='ocrx_word' id='word_1_701' title='bbox 388 5612 489 5683; x_wconf 69' lang='lat' dir='ltr'><strong>hoc</strong></span> <span class='ocrx_word' id='word_1_702' title='bbox 513 5610 613 5683; x_wconf 78' lang='grc' dir='ltr'><strong>οὐκ</strong></span> <span class='ocrx_word' id='word_1_703' title='bbox 639 5610 1172 5683; x_wconf 68' lang='grc' dir='ltr'>ἀρχαιοπαράδοτον,</span> <span class='ocrx_word' id='word_1_704' title='bbox 1219 5626 1319 5683; x_wconf 75' lang='lat' dir='ltr'><strong>non</strong></span> <span class='ocrx_word' id='word_1_705' title='bbox 1355 5611 1587 5683; x_wconf 80' lang='lat' dir='ltr'><strong>antiqua:</strong></span> <span class='ocrx_word' id='word_1_706' title='bbox 1635 5626 1748 5683; x_wconf 72' lang='lat' dir='ltr'><strong>ene</strong></span> <span class='ocrx_word' id='word_1_707' title='bbox 1797 5612 1964 5683; x_wconf 44' lang='lat' dir='ltr'><strong>(milia</strong></span> 
     </span>
    </p>
   </div>
   <div class='ocr_carea' id='block_1_101' title="bbox 389 5679 1995 5769">
    <p class='ocr_par' dir='ltr' id='par_1_101' title="bbox 389 5679 1995 5769">
     <span class='ocr_line' id='line_1_102' title="bbox 389 5679 1995 5769; baseline 0.003 -34"><span class='ocrx_word' id='word_1_708' title='bbox 389 5679 570 5743; x_wconf 72' lang='lat' dir='ltr'><strong>tionis,</strong></span> <span class='ocrx_word' id='word_1_709' title='bbox 602 5682 697 5737; x_wconf 82' lang='lat' dir='ltr'><strong>sed</strong></span> <span class='ocrx_word' id='word_1_710' title='bbox 733 5679 1063 5747; x_wconf 71' lang='lat' dir='ltr'><strong>indulgentia</strong></span> <span class='ocrx_word' id='word_1_711' title='bbox 1100 5679 1489 5751; x_wconf 76' lang='lat' dir='ltr'><strong>TheOpbylacti</strong></span> <span class='ocrx_word' id='word_1_712' title='bbox 1514 5682 1837 5754; x_wconf 76' lang='lat' dir='ltr'><strong>patriarchte</strong></span> <span class='ocrx_word' id='word_1_713' title='bbox 1867 5681 1995 5769; x_wconf 30' lang='lat' dir='ltr'><strong>ﬁlii‘</strong></span> 
     </span>
    </p>
   </div>
   <div class='ocr_carea' id='block_1_102' title="bbox 2056 3916 3651 3990">
    <p class='ocr_par' dir='ltr' id='par_1_102' title="bbox 2056 3916 3651 3990">
     <span class='ocr_line' id='line_1_103' title="bbox 2056 3916 3651 3990; baseline -0.003 -11"><span class='ocrx_word' id='word_1_714' title='bbox 2056 3920 2286 3979; x_wconf 81' lang='lat' dir='ltr'><strong>Romani</strong></span> <span class='ocrx_word' id='word_1_715' title='bbox 2312 3918 2576 3990; x_wconf 87' lang='lat' dir='ltr'><strong>Lecapeni</strong></span> <span class='ocrx_word' id='word_1_716' title='bbox 2613 3918 2958 3990; x_wconf 86' lang='lat' dir='ltr'><strong>imperatoris</strong></span> <span class='ocrx_word' id='word_1_717' title='bbox 2992 3919 3301 3990; x_wconf 86' lang='lat' dir='ltr'><strong>invectum;</strong></span> <span class='ocrx_word' id='word_1_718' title='bbox 3330 3932 3435 3990; x_wconf 90' lang='lat' dir='ltr'><strong>non</strong></span> <span class='ocrx_word' id='word_1_719' title='bbox 3466 3916 3651 3987; x_wconf 59' lang='lat' dir='ltr'><strong>potest</strong></span> 
     </span>
    </p>
   </div>
   <div class='ocr_carea' id='block_1_103' title="bbox 2059 3988 3645 4059">
    <p class='ocr_par' dir='ltr' id='par_1_103' title="bbox 2059 3988 3645 4059">
     <span class='ocr_line' id='line_1_104' title="bbox 2059 3988 3645 4059; baseline -0.005 -10"><span class='ocrx_word' id='word_1_720' title='bbox 2059 3996 2125 4049; x_wconf 88' lang='lat' dir='ltr'><strong>de</strong></span> <span class='ocrx_word' id='word_1_721' title='bbox 2161 3993 2335 4058; x_wconf 89' lang='lat' dir='ltr'><strong>prima</strong></span> <span class='ocrx_word' id='word_1_722' title='bbox 2372 3988 2542 4059; x_wconf 75' lang='lat' dir='ltr'><strong>accipi</strong></span> <span class='ocrx_word' id='word_1_723' title='bbox 2575 3988 2936 4054; x_wconf 89' lang='lat' dir='ltr'><strong>institutione,</strong></span> <span class='ocrx_word' id='word_1_724' title='bbox 2980 3990 3074 4045; x_wconf 90' lang='lat' dir='ltr'><strong>sed</strong></span> <span class='ocrx_word' id='word_1_725' title='bbox 3113 3988 3179 4043; x_wconf 90' lang='lat' dir='ltr'><strong>de</strong></span> <span class='ocrx_word' id='word_1_726' title='bbox 3212 3989 3397 4042; x_wconf 83' lang='lat' dir='ltr'><strong>aboliti</strong></span> <span class='ocrx_word' id='word_1_727' title='bbox 3428 3989 3645 4043; x_wconf 85' lang='lat' dir='ltr'><strong>instau-</strong></span> 
     </span>
    </p>
   </div>
   <div class='ocr_carea' id='block_1_104' title="bbox 2058 4059 3648 4129">
    <p class='ocr_par' dir='ltr' id='par_1_104' title="bbox 2058 4059 3648 4129">
     <span class='ocr_line' id='line_1_105' title="bbox 2058 4059 3648 4129; baseline -0.002 -11"><span class='ocrx_word' id='word_1_728' title='bbox 2058 4064 2272 4118; x_wconf 88' lang='lat' dir='ltr'><strong>ratione</strong></span> <span class='ocrx_word' id='word_1_729' title='bbox 2297 4104 2312 4129; x_wconf 92' lang='lat'><strong>,</strong></span> <span class='ocrx_word' id='word_1_730' title='bbox 2361 4077 2484 4117; x_wconf 86' lang='lat' dir='ltr'><strong>cum</strong></span> <span class='ocrx_word' id='word_1_731' title='bbox 2522 4059 2610 4114; x_wconf 91' lang='lat' dir='ltr'><strong>ille</strong></span> <span class='ocrx_word' id='word_1_732' title='bbox 2642 4061 2836 4115; x_wconf 86' lang='lat' dir='ltr'><strong>nedum</strong></span> <span class='ocrx_word' id='word_1_733' title='bbox 2877 4061 3117 4124; x_wconf 83' lang='lat' dir='ltr'><strong>Asterio,</strong></span> <span class='ocrx_word' id='word_1_734' title='bbox 3152 4059 3248 4115; x_wconf 84' lang='lat' dir='ltr'><strong>sed</strong></span> <span class='ocrx_word' id='word_1_735' title='bbox 3292 4067 3345 4113; x_wconf 90' lang='lat' dir='ltr'><strong>et</strong></span> <span class='ocrx_word' id='word_1_736' title='bbox 3383 4059 3648 4115; x_wconf 84' lang='lat' dir='ltr'><strong>Trullano</strong></span> 
     </span>
    </p>
   </div>
   <div class='ocr_carea' id='block_1_105' title="bbox 2056 4129 3650 4197">
    <p class='ocr_par' dir='ltr' id='par_1_105' title="bbox 2056 4129 3650 4197">
     <span class='ocr_line' id='line_1_106' title="bbox 2056 4129 3650 4197; baseline -0.003 -8"><span class='ocrx_word' id='word_1_737' title='bbox 2056 4144 2326 4190; x_wconf 89' lang='lat' dir='ltr'><strong>conventu</strong></span> <span class='ocrx_word' id='word_1_738' title='bbox 2366 4132 2534 4187; x_wconf 90' lang='lat' dir='ltr'><strong>multo</strong></span> <span class='ocrx_word' id='word_1_739' title='bbox 2574 4129 2760 4197; x_wconf 89' lang='lat' dir='ltr'><strong>junior</strong></span> <span class='ocrx_word' id='word_1_740' title='bbox 2788 4131 2879 4185; x_wconf 89' lang='lat' dir='ltr'><strong>sit.</strong></span> <span class='ocrx_word' id='word_1_741' title='bbox 2911 4129 3178 4186; x_wconf 82' lang='lat' dir='ltr'><strong>Fabulosa</strong></span> <span class='ocrx_word' id='word_1_742' title='bbox 3207 4139 3355 4193; x_wconf 88' lang='lat' dir='ltr'><strong>sunt,</strong></span> <span class='ocrx_word' id='word_1_743' title='bbox 3380 4144 3503 4197; x_wconf 72' lang='lat' dir='ltr'><strong>qua:</strong></span> <span class='ocrx_word' id='word_1_744' title='bbox 3534 4142 3650 4185; x_wconf 82' lang='lat' dir='ltr'><strong>tra-</strong></span> 
     </span>
    </p>
   </div>
   <div class='ocr_carea' id='block_1_106' title="bbox 2054 4200 3643 4270">
    <p class='ocr_par' dir='ltr' id='par_1_106' title="bbox 2054 4200 3643 4270">
     <span class='ocr_line' id='line_1_107' title="bbox 2054 4200 3643 4270; baseline -0.003 -10"><span class='ocrx_word' id='word_1_745' title='bbox 2054 4205 2140 4260; x_wconf 88' lang='lat' dir='ltr'><strong>dit</strong></span> <span class='ocrx_word' id='word_1_746' title='bbox 2177 4204 2288 4259; x_wconf 89' lang='lat' dir='ltr'><strong>illic</strong></span> <span class='ocrx_word' id='word_1_747' title='bbox 2324 4204 2464 4258; x_wconf 89' lang='lat' dir='ltr'><strong>idem</strong></span> <span class='ocrx_word' id='word_1_748' title='bbox 2499 4201 2763 4262; x_wconf 80' lang='lat' dir='ltr'><strong>Balsama.</strong></span> <span class='ocrx_word' id='word_1_749' title='bbox 2807 4202 2873 4255; x_wconf 88' lang='lat' dir='ltr'><strong>de</strong></span> <span class='ocrx_word' id='word_1_750' title='bbox 2903 4202 3078 4257; x_wconf 85' lang='lat' dir='ltr'><strong>tribus</strong></span> <span class='ocrx_word' id='word_1_751' title='bbox 3112 4201 3244 4256; x_wconf 87' lang='lat' dir='ltr'><strong>viris</strong></span> <span class='ocrx_word' id='word_1_752' title='bbox 3269 4202 3409 4270; x_wconf 85' lang='lat' dir='ltr'><strong>apud</strong></span> <span class='ocrx_word' id='word_1_753' title='bbox 3439 4200 3643 4255; x_wconf 80' lang='lat' dir='ltr'><strong>Roma-</strong></span> 
     </span>
    </p>
   </div>
   <div class='ocr_carea' id='block_1_107' title="bbox 2055 4270 3649 4343">
    <p class='ocr_par' dir='ltr' id='par_1_107' title="bbox 2055 4270 3649 4343">
     <span class='ocr_line' id='line_1_108' title="bbox 2055 4270 3649 4343; baseline -0.001 -14"><span class='ocrx_word' id='word_1_754' title='bbox 2055 4289 2155 4329; x_wconf 86' lang='lat' dir='ltr'><strong>nos</strong></span> <span class='ocrx_word' id='word_1_755' title='bbox 2201 4272 2480 4343; x_wconf 62' lang='lat' dir='ltr'><strong>sapientiae</strong></span> <span class='ocrx_word' id='word_1_756' title='bbox 2509 4271 2666 4343; x_wconf 83' lang='lat' dir='ltr'><strong>laude</strong></span> <span class='ocrx_word' id='word_1_757' title='bbox 2698 4270 2935 4343; x_wconf 80' lang='lat' dir='ltr'><strong>inclytis,</strong></span> <span class='ocrx_word' id='word_1_758' title='bbox 2970 4287 3198 4342; x_wconf 87' lang='lat' dir='ltr'><strong>quorum</strong></span> <span class='ocrx_word' id='word_1_759' title='bbox 3254 4271 3287 4324; x_wconf 93' lang='lat' dir='ltr'><strong>ii</strong></span> <span class='ocrx_word' id='word_1_760' title='bbox 3320 4271 3550 4326; x_wconf 89' lang='lat' dir='ltr'><strong>consilio</strong></span> <span class='ocrx_word' id='word_1_761' title='bbox 3580 4287 3649 4328; x_wconf 91' lang='lat' dir='ltr'><strong>ac</strong></span> 
     </span>
    </p>
   </div>
   <div class='ocr_carea' id='block_1_108' title="bbox 2054 4340 3644 4414">
    <p class='ocr_par' dir='ltr' id='par_1_108' title="bbox 2054 4340 3644 4414">
     <span class='ocr_line' id='line_1_109' title="bbox 2054 4340 3644 4414; baseline -0.001 -17"><span class='ocrx_word' id='word_1_762' title='bbox 2054 4340 2338 4414; x_wconf 81' lang='lat' dir='ltr'><strong>prudentia</strong></span> <span class='ocrx_word' id='word_1_763' title='bbox 2400 4341 2611 4397; x_wconf 88' lang='lat' dir='ltr'><strong>liberati</strong></span> <span class='ocrx_word' id='word_1_764' title='bbox 2655 4355 2694 4414; x_wconf 87' lang='lat' dir='ltr'><strong>_a</strong></span> <span class='ocrx_word' id='word_1_765' title='bbox 2746 4340 2912 4414; x_wconf 50' lang='lat' dir='ltr'><strong>lagae,</strong></span> <span class='ocrx_word' id='word_1_766' title='bbox 2965 4340 3018 4396; x_wconf 79' lang='lat' dir='ltr'><strong>in</strong></span> <span class='ocrx_word' id='word_1_767' title='bbox 3052 4356 3239 4414; x_wconf 81' lang='lat' dir='ltr'><strong>eorum</strong></span> <span class='ocrx_word' id='word_1_768' title='bbox 3301 4343 3644 4414; x_wconf 68' lang='lat' dir='ltr'><strong>memoriam,</strong></span> 
     </span>
    </p>
   </div>
   <div class='ocr_carea' id='block_1_109' title="bbox 2056 4410 3646 4484">
    <p class='ocr_par' dir='ltr' id='par_1_109' title="bbox 2056 4410 3646 4484">
     <span class='ocr_line' id='line_1_110' title="bbox 2056 4410 3646 4484; baseline -0.003 -13"><span class='ocrx_word' id='word_1_769' title='bbox 2056 4410 2236 4484; x_wconf 79' lang='lat' dir='ltr'><strong>exque</strong></span> <span class='ocrx_word' id='word_1_770' title='bbox 2265 4427 2457 4484; x_wconf 88' lang='lat' dir='ltr'><strong>eorum</strong></span> <span class='ocrx_word' id='word_1_771' title='bbox 2521 4412 2760 4484; x_wconf 67' lang='lat' dir='ltr'><strong>nomine,</strong></span> <span class='ocrx_word' id='word_1_772' title='bbox 2801 4410 3093 4484; x_wconf 82' lang='lat' dir='ltr'><strong>Kalendas,</strong></span> <span class='ocrx_word' id='word_1_773' title='bbox 3148 4411 3270 4484; x_wconf 79' lang='lat' dir='ltr'><strong>Idus</strong></span> <span class='ocrx_word' id='word_1_774' title='bbox 3324 4427 3387 4466; x_wconf 87' lang='lat' dir='ltr'><strong>ac</strong></span> <span class='ocrx_word' id='word_1_775' title='bbox 3437 4410 3646 4484; x_wconf 82' lang='lat' dir='ltr'><strong>Nonas,</strong></span> 
     </span>
    </p>
   </div>
   <div class='ocr_carea' id='block_1_110' title="bbox 2055 4480 3649 4553">
    <p class='ocr_par' dir='ltr' id='par_1_110' title="bbox 2055 4480 3649 4553">
     <span class='ocr_line' id='line_1_111' title="bbox 2055 4480 3649 4553; baseline -0.002 -12"><span class='ocrx_word' id='word_1_776' title='bbox 2055 4480 2524 4541; x_wconf 85' lang='lat' dir='ltr'><strong>consecraverint.</strong></span> <span class='ocrx_word' id='word_1_777' title='bbox 2552 4480 2769 4553; x_wconf 72' lang='lat' dir='ltr'><strong>Nullam</strong></span> <span class='ocrx_word' id='word_1_778' title='bbox 2809 4497 2911 4553; x_wconf 82' lang='lat' dir='ltr'><strong>ego</strong></span> <span class='ocrx_word' id='word_1_779' title='bbox 2971 4482 3132 4536; x_wconf 90' lang='lat' dir='ltr'><strong>aliam</strong></span> <span class='ocrx_word' id='word_1_780' title='bbox 3167 4482 3435 4537; x_wconf 88' lang='lat' dir='ltr'><strong>rationem</strong></span> <span class='ocrx_word' id='word_1_781' title='bbox 3466 4483 3649 4551; x_wconf 89' lang='lat' dir='ltr'><strong>primo</strong></span> 
     </span>
    </p>
   </div>
   <div class='ocr_carea' id='block_1_111' title="bbox 2058 4552 3650 4621">
    <p class='ocr_par' dir='ltr' id='par_1_111' title="bbox 2058 4552 3650 4621">
     <span class='ocr_line' id='line_1_112' title="bbox 2058 4552 3650 4621; baseline 0 -12"><span class='ocrx_word' id='word_1_782' title='bbox 2058 4554 2453 4610; x_wconf 88' lang='lat' dir='ltr'><strong>celebrantium</strong></span> <span class='ocrx_word' id='word_1_783' title='bbox 2476 4552 2674 4607; x_wconf 86' lang='lat' dir='ltr'><strong>animis</strong></span> <span class='ocrx_word' id='word_1_784' title='bbox 2706 4552 2973 4609; x_wconf 85' lang='lat' dir='ltr'><strong>insedisse</strong></span> <span class='ocrx_word' id='word_1_785' title='bbox 3002 4553 3261 4616; x_wconf 86' lang='lat' dir='ltr'><strong>arbitror,</strong></span> <span class='ocrx_word' id='word_1_786' title='bbox 3290 4561 3487 4621; x_wconf 60' lang='lat' dir='ltr'><strong>praeter</strong></span> <span class='ocrx_word' id='word_1_787' title='bbox 3514 4553 3650 4609; x_wconf 85' lang='lat' dir='ltr'><strong>insi-</strong></span> 
     </span>
    </p>
   </div>
   <div class='ocr_carea' id='block_1_112' title="bbox 2059 4621 3649 4690">
    <p class='ocr_par' dir='ltr' id='par_1_112' title="bbox 2059 4621 3649 4690">
     <span class='ocr_line' id='line_1_113' title="bbox 2059 4621 3649 4690; baseline -0.001 -12"><span class='ocrx_word' id='word_1_788' title='bbox 2059 4634 2278 4678; x_wconf 87' lang='lat' dir='ltr'><strong>nuatam</strong></span> <span class='ocrx_word' id='word_1_789' title='bbox 2315 4625 2383 4677; x_wconf 88' lang='lat' dir='ltr'><strong>ab</strong></span> <span class='ocrx_word' id='word_1_790' title='bbox 2413 4621 2659 4686; x_wconf 83' lang='lat' dir='ltr'><strong>Asterie;</strong></span> <span class='ocrx_word' id='word_1_791' title='bbox 2697 4637 2890 4690; x_wconf 87' lang='lat' dir='ltr'><strong>nempe</strong></span> <span class='ocrx_word' id='word_1_792' title='bbox 2914 4633 2972 4677; x_wconf 86' lang='lat' dir='ltr'><strong>ut</strong></span> <span class='ocrx_word' id='word_1_793' title='bbox 3005 4624 3148 4677; x_wconf 92' lang='lat' dir='ltr'><strong>velut</strong></span> <span class='ocrx_word' id='word_1_794' title='bbox 3178 4626 3416 4678; x_wconf 68' lang='lat' dir='ltr'><strong>encaenia</strong></span> <span class='ocrx_word' id='word_1_795' title='bbox 3448 4623 3649 4677; x_wconf 82' lang='lat' dir='ltr'><strong>ineun-</strong></span> 
     </span>
    </p>
   </div>
   <div class='ocr_carea' id='block_1_113' title="bbox 2059 4692 3651 4763">
    <p class='ocr_par' dir='ltr' id='par_1_113' title="bbox 2059 4692 3651 4763">
     <span class='ocr_line' id='line_1_114' title="bbox 2059 4692 3651 4763; baseline -0.001 -14"><span class='ocrx_word' id='word_1_796' title='bbox 2059 4695 2129 4750; x_wconf 88' lang='lat' dir='ltr'><strong>tis</strong></span> <span class='ocrx_word' id='word_1_797' title='bbox 2164 4695 2290 4749; x_wconf 87' lang='lat' dir='ltr'><strong>anni</strong></span> <span class='ocrx_word' id='word_1_798' title='bbox 2340 4694 2700 4757; x_wconf 87' lang='lat' dir='ltr'><strong>celebrarent,</strong></span> <span class='ocrx_word' id='word_1_799' title='bbox 2756 4692 2970 4761; x_wconf 89' lang='lat' dir='ltr'><strong>sibique</strong></span> <span class='ocrx_word' id='word_1_800' title='bbox 3016 4704 3201 4749; x_wconf 92' lang='lat' dir='ltr'><strong>mutuo</strong></span> <span class='ocrx_word' id='word_1_801' title='bbox 3237 4693 3410 4747; x_wconf 85' lang='lat' dir='ltr'><strong>fausta</strong></span> <span class='ocrx_word' id='word_1_802' title='bbox 3443 4693 3651 4763; x_wconf 86' lang='lat' dir='ltr'><strong>impre-</strong></span> 
     </span>
    </p>
   </div>
   <div class='ocr_carea' id='block_1_114' title="bbox 2058 4763 3648 4833">
    <p class='ocr_par' dir='ltr' id='par_1_114' title="bbox 2058 4763 3648 4833">
     <span class='ocr_line' id='line_1_115' title="bbox 2058 4763 3648 4833; baseline -0.001 -12"><span class='ocrx_word' id='word_1_803' title='bbox 2058 4775 2337 4830; x_wconf 84' lang='lat' dir='ltr'><strong>carentur,</strong></span> <span class='ocrx_word' id='word_1_804' title='bbox 2364 4772 2530 4833; x_wconf 87' lang='lat' dir='ltr'><strong>atque</strong></span> <span class='ocrx_word' id='word_1_805' title='bbox 2560 4764 2698 4818; x_wconf 86' lang='lat' dir='ltr'><strong>adeo</strong></span> <span class='ocrx_word' id='word_1_806' title='bbox 2735 4764 2910 4818; x_wconf 74' lang='lat' dir='ltr'><strong>xeniis</strong></span> <span class='ocrx_word' id='word_1_807' title='bbox 2956 4778 3020 4818; x_wconf 91' lang='lat' dir='ltr'><strong>ac</strong></span> <span class='ocrx_word' id='word_1_808' title='bbox 3053 4764 3389 4819; x_wconf 87' lang='lat' dir='ltr'><strong>munusculis</strong></span> <span class='ocrx_word' id='word_1_809' title='bbox 3413 4763 3648 4833; x_wconf 82' lang='lat' dir='ltr'><strong>quibus-</strong></span> 
     </span>
    </p>
   </div>
   <div class='ocr_carea' id='block_1_115' title="bbox 2060 4833 3648 4905">
    <p class='ocr_par' dir='ltr' id='par_1_115' title="bbox 2060 4833 3648 4905">
     <span class='ocr_line' id='line_1_116' title="bbox 2060 4833 3648 4905; baseline 0.001 -17"><span class='ocrx_word' id='word_1_810' title='bbox 2060 4837 2186 4889; x_wconf 87' lang='lat' dir='ltr'><strong>dam</strong></span> <span class='ocrx_word' id='word_1_811' title='bbox 2235 4834 2472 4890; x_wconf 87' lang='lat' dir='ltr'><strong>vicissim</strong></span> <span class='ocrx_word' id='word_1_812' title='bbox 2508 4849 2567 4886; x_wconf 90' lang='lat' dir='ltr'><strong>se</strong></span> <span class='ocrx_word' id='word_1_813' title='bbox 2597 4833 2958 4905; x_wconf 83' lang='lat' dir='ltr'><strong>devincirent,</strong></span> <span class='ocrx_word' id='word_1_814' title='bbox 3018 4835 3191 4905; x_wconf 84' lang='lat' dir='ltr'><strong>iisque</strong></span> <span class='ocrx_word' id='word_1_815' title='bbox 3238 4834 3532 4888; x_wconf 85' lang='lat' dir='ltr'><strong>humanam</strong></span> <span class='ocrx_word' id='word_1_816' title='bbox 3585 4850 3648 4890; x_wconf 82' lang='lat' dir='ltr'><strong>ac</strong></span> 
     </span>
    </p>
   </div>
   <div class='ocr_carea' id='block_1_116' title="bbox 2060 4903 3648 4974">
    <p class='ocr_par' dir='ltr' id='par_1_116' title="bbox 2060 4903 3648 4974">
     <span class='ocr_line' id='line_1_117' title="bbox 2060 4903 3648 4974; baseline 0.001 -15"><span class='ocrx_word' id='word_1_817' title='bbox 2060 4906 2273 4961; x_wconf 87' lang='lat' dir='ltr'><strong>civilem</strong></span> <span class='ocrx_word' id='word_1_818' title='bbox 2342 4905 2656 4959; x_wconf 89' lang='lat' dir='ltr'><strong>societatem</strong></span> <span class='ocrx_word' id='word_1_819' title='bbox 2725 4903 3035 4959; x_wconf 87' lang='lat' dir='ltr'><strong>foverent:</strong></span> <span class='ocrx_word' id='word_1_820' title='bbox 3084 4903 3204 4974; x_wconf 66' lang='lat' dir='ltr'><strong>Quae</strong></span> <span class='ocrx_word' id='word_1_821' title='bbox 3268 4906 3450 4959; x_wconf 89' lang='lat' dir='ltr'><strong>omnia</strong></span> <span class='ocrx_word' id='word_1_822' title='bbox 3506 4907 3648 4961; x_wconf 80' lang='lat' dir='ltr'><strong>bona</strong></span> 
     </span>
    </p>
   </div>
   <div class='ocr_carea' id='block_1_117' title="bbox 2060 4974 3651 5044">
    <p class='ocr_par' dir='ltr' id='par_1_117' title="bbox 2060 4974 3651 5044">
     <span class='ocr_line' id='line_1_118' title="bbox 2060 4974 3651 5044; baseline 0.001 -15"><span class='ocrx_word' id='word_1_823' title='bbox 2060 4985 2236 5038; x_wconf 87' lang='lat' dir='ltr'><strong>erant,</strong></span> <span class='ocrx_word' id='word_1_824' title='bbox 2268 4983 2339 5044; x_wconf 83' lang='lat' dir='ltr'><strong>ut</strong></span> <span class='ocrx_word' id='word_1_825' title='bbox 2372 4974 2636 5044; x_wconf 82' lang='lat' dir='ltr'><strong>castigato</strong></span> <span class='ocrx_word' id='word_1_826' title='bbox 2679 4989 2779 5044; x_wconf 87' lang='lat' dir='ltr'><strong>usu</strong></span> <span class='ocrx_word' id='word_1_827' title='bbox 2812 4974 3185 5030; x_wconf 87' lang='lat' dir='ltr'><strong>constitissent</strong></span> <span class='ocrx_word' id='word_1_828' title='bbox 3214 4989 3230 5029; x_wconf 89' lang='lat'><strong>:</strong></span> <span class='ocrx_word' id='word_1_829' title='bbox 3259 4990 3359 5029; x_wconf 91' lang='lat' dir='ltr'><strong>nec</strong></span> <span class='ocrx_word' id='word_1_830' title='bbox 3390 4975 3651 5030; x_wconf 76' lang='lat' dir='ltr'><strong>llebrteo-</strong></span> 
     </span>
    </p>
   </div>
   <div class='ocr_carea' id='block_1_118' title="bbox 2061 5043 3646 5112">
    <p class='ocr_par' dir='ltr' id='par_1_118' title="bbox 2061 5043 3646 5112">
     <span class='ocr_line' id='line_1_119' title="bbox 2061 5043 3646 5112; baseline 0 -12"><span class='ocrx_word' id='word_1_831' title='bbox 2061 5060 2182 5100; x_wconf 85' lang='lat' dir='ltr'><strong>rum</strong></span> <span class='ocrx_word' id='word_1_832' title='bbox 2206 5061 2236 5100; x_wconf 88' lang='lat' dir='ltr'><strong>a</strong></span> <span class='ocrx_word' id='word_1_833' title='bbox 2266 5043 2378 5099; x_wconf 85' lang='lat' dir='ltr'><strong>Deo</strong></span> <span class='ocrx_word' id='word_1_834' title='bbox 2400 5043 2664 5099; x_wconf 88' lang='lat' dir='ltr'><strong>institutis</strong></span> <span class='ocrx_word' id='word_1_835' title='bbox 2690 5043 3001 5101; x_wconf 84' lang='lat' dir='ltr'><strong>Neomeuiis</strong></span> <span class='ocrx_word' id='word_1_836' title='bbox 3027 5046 3317 5101; x_wconf 84' lang='lat' dir='ltr'><strong>admodum</strong></span> <span class='ocrx_word' id='word_1_837' title='bbox 3335 5046 3646 5112; x_wconf 85' lang='lat' dir='ltr'><strong>dissimilia,</strong></span> 
     </span>
    </p>
   </div>
   <div class='ocr_carea' id='block_1_119' title="bbox 2061 5114 3649 5186">
    <p class='ocr_par' dir='ltr' id='par_1_119' title="bbox 2061 5114 3649 5186">
     <span class='ocr_line' id='line_1_120' title="bbox 2061 5114 3649 5186; baseline 0.001 -16"><span class='ocrx_word' id='word_1_838' title='bbox 2061 5116 2207 5186; x_wconf 77' lang='lat' dir='ltr'><strong>unde</strong></span> <span class='ocrx_word' id='word_1_839' title='bbox 2244 5131 2343 5186; x_wconf 88' lang='lat' dir='ltr'><strong>nec</strong></span> <span class='ocrx_word' id='word_1_840' title='bbox 2370 5114 2568 5171; x_wconf 90' lang='lat' dir='ltr'><strong>desunt</strong></span> <span class='ocrx_word' id='word_1_841' title='bbox 2611 5115 2700 5186; x_wconf 90' lang='lat' dir='ltr'><strong>pia</strong></span> <span class='ocrx_word' id='word_1_842' title='bbox 2753 5126 3101 5171; x_wconf 83' lang='lat' dir='ltr'><strong>monumenta</strong></span> <span class='ocrx_word' id='word_1_843' title='bbox 3143 5116 3361 5171; x_wconf 87' lang='lat' dir='ltr'><strong>Patrum</strong></span> <span class='ocrx_word' id='word_1_844' title='bbox 3412 5116 3465 5172; x_wconf 91' lang='lat' dir='ltr'><strong>in</strong></span> <span class='ocrx_word' id='word_1_845' title='bbox 3500 5116 3649 5172; x_wconf 89' lang='lat' dir='ltr'><strong>diem</strong></span> 
     </span>
    </p>
   </div>
   <div class='ocr_carea' id='block_1_120' title="bbox 2060 5185 3646 5263">
    <p class='ocr_par' dir='ltr' id='par_1_120' title="bbox 2060 5185 3646 5263">
     <span class='ocr_line' id='line_1_121' title="bbox 2060 5185 3646 5263; baseline 0.001 -21"><span class='ocrx_word' id='word_1_846' title='bbox 2060 5185 2401 5263; x_wconf 72' lang='lat' dir='ltr'><strong>indictionis,</strong></span> <span class='ocrx_word' id='word_1_847' title='bbox 2434 5200 2541 5263; x_wconf 77' lang='lat' dir='ltr'><strong>qua</strong></span> <span class='ocrx_word' id='word_1_848' title='bbox 2589 5185 2786 5263; x_wconf 83' lang='lat' dir='ltr'><strong>novum</strong></span> <span class='ocrx_word' id='word_1_849' title='bbox 2820 5202 3022 5241; x_wconf 92' lang='lat' dir='ltr'><strong>annum</strong></span> <span class='ocrx_word' id='word_1_850' title='bbox 3073 5188 3433 5263; x_wconf 85' lang='lat' dir='ltr'><strong>antiquo_ritu</strong></span> <span class='ocrx_word' id='word_1_851' title='bbox 3467 5186 3646 5263; x_wconf 60' lang='lat' dir='ltr'><strong>Graeci</strong></span> 
     </span>
    </p>
   </div>
   <div class='ocr_carea' id='block_1_121' title="bbox 2064 5254 3646 5327">
    <p class='ocr_par' dir='ltr' id='par_1_121' title="bbox 2064 5254 3646 5327">
     <span class='ocr_line' id='line_1_122' title="bbox 2064 5254 3646 5327; baseline 0.001 -15"><span class='ocrx_word' id='word_1_852' title='bbox 2064 5271 2128 5312; x_wconf 89' lang='lat' dir='ltr'><strong>ac</strong></span> <span class='ocrx_word' id='word_1_853' title='bbox 2154 5255 2269 5313; x_wconf 87' lang='lat' dir='ltr'><strong>fere</strong></span> <span class='ocrx_word' id='word_1_854' title='bbox 2293 5254 2605 5327; x_wconf 80' lang='lat' dir='ltr'><strong>Orientales</strong></span> <span class='ocrx_word' id='word_1_855' title='bbox 2632 5257 3045 5326; x_wconf 86' lang='lat' dir='ltr'><strong>auspicareutur</strong></span> <span class='ocrx_word' id='word_1_856' title='bbox 3076 5254 3264 5314; x_wconf 74' lang='lat' dir='ltr'><strong>mense</strong></span> <span class='ocrx_word' id='word_1_857' title='bbox 3293 5254 3646 5327; x_wconf 49' lang='lat' dir='ltr'><strong>Septembri}</strong></span> 
     </span>
    </p>
   </div>
   <div class='ocr_carea' id='block_1_122' title="bbox 2062 5326 3650 5400">
    <p class='ocr_par' dir='ltr' id='par_1_122' title="bbox 2062 5326 3650 5400">
     <span class='ocr_line' id='line_1_123' title="bbox 2062 5326 3650 5400; baseline 0.001 -18"><span class='ocrx_word' id='word_1_858' title='bbox 2062 5328 2180 5400; x_wconf 80' lang='lat' dir='ltr'><strong>sive</strong></span> <span class='ocrx_word' id='word_1_859' title='bbox 2209 5338 2337 5400; x_wconf 82' lang='lat' dir='ltr'><strong>tunc</strong></span> <span class='ocrx_word' id='word_1_860' title='bbox 2361 5326 2533 5400; x_wconf 84' lang='lat' dir='ltr'><strong>abusu</strong></span> <span class='ocrx_word' id='word_1_861' title='bbox 2569 5326 2786 5400; x_wconf 88' lang='lat' dir='ltr'><strong>insolito</strong></span> <span class='ocrx_word' id='word_1_862' title='bbox 2804 5338 3269 5400; x_wconf 73' lang='lat' dir='ltr'><strong>perpetrarentur,</strong></span> <span class='ocrx_word' id='word_1_863' title='bbox 3317 5326 3437 5400; x_wconf 63' lang='lat' dir='ltr'><strong>quae</strong></span> <span class='ocrx_word' id='word_1_864' title='bbox 3480 5328 3650 5400; x_wconf 84' lang='lat' dir='ltr'><strong>Aste-</strong></span> 
     </span>
    </p>
   </div>
   <div class='ocr_carea' id='block_1_123' title="bbox 2064 5397 3648 5468">
    <p class='ocr_par' dir='ltr' id='par_1_123' title="bbox 2064 5397 3648 5468">
     <span class='ocr_line' id='line_1_124' title="bbox 2064 5397 3648 5468; baseline -0.001 -16"><span class='ocrx_word' id='word_1_865' title='bbox 2064 5397 2179 5452; x_wconf 85' lang='lat' dir='ltr'><strong>rius</strong></span> <span class='ocrx_word' id='word_1_866' title='bbox 2230 5399 2319 5453; x_wconf 88' lang='lat' dir='ltr'><strong>hie</strong></span> <span class='ocrx_word' id='word_1_867' title='bbox 2366 5397 2626 5468; x_wconf 72' lang='lat' dir='ltr'><strong>exagitat,</strong></span> <span class='ocrx_word' id='word_1_868' title='bbox 2673 5397 2817 5453; x_wconf 77' lang='lat' dir='ltr'><strong>sive</strong></span> <span class='ocrx_word' id='word_1_869' title='bbox 2846 5397 3023 5467; x_wconf 87' lang='lat' dir='ltr'><strong>potius</strong></span> <span class='ocrx_word' id='word_1_870' title='bbox 3069 5397 3349 5455; x_wconf 70' lang='lat' dir='ltr'><strong>Kalendis</strong></span> <span class='ocrx_word' id='word_1_871' title='bbox 3380 5398 3648 5464; x_wconf 78' lang='lat' dir='ltr'><strong>Januarii,</strong></span> 
     </span>
    </p>
   </div>
   <div class='ocr_carea' id='block_1_124' title="bbox 2063 5466 3647 5540">
    <p class='ocr_par' dir='ltr' id='par_1_124' title="bbox 2063 5466 3647 5540">
     <span class='ocr_line' id='line_1_125' title="bbox 2063 5466 3647 5540; baseline 0.001 -19"><span class='ocrx_word' id='word_1_872' title='bbox 2063 5476 2156 5540; x_wconf 76' lang='lat' dir='ltr'><strong>aut</strong></span> <span class='ocrx_word' id='word_1_873' title='bbox 2185 5468 2349 5540; x_wconf 79' lang='lat' dir='ltr'><strong>etiam</strong></span> <span class='ocrx_word' id='word_1_874' title='bbox 2375 5466 2575 5540; x_wconf 77' lang='lat' dir='ltr'><strong>Martii,</strong></span> <span class='ocrx_word' id='word_1_875' title='bbox 2594 5483 2749 5540; x_wconf 86' lang='lat' dir='ltr'><strong>_quas</strong></span> <span class='ocrx_word' id='word_1_876' title='bbox 2772 5466 3018 5540; x_wconf 50' lang='lat' dir='ltr'><strong>euntium</strong></span> <span class='ocrx_word' id='word_1_877' title='bbox 3048 5470 3437 5540; x_wconf 77' lang='lat' dir='ltr'><strong>celeberrimas</strong></span> <span class='ocrx_word' id='word_1_878' title='bbox 3464 5471 3647 5540; x_wconf 78' lang='lat' dir='ltr'><strong>genti-</strong></span> 
     </span>
    </p>
   </div>
   <div class='ocr_carea' id='block_1_125' title="bbox 2066 5537 3648 5610">
    <p class='ocr_par' dir='ltr' id='par_1_125' title="bbox 2066 5537 3648 5610">
     <span class='ocr_line' id='line_1_126' title="bbox 2066 5537 3648 5610; baseline 0.004 -20"><span class='ocrx_word' id='word_1_879' title='bbox 2066 5537 2183 5610; x_wconf 85' lang='lat' dir='ltr'><strong>litio</strong></span> <span class='ocrx_word' id='word_1_880' title='bbox 2215 5537 2329 5594; x_wconf 89' lang='lat' dir='ltr'><strong>fere</strong></span> <span class='ocrx_word' id='word_1_881' title='bbox 2355 5540 2457 5610; x_wconf 81' lang='lat' dir='ltr'><strong>ritu</strong></span> <span class='ocrx_word' id='word_1_882' title='bbox 2494 5538 2548 5610; x_wconf 84' lang='lat' dir='ltr'><strong>in</strong></span> <span class='ocrx_word' id='word_1_883' title='bbox 2581 5537 2804 5595; x_wconf 87' lang='lat' dir='ltr'><strong>Oriente</strong></span> <span class='ocrx_word' id='word_1_884' title='bbox 2844 5537 3083 5610; x_wconf 78' lang='lat' dir='ltr'><strong>Trullani</strong></span> <span class='ocrx_word' id='word_1_885' title='bbox 3133 5538 3324 5610; x_wconf 85' lang='lat' dir='ltr'><strong>Patres</strong></span> <span class='ocrx_word' id='word_1_886' title='bbox 3365 5537 3648 5610; x_wconf 76' lang='lat' dir='ltr'><strong>speciatim</strong></span> 
     </span>
    </p>
   </div>
   <div class='ocr_carea' id='block_1_126' title="bbox 2065 5608 3641 5671">
    <p class='ocr_par' dir='ltr' id='par_1_126' title="bbox 2065 5608 3641 5671">
     <span class='ocr_line' id='line_1_127' title="bbox 2065 5608 3641 5671; baseline 0.005 -8"><span class='ocrx_word' id='word_1_887' title='bbox 2065 5609 2347 5663; x_wconf 87' lang='lat' dir='ltr'><strong>damnant.</strong></span> <span class='ocrx_word' id='word_1_888' title='bbox 2389 5609 2462 5662; x_wconf 86' lang='lat' dir='ltr'><strong>De</strong></span> <span class='ocrx_word' id='word_1_889' title='bbox 2493 5608 2788 5666; x_wconf 84' lang='lat' dir='ltr'><strong>indictiOne</strong></span> <span class='ocrx_word' id='word_1_890' title='bbox 2813 5625 2878 5664; x_wconf 82' lang='lat' dir='ltr'><strong>ac</strong></span> <span class='ocrx_word' id='word_1_891' title='bbox 2907 5608 3161 5665; x_wconf 81' lang='lat' dir='ltr'><strong>Kalendis</strong></span> <span class='ocrx_word' id='word_1_892' title='bbox 3192 5608 3438 5666; x_wconf 79' lang='lat' dir='ltr'><strong>Ceramei</strong></span> <span class='ocrx_word' id='word_1_893' title='bbox 3467 5612 3641 5671; x_wconf 75' lang='lat' dir='ltr'><strong>inter-</strong></span> 
     </span>
    </p>
   </div>
   <div class='ocr_carea' id='block_1_127' title="bbox 2065 5679 3494 5755">
    <p class='ocr_par' dir='ltr' id='par_1_127' title="bbox 2065 5679 3494 5755">
     <span class='ocr_line' id='line_1_128' title="bbox 2065 5679 3494 5755; baseline 0.001 -19"><span class='ocrx_word' id='word_1_894' title='bbox 2065 5694 2193 5755; x_wconf 79' lang='lat' dir='ltr'><strong>pres</strong></span> <span class='ocrx_word' id='word_1_895' title='bbox 2226 5694 2290 5737; x_wconf 85' lang='lat' dir='ltr'><strong>ac</strong></span> <span class='ocrx_word' id='word_1_896' title='bbox 2317 5679 2636 5751; x_wconf 80' lang='lat' dir='ltr'><strong>illustrator,</strong></span> <span class='ocrx_word' id='word_1_897' title='bbox 2670 5682 2737 5738; x_wconf 85' lang='lat' dir='ltr'><strong>ad</strong></span> <span class='ocrx_word' id='word_1_898' title='bbox 2777 5680 2895 5754; x_wconf 81' lang='lat' dir='ltr'><strong>ejus</strong></span> <span class='ocrx_word' id='word_1_899' title='bbox 2924 5695 2992 5739; x_wconf 84' lang='lat' dir='ltr'><strong>eo</strong></span> <span class='ocrx_word' id='word_1_900' title='bbox 3016 5681 3172 5739; x_wconf 87' lang='lat' dir='ltr'><strong>titulo</strong></span> <span class='ocrx_word' id='word_1_901' title='bbox 3196 5681 3494 5740; x_wconf 82' lang='lat' dir='ltr'><strong>bomiliam.</strong></span> 
     </span>
    </p>
   </div>
  </div>
