  <div class='ocr_page' id='page_1' title='image "/cluster/home/n/w/nwhite01/storage/ocr_20150623/40/hvd.32044073501850/116.png"; bbox 0 0 3856 6274; ppageno 0'>
   <div class='ocr_carea' id='block_1_1' title="bbox 171 314 256 368">
    <p class='ocr_par' dir='ltr' id='par_1_1' title="bbox 171 314 256 368">
     <span class='ocr_line' id='line_1_1' title="bbox 171 314 256 368; baseline 0.012 -2"><span class='ocrx_word' id='word_1_1' title='bbox 171 314 256 368; x_wconf 64' lang='lat' dir='ltr'><strong>il7</strong></span> 
     </span>
    </p>
   </div>
   <div class='ocr_carea' id='block_1_2' title="bbox 982 317 2668 383">
    <p class='ocr_par' dir='ltr' id='par_1_2' title="bbox 982 317 2668 383">
     <span class='ocr_line' id='line_1_2' title="bbox 982 317 2668 383; baseline 0.005 -9"><span class='ocrx_word' id='word_1_2' title='bbox 982 317 1269 375; x_wconf 74' lang='lat' dir='ltr'><strong>HOMILIA</strong></span> <span class='ocrx_word' id='word_1_3' title='bbox 1302 320 1397 378; x_wconf 79' lang='lat' dir='ltr'><strong>IV:</strong></span> <span class='ocrx_word' id='word_1_4' title='bbox 1437 319 1806 381; x_wconf 72' lang='lat' dir='ltr'><strong>ADVERSUS</strong></span> <span class='ocrx_word' id='word_1_5' title='bbox 1840 320 2328 380; x_wconf 71' lang='lat' dir='ltr'><strong>KALENDARUM</strong></span> <span class='ocrx_word' id='word_1_6' title='bbox 2364 325 2668 383; x_wconf 69' lang='lat' dir='ltr'><strong>FESTUM.</strong></span> 
     </span>
    </p>
   </div>
   <div class='ocr_carea' id='block_1_3' title="bbox 3314 328 3423 390">
    <p class='ocr_par' dir='ltr' id='par_1_3' title="bbox 3314 328 3423 390">
     <span class='ocr_line' id='line_1_3' title="bbox 3314 328 3423 390; baseline 0.037 -4"><span class='ocrx_word' id='word_1_7' title='bbox 3314 328 3423 390; x_wconf 71' lang='lat' dir='ltr'><strong>2l8</strong></span> 
     </span>
    </p>
   </div>
   <div class='ocr_carea' id='block_1_4' title="bbox 239 435 1745 518">
    <p class='ocr_par' dir='ltr' id='par_1_4' title="bbox 239 435 1725 516">
     <span class='ocr_line' id='line_1_4' title="bbox 239 435 1725 516; baseline 0.006 -26"><span class='ocrx_word' id='word_1_8' title='bbox 239 437 452 509; x_wconf 79' lang='grc' dir='ltr'>Ἐορτῆς</span> <span class='ocrx_word' id='word_1_9' title='bbox 480 437 661 494; x_wconf 77' lang='grc' dir='ltr'>τοίνυν</span> <span class='ocrx_word' id='word_1_10' title='bbox 692 440 975 515; x_wconf 78' lang='grc' dir='ltr'><strong>πανδήμου</strong></span> <span class='ocrx_word' id='word_1_11' title='bbox 1002 435 1160 509; x_wconf 73' lang='grc' dir='ltr'>οὗτος</span> <span class='ocrx_word' id='word_1_12' title='bbox 1185 446 1215 498; x_wconf 91' lang='grc' dir='ltr'><strong>ό</strong></span> <span class='ocrx_word' id='word_1_13' title='bbox 1238 444 1443 516; x_wconf 81' lang='grc' dir='ltr'>θεσμὸς</span> <span class='ocrx_word' id='word_1_14' title='bbox 1472 446 1567 499; x_wconf 72' lang='grc' dir='ltr'>καὶ</span> <span class='ocrx_word' id='word_1_15' title='bbox 1593 447 1623 499; x_wconf 88' lang='grc' dir='ltr'><strong>ό</strong></span> <span class='ocrx_word' id='word_1_16' title='bbox 1640 445 1725 498; x_wconf 87' lang='grc' dir='ltr'>νό-</span> 
     </span>
    </p>
   </div>
   <div class='ocr_carea' id='block_1_5' title="bbox 1852 435 3423 518">
    <p class='ocr_par' dir='ltr' id='par_1_5' title="bbox 1902 444 3423 518">
     <span class='ocr_line' id='line_1_5' title="bbox 1902 444 3423 518; baseline 0.005 -19"><span class='ocrx_word' id='word_1_17' title='bbox 1902 444 2026 500; x_wconf 64' lang='lat' dir='ltr'><strong>ilice</strong></span> <span class='ocrx_word' id='word_1_18' title='bbox 2060 447 2244 517; x_wconf 78' lang='lat' dir='ltr'><strong>itaque</strong></span> <span class='ocrx_word' id='word_1_19' title='bbox 2268 447 2466 517; x_wconf 80' lang='lat' dir='ltr'><strong>publici</strong></span> <span class='ocrx_word' id='word_1_20' title='bbox 2512 447 2635 503; x_wconf 79' lang='lat' dir='ltr'><strong>festi</strong></span> <span class='ocrx_word' id='word_1_21' title='bbox 2666 445 2749 501; x_wconf 79' lang='lat' dir='ltr'><strong>lex</strong></span> <span class='ocrx_word' id='word_1_22' title='bbox 2780 454 2899 503; x_wconf 87' lang='lat' dir='ltr'><strong>est:</strong></span> <span class='ocrx_word' id='word_1_23' title='bbox 2931 448 3188 518; x_wconf 88' lang='lat' dir='ltr'><strong>primum,</strong></span> <span class='ocrx_word' id='word_1_24' title='bbox 3221 460 3279 505; x_wconf 93' lang='lat' dir='ltr'><strong>ut</strong></span> <span class='ocrx_word' id='word_1_25' title='bbox 3300 468 3423 509; x_wconf 84' lang='lat' dir='ltr'><strong>cer-</strong></span> 
     </span>
    </p>
   </div>
   <div class='ocr_carea' id='block_1_6' title="bbox 169 528 1728 606">
    <p class='ocr_par' dir='ltr' id='par_1_6' title="bbox 169 528 1728 606">
     <span class='ocr_line' id='line_1_6' title="bbox 169 528 1728 606; baseline 0.002 -22"><span class='ocrx_word' id='word_1_26' title='bbox 169 548 254 604; x_wconf 77' lang='grc' dir='ltr'><strong>μος</strong></span> <span class='ocrx_word' id='word_1_27' title='bbox 271 547 285 560; x_wconf 71' lang='grc' dir='ltr'><strong>σ</strong></span> <span class='ocrx_word' id='word_1_28' title='bbox 308 530 520 602; x_wconf 80' lang='grc' dir='ltr'>πρῶτον</span> <span class='ocrx_word' id='word_1_29' title='bbox 548 531 650 602; x_wconf 80' lang='grc' dir='ltr'>μὲν</span> <span class='ocrx_word' id='word_1_30' title='bbox 677 532 912 604; x_wconf 81' lang='grc' dir='ltr'>φανερὸν</span> <span class='ocrx_word' id='word_1_31' title='bbox 944 534 1148 589; x_wconf 86' lang='grc' dir='ltr'>σκοπὸν</span> <span class='ocrx_word' id='word_1_32' title='bbox 1171 528 1312 588; x_wconf 75' lang='grc' dir='ltr'>εἷναι</span> <span class='ocrx_word' id='word_1_33' title='bbox 1332 533 1695 606; x_wconf 82' lang='grc' dir='ltr'><strong>πανηγύρεως</strong></span> <span class='ocrx_word' id='word_1_34' title='bbox 1714 553 1728 568; x_wconf 78' lang='grc' dir='ltr'><strong><em>ο</em></strong></span> 
     </span>
    </p>
   </div>
   <div class='ocr_carea' id='block_1_7' title="bbox 168 618 1734 697">
    <p class='ocr_par' dir='ltr' id='par_1_7' title="bbox 168 618 1734 697">
     <span class='ocr_line' id='line_1_7' title="bbox 168 618 1734 697; baseline -0.001 -19"><span class='ocrx_word' id='word_1_35' title='bbox 168 625 337 678; x_wconf 75' lang='grc' dir='ltr'>ἔπειτα</span> <span class='ocrx_word' id='word_1_36' title='bbox 370 622 556 695; x_wconf 77' lang='grc' dir='ltr'>κοινὴν</span> <span class='ocrx_word' id='word_1_37' title='bbox 585 618 726 678; x_wconf 78' lang='grc' dir='ltr'>εἶναι</span> <span class='ocrx_word' id='word_1_38' title='bbox 761 625 978 678; x_wconf 85' lang='grc' dir='ltr'>πάντων</span> <span class='ocrx_word' id='word_1_39' title='bbox 1004 625 1371 697; x_wconf 78' lang='grc' dir='ltr'>εὐφροσύνην,</span> <span class='ocrx_word' id='word_1_40' title='bbox 1404 625 1498 680; x_wconf 80' lang='grc' dir='ltr'>καὶ</span> <span class='ocrx_word' id='word_1_41' title='bbox 1528 624 1605 697; x_wconf 84' lang='grc' dir='ltr'>μὴ</span> <span class='ocrx_word' id='word_1_42' title='bbox 1634 625 1734 695; x_wconf 81' lang='grc' dir='ltr'>μέ·-</span> 
     </span>
    </p>
   </div>
   <div class='ocr_carea' id='block_1_8' title="bbox 168 714 1733 791">
    <p class='ocr_par' dir='ltr' id='par_1_8' title="bbox 168 714 1733 791">
     <span class='ocr_line' id='line_1_8' title="bbox 168 714 1733 791; baseline 0.004 -25"><span class='ocrx_word' id='word_1_43' title='bbox 168 733 246 788; x_wconf 83' lang='grc' dir='ltr'><strong>ρος</strong></span> <span class='ocrx_word' id='word_1_44' title='bbox 270 716 364 786; x_wconf 84' lang='grc' dir='ltr'>μὲν</span> <span class='ocrx_word' id='word_1_45' title='bbox 387 714 639 785; x_wconf 78' lang='grc' dir='ltr'>ἥδεσθαι,</span> <span class='ocrx_word' id='word_1_46' title='bbox 661 716 723 769; x_wconf 82' lang='grc' dir='ltr'>τὸ</span> <span class='ocrx_word' id='word_1_47' title='bbox 744 716 801 770; x_wconf 83' lang='grc' dir='ltr'>δὲ</span> <span class='ocrx_word' id='word_1_48' title='bbox 825 716 1149 789; x_wconf 83' lang='grc' dir='ltr'>λειπόμενον</span> <span class='ocrx_word' id='word_1_49' title='bbox 1177 717 1414 791; x_wconf 79' lang='grc' dir='ltr'>ὲνλύπῃ</span> <span class='ocrx_word' id='word_1_50' title='bbox 1447 718 1548 772; x_wconf 76' lang='grc' dir='ltr'>καὶ</span> <span class='ocrx_word' id='word_1_51' title='bbox 1606 735 1733 772; x_wconf 78' lang='grc' dir='ltr'>κατ-</span> 
     </span>
    </p>
   </div>
   <div class='ocr_carea' id='block_1_9' title="bbox 169 794 1735 885">
    <p class='ocr_par' dir='ltr' id='par_1_9' title="bbox 169 794 1735 885">
     <span class='ocr_line' id='line_1_9' title="bbox 169 794 1735 885; baseline 0.002 -23"><span class='ocrx_word' id='word_1_52' title='bbox 169 811 315 883; x_wconf 73' lang='grc' dir='ltr'>ηφείᾳ</span> <span class='ocrx_word' id='word_1_53' title='bbox 351 809 581 880; x_wconf 77' lang='grc' dir='ltr'>διάγειν.</span> <span class='ocrx_word' id='word_1_54' title='bbox 605 810 777 865; x_wconf 89' lang='grc' dir='ltr'>Τοῦτο</span> <span class='ocrx_word' id='word_1_55' title='bbox 815 811 926 883; x_wconf 87' lang='grc' dir='ltr'>γὰρ</span> <span class='ocrx_word' id='word_1_56' title='bbox 953 810 1194 883; x_wconf 86' lang='grc' dir='ltr'>πολέμου</span> <span class='ocrx_word' id='word_1_57' title='bbox 1237 794 1502 885; x_wconf 78' lang='grc' dir='ltr'>μᾶλλονῆ</span> <span class='ocrx_word' id='word_1_58' title='bbox 1538 812 1735 884; x_wconf 78' lang='grc' dir='ltr'>ἑορτῆς</span> 
     </span>
    </p>
   </div>
   <div class='ocr_carea' id='block_1_10' title="bbox 169 904 1736 979">
    <p class='ocr_par' dir='ltr' id='par_1_10' title="bbox 169 904 1736 979">
     <span class='ocr_line' id='line_1_10' title="bbox 169 904 1736 979; baseline -0.001 -19"><span class='ocrx_word' id='word_1_59' title='bbox 169 905 423 978; x_wconf 70' lang='grc' dir='ltr'>ιξαίρετον</span> <span class='ocrx_word' id='word_1_60' title='bbox 441 924 455 938; x_wconf 87' lang='grc'><strong>·</strong></span> <span class='ocrx_word' id='word_1_61' title='bbox 480 904 786 976; x_wconf 68' lang='grc' dir='ltr'>ἐπειδήπερ</span> <span class='ocrx_word' id='word_1_62' title='bbox 804 906 1117 974; x_wconf 69' lang='grc' dir='ltr'>ἐπάναγκες</span> <span class='ocrx_word' id='word_1_63' title='bbox 1141 907 1270 970; x_wconf 82' lang='grc' dir='ltr'>τοὺς</span> <span class='ocrx_word' id='word_1_64' title='bbox 1296 906 1396 976; x_wconf 84' lang='grc' dir='ltr'>μὲν</span> <span class='ocrx_word' id='word_1_65' title='bbox 1424 906 1736 979; x_wconf 85' lang='grc' dir='ltr'>κρατήσαν-</span> 
     </span>
    </p>
   </div>
   <div class='ocr_carea' id='block_1_11' title="bbox 170 996 1734 1071">
    <p class='ocr_par' dir='ltr' id='par_1_11' title="bbox 170 996 1734 1071">
     <span class='ocr_line' id='line_1_11' title="bbox 170 996 1734 1071; baseline -0.001 -19"><span class='ocrx_word' id='word_1_66' title='bbox 170 996 641 1070; x_wconf 78' lang='grc' dir='ltr'>ταςὲμπομπεύειν</span> <span class='ocrx_word' id='word_1_67' title='bbox 662 1000 731 1070; x_wconf 73' lang='grc' dir='ltr'>τῇ</span> <span class='ocrx_word' id='word_1_68' title='bbox 751 998 898 1070; x_wconf 82' lang='grc' dir='ltr'>νίκῃ,</span> <span class='ocrx_word' id='word_1_69' title='bbox 914 998 1042 1061; x_wconf 82' lang='grc' dir='ltr'>τοὺς</span> <span class='ocrx_word' id='word_1_70' title='bbox 1060 998 1104 1051; x_wconf 81' lang='grc' dir='ltr'>δ’</span> <span class='ocrx_word' id='word_1_71' title='bbox 1125 996 1460 1069; x_wconf 76' lang='grc' dir='ltr'><strong>ἡττηθέντας</strong></span> <span class='ocrx_word' id='word_1_72' title='bbox 1475 997 1734 1071; x_wconf 80' lang='grc' dir='ltr'><strong>δακρύειν</strong></span> 
     </span>
    </p>
   </div>
   <div class='ocr_carea' id='block_1_12' title="bbox 170 1090 1733 1164">
    <p class='ocr_par' dir='ltr' id='par_1_12' title="bbox 170 1090 1733 1164">
     <span class='ocr_line' id='line_1_12' title="bbox 170 1090 1733 1164; baseline 0.001 -20"><span class='ocrx_word' id='word_1_73' title='bbox 170 1093 253 1163; x_wconf 74' lang='grc' dir='ltr'>τὴν</span> <span class='ocrx_word' id='word_1_74' title='bbox 280 1091 586 1164; x_wconf 77' lang='grc' dir='ltr'>συμφοράν.</span> <span class='ocrx_word' id='word_1_75' title='bbox 650 1090 868 1163; x_wconf 75' lang='grc' dir='ltr'>Ἐπειδὴ</span> <span class='ocrx_word' id='word_1_76' title='bbox 903 1092 950 1124; x_wconf 81' lang='grc'><strong>⁸⁸</strong></span> <span class='ocrx_word' id='word_1_77' title='bbox 988 1107 1054 1161; x_wconf 90' lang='grc' dir='ltr'><strong>γε</strong></span> <span class='ocrx_word' id='word_1_78' title='bbox 1087 1090 1294 1147; x_wconf 89' lang='grc' dir='ltr'>τούτων</span> <span class='ocrx_word' id='word_1_79' title='bbox 1325 1090 1438 1146; x_wconf 84' lang='grc' dir='ltr'>τῶν</span> <span class='ocrx_word' id='word_1_80' title='bbox 1470 1090 1696 1164; x_wconf 80' lang='grc' dir='ltr'>ἡμερῶν</span> <span class='ocrx_word' id='word_1_81' title='bbox 1715 1129 1733 1157; x_wconf 87' lang='grc'><strong>,</strong></span> 
     </span>
    </p>
   </div>
   <div class='ocr_carea' id='block_1_13' title="bbox 170 1183 1737 1258">
    <p class='ocr_par' dir='ltr' id='par_1_13' title="bbox 170 1183 1737 1258">
     <span class='ocr_line' id='line_1_13' title="bbox 170 1183 1737 1258; baseline 0.001 -20"><span class='ocrx_word' id='word_1_82' title='bbox 170 1188 363 1258; x_wconf 81' lang='grc' dir='ltr'>πρῶτον</span> <span class='ocrx_word' id='word_1_83' title='bbox 397 1184 499 1257; x_wconf 78' lang='grc' dir='ltr'>μὲν</span> <span class='ocrx_word' id='word_1_84' title='bbox 530 1184 595 1239; x_wconf 80' lang='grc' dir='ltr'>τὸ</span> <span class='ocrx_word' id='word_1_85' title='bbox 638 1185 735 1240; x_wconf 65' lang='grc' dir='ltr'><strong>ἐπὶ</strong></span> <span class='ocrx_word' id='word_1_86' title='bbox 760 1185 874 1239; x_wconf 87' lang='grc' dir='ltr'>τίσι</span> <span class='ocrx_word' id='word_1_87' title='bbox 903 1183 1144 1239; x_wconf 81' lang='grc' dir='ltr'><strong>τελεῖται</strong></span> <span class='ocrx_word' id='word_1_88' title='bbox 1185 1185 1221 1256; x_wconf 76' lang='grc' dir='ltr'><strong>ἡ</strong></span> <span class='ocrx_word' id='word_1_89' title='bbox 1249 1185 1581 1257; x_wconf 82' lang='grc' dir='ltr'>πανήγυρις,</span> <span class='ocrx_word' id='word_1_90' title='bbox 1606 1184 1737 1256; x_wconf 74' lang='grc' dir='ltr'>ἀδη-</span> 
     </span>
    </p>
   </div>
   <div class='ocr_carea' id='block_1_14' title="bbox 170 1276 1737 1352">
    <p class='ocr_par' dir='ltr' id='par_1_14' title="bbox 170 1276 1737 1352">
     <span class='ocr_line' id='line_1_14' title="bbox 170 1276 1737 1352; baseline -0.001 -20"><span class='ocrx_word' id='word_1_91' title='bbox 170 1278 266 1332; x_wconf 86' lang='grc' dir='ltr'>λον.</span> <span class='ocrx_word' id='word_1_92' title='bbox 290 1277 461 1333; x_wconf 68' lang='grc' dir='ltr'>Μῦθοι</span> <span class='ocrx_word' id='word_1_93' title='bbox 485 1277 596 1352; x_wconf 76' lang='grc' dir='ltr'><strong>γὰρ</strong></span> <span class='ocrx_word' id='word_1_94' title='bbox 619 1276 873 1347; x_wconf 79' lang='grc' dir='ltr'>λέγονται</span> <span class='ocrx_word' id='word_1_95' title='bbox 898 1276 1108 1344; x_wconf 75' lang='grc' dir='ltr'>πολλοὶ,</span> <span class='ocrx_word' id='word_1_96' title='bbox 1136 1277 1383 1349; x_wconf 81' lang='grc' dir='ltr'>ἀλλήλων</span> <span class='ocrx_word' id='word_1_97' title='bbox 1405 1278 1737 1349; x_wconf 86' lang='grc' dir='ltr'>ἀνατρεπτι-</span> 
     </span>
    </p>
   </div>
   <div class='ocr_carea' id='block_1_15' title="bbox 173 1365 1739 1444">
    <p class='ocr_par' dir='ltr' id='par_1_15' title="bbox 173 1365 1739 1444">
     <span class='ocr_line' id='line_1_15' title="bbox 173 1365 1739 1444; baseline -0.001 -18"><span class='ocrx_word' id='word_1_98' title='bbox 173 1371 244 1426; x_wconf 87' lang='grc' dir='ltr'><strong>κοί</strong></span> <span class='ocrx_word' id='word_1_99' title='bbox 260 1389 273 1401; x_wconf 89' lang='grc'><strong>·</strong></span> <span class='ocrx_word' id='word_1_100' title='bbox 300 1371 499 1444; x_wconf 83' lang='grc' dir='ltr'>ἀληθὲς</span> <span class='ocrx_word' id='word_1_101' title='bbox 516 1370 576 1424; x_wconf 76' lang='grc' dir='ltr'>δὲ</span> <span class='ocrx_word' id='word_1_102' title='bbox 627 1370 802 1426; x_wconf 82' lang='grc' dir='ltr'>οὐδὲν.</span> <span class='ocrx_word' id='word_1_103' title='bbox 829 1366 986 1436; x_wconf 77' lang='grc' dir='ltr'>Εἶτα,</span> <span class='ocrx_word' id='word_1_104' title='bbox 1013 1370 1231 1440; x_wconf 75' lang='grc' dir='ltr'><strong>ὀλίγους</strong></span> <span class='ocrx_word' id='word_1_105' title='bbox 1256 1365 1355 1441; x_wconf 79' lang='grc' dir='ltr'>μὲν</span> <span class='ocrx_word' id='word_1_106' title='bbox 1376 1369 1739 1441; x_wconf 81' lang='grc' dir='ltr'>εὐφραινομέ-</span> 
     </span>
    </p>
   </div>
   <div class='ocr_carea' id='block_1_16' title="bbox 171 1462 1737 1538">
    <p class='ocr_par' dir='ltr' id='par_1_16' title="bbox 171 1462 1737 1538">
     <span class='ocr_line' id='line_1_16' title="bbox 171 1462 1737 1538; baseline -0.001 -19"><span class='ocrx_word' id='word_1_107' title='bbox 171 1480 277 1531; x_wconf 78' lang='grc' dir='ltr'>νους</span> <span class='ocrx_word' id='word_1_108' title='bbox 305 1463 526 1536; x_wconf 70' lang='grc' dir='ltr'>βλέπω*</span> <span class='ocrx_word' id='word_1_109' title='bbox 558 1463 898 1538; x_wconf 79' lang='grc' dir='ltr'>ἀνιωμένους</span> <span class='ocrx_word' id='word_1_110' title='bbox 932 1464 990 1520; x_wconf 84' lang='grc' dir='ltr'>δὲ</span> <span class='ocrx_word' id='word_1_111' title='bbox 1029 1465 1157 1527; x_wconf 81' lang='grc' dir='ltr'>τοὺς</span> <span class='ocrx_word' id='word_1_112' title='bbox 1188 1463 1444 1529; x_wconf 83' lang='grc' dir='ltr'>πολλοὺς,</span> <span class='ocrx_word' id='word_1_113' title='bbox 1492 1463 1600 1518; x_wconf 78' lang='grc' dir='ltr'>κᾶν</span> <span class='ocrx_word' id='word_1_114' title='bbox 1643 1462 1737 1516; x_wconf 84' lang='grc' dir='ltr'>εύ-</span> 
     </span>
    </p>
   </div>
   <div class='ocr_carea' id='block_1_17' title="bbox 174 1554 1739 1631">
    <p class='ocr_par' dir='ltr' id='par_1_17' title="bbox 174 1554 1739 1631">
     <span class='ocr_line' id='line_1_17' title="bbox 174 1554 1739 1631; baseline -0.001 -19"><span class='ocrx_word' id='word_1_115' title='bbox 174 1560 355 1627; x_wconf 78' lang='grc' dir='ltr'>τρεπεῖ</span> <span class='ocrx_word' id='word_1_116' title='bbox 395 1557 683 1630; x_wconf 78' lang='grc' dir='ltr'>ἑτερότητι</span> <span class='ocrx_word' id='word_1_117' title='bbox 711 1558 813 1629; x_wconf 76' lang='grc' dir='ltr'>τὴν</span> <span class='ocrx_word' id='word_1_118' title='bbox 849 1555 1032 1628; x_wconf 83' lang='grc' dir='ltr'>λύπην</span> <span class='ocrx_word' id='word_1_119' title='bbox 1072 1555 1504 1622; x_wconf 78' lang='grc' dir='ltr'>ὲπισκιάζωσιν·</span> <span class='ocrx_word' id='word_1_120' title='bbox 1560 1554 1739 1631; x_wconf 85' lang='grc' dir='ltr'>πάντα</span> 
     </span>
    </p>
   </div>
   <div class='ocr_carea' id='block_1_18' title="bbox 169 1650 1739 1725">
    <p class='ocr_par' dir='ltr' id='par_1_18' title="bbox 169 1650 1739 1725">
     <span class='ocr_line' id='line_1_18' title="bbox 169 1650 1739 1725; baseline -0.001 -20"><span class='ocrx_word' id='word_1_121' title='bbox 169 1652 219 1705; x_wconf 78' lang='grc' dir='ltr'>δὲ</span> <span class='ocrx_word' id='word_1_122' title='bbox 240 1652 463 1724; x_wconf 64' lang='grc' dir='ltr'>ὼρύὸου</span> <span class='ocrx_word' id='word_1_123' title='bbox 490 1652 734 1724; x_wconf 80' lang='grc' dir='ltr'>γέμοντα</span> <span class='ocrx_word' id='word_1_124' title='bbox 754 1652 851 1708; x_wconf 72' lang='grc' dir='ltr'>καὶ</span> <span class='ocrx_word' id='word_1_125' title='bbox 874 1652 1144 1725; x_wconf 78' lang='grc' dir='ltr'>ταραχῆς,</span> <span class='ocrx_word' id='word_1_126' title='bbox 1170 1652 1266 1707; x_wconf 76' lang='grc' dir='ltr'>καὶ</span> <span class='ocrx_word' id='word_1_127' title='bbox 1292 1651 1356 1706; x_wconf 82' lang='grc' dir='ltr'>τὸ</span> <span class='ocrx_word' id='word_1_128' title='bbox 1375 1650 1580 1724; x_wconf 81' lang='grc' dir='ltr'>πλῆθος</span> <span class='ocrx_word' id='word_1_129' title='bbox 1599 1651 1739 1724; x_wconf 79' lang='grc' dir='ltr'>πρὸς</span> 
     </span>
    </p>
   </div>
   <div class='ocr_carea' id='block_1_19' title="bbox 170 1748 1271 1821">
    <p class='ocr_par' dir='ltr' id='par_1_19' title="bbox 170 1748 1271 1821">
     <span class='ocr_line' id='line_1_19' title="bbox 170 1748 1271 1821; baseline 0.001 -18"><span class='ocrx_word' id='word_1_130' title='bbox 170 1750 329 1807; x_wconf 79' lang='grc' dir='ltr'>ὲαυτῶ</span> <span class='ocrx_word' id='word_1_131' title='bbox 357 1749 485 1820; x_wconf 81' lang='grc' dir='ltr'>είκῆ</span> <span class='ocrx_word' id='word_1_132' title='bbox 516 1748 873 1821; x_wconf 82' lang='grc' dir='ltr'>ὠθιζόμενον.</span> <span class='ocrx_word' id='word_1_133' title='bbox 1258 1786 1271 1793; x_wconf 88' lang='grc'><strong>-</strong></span> 
     </span>
    </p>
   </div>
   <div class='ocr_carea' id='block_1_20' title="bbox 240 1930 1738 2004">
    <p class='ocr_par' dir='ltr' id='par_1_20' title="bbox 240 1930 1738 2004">
     <span class='ocr_line' id='line_1_20' title="bbox 240 1930 1738 2004; baseline 0.001 -21"><span class='ocrx_word' id='word_1_134' title='bbox 240 1930 566 2002; x_wconf 78' lang='grc' dir='ltr'>’Δνάμνησίς</span> <span class='ocrx_word' id='word_1_135' title='bbox 600 1932 754 1986; x_wconf 73' lang='grc' dir='ltr'>ἐστιν</span> <span class='ocrx_word' id='word_1_136' title='bbox 792 1930 888 1984; x_wconf 72' lang='grc' dir='ltr'>καὶ</span> <span class='ocrx_word' id='word_1_137' title='bbox 926 1930 1238 2004; x_wconf 78' lang='grc' dir='ltr'>εὐφροσύνη</span> <span class='ocrx_word' id='word_1_138' title='bbox 1279 1931 1550 1987; x_wconf 69' lang='grc' dir='ltr'>ἐνιαυτοῦ.</span> <span class='ocrx_word' id='word_1_139' title='bbox 1600 1931 1738 1986; x_wconf 86' lang='grc' dir='ltr'>ῐΙοία</span> 
     </span>
    </p>
   </div>
   <div class='ocr_carea' id='block_1_21' title="bbox 173 2023 1739 2097">
    <p class='ocr_par' dir='ltr' id='par_1_21' title="bbox 173 2023 1739 2097">
     <span class='ocr_line' id='line_1_21' title="bbox 173 2023 1739 2097; baseline 0 -18"><span class='ocrx_word' id='word_1_140' title='bbox 173 2025 483 2097; x_wconf 74' lang='grc' dir='ltr'>εὐφροσύνη,</span> <span class='ocrx_word' id='word_1_141' title='bbox 523 2024 815 2097; x_wconf 70' lang='grc' dir='ltr'>ἀνθρωπες</span> <span class='ocrx_word' id='word_1_142' title='bbox 861 2023 1107 2097; x_wconf 83' lang='grc' dir='ltr'>Πρῶτον,</span> <span class='ocrx_word' id='word_1_143' title='bbox 1138 2026 1267 2080; x_wconf 82' lang='grc' dir='ltr'>ὅταν</span> <span class='ocrx_word' id='word_1_144' title='bbox 1293 2025 1530 2096; x_wconf 76' lang='grc' dir='ltr'>ὲννοήσω</span> <span class='ocrx_word' id='word_1_145' title='bbox 1564 2025 1610 2058; x_wconf 78' lang='grc'><strong>⁸⁸</strong></span> <span class='ocrx_word' id='word_1_146' title='bbox 1638 2025 1739 2097; x_wconf 81' lang='grc' dir='ltr'>τῆς</span> 
     </span>
    </p>
   </div>
   <div class='ocr_carea' id='block_1_22' title="bbox 175 2113 1737 2190">
    <p class='ocr_par' dir='ltr' id='par_1_22' title="bbox 175 2113 1737 2190">
     <span class='ocr_line' id='line_1_22' title="bbox 175 2113 1737 2190; baseline 0 -19"><span class='ocrx_word' id='word_1_147' title='bbox 175 2119 447 2190; x_wconf 76' lang='grc' dir='ltr'>συντυχίας</span> <span class='ocrx_word' id='word_1_148' title='bbox 478 2118 545 2173; x_wconf 77' lang='grc' dir='ltr'><strong>τὸ</strong></span> <span class='ocrx_word' id='word_1_149' title='bbox 583 2118 799 2189; x_wconf 81' lang='grc' dir='ltr'>σχῆμα,</span> <span class='ocrx_word' id='word_1_150' title='bbox 829 2113 941 2173; x_wconf 78' lang='grc' dir='ltr'>οἷόν</span> <span class='ocrx_word' id='word_1_151' title='bbox 972 2120 1142 2185; x_wconf 77' lang='grc' dir='ltr'>ἔστιν,</span> <span class='ocrx_word' id='word_1_152' title='bbox 1174 2119 1271 2173; x_wconf 72' lang='grc' dir='ltr'>καὶ</span> <span class='ocrx_word' id='word_1_153' title='bbox 1296 2120 1446 2182; x_wconf 83' lang='grc' dir='ltr'>ὅπως</span> <span class='ocrx_word' id='word_1_154' title='bbox 1474 2119 1737 2186; x_wconf 76' lang='grc' dir='ltr'>ὕποπτον,</span> 
     </span>
    </p>
   </div>
   <div class='ocr_carea' id='block_1_23' title="bbox 173 2209 1744 2285">
    <p class='ocr_par' dir='ltr' id='par_1_23' title="bbox 173 2209 1744 2285">
     <span class='ocr_line' id='line_1_23' title="bbox 173 2209 1744 2285; baseline 0.001 -21"><span class='ocrx_word' id='word_1_155' title='bbox 173 2211 253 2264; x_wconf 79' lang='grc' dir='ltr'>καὶ</span> <span class='ocrx_word' id='word_1_156' title='bbox 278 2212 335 2265; x_wconf 81' lang='grc' dir='ltr'><strong>ού</strong></span> <span class='ocrx_word' id='word_1_157' title='bbox 364 2210 583 2282; x_wconf 86' lang='grc' dir='ltr'>φιλικόν</span> <span class='ocrx_word' id='word_1_158' title='bbox 601 2213 615 2266; x_wconf 86' lang='lat' dir='ltr'><strong>l</strong></span> <span class='ocrx_word' id='word_1_159' title='bbox 636 2212 965 2285; x_wconf 79' lang='grc' dir='ltr'>’Δδρανείτῇ</span> <span class='ocrx_word' id='word_1_160' title='bbox 996 2214 1150 2283; x_wconf 82' lang='grc' dir='ltr'>φωνῇ</span> <span class='ocrx_word' id='word_1_161' title='bbox 1180 2210 1277 2265; x_wconf 78' lang='grc' dir='ltr'>καὶ</span> <span class='ocrx_word' id='word_1_162' title='bbox 1305 2209 1477 2284; x_wconf 79' lang='grc' dir='ltr'>λεπτῇ</span> <span class='ocrx_word' id='word_1_163' title='bbox 1505 2213 1540 2284; x_wconf 82' lang='grc' dir='ltr'>ἠ</span> <span class='ocrx_word' id='word_1_164' title='bbox 1571 2229 1744 2281; x_wconf 88' lang='grc' dir='ltr'>προσ-</span> 
     </span>
    </p>
   </div>
   <div class='ocr_carea' id='block_1_24' title="bbox 173 2301 1739 2378">
    <p class='ocr_par' dir='ltr' id='par_1_24' title="bbox 173 2301 1739 2378">
     <span class='ocr_line' id='line_1_24' title="bbox 173 2301 1739 2378; baseline 0 -20"><span class='ocrx_word' id='word_1_165' title='bbox 173 2304 347 2376; x_wconf 83' lang='grc' dir='ltr'>ηγορία</span> <span class='ocrx_word' id='word_1_166' title='bbox 369 2307 593 2377; x_wconf 83' lang='grc' dir='ltr'>πρόεισι</span> <span class='ocrx_word' id='word_1_167' title='bbox 612 2304 724 2359; x_wconf 85' lang='grc' dir='ltr'><strong>τῶν</strong></span> <span class='ocrx_word' id='word_1_168' title='bbox 754 2305 983 2376; x_wconf 83' lang='grc' dir='ltr'>χειλέων</span> <span class='ocrx_word' id='word_1_169' title='bbox 1004 2323 1017 2336; x_wconf 71' lang='grc' dir='ltr'><strong>ο</strong></span> <span class='ocrx_word' id='word_1_170' title='bbox 1058 2301 1177 2360; x_wconf 78' lang='grc' dir='ltr'>εἷτα</span> <span class='ocrx_word' id='word_1_171' title='bbox 1201 2304 1487 2359; x_wconf 83' lang='grc' dir='ltr'>ἀκολουθεῖ</span> <span class='ocrx_word' id='word_1_172' title='bbox 1509 2305 1739 2378; x_wconf 87' lang='grc' dir='ltr'>φίλημα,</span> 
     </span>
    </p>
   </div>
   <div class='ocr_carea' id='block_1_25' title="bbox 170 2396 1740 2470">
    <p class='ocr_par' dir='ltr' id='par_1_25' title="bbox 170 2396 1740 2470">
     <span class='ocr_line' id='line_1_25' title="bbox 170 2396 1740 2470; baseline 0 -20"><span class='ocrx_word' id='word_1_173' title='bbox 170 2397 252 2450; x_wconf 83' lang='grc' dir='ltr'><strong>τοῦ</strong></span> <span class='ocrx_word' id='word_1_174' title='bbox 276 2397 568 2469; x_wconf 81' lang='grc' dir='ltr'>λήμματος</span> <span class='ocrx_word' id='word_1_175' title='bbox 595 2397 916 2470; x_wconf 89' lang='grc' dir='ltr'>προοίμιον·</span> <span class='ocrx_word' id='word_1_176' title='bbox 948 2398 1044 2452; x_wconf 74' lang='grc' dir='ltr'>καὶ</span> <span class='ocrx_word' id='word_1_177' title='bbox 1068 2397 1305 2467; x_wconf 83' lang='grc' dir='ltr'>φιλεῖται</span> <span class='ocrx_word' id='word_1_178' title='bbox 1336 2396 1434 2468; x_wconf 80' lang='grc' dir='ltr'>μὲν</span> <span class='ocrx_word' id='word_1_179' title='bbox 1456 2396 1518 2450; x_wconf 75' lang='grc' dir='ltr'>τὸ</span> <span class='ocrx_word' id='word_1_180' title='bbox 1544 2396 1740 2467; x_wconf 84' lang='grc' dir='ltr'><strong>στόμα,</strong></span> 
     </span>
    </p>
   </div>
   <div class='ocr_carea' id='block_1_26' title="bbox 175 2489 1744 2562">
    <p class='ocr_par' dir='ltr' id='par_1_26' title="bbox 175 2489 1744 2562">
     <span class='ocr_line' id='line_1_26' title="bbox 175 2489 1744 2562; baseline 0.002 -20"><span class='ocrx_word' id='word_1_181' title='bbox 175 2490 437 2557; x_wconf 77' lang='grc' dir='ltr'>ἀγαπᾶται</span> <span class='ocrx_word' id='word_1_182' title='bbox 467 2491 529 2544; x_wconf 85' lang='grc' dir='ltr'>δὲ</span> <span class='ocrx_word' id='word_1_183' title='bbox 561 2490 624 2544; x_wconf 78' lang='grc' dir='ltr'>τὸ</span> <span class='ocrx_word' id='word_1_184' title='bbox 655 2489 902 2561; x_wconf 89' lang='grc' dir='ltr'>νόμισμα</span> <span class='ocrx_word' id='word_1_185' title='bbox 921 2507 934 2521; x_wconf 91' lang='grc'><strong>·</strong></span> <span class='ocrx_word' id='word_1_186' title='bbox 969 2489 1032 2543; x_wconf 75' lang='grc' dir='ltr'><strong>τὸ</strong></span> <span class='ocrx_word' id='word_1_187' title='bbox 1068 2491 1257 2562; x_wconf 85' lang='grc' dir='ltr'>σχῆμα</span> <span class='ocrx_word' id='word_1_188' title='bbox 1297 2489 1616 2556; x_wconf 82' lang='grc' dir='ltr'>διαθέσεως,</span> <span class='ocrx_word' id='word_1_189' title='bbox 1648 2493 1744 2545; x_wconf 73' lang='grc' dir='ltr'>καὶ</span> 
     </span>
    </p>
   </div>
   <div class='ocr_carea' id='block_1_27' title="bbox 174 2580 1746 2655">
    <p class='ocr_par' dir='ltr' id='par_1_27' title="bbox 174 2580 1746 2655">
     <span class='ocr_line' id='line_1_27' title="bbox 174 2580 1746 2655; baseline 0.003 -21"><span class='ocrx_word' id='word_1_190' title='bbox 174 2582 225 2634; x_wconf 68' lang='grc' dir='ltr'><strong>τὸ</strong></span> <span class='ocrx_word' id='word_1_191' title='bbox 245 2583 399 2653; x_wconf 76' lang='grc' dir='ltr'>ἔργον</span> <span class='ocrx_word' id='word_1_192' title='bbox 429 2580 772 2650; x_wconf 80' lang='grc' dir='ltr'>πλεονεξίας.</span> <span class='ocrx_word' id='word_1_193' title='bbox 800 2582 974 2637; x_wconf 83' lang='grc' dir='ltr'>Ἔνθα</span> <span class='ocrx_word' id='word_1_194' title='bbox 999 2582 1058 2637; x_wconf 80' lang='grc' dir='ltr'>δὲ</span> <span class='ocrx_word' id='word_1_195' title='bbox 1084 2583 1304 2655; x_wconf 78' lang='grc' dir='ltr'>καθαρὰ</span> <span class='ocrx_word' id='word_1_196' title='bbox 1332 2584 1489 2655; x_wconf 85' lang='grc' dir='ltr'>φιλία</span> <span class='ocrx_word' id='word_1_197' title='bbox 1517 2586 1611 2639; x_wconf 75' lang='grc' dir='ltr'>καὶ</span> <span class='ocrx_word' id='word_1_198' title='bbox 1632 2585 1746 2640; x_wconf 83' lang='grc' dir='ltr'>ἀδο-</span> 
     </span>
    </p>
   </div>
   <div class='ocr_carea' id='block_1_28' title="bbox 175 2672 1741 2750">
    <p class='ocr_par' dir='ltr' id='par_1_28' title="bbox 175 2672 1741 2750">
     <span class='ocr_line' id='line_1_28' title="bbox 175 2672 1741 2750; baseline 0.001 -20"><span class='ocrx_word' id='word_1_199' title='bbox 175 2672 269 2739; x_wconf 84' lang='grc' dir='ltr'>λος,</span> <span class='ocrx_word' id='word_1_200' title='bbox 304 2675 534 2747; x_wconf 81' lang='grc' dir='ltr'>ἀμισθοι</span> <span class='ocrx_word' id='word_1_201' title='bbox 580 2677 677 2730; x_wconf 73' lang='grc' dir='ltr'>καὶ</span> <span class='ocrx_word' id='word_1_202' title='bbox 717 2676 973 2748; x_wconf 83' lang='grc' dir='ltr'>ἀκερδεῖς</span> <span class='ocrx_word' id='word_1_203' title='bbox 1015 2676 1155 2730; x_wconf 69' lang='grc' dir='ltr'>εἰσιν</span> <span class='ocrx_word' id='word_1_204' title='bbox 1201 2677 1259 2730; x_wconf 82' lang='grc' dir='ltr'>αἱ</span> <span class='ocrx_word' id='word_1_205' title='bbox 1302 2676 1741 2750; x_wconf 81' lang='grc' dir='ltr'>φιλοφρονήσεις.</span> 
     </span>
    </p>
   </div>
   <div class='ocr_carea' id='block_1_29' title="bbox 178 2768 1747 2841">
    <p class='ocr_par' dir='ltr' id='par_1_29' title="bbox 178 2768 1747 2841">
     <span class='ocr_line' id='line_1_29' title="bbox 178 2768 1747 2841; baseline 0.001 -18"><span class='ocrx_word' id='word_1_206' title='bbox 178 2769 527 2841; x_wconf 83' lang='grc' dir='ltr'>Περιφέρεται</span> <span class='ocrx_word' id='word_1_207' title='bbox 573 2768 708 2840; x_wconf 89' lang='grc' dir='ltr'>γοῦν</span> <span class='ocrx_word' id='word_1_208' title='bbox 760 2770 900 2825; x_wconf 76' lang='grc' dir='ltr'>πολὺ</span> <span class='ocrx_word' id='word_1_209' title='bbox 953 2770 1258 2841; x_wconf 87' lang='grc' dir='ltr'>πανταχοῦ,</span> <span class='ocrx_word' id='word_1_210' title='bbox 1306 2771 1400 2825; x_wconf 72' lang='grc' dir='ltr'>καὶ</span> <span class='ocrx_word' id='word_1_211' title='bbox 1448 2771 1648 2825; x_wconf 75' lang='grc' dir='ltr'>δίδοται</span> <span class='ocrx_word' id='word_1_212' title='bbox 1684 2771 1747 2825; x_wconf 83' lang='grc' dir='ltr'>τὸ</span> 
     </span>
    </p>
   </div>
   <div class='ocr_carea' id='block_1_30' title="bbox 176 2860 1749 2935">
    <p class='ocr_par' dir='ltr' id='par_1_30' title="bbox 176 2860 1749 2935">
     <span class='ocr_line' id='line_1_30' title="bbox 176 2860 1749 2935; baseline -0.011 -12"><span class='ocrx_word' id='word_1_213' title='bbox 176 2861 375 2930; x_wconf 74' lang='grc' dir='ltr'>χρυσίον</span> <span class='ocrx_word' id='word_1_214' title='bbox 393 2879 411 2895; x_wconf 86' lang='grc'><em>’</em></span> <span class='ocrx_word' id='word_1_215' title='bbox 438 2860 722 2935; x_wconf 78' lang='grc' dir='ltr'>πρόφασις</span> <span class='ocrx_word' id='word_1_216' title='bbox 746 2861 805 2916; x_wconf 83' lang='grc' dir='ltr'>δὲ</span> <span class='ocrx_word' id='word_1_217' title='bbox 834 2862 1021 2916; x_wconf 88' lang='grc' dir='ltr'>δικαία</span> <span class='ocrx_word' id='word_1_218' title='bbox 1045 2863 1141 2916; x_wconf 71' lang='grc' dir='ltr'>καὶ</span> <span class='ocrx_word' id='word_1_219' title='bbox 1172 2862 1455 2935; x_wconf 81' lang='grc' dir='ltr'>εὐπρεπὴς</span> <span class='ocrx_word' id='word_1_220' title='bbox 1485 2862 1579 2916; x_wconf 88' lang='grc' dir='ltr'><strong>τοῦ</strong></span> <span class='ocrx_word' id='word_1_221' title='bbox 1608 2862 1673 2935; x_wconf 78' lang='grc' dir='ltr'>λή</span> <span class='ocrx_word' id='word_1_222' title='bbox 1683 2881 1749 2935; x_wconf 84' lang='grc' dir='ltr'>μ-</span> 
     </span>
    </p>
   </div>
   <div class='ocr_carea' id='block_1_31' title="bbox 181 2949 1745 3023">
    <p class='ocr_par' dir='ltr' id='par_1_31' title="bbox 181 2949 1745 3023">
     <span class='ocr_line' id='line_1_31' title="bbox 181 2949 1745 3023; baseline 0.003 -20"><span class='ocrx_word' id='word_1_223' title='bbox 181 2966 345 3017; x_wconf 81' lang='grc' dir='ltr'>ματος,</span> <span class='ocrx_word' id='word_1_224' title='bbox 384 2949 516 3004; x_wconf 73' lang='grc' dir='ltr'>οὔτε</span> <span class='ocrx_word' id='word_1_225' title='bbox 550 2950 722 3017; x_wconf 77' lang='grc' dir='ltr'>ἐστιν,</span> <span class='ocrx_word' id='word_1_226' title='bbox 758 2950 883 3005; x_wconf 76' lang='grc' dir='ltr'>οὔτε</span> <span class='ocrx_word' id='word_1_227' title='bbox 916 2951 1159 3021; x_wconf 86' lang='grc' dir='ltr'>λέγεται.</span> <span class='ocrx_word' id='word_1_228' title='bbox 1210 2952 1396 3023; x_wconf 87' lang='grc' dir='ltr'>Γάμος</span> <span class='ocrx_word' id='word_1_229' title='bbox 1435 2953 1536 3007; x_wconf 83' lang='grc' dir='ltr'>οὐκ</span> <span class='ocrx_word' id='word_1_230' title='bbox 1575 2951 1745 3018; x_wconf 79' lang='grc' dir='ltr'>ἔστιν,</span> 
     </span>
    </p>
   </div>
   <div class='ocr_carea' id='block_1_32' title="bbox 178 3036 1747 3117">
    <p class='ocr_par' dir='ltr' id='par_1_32' title="bbox 178 3036 1747 3117">
     <span class='ocr_line' id='line_1_32' title="bbox 178 3036 1747 3117; baseline 0.007 -29"><span class='ocrx_word' id='word_1_231' title='bbox 178 3036 252 3090; x_wconf 78' lang='grc' dir='ltr'>ἵνα</span> <span class='ocrx_word' id='word_1_232' title='bbox 280 3041 514 3112; x_wconf 81' lang='grc' dir='ltr'>νυμφίου</span> <span class='ocrx_word' id='word_1_233' title='bbox 547 3057 637 3105; x_wconf 88' lang='grc' dir='ltr'><strong>τις</strong></span> <span class='ocrx_word' id='word_1_234' title='bbox 679 3040 889 3115; x_wconf 87' lang='grc' dir='ltr'>γαύρου</span> <span class='ocrx_word' id='word_1_235' title='bbox 934 3041 1140 3116; x_wconf 78' lang='grc' dir='ltr'>καλέσῃ</span> <span class='ocrx_word' id='word_1_236' title='bbox 1176 3041 1508 3114; x_wconf 82' lang='grc' dir='ltr'>φιλοτιμίαν.</span> <span class='ocrx_word' id='word_1_237' title='bbox 1557 3044 1747 3117; x_wconf 82' lang='grc' dir='ltr'>Ἐλεη-</span> 
     </span>
    </p>
   </div>
   <div class='ocr_carea' id='block_1_33' title="bbox 183 3131 1742 3211">
    <p class='ocr_par' dir='ltr' id='par_1_33' title="bbox 183 3131 1742 3211">
     <span class='ocr_line' id='line_1_33' title="bbox 183 3131 1742 3211; baseline 0.005 -27"><span class='ocrx_word' id='word_1_238' title='bbox 183 3131 398 3205; x_wconf 78' lang='grc' dir='ltr'>μοσύνην</span> <span class='ocrx_word' id='word_1_239' title='bbox 422 3132 529 3188; x_wconf 78' lang='grc' dir='ltr'><strong>οὐκ</strong></span> <span class='ocrx_word' id='word_1_240' title='bbox 563 3132 675 3205; x_wconf 79' lang='grc' dir='ltr'>ἔχω</span> <span class='ocrx_word' id='word_1_241' title='bbox 716 3132 905 3188; x_wconf 81' lang='grc' dir='ltr'>καλεῖν</span> <span class='ocrx_word' id='word_1_242' title='bbox 930 3132 1029 3206; x_wconf 78' lang='grc' dir='ltr'>τὴν</span> <span class='ocrx_word' id='word_1_243' title='bbox 1079 3133 1359 3207; x_wconf 83' lang='grc' dir='ltr'>δαπάνην·</span> <span class='ocrx_word' id='word_1_244' title='bbox 1411 3135 1589 3202; x_wconf 74' lang='grc' dir='ltr'>οὐδεὶς</span> <span class='ocrx_word' id='word_1_245' title='bbox 1630 3137 1742 3211; x_wconf 86' lang='grc' dir='ltr'><strong>γὰρ</strong></span> 
     </span>
    </p>
   </div>
   <div class='ocr_carea' id='block_1_34' title="bbox 1839 542 3425 614">
    <p class='ocr_par' dir='ltr' id='par_1_34' title="bbox 1839 542 3425 614">
     <span class='ocr_line' id='line_1_34' title="bbox 1839 542 3425 614; baseline 0.003 -17"><span class='ocrx_word' id='word_1_246' title='bbox 1839 553 1925 598; x_wconf 89' lang='lat' dir='ltr'><strong>tus</strong></span> <span class='ocrx_word' id='word_1_247' title='bbox 1957 544 2029 597; x_wconf 85' lang='lat' dir='ltr'><strong>sit</strong></span> <span class='ocrx_word' id='word_1_248' title='bbox 2055 560 2121 599; x_wconf 82' lang='lat' dir='ltr'><strong>ac</strong></span> <span class='ocrx_word' id='word_1_249' title='bbox 2149 545 2472 601; x_wconf 77' lang='lat' dir='ltr'><strong>manifestus</strong></span> <span class='ocrx_word' id='word_1_250' title='bbox 2491 542 2611 613; x_wconf 82' lang='lat' dir='ltr'><strong>ejus</strong></span> <span class='ocrx_word' id='word_1_251' title='bbox 2645 559 2870 614; x_wconf 80' lang='lat' dir='ltr'><strong>scapus;</strong></span> <span class='ocrx_word' id='word_1_252' title='bbox 2906 553 3041 610; x_wconf 87' lang='lat' dir='ltr'><strong>tum,</strong></span> <span class='ocrx_word' id='word_1_253' title='bbox 3098 555 3155 601; x_wconf 90' lang='lat' dir='ltr'><strong>ut</strong></span> <span class='ocrx_word' id='word_1_254' title='bbox 3197 549 3270 601; x_wconf 88' lang='lat' dir='ltr'><strong>sit</strong></span> <span class='ocrx_word' id='word_1_255' title='bbox 3303 563 3425 602; x_wconf 85' lang='lat' dir='ltr'><strong>om-</strong></span> 
     </span>
    </p>
   </div>
   <div class='ocr_carea' id='block_1_35' title="bbox 1836 634 3423 708">
    <p class='ocr_par' dir='ltr' id='par_1_35' title="bbox 1836 634 3423 708">
     <span class='ocr_line' id='line_1_35' title="bbox 1836 634 3423 708; baseline 0.006 -19"><span class='ocrx_word' id='word_1_256' title='bbox 1836 634 1989 690; x_wconf 89' lang='lat' dir='ltr'><strong>nium</strong></span> <span class='ocrx_word' id='word_1_257' title='bbox 2034 637 2340 691; x_wconf 84' lang='lat' dir='ltr'><strong>communis</strong></span> <span class='ocrx_word' id='word_1_258' title='bbox 2386 638 2571 706; x_wconf 76' lang='lat' dir='ltr'><strong>Ia-titia</strong></span> <span class='ocrx_word' id='word_1_259' title='bbox 2598 679 2614 704; x_wconf 97' lang='lat'><strong>,</strong></span> <span class='ocrx_word' id='word_1_260' title='bbox 2661 654 2768 692; x_wconf 91' lang='lat' dir='ltr'><strong>non</strong></span> <span class='ocrx_word' id='word_1_261' title='bbox 2822 647 2881 692; x_wconf 89' lang='lat' dir='ltr'><strong>ut</strong></span> <span class='ocrx_word' id='word_1_262' title='bbox 2936 638 3104 708; x_wconf 80' lang='lat' dir='ltr'><strong>aliqui</strong></span> <span class='ocrx_word' id='word_1_263' title='bbox 3136 639 3191 694; x_wconf 85' lang='lat' dir='ltr'><strong>in</strong></span> <span class='ocrx_word' id='word_1_264' title='bbox 3225 642 3423 707; x_wconf 76' lang='lat' dir='ltr'><strong>gaudio</strong></span> 
     </span>
    </p>
   </div>
   <div class='ocr_carea' id='block_1_36' title="bbox 1833 728 3424 793">
    <p class='ocr_par' dir='ltr' id='par_1_36' title="bbox 1833 728 3424 793">
     <span class='ocr_line' id='line_1_36' title="bbox 1833 728 3424 793; baseline 0.004 -11"><span class='ocrx_word' id='word_1_265' title='bbox 1833 728 1978 793; x_wconf 84' lang='lat' dir='ltr'><strong>sint,</strong></span> <span class='ocrx_word' id='word_1_266' title='bbox 2011 728 2193 782; x_wconf 73' lang='lat' dir='ltr'><strong>caeteri</strong></span> <span class='ocrx_word' id='word_1_267' title='bbox 2221 729 2273 783; x_wconf 91' lang='lat' dir='ltr'><strong>in</strong></span> <span class='ocrx_word' id='word_1_268' title='bbox 2305 743 2541 784; x_wconf 67' lang='lat' dir='ltr'><strong>maerore</strong></span> <span class='ocrx_word' id='word_1_269' title='bbox 2574 745 2638 785; x_wconf 86' lang='lat' dir='ltr'><strong>ac</strong></span> <span class='ocrx_word' id='word_1_270' title='bbox 2665 730 2831 785; x_wconf 87' lang='lat' dir='ltr'><strong>luctu.</strong></span> <span class='ocrx_word' id='word_1_271' title='bbox 2884 730 2941 785; x_wconf 90' lang='lat' dir='ltr'><strong>Id</strong></span> <span class='ocrx_word' id='word_1_272' title='bbox 2963 733 3105 786; x_wconf 85' lang='lat' dir='ltr'><strong>enim</strong></span> <span class='ocrx_word' id='word_1_273' title='bbox 3130 732 3277 787; x_wconf 88' lang='lat' dir='ltr'><strong>bello</strong></span> <span class='ocrx_word' id='word_1_274' title='bbox 3310 749 3424 788; x_wconf 87' lang='lat' dir='ltr'><strong>ma-</strong></span> 
     </span>
    </p>
   </div>
   <div class='ocr_carea' id='block_1_37' title="bbox 1835 821 3426 892">
    <p class='ocr_par' dir='ltr' id='par_1_37' title="bbox 1835 821 3426 892">
     <span class='ocr_line' id='line_1_37' title="bbox 1835 821 3426 892; baseline 0.003 -19"><span class='ocrx_word' id='word_1_275' title='bbox 1835 821 1940 892; x_wconf 90' lang='lat' dir='ltr'><strong>gis,</strong></span> <span class='ocrx_word' id='word_1_276' title='bbox 1972 835 2137 889; x_wconf 90' lang='lat' dir='ltr'><strong>quam</strong></span> <span class='ocrx_word' id='word_1_277' title='bbox 2168 821 2310 878; x_wconf 77' lang='lat' dir='ltr'><strong>festo</strong></span> <span class='ocrx_word' id='word_1_278' title='bbox 2330 822 2616 891; x_wconf 90' lang='lat' dir='ltr'><strong>congruit;</strong></span> <span class='ocrx_word' id='word_1_279' title='bbox 2648 821 2702 875; x_wconf 90' lang='lat' dir='ltr'><strong>in</strong></span> <span class='ocrx_word' id='word_1_280' title='bbox 2745 836 2853 891; x_wconf 92' lang='lat' dir='ltr'><strong>quo</strong></span> <span class='ocrx_word' id='word_1_281' title='bbox 2891 837 3117 878; x_wconf 89' lang='lat' dir='ltr'><strong>necesse</strong></span> <span class='ocrx_word' id='word_1_282' title='bbox 3139 835 3226 878; x_wconf 91' lang='lat' dir='ltr'><strong>est</strong></span> <span class='ocrx_word' id='word_1_283' title='bbox 3262 826 3426 879; x_wconf 81' lang='lat' dir='ltr'><strong>victo—</strong></span> 
     </span>
    </p>
   </div>
   <div class='ocr_carea' id='block_1_38' title="bbox 1837 911 3421 983">
    <p class='ocr_par' dir='ltr' id='par_1_38' title="bbox 1837 911 3421 983">
     <span class='ocr_line' id='line_1_38' title="bbox 1837 911 3421 983; baseline 0.003 -18"><span class='ocrx_word' id='word_1_284' title='bbox 1837 926 1926 965; x_wconf 83' lang='lat' dir='ltr'><strong>res</strong></span> <span class='ocrx_word' id='word_1_285' title='bbox 1952 911 2246 978; x_wconf 77' lang='lat' dir='ltr'><strong>exsultare,</strong></span> <span class='ocrx_word' id='word_1_286' title='bbox 2285 926 2453 983; x_wconf 87' lang='lat' dir='ltr'><strong>seque</strong></span> <span class='ocrx_word' id='word_1_287' title='bbox 2471 927 2537 966; x_wconf 80' lang='lat' dir='ltr'><strong>ex</strong></span> <span class='ocrx_word' id='word_1_288' title='bbox 2570 912 2798 968; x_wconf 77' lang='lat' dir='ltr'><strong>victoria</strong></span> <span class='ocrx_word' id='word_1_289' title='bbox 2846 914 3135 983; x_wconf 81' lang='lat' dir='ltr'><strong>niagnillce</strong></span> <span class='ocrx_word' id='word_1_290' title='bbox 3193 914 3421 983; x_wconf 78' lang='lat' dir='ltr'><strong>efferre;</strong></span> 
     </span>
    </p>
   </div>
   <div class='ocr_carea' id='block_1_39' title="bbox 1836 1005 3419 1077">
    <p class='ocr_par' dir='ltr' id='par_1_39' title="bbox 1836 1005 3419 1077">
     <span class='ocr_line' id='line_1_39' title="bbox 1836 1005 3419 1077; baseline 0.003 -19"><span class='ocrx_word' id='word_1_291' title='bbox 1836 1005 2013 1060; x_wconf 87' lang='lat' dir='ltr'><strong>victos</strong></span> <span class='ocrx_word' id='word_1_292' title='bbox 2049 1018 2181 1061; x_wconf 86' lang='lat' dir='ltr'><strong>vero</strong></span> <span class='ocrx_word' id='word_1_293' title='bbox 2206 1005 2415 1061; x_wconf 81' lang='lat' dir='ltr'><strong>cladem</strong></span> <span class='ocrx_word' id='word_1_294' title='bbox 2447 1020 2601 1061; x_wconf 91' lang='lat' dir='ltr'><strong>suam</strong></span> <span class='ocrx_word' id='word_1_295' title='bbox 2638 1021 2702 1061; x_wconf 92' lang='lat' dir='ltr'><strong>ac</strong></span> <span class='ocrx_word' id='word_1_296' title='bbox 2726 1006 3094 1062; x_wconf 78' lang='lat' dir='ltr'><strong>calamitatem</strong></span> <span class='ocrx_word' id='word_1_297' title='bbox 3122 1008 3419 1077; x_wconf 81' lang='lat' dir='ltr'><strong>deplorare.</strong></span> 
     </span>
    </p>
   </div>
   <div class='ocr_carea' id='block_1_40' title="bbox 1837 1097 3424 1169">
    <p class='ocr_par' dir='ltr' id='par_1_40' title="bbox 1837 1097 3424 1169">
     <span class='ocr_line' id='line_1_40' title="bbox 1837 1097 3424 1169; baseline 0.003 -17"><span class='ocrx_word' id='word_1_298' title='bbox 1837 1098 2152 1165; x_wconf 89' lang='lat' dir='ltr'><strong>Enimvero,</strong></span> <span class='ocrx_word' id='word_1_299' title='bbox 2189 1099 2334 1168; x_wconf 90' lang='lat' dir='ltr'><strong>quod</strong></span> <span class='ocrx_word' id='word_1_300' title='bbox 2362 1097 2430 1153; x_wconf 86' lang='lat' dir='ltr'><strong>ad</strong></span> <span class='ocrx_word' id='word_1_301' title='bbox 2462 1098 2599 1154; x_wconf 90' lang='lat' dir='ltr'><strong>istos</strong></span> <span class='ocrx_word' id='word_1_302' title='bbox 2623 1099 2739 1156; x_wconf 88' lang='lat' dir='ltr'><strong>dies</strong></span> <span class='ocrx_word' id='word_1_303' title='bbox 2757 1108 2989 1169; x_wconf 78' lang='lat' dir='ltr'><strong>spectat,</strong></span> <span class='ocrx_word' id='word_1_304' title='bbox 3014 1101 3309 1157; x_wconf 89' lang='lat' dir='ltr'><strong>obscurum</strong></span> <span class='ocrx_word' id='word_1_305' title='bbox 3338 1112 3424 1158; x_wconf 92' lang='lat' dir='ltr'><strong>est</strong></span> 
     </span>
    </p>
   </div>
   <div class='ocr_carea' id='block_1_41' title="bbox 1837 1190 3419 1260">
    <p class='ocr_par' dir='ltr' id='par_1_41' title="bbox 1837 1190 3419 1260">
     <span class='ocr_line' id='line_1_41' title="bbox 1837 1190 3419 1260; baseline 0.003 -16"><span class='ocrx_word' id='word_1_306' title='bbox 1837 1204 1904 1245; x_wconf 88' lang='lat' dir='ltr'><strong>ac</strong></span> <span class='ocrx_word' id='word_1_307' title='bbox 1930 1190 2221 1254; x_wconf 84' lang='lat' dir='ltr'><strong>incertum,</strong></span> <span class='ocrx_word' id='word_1_308' title='bbox 2249 1205 2357 1260; x_wconf 86' lang='lat' dir='ltr'><strong>qua</strong></span> <span class='ocrx_word' id='word_1_309' title='bbox 2402 1205 2469 1245; x_wconf 75' lang='lat' dir='ltr'><strong>ex</strong></span> <span class='ocrx_word' id='word_1_310' title='bbox 2508 1204 2671 1246; x_wconf 84' lang='lat' dir='ltr'><strong>causa</strong></span> <span class='ocrx_word' id='word_1_311' title='bbox 2725 1192 3013 1247; x_wconf 85' lang='lat' dir='ltr'><strong>celebritas</strong></span> <span class='ocrx_word' id='word_1_312' title='bbox 3051 1192 3295 1247; x_wconf 89' lang='lat' dir='ltr'><strong>instituta</strong></span> <span class='ocrx_word' id='word_1_313' title='bbox 3328 1194 3419 1248; x_wconf 89' lang='lat' dir='ltr'><strong>sit.</strong></span> 
     </span>
    </p>
   </div>
   <div class='ocr_carea' id='block_1_42' title="bbox 1834 1278 3422 1353">
    <p class='ocr_par' dir='ltr' id='par_1_42' title="bbox 1834 1278 3422 1353">
     <span class='ocr_line' id='line_1_42' title="bbox 1834 1278 3422 1353; baseline 0.003 -17"><span class='ocrx_word' id='word_1_314' title='bbox 1834 1278 1972 1336; x_wconf 86' lang='lat' dir='ltr'><strong>Nam</strong></span> <span class='ocrx_word' id='word_1_315' title='bbox 2000 1281 2219 1347; x_wconf 64' lang='lat' dir='ltr'><strong>fabula,</strong></span> <span class='ocrx_word' id='word_1_316' title='bbox 2270 1297 2391 1353; x_wconf 65' lang='lat' dir='ltr'><strong>quae</strong></span> <span class='ocrx_word' id='word_1_317' title='bbox 2433 1282 2619 1339; x_wconf 64' lang='lat' dir='ltr'><strong>multa</strong></span> <span class='ocrx_word' id='word_1_318' title='bbox 2665 1294 2978 1351; x_wconf 89' lang='lat' dir='ltr'><strong>narrantur,</strong></span> <span class='ocrx_word' id='word_1_319' title='bbox 3034 1299 3154 1341; x_wconf 86' lang='lat' dir='ltr'><strong>sese</strong></span> <span class='ocrx_word' id='word_1_320' title='bbox 3191 1286 3422 1341; x_wconf 92' lang='lat' dir='ltr'><strong>invicem</strong></span> 
     </span>
    </p>
   </div>
   <div class='ocr_carea' id='block_1_43' title="bbox 1838 1379 3425 1452">
    <p class='ocr_par' dir='ltr' id='par_1_43' title="bbox 1838 1379 3425 1452">
     <span class='ocr_line' id='line_1_43' title="bbox 1838 1379 3425 1452; baseline 0.003 -17"><span class='ocrx_word' id='word_1_321' title='bbox 1838 1379 1997 1435; x_wconf 79' lang='lat' dir='ltr'><strong>facile</strong></span> <span class='ocrx_word' id='word_1_322' title='bbox 2012 1380 2360 1445; x_wconf 76' lang='lat' dir='ltr'><strong>subvertant,</strong></span> <span class='ocrx_word' id='word_1_323' title='bbox 2385 1396 2485 1437; x_wconf 91' lang='lat' dir='ltr'><strong>nec</strong></span> <span class='ocrx_word' id='word_1_324' title='bbox 2506 1381 2803 1452; x_wconf 85' lang='lat' dir='ltr'><strong>quidquam</strong></span> <span class='ocrx_word' id='word_1_325' title='bbox 2827 1382 2937 1437; x_wconf 86' lang='lat' dir='ltr'><strong>veri</strong></span> <span class='ocrx_word' id='word_1_326' title='bbox 2958 1382 3180 1438; x_wconf 87' lang='lat' dir='ltr'><strong>habent.</strong></span> <span class='ocrx_word' id='word_1_327' title='bbox 3200 1382 3425 1447; x_wconf 84' lang='lat' dir='ltr'><strong>Deinde,</strong></span> 
     </span>
    </p>
   </div>
   <div class='ocr_carea' id='block_1_44' title="bbox 1836 1472 3426 1545">
    <p class='ocr_par' dir='ltr' id='par_1_44' title="bbox 1836 1472 3426 1545">
     <span class='ocr_line' id='line_1_44' title="bbox 1836 1472 3426 1545; baseline -0.001 -17"><span class='ocrx_word' id='word_1_328' title='bbox 1836 1488 1960 1529; x_wconf 91' lang='lat' dir='ltr'><strong>cum</strong></span> <span class='ocrx_word' id='word_1_329' title='bbox 1989 1487 2192 1541; x_wconf 91' lang='lat' dir='ltr'><strong>paucos</strong></span> <span class='ocrx_word' id='word_1_330' title='bbox 2221 1473 2513 1529; x_wconf 89' lang='lat' dir='ltr'><strong>admodum</strong></span> <span class='ocrx_word' id='word_1_331' title='bbox 2542 1473 2728 1545; x_wconf 83' lang='lat' dir='ltr'><strong>gaudii</strong></span> <span class='ocrx_word' id='word_1_332' title='bbox 2760 1481 3064 1544; x_wconf 81' lang='lat' dir='ltr'><strong>compotes,</strong></span> <span class='ocrx_word' id='word_1_333' title='bbox 3100 1483 3211 1528; x_wconf 90' lang='lat' dir='ltr'><strong>tum</strong></span> <span class='ocrx_word' id='word_1_334' title='bbox 3242 1472 3426 1542; x_wconf 86' lang='lat' dir='ltr'><strong>plures</strong></span> 
     </span>
    </p>
   </div>
   <div class='ocr_carea' id='block_1_45' title="bbox 1839 1565 3425 1638">
    <p class='ocr_par' dir='ltr' id='par_1_45' title="bbox 1839 1565 3425 1638">
     <span class='ocr_line' id='line_1_45' title="bbox 1839 1565 3425 1638; baseline -0.001 -18"><span class='ocrx_word' id='word_1_335' title='bbox 1839 1565 1998 1638; x_wconf 84' lang='lat' dir='ltr'><strong>longe</strong></span> <span class='ocrx_word' id='word_1_336' title='bbox 2033 1566 2216 1622; x_wconf 83' lang='lat' dir='ltr'><strong>tristes</strong></span> <span class='ocrx_word' id='word_1_337' title='bbox 2243 1567 2521 1638; x_wconf 88' lang='lat' dir='ltr'><strong>animique</strong></span> <span class='ocrx_word' id='word_1_338' title='bbox 2548 1582 2723 1638; x_wconf 77' lang='lat' dir='ltr'><strong>aegros</strong></span> <span class='ocrx_word' id='word_1_339' title='bbox 2759 1567 2943 1633; x_wconf 88' lang='lat' dir='ltr'><strong>video,</strong></span> <span class='ocrx_word' id='word_1_340' title='bbox 2975 1582 3281 1637; x_wconf 83' lang='lat' dir='ltr'><strong>quanquam</strong></span> <span class='ocrx_word' id='word_1_341' title='bbox 3306 1566 3425 1620; x_wconf 74' lang='lat' dir='ltr'><strong>lzeta</strong></span> 
     </span>
    </p>
   </div>
   <div class='ocr_carea' id='block_1_46' title="bbox 1842 1657 3424 1730">
    <p class='ocr_par' dir='ltr' id='par_1_46' title="bbox 1842 1657 3424 1730">
     <span class='ocr_line' id='line_1_46' title="bbox 1842 1657 3424 1730; baseline -0.001 -17"><span class='ocrx_word' id='word_1_342' title='bbox 1842 1672 2153 1729; x_wconf 90' lang='lat' dir='ltr'><strong>serenaque</strong></span> <span class='ocrx_word' id='word_1_343' title='bbox 2182 1658 2365 1714; x_wconf 86' lang='lat' dir='ltr'><strong>fronte</strong></span> <span class='ocrx_word' id='word_1_344' title='bbox 2386 1659 2633 1714; x_wconf 84' lang='lat' dir='ltr'><strong>dolorem</strong></span> <span class='ocrx_word' id='word_1_345' title='bbox 2667 1667 2856 1730; x_wconf 87' lang='lat' dir='ltr'><strong>tegunt</strong></span> <span class='ocrx_word' id='word_1_346' title='bbox 2887 1667 3051 1727; x_wconf 90' lang='lat' dir='ltr'><strong>atque</strong></span> <span class='ocrx_word' id='word_1_347' title='bbox 3081 1657 3424 1713; x_wconf 87' lang='lat' dir='ltr'><strong>obumbrant:</strong></span> 
     </span>
    </p>
   </div>
   <div class='ocr_carea' id='block_1_47' title="bbox 1840 1747 3523 1821">
    <p class='ocr_par' dir='ltr' id='par_1_47' title="bbox 1840 1747 3523 1821">
     <span class='ocr_line' id='line_1_47' title="bbox 1840 1747 3523 1821; baseline -0.001 -17"><span class='ocrx_word' id='word_1_348' title='bbox 1840 1748 2027 1805; x_wconf 84' lang='lat' dir='ltr'><strong>omnia</strong></span> <span class='ocrx_word' id='word_1_349' title='bbox 2056 1749 2293 1821; x_wconf 89' lang='lat' dir='ltr'><strong>denique</strong></span> <span class='ocrx_word' id='word_1_350' title='bbox 2315 1750 2543 1821; x_wconf 82' lang='lat' dir='ltr'><strong>strepitu</strong></span> <span class='ocrx_word' id='word_1_351' title='bbox 2571 1749 2733 1819; x_wconf 87' lang='lat' dir='ltr'><strong>plena</strong></span> <span class='ocrx_word' id='word_1_352' title='bbox 2784 1765 2849 1805; x_wconf 90' lang='lat' dir='ltr'><strong>ac</strong></span> <span class='ocrx_word' id='word_1_353' title='bbox 2902 1749 3158 1812; x_wconf 87' lang='lat' dir='ltr'><strong>tumultu,</strong></span> <span class='ocrx_word' id='word_1_354' title='bbox 3190 1747 3430 1803; x_wconf 85' lang='lat' dir='ltr'><strong>turbam-</strong></span> <span class='ocrx_word' id='word_1_355' title='bbox 3512 1788 3523 1803; x_wconf 84' lang='grc'><strong>.</strong></span> 
     </span>
    </p>
   </div>
   <div class='ocr_carea' id='block_1_48' title="bbox 1841 1842 2912 1912">
    <p class='ocr_par' dir='ltr' id='par_1_48' title="bbox 1841 1842 2912 1912">
     <span class='ocr_line' id='line_1_48' title="bbox 1841 1842 2912 1912; baseline 0.002 -18"><span class='ocrx_word' id='word_1_356' title='bbox 1841 1856 1948 1911; x_wconf 89' lang='lat' dir='ltr'><strong>que</strong></span> <span class='ocrx_word' id='word_1_357' title='bbox 1970 1852 2159 1898; x_wconf 90' lang='lat' dir='ltr'><strong>mutuo</strong></span> <span class='ocrx_word' id='word_1_358' title='bbox 2189 1856 2250 1895; x_wconf 91' lang='lat' dir='ltr'><strong>se</strong></span> <span class='ocrx_word' id='word_1_359' title='bbox 2292 1851 2497 1899; x_wconf 83' lang='lat' dir='ltr'><strong>temere</strong></span> <span class='ocrx_word' id='word_1_360' title='bbox 2522 1842 2912 1912; x_wconf 83' lang='lat' dir='ltr'><strong>impellentem.</strong></span> 
     </span>
    </p>
   </div>
   <div class='ocr_carea' id='block_1_49' title="bbox 1909 1931 3428 2004">
    <p class='ocr_par' dir='ltr' id='par_1_49' title="bbox 1909 1931 3428 2004">
     <span class='ocr_line' id='line_1_49' title="bbox 1909 1931 3428 2004; baseline -0.001 -16"><span class='ocrx_word' id='word_1_361' title='bbox 1909 1934 1980 1988; x_wconf 81' lang='lat' dir='ltr'><strong>At</strong></span> <span class='ocrx_word' id='word_1_362' title='bbox 2002 1944 2084 1989; x_wconf 90' lang='lat' dir='ltr'><strong>est</strong></span> <span class='ocrx_word' id='word_1_363' title='bbox 2106 1935 2233 1989; x_wconf 89' lang='lat' dir='ltr'><strong>anni</strong></span> <span class='ocrx_word' id='word_1_364' title='bbox 2249 1934 2481 1990; x_wconf 90' lang='lat' dir='ltr'><strong>ineuntis</strong></span> <span class='ocrx_word' id='word_1_365' title='bbox 2506 1934 2620 1988; x_wconf 71' lang='lat' dir='ltr'><strong>lana</strong></span> <span class='ocrx_word' id='word_1_366' title='bbox 2644 1934 2890 2004; x_wconf 64' lang='lat' dir='ltr'><strong>quardam</strong></span> <span class='ocrx_word' id='word_1_367' title='bbox 2916 1932 3240 1988; x_wconf 86' lang='lat' dir='ltr'><strong>recordatio.</strong></span> <span class='ocrx_word' id='word_1_368' title='bbox 3258 1931 3428 2000; x_wconf 85' lang='lat' dir='ltr'><strong>Quam</strong></span> 
     </span>
    </p>
   </div>
   <div class='ocr_carea' id='block_1_50' title="bbox 1840 2012 3433 2099">
    <p class='ocr_par' dir='ltr' id='par_1_50' title="bbox 1840 2012 3433 2099">
     <span class='ocr_line' id='line_1_50' title="bbox 1840 2012 3433 2099; baseline -0.003 -16"><span class='ocrx_word' id='word_1_369' title='bbox 1840 2028 1984 2089; x_wconf 70' lang='lat' dir='ltr'><strong>laeta.</strong></span> <span class='ocrx_word' id='word_1_370' title='bbox 2019 2043 2224 2099; x_wconf 63' lang='lat' dir='ltr'><strong>quarso,</strong></span> <span class='ocrx_word' id='word_1_371' title='bbox 2247 2028 2386 2084; x_wconf 90' lang='lat' dir='ltr'><strong>bone</strong></span> <span class='ocrx_word' id='word_1_372' title='bbox 2418 2027 2537 2082; x_wconf 86' lang='lat' dir='ltr'><strong>vir?</strong></span> <span class='ocrx_word' id='word_1_373' title='bbox 2563 2026 2805 2081; x_wconf 88' lang='lat' dir='ltr'><strong>Primum</strong></span> <span class='ocrx_word' id='word_1_374' title='bbox 2837 2036 2898 2081; x_wconf 90' lang='lat' dir='ltr'><strong>ut</strong></span> <span class='ocrx_word' id='word_1_375' title='bbox 2944 2012 3270 2097; x_wconf 76' lang='lat' dir='ltr'><strong>congresSus</strong></span> <span class='ocrx_word' id='word_1_376' title='bbox 3295 2022 3433 2078; x_wconf 64' lang='lat' dir='ltr'><strong>ima»</strong></span> 
     </span>
    </p>
   </div>
   <div class='ocr_carea' id='block_1_51' title="bbox 1841 2116 3430 2190">
    <p class='ocr_par' dir='ltr' id='par_1_51' title="bbox 1841 2116 3430 2190">
     <span class='ocr_line' id='line_1_51' title="bbox 1841 2116 3430 2190; baseline -0.003 -17"><span class='ocrx_word' id='word_1_377' title='bbox 1841 2120 2021 2190; x_wconf 90' lang='lat' dir='ltr'><strong>ginem</strong></span> <span class='ocrx_word' id='word_1_378' title='bbox 2051 2119 2489 2190; x_wconf 82' lang='lat' dir='ltr'><strong>cogitaverimus,</strong></span> <span class='ocrx_word' id='word_1_379' title='bbox 2514 2118 2691 2187; x_wconf 79' lang='lat' dir='ltr'><strong>qualis</strong></span> <span class='ocrx_word' id='word_1_380' title='bbox 2741 2117 2831 2173; x_wconf 86' lang='lat' dir='ltr'><strong>illa</strong></span> <span class='ocrx_word' id='word_1_381' title='bbox 2867 2133 3028 2189; x_wconf 86' lang='lat' dir='ltr'><strong>rogo;</strong></span> <span class='ocrx_word' id='word_1_382' title='bbox 3077 2129 3244 2187; x_wconf 88' lang='lat' dir='ltr'><strong>utque</strong></span> <span class='ocrx_word' id='word_1_383' title='bbox 3275 2116 3430 2186; x_wconf 76' lang='lat' dir='ltr'><strong>plena</strong></span> 
     </span>
    </p>
   </div>
   <div class='ocr_carea' id='block_1_52' title="bbox 1844 2210 3435 2284">
    <p class='ocr_par' dir='ltr' id='par_1_52' title="bbox 1844 2210 3435 2284">
     <span class='ocr_line' id='line_1_52' title="bbox 1844 2210 3435 2284; baseline -0.004 -14"><span class='ocrx_word' id='word_1_384' title='bbox 1844 2214 2191 2284; x_wconf 85' lang='lat' dir='ltr'><strong>suspicionis,</strong></span> <span class='ocrx_word' id='word_1_385' title='bbox 2219 2229 2283 2271; x_wconf 88' lang='lat' dir='ltr'><strong>ac</strong></span> <span class='ocrx_word' id='word_1_386' title='bbox 2313 2214 2534 2269; x_wconf 88' lang='lat' dir='ltr'><strong>minime</strong></span> <span class='ocrx_word' id='word_1_387' title='bbox 2578 2214 2791 2268; x_wconf 86' lang='lat' dir='ltr'><strong>amica!</strong></span> <span class='ocrx_word' id='word_1_388' title='bbox 2851 2210 3121 2267; x_wconf 86' lang='lat' dir='ltr'><strong>Salutatio</strong></span> <span class='ocrx_word' id='word_1_389' title='bbox 3164 2210 3307 2264; x_wconf 90' lang='lat' dir='ltr'><strong>tenui</strong></span> <span class='ocrx_word' id='word_1_390' title='bbox 3351 2210 3435 2264; x_wconf 84' lang='lat' dir='ltr'><strong>iu-</strong></span> 
     </span>
    </p>
   </div>
   <div class='ocr_carea' id='block_1_53' title="bbox 1844 2306 3434 2377">
    <p class='ocr_par' dir='ltr' id='par_1_53' title="bbox 1844 2306 3434 2377">
     <span class='ocr_line' id='line_1_53' title="bbox 1844 2306 3434 2377; baseline -0.002 -16"><span class='ocrx_word' id='word_1_391' title='bbox 1844 2306 2162 2377; x_wconf 87' lang='lat' dir='ltr'><strong>clinataque</strong></span> <span class='ocrx_word' id='word_1_392' title='bbox 2190 2321 2323 2363; x_wconf 89' lang='lat' dir='ltr'><strong>voce</strong></span> <span class='ocrx_word' id='word_1_393' title='bbox 2359 2306 2517 2362; x_wconf 86' lang='lat' dir='ltr'><strong>labiis</strong></span> <span class='ocrx_word' id='word_1_394' title='bbox 2544 2307 2817 2377; x_wconf 76' lang='lat' dir='ltr'><strong>profertur</strong></span> <span class='ocrx_word' id='word_1_395' title='bbox 2843 2321 2858 2372; x_wconf 89' lang='lat'><strong>;</strong></span> <span class='ocrx_word' id='word_1_396' title='bbox 2900 2306 3251 2374; x_wconf 80' lang='lat' dir='ltr'><strong>succeditque</strong></span> <span class='ocrx_word' id='word_1_397' title='bbox 3272 2318 3434 2359; x_wconf 85' lang='lat' dir='ltr'><strong>oscu-</strong></span> 
     </span>
    </p>
   </div>
   <div class='ocr_carea' id='block_1_54' title="bbox 1846 2396 3432 2477">
    <p class='ocr_par' dir='ltr' id='par_1_54' title="bbox 1846 2396 3432 2477">
     <span class='ocr_line' id='line_1_54' title="bbox 1846 2396 3432 2477; baseline -0.003 -22"><span class='ocrx_word' id='word_1_398' title='bbox 1846 2401 1953 2455; x_wconf 89' lang='lat' dir='ltr'><strong>lum</strong></span> <span class='ocrx_word' id='word_1_399' title='bbox 1982 2400 2222 2455; x_wconf 89' lang='lat' dir='ltr'><strong>muneris</strong></span> <span class='ocrx_word' id='word_1_400' title='bbox 2252 2399 2493 2477; x_wconf 84' lang='lat' dir='ltr'><strong>initium;</strong></span> <span class='ocrx_word' id='word_1_401' title='bbox 2521 2414 2583 2454; x_wconf 87' lang='lat' dir='ltr'><strong>ac</strong></span> <span class='ocrx_word' id='word_1_402' title='bbox 2616 2397 2861 2453; x_wconf 82' lang='lat' dir='ltr'><strong>suavium</strong></span> <span class='ocrx_word' id='word_1_403' title='bbox 2896 2397 3113 2467; x_wconf 85' lang='lat' dir='ltr'><strong>quidem</strong></span> <span class='ocrx_word' id='word_1_404' title='bbox 3154 2396 3432 2467; x_wconf 84' lang='lat' dir='ltr'><strong>pangitur;</strong></span> 
     </span>
    </p>
   </div>
   <div class='ocr_carea' id='block_1_55' title="bbox 1847 2486 3433 2563">
    <p class='ocr_par' dir='ltr' id='par_1_55' title="bbox 1847 2486 3433 2563">
     <span class='ocr_line' id='line_1_55' title="bbox 1847 2486 3433 2563; baseline -0.005 -15"><span class='ocrx_word' id='word_1_405' title='bbox 1847 2493 2077 2563; x_wconf 88' lang='lat' dir='ltr'><strong>pecunia</strong></span> <span class='ocrx_word' id='word_1_406' title='bbox 2131 2501 2314 2547; x_wconf 89' lang='lat' dir='ltr'><strong>autem</strong></span> <span class='ocrx_word' id='word_1_407' title='bbox 2367 2491 2683 2560; x_wconf 71' lang='lat' dir='ltr'><strong>espetitur:</strong></span> <span class='ocrx_word' id='word_1_408' title='bbox 2734 2489 3070 2556; x_wconf 88' lang='lat' dir='ltr'><strong>obtentuque</strong></span> <span class='ocrx_word' id='word_1_409' title='bbox 3129 2486 3433 2551; x_wconf 80' lang='lat' dir='ltr'><strong>cliaritatis,</strong></span> 
     </span>
    </p>
   </div>
   <div class='ocr_carea' id='block_1_56' title="bbox 1847 2578 3439 2653">
    <p class='ocr_par' dir='ltr' id='par_1_56' title="bbox 1847 2578 3439 2653">
     <span class='ocr_line' id='line_1_56' title="bbox 1847 2578 3439 2653; baseline -0.004 -13"><span class='ocrx_word' id='word_1_410' title='bbox 1847 2587 2091 2642; x_wconf 68' lang='lat' dir='ltr'><strong>avaritia:</strong></span> <span class='ocrx_word' id='word_1_411' title='bbox 2115 2585 2327 2640; x_wconf 87' lang='lat' dir='ltr'><strong>litatur.</strong></span> <span class='ocrx_word' id='word_1_412' title='bbox 2367 2583 2498 2638; x_wconf 82' lang='lat' dir='ltr'><strong>Nam</strong></span> <span class='ocrx_word' id='word_1_413' title='bbox 2534 2598 2667 2653; x_wconf 90' lang='lat' dir='ltr'><strong>pura</strong></span> <span class='ocrx_word' id='word_1_414' title='bbox 2701 2596 2765 2636; x_wconf 89' lang='lat' dir='ltr'><strong>ac</strong></span> <span class='ocrx_word' id='word_1_415' title='bbox 2794 2581 3010 2636; x_wconf 82' lang='lat' dir='ltr'><strong>sincera</strong></span> <span class='ocrx_word' id='word_1_416' title='bbox 3048 2579 3311 2644; x_wconf 81' lang='lat' dir='ltr'><strong>amicitia,</strong></span> <span class='ocrx_word' id='word_1_417' title='bbox 3335 2578 3439 2633; x_wconf 88' lang='lat' dir='ltr'><strong>hu-</strong></span> 
     </span>
    </p>
   </div>
   <div class='ocr_carea' id='block_1_57' title="bbox 1849 2668 3436 2742">
    <p class='ocr_par' dir='ltr' id='par_1_57' title="bbox 1849 2668 3436 2742">
     <span class='ocr_line' id='line_1_57' title="bbox 1849 2668 3436 2742; baseline -0.007 -8"><span class='ocrx_word' id='word_1_418' title='bbox 1849 2677 2129 2734; x_wconf 90' lang='lat' dir='ltr'><strong>manitatis</strong></span> <span class='ocrx_word' id='word_1_419' title='bbox 2160 2675 2335 2733; x_wconf 77' lang='lat' dir='ltr'><strong>ofﬁcia</strong></span> <span class='ocrx_word' id='word_1_420' title='bbox 2373 2691 2478 2730; x_wconf 93' lang='lat' dir='ltr'><strong>non</strong></span> <span class='ocrx_word' id='word_1_421' title='bbox 2512 2673 2733 2740; x_wconf 82' lang='lat' dir='ltr'><strong>vendit;</strong></span> <span class='ocrx_word' id='word_1_422' title='bbox 2787 2671 2955 2742; x_wconf 86' lang='lat' dir='ltr'><strong>gratis</strong></span> <span class='ocrx_word' id='word_1_423' title='bbox 2978 2679 3279 2741; x_wconf 68' lang='lat' dir='ltr'><strong>praestatac</strong></span> <span class='ocrx_word' id='word_1_424' title='bbox 3300 2668 3436 2723; x_wconf 87' lang='lat' dir='ltr'><strong>citra</strong></span> 
     </span>
    </p>
   </div>
   <div class='ocr_carea' id='block_1_58' title="bbox 1850 2762 3439 2835">
    <p class='ocr_par' dir='ltr' id='par_1_58' title="bbox 1850 2762 3439 2835">
     <span class='ocr_line' id='line_1_58' title="bbox 1850 2762 3439 2835; baseline -0.009 -6"><span class='ocrx_word' id='word_1_425' title='bbox 1850 2771 2180 2829; x_wconf 88' lang='lat' dir='ltr'><strong>mercedem.</strong></span> <span class='ocrx_word' id='word_1_426' title='bbox 2209 2767 2610 2834; x_wconf 79' lang='lat' dir='ltr'><strong>Circumfertur</strong></span> <span class='ocrx_word' id='word_1_427' title='bbox 2650 2766 2832 2833; x_wconf 84' lang='lat' dir='ltr'><strong>itaque</strong></span> <span class='ocrx_word' id='word_1_428' title='bbox 2875 2764 3077 2835; x_wconf 80' lang='lat' dir='ltr'><strong>passim</strong></span> <span class='ocrx_word' id='word_1_429' title='bbox 3111 2777 3175 2817; x_wconf 90' lang='lat' dir='ltr'><strong>ac</strong></span> <span class='ocrx_word' id='word_1_430' title='bbox 3206 2762 3439 2817; x_wconf 87' lang='lat' dir='ltr'><strong>donatur</strong></span> 
     </span>
    </p>
   </div>
   <div class='ocr_carea' id='block_1_59' title="bbox 1849 2851 3438 2933">
    <p class='ocr_par' dir='ltr' id='par_1_59' title="bbox 1849 2851 3438 2933">
     <span class='ocr_line' id='line_1_59' title="bbox 1849 2851 3438 2933; baseline -0.009 -14"><span class='ocrx_word' id='word_1_431' title='bbox 1849 2864 1967 2919; x_wconf 91' lang='lat' dir='ltr'><strong>auri</strong></span> <span class='ocrx_word' id='word_1_432' title='bbox 2007 2876 2203 2933; x_wconf 85' lang='lat' dir='ltr'><strong>magna</strong></span> <span class='ocrx_word' id='word_1_433' title='bbox 2237 2860 2424 2930; x_wconf 79' lang='lat' dir='ltr'><strong>capia;</strong></span> <span class='ocrx_word' id='word_1_434' title='bbox 2488 2856 2633 2913; x_wconf 91' lang='lat' dir='ltr'><strong>nullo</strong></span> <span class='ocrx_word' id='word_1_435' title='bbox 2689 2865 2869 2910; x_wconf 89' lang='lat' dir='ltr'><strong>tamen</strong></span> <span class='ocrx_word' id='word_1_436' title='bbox 2921 2853 3072 2924; x_wconf 87' lang='lat' dir='ltr'><strong>justo</strong></span> <span class='ocrx_word' id='word_1_437' title='bbox 3124 2853 3303 2920; x_wconf 86' lang='lat' dir='ltr'><strong>aliquo</strong></span> <span class='ocrx_word' id='word_1_438' title='bbox 3353 2851 3438 2906; x_wconf 91' lang='lat' dir='ltr'><strong>vel</strong></span> 
     </span>
    </p>
   </div>
   <div class='ocr_carea' id='block_1_60' title="bbox 1850 2945 3437 3029">
    <p class='ocr_par' dir='ltr' id='par_1_60' title="bbox 1850 2945 3437 3029">
     <span class='ocr_line' id='line_1_60' title="bbox 1850 2945 3437 3029; baseline -0.009 -16"><span class='ocrx_word' id='word_1_439' title='bbox 1850 2956 2099 3029; x_wconf 84' lang='lat' dir='ltr'><strong>specioso</strong></span> <span class='ocrx_word' id='word_1_440' title='bbox 2130 2952 2441 3010; x_wconf 87' lang='lat' dir='ltr'><strong>donationis</strong></span> <span class='ocrx_word' id='word_1_441' title='bbox 2471 2950 2629 3005; x_wconf 87' lang='lat' dir='ltr'><strong>titulo</strong></span> <span class='ocrx_word' id='word_1_442' title='bbox 2659 2963 2723 3004; x_wconf 89' lang='lat' dir='ltr'><strong>ac</strong></span> <span class='ocrx_word' id='word_1_443' title='bbox 2771 2956 3058 3019; x_wconf 75' lang='lat' dir='ltr'><strong>praetextu.</strong></span> <span class='ocrx_word' id='word_1_444' title='bbox 3093 2945 3303 3014; x_wconf 64' lang='lat' dir='ltr'><strong>Nuptiae</strong></span> <span class='ocrx_word' id='word_1_445' title='bbox 3329 2960 3437 3000; x_wconf 90' lang='lat' dir='ltr'><strong>non</strong></span> 
     </span>
    </p>
   </div>
   <div class='ocr_carea' id='block_1_61' title="bbox 1850 3039 3440 3118">
    <p class='ocr_par' dir='ltr' id='par_1_61' title="bbox 1850 3039 3440 3118">
     <span class='ocr_line' id='line_1_61' title="bbox 1850 3039 3440 3118; baseline -0.009 -12"><span class='ocrx_word' id='word_1_446' title='bbox 1850 3059 2003 3115; x_wconf 84' lang='lat' dir='ltr'><strong>sunt,</strong></span> <span class='ocrx_word' id='word_1_447' title='bbox 2037 3064 2141 3105; x_wconf 89' lang='lat' dir='ltr'><strong>nec</strong></span> <span class='ocrx_word' id='word_1_448' title='bbox 2198 3044 2563 3118; x_wconf 88' lang='lat' dir='ltr'><strong>superbientis</strong></span> <span class='ocrx_word' id='word_1_449' title='bbox 2611 3042 2964 3098; x_wconf 87' lang='lat' dir='ltr'><strong>ambitionem</strong></span> <span class='ocrx_word' id='word_1_450' title='bbox 3014 3039 3200 3108; x_wconf 87' lang='lat' dir='ltr'><strong>sponsi</strong></span> <span class='ocrx_word' id='word_1_451' title='bbox 3242 3050 3440 3092; x_wconf 85' lang='lat' dir='ltr'><strong>vocare</strong></span> 
     </span>
    </p>
   </div>
   <div class='ocr_carea' id='block_1_62' title="bbox 1852 3126 3511 3215">
    <p class='ocr_par' dir='ltr' id='par_1_62' title="bbox 1852 3126 3511 3215">
     <span class='ocr_line' id='line_1_62' title="bbox 1852 3126 3511 3215; baseline -0.01 -16"><span class='ocrx_word' id='word_1_452' title='bbox 1852 3153 2030 3215; x_wconf 89' lang='lat' dir='ltr'><strong>potes.</strong></span> <span class='ocrx_word' id='word_1_453' title='bbox 2067 3139 2179 3196; x_wconf 88' lang='lat' dir='ltr'><strong>Nec</strong></span> <span class='ocrx_word' id='word_1_454' title='bbox 2202 3148 2286 3195; x_wconf 88' lang='lat' dir='ltr'><strong>est</strong></span> <span class='ocrx_word' id='word_1_455' title='bbox 2332 3138 2476 3194; x_wconf 91' lang='lat' dir='ltr'><strong>idem</strong></span> <span class='ocrx_word' id='word_1_456' title='bbox 2511 3135 2655 3206; x_wconf 83' lang='lat' dir='ltr'><strong>quod</strong></span> <span class='ocrx_word' id='word_1_457' title='bbox 2710 3130 3112 3205; x_wconf 77' lang='lat' dir='ltr'><strong>eleemosyuam</strong></span> <span class='ocrx_word' id='word_1_458' title='bbox 3163 3126 3449 3199; x_wconf 60' lang='lat' dir='ltr'><strong>sumptum</strong></span> <span class='ocrx_word' id='word_1_459' title='bbox 3501 3130 3511 3139; x_wconf 84' lang='lat'><strong><em>‘</em></strong></span> 
     </span>
    </p>
   </div>
   <div class='ocr_carea' id='block_1_63' title="bbox 180 3223 1745 3303">
    <p class='ocr_par' dir='ltr' id='par_1_63' title="bbox 180 3223 1745 3300">
     <span class='ocr_line' id='line_1_63' title="bbox 180 3223 1745 3300; baseline 0.004 -21"><span class='ocrx_word' id='word_1_460' title='bbox 180 3223 327 3297; x_wconf 75' lang='grc' dir='ltr'>πένης</span> <span class='ocrx_word' id='word_1_461' title='bbox 376 3226 606 3297; x_wconf 85' lang='grc' dir='ltr'>ἀφίεται</span> <span class='ocrx_word' id='word_1_462' title='bbox 653 3228 963 3299; x_wconf 79' lang='grc' dir='ltr'>συμφορᾶς.</span> <span class='ocrx_word' id='word_1_463' title='bbox 1008 3226 1374 3300; x_wconf 86' lang='grc' dir='ltr'>Συνάλλαγμα</span> <span class='ocrx_word' id='word_1_464' title='bbox 1414 3230 1513 3283; x_wconf 82' lang='grc' dir='ltr'>οὐκ</span> <span class='ocrx_word' id='word_1_465' title='bbox 1556 3229 1622 3285; x_wconf 80' lang='grc' dir='ltr'>ἄν</span> <span class='ocrx_word' id='word_1_466' title='bbox 1667 3249 1745 3297; x_wconf 87' lang='grc' dir='ltr'><strong>τις</strong></span> 
     </span>
    </p>
   </div>
   <div class='ocr_carea' id='block_1_64' title="bbox 1852 3223 3441 3303">
    <p class='ocr_par' dir='ltr' id='par_1_64' title="bbox 1860 3224 3441 3303">
     <span class='ocr_line' id='line_1_64' title="bbox 1860 3224 3441 3303; baseline -0.011 -12"><span class='ocrx_word' id='word_1_467' title='bbox 1860 3236 2009 3292; x_wconf 88' lang='lat' dir='ltr'><strong>illum</strong></span> <span class='ocrx_word' id='word_1_468' title='bbox 2045 3232 2399 3303; x_wconf 86' lang='lat' dir='ltr'><strong>appellemus,</strong></span> <span class='ocrx_word' id='word_1_469' title='bbox 2428 3229 2572 3283; x_wconf 90' lang='lat' dir='ltr'><strong>unde</strong></span> <span class='ocrx_word' id='word_1_470' title='bbox 2603 3226 2811 3282; x_wconf 92' lang='lat' dir='ltr'><strong>nullum</strong></span> <span class='ocrx_word' id='word_1_471' title='bbox 2843 3224 3169 3296; x_wconf 84' lang='lat' dir='ltr'><strong>pauperibus</strong></span> <span class='ocrx_word' id='word_1_472' title='bbox 3195 3235 3441 3276; x_wconf 75' lang='lat' dir='ltr'><strong>commo~</strong></span> 
     </span>
    </p>
   </div>
   <div class='ocr_carea' id='block_1_65' title="bbox 180 3316 1745 3392">
    <p class='ocr_par' dir='ltr' id='par_1_65' title="bbox 180 3316 1745 3392">
     <span class='ocr_line' id='line_1_65' title="bbox 180 3316 1745 3392; baseline 0.002 -22"><span class='ocrx_word' id='word_1_473' title='bbox 180 3316 435 3372; x_wconf 77' lang='grc' dir='ltr'>καλέσειεν</span> <span class='ocrx_word' id='word_1_474' title='bbox 465 3317 533 3371; x_wconf 80' lang='grc' dir='ltr'>τὸ</span> <span class='ocrx_word' id='word_1_475' title='bbox 559 3318 881 3389; x_wconf 88' lang='grc' dir='ltr'>γινόμενον·</span> <span class='ocrx_word' id='word_1_476' title='bbox 914 3317 1068 3371; x_wconf 79' lang='grc' dir='ltr'>οὐδὲν</span> <span class='ocrx_word' id='word_1_477' title='bbox 1099 3317 1210 3390; x_wconf 88' lang='grc' dir='ltr'>γὰρ</span> <span class='ocrx_word' id='word_1_478' title='bbox 1237 3318 1578 3390; x_wconf 82' lang='grc' dir='ltr'>διαμείϐουσι</span> <span class='ocrx_word' id='word_1_479' title='bbox 1606 3320 1745 3392; x_wconf 75' lang='grc' dir='ltr'>πρὸς</span> 
     </span>
    </p>
   </div>
   <div class='ocr_carea' id='block_1_66' title="bbox 179 3406 1746 3484">
    <p class='ocr_par' dir='ltr' id='par_1_66' title="bbox 179 3406 1746 3484">
     <span class='ocr_line' id='line_1_66' title="bbox 179 3406 1746 3484; baseline 0.003 -24"><span class='ocrx_word' id='word_1_480' title='bbox 179 3406 414 3478; x_wconf 77' lang='grc' dir='ltr'>ἀλλήλους</span> <span class='ocrx_word' id='word_1_481' title='bbox 442 3408 510 3463; x_wconf 85' lang='grc' dir='ltr'><strong>τὺ</strong></span> <span class='ocrx_word' id='word_1_482' title='bbox 540 3407 768 3479; x_wconf 78' lang='grc' dir='ltr'>πλῆθος.</span> <span class='ocrx_word' id='word_1_483' title='bbox 811 3407 1032 3481; x_wconf 84' lang='grc' dir='ltr'>Δωρεάν</span> <span class='ocrx_word' id='word_1_484' title='bbox 1069 3408 1127 3463; x_wconf 81' lang='grc' dir='ltr'>δὲ</span> <span class='ocrx_word' id='word_1_485' title='bbox 1171 3410 1365 3475; x_wconf 77' lang='grc' dir='ltr'>εἰπεῖν,</span> <span class='ocrx_word' id='word_1_486' title='bbox 1410 3410 1533 3464; x_wconf 74' lang='grc' dir='ltr'>οὐδὲ</span> <span class='ocrx_word' id='word_1_487' title='bbox 1582 3411 1746 3484; x_wconf 85' lang='grc' dir='ltr'>μέχρι</span> 
     </span>
    </p>
   </div>
   <div class='ocr_carea' id='block_1_67' title="bbox 179 3498 1748 3575">
    <p class='ocr_par' dir='ltr' id='par_1_67' title="bbox 179 3498 1748 3575">
     <span class='ocr_line' id='line_1_67' title="bbox 179 3498 1748 3575; baseline 0.003 -23"><span class='ocrx_word' id='word_1_488' title='bbox 179 3498 283 3553; x_wconf 78' lang='grc' dir='ltr'>ὅτου</span> <span class='ocrx_word' id='word_1_489' title='bbox 306 3500 537 3567; x_wconf 85' lang='grc' dir='ltr'>δίκαιον,</span> <span class='ocrx_word' id='word_1_490' title='bbox 573 3500 703 3555; x_wconf 74' lang='grc' dir='ltr'>ἔνθα</span> <span class='ocrx_word' id='word_1_491' title='bbox 736 3501 1092 3566; x_wconf 75' lang='grc' dir='ltr'>συνέζευκται</span> <span class='ocrx_word' id='word_1_492' title='bbox 1125 3501 1340 3574; x_wconf 80' lang='grc' dir='ltr'>ἀνάγκη</span> <span class='ocrx_word' id='word_1_493' title='bbox 1379 3505 1446 3575; x_wconf 82' lang='grc' dir='ltr'>τῇ</span> <span class='ocrx_word' id='word_1_494' title='bbox 1475 3501 1639 3558; x_wconf 84' lang='grc' dir='ltr'>δόσει.</span> <span class='ocrx_word' id='word_1_495' title='bbox 1678 3501 1748 3556; x_wconf 87' lang='grc' dir='ltr'>Τί</span> 
     </span>
    </p>
   </div>
   <div class='ocr_carea' id='block_1_68' title="bbox 182 3593 1743 3671">
    <p class='ocr_par' dir='ltr' id='par_1_68' title="bbox 182 3593 1743 3671">
     <span class='ocr_line' id='line_1_68' title="bbox 182 3593 1743 3671; baseline 0.003 -24"><span class='ocrx_word' id='word_1_496' title='bbox 182 3593 362 3658; x_wconf 85' lang='grc' dir='ltr'>τοίνυν,</span> <span class='ocrx_word' id='word_1_497' title='bbox 395 3596 431 3669; x_wconf 81' lang='grc' dir='ltr'>ἢ</span> <span class='ocrx_word' id='word_1_498' title='bbox 456 3596 564 3669; x_wconf 80' lang='grc' dir='ltr'>τὴν</span> <span class='ocrx_word' id='word_1_499' title='bbox 599 3596 797 3668; x_wconf 76' lang='grc' dir='ltr'>ἑορτὴν</span> <span class='ocrx_word' id='word_1_500' title='bbox 828 3594 1175 3667; x_wconf 85' lang='grc' dir='ltr'>καλέσωμεν,</span> <span class='ocrx_word' id='word_1_501' title='bbox 1203 3595 1237 3668; x_wconf 80' lang='grc' dir='ltr'>ἢ</span> <span class='ocrx_word' id='word_1_502' title='bbox 1270 3595 1341 3650; x_wconf 86' lang='grc' dir='ltr'><strong>τὰ</strong></span> <span class='ocrx_word' id='word_1_503' title='bbox 1371 3598 1428 3651; x_wconf 80' lang='grc' dir='ltr'>ὲν</span> <span class='ocrx_word' id='word_1_504' title='bbox 1454 3596 1630 3671; x_wconf 83' lang='grc' dir='ltr'>ταύτῃ</span> <span class='ocrx_word' id='word_1_505' title='bbox 1655 3597 1743 3652; x_wconf 88' lang='grc' dir='ltr'>δα-</span> 
     </span>
    </p>
   </div>
   <div class='ocr_carea' id='block_1_69' title="bbox 185 3687 1751 3763">
    <p class='ocr_par' dir='ltr' id='par_1_69' title="bbox 185 3687 1751 3763">
     <span class='ocr_line' id='line_1_69' title="bbox 185 3687 1751 3763; baseline 0.002 -22"><span class='ocrx_word' id='word_1_506' title='bbox 185 3687 495 3759; x_wconf 74' lang='grc' dir='ltr'>πανώμενας</span> <span class='ocrx_word' id='word_1_507' title='bbox 546 3688 695 3759; x_wconf 83' lang='grc' dir='ltr'>Ἐγὼ</span> <span class='ocrx_word' id='word_1_508' title='bbox 739 3689 839 3761; x_wconf 77' lang='grc' dir='ltr'>μὲν</span> <span class='ocrx_word' id='word_1_509' title='bbox 877 3688 977 3760; x_wconf 77' lang='grc' dir='ltr'>οὐχ</span> <span class='ocrx_word' id='word_1_510' title='bbox 1013 3689 1275 3763; x_wconf 84' lang='grc' dir='ltr'>εὑρίσκω.</span> <span class='ocrx_word' id='word_1_511' title='bbox 1309 3689 1517 3745; x_wconf 74' lang='grc' dir='ltr'>Εἴπατε</span> <span class='ocrx_word' id='word_1_512' title='bbox 1558 3690 1650 3756; x_wconf 84' lang='grc' dir='ltr'>δὲ,</span> <span class='ocrx_word' id='word_1_513' title='bbox 1699 3690 1751 3745; x_wconf 78' lang='lat' dir='ltr'><strong>oi</strong></span> 
     </span>
    </p>
   </div>
   <div class='ocr_carea' id='block_1_70' title="bbox 184 3779 1750 3855">
    <p class='ocr_par' dir='ltr' id='par_1_70' title="bbox 184 3779 1750 3855">
     <span class='ocr_line' id='line_1_70' title="bbox 184 3779 1750 3855; baseline 0.003 -24"><span class='ocrx_word' id='word_1_514' title='bbox 184 3780 294 3851; x_wconf 79' lang='grc' dir='ltr'>περὶ</span> <span class='ocrx_word' id='word_1_515' title='bbox 317 3781 485 3855; x_wconf 75' lang='grc' dir='ltr'>αὐτὴν</span> <span class='ocrx_word' id='word_1_516' title='bbox 507 3780 908 3844; x_wconf 77' lang='grc' dir='ltr'>ἐσπουδακότες</span> <span class='ocrx_word' id='word_1_517' title='bbox 926 3797 940 3811; x_wconf 88' lang='grc'><strong>·</strong></span> <span class='ocrx_word' id='word_1_518' title='bbox 970 3780 1090 3835; x_wconf 87' lang='grc' dir='ltr'>δότε</span> <span class='ocrx_word' id='word_1_519' title='bbox 1115 3779 1298 3851; x_wconf 90' lang='grc' dir='ltr'>λόγον,</span> <span class='ocrx_word' id='word_1_520' title='bbox 1318 3781 1396 3846; x_wconf 87' lang='grc' dir='ltr'>ὡς</span> <span class='ocrx_word' id='word_1_521' title='bbox 1424 3783 1609 3853; x_wconf 77' lang='grc' dir='ltr'>ἡμεῖς,</span> <span class='ocrx_word' id='word_1_522' title='bbox 1639 3781 1750 3836; x_wconf 86' lang='grc' dir='ltr'><strong>τῶν</strong></span> 
     </span>
    </p>
   </div>
   <div class='ocr_carea' id='block_1_71' title="bbox 183 3865 1749 3943">
    <p class='ocr_par' dir='ltr' id='par_1_71' title="bbox 183 3865 1749 3943">
     <span class='ocr_line' id='line_1_71' title="bbox 183 3865 1749 3943; baseline 0.006 -25"><span class='ocrx_word' id='word_1_523' title='bbox 183 3865 426 3938; x_wconf 77' lang='grc' dir='ltr'>ἀληθινῶν</span> <span class='ocrx_word' id='word_1_524' title='bbox 482 3870 586 3925; x_wconf 77' lang='grc' dir='ltr'>καὶ</span> <span class='ocrx_word' id='word_1_525' title='bbox 647 3870 793 3924; x_wconf 85' lang='grc' dir='ltr'>κατὰ</span> <span class='ocrx_word' id='word_1_526' title='bbox 842 3869 978 3924; x_wconf 82' lang='grc' dir='ltr'>Θεὸν</span> <span class='ocrx_word' id='word_1_527' title='bbox 1041 3870 1426 3943; x_wconf 86' lang='grc' dir='ltr'>πανηγύρεων.</span> <span class='ocrx_word' id='word_1_528' title='bbox 1467 3872 1749 3928; x_wconf 85' lang='grc' dir='ltr'>Γενέθλιον</span> 
     </span>
    </p>
   </div>
   <div class='ocr_carea' id='block_1_72' title="bbox 184 3959 1749 4036">
    <p class='ocr_par' dir='ltr' id='par_1_72' title="bbox 184 3959 1749 4036">
     <span class='ocr_line' id='line_1_72' title="bbox 184 3959 1749 4036; baseline 0.006 -26"><span class='ocrx_word' id='word_1_529' title='bbox 184 3959 508 4034; x_wconf 72' lang='grc' dir='ltr'>ἑορτάζομεν,</span> <span class='ocrx_word' id='word_1_530' title='bbox 531 3962 725 4035; x_wconf 69' lang='grc' dir='ltr'>ἐπειδὴ</span> <span class='ocrx_word' id='word_1_531' title='bbox 748 3963 818 4017; x_wconf 80' lang='grc' dir='ltr'><strong>τὰ</strong></span> <span class='ocrx_word' id='word_1_532' title='bbox 837 3962 898 4017; x_wconf 76' lang='grc' dir='ltr'>ὲν</span> <span class='ocrx_word' id='word_1_533' title='bbox 915 3965 1082 4036; x_wconf 54' lang='grc' dir='ltr'><strong>σαρκὶ⁸</strong></span> <span class='ocrx_word' id='word_1_534' title='bbox 1103 3964 1376 4035; x_wconf 82' lang='grc' dir='ltr'>Θεοφάνια</span> <span class='ocrx_word' id='word_1_535' title='bbox 1400 3964 1543 4020; x_wconf 87' lang='grc' dir='ltr'><strong>κατά</strong></span> <span class='ocrx_word' id='word_1_536' title='bbox 1558 3964 1749 4021; x_wconf 91' lang='grc' dir='ltr'>τοῦτον</span> 
     </span>
    </p>
   </div>
   <div class='ocr_carea' id='block_1_73' title="bbox 186 4052 1750 4132">
    <p class='ocr_par' dir='ltr' id='par_1_73' title="bbox 186 4052 1750 4132">
     <span class='ocr_line' id='line_1_73' title="bbox 186 4052 1750 4132; baseline 0.006 -28"><span class='ocrx_word' id='word_1_537' title='bbox 186 4052 258 4104; x_wconf 69' lang='grc' dir='ltr'><strong>τὸν</strong></span> <span class='ocrx_word' id='word_1_538' title='bbox 288 4056 473 4127; x_wconf 87' lang='grc' dir='ltr'>χρόνον</span> <span class='ocrx_word' id='word_1_539' title='bbox 526 4055 735 4124; x_wconf 70' lang='grc' dir='ltr'>ἔδειξεν</span> <span class='ocrx_word' id='word_1_540' title='bbox 783 4057 816 4128; x_wconf 81' lang='grc' dir='ltr'><strong>ἡ</strong></span> <span class='ocrx_word' id='word_1_541' title='bbox 827 4058 917 4128; x_wconf 84' lang='grc' dir='ltr'><strong>μίν</strong></span> <span class='ocrx_word' id='word_1_542' title='bbox 955 4058 985 4111; x_wconf 86' lang='grc' dir='ltr'><strong>ό</strong></span> <span class='ocrx_word' id='word_1_543' title='bbox 1027 4056 1182 4123; x_wconf 87' lang='grc' dir='ltr'>Θεός.</span> <span class='ocrx_word' id='word_1_544' title='bbox 1232 4058 1391 4112; x_wconf 81' lang='grc' dir='ltr'>Φῶτα</span> <span class='ocrx_word' id='word_1_545' title='bbox 1441 4060 1750 4132; x_wconf 81' lang='grc' dir='ltr'>πανήγυριν</span> 
     </span>
    </p>
   </div>
   <div class='ocr_carea' id='block_1_74' title="bbox 185 4144 1755 4223">
    <p class='ocr_par' dir='ltr' id='par_1_74' title="bbox 185 4144 1755 4223">
     <span class='ocr_line' id='line_1_74' title="bbox 185 4144 1755 4223; baseline 0.007 -26"><span class='ocrx_word' id='word_1_546' title='bbox 185 4144 379 4218; x_wconf 72' lang='grc' dir='ltr'>ἄγομεν,</span> <span class='ocrx_word' id='word_1_547' title='bbox 409 4150 603 4222; x_wconf 75' lang='grc' dir='ltr'>ἐπειδὴ</span> <span class='ocrx_word' id='word_1_548' title='bbox 629 4152 697 4223; x_wconf 77' lang='grc' dir='ltr'>τῇ</span> <span class='ocrx_word' id='word_1_549' title='bbox 721 4150 832 4205; x_wconf 82' lang='grc' dir='ltr'><strong>τῶν</strong></span> <span class='ocrx_word' id='word_1_550' title='bbox 858 4151 1275 4222; x_wconf 81' lang='grc' dir='ltr'>ἁμαρτημάτων</span> <span class='ocrx_word' id='word_1_551' title='bbox 1297 4151 1514 4222; x_wconf 82' lang='grc' dir='ltr'>ἀφέσει,</span> <span class='ocrx_word' id='word_1_552' title='bbox 1542 4148 1655 4207; x_wconf 71' lang='grc' dir='ltr'>οἷον</span> <span class='ocrx_word' id='word_1_553' title='bbox 1688 4154 1755 4208; x_wconf 82' lang='grc' dir='ltr'>ὲκ</span> 
     </span>
    </p>
   </div>
   <div class='ocr_carea' id='block_1_75' title="bbox 186 4242 1755 4318">
    <p class='ocr_par' dir='ltr' id='par_1_75' title="bbox 186 4242 1755 4318">
     <span class='ocr_line' id='line_1_75' title="bbox 186 4242 1755 4318; baseline 0.004 -25"><span class='ocrx_word' id='word_1_554' title='bbox 186 4242 437 4297; x_wconf 79' lang='grc' dir='ltr'>σκοτεινοῦ</span> <span class='ocrx_word' id='word_1_555' title='bbox 464 4260 619 4307; x_wconf 85' lang='grc' dir='ltr'>τινος</span> <span class='ocrx_word' id='word_1_556' title='bbox 640 4243 1021 4317; x_wconf 82' lang='grc' dir='ltr'>δεσμωτηρίου</span> <span class='ocrx_word' id='word_1_557' title='bbox 1045 4243 1142 4298; x_wconf 88' lang='grc' dir='ltr'><strong>τοῦ</strong></span> <span class='ocrx_word' id='word_1_558' title='bbox 1168 4245 1436 4318; x_wconf 86' lang='grc' dir='ltr'>προτέρου</span> <span class='ocrx_word' id='word_1_559' title='bbox 1454 4244 1591 4315; x_wconf 86' lang='grc' dir='ltr'>βίου,</span> <span class='ocrx_word' id='word_1_560' title='bbox 1617 4247 1755 4318; x_wconf 80' lang='grc' dir='ltr'>πρὸς</span> 
     </span>
    </p>
   </div>
   <div class='ocr_carea' id='block_1_76' title="bbox 185 4334 1757 4411">
    <p class='ocr_par' dir='ltr' id='par_1_76' title="bbox 185 4334 1757 4411">
     <span class='ocr_line' id='line_1_76' title="bbox 185 4334 1757 4411; baseline 0.006 -26"><span class='ocrx_word' id='word_1_561' title='bbox 185 4334 260 4387; x_wconf 66' lang='grc' dir='ltr'><strong>τὸν</strong></span> <span class='ocrx_word' id='word_1_562' title='bbox 283 4339 540 4407; x_wconf 81' lang='grc' dir='ltr'>φωτεινὸν</span> <span class='ocrx_word' id='word_1_563' title='bbox 574 4338 672 4393; x_wconf 74' lang='grc' dir='ltr'>καὶ</span> <span class='ocrx_word' id='word_1_564' title='bbox 700 4338 999 4394; x_wconf 87' lang='grc' dir='ltr'>ἀνεύθυνον</span> <span class='ocrx_word' id='word_1_565' title='bbox 1025 4339 1363 4411; x_wconf 78' lang='grc' dir='ltr'>ἀναγόμεθα.</span> <span class='ocrx_word' id='word_1_566' title='bbox 1398 4339 1757 4406; x_wconf 81' lang='grc' dir='ltr'>Καλλωπιζό-</span> 
     </span>
    </p>
   </div>
   <div class='ocr_carea' id='block_1_77' title="bbox 191 4429 1756 4508">
    <p class='ocr_par' dir='ltr' id='par_1_77' title="bbox 191 4429 1756 4508">
     <span class='ocr_line' id='line_1_77' title="bbox 191 4429 1756 4508; baseline 0.01 -26"><span class='ocrx_word' id='word_1_567' title='bbox 191 4429 305 4498; x_wconf 80' lang='grc' dir='ltr'>μεθα</span> <span class='ocrx_word' id='word_1_568' title='bbox 334 4433 516 4499; x_wconf 88' lang='grc' dir='ltr'>πάλιν,</span> <span class='ocrx_word' id='word_1_569' title='bbox 550 4432 646 4487; x_wconf 75' lang='grc' dir='ltr'><strong>καὶ</strong></span> <span class='ocrx_word' id='word_1_570' title='bbox 686 4433 972 4505; x_wconf 86' lang='grc' dir='ltr'>χαίροντες</span> <span class='ocrx_word' id='word_1_571' title='bbox 1013 4433 1445 4507; x_wconf 81' lang='grc' dir='ltr'>ὲμπομπεύομεν</span> <span class='ocrx_word' id='word_1_572' title='bbox 1471 4436 1539 4506; x_wconf 82' lang='grc' dir='ltr'>τῇ</span> <span class='ocrx_word' id='word_1_573' title='bbox 1568 4435 1756 4508; x_wconf 81' lang='grc' dir='ltr'>ἡμέρᾳ</span> 
     </span>
    </p>
   </div>
   <div class='ocr_carea' id='block_1_78' title="bbox 188 4519 1754 4600">
    <p class='ocr_par' dir='ltr' id='par_1_78' title="bbox 188 4519 1754 4600">
     <span class='ocr_line' id='line_1_78' title="bbox 188 4519 1754 4600; baseline 0.004 -25"><span class='ocrx_word' id='word_1_574' title='bbox 188 4519 269 4591; x_wconf 77' lang='grc' dir='ltr'>τῆς</span> <span class='ocrx_word' id='word_1_575' title='bbox 291 4523 699 4590; x_wconf 76' lang='grc' dir='ltr'>Ἀναστάσεωςο</span> <span class='ocrx_word' id='word_1_576' title='bbox 731 4525 831 4598; x_wconf 78' lang='grc' dir='ltr'>τὴν</span> <span class='ocrx_word' id='word_1_577' title='bbox 864 4525 973 4598; x_wconf 86' lang='grc' dir='ltr'>γὰρ</span> <span class='ocrx_word' id='word_1_578' title='bbox 1000 4524 1313 4598; x_wconf 86' lang='grc' dir='ltr'>ἀφθαρσίαν</span> <span class='ocrx_word' id='word_1_579' title='bbox 1335 4529 1490 4599; x_wconf 85' lang='grc' dir='ltr'>ἡμῖν,</span> <span class='ocrx_word' id='word_1_580' title='bbox 1528 4528 1623 4581; x_wconf 79' lang='grc' dir='ltr'>καὶ</span> <span class='ocrx_word' id='word_1_581' title='bbox 1654 4527 1754 4600; x_wconf 81' lang='grc' dir='ltr'>τὴν</span> 
     </span>
    </p>
   </div>
   <div class='ocr_carea' id='block_1_79' title="bbox 191 4614 1754 4693">
    <p class='ocr_par' dir='ltr' id='par_1_79' title="bbox 191 4614 1754 4693">
     <span class='ocr_line' id='line_1_79' title="bbox 191 4614 1754 4693; baseline 0.004 -24"><span class='ocrx_word' id='word_1_582' title='bbox 191 4614 306 4685; x_wconf 61' lang='grc' dir='ltr'><strong>’ξιτ-ὂς</strong></span> <span class='ocrx_word' id='word_1_583' title='bbox 329 4615 387 4670; x_wconf 75' lang='grc' dir='ltr'><strong>τὸ</strong></span> <span class='ocrx_word' id='word_1_584' title='bbox 413 4620 670 4690; x_wconf 81' lang='grc' dir='ltr'>κρεῖττον</span> <span class='ocrx_word' id='word_1_585' title='bbox 693 4618 846 4691; x_wconf 79' lang='grc' dir='ltr'>δηλοῖ</span> <span class='ocrx_word' id='word_1_586' title='bbox 867 4618 1303 4693; x_wconf 84' lang='grc' dir='ltr'>μετακόσμησιν.</span> <span class='ocrx_word' id='word_1_587' title='bbox 1334 4619 1523 4686; x_wconf 74' lang='grc' dir='ltr'>Οὕτως</span> <span class='ocrx_word' id='word_1_588' title='bbox 1548 4621 1754 4687; x_wconf 89' lang='grc' dir='ltr'>ταύτας</span> 
     </span>
    </p>
   </div>
   <div class='ocr_carea' id='block_1_80' title="bbox 190 4704 1752 4787">
    <p class='ocr_par' dir='ltr' id='par_1_80' title="bbox 190 4704 1752 4787">
     <span class='ocr_line' id='line_1_80' title="bbox 190 4704 1752 4787; baseline 0.003 -23"><span class='ocrx_word' id='word_1_589' title='bbox 190 4704 512 4783; x_wconf 67' lang='grc' dir='ltr'>ἑορτάζομεν,</span> <span class='ocrx_word' id='word_1_590' title='bbox 551 4710 731 4776; x_wconf 80' lang='grc' dir='ltr'>οὕτως</span> <span class='ocrx_word' id='word_1_591' title='bbox 772 4711 874 4776; x_wconf 88' lang='grc' dir='ltr'><strong>τάς</strong></span> <span class='ocrx_word' id='word_1_592' title='bbox 905 4710 1108 4783; x_wconf 78' lang='grc' dir='ltr'>ἑφεξῆς</span> <span class='ocrx_word' id='word_1_593' title='bbox 1128 4729 1143 4744; x_wconf 87' lang='grc'><strong>·</strong></span> <span class='ocrx_word' id='word_1_594' title='bbox 1176 4712 1274 4767; x_wconf 78' lang='grc' dir='ltr'>καὶ</span> <span class='ocrx_word' id='word_1_595' title='bbox 1302 4714 1506 4779; x_wconf 80' lang='grc' dir='ltr'>παντὸς</span> <span class='ocrx_word' id='word_1_596' title='bbox 1534 4714 1752 4787; x_wconf 84' lang='grc' dir='ltr'>ἀνθρω-</span> 
     </span>
    </p>
   </div>
   <div class='ocr_carea' id='block_1_81' title="bbox 190 4797 1753 4875">
    <p class='ocr_par' dir='ltr' id='par_1_81' title="bbox 190 4797 1753 4875">
     <span class='ocr_line' id='line_1_81' title="bbox 190 4797 1753 4875; baseline 0.008 -25"><span class='ocrx_word' id='word_1_597' title='bbox 190 4799 331 4853; x_wconf 81' lang='grc' dir='ltr'>πικοῦ</span> <span class='ocrx_word' id='word_1_598' title='bbox 366 4803 701 4875; x_wconf 84' lang='grc' dir='ltr'>πράγματος</span> <span class='ocrx_word' id='word_1_599' title='bbox 746 4802 907 4873; x_wconf 89' lang='grc' dir='ltr'>λόγος</span> <span class='ocrx_word' id='word_1_600' title='bbox 951 4805 1167 4875; x_wconf 79' lang='grc' dir='ltr'>ἡγεῖται</span> <span class='ocrx_word' id='word_1_601' title='bbox 1189 4819 1203 4836; x_wconf 87' lang='grc'>⁶</span> <span class='ocrx_word' id='word_1_602' title='bbox 1258 4797 1320 4859; x_wconf 76' lang='grc' dir='ltr'><strong>οῦ</strong></span> <span class='ocrx_word' id='word_1_603' title='bbox 1360 4805 1418 4860; x_wconf 81' lang='grc' dir='ltr'>δὲ</span> <span class='ocrx_word' id='word_1_604' title='bbox 1455 4806 1607 4862; x_wconf 76' lang='grc' dir='ltr'>αἰτία</span> <span class='ocrx_word' id='word_1_605' title='bbox 1657 4808 1753 4863; x_wconf 77' lang='grc' dir='ltr'>καὶ</span> 
     </span>
    </p>
   </div>
   <div class='ocr_carea' id='block_1_82' title="bbox 194 4892 1481 4970">
    <p class='ocr_par' dir='ltr' id='par_1_82' title="bbox 194 4892 1481 4970">
     <span class='ocr_line' id='line_1_82' title="bbox 194 4892 1481 4970; baseline 0.007 -25"><span class='ocrx_word' id='word_1_606' title='bbox 194 4892 366 4957; x_wconf 78' lang='grc' dir='ltr'>σκοπὸς</span> <span class='ocrx_word' id='word_1_607' title='bbox 390 4896 645 4960; x_wconf 75' lang='grc' dir='ltr'>ἄπεστιν,</span> <span class='ocrx_word' id='word_1_608' title='bbox 675 4895 842 4969; x_wconf 80' lang='grc' dir='ltr'>λῆρος</span> <span class='ocrx_word' id='word_1_609' title='bbox 869 4895 1032 4951; x_wconf 88' lang='grc' dir='ltr'>τοῦτο</span> <span class='ocrx_word' id='word_1_610' title='bbox 1063 4898 1159 4953; x_wconf 79' lang='grc' dir='ltr'>καὶ</span> <span class='ocrx_word' id='word_1_611' title='bbox 1181 4897 1481 4970; x_wconf 78' lang='grc' dir='ltr'>φλήναφος.</span> 
     </span>
    </p>
   </div>
   <div class='ocr_carea' id='block_1_83' title="bbox 1851 3313 3438 3389">
    <p class='ocr_par' dir='ltr' id='par_1_83' title="bbox 1851 3313 3438 3389">
     <span class='ocr_line' id='line_1_83' title="bbox 1851 3313 3438 3389; baseline -0.011 -5"><span class='ocrx_word' id='word_1_612' title='bbox 1851 3316 1979 3384; x_wconf 90' lang='lat' dir='ltr'><strong>dum</strong></span> <span class='ocrx_word' id='word_1_613' title='bbox 2010 3336 2109 3382; x_wconf 90' lang='lat' dir='ltr'><strong>aut</strong></span> <span class='ocrx_word' id='word_1_614' title='bbox 2139 3327 2505 3380; x_wconf 87' lang='lat' dir='ltr'><strong>levamentum</strong></span> <span class='ocrx_word' id='word_1_615' title='bbox 2539 3338 2555 3389; x_wconf 92' lang='lat'><strong>;</strong></span> <span class='ocrx_word' id='word_1_616' title='bbox 2598 3336 2703 3375; x_wconf 92' lang='lat' dir='ltr'><strong>non</strong></span> <span class='ocrx_word' id='word_1_617' title='bbox 2739 3319 2906 3374; x_wconf 89' lang='lat' dir='ltr'><strong>etiam</strong></span> <span class='ocrx_word' id='word_1_618' title='bbox 2958 3325 3320 3378; x_wconf 88' lang='lat' dir='ltr'><strong>contractum,</strong></span> <span class='ocrx_word' id='word_1_619' title='bbox 3348 3313 3438 3368; x_wconf 88' lang='lat' dir='ltr'><strong>ubi</strong></span> 
     </span>
    </p>
   </div>
   <div class='ocr_carea' id='block_1_84' title="bbox 1851 3405 3436 3481">
    <p class='ocr_par' dir='ltr' id='par_1_84' title="bbox 1851 3405 3436 3481">
     <span class='ocr_line' id='line_1_84' title="bbox 1851 3405 3436 3481; baseline -0.011 -8"><span class='ocrx_word' id='word_1_620' title='bbox 1851 3426 2098 3474; x_wconf 91' lang='lat' dir='ltr'><strong>mutuum</strong></span> <span class='ocrx_word' id='word_1_621' title='bbox 2132 3430 2238 3470; x_wconf 92' lang='lat' dir='ltr'><strong>non</strong></span> <span class='ocrx_word' id='word_1_622' title='bbox 2266 3414 2359 3477; x_wconf 88' lang='lat' dir='ltr'><strong>sit,</strong></span> <span class='ocrx_word' id='word_1_623' title='bbox 2386 3422 2478 3467; x_wconf 90' lang='lat' dir='ltr'><strong>aut</strong></span> <span class='ocrx_word' id='word_1_624' title='bbox 2509 3409 2617 3465; x_wconf 87' lang='lat' dir='ltr'><strong>ulla</strong></span> <span class='ocrx_word' id='word_1_625' title='bbox 2664 3408 3036 3481; x_wconf 86' lang='lat' dir='ltr'><strong>permutatio:</strong></span> <span class='ocrx_word' id='word_1_626' title='bbox 3087 3405 3436 3460; x_wconf 83' lang='lat' dir='ltr'><strong>donationem</strong></span> 
     </span>
    </p>
   </div>
   <div class='ocr_carea' id='block_1_85' title="bbox 1851 3497 3443 3572">
    <p class='ocr_par' dir='ltr' id='par_1_85' title="bbox 1851 3497 3443 3572">
     <span class='ocr_line' id='line_1_85' title="bbox 1851 3497 3443 3572; baseline -0.011 -6"><span class='ocrx_word' id='word_1_627' title='bbox 1851 3510 2021 3566; x_wconf 89' lang='lat' dir='ltr'><strong>multo</strong></span> <span class='ocrx_word' id='word_1_628' title='bbox 2062 3511 2263 3572; x_wconf 88' lang='lat' dir='ltr'><strong>minus,</strong></span> <span class='ocrx_word' id='word_1_629' title='bbox 2317 3505 2403 3562; x_wconf 92' lang='lat' dir='ltr'><strong>cui</strong></span> <span class='ocrx_word' id='word_1_630' title='bbox 2432 3505 2731 3560; x_wconf 86' lang='lat' dir='ltr'><strong>necessitas</strong></span> <span class='ocrx_word' id='word_1_631' title='bbox 2773 3501 3037 3556; x_wconf 65' lang='lat' dir='ltr'><strong>adhaeret.</strong></span> <span class='ocrx_word' id='word_1_632' title='bbox 3080 3497 3443 3565; x_wconf 57' lang='lat' dir='ltr'><strong>Quemadmo-</strong></span> 
     </span>
    </p>
   </div>
   <div class='ocr_carea' id='block_1_86' title="bbox 1852 3590 3442 3673">
    <p class='ocr_par' dir='ltr' id='par_1_86' title="bbox 1852 3590 3442 3673">
     <span class='ocr_line' id='line_1_86' title="bbox 1852 3590 3442 3673; baseline -0.011 -13"><span class='ocrx_word' id='word_1_633' title='bbox 1852 3602 1980 3660; x_wconf 87' lang='lat' dir='ltr'><strong>dum</strong></span> <span class='ocrx_word' id='word_1_634' title='bbox 2022 3602 2207 3673; x_wconf 86' lang='lat' dir='ltr'><strong>igitur,</strong></span> <span class='ocrx_word' id='word_1_635' title='bbox 2229 3615 2352 3657; x_wconf 80' lang='lat' dir='ltr'><strong>cuiu</strong></span> <span class='ocrx_word' id='word_1_636' title='bbox 2397 3598 2620 3663; x_wconf 76' lang='lat' dir='ltr'><strong>festum,</strong></span> <span class='ocrx_word' id='word_1_637' title='bbox 2679 3604 2794 3650; x_wconf 92' lang='lat' dir='ltr'><strong>tum</strong></span> <span class='ocrx_word' id='word_1_638' title='bbox 2830 3592 2922 3664; x_wconf 89' lang='lat' dir='ltr'><strong>qui</strong></span> <span class='ocrx_word' id='word_1_639' title='bbox 2952 3592 3087 3647; x_wconf 83' lang='lat' dir='ltr'><strong>ﬁunt</strong></span> <span class='ocrx_word' id='word_1_640' title='bbox 3110 3590 3164 3644; x_wconf 91' lang='lat' dir='ltr'><strong>in</strong></span> <span class='ocrx_word' id='word_1_641' title='bbox 3191 3604 3258 3645; x_wconf 90' lang='lat' dir='ltr'><strong>eo</strong></span> <span class='ocrx_word' id='word_1_642' title='bbox 3291 3604 3442 3644; x_wconf 82' lang='lat' dir='ltr'><strong>sum-</strong></span> 
     </span>
    </p>
   </div>
   <div class='ocr_carea' id='block_1_87' title="bbox 1851 3683 3438 3768">
    <p class='ocr_par' dir='ltr' id='par_1_87' title="bbox 1851 3683 3438 3768">
     <span class='ocr_line' id='line_1_87' title="bbox 1851 3683 3438 3768; baseline -0.012 -15"><span class='ocrx_word' id='word_1_643' title='bbox 1851 3709 2000 3768; x_wconf 90' lang='lat' dir='ltr'><strong>ptus,</strong></span> <span class='ocrx_word' id='word_1_644' title='bbox 2025 3694 2379 3766; x_wconf 83' lang='lat' dir='ltr'><strong>indigitemus</strong></span> <span class='ocrx_word' id='word_1_645' title='bbox 2400 3732 2414 3758; x_wconf 92' lang='lat'><strong>,</strong></span> <span class='ocrx_word' id='word_1_646' title='bbox 2440 3690 2690 3760; x_wconf 85' lang='lat' dir='ltr'><strong>equidem</strong></span> <span class='ocrx_word' id='word_1_647' title='bbox 2724 3684 2830 3743; x_wconf 85' lang='lat' dir='ltr'><strong>non</strong></span> <span class='ocrx_word' id='word_1_648' title='bbox 2874 3685 3107 3755; x_wconf 88' lang='lat' dir='ltr'><strong>reperio.</strong></span> <span class='ocrx_word' id='word_1_649' title='bbox 3144 3683 3249 3738; x_wconf 81' lang='lat' dir='ltr'><strong>Vos</strong></span> <span class='ocrx_word' id='word_1_650' title='bbox 3272 3697 3438 3754; x_wconf 77' lang='lat' dir='ltr'><strong>agen-</strong></span> 
     </span>
    </p>
   </div>
   <div class='ocr_carea' id='block_1_88' title="bbox 1853 3774 3444 3857">
    <p class='ocr_par' dir='ltr' id='par_1_88' title="bbox 1853 3774 3444 3857">
     <span class='ocr_line' id='line_1_88' title="bbox 1853 3774 3444 3857; baseline -0.011 -10"><span class='ocrx_word' id='word_1_651' title='bbox 1853 3792 1981 3847; x_wconf 92' lang='lat' dir='ltr'><strong>dum</strong></span> <span class='ocrx_word' id='word_1_652' title='bbox 2002 3789 2261 3850; x_wconf 88' lang='lat' dir='ltr'><strong>indicate,</strong></span> <span class='ocrx_word' id='word_1_653' title='bbox 2291 3786 2381 3857; x_wconf 87' lang='lat' dir='ltr'><strong>qui</strong></span> <span class='ocrx_word' id='word_1_654' title='bbox 2409 3785 2592 3841; x_wconf 87' lang='lat' dir='ltr'><strong>colitis</strong></span> <span class='ocrx_word' id='word_1_655' title='bbox 2616 3793 2667 3837; x_wconf 87' lang='lat' dir='ltr'><strong>et</strong></span> <span class='ocrx_word' id='word_1_656' title='bbox 2691 3780 3012 3846; x_wconf 87' lang='lat' dir='ltr'><strong>celebratis;</strong></span> <span class='ocrx_word' id='word_1_657' title='bbox 3046 3777 3252 3833; x_wconf 84' lang='lat' dir='ltr'><strong>reddite</strong></span> <span class='ocrx_word' id='word_1_658' title='bbox 3275 3774 3444 3830; x_wconf 77' lang='lat' dir='ltr'><strong>ratio-</strong></span> 
     </span>
    </p>
   </div>
   <div class='ocr_carea' id='block_1_89' title="bbox 1855 3869 3444 3947">
    <p class='ocr_par' dir='ltr' id='par_1_89' title="bbox 1855 3869 3444 3947">
     <span class='ocr_line' id='line_1_89' title="bbox 1855 3869 3444 3947; baseline -0.011 -9"><span class='ocrx_word' id='word_1_659' title='bbox 1855 3899 2002 3947; x_wconf 88' lang='lat' dir='ltr'><strong>nem,</strong></span> <span class='ocrx_word' id='word_1_660' title='bbox 2040 3880 2121 3937; x_wconf 89' lang='lat' dir='ltr'><strong>uti</strong></span> <span class='ocrx_word' id='word_1_661' title='bbox 2176 3895 2276 3935; x_wconf 90' lang='lat' dir='ltr'><strong>nos</strong></span> <span class='ocrx_word' id='word_1_662' title='bbox 2302 3891 2491 3933; x_wconf 90' lang='lat' dir='ltr'><strong>earum</strong></span> <span class='ocrx_word' id='word_1_663' title='bbox 2521 3873 2796 3931; x_wconf 87' lang='lat' dir='ltr'><strong>reddimus</strong></span> <span class='ocrx_word' id='word_1_664' title='bbox 2841 3869 3126 3934; x_wconf 80' lang='lat' dir='ltr'><strong>feriarum,</strong></span> <span class='ocrx_word' id='word_1_665' title='bbox 3150 3882 3269 3938; x_wconf 68' lang='lat' dir='ltr'><strong>quae</strong></span> <span class='ocrx_word' id='word_1_666' title='bbox 3301 3880 3444 3921; x_wconf 67' lang='lat' dir='ltr'><strong>veras</strong></span> 
     </span>
    </p>
   </div>
   <div class='ocr_carea' id='block_1_90' title="bbox 1856 3957 3443 4041">
    <p class='ocr_par' dir='ltr' id='par_1_90' title="bbox 1856 3957 3443 4041">
     <span class='ocr_line' id='line_1_90' title="bbox 1856 3957 3443 4041; baseline -0.011 -12"><span class='ocrx_word' id='word_1_667' title='bbox 1856 3984 2009 4039; x_wconf 91' lang='lat' dir='ltr'><strong>sunt,</strong></span> <span class='ocrx_word' id='word_1_668' title='bbox 2045 3971 2265 4041; x_wconf 89' lang='lat' dir='ltr'><strong>Deoque</strong></span> <span class='ocrx_word' id='word_1_669' title='bbox 2294 3983 2535 4040; x_wconf 84' lang='lat' dir='ltr'><strong>congrua</strong></span> <span class='ocrx_word' id='word_1_670' title='bbox 2594 3964 2856 4020; x_wconf 64' lang='lat' dir='ltr'><strong>institutae</strong></span> <span class='ocrx_word' id='word_1_671' title='bbox 2884 3959 3165 4030; x_wconf 82' lang='lat' dir='ltr'><strong>religione.</strong></span> <span class='ocrx_word' id='word_1_672' title='bbox 3198 3957 3443 4013; x_wconf 81' lang='lat' dir='ltr'><strong>Natalem</strong></span> 
     </span>
    </p>
   </div>
   <div class='ocr_carea' id='block_1_91' title="bbox 1855 4050 3442 4130">
    <p class='ocr_par' dir='ltr' id='par_1_91' title="bbox 1855 4050 3442 4130">
     <span class='ocr_line' id='line_1_91' title="bbox 1855 4050 3442 4130; baseline -0.013 -6"><span class='ocrx_word' id='word_1_673' title='bbox 1855 4068 2000 4125; x_wconf 89' lang='lat' dir='ltr'><strong>enim</strong></span> <span class='ocrx_word' id='word_1_674' title='bbox 2031 4063 2391 4126; x_wconf 87' lang='lat' dir='ltr'><strong>celebramus,</strong></span> <span class='ocrx_word' id='word_1_675' title='bbox 2419 4058 2561 4130; x_wconf 87' lang='lat' dir='ltr'><strong>quod</strong></span> <span class='ocrx_word' id='word_1_676' title='bbox 2593 4073 2691 4128; x_wconf 91' lang='lat' dir='ltr'><strong>per</strong></span> <span class='ocrx_word' id='word_1_677' title='bbox 2720 4057 2821 4111; x_wconf 86' lang='lat' dir='ltr'><strong>hoc</strong></span> <span class='ocrx_word' id='word_1_678' title='bbox 2849 4064 3060 4123; x_wconf 89' lang='lat' dir='ltr'><strong>tempus</strong></span> <span class='ocrx_word' id='word_1_679' title='bbox 3083 4067 3202 4107; x_wconf 89' lang='lat' dir='ltr'><strong>sese</strong></span> <span class='ocrx_word' id='word_1_680' title='bbox 3226 4051 3367 4107; x_wconf 89' lang='lat' dir='ltr'><strong>Deus</strong></span> <span class='ocrx_word' id='word_1_681' title='bbox 3388 4050 3442 4105; x_wconf 91' lang='lat' dir='ltr'><strong>in</strong></span> 
     </span>
    </p>
   </div>
   <div class='ocr_carea' id='block_1_92' title="bbox 1863 4142 3444 4216">
    <p class='ocr_par' dir='ltr' id='par_1_92' title="bbox 1863 4142 3444 4216">
     <span class='ocr_line' id='line_1_92' title="bbox 1863 4142 3444 4216; baseline -0.011 -1"><span class='ocrx_word' id='word_1_682' title='bbox 1863 4174 2031 4216; x_wconf 90' lang='lat' dir='ltr'><strong>carne</strong></span> <span class='ocrx_word' id='word_1_683' title='bbox 2058 4155 2384 4212; x_wconf 88' lang='lat' dir='ltr'><strong>mortalibus</strong></span> <span class='ocrx_word' id='word_1_684' title='bbox 2411 4148 2735 4208; x_wconf 88' lang='lat' dir='ltr'><strong>ostenderit.</strong></span> <span class='ocrx_word' id='word_1_685' title='bbox 2773 4146 3065 4203; x_wconf 87' lang='lat' dir='ltr'><strong>Luminum</strong></span> <span class='ocrx_word' id='word_1_686' title='bbox 3100 4144 3300 4199; x_wconf 76' lang='lat' dir='ltr'><strong>festum</strong></span> <span class='ocrx_word' id='word_1_687' title='bbox 3329 4142 3444 4213; x_wconf 83' lang='lat' dir='ltr'><strong>agi-</strong></span> 
     </span>
    </p>
   </div>
   <div class='ocr_carea' id='block_1_93' title="bbox 1861 4234 3445 4319">
    <p class='ocr_par' dir='ltr' id='par_1_93' title="bbox 1861 4234 3445 4319">
     <span class='ocr_line' id='line_1_93' title="bbox 1861 4234 3445 4319; baseline -0.013 -13"><span class='ocrx_word' id='word_1_688' title='bbox 1861 4260 2064 4316; x_wconf 87' lang='lat' dir='ltr'><strong>tamus,</strong></span> <span class='ocrx_word' id='word_1_689' title='bbox 2096 4248 2239 4319; x_wconf 90' lang='lat' dir='ltr'><strong>quod</strong></span> <span class='ocrx_word' id='word_1_690' title='bbox 2293 4252 2641 4315; x_wconf 89' lang='lat' dir='ltr'><strong>peccatorum</strong></span> <span class='ocrx_word' id='word_1_691' title='bbox 2695 4236 3016 4294; x_wconf 86' lang='lat' dir='ltr'><strong>remissione</strong></span> <span class='ocrx_word' id='word_1_692' title='bbox 3070 4234 3277 4298; x_wconf 85' lang='lat' dir='ltr'><strong>donati,</strong></span> <span class='ocrx_word' id='word_1_693' title='bbox 3323 4242 3445 4286; x_wconf 87' lang='lat' dir='ltr'><strong>tan-</strong></span> 
     </span>
    </p>
   </div>
   <div class='ocr_carea' id='block_1_94' title="bbox 1859 4326 3442 4415">
    <p class='ocr_par' dir='ltr' id='par_1_94' title="bbox 1859 4326 3442 4415">
     <span class='ocr_line' id='line_1_94' title="bbox 1859 4326 3442 4415; baseline -0.013 -15"><span class='ocrx_word' id='word_1_694' title='bbox 1859 4359 2021 4415; x_wconf 88' lang='lat' dir='ltr'><strong>quam</strong></span> <span class='ocrx_word' id='word_1_695' title='bbox 2052 4357 2121 4397; x_wconf 80' lang='lat' dir='ltr'><strong>cx</strong></span> <span class='ocrx_word' id='word_1_696' title='bbox 2149 4342 2382 4397; x_wconf 86' lang='lat' dir='ltr'><strong>obscuro</strong></span> <span class='ocrx_word' id='word_1_697' title='bbox 2415 4338 2614 4408; x_wconf 88' lang='lat' dir='ltr'><strong>prioris</strong></span> <span class='ocrx_word' id='word_1_698' title='bbox 2633 4337 2756 4389; x_wconf 81' lang='lat' dir='ltr'><strong>vitae</strong></span> <span class='ocrx_word' id='word_1_699' title='bbox 2780 4329 3079 4403; x_wconf 87' lang='lat' dir='ltr'><strong>ergastulo,</strong></span> <span class='ocrx_word' id='word_1_700' title='bbox 3111 4328 3175 4382; x_wconf 89' lang='lat' dir='ltr'><strong>ad</strong></span> <span class='ocrx_word' id='word_1_701' title='bbox 3207 4326 3442 4381; x_wconf 83' lang='lat' dir='ltr'><strong>lucidam</strong></span> 
     </span>
    </p>
   </div>
   <div class='ocr_carea' id='block_1_95' title="bbox 1858 4419 3444 4494">
    <p class='ocr_par' dir='ltr' id='par_1_95' title="bbox 1858 4419 3444 4494">
     <span class='ocr_line' id='line_1_95' title="bbox 1858 4419 3444 4494; baseline -0.014 0"><span class='ocrx_word' id='word_1_702' title='bbox 1858 4453 1925 4494; x_wconf 86' lang='lat' dir='ltr'><strong>ac</strong></span> <span class='ocrx_word' id='word_1_703' title='bbox 1952 4451 1983 4491; x_wconf 87' lang='lat' dir='ltr'><strong>a</strong></span> <span class='ocrx_word' id='word_1_704' title='bbox 2014 4435 2245 4491; x_wconf 88' lang='lat' dir='ltr'><strong>crimine</strong></span> <span class='ocrx_word' id='word_1_705' title='bbox 2275 4432 2503 4487; x_wconf 85' lang='lat' dir='ltr'><strong>liberam</strong></span> <span class='ocrx_word' id='word_1_706' title='bbox 2538 4429 2706 4484; x_wconf 87' lang='lat' dir='ltr'><strong>vitam</strong></span> <span class='ocrx_word' id='word_1_707' title='bbox 2729 4426 3117 4482; x_wconf 82' lang='lat' dir='ltr'><strong>subvehantur.</strong></span> <span class='ocrx_word' id='word_1_708' title='bbox 3155 4419 3275 4475; x_wconf 81' lang='lat' dir='ltr'><strong>Jam</strong></span> <span class='ocrx_word' id='word_1_709' title='bbox 3315 4434 3444 4473; x_wconf 89' lang='lat' dir='ltr'><strong>vero</strong></span> 
     </span>
    </p>
   </div>
   <div class='ocr_carea' id='block_1_96' title="bbox 1861 4510 3442 4582">
    <p class='ocr_par' dir='ltr' id='par_1_96' title="bbox 1861 4510 3442 4582">
     <span class='ocr_line' id='line_1_96' title="bbox 1861 4510 3442 4582; baseline -0.013 0"><span class='ocrx_word' id='word_1_710' title='bbox 1861 4527 1951 4582; x_wconf 92' lang='lat' dir='ltr'><strong>die</strong></span> <span class='ocrx_word' id='word_1_711' title='bbox 1973 4522 2414 4581; x_wconf 78' lang='lat' dir='ltr'><strong>Resurreetiouis</strong></span> <span class='ocrx_word' id='word_1_712' title='bbox 2436 4519 2776 4576; x_wconf 88' lang='lat' dir='ltr'><strong>ornatiorem</strong></span> <span class='ocrx_word' id='word_1_713' title='bbox 2834 4513 3039 4569; x_wconf 89' lang='lat' dir='ltr'><strong>cultum</strong></span> <span class='ocrx_word' id='word_1_714' title='bbox 3092 4510 3442 4572; x_wconf 88' lang='lat' dir='ltr'><strong>assumimus,</strong></span> 
     </span>
    </p>
   </div>
   <div class='ocr_carea' id='block_1_97' title="bbox 1865 4601 3442 4690">
    <p class='ocr_par' dir='ltr' id='par_1_97' title="bbox 1865 4601 3442 4690">
     <span class='ocr_line' id='line_1_97' title="bbox 1865 4601 3442 4690; baseline -0.013 -13"><span class='ocrx_word' id='word_1_715' title='bbox 1865 4633 2232 4690; x_wconf 88' lang='lat' dir='ltr'><strong>magnamque</strong></span> <span class='ocrx_word' id='word_1_716' title='bbox 2279 4615 2524 4671; x_wconf 70' lang='lat' dir='ltr'><strong>laetitiam</strong></span> <span class='ocrx_word' id='word_1_717' title='bbox 2587 4608 2929 4683; x_wconf 83' lang='lat' dir='ltr'><strong>praeferimus</strong></span> <span class='ocrx_word' id='word_1_718' title='bbox 2977 4625 2993 4662; x_wconf 88' lang='lat'><strong>:</strong></span> <span class='ocrx_word' id='word_1_719' title='bbox 3050 4604 3195 4675; x_wconf 92' lang='lat' dir='ltr'><strong>quod</strong></span> <span class='ocrx_word' id='word_1_720' title='bbox 3220 4617 3284 4658; x_wconf 88' lang='lat' dir='ltr'><strong>ea</strong></span> <span class='ocrx_word' id='word_1_721' title='bbox 3307 4601 3442 4666; x_wconf 86' lang='lat' dir='ltr'><strong>dies,</strong></span> 
     </span>
    </p>
   </div>
   <div class='ocr_carea' id='block_1_98' title="bbox 1861 4700 3445 4775">
    <p class='ocr_par' dir='ltr' id='par_1_98' title="bbox 1861 4700 3445 4775">
     <span class='ocr_line' id='line_1_98' title="bbox 1861 4700 3445 4775; baseline -0.016 -3"><span class='ocrx_word' id='word_1_722' title='bbox 1861 4712 2275 4772; x_wconf 87' lang='lat' dir='ltr'><strong>immortalitate</strong></span> <span class='ocrx_word' id='word_1_723' title='bbox 2303 4708 2607 4770; x_wconf 85' lang='lat' dir='ltr'><strong>donandus,</strong></span> <span class='ocrx_word' id='word_1_724' title='bbox 2640 4707 2805 4775; x_wconf 90' lang='lat' dir='ltr'><strong>inque</strong></span> <span class='ocrx_word' id='word_1_725' title='bbox 2850 4700 3043 4756; x_wconf 90' lang='lat' dir='ltr'><strong>melius</strong></span> <span class='ocrx_word' id='word_1_726' title='bbox 3079 4704 3445 4753; x_wconf 88' lang='lat' dir='ltr'><strong>transmutan-</strong></span> 
     </span>
    </p>
   </div>
   <div class='ocr_carea' id='block_1_99' title="bbox 1860 4787 3443 4879">
    <p class='ocr_par' dir='ltr' id='par_1_99' title="bbox 1860 4787 3443 4879">
     <span class='ocr_line' id='line_1_99' title="bbox 1860 4787 3443 4879; baseline -0.015 -15"><span class='ocrx_word' id='word_1_727' title='bbox 1860 4809 1981 4873; x_wconf 87' lang='lat' dir='ltr'><strong>dos,</strong></span> <span class='ocrx_word' id='word_1_728' title='bbox 2017 4806 2304 4879; x_wconf 84' lang='lat' dir='ltr'><strong>perspicue</strong></span> <span class='ocrx_word' id='word_1_729' title='bbox 2357 4800 2559 4857; x_wconf 89' lang='lat' dir='ltr'><strong>indicio</strong></span> <span class='ocrx_word' id='word_1_730' title='bbox 2608 4798 2701 4853; x_wconf 88' lang='lat' dir='ltr'><strong>sit.</strong></span> <span class='ocrx_word' id='word_1_731' title='bbox 2733 4795 2887 4852; x_wconf 82' lang='lat' dir='ltr'><strong>llunc</strong></span> <span class='ocrx_word' id='word_1_732' title='bbox 2932 4794 2985 4848; x_wconf 91' lang='lat' dir='ltr'><strong>in</strong></span> <span class='ocrx_word' id='word_1_733' title='bbox 3059 4792 3276 4846; x_wconf 90' lang='lat' dir='ltr'><strong>modum</strong></span> <span class='ocrx_word' id='word_1_734' title='bbox 3310 4787 3443 4842; x_wconf 77' lang='lat' dir='ltr'><strong>festa</strong></span> 
     </span>
    </p>
   </div>
   <div class='ocr_carea' id='block_1_100' title="bbox 1860 4879 3447 4965">
    <p class='ocr_par' dir='ltr' id='par_1_100' title="bbox 1860 4879 3447 4965">
     <span class='ocr_line' id='line_1_100' title="bbox 1860 4879 3447 4965; baseline -0.018 -4"><span class='ocrx_word' id='word_1_735' title='bbox 1860 4906 1978 4961; x_wconf 62' lang='lat' dir='ltr'><strong>haec</strong></span> <span class='ocrx_word' id='word_1_736' title='bbox 2000 4901 2266 4964; x_wconf 89' lang='lat' dir='ltr'><strong>colimus;</strong></span> <span class='ocrx_word' id='word_1_737' title='bbox 2300 4897 2463 4965; x_wconf 88' lang='lat' dir='ltr'><strong>inque</strong></span> <span class='ocrx_word' id='word_1_738' title='bbox 2497 4892 2747 4947; x_wconf 87' lang='lat' dir='ltr'><strong>eumdem</strong></span> <span class='ocrx_word' id='word_1_739' title='bbox 2808 4888 3061 4956; x_wconf 88' lang='lat' dir='ltr'><strong>deinceps</strong></span> <span class='ocrx_word' id='word_1_740' title='bbox 3094 4894 3308 4940; x_wconf 81' lang='lat' dir='ltr'><strong>caetera.</strong></span> <span class='ocrx_word' id='word_1_741' title='bbox 3364 4879 3447 4935; x_wconf 80' lang='lat' dir='ltr'><strong>Ad</strong></span> 
     </span>
    </p>
   </div>
   <div class='ocr_carea' id='block_1_101' title="bbox 194 4973 3444 5069">
    <p class='ocr_par' dir='ltr' id='par_1_101' title="bbox 194 4973 3444 5069">
     <span class='ocr_line' id='line_1_101' title="bbox 194 4973 3444 5069; baseline -0.004 -29"><span class='ocrx_word' id='word_1_742' title='bbox 194 4991 713 5054; x_wconf 79' lang='lat' dir='ltr'><strong>summam,bumano</strong></span> <span class='ocrx_word' id='word_1_743' title='bbox 749 4989 899 5045; x_wconf 91' lang='lat' dir='ltr'><strong>omni</strong></span> <span class='ocrx_word' id='word_1_744' title='bbox 939 4989 1154 5061; x_wconf 89' lang='lat' dir='ltr'><strong>negotio</strong></span> <span class='ocrx_word' id='word_1_745' title='bbox 1178 4990 1331 5058; x_wconf 64' lang='lat' dir='ltr'><strong>praeit</strong></span> <span class='ocrx_word' id='word_1_746' title='bbox 1400 4991 1571 5062; x_wconf 91' lang='lat' dir='ltr'><strong>ratio;</strong></span> <span class='ocrx_word' id='word_1_747' title='bbox 1620 5009 1683 5051; x_wconf 83' lang='lat' dir='ltr'><strong>ac</strong></span> <span class='ocrx_word' id='word_1_748' title='bbox 1710 4996 1755 5054; x_wconf 83' lang='lat' dir='ltr'><strong>si</strong></span> <span class='ocrx_word' id='word_1_749' title='bbox 1797 4996 1926 5069; x_wconf 90' lang='lat' dir='ltr'><strong>quid</strong></span> <span class='ocrx_word' id='word_1_750' title='bbox 1961 4996 2101 5053; x_wconf 77' lang='lat' dir='ltr'><strong>forte</strong></span> <span class='ocrx_word' id='word_1_751' title='bbox 2134 4988 2399 5062; x_wconf 81' lang='lat' dir='ltr'><strong>ejusmodi</strong></span> <span class='ocrx_word' id='word_1_752' title='bbox 2462 4995 2570 5051; x_wconf 84' lang='lat' dir='ltr'><strong>est,</strong></span> <span class='ocrx_word' id='word_1_753' title='bbox 2638 4993 2698 5038; x_wconf 93' lang='lat' dir='ltr'><strong>nt</strong></span> <span class='ocrx_word' id='word_1_754' title='bbox 2747 4980 2958 5037; x_wconf 87' lang='lat' dir='ltr'><strong>ratione</strong></span> <span class='ocrx_word' id='word_1_755' title='bbox 3002 4987 3185 5034; x_wconf 87' lang='lat' dir='ltr'><strong>careat</strong></span> <span class='ocrx_word' id='word_1_756' title='bbox 3215 4990 3280 5032; x_wconf 91' lang='lat' dir='ltr'><strong>ac</strong></span> <span class='ocrx_word' id='word_1_757' title='bbox 3318 4973 3444 5038; x_wconf 82' lang='lat' dir='ltr'><strong>line,</strong></span> 
     </span>
    </p>
   </div>
   <div class='ocr_carea' id='block_1_102' title="bbox 195 5078 1235 5152">
    <p class='ocr_par' dir='ltr' id='par_1_102' title="bbox 195 5078 1235 5152">
     <span class='ocr_line' id='line_1_102' title="bbox 195 5078 1235 5152; baseline 0.001 -17"><span class='ocrx_word' id='word_1_758' title='bbox 195 5078 238 5135; x_wconf 39' lang='lat' dir='ltr'><strong>ill</strong></span> <span class='ocrx_word' id='word_1_759' title='bbox 261 5097 375 5138; x_wconf 83' lang='lat' dir='ltr'><strong>vero</strong></span> <span class='ocrx_word' id='word_1_760' title='bbox 407 5098 574 5139; x_wconf 67' lang='lat' dir='ltr'><strong>merae</strong></span> <span class='ocrx_word' id='word_1_761' title='bbox 602 5096 758 5151; x_wconf 56' lang='lat' dir='ltr'><strong>nugae</strong></span> <span class='ocrx_word' id='word_1_762' title='bbox 790 5091 875 5137; x_wconf 89' lang='lat' dir='ltr'><strong>est</strong></span> <span class='ocrx_word' id='word_1_763' title='bbox 904 5098 969 5138; x_wconf 90' lang='lat' dir='ltr'><strong>ac</strong></span> <span class='ocrx_word' id='word_1_764' title='bbox 998 5083 1235 5152; x_wconf 83' lang='lat' dir='ltr'><strong>ineptiae.</strong></span> 
     </span>
    </p>
   </div>
   <div class='ocr_carea' id='block_1_103' title="bbox 256 5173 1754 5251">
    <p class='ocr_par' dir='ltr' id='par_1_103' title="bbox 256 5173 1754 5251">
     <span class='ocr_line' id='line_1_103' title="bbox 256 5173 1754 5251; baseline 0.004 -22"><span class='ocrx_word' id='word_1_765' title='bbox 256 5174 313 5229; x_wconf 82' lang='grc' dir='ltr'>Ὢ</span> <span class='ocrx_word' id='word_1_766' title='bbox 333 5176 430 5248; x_wconf 80' lang='grc' dir='ltr'>τῆς</span> <span class='ocrx_word' id='word_1_767' title='bbox 470 5173 738 5239; x_wconf 77' lang='grc' dir='ltr'>ἀτοπίαςί</span> <span class='ocrx_word' id='word_1_768' title='bbox 776 5174 986 5241; x_wconf 83' lang='grc' dir='ltr'>Πάντες</span> <span class='ocrx_word' id='word_1_769' title='bbox 1019 5177 1312 5247; x_wconf 85' lang='grc' dir='ltr'>κεχηνότες</span> <span class='ocrx_word' id='word_1_770' title='bbox 1351 5179 1754 5251; x_wconf 80' lang='grc' dir='ltr'>περινοστοῦσι,</span> 
     </span>
    </p>
   </div>
   <div class='ocr_carea' id='block_1_104' title="bbox 197 5267 1752 5343">
    <p class='ocr_par' dir='ltr' id='par_1_104' title="bbox 197 5267 1752 5343">
     <span class='ocr_line' id='line_1_104' title="bbox 197 5267 1752 5343; baseline 0.005 -23"><span class='ocrx_word' id='word_1_771' title='bbox 197 5267 253 5323; x_wconf 69' lang='grc' dir='ltr'><strong>τὰ</strong></span> <span class='ocrx_word' id='word_1_772' title='bbox 290 5270 409 5341; x_wconf 84' lang='grc' dir='ltr'>παρ’</span> <span class='ocrx_word' id='word_1_773' title='bbox 438 5270 689 5343; x_wconf 80' lang='grc' dir='ltr'>ἀλλήλων</span> <span class='ocrx_word' id='word_1_774' title='bbox 731 5269 1065 5336; x_wconf 75' lang='grc' dir='ltr'>ἐλπίζοντες.</span> <span class='ocrx_word' id='word_1_775' title='bbox 1105 5270 1169 5324; x_wconf 77' lang='lat' dir='ltr'><strong>Ol</strong></span> <span class='ocrx_word' id='word_1_776' title='bbox 1201 5269 1386 5333; x_wconf 76' lang='grc' dir='ltr'>δόντες</span> <span class='ocrx_word' id='word_1_777' title='bbox 1421 5270 1752 5327; x_wconf 76' lang='grc' dir='ltr'>λυποῦνταιο</span> 
     </span>
    </p>
   </div>
   <div class='ocr_carea' id='block_1_105' title="bbox 197 5357 1756 5439">
    <p class='ocr_par' dir='ltr' id='par_1_105' title="bbox 197 5357 1756 5439">
     <span class='ocr_line' id='line_1_105' title="bbox 197 5357 1756 5439; baseline 0.003 -26"><span class='ocrx_word' id='word_1_778' title='bbox 197 5357 240 5410; x_wconf 75' lang='lat' dir='ltr'><strong>oi</strong></span> <span class='ocrx_word' id='word_1_779' title='bbox 260 5358 499 5429; x_wconf 79' lang='grc' dir='ltr'>λσὸόντες</span> <span class='ocrx_word' id='word_1_780' title='bbox 558 5362 621 5417; x_wconf 80' lang='grc' dir='ltr'>οὐ</span> <span class='ocrx_word' id='word_1_781' title='bbox 647 5362 958 5435; x_wconf 84' lang='grc' dir='ltr'>κατέχουσι.</span> <span class='ocrx_word' id='word_1_782' title='bbox 987 5363 1323 5419; x_wconf 80' lang='grc' dir='ltr'>Μεταϐαίνει</span> <span class='ocrx_word' id='word_1_783' title='bbox 1345 5362 1457 5435; x_wconf 84' lang='grc' dir='ltr'>γὰρ</span> <span class='ocrx_word' id='word_1_784' title='bbox 1486 5367 1569 5428; x_wconf 89' lang='grc' dir='ltr'><strong>εἰς</strong></span> <span class='ocrx_word' id='word_1_785' title='bbox 1589 5364 1756 5439; x_wconf 81' lang='grc' dir='ltr'>ἀλλή-</span> 
     </span>
    </p>
   </div>
   <div class='ocr_carea' id='block_1_106' title="bbox 200 5447 1755 5531">
    <p class='ocr_par' dir='ltr' id='par_1_106' title="bbox 200 5447 1755 5531">
     <span class='ocr_line' id='line_1_106' title="bbox 200 5447 1755 5531; baseline 0.006 -28"><span class='ocrx_word' id='word_1_786' title='bbox 200 5447 303 5518; x_wconf 77' lang='grc' dir='ltr'>λους</span> <span class='ocrx_word' id='word_1_787' title='bbox 327 5455 384 5509; x_wconf 78' lang='grc' dir='ltr'>τὸ</span> <span class='ocrx_word' id='word_1_788' title='bbox 405 5456 603 5530; x_wconf 84' lang='grc' dir='ltr'>λῆμμα</span> <span class='ocrx_word' id='word_1_789' title='bbox 622 5475 637 5492; x_wconf 79' lang='grc' dir='ltr'><strong><em>ο</em></strong></span> <span class='ocrx_word' id='word_1_790' title='bbox 672 5457 772 5514; x_wconf 76' lang='grc' dir='ltr'>καὶ</span> <span class='ocrx_word' id='word_1_791' title='bbox 801 5458 831 5511; x_wconf 87' lang='grc' dir='ltr'>ὁ</span> <span class='ocrx_word' id='word_1_792' title='bbox 856 5457 1010 5531; x_wconf 86' lang='grc' dir='ltr'><strong>παρά</strong></span> <span class='ocrx_word' id='word_1_793' title='bbox 1044 5451 1141 5511; x_wconf 90' lang='grc' dir='ltr'><strong>τοῦ</strong></span> <span class='ocrx_word' id='word_1_794' title='bbox 1181 5456 1488 5511; x_wconf 83' lang='grc' dir='ltr'>ὑπευθύνου</span> <span class='ocrx_word' id='word_1_795' title='bbox 1521 5456 1755 5529; x_wconf 81' lang='grc' dir='ltr'>δεξάμε-</span> 
     </span>
    </p>
   </div>
   <div class='ocr_carea' id='block_1_107' title="bbox 201 5546 1758 5623">
    <p class='ocr_par' dir='ltr' id='par_1_107' title="bbox 201 5546 1758 5623">
     <span class='ocr_line' id='line_1_107' title="bbox 201 5546 1758 5623; baseline -0.003 -16"><span class='ocrx_word' id='word_1_796' title='bbox 201 5556 292 5608; x_wconf 68' lang='grc' dir='ltr'>νος.</span> <span class='ocrx_word' id='word_1_797' title='bbox 309 5546 482 5605; x_wconf 79' lang='grc' dir='ltr'>δίδωσι</span> <span class='ocrx_word' id='word_1_798' title='bbox 496 5549 580 5622; x_wconf 83' lang='grc' dir='ltr'><strong>τῷ</strong></span> <span class='ocrx_word' id='word_1_799' title='bbox 606 5549 839 5623; x_wconf 80' lang='grc' dir='ltr'>μείζονι.</span> <span class='ocrx_word' id='word_1_800' title='bbox 869 5552 1137 5605; x_wconf 69' lang='grc' dir='ltr'>Ἀστατον</span> <span class='ocrx_word' id='word_1_801' title='bbox 1160 5550 1218 5604; x_wconf 85' lang='grc' dir='ltr'><strong>δέ</strong></span> <span class='ocrx_word' id='word_1_802' title='bbox 1240 5552 1389 5605; x_wconf 73' lang='grc' dir='ltr'>ἔστιν</span> <span class='ocrx_word' id='word_1_803' title='bbox 1412 5550 1473 5603; x_wconf 80' lang='grc' dir='ltr'>τὸ</span> <span class='ocrx_word' id='word_1_804' title='bbox 1492 5553 1593 5623; x_wconf 81' lang='grc' dir='ltr'>τῆς</span> <span class='ocrx_word' id='word_1_805' title='bbox 1621 5550 1758 5623; x_wconf 76' lang='grc' dir='ltr'>ὴμέ-</span> 
     </span>
    </p>
   </div>
   <div class='ocr_carea' id='block_1_108' title="bbox 206 5641 1753 5717">
    <p class='ocr_par' dir='ltr' id='par_1_108' title="bbox 206 5641 1753 5717">
     <span class='ocr_line' id='line_1_108' title="bbox 206 5641 1753 5717; baseline 0.004 -24"><span class='ocrx_word' id='word_1_806' title='bbox 206 5649 290 5706; x_wconf 67' lang='grc' dir='ltr'><strong>ρας</strong></span> <span class='ocrx_word' id='word_1_807' title='bbox 311 5641 504 5715; x_wconf 78' lang='grc' dir='ltr'>ταύτης</span> <span class='ocrx_word' id='word_1_808' title='bbox 524 5644 769 5717; x_wconf 87' lang='grc' dir='ltr'>χρυσίον,</span> <span class='ocrx_word' id='word_1_809' title='bbox 792 5643 1037 5717; x_wconf 81' lang='grc' dir='ltr'>ὥσπερὴ</span> <span class='ocrx_word' id='word_1_810' title='bbox 1060 5644 1169 5699; x_wconf 83' lang='grc' dir='ltr'><strong>τῶν</strong></span> <span class='ocrx_word' id='word_1_811' title='bbox 1192 5643 1496 5709; x_wconf 77' lang='grc' dir='ltr'>παιζόντων</span> <span class='ocrx_word' id='word_1_812' title='bbox 1522 5645 1753 5716; x_wconf 80' lang='grc' dir='ltr'>σφαῖρα,</span> 
     </span>
    </p>
   </div>
   <div class='ocr_carea' id='block_1_109' title="bbox 263 5801 1303 5927">
    <p class='ocr_par' dir='ltr' id='par_1_109' title="bbox 263 5801 1303 5927">
     <span class='ocr_line' id='line_1_109' title="bbox 263 5801 1303 5927; baseline 0.002 -19"><span class='ocrx_word' id='word_1_813' title='bbox 263 5844 302 5876; x_wconf 83' lang='grc'><strong>⁸⁸</strong></span> <span class='ocrx_word' id='word_1_814' title='bbox 329 5846 449 5921; x_wconf 73' lang='lat' dir='ltr'><strong>ch.</strong></span> <span class='ocrx_word' id='word_1_815' title='bbox 478 5801 570 5907; x_wconf 62' lang='lat' dir='ltr'><strong>ini</strong></span> <span class='ocrx_word' id='word_1_816' title='bbox 592 5850 670 5910; x_wconf 76' lang='grc' dir='ltr'><strong>δέ.</strong></span> <span class='ocrx_word' id='word_1_817' title='bbox 757 5849 801 5883; x_wconf 78' lang='grc'><strong><em>⁵⁵</em></strong></span> <span class='ocrx_word' id='word_1_818' title='bbox 833 5847 906 5903; x_wconf 73' lang='lat' dir='ltr'><strong>fa.</strong></span> <span class='ocrx_word' id='word_1_819' title='bbox 936 5849 1303 5927; x_wconf 70' lang='grc' dir='ltr'>δννοήσωμεν.</span> 
     </span>
    </p>
   </div>
   <div class='ocr_carea' id='block_1_110' title="bbox 1938 5156 3447 5240">
    <p class='ocr_par' dir='ltr' id='par_1_110' title="bbox 1938 5156 3447 5240">
     <span class='ocr_line' id='line_1_110' title="bbox 1938 5156 3447 5240; baseline -0.017 -9"><span class='ocrx_word' id='word_1_820' title='bbox 1938 5173 1985 5232; x_wconf 89' lang='grc' dir='ltr'><strong>Ο</strong></span> <span class='ocrx_word' id='word_1_821' title='bbox 2014 5188 2126 5229; x_wconf 87' lang='lat' dir='ltr'><strong>rem</strong></span> <span class='ocrx_word' id='word_1_822' title='bbox 2155 5170 2391 5240; x_wconf 84' lang='lat' dir='ltr'><strong>ineptam</strong></span> <span class='ocrx_word' id='word_1_823' title='bbox 2423 5172 2479 5220; x_wconf 87' lang='lat' dir='ltr'><strong>et</strong></span> <span class='ocrx_word' id='word_1_824' title='bbox 2500 5162 2827 5220; x_wconf 78' lang='lat' dir='ltr'><strong>absurdam!</strong></span> <span class='ocrx_word' id='word_1_825' title='bbox 2873 5159 3076 5215; x_wconf 88' lang='lat' dir='ltr'><strong>Omnes</strong></span> <span class='ocrx_word' id='word_1_826' title='bbox 3110 5156 3286 5211; x_wconf 86' lang='lat' dir='ltr'><strong>aliena</strong></span> <span class='ocrx_word' id='word_1_827' title='bbox 3321 5168 3447 5223; x_wconf 68' lang='lat' dir='ltr'><strong>spe;</strong></span> 
     </span>
    </p>
   </div>
   <div class='ocr_carea' id='block_1_111' title="bbox 1866 5255 3446 5327">
    <p class='ocr_par' dir='ltr' id='par_1_111' title="bbox 1866 5255 3446 5327">
     <span class='ocr_line' id='line_1_111' title="bbox 1866 5255 3446 5327; baseline -0.018 0"><span class='ocrx_word' id='word_1_828' title='bbox 1866 5279 2049 5327; x_wconf 87' lang='lat' dir='ltr'><strong>rantes</strong></span> <span class='ocrx_word' id='word_1_829' title='bbox 2076 5281 2140 5321; x_wconf 89' lang='lat' dir='ltr'><strong>ac</strong></span> <span class='ocrx_word' id='word_1_830' title='bbox 2168 5265 2235 5321; x_wconf 86' lang='lat' dir='ltr'><strong>iis</strong></span> <span class='ocrx_word' id='word_1_831' title='bbox 2259 5261 2554 5325; x_wconf 88' lang='lat' dir='ltr'><strong>inhiantes,</strong></span> <span class='ocrx_word' id='word_1_832' title='bbox 2586 5258 2900 5313; x_wconf 85' lang='lat' dir='ltr'><strong>discurrunt</strong></span> <span class='ocrx_word' id='word_1_833' title='bbox 2939 5260 3103 5322; x_wconf 84' lang='lat' dir='ltr'><strong>atque</strong></span> <span class='ocrx_word' id='word_1_834' title='bbox 3146 5255 3446 5317; x_wconf 78' lang='lat' dir='ltr'><strong>vagantur;</strong></span> 
     </span>
    </p>
   </div>
   <div class='ocr_carea' id='block_1_112' title="bbox 1862 5336 3445 5435">
    <p class='ocr_par' dir='ltr' id='par_1_112' title="bbox 1862 5336 3445 5435">
     <span class='ocr_line' id='line_1_112' title="bbox 1862 5336 3445 5435; baseline -0.02 -14"><span class='ocrx_word' id='word_1_835' title='bbox 1862 5365 1961 5435; x_wconf 84' lang='lat' dir='ltr'><strong>qui</strong></span> <span class='ocrx_word' id='word_1_836' title='bbox 1993 5373 2191 5416; x_wconf 88' lang='lat' dir='ltr'><strong>munus</strong></span> <span class='ocrx_word' id='word_1_837' title='bbox 2216 5354 2504 5418; x_wconf 90' lang='lat' dir='ltr'><strong>dederunt,</strong></span> <span class='ocrx_word' id='word_1_838' title='bbox 2528 5351 2744 5418; x_wconf 85' lang='lat' dir='ltr'><strong>dolent;</strong></span> <span class='ocrx_word' id='word_1_839' title='bbox 2795 5347 2887 5418; x_wconf 91' lang='lat' dir='ltr'><strong>qui</strong></span> <span class='ocrx_word' id='word_1_840' title='bbox 2940 5347 3295 5413; x_wconf 86' lang='lat' dir='ltr'><strong>acceperunt,</strong></span> <span class='ocrx_word' id='word_1_841' title='bbox 3342 5336 3445 5435; x_wconf 66' lang='lat' dir='ltr'><strong>sibi</strong></span> 
     </span>
    </p>
   </div>
   <div class='ocr_carea' id='block_1_113' title="bbox 1866 5430 3447 5521">
    <p class='ocr_par' dir='ltr' id='par_1_113' title="bbox 1866 5430 3447 5521">
     <span class='ocr_line' id='line_1_113' title="bbox 1866 5430 3447 5521; baseline -0.018 -8"><span class='ocrx_word' id='word_1_842' title='bbox 1866 5430 1973 5515; x_wconf 80' lang='lat' dir='ltr'><strong>non</strong></span> <span class='ocrx_word' id='word_1_843' title='bbox 2008 5455 2268 5521; x_wconf 86' lang='lat' dir='ltr'><strong>retinent,</strong></span> <span class='ocrx_word' id='word_1_844' title='bbox 2299 5458 2395 5506; x_wconf 88' lang='lat' dir='ltr'><strong>aut</strong></span> <span class='ocrx_word' id='word_1_845' title='bbox 2454 5455 2696 5504; x_wconf 82' lang='lat' dir='ltr'><strong>servant.</strong></span> <span class='ocrx_word' id='word_1_846' title='bbox 2738 5439 3154 5498; x_wconf 74' lang='lat' dir='ltr'><strong>Transmittitur</strong></span> <span class='ocrx_word' id='word_1_847' title='bbox 3188 5435 3335 5491; x_wconf 88' lang='lat' dir='ltr'><strong>enim</strong></span> <span class='ocrx_word' id='word_1_848' title='bbox 3376 5430 3447 5486; x_wconf 87' lang='lat' dir='ltr'><strong>ad</strong></span> 
     </span>
    </p>
   </div>
   <div class='ocr_carea' id='block_1_114' title="bbox 1864 5528 3448 5617">
    <p class='ocr_par' dir='ltr' id='par_1_114' title="bbox 1864 5528 3448 5617">
     <span class='ocr_line' id='line_1_114' title="bbox 1864 5528 3448 5617; baseline -0.016 -12"><span class='ocrx_word' id='word_1_849' title='bbox 1864 5549 2034 5617; x_wconf 91' lang='lat' dir='ltr'><strong>alios;</strong></span> <span class='ocrx_word' id='word_1_850' title='bbox 2089 5557 2147 5604; x_wconf 90' lang='lat' dir='ltr'><strong>et</strong></span> <span class='ocrx_word' id='word_1_851' title='bbox 2192 5544 2342 5617; x_wconf 89' lang='lat' dir='ltr'><strong>quod</strong></span> <span class='ocrx_word' id='word_1_852' title='bbox 2371 5542 2495 5615; x_wconf 88' lang='lat' dir='ltr'><strong>quis</strong></span> <span class='ocrx_word' id='word_1_853' title='bbox 2553 5556 2583 5596; x_wconf 90' lang='lat' dir='ltr'><strong>a</strong></span> <span class='ocrx_word' id='word_1_854' title='bbox 2619 5540 2818 5596; x_wconf 90' lang='lat' dir='ltr'><strong>cliente</strong></span> <span class='ocrx_word' id='word_1_855' title='bbox 2845 5537 3045 5591; x_wconf 90' lang='lat' dir='ltr'><strong>donum</strong></span> <span class='ocrx_word' id='word_1_856' title='bbox 3100 5528 3349 5599; x_wconf 82' lang='lat' dir='ltr'><strong>accepit,</strong></span> <span class='ocrx_word' id='word_1_857' title='bbox 3381 5539 3448 5581; x_wconf 86' lang='lat' dir='ltr'><strong>eo</strong></span> 
     </span>
    </p>
   </div>
   <div class='ocr_carea' id='block_1_115' title="bbox 1866 5620 3446 5717">
    <p class='ocr_par' dir='ltr' id='par_1_115' title="bbox 1866 5620 3446 5717">
     <span class='ocr_line' id='line_1_115' title="bbox 1866 5620 3446 5717; baseline -0.014 -18"><span class='ocrx_word' id='word_1_858' title='bbox 1866 5657 2025 5699; x_wconf 88' lang='lat' dir='ltr'><strong>suum</strong></span> <span class='ocrx_word' id='word_1_859' title='bbox 2051 5640 2167 5713; x_wconf 88' lang='lat' dir='ltr'><strong>ipse</strong></span> <span class='ocrx_word' id='word_1_860' title='bbox 2192 5647 2484 5717; x_wconf 84' lang='lat' dir='ltr'><strong>patronum</strong></span> <span class='ocrx_word' id='word_1_861' title='bbox 2513 5632 2745 5705; x_wconf 83' lang='lat' dir='ltr'><strong>aliquem</strong></span> <span class='ocrx_word' id='word_1_862' title='bbox 2773 5632 3111 5683; x_wconf 84' lang='lat' dir='ltr'><strong>muneratur.</strong></span> <span class='ocrx_word' id='word_1_863' title='bbox 3140 5620 3368 5681; x_wconf 75' lang='lat' dir='ltr'><strong>Fluxttm</strong></span> <span class='ocrx_word' id='word_1_864' title='bbox 3392 5624 3446 5682; x_wconf 80' lang='lat' dir='ltr'><strong>et</strong></span> 
     </span>
    </p>
   </div>
  </div>
