3824 6270
355 331 496 390 2ἰ9’
1208 364 1210 367 -
1657 331 1716 387 S.
1759 329 2038 387 ASTERII
2079 329 2376 388 AMASENI
3514 327 3633 388 223

363 449 680 505 inconstans
710 447 871 520 hujus
899 446 1037 504 lucis
1060 460 1252 503 aurum
1303 454 1408 514 est,
1457 455 1515 502 et
1536 447 1690 518 quasi
1723 448 1936 518 sphaera

2076 448 2212 514 ξέως
2253 447 2385 520 παρ’
2410 445 2546 517 ἐμοῦ
2574 445 2926 518 πεμπόμενον
2955 443 3092 517 πρὸς
3131 443 3224 499 τὸν
3263 444 3468 516 ἕτερον.
3512 445 3635 500 Καὶ

364 539 565 594 lusoria
593 539 663 594 ab
686 539 794 596 alio
824 539 1007 595 statim
1035 540 1102 594 ad
1133 538 1300 593 alium
1355 538 1568 594 transit.
1621 537 1804 593 Novus
1857 539 1946 594 hic

2076 540 2238 604 ιαινὸς
2271 539 2607 612 δωροφορίας
2638 539 2732 592 καὶ
2766 536 3112 609 λειτουργίας
3136 536 3358 608 τρόπος,
3387 537 3640 607 ἀπαραί-

363 630 687 684 nmnerandi
721 633 944 696 modus;
991 644 1194 685 novum
1251 628 1429 684 cultus
1462 629 1820 699 obsequiique
1850 644 1946 700 ge-

2076 649 2212 703 ἠτον
2239 631 2379 702 ἔχων
2399 632 2498 703 τῆς
2513 631 2761 701 ἀνάγκης
2779 629 2877 702 τὴν
2902 631 3182 701 εἰσφοράν.
3215 629 3272 682 '0
3293 627 3404 699 γὰρ
3423 625 3636 700 μείζων

365 736 487 786 nus,
524 736 648 776 cum
695 721 1078 792 indeprecabili
1143 721 1522 792 pensitationis
1583 721 1702 776 sive
1757 722 1944 776 tributi

2076 723 2153 776 ιαὶ
2186 722 2398 787 ἔνδοξος
2427 723 2695 776 δυσωπεῖ·
2753 723 2782 775 ὀ
2832 720 3071 776 ὲλάττων
3105 722 3274 774 αίτεῖο
3305 719 3399 774 καὶ
3429 719 3638 781 πάντες

366 814 691 868 necessitate
745 814 1114 884 c0njunctum.
1178 812 1312 868 Nam
1377 812 1558 883 major
1587 822 1644 868 et
1687 813 1950 884 dignitate

2076 813 2284 884 ιαθμοϊς
2329 815 2424 867 ἐπὶ
2451 815 2578 878 τοὺς
2605 813 2839 877 κόλπους
2873 812 2981 866 τῶν
3015 811 3391 884 ὑπερεχόντων
3421 811 3641 864 κινοῦν-

371 914 638 974 praestans
663 905 778 976 ipsa
830 905 1008 961 vultus
1067 905 1150 960 sui
1186 904 1488 960 reverentia
1525 913 1739 972 movet;
1770 905 1950 961 minor

2076 926 2161 963 rat.
2199 908 2310 962 Καὶ
2337 909 2476 978 ὅπερ
2506 907 2597 960 ἐπὶ
2621 906 2719 976 τῆς
2750 903 3007 977 συρροίας
3032 903 3139 956 τῶν
3163 903 3374 956 ὑδάτων
3394 903 3636 972 γίνεται,

367 999 532 1068 petit;
559 1007 723 1068 atque
768 1013 959 1054 omnes
1009 997 1146 1052 velut
1187 997 1446 1068 gradibus
1487 997 1542 1052 in
1583 998 1948 1067 potentiorum

365 1090 518 1145 sinus
547 1089 962 1144 exhauriuntur.
994 1089 1254 1158 Quodque
1287 1089 1338 1142 in
1358 1104 1637 1158 .aqnarum
1666 1089 1950 1144 conﬂuen-

368 1181 511 1236 tibus
531 1181 750 1247 accidit,
771 1182 941 1249 ipsum
966 1183 1066 1234 hoc
1105 1181 1572 1249 inpraesentiarum
1595 1180 1805 1235 videas.
1837 1181 1951 1237 Illic

364 1270 512 1325 cnim
533 1271 1008 1341 tenuisminorqne
1042 1271 1186 1324 rivus
1208 1272 1259 1324 in
1276 1272 1438 1325 alium
1467 1271 1724 1340 majorem
1750 1271 1948 1338 inﬂuit,

367 1361 565 1430 hicque
597 1361 703 1418 alio
754 1378 940 1416 rursus
1001 1363 1274 1432 grandiori
1329 1377 1392 1417 ac
1445 1363 1616 1433 magis
1661 1363 1954 1418 exundanti

371 1453 762 1508 absconditur:
795 1462 958 1522 atque
1013 1459 1148 1508 adeo
1202 1455 1440 1508 minores
1473 1454 1628 1508 multi
1686 1454 1785 1510 rivi
1821 1470 1955 1509 con-

2053 1001 2211 1056 τοῦτο
2260 1001 2356 1056 νῦν
2404 1000 2553 1054 ἐστιν
2601 999 2748 1053 ίδεϊν.
2795 998 2907 1052 Καὶ
2951 997 3062 1068 γὰρ
3091 997 3209 1050 ἐκεῖ
3256 995 3452 1060 λεπτὸς
3493 993 3642 1066 ρύαξ

2055 1091 2403 1164 ἀποῤῥεύσας
2450 1093 2576 1155 τοὺς
2611 1091 2757 1164 ροῦς,
2806 1090 2885 1162 τῷ
2928 1090 3047 1161 μετ’
3089 1087 3254 1142 αὐτὸν
3292 1087 3387 1141 καὶ
3426 1086 3643 1158 μείζονι

2059 1182 2314 1252 μίγνυται
2335 1201 2348 1213 ·
2381 1183 2629 1246 κάκεῖνος
2654 1181 2990 1235 καλύπτεται
3013 1179 3174 1234 πάλιν
3201 1177 3348 1251 παρὰ
3373 1177 3469 1231 τοῦ
3499 1177 3646 1248 μᾶλ-

2055 1272 2146 1325 λον
2191 1272 2680 1343 πλημμυροῦντος·
2722 1273 2817 1326 καὶ
2852 1271 3025 1326 πολλά
3063 1271 3362 1342 λεπτότερα
3388 1269 3646 1343 ῥεύματα

2057 1362 2430 1434 ἀθροισθέντα,
2467 1363 2713 1434 ποταμοῦ
2753 1362 2993 1432 γείτονος
3036 1362 3321 1434 προσθήκη
3363 1363 3641 1432 γίνονταιο

2055 1449 2210 1517 οὗτος
2240 1453 2401 1508 πάλιν
2451 1454 2639 1526 ἑτέρου
2670 1453 2764 1508 τοῦ
2802 1453 3071 1525 μείζονος,
3118 1455 3213 1508 καὶ
3259 1454 3416 1518 ἀλλος
3450 1454 3643 1518 ἄλλου,

366 1541 540 1610 juncti
577 1545 741 1599 vicini
806 1545 1042 1600 ﬂuminis
1105 1548 1353 1601 accessio
1384 1546 1522 1600 ﬁunt
1564 1546 1748 1615 :quod
1783 1556 1837 1600 et
1873 1548 1957 1616 ip-

2076 1545 2254 1616 ιέχρις
2285 1545 2350 1599 ἂν
2395 1548 2423 1599 ὀ
2453 1545 2763 1609 τελευταῖος
2793 1544 2872 1615 τῷ
2903 1543 3054 1615 βάθει
3097 1546 3191 1598 καὶ
3216 1543 3292 1615 τῷ
3323 1543 3512 1598 πλάτει
3540 1545 3648 1616 τῆς

370 1649 489 1689 sum
544 1635 667 1692 dein
735 1637 966 1691 alterius
1017 1651 1170 1704 mage
1219 1637 1462 1707 majoris,
1505 1647 1668 1707 atque
1699 1637 1775 1692 ita
1804 1638 1958 1692 dein-

2076 1636 2336 1708 )αλάσσης
2359 1637 2736 1709 ὲγκαθορμίσῃ
2758 1637 2819 1690 τὸ
2844 1636 3009 1709 ῦδωρ.
3050 1637 3244 1708 Ἐορτὴ
3267 1635 3405 1706 αῦτη
3431 1633 3648 1705 ψευδώ-

371 1742 538 1796 ceps,
608 1728 732 1781 dum
815 1738 1119 1783 extremum
1197 1728 1304 1782 lato
1361 1727 1735 1798 profundoque
1817 1729 1952 1784 mari

2076 1745 2246 1799 νυμος,
2281 1728 2576 1798 ὲπαχθείας
2611 1729 2857 1800 γέμουσα
2877 1747 2891 1760 ·
2921 1729 3014 1783 καὶ
3043 1728 3153 1800 γάρ
3181 1730 3215 1799 ἡ
3250 1727 3473 1800 πρόοδος
3527 1728 3651 1780 ἑπ-

371 1819 680 1874 misceatur.
747 1817 966 1874 Festum
1036 1821 1138 1874 hoc
1221 1837 1324 1875 non
1385 1819 1605 1887 festum,
1641 1867 1646 1870 .
1683 1829 1739 1875 et
1805 1837 1957 1877 men-

2076 1797 2256 1889 ιχνθὴς,
2297 1797 2468 1890 καινή
2513 1797 2659 1872 ἔνδον
2683 1797 2831 1891 ’μονὴ
2852 1819 2951 1873 οὐκ
2988 1797 3358 1890 ἀνενόχλητος.
3399 1818 3652 1890 Δημόται

373 1910 492 1963 daci
525 1925 747 1980 prorsus
783 1913 1022 1977 nomine,
1067 1912 1280 1982 plenum
1339 1913 1656 1968 acerbitatis
1696 1926 1758 1967 ac
1788 1912 1957 1967 mole-

2076 1910 2172 1981 γάρ
2197 1910 2453 1984 ἀγύρται,
2478 1913 2572 1966 καὶ
2601 1913 2650 1965 οἱ
2673 1912 2771 1981 τῆς
2791 1911 3100 1983 ὀρχήστρας
3127 1911 3540 1981 θαυματοποιοὶ,
3563 1913 3652 1974 είς

373 2002 520 2068 διίως
552 2017 716 2071 grave
750 2004 1138 2073 prodeuntibus
1187 2004 1240 2058 in
1303 2005 1612 2074 publicum,
1679 2019 1844 2072 grave
1899 2018 1958 2058 se

2076 2002 2248 2068 τάξεις
2304 1994 2400 2056 καὶ
2464 2005 2783 2075 συστήματα
2838 2004 3066 2067 ἑαυτοὺς
3136 2003 3648 2075 καταμερίσαντες,

373 2092 516 2146 domi
546 2094 971 2149 continentibus.
1001 2093 1146 2151 Viles
1200 2096 1344 2152 enim
1395 2097 1460 2149 de
1491 2096 1644 2165 plebe
1684 2095 1953 2160 homines,

373 2183 728 2241 circulatores
783 2202 847 2242 ac
896 2187 1097 2242 scenici
1146 2188 1569 2258 praestigiatores
1633 2188 1685 2242 in
1746 2196 1954 2242 turmas

377 2275 627 2342 discreti,
663 2278 859 2347 cuique
917 2280 1097 2340 domui
1173 2279 1504 2334 clamoribus
1551 2295 1614 2334 ac
1655 2279 1958 2348 plausibus,

376 2366 522 2419 velut
553 2365 728 2421 fausta
757 2381 1066 2438 precantes,
1096 2369 1399 2427 molestiam
1418 2370 1697 2426 exhibent.
1721 2369 1959 2424 Accirca

374 2466 702 2526 qumstorum
731 2460 945 2528 quidem
993 2461 1189 2529 januas
1247 2462 1578 2530 pertinacius
1600 2461 1829 2527 haerent,
1857 2459 1957 2515 do-

377 2564 475 2604 nec
503 2552 716 2605 tandem
767 2554 858 2622 qui
891 2554 1036 2607 intus
1066 2553 1370 2620 obsidetur,
1433 2555 1592 2608 taedio
1621 2569 1684 2609 ac
1711 2553 1961 2608 molestia

375 2653 731 2713 expugnatus,
752 2646 1033 2713 pecuniam
1057 2646 1495 2716 projiciat,quam
1522 2647 1705 2708 habet.
1725 2655 1779 2701 et
1794 2661 1960 2716 quam

379 2750 484 2788 non
541 2737 1087 2806 habet.Vicissimque
1143 2738 1232 2793 alii
1285 2738 1418 2794 alias
1468 2739 1710 2809 aliasque
1762 2740 1962 2793 adeunt

380 2824 547 2891 fores,
609 2841 706 2882 nec
743 2829 847 2882 ulla
881 2837 1004 2883 ante
1042 2843 1222 2882 seram
1287 2843 1570 2898 vesperam
1612 2828 1738 2883 mali
1776 2828 1966 2883 remis-

2065 2095 2304 2166 ἑκάστην
2336 2096 2515 2149 οἰκίαν
2538 2096 2838 2167 διοχλοῦσιν
2859 2113 2874 2128 °
2901 2097 2994 2150 καὶ
3021 2096 3180 2168 δῆθεν
3213 2096 3310 2166 μὲν
3335 2095 3653 2167 εὐφημοῦσι

2059 2187 2153 2240 καὶ
2195 2186 2603 2258 ὲπικροτοῦσιν,
2642 2188 2860 2259 μένουσι
2899 2189 2956 2243 δὲ
2991 2188 3126 2261 πρὸς
3159 2192 3280 2251 ταῖς
3309 2188 3503 2251 πύλαις
3532 2187 3650 2242 τῶν

2061 2281 2394 2352 πρακτῄρων
2441 2279 2837 2353 εὐτονώτερον,
2874 2278 3067 2350 μέχρις
3099 2279 3165 2333 ἂν
3195 2279 3583 2342 ἀποκναισθεὶς
3612 2279 3653 2331 ὀ

2057 2373 2203 2428 ἔνδον
2251 2373 2746 2448 πολιορκούμενος,
2799 2374 3035 2447 προῆται
3087 2372 3150 2426 τὸ
3192 2372 3457 2445 ἀργύριον
3503 2373 3653 2443 ὅπερ

2067 2466 2202 2538 ἔχει,
2239 2467 2330 2521 καὶ
2372 2467 2400 2520 ὃ
2433 2467 2495 2520 οὐ
2547 2467 2832 2537 κέκτηται.
2875 2465 3196 2537 Ἀμοιϐαδὺν
3237 2465 3296 2518 δὲ
3331 2465 3654 2536 προσιόντες

2066 2561 2185 2622 ταῖς
2208 2559 2427 2630 θύραις,
2450 2559 2711 2629 ἀλλήλους
2739 2559 3095 2629 διαδέχονται,
3119 2558 3215 2612 καὶ
3245 2557 3436 2628 μέχρις
3463 2556 3654 2626 δείλης

2067 2650 2226 2719 ὀψίας
2257 2651 2442 2713 ἄνεσις
2474 2651 2574 2704 οὐκ
2605 2651 2750 2704 ἐστιν
2774 2650 2869 2704 τοῦ
2900 2650 3100 2704 κακοῦο
3143 2649 3280 2703 ἀλλά
3313 2649 3512 2718 φατρία
3545 2665 3654 2716 φα-

2067 2741 2227 2811 τρίαν
2268 2741 2702 2812 καταλαμϐάνει.
2752 2741 2848 2795 καὶ
2887 2741 2982 2812 βοὴ
3017 2740 3167 2812 βοὴν,
3204 2740 3298 2794 καλ⁵
3338 2739 3511 2810 ζημία
3547 2738 3645 2810 ζη-

2074 2846 2226 2900 μιαν.
3382 2859 3386 2863 ·

377 2917 460 2973 sio
509 2919 597 2973 lit:
635 2921 764 2991 quin
807 2930 978 2975 turma
1015 2929 1246 2975 turmam
1277 2922 1516 2992 excipit,
1568 2921 1772 2977 clamor
1808 2921 2126 2987 clamorem,
2161 2922 2369 2991 jactura
2403 2924 2692 2994 jacturam.

453 3097 738 3169 Egregium
764 3088 868 3152 hac
891 3097 1111 3164 festum,
1158 3099 1284 3154 atris
1336 3097 1497 3152 alieni
1527 3113 1692 3154 causa
1719 3113 1783 3152 ac
1813 3097 1959 3152 feno-

2139 3098 2292 3172 Αὕτη
2335 3101 2369 3169 ἡ
2403 3098 2652 3170 βελτίστη
2701 3097 2900 3170 ἑορτὴ,
2948 3095 3455 3167 καὶλδανεισμάτων
3498 3097 3656 3150 αἰτία

380 3191 861 3260 riszpaupertatis
916 3192 1153 3256 occasio,
1191 3191 1532 3246 miseriarum
1597 3190 1838 3245 initium.
1901 3187 1961 3244 Si

379 3282 504 3353 quis
531 3283 601 3337 ob
632 3281 968 3336 fortunarum
1028 3281 1347 3337 tenuitatem
1413 3281 1573 3336 iidem
1611 3299 1716 3337 non
1746 3283 1962 3346 habeat,

381 3374 582 3444 quique
621 3383 866 3427 mutuum
905 3375 1016 3438 det,
1047 3375 1285 3428 inveniat
1317 3375 1612 3441 neminem,
1648 3375 1880 3428 trahitur
1903 3389 1966 3428 ac

383 3475 633 3533 vexatur,
664 3475 722 3519 ut
755 3465 842 3520 ille
871 3467 961 3534 qui
999 3467 1118 3521 foro
1146 3469 1366 3532 cedens,
1412 3466 1603 3522 [iscum
1636 3483 1698 3521 ac
1722 3467 1961 3535 vectigao

384 3557 454 3611 lia
481 3558 626 3626 regia
653 3558 926 3612 deseruit:
962 3559 1163 3633 plorat,
1226 3557 1379 3625 quasi
1422 3557 1686 3611 bonorum
1737 3556 1969 3626 proscri-

385 3647 569 3718 ptione
595 3649 854 3703 multetur
905 3667 920 3703 :
954 3649 1300 3714 lamentatur,
1332 3663 1398 3703 ac
1429 3647 1474 3703 si
1505 3649 1558 3702 in
1579 3649 1843 3703 latronum
1861 3664 1970 3701 ma-

385 3757 488 3795 nus
517 3741 773 3797 inciderit
809 3757 825 3806 ;
856 3741 1174 3804 custoditur,
1203 3742 1544 3796 verberatur.
1583 3741 1638 3816 Si
1671 3739 1966 3810 pauxillum

387 3832 592 3902 aliquid
663 3834 716 3888 iu
750 3834 1006 3888 alimenta
1038 3833 1285 3904 conjugis
1315 3849 1378 3889 ac
1418 3836 1742 3889 miserorum
1771 3833 1968 3888 libero-

387 3943 506 3980 rum
547 3927 693 3981 domi
716 3927 990 3981 conditum
1049 3926 1139 3990 sit,
1195 3926 1462 3995 promitur
1494 3926 1546 3980 id
1573 3937 1626 3980 et
1657 3924 1966 3996 projicitur;

387 4031 451 4069 ac
490 4017 640 4070 sedet
678 4015 766 4069 ille
793 4029 916 4070 cum
947 4015 1108 4070 domo
1149 4022 1280 4078 tota,
1331 4027 1426 4082 per
1455 4012 1654 4067 festum
1700 4012 1802 4066 hoc
1834 4026 1970 4080 prae-

386 4106 592 4161 clarum
625 4107 872 4161 esuriens
924 4120 988 4160 ac
1044 4105 1287 4158 omnium
1349 4104 1581 4174 indigus.
1616 4102 1764 4158 Nova
1792 4117 1971 4171 pravae

388 4199 797 4254 consuetudinis
836 4197 942 4263 lex,
979 4197 1257 4253 molestias
1309 4205 1364 4251 et
1392 4195 1620 4250 all'anias
1651 4195 1966 4261 celebrare,

386 4289 810 4359 pauperiemque
836 4304 900 4343 ac
929 4288 1275 4358 indigentiam
1309 4285 1507 4343 festum
1531 4285 1823 4356 appellare.

461 4443 585 4498 Dies
615 4444 733 4497 haec
783 4441 986 4496 teneris
1040 4454 1105 4495 ac
1161 4438 1590 4510 simplicioribus
1631 4440 1814 4509 pueris
1875 4453 1966 4494 ar-

2069 3191 2276 3261 γίνεται
2297 3194 2410 3255 τοῖς
2433 3190 2762 3264 ἀνθρώποις,
2789 3191 3108 3244 καὶτούτων
3132 3190 3366 3244 ὲντόκων
3381 3207 3394 3220 ·
3416 3190 3655 3262 ἀφορμὴ

2069 3281 2280 3345 πενίας,
2321 3280 2750 3352 δυστυχημάτων
2789 3281 2954 3350 ἀρχή.
2997 3280 3093 3331 Ἂν
3125 3278 3182 3330 δέ
3215 3295 3300 3341 τις
3342 3276 3430 3330 διὰ
3456 3277 3518 3330 τὸ
3549 3277 3656 3347 τῆς

2068 3372 2226 3440 ἀξίας
2253 3371 2635 3438 ἀναξιόπιστον
2665 3371 2800 3442 μηδὲ
2839 3371 2934 3424 τοῦ
2967 3370 3308 3435 δανείζοντος
3341 3370 3653 3441 εὐπορήσῃ,

2069 3464 2312 3527 ἕλκεται,
2353 3463 2428 3526 ώς
2456 3464 2583 3526 τοὺς
2624 3463 2824 3533 φόρους
2864 3463 2990 3526 τοὺς
3036 3461 3347 3531 βασιλικοὺς
3395 3460 3656 3523 ἐλλιπὼν,

2072 3556 2298 3626 δακρύει
2323 3556 2399 3620 ὡς
2425 3558 2452 3609 ὀ
2481 3555 2544 3624 δη
2555 3556 2874 3625 μευόμενος,
2915 3553 3235 3625 ὀλοφύρεται
3261 3553 3336 3616 ὡς
3366 3555 3396 3606 ὀ
3427 3552 3657 3623 λῃσταῖς

2071 3647 2412 3720 περιπεσὼν,
2443 3651 2783 3720 φρουρεῖται,
2810 3645 3150 3719 μαστίζεται.
3180 3648 3277 3700 Ἂν
3297 3645 3356 3700 δέ
3376 3663 3429 3698 τι
3455 3646 3658 3717 μικρὸν

2073 3742 2295 3813 ὑπάρχῃ
2338 3740 2482 3795 κατὰ
2511 3739 2610 3811 τὴν
2643 3739 2820 3793 οίκίαν
2847 3742 2927 3803 είς
2951 3739 3246 3811 διατροφὴν
3275 3739 3522 3809 γαμετῆς
3555 3738 3658 3792 καὶ

2073 3832 2280 3886 παίδων
2298 3832 2518 3898 ἀθλίων,
2535 3831 2692 3886 τοῦτο
2716 3833 2966 3904 προΐεται
2988 3848 3002 3861 ο
3027 3831 3262 3901 κάθηται
3285 3830 3342 3882 δὲ
3365 3830 3654 3900 λιμώττων

2075 3925 2341 3993 παγγενεὶ
2363 3924 2454 3977 ἐπὶ
2471 3925 2570 3995 τῆς
2591 3923 2824 3993 φαιδρᾶς
2850 3924 3062 3994 ἑορτῆς.
3092 3923 3292 3986 Καινδς
3318 3922 3496 3992 κακῆς
3522 3938 3654 3975 συν-

2073 4016 2510 4089 ηθείαςινόμος,
2590 4015 2783 4088 ἀηδίαν
2835 4016 3216 4087 ὲορτάζεσθαι,
3274 4016 3368 4069 καὶ
3411 4012 3650 4084 ἀπορίαν

2074 4107 2381 4181 ἀνθρώπων
2415 4109 2724 4180 πανήγυριν
2755 4107 3034 4177 λέγεσθαι.

2142 4447 2291 4518 Αῦτη
2324 4447 2357 4518 ή
2403 4446 2585 4518 ἡμέρα
2625 4445 2720 4499 καὶ
2757 4445 2885 4507 τοὺς
2913 4443 3141 4516 μικροὺς
3172 4443 3369 4506 παῖδας
3398 4444 3489 4496 καὶ
3521 4443 3662 4514 ἀφε-

390 4535 536 4606 genti
587 4533 936 4602 cupiditatem
995 4547 1060 4587 ac
1119 4532 1361 4586 avaritia:
1411 4530 1650 4586 studium
1685 4530 1959 4599 iinstillat;

2076 4541 2183 4604 λείς
2214 4541 2309 4592 καὶ
2333 4538 2624 4601 ἀπλοῖκούς
2684 4535 3056 4608 φιλαργύρους
3091 4531 3231 4588 εἶναι
3259 4533 3519 4597 διδάσκει,
3553 4535 3658 4588 καὶ

388 4629 655 4694 docetque
677 4627 744 4679 ab
777 4639 880 4677 una
907 4623 975 4678 ad
1001 4623 1163 4678 aliam
1192 4623 1426 4679 transire
1472 4624 1713 4699 domum,
1745 4637 1809 4676 ac
1830 4637 1968 4678 novo

389 4732 614 4774 munere
643 4732 800 4787 poma
829 4717 1104 4785 argenteis
1146 4725 1426 4785 compacta
1459 4713 1677 4770 oﬂ‘erre.
1709 4713 1814 4770 Pro
1847 4716 1968 4785 qui-

387 4811 490 4864 bus
517 4807 737 4877 duplum
769 4809 942 4876 ipsum
996 4807 1261 4872 redditur,
1325 4806 1558 4875 indeque
1587 4815 1789 4862 tenera:
1813 4821 1966 4862 men-

388 4907 471 4954 tes
499 4901 565 4952 ad
597 4898 1019 4952 nundinationes
1048 4908 1104 4951 et
1152 4908 1422 4966 quaestum
1448 4897 1766 4953 illiberalem
1799 4897 1968 4952 infor-

389 4993 525 5046 mari
555 4990 838 5059 incipiunt.
871 4987 1072 5045 Sacros
1099 5000 1278 5045 autem
1309 4990 1653 5059 Optimosque
1701 4989 1972 5060 agricolas

387 5085 604 5155 quantis
634 5084 747 5139 dies
775 5083 934 5137 malis
964 5081 1159 5138 allicit!
1209 5082 1496 5137 Abstinere
1523 5081 1759 5151 publico,
1793 5083 1971 5137 vicos-

387 5193 494 5250 que
521 5187 578 5232 et
624 5178 830 5246 plateas
890 5177 1042 5231 urbis
1074 5175 1262 5244 lugere
1289 5185 1580 5244 coguntur,
1617 5173 1788 5244 magis
1809 5188 1968 5242 quant

387 5276 524 5331 retia
546 5275 758 5344 lepores
810 5292 826 5329 :
880 5285 1005 5329 nam
1038 5273 1082 5328 si
1143 5273 1232 5343 qui
1273 5272 1646 5340 inveniuntur,
1678 5275 1971 5327 verberan-

389 5376 498 5433 tur,
525 5365 918 5422 contumeliose
939 5365 1247 5430 habentur;
1273 5365 1440 5434 siqua
1466 5364 1518 5418 in
1551 5363 1802 5419 manibus
1820 5372 1968 5428 sunt,

392 5458 669 5525 amittunt;
703 5459 756 5512 in
787 5473 943 5527 pace,
978 5457 1212 5513 hostium
1245 5471 1396 5512 more
1440 5456 1810 5522 incessuntur,
1843 5455 1970 5510 sub-

388 5561 688 5607 sannantur
729 5565 852 5604 cum
885 5549 1086 5614 verbis,
1118 5557 1229 5602 lunt
1259 5547 1420 5603 factis
1455 5547 1793 5613 illuduntur;
1829 5548 1968 5615 inju-

391 5642 474 5698 ria
507 5643 655 5696 omni
686 5640 990 5695 abiciuntur
1013 5640 1203 5710 optimi
1239 5638 1413 5694 nostri
1449 5638 1756 5709 prophetze,
1813 5638 1969 5693 mali-

397 5733 486 5790 tia
513 5731 690 5789 omnis
713 5740 965 5802 expertes
1022 5732 1358 5799 animantes,
1394 5729 1668 5802 simplices
1689 5729 1784 5787 Dei
1825 5731 1954 5787 ima-

2075 4631 2486 4704 παρασκευάζει
2533 4632 2712 4684 οἰκίαν
2750 4630 3001 4701 ἀμείϐειν
3045 4627 3104 4694 ἐξ
3146 4629 3346 4692 οίκίας,
3378 4629 3472 4682 καὶ
3501 4627 3662 4698 δῶρα

2075 4723 2405 4796 προσφέρειν
2445 4721 2625 4784 καινὰ,
2673 4719 2894 4792 ὀπώρας
2938 4721 3186 4794 ἀργυρίῳ
3231 4721 3658 4793 καθηλωμένας.

2075 4818 2265 4870 Ἔστιν
2301 4815 2359 4868 δὲ
2387 4816 2422 4884 ἡ
2459 4813 2606 4876 δόσις
2641 4811 2737 4866 τοῦ
2779 4811 2968 4866 διπλοῦ
3002 4813 3293 4876 ἀντίδοσις,
3326 4813 3421 4865 καὶ
3455 4811 3517 4865 τὸ
3555 4830 3663 4866 κα-

2077 4908 2306 4980 πηλικὸν
2341 4907 2436 4960 καὶ
2473 4905 2826 4977 ἀνελεύθερον
2866 4905 3115 4959 ἐντεῦθεν
3155 4905 3380 4975 ἄρχεται
3425 4905 3660 4971 ἁπαλοῖς

2073 5003 2187 5063 τοῖς
2226 4999 2570 5069 φρονήμασιν
2609 4997 2974 5052 ὲντυποῦσθαι
2998 4996 3106 5050 τῶν
3132 4996 3288 5051 νέων.
3317 4996 3456 5058 Τοὺς
3479 4995 3535 5048 δὲ
3581 4996 3664 5049 ἱε-

2076 5091 2203 5162 ροὺς
2242 5089 2336 5143 καὶ
2373 5088 2681 5159 βελτίστους
2712 5091 3011 5160 γεωργοὺς,
3055 5083 3142 5142 οἷα
3171 5087 3470 5158 διατίθησιν
3512 5087 3658 5160 αῦτη

2073 5184 2107 5253 ἡ
2133 5182 2348 5254 ἡμέραι
2373 5180 2618 5250 Φευκτὴν
2636 5177 2819 5244 αὐτοῖς
2843 5181 2936 5234 καὶ
2957 5180 3158 5234 ἄϐατον
3179 5179 3276 5250 τὴν
3307 5179 3458 5232 πόλιν
3488 5181 3661 5251 ἐργά-

2075 5275 2261 5339 ζεταισ
2293 5273 2386 5327 καὶ
2417 5272 2618 5344 μᾶλλον
2659 5273 2831 5344 αὐτὴν
2870 5271 3378 5343 ἀποδιδράσκουσιν,
3412 5271 3446 5342 ἢ
3477 5273 3528 5325 οἱ
3554 5273 3660 5326 λα-

2073 5368 2208 5437 γωοὶ
2234 5367 2302 5420 τὰ
2335 5366 2544 5420 δίκτυα.
2573 5367 2636 5418 Οἱ
2674 5365 2784 5437 γὰρ
2815 5363 3193 5436 εὑρισκόμενοι
3277 5362 3657 5433 μαστίξονται,

2078 5459 2484 5531 παροινοῦνται,
2521 5457 2883 5512 ἀπολλύουσιν
2924 5455 2992 5509 τὰ
3025 5458 3084 5508 ὲν
3125 5453 3336 5525 χερσὶν,
3371 5455 3429 5507 ὲν
3461 5457 3660 5530 εἰρήνῃ
3690 5442 3698 5449 ’

2078 5550 2479 5622 πολεμοῦνται,
2521 5549 2996 5620 ὲπιχλευάζονται,
3044 5544 3435 5618 κωμῳδοῦνται
3479 5545 3661 5614 λόγοις

2078 5643 2172 5698 καὶ
2229 5643 2444 5713 ἔργοις·
2497 5641 2830 5711 πληροῦνται
2877 5641 2976 5710 τῆς
3025 5638 3234 5710 ὕϐρεως
3283 5637 3333 5689 oi
3391 5637 3659 5707 βέλτιστοι

2077 5737 2231 5809 ἡμῶν
2269 5735 2568 5807 προφῆται,
2613 5733 2680 5788 τὰ
2719 5733 2967 5804 ἀπόνηρα
3009 5731 3144 5796 ζῶα,
3181 5731 3236 5783 αἱ
3267 5727 3526 5793 ᾁπλοϊκαὶ
3560 5732 3655 5783 τοῦ
