3856 6274
169 326 247 384 921
983 332 1263 390 HOMILIA
1294 334 1384 392 IV.
1420 334 1796 392 ADVERSUS
1837 337 2314 396 KALENDABUM
2350 340 2654 397 FESTUM.

3299 347 3407 397 222

170 442 279 496 Θεοῦ
299 439 522 508 εἰκόνες,
548 444 598 498 oi
628 445 686 498 ὲν
720 443 1006 518 ἐλευθερίᾳ
1038 450 1223 502 πιστοὶ
1250 449 1427 504 δοῦλοι
1460 454 1560 522 τῆς
1581 453 1709 522 ἡμε-

1821 454 2002 523 gines,
2033 455 2121 510 fidi
2158 457 2210 511 in
2244 456 2494 511 libertate
2522 457 2650 511 vita:
2697 463 2895 511 nostrae
2933 455 3074 512 servi
3101 470 3166 510 ac
3196 455 3401 513 famuli.

169 534 302 605 τέρας
326 532 491 602 ζωῆς.
521 532 710 598 Οῦτως
736 535 838 604 μὲν
867 530 962 589 οῦν
988 539 1036 590 οἱ
1071 539 1128 591 ὲν
1157 538 1320 605 τέλει,
1346 538 1520 603 οὕτως
1546 539 1716 610 πένη-

166 643 254 689 τες,
279 625 446 688 οὕτως
481 626 688 691 παιδία,
728 627 900 692 οὔτως
932 630 1204 702 ἄγροικοι.
1239 632 1303 684 Οἱ
1344 631 1441 701 μὲν
1476 634 1586 704 γὰρ
1621 649 1716 702 μο-

166 716 368 786 χθοῦσιν,
400 718 450 769 oi
491 717 549 770 δὲ
585 718 970 788 γογγύζουσιν,
998 723 1046 775 οἱ
1089 722 1146 776 δὲ
1181 723 1544 795 μανθάνουσιν
1571 722 1609 778 ἀ
1638 723 1714 796 μὴ

167 809 330 861 εἰδέναι
356 807 538 862 καλόν.
626 826 629 828 ·

221 898 539 970 Σκεψώμεθα
585 900 643 954 δὲ
685 901 834 965 ὅπως
885 903 980 957 xui
1023 905 1071 957 oi
1113 903 1328 958 ἔνοπλοι
1380 905 1714 978 στρατιῶται

165 993 287 1060 παρὰ
310 992 511 1064 ταύτης
544 992 882 1062 ὠφελοῦνται
915 996 1012 1064 τῆς
1045 997 1265 1068 ἑορτῆς.
1330 998 1425 1062 Είς
1456 999 1714 1070 χρήματα

164 1083 474 1154 ζημιοῦνται,
503 1085 595 1138 xui
619 1085 740 1150 ἑνὸς
765 1085 1124 1157 ἑκπτὼματος
1157 1089 1347 1159 μισθὸν
1371 1090 1714 1160 προσφέρου-

165 1193 230 1228 σιν
264 1174 345 1228 τὸν
395 1178 744 1248 ἐπισιτισμὸν
773 1178 868 1231 τοῦ
916 1178 1175 1250 πολέμου.
1219 1181 1313 1243 Ei;
1352 1182 1590 1253 τρόπους
1618 1182 1713 1234 xui

161 1267 245 1338 ἢθη
273 1262 612 1338 βλάπτονται.
641 1271 990 1325 Μανθάνουσι
1023 1272 1131 1343 γὰρ
1160 1273 1564 1345 ἀνελευθερίαν,
1591 1275 1713 1328 ἐπι-

163 1361 437 1431 τηδεύματα
479 1356 789 1433 σ’κηνικῶν,
828 1363 1045 1417 ἔκλυσιν
1083 1364 1200 1435 καὶῆ
1225 1365 1497 1434 μαλακίαν
1539 1364 1706 1434 ἠθῶν,

164 1453 348 1506 παιδιὰν
374 1455 517 1508 κατὰ
539 1454 649 1508 τῶν
675 1456 878 1525 νόμων,
909 1457 1002 1510 xui
1027 1457 1126 1526 τῆς
1153 1457 1348 1527 ἀρχῆς,
1371 1453 1439 1528 ἦς
1475 1457 1708 1528 ἐτάχθη·

163 1561 240 1596 σιν
267 1545 519 1612 φύλακες.
552 1547 663 1616 Τὴν
697 1545 805 1618 γάρ
846 1547 1110 1617 μεγίστην
1150 1547 1324 1617 ἀρχὴν
1356 1546 1709 1617 κωμῳδοῦσιν

160 1634 234 1685 xui
259 1633 617 1705 διασύρουσιν,
656 1635 810 1706 ἅρμα
844 1636 919 1699 ὼς
948 1636 1041 1688 ἐπὶ
1070 1635 1276 1706 σκηνῆς
1305 1635 1706 1700 ἀναϐαίνοντες,

160 1724 234 1776 xui
269 1724 594 1796 δορυφόρους
637 1725 1055 1797 πεπλασμένους
1099 1726 1565 1798 χειροτονοῦντες.
1614 1728 1710 1780 xui

1825 544 1922 601 Sic
1952 547 2119 618 igitur
2149 549 2400 604 homines
2419 548 2689 618 dignitate.
2715 556 3061 616 praestantes,
3094 548 3174 604 sic
3205 563 3406 618 paupe-

1825 652 1935 701 res,
1969 639 2048 694 sic
2075 639 2228 708 pueri
2255 679 2270 704 ,
2298 641 2378 694 sic
2418 639 2640 694 rustici:
2695 639 2784 693 alii
2821 649 3114 707 vexantur,
3134 639 3227 694 alii
3255 655 3405 694 mur-

1823 738 2064 794 murant,
2103 729 2323 785 discunt
2348 729 2438 784 alii
2471 745 2593 800 qua:
2618 729 2830 785 nescire
2859 736 3160 799 praestaret.

1897 904 2192 961 Videamus
2218 905 2331 974 jam
2371 906 2502 976 quid
2542 907 2767 960 merenti
2810 906 2862 960 in
2923 907 3088 960 armis
3111 905 3264 960 militi
3301 905 3404 961 hoc

1821 997 2019 1052 festum
2052 999 2241 1068 prosit.
2283 996 2575 1052 Pecuniam
2608 999 2884 1061 amittunt,
2939 999 3205 1067 uniusque
3247 999 3402 1052 luxa-

1823 1087 1986 1141 tionis
2050 1086 2394 1151 mercedem,
2439 1085 2690 1140 militaria
2723 1102 2818 1140 sua
2841 1085 3106 1153 stipendia
3133 1085 3400 1139 tribuunt.

1826 1176 2124 1232 Laeduntur
2160 1192 2337 1234 mores
2387 1193 2452 1232 ac
2507 1176 2828 1245 disciplina.’
2867 1177 3198 1232 Coadiscunt
3253 1178 3399 1230 enim

1818 1270 2032 1333 sordes,
2099 1265 2428 1324 inhonestas'
2481 1271 2822 1324 seenicorum
2883 1277 3030 1322 artes
3072 1283 3136 1322 ac
3197 1267 3396 1331 studia,

1819 1359 2094 1413 mollitiem
2117 1374 2180 1413 ac
2207 1374 2415 1412 morum
2439 1358 2874 1424 dissolutionem,
2900 1358 3054 1412 ludos
3075 1358 3302 1425 denique
3324 1356 3401 1411 le-

1817 1449 1973 1518 gibus
2001 1450 2376 1514 adversantes,
2409 1464 2472 1504 ac
2495 1449 2742 1519 imperio,
2772 1449 2924 1518 cujus
2961 1458 3086 1504 sunt
3119 1448 3399 1503 constituti

1821 1542 2092 1596 custodes.
2131 1539 2287 1595 Velut
2316 1540 2462 1594 enim
2513 1542 2564 1594 in
2601 1554 2760 1594 scena
2796 1554 3092 1593 conscenso
3119 1556 3302 1604 curru,
3334 1554 3401 1592 ac

1818 1635 2023 1690 fictitiis
2079 1635 2279 1688 creatis
2335 1632 2676 1698 satellitibus,
2739 1629 3009 1699 majestati
3069 1630 3296 1685 illndttnt
3335 1646 3400 1684 ac

1820 1729 2134 1793 detrahunt,
2190 1740 2364 1795 eaque
2428 1727 2604 1794 palam
2661 1740 2724 1779 ae
2783 1723 2992 1794 publice
3025 1724 3248 1790 agitant,
3281 1738 3401 1791 quae
3448 1747 3452 1752 -

157 1815 358 1888 δημοσίᾳ
391 1817 676 1881 ποιοῦντες
725 1819 795 1870 τὰ
826 1818 935 1871 τῶν
975 1819 1328 1891 ἐξυρημένων
1358 1819 1494 1891 πρὸς
1529 1819 1709 1873 κόνδυ-

1817 1821 2036 1891 propria
2063 1819 2173 1875 sint
2208 1819 2507 1872 mimorum
2538 1834 2602 1872 ac
2635 1817 2958 1872 histrionum
3010 1815 3146 1885 (29).
3183 1815 3288 1870 Sed
3310 1815 3399 1869 illa

158 1908 245 1962 λον.
268 1909 368 1962 Καὶ
388 1908 546 1962 ταῦτ’
575 1909 721 1963 ἐστιν
750 1910 848 1980 τῆς
877 1911 1156 1982 πομπείας
1179 1911 1248 1964 τὰ
1276 1911 1596 1983 σεμνότερα.
1631 1911 1712 1964 Τὰ

156 1997 337 2051 δὲάλλα
370 2000 488 2063 πῶς
531 1999 599 2052 ἀν
632 2017 718 2062 τις
756 2001 929 2066 sinet;
972 2001 1064 2070 Μὴ
1113 2001 1210 2055 xui
1261 2001 1712 2072 ἐκκαλυψάμενος

158 2092 497 2158 γυναικίζεται
543 2095 571 2146 ὁ
603 2093 880 2166 ἀριστεὺς,
921 2096 950 2147 ὁ
977 2095 1070 2148 τὸν
1111 2094 1281 2165 θυμὸν
1326 2094 1644 2164 λεοντώδης,
1683 2095 1713 2146 ὁ

159 2185 271 2253 μετά
321 2186 418 2256 τὴν
459 2185 679 2240 ὅπλισιν
726 2185 1008 2257 θαυματὸς
1046 2187 1280 2259 ὀφθῆναι
1317 2190 1431 2251 τοῖς
1469 2187 1710 2250 οἰκείοις,

158 2278 230 2330 xui
269 2278 492 2348 φοϐερὸς
553 2263 668 2343 τοῖς
712 2279 1001 2344 ὲναντίοις’
1037 2280 1132 2333 καὶ
1185 2280 1278 2334 τὸν
1313 2280 1516 2351 χιτῶνα
1551 2279 1712 2352 μέχρι

155 2371 240 2424 τῶν
265 2373 479 2444 σφυρῶν
503 2373 724 2444 ἀφίησι,
746 2374 842 2428 xui
863 2376 976 2437 τοῖς
1000 2373 1243 2445 στέρνοις
1265 2373 1595 2446 περιελίττει
1613 2373 1712 2443 τὴν

156 2463 320 2537 ζώνην,
363 2466 458 2520 xui
500 2466 809 2537 ὑποδήματι
839 2467 1110 2538 κέχρηται
1138 2466 1454 2537 γυναικείῳ,
1487 2467 1582 2520 xui
1619 2465 1712 2519 τὸν

155 2558 398 2628 κρώϐυλον
446 2558 756 2613 ἐπιτίθεται
803 2560 870 2629 τῇ
922 2552 1216 2630 κεφαλῇ,ᾖ
1261 2557 1477 2625 γυναιξὶ
1517 2557 1709 2628 νόμος·

155 2652 228 2702 καὶ
249 2651 391 2722 φέρει
414 2652 522 2724 τὴν
541 2650 820 2722 ἠλακάτην
848 2650 998 2721 ἐρίου
1028 2649 1326 2720 γέμουσαν,
1357 2650 1452 2702 xui
1471 2651 1537 2721 τῇ
1562 2647 1714 2721 δεξιᾴ

154 2739 272 2808 νῆμα
301 2742 554 2810 κατάγει.
583 2743 649 2812 τῇ
675 2757 805 2793 ποτε
833 2739 1075 2810 φερούσῃ
1097 2739 1157 2792 τὸ
1181 2740 1442 2810 τρόπαιον
1461 2755 1475 2768 ·
1507 2739 1712 2794 καὶτὸν

153 2832 272 2886 τονον
297 2835 393 2905 τῆς
420 2835 605 2906 ψυχῆς
636 2833 1000 2897 ἐναλλάττων,
1036 2833 1097 2886 τὸ
1123 2831 1377 2904 ὀξύτερον
1405 2833 1500 2886 καὶ
1523 2849 1713 2902 γυναι·-

155 2925 290 2989 ιῶδες
309 2927 610 2997 φθέγγεται
631 2944 646 2992 ;
663 2925 849 2996 Ταῦτα
874 2925 976 2996 τῆς
991 2923 1204 2995 πανηγύ
1216 2941 1351 2995 ρεως
1368 2924 1438 2978 τά
1457 2925 1673 2997 χρηστά
1689 2939 1704 2954 ⁸

153 3017 293 3074 ταῦτα
315 3021 414 3091 τῆς
438 3021 726 3093 πανδήμου
753 3021 946 3093 ἑορτῆς
969 3019 1038 3073 τὰ
1067 3019 1416 3091 συμφέροντα
1441 3019 1706 3090 σήμερον.

1819 1923 1994 1966 tamen
2054 1925 2259 1980 pompa:
2324 1910 2660 1980 auguStiora.
2713 1907 2920 1966 Cretera
2982 1909 3104 1977 quis
3154 1905 3403 1962 enarret?

1817 2003 2006 2058 Nonne
2043 2003 2299 2068 nudatus,
2327 2003 2377 2055 in
2439 2003 2788 2055 meretricum
2842 2015 2906 2054 ae
2939 1999 3264 2052 feminarum
3295 2013 3406 2052 ":0-

1817 2109 1929 2149 rem
1955 2093 2158 2147 vultum
2181 2093 2530 2160 habitumque
2547 2091 2843 2160 componit,
2864 2091 2954 2145 ille
2977 2101 3254 2152 strenuus,
3285 2089 3401 2144 leo-

1816 2185 1930 2239 nini
1989 2183 2078 2238 ille
2113 2183 2346 2253 pectoris
2409 2197 2472 2234 ac
2505 2181 2738 2246 roboris,
2798 2180 2886 2234 ille
2944 2181 2995 2234 in
3053 2180 3242 2245 armis,
3276 2193 3398 2234 cum

1815 2275 1929 2331 suis
1951 2285 2172 2345 aspectu
2203 2274 2487 2337 mirabilis,
2517 2284 2628 2327 tum
2653 2272 3012 2328 formidabilis
3039 2273 3284 2326 hostibus
3302 2287 3318 2334 ;
3336 2287 3401 2326 ac

1818 2367 1888 2422 ad
1931 2367 2068 2420 talos
2097 2379 2273 2436 usque
2337 2366 2575 2420 tunicam
2629 2364 2888 2429 demittit,
2935 2379 3129 2418 zonam
3192 2362 3400 2434 pectori

1816 2455 2224 2520 sireumvolvit,
2245 2455 2614 2510 calceamenta
2640 2453 2921 2508 muliebria
2947 2453 3134 2518 sumit,
3167 2463 3223 2507 et
3251 2465 3401 2506 more
3447 2519 3452 2522 _

1815 2549 2166 2614 feminarum,
2237 2548 2399 2617 capiti
2444 2546 2723 2617 crobylum
2756 2561 2821 2600 ac
2873 2546 3094 2618 plexura
3131 2547 3396 2611 ἰηψυιιὶις

1814 2646 2154 2716 qm’n..etiam
2195 2644 2317 2698 lana
2393 2639 2607 2710 plenam
2632 2642 2809 2696 colum
2838 2650 3036 2712 gestat,
3081 2655 3146 2694 ac
3177 2641 3398 2694 dextera

1815 2737 1962 2792 filum
2011 2737 2183 2802 ducit,
2228 2751 2335 2807 qua
2367 2747 2624 2808 tropaeum
2658 2744 2784 2790 ante
2815 2735 2968 2801 tulit;
3006 2734 3279 2802 animique
3317 2743 3398 2786 te-

1817 2844 2005 2885 norem
2040 2831 2362 2893 immutans,
2405 2831 2457 2883 in
2508 2830 2806 2883 acutiorem
2833 2843 2896 2882 ac
2939 2827 3250 2883 muliebrem
3312 2841 3402 2881 so-

1815 2938 1944 2979 num
1975 2938 2160 2979 vocem
2197 2922 2494 2976 extenuat?
2555 2921 2648 2976 Ha;
2673 2921 3006 2976 celebritatis
3041 2922 3204 2987 hujus
3241 2919 3394 2972 utili-

1820 3025 1987 3084 tates,
2019 3015 2134 3070 haec
2161 3015 2413 3070 hodierni
2445 3015 2661 3083 publico
2687 3025 2958 3069 conventu
2985 3014 3130 3077 festi,
3157 3026 3398 3068 commo-

1818 3113 1882 3167 da
1913 3128 1976 3166 ac
1994 3111 2016 3165 ί
2019 3122 2226 3166 ructus.

207 3199 300 3252 Καὶ
333 3201 382 3253 oi
421 3201 524 3272 τῆς
550 3202 796 3272 κορυφῆς
824 3201 930 3255 τῶν
964 3200 1290 3272 ἀξιωμάτων
1336 3198 1708 3272 ἀνθρωπικῶν

1885 3203 2026 3270 Quin
2055 3214 2111 3259 et
2139 3203 2414 3268 consules,
2476 3201 2661 3274 inclyti
2703 3201 2802 3262 illi,
2829 3213 2894 3254 ac
2923 3200 2989 3253 ad
3035 3199 3395 3254 humanarum

155 3289 425 3356 ἐπιϐάντες,
461 3295 514 3346 οἱ
547 3293 974 3365 πολυθρύλλητοι
1024 3293 1242 3356 ὕπατοι,
1275 3295 1342 3364 τῇ
1382 3292 1704 3364 ματαίοτητι

151 3378 393 3436 δαπανῶσι
434 3385 527 3437 τὸν
563 3384 825 3446 πλοῦτον,
883 3385 1090 3453 σωροὺς
1144 3382 1446 3454 χρημάτων
1482 3381 1709 3453 σκορπί-

153 3471 323 3536 ζοντες,
351 3475 430 3537 είς
460 3474 746 3545 ἀκαρπίαν
767 3473 1138 3544 δικαιοσύνης,
1170 3475 1264 3526 xui
1299 3473 1507 3545 καρπὸν
1530 3473 1711 3544 ἁμαρ·

152 3561 273 3624 τίις·
294 3557 364 3616 ὧν
384 3565 642 3618 τοσοῦτον
674 3565 980 3636 περιφανὴς
1005 3570 1036 3637 ἡ
1073 3565 1353 3637 ἀφροσύνη
1379 3606 1393 3629 ,
1423 3567 1546 3619 ὅσον
1578 3565 1712 3636 ὑψη-

153 3651 222 3714 λὸς
251 3656 276 3706 ὁ
304 3653 508 3726 θρόνος.
558 3653 779 3718 Πολλοῖς
816 3654 925 3726 γὰρ
948 3655 1319 3726 ἀνθρωπικοῖς
1345 3655 1712 3726 ὲμϐατεύσαν-

150 3755 222 3806 τες
262 3745 484 3817 θρόνοις,
523 3747 620 3801 xui
664 3746 764 3808 τὰς
800 3746 1060 3816 μεγίστας
1091 3747 1190 3819 τῆς
1217 3746 1492 3817 βασιλείας
1535 3746 1711 3818 ἀρχὰς

151 3837 511 3910 διοικήσαντες,
566 3840 935 3911 λαμϐάνουσιν
970 3841 1206 3909 ἀφειδῶς
1243 3841 1354 3894 ἀπὸ
1408 3842 1591 3912 πάσης
1641 3841 1712 3895 τά

152 3930 374 3987 πλεῖστα·
408 3937 459 3988 οί
497 3934 602 4006 μὲν
629 3936 876 4006 πενήτων
909 3933 1264 4003 στρατιωτῶν
1296 3934 1358 3987 τὸ
1403 3934 1711 4004 σιτηρέσιον

154 4027 601 4098 σςετερισάμενοι,
637 4025 786 4089 ἄλλοι
826 4025 889 4081 τὸ
931 4026 1140 4079 δίκαιον
1177 4025 1272 4079 xui
1311 4025 1408 4096 τὴν
1452 4025 1711 4096 ἀλήθειαν

153 4114 382 4181 πολλάκις
409 4117 794 4189 πωλήσαντες,
841 4117 936 4170 xui
975 4116 1084 4170 τῶν
1123 4115 1418 4186 βασιλικῶν
1446 4117 1711 4188 ταμιείων

150 4204 296 4277 ’ἕτεροι
330 4211 541 4279 ἄφατον
580 4209 1006 4281 ὲξαντλήσαντες
1045 4209 1295 4273 πλοῦτον,
1333 4209 1428 4262 xui
1461 4208 1530 4261 τά
1570 4226 1710 4264 παν-

150 4300 342 4368 ταχόθεν
376 4302 686 4366 σπουδαίως
733 4301 1089 4374 ἀθροίσαντες
1111 4318 1125 4331 ο
1174 4301 1494 4371 φεισάμενοι
1527 4299 1584 4354 δὲ
1622 4301 1713 4354 οὐ·

149 4388 270 4457 δενὸς
319 4394 631 4466 λήμματος,
683 4396 782 4448 οὐκ
840 4393 1144 4466 ἀπρεποῦς,
1197 4394 1298 4447 οὐκ
1348 4393 1571 4447 ἀδίκουο
1619 4393 1713 4448 xui

151 4480 258 4534 Θεὸν
287 4487 681 4558 παροξύνοντες
706 4485 1084 4558 προκάθηνται
1114 4485 1228 4551 νῦν,
1257 4486 1352 4540 xui
1384 4486 1500 4558 μετ’
1527 4486 1708 4556 ὀλίγον

153 4574 352 4647 ἡνιόχοις
378 4580 699 4652 μερίζοντες
724 4579 814 4632 τὸν
844 4579 1076 4651 χρυσὸν,
1112 4579 1206 4632 καὶ
1240 4579 1506 4650 αὐληταῖς
1540 4596 1706 4633 κακοο
1739 4564 1784 4620 Ῑ)

150 4665 354 4738 δαίμοσι,
384 4673 479 4727 xui
509 4672 722 4744 μίμοις,
748 4673 840 4725 xui
869 4672 1185 4742 ὀρχησταῖς,
1213 4673 1308 4725 xui
1335 4671 1704 4743 ἀνδρογύνοις,

151 4763 226 4816 καὶ
247 4767 448 4832 γυναιξὶ
473 4767 722 4838 πόρναις,
749 4764 906 4820 ὢνιον
935 4764 1304 4836 παρεχούσαις
1333 4765 1411 4836 τῷ
1438 4765 1620 4836 δημίῳ
1645 4764 1708 4817 τὸ

153 4855 321 4924 σῶμαο
352 4860 444 4912 xui
485 4855 644 4922 αὖθις
683 4857 1041 4928 θηριομάχοις
1085 4860 1302 4928 μιαροῖς
1347 4857 1441 4910 xui
1494 4855 1711 4909 ἀνελπί-

153 4959 290 5012 στοις,
317 4951 407 5008 xui
438 4951 625 5014 αὐτοῖς
648 4953 760 5015 τοῖς
783 4949 1011 5020 θηρίοις.
1048 4947 1319 5021 Πρῦδηλον
1343 4947 1476 5019 γὰρ,
1512 4947 1588 5012 ὡς
1614 4947 1710 5001 xui

151 5037 204 5089 τὰ
243 5039 390 5114 θηρία
433 5040 630 5116 τρέφοι
661 5042 860 5115 χρυσός
882 5059 896 5072 ο
925 5043 1037 5104 τοῖς
1083 5041 1179 5112 μὲν
1212 5041 1280 5094 τὰ
1311 5041 1472 5114 κρέα,
1508 5043 1620 5104 τοῖς
1650 5040 1707 5094 δὲ

152 5127 232 5200 τὴν
271 5133 443 5204 μάζαν
500 5134 830 5199 ὠνούμενος.
885 5132 1076 5188 Ταῦτα
1115 5134 1184 5204 δὲ,
1210 5135 1389 5190 πάντα
1425 5136 1706 5207 προΐενται

209 5313 459 5384 (‘29)Quar
502 5317 718 5384 propria
772 5317 874 5372 sint
931 5317 1213 5370 mimorum
1257 5335 1318 5371 ac
1365 5319 1700 5372 histrionum.

154 5379 644 5459 Turbiﬁupquévmv
686 5387 826 5458 πρὸς
860 5386 1146 5459 κόνδυλον⁸
1177 5387 1282 5454 Qui
1317 5390 1424 5442 rari
1469 5398 1591 5442 sunt
1631 5389 1702 5442 ad

156 5456 287 5530 irrigui
327 5456 503 5512 tam.
539 5456 762 5530 Videtur
793 5473 887 5514 eos
933 5457 1196 5524 indicare,
1228 5461 1316 5526 qni
1370 5460 1420 5512 in
1469 5472 1699 5530 gratiam

159 5522 352 5602 alterum
395 5529 606 5602 abrasis
657 5529 795 5602 pilis
836 5545 964 5602 sese
1011 5522 1207 5602 ictibus
1247 5522 1604 5602 'objiciebant,
1639 5529 1704 5584 de

157 5597 322 5656 tptibus
349 5599 512 5668 etiam
545 5597 741 5653 auctor
786 5600 1018 5654 Itomilia:
1051 5599 1190 5668 Περὶ
1229 5600 1567 5663 πολιτείας,
1606 5615 1704 5651 nu-

159 5676 237 5740 per
262 5680 287 5717 a
312 5667 462 5740 nobis
496 5671 716 5723 nomine
747 5667 1337 5740 Cltrysostomi’editw.
1394 5671 1547 5736 Quod
1584 5679 1700 5740 sla-

161 5739 237 5808 ll’lll
265 5739 529 5812 sequitur;
565 5740 641 5810 μὴ
678 5740 773 5792 καὶ
803 5739 1288 5812 ὲκίκαλυψάμενος·
1324 5743 1592 5809 interpres
1624 5739 1702 5812 le-

159 5806 240 5869 S“.
265 5806 728 5880 ἐγκαλυψάμενος·
770 5814 866 5868 sed
898 5828 1003 5869 non
1029 5806 1210 5869 'au'sim
1243 5806 1505 5868 mutare’:
1533 5810 1703 5882 possit

1814 3296 2137 3364 dignitatum
2161 3294 2438 3364 fastigium
2463 3294 2659 3360 evecti,
2691 3293 2836 3347 inani
2857 3290 3168 3359 profusione
3189 3288 3398 3357 sparsis

1812 3404 2154 3444 nummorum
2217 3388 2490 3452 cumulis,
2548 3401 2680 3457 opes
2753 3384 3128 3450 exhauriunt,
3172 3383 3369 3438 nedum

1814 3479 1959 3533 nullo
1988 3478 2212 3545 justitire
2274 3477 2476 3542 fructu,
2511 3493 2699 3533 verum
2736 3477 2902 3532 etiam
2971 3491 3094 3530 cum
3129 3484 3392 3544 peccato:

1811 3585 2041 3640 quorum
2072 3586 2234 3640 quam
2263 3570 2510 3625 sublimis
2544 3570 2796 3634 thronus,
2824 3568 3214 3637 taminsignem
3247 3567 3397 3622 dicas

1813 3663 2158 3719 dementiam.
2189 3661 2384 3717 Mullus
2436 3661 2580 3716 enim
2624 3661 2975 3729 magistratus
3019 3669 3394 3729 capessentes,

1813 3769 1877 3810 ac
1938 3753 2302 3823 amplissimas
2394 3752 2605 3823 imperii
2659 3751 2966 3808 obtinentes
3016 3750 3396 3821 praefecturas,

1812 3861 1972 3915 quam
2005 3845 2262 3915 plurim‘as
2314 3859 2444 3915 opes
2495 3860 2561 3900 ex
2607 3861 2666 3900 re
2721 3845 2962 3916 qualibet
2987 3853 3398 3900 exstruerestu-

1814 3941 1944 3993 dent
1981 3938 2108 3991 :alii
2141 3938 2359 4007 quidem
2411 3953 2706 4007 pauperum
2754 3937 2982 3992 militum
3039 3937 3305 4007 stipendia
3343 3937 3396 3990 in

1818 4044 1972 4084 suam
1995 4043 2105 4084 rem
2133 4037 2438 4094 vertentes;
2477 4029 2568 4083 alii
2599 4029 2690 4099 jus
2721 4043 3018 4098 verumque
3071 4029 3215 4082 haud
3252 4042 3396 4092 raro,

1815 4122 1991 4191 pretio
2021 4123 2368 4186 addicentes;
2397 4121 2487 4174 alii
2518 4122 2806 4176 thesauros
2841 4135 3139 4190 gazamque
3194 4120 3396 4188 regiam

1816 4213 2083 4269 immenso
2119 4228 2227 4268 aere
2262 4213 2666 4282 depeculantes,
2697 4228 2760 4268 ac
2804 4212 2987 4266 omnia
3013 4211 3252 4279 undique
3282 4221 3399 4264 stu-

1815 4306 1906 4360 dio
1937 4315 2366 4368 coacervantes,
2391 4306 2560 4369 nullo,
2593 4306 2677 4360 vel
2710 4304 2922 4369 infami,
2964 4303 3048 4357 vel
3082 4303 3268 4372 iniquo
3300 4316 3397 4356 ne-

1814 4397 1990 4468 glecto
2050 4397 2238 4461 lucro,
2314 4398 2667 4465 divinumque
2728 4395 3117 4450 exacerbantcs
3171 4406 3396 4455 numen,

1817 4511 1962 4551 nunc
1994 4495 2309 4567 praesident,
2342 4511 2406 4550 ac
2440 4494 2590 4549 brevi
2627 4501 2752 4562 post
2782 4493 2834 4546 in
2869 4491 3110 4560 aurigas,
3137 4489 3398 4544 miseros-

1813 4602 1921 4658 que
1979 4587 2268 4652 tibicines,
2327 4587 2544 4649 mimos,
2594 4585 2911 4647 saltatores,
2964 4581 3258 4652 spadones,
3291 4581 3399 4633 vim

1815 4680 1934 4734 auri
1969 4689 2290 4750 congestam
2328 4676 2700 4732 distribuunt:
2754 4689 2855 4730 nec
2886 4689 2992 4729 non
3025 4674 3078 4727 in
3109 4671 3399 4727 muliercu-

1815 4772 1991 4827 larum
2028 4771 2314 4841 propndia,
2355 4769 2446 4823 vili
2478 4769 2676 4838 cuique
2711 4783 2774 4822 ac
2804 4767 3014 4838 plebeio
3047 4765 3101 4820 in
3143 4779 3254 4819 rem
3285 4772 3398 4817 tur-

1815 4877 1938 4933 pem
1967 4861 2177 4916 venalia
2216 4878 2230 4914 :
2291 4873 2619 4929 rursumque
2666 4857 2722 4913 in
2765 4854 3182 4912 scelestissimos
3215 4851 3399 4922 proﬂi-

1816 4953 2234 5022 gatissimosque
2267 4951 2631 5020 gladiatores,
2697 4949 2954 5018 ipsasque
2999 4946 3137 5000 adeo
3170 4942 3398 4999 belluas.

1818 5041 2010 5113 Liquet
2040 5043 2186 5097 enim
2215 5041 2377 5096 etiam
2405 5041 2471 5095 iis
2505 5038 2715 5094 alendis
2740 5053 2876 5107 opus
2895 5051 3056 5101 auro,
3075 5045 3399 5103 sumptuqne

1815 5134 1868 5190 in
1910 5149 2101 5190 carnes
2155 5143 2246 5190 aut
2299 5148 2530 5188 mazam.
2569 5132 2645 5188 Ea
2680 5145 2844 5202 porro
2910 5128 3111 5195 omnia,
3162 5140 3225 5181 ea
3263 5125 3398 5179 dun-

1812 5319 1958 5390 enim
1995 5317 2221 5390 intelligi
2266 5315 2422 5390 miles
2456 5313 2718 5390 ejusmodi
2759 5309 3232 5390 ἐκκαλύπτεσθαι,
3271 5308 3396 5390 quia

1811 5389 2150 5462 chlamydem
2171 5379 2254 5443 "ac
2295 5379 2548 5462 militaria
2584 5386 3044 5462 alia_ornamenta.
3075 5387 3238 5462 exuat
3267 5379 3396 5462 :‘vel

1811 5462 1975 5530 etiam
1997 5450 2137 5528 'qttia
2176 5459 2485 5512 meretricia
2519 5458 2664 5530 velut
2696 5455 2872 5530 fronte
2925 5467 2986 5530 ac
3031 5450 3395 5530 impudenter,

1813 5520 2068 5585 feminam
2100 5530 2392 5590 induendo,
2425 5540 2568 5597 agat.
2605 5522 3046 5599 Aenecfeminte
3079 5521 3221 5599 ἀοριιὶ
3254 5520 3397 5572 lani-

1813 5603 1935 5654 ficio
1971 5602 2191 5654 intenta:
2217 5616 2278 5653 ns
2307 5590 2510 5664 velan't,
2547 5596 2687 5665 quod
2731 5592 3006 5670 Rubenius
3040 5590 3213 5645 reddit
3269 5603 3395 5670 earn

1811 5687 2020 5736 vocem,
2053 5685 2191 5742 quas
2223 5663 2744 5737 Asteriusagcntes
2792 5663 2990 5719 milites
3029 5675 3152 5720 cum
3202 5663 3395 5732 primis

1809 5742 2066 5815 exagitat.
