3824 6270
365 311 474 367 2ξὸ

1686 315 1745 370 S.
1789 310 2065 370 ASTERII
2104 309 2410 369 AMASENI

3530 304 3660 358 224

374 434 522 480 taxat
552 425 783 489 ratione,
831 434 1086 497 promunt
1131 425 1554 496 prodiguntque,
1611 435 1670 480 ut
1715 429 1952 496 ipsorum

2096 442 2201 497 περ
2231 429 2357 496 μιᾶς
2389 425 2642 496 σπουδῆς,
2685 425 2769 478 ἵνα
2801 423 2866 477 τά
2893 423 3132 494 ὀνόματα
3172 421 3349 476 αὐτῶν
3369 420 3479 475 τῶν
3514 438 3660 474 συν-

370 518 589 571 noinina
626 518 999 572 contractibus
1028 530 1094 571 ac
1137 516 1450 584 diplomatis
1505 517 1945 586 pnescribantur.

370 608 414 664 0
447 609 766 664 stultitiam!
798 623 831 663 ο
869 609 1165 663 caecitatem
1201 609 1214 662 !
1253 608 1546 663 Pollicetur
1570 608 1708 662 Deus
1736 622 1950 671 eorum,

370 701 464 769 qui
503 701 555 753 in
584 715 877 770 pauperum
932 699 1083 753 cibos
1129 714 1225 753 sua
1253 707 1498 767 erogant,
1531 699 1745 750 nomina
1804 697 1952 751 libris

371 790 534 854 vivis,
572 790 977 845 immortalibus
1011 789 1139 855 illis,
1169 805 1231 842 ac
1284 789 1409 842 nulli
1467 789 1714 843 obnoxiis
1768 771 1955 842 curru-

372 882 568 952 ptioni,
621 882 943 950 inscriptum
1002 883 1086 947 iri,
1132 896 1268 947 quos
1316 895 1491 950 neque
1549 881 1727 944 tinem,
1781 893 1955 948 neque

380 981 596 1038 tempus
625 973 912 1026 absument
942 971 1020 1035 ‘7;
1068 981 1122 1024 tu
1159 981 1361 1032 autem,
1395 985 1462 1024 ne
1507 970 1606 1024 hos
1629 969 1797 1022 libros
1825 968 1956 1022 all‘e-

372 1064 528 1119 ctas?
560 1063 762 1117 nullam
787 1071 1068 1118 tantorum
1117 1062 1510 1130 promissorum
1562 1062 1825 1117 rationem
1860 1062 1958 1116 ha-

371 1154 514 1209 bes?
545 1170 650 1209 non
705 1155 980 1210 memoria:
1029 1155 1264 1218 divinae,
1343 1155 1390 1209 is
1440 1153 1639 1224 quippe
1691 1154 1824 1210 liber
1868 1155 1957 1210 ille

373 1247 528 1300 vivus
553 1253 666 1310 est,
725 1245 948 1301 inscribi
1000 1245 1259 1316 intigique
1315 1245 1559 1301 studes?
1617 1243 1723 1301 Sed
1769 1257 1956 1302 contra

376 1339 556 1408 magni
613 1338 747 1394 facis
801 1353 831 1391 a
875 1337 1156 1392 tabulariis
1212 1337 1455 1403 exarari;
1521 1351 1550 1391 a
1602 1340 1957 1409 mangonibus

378 1430 701 1500 praedicari;
736 1444 764 1482 a
822 1429 1019 1484 vilibus
1071 1429 1448 1484 adulatoribus
1512 1429 1704 1499 plausu
1738 1431 1952 1501 excipi;

378 1521 554 1575 malus
583 1520 832 1575 utilitatis
860 1521 1080 1582 arbiter.
1125 1521 1340 1588 ineptus
1367 1530 1424 1575 et
1463 1521 1748 1591 imperitus
1778 1537 1955 1576 rerum

377 1614 698 1668 aestimator.
731 1611 1002 1666 Oblzesum
1039 1629 1330 1683 pauperem
1363 1629 1670 1680 munerare,
1706 1630 1813 1670 non
1845 1616 1960 1671 dis-

311 1717 315 1726 '
377 1705 610 1760 solutum
645 1705 909 1760 musicum
939 1723 954 1773 ;
991 1707 1164 1760 vidua:
1189 1707 1468 1776 impertire
1490 1722 1609 1776 quae
1635 1718 1846 1774 scorto;
1875 1723 1960 1763 se-

2053 517 2414 587 αλλαγμάτων
2487 516 2891 587 προγράφηται.
2937 515 3002 566 Ὦ
3043 511 3143 581 τῆς
3184 509 3397 572 ἀνοίαςι
3449 509 3498 561 ὣ
3539 507 3658 578 τῆς

2053 609 2413 680 τυφλότητοςί
2449 608 2581 669 Θεὸς
2625 604 3046 674 ἀπαγγέλλεται,
3090 601 3198 655 τῶν
3232 600 3658 672 πτωχοτρόφων

2052 701 2122 755 τά
2168 702 2403 770 ὀνόματα
2449 698 2650 768 βίϐλοις
2679 697 2880 761 ζώσαις
2913 693 3235 766 ἐγγράφειν,
3271 695 3388 754 ταῖς
3433 690 3662 745 ἀθανά-

2053 812 2187 857 τοις,
2246 795 2366 856 ταῖς
2418 790 2787 861 ἀδιαφθόροις,
2848 788 2912 850 ἃς
2949 787 3046 857 σὴς
3077 787 3178 838 οὐκ
3226 784 3496 853 ἀφανίζει,
3544 781 3658 836 καὶ

2054 887 2245 959 χρόνος
2277 887 2376 938 οὐκ
2402 883 2706 952 ἐξαλείφει·
2738 881 3006 935 κάκείνων
3033 879 3139 932 τῶν
3166 878 3514 950 γραμμάτων
3538 875 3660 927 οὐκ

2055 980 2205 1050 ἐρᾷς.
2253 977 2373 1031 οὐδὲ
2417 977 2574 1044 λόγον
2625 975 2746 1029 τινὰ
2777 976 2902 1044 ποιῇ
2936 971 3038 1041 τῆς
3084 972 3355 1042 μακαρίας
3399 971 3661 1037 ἐπαγγε-

2054 1070 2205 1136 λίας,
2239 1069 2360 1123 οὐδὲ
2394 1071 2461 1140 τῇ
2498 1068 2684 1139 μνήμῃ
2727 1065 2821 1119 τοῦ
2865 1064 3003 1118 Θεοῦ
3045 1063 3388 1135 ἐγγραφῆναι
3416 1063 3657 1132 ξητεῖςς

2055 1161 2226 1214 Τοῦτο
2258 1161 2369 1232 γάρ
2400 1161 2546 1214 ἐστιν
2579 1161 2614 1230 ή
2647 1158 2826 1229 βίϐλος
2871 1159 2904 1228 ή
2949 1157 3122 1223 ζῶσα.
3160 1155 3296 1228 Περὶ
3334 1154 3530 1208 πολλοῦ
3586 1153 3658 1206 δὲ

2056 1255 2183 1323 ποιῇ
2233 1251 2386 1323 παρὰ
2425 1251 2535 1303 τῶν
2586 1247 3113 1320 συμϐολαιογράφων
3158 1246 3488 1320 γράφεσθαι,
3544 1246 3658 1299 καὶ

2057 1346 2208 1417 παρὰ
2243 1344 2352 1398 τῶν
2392 1343 2714 1414 ὠνουμένων
2751 1342 2821 1395 τά
2854 1341 3165 1412 ἀνδράποδα
3207 1340 3510 1406 λαλεῖσθαι,
3543 1341 3659 1394 καὶ

2057 1436 2364 1509 κροτεῖσθαι
2391 1434 2541 1507 παρὰ
2571 1433 2822 1506 δημοτῶν
2849 1433 3117 1500 κολάκων,
3137 1436 3305 1498 κακὸς
3324 1434 3422 1505 τῆς
3449 1433 3658 1509 χρείας

2057 1505 2167 1580 τῶν
2217 1505 2557 1598 πραγμάτων
2607 1505 2824 1596 κρίτης,
2881 1525 3109 1596 ἀνόητος
3159 1524 3495 1595 δοκιμαστὴς
3542 1505 3656 1577 τοῦ

2061 1619 2446 1690 συμφέροντος.
2476 1617 2575 1681 Δὸς
2602 1616 2680 1687 τῷ
2701 1614 3062 1686 λελωϐημένῳ
3085 1615 3306 1686 πτωχῷ,
3341 1616 3434 1668 καὶ
3464 1616 3541 1687 μὴ
3561 1613 3658 1685 τῷ

2058 1711 2338 1782 λελυμένῳ
2393 1709 2674 1781 μουσικῷ·
2723 1710 2943 1782 χάρισαι
3003 1709 3110 1781 πρὸ
3154 1710 3254 1779 τῆς
3305 1708 3511 1780 πόρνης
3568 1709 3653 1779 τῇ

377 1806 528 1851 creta
556 1796 777 1851 claustri
811 1795 1026 1850 silentia
1075 1795 1301 1851 honeste
1355 1798 1621 1852 colentem
1649 1797 1811 1863 dona,
1848 1813 1958 1868 pra:

2097 1804 2240 1874 ήρᾳ·
2276 1801 2382 1874 πρὸ
2413 1802 2513 1873 τῆς
2560 1801 2824 1873 δημοσίας
2848 1844 2862 1866 ,
2911 1804 2978 1874 τῇ
3033 1799 3246 1871 σεμνῶς
3285 1800 3658 1853 κατακεκλειιι

379 1888 720 1959 prostibulo;
754 1889 968 1957 inquire
998 1889 1065 1942 de
1089 1904 1242 1943 sacra
1279 1890 1488 1960 virgine
1524 1905 1646 1958 quae
1681 1890 1789 1944 Deo
1817 1891 1960 1959 psal-

378 1978 475 2040 lat,
510 1979 688 2049 sitque
718 1980 772 2033 in
807 1979 923 2044 ejus
960 1979 1128 2034 ell‘usa
1165 1979 1378 2046 laudes,
1407 1981 1637 2050 odioque
1659 1981 1957 2050 habepsal~

382 2070 545 2124 triam
580 2072 1025 2135 invererumlam,
1079 2087 1198 2140 quae.
1243 2073 1472 2126 necdum
1507 2081 1794 2140 conspecta
1831 2087 1959 2128 ocu-

380 2161 473 2227 lis,
507 2163 778 2217 modulata
812 2179 942 2218 voce
964 2163 1276 2218 luxuriosos
1309 2164 1452 2218 velut
1473 2167 1704 2235 aucupio
1739 2174 1958 2231 captet;

380 2255 696 2310 necessaria
725 2256 886 2308 victui
941 2256 1188 2324 orphano
1236 2253 1437 2324 prazbe,
1473 2270 1760 2324 pauperem
1789 2256 1960 2310 libera

380 2345 559 2400 alieno
587 2360 714 2412 aere,
773 2347 1094 2414 visurusque
1153 2359 1211 2398 es
1279 2346 1663 2415 sempiternam
1709 2346 1957 2416 gloriam.

379 2434 454 2489 'At
488 2445 542 2488 tu
582 2434 769 2490 oculos
795 2451 1030 2490 evacuas
1066 2436 1117 2489 in
1150 2444 1361 2504 turpem
1424 2437 1628 2499 ludunt,
1686 2439 1964 2509 risumque

385 2526 702 2581 indecorum
729 2542 792 2580 ac
832 2523 1204 2591 inconditum;
1255 2541 1431 2594 neque
1461 2527 1776 2582 consideras
1799 2544 1961 2597 quant

385 2617 583 2674 inultas
605 2632 896 2686 pauperum
932 2619 1181 2687 Iargiaris
1209 2618 1504 2689 lacrymas,
1532 2634 1628 2688 per
1678 2637 1814 2688 quas
1835 2637 1966 2691 opes

385 2710 489 2765 illa:
516 2721 621 2764 tua:
647 2709 889 2764 conllatze
914 2720 1072 2775 sunt;
1103 2725 1266 2778 quant
1303 2710 1454 2763 multi
1497 2710 1548 2764 in
1600 2712 1811 2766 vincula
1839 2728 1966 2766 con-
1995 2741 2004 2756 ι

385 2803 508 2872 iecti
543 2801 798 2868 fuerunt;
840 2817 1003 2872 quam
1040 2801 1192 2857 multi
1247 2802 1550 2869 verberati;
1597 2805 1784 2872 quanti
1812 2805 1964 2859 deni-

387 2910 492 2964 que
526 2895 696 2965 digito
742 2895 811 2948 ad
869 2895 1054 2948 restim
1115 2904 1480 2960 accesserunt,
1534 2906 1592 2949 ut
1630 2905 1967 2966 suppeteret,

392 2989 535 3054 quod
561 2988 614 3041 in
643 2987 890 3042 scenicos
928 2987 1087 3041 hodie
1110 2986 1456 3042 eﬂunderes?
1487 2987 1552 3041 Et
1585 2988 1732 3057 quis,
1759 3005 1966 3057 quaeso,

393 3079 555 3134 ﬁnis?
592 3078 790 3149 Utique
816 3080 1054 3134 vanitas.
1113 3079 1240 3136 Post
1273 3081 1479 3145 omnia,
1535 3081 1763 3148 exiguus
1793 3089 1971 3136 tumu-

2065 1894 2258 1966 σμένῃ.
2275 1893 2640 1965 Περιέργασαι
2656 1893 2756 1946 ποῦ
2775 1893 3042 1965 παρθένος
3060 1892 3189 1960 ἁγία
3204 1890 3320 1961 Θεῷ
3341 1889 3658 1960 ψάλλουσα,

2061 1987 2157 2039 καὶ
2204 1987 2433 2058 μίσησον
2475 1985 2742 2056 ψάλτριαν
2785 1984 3002 2056 ἀναιδῆ,
3045 1983 3152 2054 πρὸ
3193 1982 3292 2053 τῆς
3314 1982 3484 2052 ὄψεως
3570 1981 3661 2052 τῷ

2067 2078 2216 2148 μέλει
2270 2079 2395 2141 τοὺς
2453 2079 2785 2142 ἀκολάστους
2855 2075 3192 2148 θηρεύουσαν
3233 2092 3248 2107 ·
3289 2078 3300 2084 ’
3338 2073 3662 2145 ἐπάρκεσον

2065 2171 2307 2243 ὀρφανῷ,
2354 2171 2516 2224 λῦσον
2566 2173 2833 2242 δάνεισμα
2877 2171 3146 2240 πένητος,
3191 2170 3287 2223 καὶ
3329 2169 3446 2238 ὄψει
3485 2167 3662 2234 δόξαν

2065 2263 2499 2330 διαιωνίξουσαν.
2540 2265 2733 2327 Κενοῖς
2765 2262 2968 2333 πλῆθος
3003 2260 3304 2332 βαλαντίων
3346 2259 3486 2330 ὑπὲρ
3521 2277 3661 2312 παι-

2065 2357 2182 2420 διᾶς
2222 2358 2561 2428 ἀσχήμονος,
2607 2357 2703 2410 καὶ
2749 2355 2988 2409 ἀτάκτου
3034 2353 3310 2422 γέλωτος,
3355 2352 3454 2404 οὐκ
3489 2349 3661 2413 εἰδὼς

2065 2449 2166 2502 ὅσα
2195 2450 2441 2518 πενήτων
2471 2447 2673 2520 χαρίζῃ
2704 2445 2934 2518 δάκρυα,
2967 2443 3025 2509 ἐξ
3057 2436 3132 2495 ὧν
3165 2441 3404 2513 συνήχθη
3430 2443 3462 2512 ἡ
3485 2440 3664 2493 εὐπο-

2069 2539 2157 2612 ρία
2181 2555 2194 2567 '
2239 2540 2395 2592 πόσοι
2435 2539 2716 2610 ἐδέθησαν,
2765 2539 2925 2591 πόσοι
2965 2534 3450 2607 ἐμαστιγώθησανο
3489 2533 3659 2586 πόσοι

2068 2631 2234 2698 ἐγγὺς
2255 2625 2416 2700 ἦλθον
2445 2631 2681 2701 ἀγχόνης
2712 2630 2806 2684 καὶ
2836 2628 3052 2700 βρόχου,
3087 2626 3173 2680 ἵνα
3200 2626 3438 2696 σήμερον
3455 2621 3661 2694 ὀρχού-

2072 2738 2222 2791 μενοι
2261 2721 2516 2776 λάὅωσιν.
2567 2723 2674 2774 Καὶ
2713 2721 2764 2773 τί
2805 2720 2863 2774 τὸ
2896 2719 3082 2784 τέλος;
3121 2715 3454 2785 Ματαιότης.
3495 2712 3663 2766 Μετὰ

2071 2813 2247 2866 πάντα
2273 2815 2442 2884 τάφος
2468 2813 2688 2886 μικρός⁹
2724 2812 2886 2884 ἐσθὴς
2908 2813 3100 2881 ὀλίγων
3130 2807 3353 2871 ὀϐολῶν,
3377 2806 3437 2859 τὸ
3465 2803 3664 2875 σωμά-

2069 2921 2181 2956 τιον
2219 2904 2672 2977 περιστέλλουσαο
2707 2903 2843 2975 λήθη
2876 2903 2992 2974 μετ’
3023 2900 3222 2968 ὀλίγον,
3259 2897 3318 2950 τὸ
3354 2895 3661 2963 ἀναγκαῖον

2071 2996 2243 3059 πάθος
2280 2997 2372 3050 τοῦ
2404 2997 2631 3068 χρόνου,
2689 2995 2866 3049 πάντα
2914 2993 2984 3047 τὰ
3035 2989 3436 3046 σπουδασθέντα
3483 2986 3661 3041 καλύὲ»

2075 3104 2319 3140 πτουεια⁹
2367 3088 2548 3158 κρίσις
2590 3087 2682 3139 ἐπὶ
2725 3084 2935 3148 τούτοις
2980 3080 3138 3148 Θεοῦ,
3193 3081 3288 3134 καὶ
3326 3079 3426 3150 τῆς
3475 3075 3664 3145 κακῆς

390 3171 508 3238 lus;
547 3173 734 3240 paucis
781 3171 956 3226 obolis
1001 3182 1317 3241 comparata
1370 3178 1535 3227 vestis
1588 3173 1968 3241 corpusculum

2096 3178 2448 3250 προαιρέσεως
2476 3177 2692 3241 κόλασις
2717 3177 3112 3248 ἀπαραίτητος.

389 3265 698 3340 obtegens:
734 3279 800 3318 ac
855 3263 1016 3333 paulo
1061 3275 1210 3333 post,
1278 3265 1646 3320 necessarium
1705 3267 1968 3336 temporis
2033 3273 2256 3336 malum,
2313 3273 2533 3339 oblivio,
2597 3289 2717 3343 quae
2757 3281 2974 3334 cuncta,
3029 3269 3173 3322 circa
3201 3279 3317 3336 quze
3354 3263 3661 3325 sudaveris,

394 3360 634 3414 tenebris
688 3358 950 3413 involvat.
1011 3360 1091 3413 Ad
1150 3360 1266 3414 haec
1301 3361 1534 3429 denique
1563 3361 2120 3432 divinumjudicium,
2151 3383 2213 3422 ac
2241 3369 2395 3422 mala:
2427 3369 2712 3422 voluntatis
2737 3362 3150 3434 indeprecabilis
3174 3375 3352 3431 puma.

392 3459 424 3526 Lg
475 3456 705 3512 Ubinam
742 3458 991 3511 οουειιΙεε
1015 3467 1069 3509 et
1103 3452 1314 3508 fasces?
1361 3454 1467 3510 Eos
1496 3469 1756 3510 enumera
1791 3471 1855 3511 ac
1885 3472 1976 3512 re~

396 3552 598 3622 cegita,
626 3553 718 3621 qui
758 3553 874 3606 heri
905 3566 968 3606 ac
1029 3550 1424 3605 nudiustertius
1454 3550 1744 3605 exstitere.
1786 3549 1978 3604 Nonne

397 3647 484 3702 hic
514 3643 730 3713 quidem
758 3644 896 3715 (50),
925 3653 982 3698 ut
1031 3642 1374 3698 facinorosus
1408 3642 1623 3712 aliquis,
1653 3657 1752 3713 per
1784 3656 1978 3712 repen-

401 3740 566 3792 tinam
601 3747 824 3791 armatze
849 3735 1218 3791 multitudinis
1247 3735 1595 3799 seditionem,
1631 3733 1808 3803 capite
1829 3741 1982 3787 trun-

397 3843 556 3886 catus
575 3839 678 3894 est,
708 3839 1124 3899 ostentatusque
1151 3826 1356 3895 majore
1388 3835 1513 3897 post
1543 3841 1728 3881 necem
1762 3840 1978 3895 pompa,

399 3939 562 3993 quam
591 3939 714 3978 cum
758 3923 810 3977 in
841 3938 1004 3976 curru
1026 3921 1278 3976 sublimis
1310 3934 1408 3990 pro
1452 3919 1772 3988 magistratu
1805 3933 1867 3974 ac
1891 3919 1985 3972 ho-

401 4032 533 4070 nere
561 4016 828 4087 gestiret?
874 4016 1009 4069 alter
1069 4028 1196 4068 vero
1252 4027 1376 4067 eum
1423 4011 1674 4081 pneloris
1732 4024 1978 4077 munere,

400 4109 649 4166 eumdem
677 4111 791 4179 ipse
825 4110 1051 4176 adeptus
1109 4108 1393 4168 honorem,
1446 4104 1500 4157 in
1544 4103 1764 4174 Egypti
1821 4111 1982 4171 atque

402 4202 587 4272 Libya:
615 4200 876 4254 extremis
931 4200 1150 4257 liuibus.
1201 4199 1254 4250 in
1313 4196 1449 4250 locis
1485 4194 1756 4258 arenosis,
1798 4203 1852 4246 et
1880 4193 1985 4247 hu-

406 4296 576 4350 mnris
603 4294 781 4347 omnis
816 4289 1350 4359 humaniquecullus
1386 4286 1722 4356 expertibus,
1765 4285 1986 4339 damna-

403 4386 570 4440 tionis
629 4383 951 4452 supplicinm
1007 4380 1252 4450 fugiens,
1320 4377 1628 4432 miserrime
1679 4375 1986 4430 exstinctus

403 4479 523 4534 est?
555 4477 693 4544 Quid
725 4477 789 4528 de
825 4492 890 4530 eo
917 4475 1184 4539 dicemus,
1227 4472 1320 4542 qui
1379 4480 1434 4525 et
1490 4472 1605 4538 ipse
1636 4469 1893 4524 exconsul
1924 4484 1987 4524 ac

404 4578 692 4640 exprmtor,
717 4569 769 4620 in
806 4577 947 4620 terra
984 4581 1124 4618 nunc
1162 4564 1418 4618 Colchide
1459 4578 1647 4633 agens,
1682 4562 1871 4630 eiusce
1902 4580 1988 4617 re-

406 4662 582 4733 gionis
631 4660 986 4714 barbarorum
1041 4654 1370 4710 humanitati
1432 4653 1596 4707 vitam
1645 4669 1706 4707 ac
1737 4653 1984 4722 spiritum

2151 3461 2261 3517 Ποῦ
2295 3463 2345 3515 οί
2379 3460 2605 3527 ﬁrmet;
2634 3462 2770 3526 Τοὺς
2796 3461 2922 3531 χθὲς
2956 3460 3050 3514 καὶ
3093 3457 3284 3531 πρώην
3332 3454 3663 3526 ἀρίθμησον.

2080 3554 2192 3625 Οὐχ
2216 3561 2244 3607 ὀ
2263 3552 2383 3624 μὲν,
2414 3553 2488 3618 ὼς
2521 3554 2570 3607 οῖ
2599 3554 2921 3626 κακοῦργοι,
2952 3552 3052 3622 τῆς
3079 3549 3323 3620 κεφαλῆς
3341 3546 3668 3618 ἀπετμήθη,

2081 3645 2321 3717 πλήθους
2377 3645 2752 3710 ὁπλιτεύοντος
2810 3644 2983 3717 ἀθρόα
3029 3645 3243 3715 κινήσει
3301 3636 3614 3712 περιπεσών
3644 3655 3663 3668 ο

2081 3739 2404 3812 ἐπομπεύθη
2432 3740 2488 3794 δέ
2522 3740 2665 3811 μετά
2690 3739 2917 3793 θάνατον
2944 3735 3164 3808 μᾶλλον,
3194 3735 3228 3806 ἦ
3253 3735 3340 3787 ὅτε
3363 3733 3669 3804 φερόμενος

2083 3831 2177 3886 ἐπὶ
2216 3831 2308 3886 τού
2348 3832 2540 3904 δίφρου
2586 3831 2822 3903 ἐγαυρία
2863 3829 2956 3883 τοῦ
2992 3827 3338 3898 ἀξιῶματος;
3399 3825 3557 3887 ἄλλος
3605 3823 3670 3878 δὲ

2086 3923 2224 3996 μετὰ
2251 3924 2604 3996 στρατηγίας,
2627 3924 2722 3995 τῆς
2751 3921 2923 3992 αὐτῆς
2946 3920 3149 3992 ταύτης
3171 3916 3445 3988 ἐπιτυχὼν
3476 3916 3666 3986 τιμῆς.

2084 4013 2269 4078 κακῶς
2308 4016 2366 4068 ἐν
2390 4017 2509 4078 ταῖς
2551 4015 2830 4086 ἐσχατιαῖς
2875 4013 3149 4082 Αίγύπτου
3204 4010 3430 4079 καὶτῆς
3459 4007 3671 4078 Λιϐύης

2084 4104 2352 4170 ἀπώλετο,
2384 4106 2600 4177 φεύγων
2627 4107 2726 4178 τῆς
2753 4105 3052 4176 καταδίκης
3080 4103 3178 4176 τὴν
3224 4101 3512 4173 τιμωρίαν.
3543 4096 3665 4153 εἶτα

2083 4202 2205 4264 ταῖς
2226 4198 2473 4270 ψάμμοις
2499 4197 2909 4269 ἐντελευτήσας,
2936 4195 3124 4266 ἐπειδὴ
3154 4197 3302 4248 πᾶσα
3331 4188 3399 4264 ἦν
3424 4193 3456 4262 ή
3492 4189 3669 4262 χώρα,

2085 4288 2152 4342 δι’
2182 4284 2250 4361 ἦς
2276 4289 2673 4361 ἀπεδίδρασκεν
2714 4287 2942 4360 ἄνυδρος
2985 4287 3078 4340 καὶ
3103 4286 3388 4358 ἀοίκητος;
3430 4284 3494 4337 Τί
3522 4282 3564 4335 δ’
3603 4282 3672 4336 ἂν

2088 4379 2315 4452 εἴπομεν
2345 4382 2481 4454 πρὸς
2509 4382 2601 4436 τὸν
2633 4384 2697 4435 ἐκ
2731 4382 3052 4454 στρατηγῶν
3081 4383 3176 4436 καὶ
3201 4382 3442 4446 ὑπάτων,
3471 4379 3673 4450 ὁμοίως

2091 4473 2184 4526 ἐπὶ
2223 4475 2322 4544 τῆς
2363 4475 2623 4547 Κολχίδος
2657 4474 2750 4529 νῦν
2781 4475 2964 4549 χώρας
3007 4474 3283 4543 διάγοντα.
3330 4473 3424 4526 καὶ
3461 4475 3524 4543 τῇ
3561 4471 3674 4524 τῶν

2092 4565 2270 4620 ἐκεῖσε
2295 4568 2582 4641 βαρϐάρων
2607 4569 2987 4640 φιλανθρωπία
3017 4567 3414 4638 διασωζόμενον
3439 4582 3454 4631 ἶ
3489 4564 3591 4616 Τὸν
3616 4564 3675 4618 δὲ

2095 4658 2155 4723 ἐξ
2194 4659 2457 4731 ὑπάρχων
2514 4663 2739 4723 ἐκεῖνον,
2794 4661 2908 4723 τὸν,
2959 4661 3034 4724 ὡς
3089 4660 3262 4730 ῷετο,
3316 4653 3526 4730 ἄμαχον
3575 4656 3676 4709 καὶ

405 4753 604 4810 debet?
639 4753 792 4806 lllnm
827 4758 1008 4803 autem
1059 4746 1469 4816 exprmfectum,
1521 4746 1783 4800 invictum
1815 4744 1962 4798 illum

2096 4749 2363 4821 λεοντώδη
2407 4751 2505 4822 τὴν
2575 4752 2818 4824 γνώμην,
2867 4751 2954 4804 οἵα
3003 4749 3110 4804 τοῦ
3153 4749 3267 4819 βίου
3325 4747 3678 4817 καταστροφὴ

406 4853 464 4898 ut
494 4844 806 4909 putabatur,
840 4857 903 4895 ac
937 4839 1136 4894 leonini
1171 4839 1423 4907 pectoris,
1462 4837 1634 4907 qualis
1661 4838 1786 4890 vita:
1837 4845 1985 4890 cata-

406 4938 630 5006 strophe
661 4935 902 5003 excepit!
931 4933 1169 4987 Primum
1215 4930 1432 5000 quidem
1468 4930 1634 4982 lilium
1675 4942 1828 4982 suum
1857 4927 1990 4982 vidit

407 5028 589 5098 capite
619 5036 965 5090 truncatum;
1020 5030 1132 5075 tum
1168 5031 1223 5076 et
1288 5036 1400 5089 .pse
1446 5018 1661 5087 capitali
1721 5021 1986 5073 sententia

477 5142 520 5174 "’
538 5107 815 5207 Matiinvr,
845 5138 935 5192 20.

484 5264 595 5334 (30)
629 5260 816 5316 Nonne
843 5262 944 5332 _Itic
991 5254 1567 5334 qnidentuﬂnadrare.
1589 5251 1841 5332 videntur
1884 5251 1994 5334 Ahic

411 5323 647 5390 indicata
679 5334 748 5386 ab
782 5323 1013 5386 As'terio'
1036 5330 1088 5382 in
1140 5326 1431 5387 llnﬂinnm,
1479 5323 1570 5393 qni
1592 5391 1608 5393 _
1635 5323 1990 5393 principatum

413 5407 681 5467 ambiens,
721 5407 788 5456 ab
839 5401 1074 5456 Arcadio
1109 5412 1402 5467 Oppressus
1443 5391 1547 5467 est,
1578 5391 1800 5462 Olybrio
1830 5401 1992 5467 atque

413 5473 649 5534 Probino
670 5461 1008 5533 consulibus,
1037 5479 1095 5522 ut
1125 5461 1272 5537 ponit
1305 5461 1811 5537 Baro:rius,_tieitipe
1841 5461 1994 5516 Chri-

416 5533 488 5600 Sti
524 5560 666 5598 anno
720 5544 845 5605 595,
884 5540 1040 5609 cujus
1065 5533 1229 5608 caput
1270 5537 1322 5609 in
1351 5538 1507 5609 hasta
1539 5533 1767 5609 sublime
1799 5547 1992 5609 pompa

417 5616 618 5669 elatum
659 5623 758 5668 est.
799 5601 1119 5678 Vide'apud
1136 5601 1398 5662 eumdem
1420 5604 1605 5678 plura.
1642 5601 1996 5678 Ultnnuurab

420 5684 636 5743 Asterio
674 5683 986 5744 indicatum,
1015 5670 1117 5749 ἠιιί
1163 5670 1444 5749 superiori
1485 5689 1632 5749 anno
1667 5670 1735 5749 ab
1777 5671 1994 5749 humilia

424 5742 530 5810 ista
558 5754 741 5811 habita
763 5766 828 5808 ex
859 5742 1078 5808 consule
1112 5742 1491 5804 miserabiliter
1524 5743 1762 5815 perierit,
1800 5743 1854 5797 ιι.
1884 5742 1996 5796 Sir—

2095 4838 2401 4906 διεδέξατοί
2437 4841 2656 4911 Πρῶτον
2685 4843 2785 4911 μὲν
2810 4841 2920 4912 γάρ
2947 4840 3123 4893 ἐπεῖδε
3152 4841 3242 4892 τὸν
3295 4837 3487 4892 ἐαυτοῦ
3515 4837 3679 4889 παῖδα

2097 4929 2485 5002 ἀποτμηθέντα
2531 4935 2629 5002 τῆς
2674 4933 2916 5003 κεφαλῆς
2938 4950 2954 4964 ο
2981 4929 3100 4986 εἶτα
3131 4933 3224 4986 καὶ
3257 4930 3420 4992 αὐτὸς
3459 4931 3558 4998 τὴν
3587 4931 3682 4982 ἐπὶ

2097 5020 2314 5093 θανάτῳ
2351 5023 2527 5095 ψῆφον
2560 5025 2798 5092 ἐδέξατο,
2834 5027 2928 5081 καὶ
2961 5028 3058 5098 τῆς
3117 5025 3328 5097 σχοίνου
3361 5021 3683 5095 προσαχθεί-

2101 5252 2333 5306 mundus
2364 5250 2632 5322 intellexit
2683 5252 3003 5322 Entropium
3034 5267 3047 5302 :
3084 5265 3147 5304 ac
3177 5265 3306 5305 vere
3337 5251 3512 5304 nullus
3545 5248 3684 5302 alius

2098 5324 2345 5376 videatur
2373 5321 2595 5390 intelligi
2629 5339 2786 5389 posse
2827 5321 3195 5382 commodius;
3227 5335 3352 5375 cum
3395 5323 3459 5385 is,
3505 5328 3558 5371 et
3583 5333 3684 5370 eu-

2099 5393 2358 5457 nuchum,
2385 5402 2437 5446 et
2471 5395 2708 5460 potentia
2739 5410 2803 5447 ac
2835 5393 3039 5446 divitiis
3070 5391 3364 5460 maximum
3388 5390 3681 5460 signiticet,

2100 5465 2315 5532 qualem
2366 5459 2517 5516 nobis
2602 5463 2842 5517 historia:
2889 5470 3278 5532 repraesentant
3305 5459 3680 5532 _Eutropium.

2101 5530 2333 5589 Proinde
2372 5533 2566 5586 vixerit
2617 5533 2716 5587 iste
2762 5530 3008 5587 Asterius
3039 5530 3687 5601 JoanneChrysostotno

2102 5607 2378 5672 episcopo,
2408 5605 2538 5657 nihil
2563 5619 2852 5658 commune
2883 5603 3086 5659 habens
3105 5618 3227 5657 cum
3255 5596 3547 5656 nominatis
3567 5596 3686 5650 aliis

2104 5676 2334 5731 Asteriis
2359 5674 2657 5730 Constantii
2683 5684 2945 5743 tempore.
