3824 6270
116 279 191 336 335
1128 277 1413 337 HOHILIA
1448 281 1513 336 V.
1548 278 1614 335 IN
1650 279 1912 337 MATTII.
1958 278 2105 350 χιιι,
2139 283 2194 339 3.

3160 288 3281 355 230

115 415 185 469 an;
204 395 287 467 ήδη
311 394 382 465 τῷ
406 394 649 466 στόματι,
675 394 1053 466 φιλανθρωπία
1080 394 1330 468 βασιλικὴ
1350 396 1620 452 ἐκώλυσεν

1735 399 2012 455 damnatus
2044 409 2150 465 est,
2179 399 2484 469 laqueoque
2509 398 2622 469 jam
2647 398 2786 471 gulae
2802 399 3043 464 admoto,
3066 402 3297 455 clemen-

116 490 342 560 ἐνεργῆσαι
367 488 455 542 τὸν
483 489 694 559 δήμιον.
738 490 916 560 Ζήσας
956 490 1013 542 δὲ
1054 490 1233 559 ὀλίγον
1275 490 1489 555 ὀδύναις
1522 492 1616 545 καὶ

114 579 751 651 σνμφοραίςὸπρεσϐύτης,
795 581 889 633 καὶ
913 581 979 652 τῇ
1011 581 1259 653 αἰσθήσει
1291 582 1402 636 τῶν
1432 583 1618 637 κακῶν

112 674 414 744 ἑπιχρονίσας,
444 675 501 725 ἐν
529 672 723 744 ἀτιμίᾳ
745 673 988 743 ἀπῆλθεν
1028 674 1119 726 τοῦ
1151 674 1289 745 βίου,
1331 675 1489 730 τοῦτο
1520 677 1619 747 τῆς

114 766 299 836 μεγάλης
344 765 598 829 ὑπατείας
650 765 710 818 τὸ
754 765 905 830 τέλος
942 767 1263 839 εὑράμενος.
1311 767 1369 821 Ὀ
1408 767 1486 833 δὲ,
1523 768 1617 821 τοῦ

112 855 408 928 παρελθόντος
446 855 692 909 ἐνιαυτοῦ
737 856 854 920 πῶς
900 858 1219 927 ἐφρόντισεν
1250 858 1474 929 μείζονα
1506 857 1615 912 τῶν

110 951 342 1017 γιγάντων,
380 948 624 1017 γυναιξὶν
653 948 727 1003 ὢν
768 952 863 1004 καὶ
901 950 1157 1022 ἀνδράσιν
1200 952 1619 1022 ἀμφισϐητήσι-

111 1058 207 1111 pag;
238 1040 470 1104 Ῥἀόδους
511 1043 717 1114 κυρίων
762 1043 999 1113 φεύγων,
1067 1044 1280 1115 ῥάϐδων
1336 1043 1619 1099 ὑπατικῶν

109 1133 419 1203 ἐπεθύμησεν*
460 1134 729 1205 ἐκτήσατο
767 1135 893 1205 γῆν,
933 1136 1065 1206 ὅσην
1109 1136 1228 1189 οὐδὲ
1258 1137 1430 1188 εἰπεῖν
1457 1134 1616 1189 εὔκο-

108 1223 198 1275 λονυ
221 1224 371 1292 ἐτάφη
402 1223 458 1277 δὲ
490 1226 548 1276 ἐν
576 1224 837 1296 τοσαύτῃ,
877 1227 1009 1295 ὅσης
1039 1229 1066 1280 ὁ
1102 1226 1332 1297 ἐλεήσας
1377 1228 1618 1299 μετέδωα

109 1334 192 1368 κεν.
223 1311 350 1387 ’Δρα
392 1312 483 1370 οὖν
523 1316 667 1370 κατὰ
709 1318 799 1371 τὸν
836 1318 1000 1389 σοφὸν
1045 1320 1501 1393 Ἐκκλησιαστὴν,
1554 1322 1615 1376 ού

109 1410 259 1473 πάντα,
284 1410 373 1461 ὅσα
419 1408 668 1473 τοιαῦτα,
694 1412 1029 1479 Ματαιότης
1045 1413 1476 1480 praemunitam,
1520 1416 1618 1469 atat

109 1502 312 1571 φάσματά
337 1505 478 1555 ἐστιν
513 1501 581 1555 τὰ
608 1502 894 1574 ἀξιώματα
929 1504 1317 1559 ἀνυποστάτων
1351 1506 1574 1577 ὀνείρων
1602 1545 1619 1570 ,

109 1594 324 1664 τέρψοντα
363 1594 495 1667 πρὸς
546 1594 745 1662 ὀλίγον,
798 1590 917 1647 εἶτα
961 1596 1406 1667 παραδραμόντα,
1455 1596 1621 1668 ἀνθή-

110 1704 234 1740 σαντα
270 1687 357 1740 καὶ
399 1686 779 1760 μαρανθέντας
819 1687 1009 1758 Ἡμεῖς
1048 1688 1224 1771 τοίνυν
1272 1688 1377 1752 ἕως
1425 1689 1615 1742 τούτου

1724 487 1795 543 tia
1829 488 2092 559 principis
2123 488 2377 544 manibus
2447 487 2725 544 carnificis
2776 497 3060 559 exemptus
3104 500 3208 556 est,
3244 498 3299 544 ut

1720 579 2040 650 quantulum
2076 581 2220 635 τοιοιί
2254 589 2559 652 supererat,
2583 595 2747 636 senex
2782 582 2834 636 in
2863 580 3047 637 dolore
3072 589 3127 637 et
3154 579 3301 635 caluo

1722 672 1911 728 mitate
1948 686 2217 742 sensuque
2252 673 2515 727 malorum
2547 674 2793 744 exigens,
2821 689 2885 728 ac
2913 673 3102 744 plenus
3136 673 3299 727 dede—

1720 764 1865 819 coris
1915 778 1978 818 ac
2034 763 2365 833 ignominiae,
2410 764 2501 818 tali
2557 765 2735 834 magni
2797 763 3111 819 consulatus
3149 764 3296 818 exitu

1719 855 1829 910 vita
1858 855 2159 910 decederet.
2220 855 2309 909 llle
2341 870 2520 909 autent
2568 857 2831 926 superiori
2860 872 3023 920 anno,
3049 858 3296 927 gigantes

1722 962 1946 1017 prorsus
1979 947 2245 1015 facinora,
2276 960 2439 1018 atque
2463 950 2627 1003 etiam
2652 950 2850 1019 majora
2886 950 3121 1013 molitus,
3144 947 3298 1016 cujus

1721 1055 1883 1096 sexus
1909 1042 1960 1095 in
1993 1042 2209 1094 dubium
2248 1041 2561 1107 vocabatur,
2592 1042 2789 1111 quique
2822 1042 3017 1096 beriles
3038 1040 3300 1111 effugiens

1721 1127 1917 1195 virgas,
1947 1127 2255 1182 consulares
2281 1129 2573 1196 allectavit,
2598 1146 2662 1183 ac
2689 1141 2894 1184 tantum
2936 1130 3144 1185 telluris
3171 1144 3298 1199 pos-

1720 1219 1881 1284 sedit,
1920 1228 2182 1287 quanlum
2209 1234 2305 1273 nec
2342 1219 2501 1273 facile
2548 1222 2856 1287 nominare;
2897 1222 2986 1290 qui
3017 1236 3159 1275 nunc
3181 1220 3298 1274 exi-

1720 1322 1823 1376 gua
1853 1309 2104 1363 conditur
2127 1310 2314 1374 humo,
2352 1320 2406 1364 et
2442 1311 2757 1380 quantulam
2782 1313 2829 1364 ei
2872 1327 2975 1365 nou
3007 1309 3295 1367 nemomi-

1721 1399 1994 1454 seratione
2030 1411 2206 1454 motus
2233 1401 2524 1470 impertiit?
2549 1400 2736 1455 Nonne
2767 1402 2928 1471 igitur
2954 1416 3101 1465 vere,
3133 1400 3288 1470 juxta

1722 1489 2018 1557 sapientem
2049 1490 2197 1544 ἱΙΙιιιιι
2224 1491 2630 1559 Ecclesiastem,
2661 1492 2702 1545 si
2738 1507 2842 1562 qua
2874 1492 3025 1557 talia,
3070 1490 3296 1544 thitas

1721 1582 2009 1636 vanitatum
2042 1582 2125 1637 ‘3?
2157 1598 2220 1637 ac
2254 1583 2337 1638 vel
2367 1584 2716 1652 amplissimas
2766 1583 3079 1653 dignitates,
3116 1581 3295 1635 inania

1722 1670 1967 1738 quaedam
2006 1671 2121 1726 visa
2156 1680 2210 1726 et
2245 1678 2455 1726 ostenta
2505 1673 2879 1727 somniorum?
2906 1687 3026 1742 quae
3072 1687 3192 1727 cum
3229 1670 3296 1725 ad

110 1780 347 1849 στήσαντες
390 1778 481 1832 τὸν
537 1779 715 1848 λόγον,
754 1780 911 1836 δόξαν
943 1779 1354 1851 ἁναπέμψωμεν
1395 1780 1473 1851 τῷ
1508 1781 1618 1834 Σω-

1735 1766 1886 1818 breve
1918 1761 2247 1817 oblectariut
2307 1772 2546 1833 tempus,
2602 1764 2943 1833 postmodum
2981 1762 3295 1832 diffugiant;

108 1868 215 1939 τξρι.

782 2136 859 2191 E'.

117 2226 198 2300 'Ez_
217 2225 310 2281 τοῦ
337 2228 483 2281 κατὰ
523 2227 825 2300 Ματθαῖον
851 2230 1225 2300 Εὐαγγελίου
1246 2232 1335 2297 εἰς
1371 2229 1460 2294 τὸ,
1494 2250 1512 2281 ι
1552 2232 1621 2285 El

154 2297 660 2370 lfeO’rts-Adrﬂptbxq)
675 2297 1130 2370 ἀπολῦσαίτὴν
1149 2300 1405 2369 γυναῖκα
1430 2300 1620 2355 αὑτοῦ

157 2371 276 2422 κατὰ
302 2368 508 2424 πᾶσαν
538 2370 755 2423 αἰτίαν.
790 2389 809 2422 ι

157 2459 280 2529 Καλὴ
309 2460 540 2531 συνωρὶς
570 2458 678 2513 τῶν
705 2459 799 2514 δύο
832 2459 1037 2515 τούτων
1064 2460 1290 2534 ἡμερῶν
1331 2464 1443 2525 τοῖς
1486 2462 1623 2534 Χρι-

114 2551 290 2611 crta-toi;
307 2548 397 2602 καὶ
418 2548 730 2617 φιλοπόνοις
758 2548 1038 2620 τυγχάνει,
1090 2550 1186 2603 τοῦ
1219 2549 1495 2603 Σαϐϐάτου
1522 2550 1621 2603 καὶ

112 2640 178 2711 τῆς
200 2641 457 2712 Κυριακῆς
489 2640 657 2709 λέγω,
709 2641 778 2711 ἣν
827 2642 946 2695 καθ’
996 2643 1235 2715 ἑκάστην
1282 2642 1551 2714 ἑϐδομάδα
1592 2645 1622 2696 ὁ

111 2732 249 2801 χρόνος
276 2733 592 2788 ἀνακυκλῶν
637 2734 946 2806 περιφέρει.
1000 2735 1088 2799 Ὠς
1132 2734 1240 2806 γὰρ
1290 2735 1528 2806 μητέρες
1589 2735 1623 2806 ἢ

112 2825 249 2893 τροφοὶ
280 2825 371 2896 τῆς
410 2826 761 2896 Ἐκκλησίας,
795 2828 888 2881 καὶ
911 2827 1001 2881 τὸν
1024 2825 1151 2881 λαὸν
1177 2826 1509 2898 ἀθροίζουσι,
1534 2828 1627 2882 καί

112 2920 199 2981 τοὺς
224 2920 383 2991 ἱερέας
412 2919 710 2983 παιδευτὰς
738 2918 1191 2990 προκαθίζουσιν*
1234 2918 1625 2989 δημαγωγοῦσι

112 3009 151 3062 ἃ
174 3012 245 3066 καὶ
264 3015 378 3076 τοὺς
410 3012 667 3084 μαθητὰς
699 3012 794 3066 καὶ
842 3013 971 3075 τοὺς
1019 3011 1372 3075 διδασκάλους
1405 3014 1486 3075 είς
1526 3013 1626 3083 τὴν

1724 1868 1956 1923 cumque
1983 1854 2322 1924 aliquantum
2378 1855 2685 1921 ﬂoruerint,
2712 1856 2894 1910 subito
2922 1852 3301 1909 marcescant?

1724 1944 1832 2000 Nos
1865 1947 2052 2015 itaque
2084 1947 2297 2001 dicemli
2331 1947 2420 2002 hic
2448 1946 2612 2003 finem
2667 1946 2953 2016 facientes,
3000 1947 3301 2002 tribuamus

1724 2036 1989 2092 Salvatori
2021 2036 2269 2106 gloriam.

2476 2124 2542 2183 ν.

1726 2215 1960 2271 Homilia
1991 2218 2046 2271 in
2085 2217 2257 2272 locum
2313 2217 2585 2287 Evangelii
2638 2221 2919 2273 secundum
2962 2216 3299 2283 Mattlta’um,

1800 2307 1819 2339 ι
1850 2289 1932 2340 An
1955 2288 2106 2341 liceat
2126 2289 2324 2360 homini
2351 2289 2611 2343 dimittere
2632 2305 2847 2344 uxorem
2866 2306 3014 2343 suam
3041 2289 3151 2360 (51)
3174 2306 3301 2360 qua-

1797 2375 2000 2427 cunque
2020 2374 2087 2413 ea:
2114 2375 2277 2414 causa
2301 2359 2366 2411 ".
2398 2377 2416 2411 ι

1795 2449 2066 2505 Praeclara
2102 2450 2433 2506 Christianis
2481 2464 2543 2506 ac
2593 2449 2854 2506 studiosis
2906 2448 3136 2505 duarum
3197 2449 3300 2504 ha-

1725 2558 1914 2598 rumce
1941 2541 2154 2597 dierum
2186 2541 2376 2611 copula
2429 2556 2493 2597 ac
2545 2555 2883 2608 concursus,
2931 2539 3176 2606 Sabbati,
3214 2541 3301 2594 in-

1726 2651 1910 2705 quam,
1942 2650 2005 2690 ac
2040 2634 2354 2699 Dominicae,
2388 2649 2525 2704 quas
2553 2644 2765 2702 tempus
2796 2634 2848 2688 in
2876 2635 3066 2690 orbem
3118 2648 3305 2687 recur-

1729 2742 1877 2793 rens,
1911 2728 2261 2782 hebdomadis
2293 2728 2522 2795 singulis
2556 2728 2786 2783 reducit.
2831 2725 2965 2781 Nam
2999 2725 3151 2795 quasi
3190 2741 3304 2780 ma-

1732 2828 1842 2874 tres
1877 2828 1970 2872 aut
2000 2819 2242 2872 nutrices
2270 2817 2552 2885 Ecclesim,
2607 2833 2726 2872 cum
2776 2818 3030 2887 populum
3078 2830 3306 2887 congre-

1730 2920 1878 2979 gant,
1908 2922 2018 2964 tum
2070 2911 2386 2964 sacerdotes
2439 2912 2504 2963 ad
2550 2910 2857 2965 docendum
2906 2908 3201 2964 consedere
3232 2907 3308 2962 fa-

1731 3004 1917 3068 ciunt;
1953 3013 2115 3071 atque
2139 3003 2295 3068 adeo,
2319 3001 2615 3070 discipulos
2644 3003 2848 3071 pariter
2873 3017 2943 3057 ac-
2967 3003 3213 3058 doctores
3238 3004 3306 3057 ad

113 3102 367 3176 τιῖινψυχῶν
394 3105 742 3176 ἐπιμέλειαν.
783 3105 936 3174 Ἐμοὶ
969 3104 1149 3157 τοίνυν
1182 3104 1265 3158 ἔτι
1306 3104 1405 3175 τῆς
1434 3103 1624 3175 χθιζῆς

1735 3095 2039 3148 animorum
2072 3093 2351 3164 pelliciunt
2390 3108 2604 3158 curam,
2648 3109 2713 3148 ac
2756 3093 2949 3148 blande
3001 3093 3303 3163 impellunt.

112 3198 268 3268 ἡμέρας
291 3192 499 3269 ὁλόγος
534 3202 739 3272 ὲνηχεί,
777 3201 873 3254 καὶ
901 3199 1204 3271 ἐγκάθηται
1247 3200 1536 3272 τῇ-μνήμῃ
1562 3200 1631 3253 τὰ

114 3289 369 3358 ποιηθέντα.
404 3291 605 3345 Βλέπω
634 3291 724 3344 τὸν
757 3291 991 3361 σταυρὸν
1024 3290 1113 3345 διὰ
1148 3292 1247 3361 τῆς
1288 3292 1631 3363 προφητείας

115 3378 224 3450 παρὰ
250 3380 457 3435 Ἡσαΐου
502 3380 872 3452 πηγνύμενον,
907 3383 1003 3435 καὶ
1044 3381 1115 3434 τὰ
1167 3383 1357 3453 ἱμάτια
1388 3382 1483 3435 τοῦ
1515 3384 1630 3435 Κυ-

116 3467 213 3534 ρίου,
237 3471 303 3533 ὡς
329 3472 398 3523 τὰ
425 3471 526 3526 τοῦ
558 3470 878 3542 ληνοὸἁτου.
903 3473 1267 3543 κεχρωσμένα
1298 3472 1375 3543 τῷ
1399 3473 1593 3542 αἵματι
1615 3487 1629 3502 ’

116 3558 268 3615 καὶτὸν
294 3562 527 3635 Σωτῆρα
545 3564 639 3616 τὸν
673 3563 863 3633 μισθὸν
897 3564 1183 3635 πρόχειρον
1206 3565 1298 3617 ἐπὶ
1327 3564 1427 3634 τῆς
1453 3564 1634 3631 δεξιᾶς

117 3649 313 3719 ςέροντα.
349 3655 458 3708 Καὶ
502 3654 596 3707 τὸν
637 3653 958 3724 Σολομῶντα
991 3653 1182 3724 θεωρῶ
1215 3654 1284 3707 τὰ
1321 3652 1463 3721 ζυγά
1503 3655 1634 3724 ἡμῖν

118 3741 303 3806 καὶτοὺς
330 3744 605 3815 σταθμοὺς
631 3745 965 3814 ἀκριϐοῦντα
995 3746 1075 3808 είς
1108 3744 1357 3814 δύναμιν.
1403 3743 1508 3797 Καὶ
1534 3742 1630 3798 τοῦ

117 3830 384 3902 Εὖαγγελίου
414 3838 508 3890 τὸν
548 3836 952 3908 χρεωφειλέτην
1007 3837 1283 3908 οἰκτείρω,
1339 3836 1414 3908 μὴ
1466 3853 1634 3907 μετα-

117 3920 259 3979 ὼῦντα
275 3927 345 3998 τῷ
370 3930 649 4001 ὁμοδούλῳ
669 3930 767 4000 τῆς
801 3930 1234 4000 φιλανθρωπίας,
1260 3924 1328 4002 ἦς
1349 3930 1502 4001 παρὰ
1538 3929 1635 3982 τοῦ

117 4016 327 4073 diem
366 4021 693 4093 μετέλαϐεν
737 4022 854 4075 ἀλλ’
892 4024 956 4075 ὲκ
980 4023 1081 4094 τῆς
1112 4022 1370 4085 ἀϐουλίας
1399 4023 1492 4075 καὶ
1534 4022 1634 4093 τῆς

119 4104 444 4179 σκληρότητος,
491 4110 593 4182 τὴν
646 4110 783 4165 ἰδίαν
829 4113 1117 4182 συμφορὰν
1160 4113 1630 4184 ἁνανεωσάμενον.

119 4193 288 4262 Τούτοις
311 4201 417 4273 γὰρ
440 4207 558 4267 τοῖς
609 4203 928 4272 κεφαλαίοις
957 4205 1101 4259 κατὰ
1132 4207 1231 4276 τὴν
1257 4205 1636 4277 παρελθοῦσαν

120 4284 360 4360 ἑκάμομεν,
386 4295 461 4358 ὡς
510 4295 626 4348 ῐστε
663 4296 885 4362 πάντες,
925 4298 977 4349 οἱ
1014 4297 1115 4351 οὐκ
1141 4300 1200 4351 ἐν
1224 4299 1491 4369 παρέργῳ
1539 4297 1638 4369 τὴν

118 4374 322 4437 exoticam
348 4384 586 4457 θέμενοι.

169 4558 374 4644 Σήμερον
392 4564 447 4616 δὲ
479 4564 641 4618 πάλιν
667 4566 799 4635 ήμίν
822 4565 991 4619 πολλὰ
1021 4567 1138 4636 μὲν,
1159 4568 1252 4621 καὶ
1276 4567 1417 4621 καλὰ
1432 4567 1630 4633 πάντα,

119 4646 190 4700 ὅσα
211 4653 287 4705 ἐπὶ
309 4657 401 4725 τῆς
418 4657 698 4729 τραπέζης
726 4657 823 4728 τῆς
844 4658 1145 4729 ὁρωμένης,
1171 4660 1232 4712 τὸ
1259 4660 1481 4730 Πνεῦμα
1501 4677 1636 4714 κατ-

120 4738 244 4796 έθετο.
280 4746 577 4820 Ἐπέστησα
639 4750 695 4802 δὲ
729 4750 819 4803 τὸν
841 4750 965 4804 νοῦν
996 4754 1108 4815 τοῖς
1145 4751 1464 4821 ἀδολέσχαις
1489 4752 1626 4823 ὁμοῦ

121 4834 188 4884 καὶ
220 4844 518 4908 πιρασταίς
552 4840 891 4911 Φαρισαίοις⁸
941 4843 1037 4895 καὶ
1082 4842 1287 4912 σφόδρα
1315 4857 1379 4910 γε
1433 4841 1633 4904 αὐτοὺς

120 4923 190 4993 τῆς
210 4930 486 5003 μοχθηρίας
506 4932 616 4987 τῶν
644 4935 857 5006 τρόπων
885 4933 1121 5005 ἠλέησαν
1162 4935 1248 5002 ἐφ’
1274 4926 1354 4995 οἷς
1402 4933 1495 4985 καὶ
1528 4931 1626 5002 τὴν

121 5021 259 5087 πηγὴν
282 5024 369 5094 τῆς
400 5026 590 5094 σοφίας
637 5029 753 5088 ταῖς
785 5026 993 5079 ἑαυτῶν
1028 5027 1361 5096 ἐρωτήσεσιν
1408 5022 1631 5094 ἐπεχεί-

122 5120 215 5171 ρουν
252 5115 718 5186 κατασοφίζεσθαι,
750 5116 969 5186 καὶτῆς
1006 5116 1374 5187 ἐγχειρήσεως
1395 5114 1637 5184 ἀπετύγ-

1732 3187 1860 3242 ιιιιιι
1891 3188 2110 3257 quidem
2143 3187 2324 3241 adhuc
2354 3187 2576 3240 auribus
2625 3187 2844 3241 insonat
2885 3188 2988 3241 diei
3035 3188 3308 3244 hesterna:

1732 3293 1913 3333 sermo
1941 3319 1956 3340 ,
2020 3278 2363 3347 insidentque
2434 3279 2707 3332 memoria:
2758 3278 3009 3350 praelecta
3063 3288 3192 3336 tunc
3243 3295 3309 3339 ac

1733 3369 2169 3425 consideratione
2224 3368 2489 3423 discussa.
2540 3368 2733 3425 Video-
2775 3384 2990 3425 crucem
3044 3370 3114 3425 ab
3166 3369 3307 3425 Isaia

1733 3459 2013 3528 prophetia
2043 3457 2227 3525 ﬁxam,
2271 3472 2337 3512 ac
2380 3457 2593 3512 Domini
2645 3459 3002 3523 vestimenta,
3052 3468 3310 3528 tauquam

1733 3550 1994 3606 ealcantis
2045 3551 2098 3605 in
2153 3550 2432 3617 torculari,
2468 3562 2661 3605 cruore
2717 3549 2887 3605 tincta
2941 3550 3026 3617 ";
3077 3552 3311 3622 denique

1735 3642 2096 3707 Salvatorem,
2129 3650 2441 3714 promptum
2472 3642 2694 3697 dextera
2716 3640 3141 3712 expeditumque
3176 3658 3312 3715 prat-

1736 3736 1904 3790 mium
1939 3735 2340 3805 praeferentem.
2374 3733 2555 3788 Animi
2586 3733 2761 3789 oculis
2792 3733 3134 3790 Salomonem
3160 3748 3315 3804 aspe-

1735 3836 1845 3891 cto,
1876 3828 2083 3896 aequam
2107 3825 2299 3896 judicii
2346 3827 2637 3881 librantem
2683 3827 2942 3881 tutrinam
2974 3827 3042 3880 “.
3096 3825 3315 3882 Miseret

1741 3933 1827 3973 me
1859 3918 2122 3974 debitoris
2148 3918 2473 3987 evangelici,
2510 3918 2602 3987 qui
2626 3917 2837 3972 Domini
2880 3917 2933 3972 in
2970 3917 3146 3988 ipsnut
3180 3917 3315 3973 leui-

1740 4017 1904 4065 tatem
1961 4023 2025 4065 ac
2077 4009 2425 4063 clementiam
2482 4022 2749 4063 conservo
2804 4023 2910 4062 non
2956 4008 3219 4063 adhibens
3243 4009 3313 4074 ",

1738 4116 1835 4171 pro
1863 4100 2094 4157 stultitia
2125 4116 2190 4156 ac
2216 4100 2418 4156 duritie
2446 4114 2567 4165 sua,
2603 4099 2705 4154 sibi
2740 4101 2856 4169 ipse
2887 4099 3202 4154 instaurata!
3224 4114 3317 4155 ca-

1740 4190 2004 4246 lamitatis
2035 4205 2101 4246 ac
2124 4191 2364 4246 miseriae
2412 4198 2606 4245 auctor
2635 4188 2755 4243 fuit.
2789 4191 2849 4243 ln
2888 4189 2973 4244 his
2997 4191 3147 4244 enim
3171 4191 3318 4259 capi-

1742 4283 1885 4339 tibus
1914 4283 2002 4338 die
2026 4282 2307 4351 superiore
2334 4281 2581 4352 proximo
2638 4268 3011 4347 verSabamnr,
3062 4290 3119 4334 ut
3143 4282 3316 4337 nostis

1740 4388 1951 4438 omnes,
1982 4374 2148 4445 siqui
2194 4388 2300 4428 non
2352 4370 2655 4442 iudiligenti
2704 4372 2892 4429 auditu
2937 4372 3179 4427 animum
3220 4372 3316 4428 ad-

1667 4474 1716 4534 D
1744 4467 1996 4521 vertistis.

1814 4556 1984 4612 llodie
2010 4556 2172 4610 etiam
2199 4555 2360 4609 multa
2381 4555 2558 4621 nobis,
2575 4568 2747 4624 eaque
2770 4554 3114 4621 prreclara,iu
3135 4567 3318 4610 mensa

1743 4664 1903 4719 quam
1936 4648 2149 4713 videtis,
2182 4650 2463 4716 proposuit
2490 4648 2748 4718 Spiritus.
2786 4645 2970 4718 Adjcci
3000 4657 3179 4702 autem
3210 4647 3320 4701 ani-

1754 4756 1896 4794 mum
1928 4743 1994 4793 ad
2025 4740 2273 4810 garrulos
2303 4741 2434 4795 istos
2484 4738 2808 4805 Bharisaeos,
2856 4754 2919 4793 ac
2987 4748 3317 4804 teutatores;

1746 4832 2144 4904 plurimumque
2197 4847 2384 4886 eorum
2442 4833 2707 4887 misereor
2760 4832 3144 4901 improbitatis,
3177 4832 3320 4897 quod

1748 4930 1921 4999 ipsum
1950 4928 2234 4998 sapientia:
2258 4926 2467 4981 fontem
2502 4925 2616 4981 suis
2652 4924 3186 4994 interrogatiunculis
3213 4923 3322 4978 cir—

1745 5021 2065 5076 cumvenire
2100 5021 2340 5089 aggressi
2374 5028 2533 5083 sunt;
2570 5032 2879 5087 quanquam
2903 5014 3176 5087 Uuigeniti
3214 5015 3323 5069 dei-

1749 5121 1860 5167 tate
1889 5125 2077 5166 eorum
2130 5111 2182 5164 in
2219 5110 2554 5166 contrarium
2603 5124 2820 5178 semper
2840 5110 3168 5178 qumstinnes
3200 5121 3325 5162 ver.

171 5248 385 5310 “Eccle.
418 5271 456 5317 ι,
503 5256 557 5310 2.
633 5256 679 5288 "
698 5255 885 5310 Matth.
932 5271 1043 5321 six,
1074 5254 1110 5309 5
1146 5269 1266 5323 sqq.
1339 5252 1386 5284 ⁷⁰
1416 5251 1516 5306 lsa.
1555 5268 1615 5305 Ls

1737 5251 1793 5305 ὅ.
1869 5250 1911 5281 ⁷¹
1954 5247 2015 5303 lll
2058 5247 2192 5319 Reg.
2235 5263 2318 5313 ιιι,
2372 5247 2464 5301 24.
2541 5245 2587 5276 ⁷¹
2610 5244 2976 5309 Mattb.xv1tt,
3007 5242 3101 5297 28.

172 5362 399 5441 (3|)Tota
428 5369 645 5424 moralis
671 5380 774 5435 est,
804 5384 909 5438 qua
928 5369 1189 5441 Asterius,
1222 5377 1446 5441 excepto
1473 5367 1628 5420 adul-

124 5436 239 5508 ίετίῼν
266 5438 416 5508 alium
454 5454 665 5493 omnem
707 5436 1023 5508 praetextum
1055 5438 1356 5492 dimittendi
1407 5452 1622 5501 uxores,

126 5512 170 5553 ac
189 5504 320 5579 ιιιιιιιι
350 5508 582 5579 libellum
605 5504 832 5579 repudii,
862 5511 1138 5564 ειιτιιιιιιιι
1171 5507 1302 5562 nihil
1327 5508 1621 5579 explicans.

125 5582 172 5649 89
213 5577 275 5649 sic
316 5572 527 5649 dimissa
580 5572 681 5634 aut
721 5572 1017 5643 dimittens,
1051 5597 1081 5633 ιι
1134 5579 1329 5647 prioris
1387 5572 1618 5649 coniugii

125 5645 308 5720 “oculo,
334 5647 483 5704 liberi
512 5652 775 5705 exsistant
805 5669 819 5704 :
849 5653 989 5719 quod
1020 5645 1252 5720 amplius
1284 5645 1616 5703 declaratum

127 5719 186 5763 εει
214 5713 269 5769 ab
300 5720 563 5789 Apostolo,
593 5713 896 5792 excipiente
933 5713 1386 5785 solaun'mortem,
1419 5729 1475 5773 ut
1507 5733 1614 5773 non

1736 5365 1808 5420 sit
1838 5362 2082 5419 adultera
2109 5363 2302 5418 mulier
2328 5362 2374 5417 si
2414 5362 2579 5417 fuerit
2604 5375 2726 5415 cum
2755 5360 2860 5413 alio
2890 5359 3043 5421 viro;
3067 5355 3154 5411 cui
3172 5370 3319 5409 sana:

1735 5436 2002 5490 doctrina:
2057 5435 2219 5488 etiam
2269 5432 2484 5487 concilii
2522 5428 2796 5501 generalis
2843 5429 3063 5481 decreto
3095 5425 3309 5501 tandem

1732 5505 1975 5570 sancitur,
2006 5506 2166 5557 audio
2207 5502 2429 5557 Grmcia:
2477 5494 2638 5556 [αἵρεε
2668 5506 3065 5570 consuescere.
3102 5494 3313 5570 [ndicat

1729 5566 1976 5630 Asterius
2001 5574 2170 5629 fuisse
2205 5575 2351 5628 viros
2383 5588 2478 5626 sua
2502 5580 2662 5626 aetate
2695 5571 2983 5623 admodum
3011 5566 3199 5621 faciles
3226 5579 3315 5617 re.

1728 5647 2012 5715 pudiandis
2084 5645 2371 5707 uxoribus,
2405 5658 2468 5715 ac
2510 5659 2551 5715 ιιΔ
2591 5654 2650 5694 se
2694 5638 3047 5715 abdicandis;
3084 5649 3319 5707 eumque

1728 5708 1922 5774 iuerito
1948 5719 2174 5771 abusum
2204 5717 2324 5786 pius
2359 5712 2704 5770 ecclesiastes
2733 5708 2991 5775 exagitat.
