3824 6270
425 336 532 393 227

1705 320 1764 374 S.
1806 316 2082 374 ASTEBII
2121 315 2424 372 AMASENI

3592 311 3716 366 2'23

429 467 599 521 teute,
627 453 912 510 conatibus
938 458 992 506 et
1013 447 1161 502 ausis
1191 446 1306 501 suis
1336 441 1673 498 exciderunt.
1705 440 1780 496 De
1812 440 2008 510 quibus

2211 454 2294 502 0v,
2331 437 2430 508 τῆς
2465 433 2561 490 τοῦ
2600 432 2942 503 Μονογενοῦς
2985 434 3240 505 θεότητος
3271 434 3352 497 εἰς
3383 431 3719 486 τούναντίον

428 562 482 604 et
521 547 686 604 Isaias
723 547 776 599 in
807 545 921 599 lucc
977 540 1142 596 verba
1184 536 1499 608 prophetari
1549 533 1763 589 videtur
1799 550 1814 586 :
1849 535 2010 586 Aver-

430 652 540 695 tens
566 639 846 708 prudentes
870 642 1178 692 retrorsum,
1235 639 1282 684 et
1333 627 1612 681 consilium
1663 640 1844 678 eorum
1875 624 2012 678 stul-

432 740 541 783 tum
573 729 796 791 faciens,
815 734 864 780 et
910 733 1146 777 statuens
1198 723 1347 774 verba
1388 721 1540 789 pueri
1567 717 1650 771 sui
1679 717 1727 748 ⁷³
1753 733 1767 782 ;
1797 731 1862 769 ac
1890 730 2012 769 rur-

431 837 522 877 sus
554 819 718 875 David
745 837 758 872 :
785 816 1001 886 Linguis
1025 814 1137 867 suis
1167 811 1346 865 dolose
1367 811 1586 881 agebant
1609 809 1829 877 ;jmlica
1858 805 2001 871 illos,

432 911 609 977 Deus;
662 911 900 964 decidant
961 925 993 961 a
1060 903 1466 974 cogitationibus
1495 899 2012 974 suis."‘.\'erumla-

433 1019 556 1075 men
589 1002 789 1072 gratias
844 999 969 1064 illis,
1025 997 1149 1051 licet
1197 995 1546 1056 adversariis,
1600 993 1742 1064 quod
1786 994 2012 1062 Sapien-

436 1095 564 1148 tiam
602 1093 667 1146 ad
705 1089 1138 1159 respondendum
1171 1087 1605 1156 provocaverint,
1632 1094 2010 1156 quonostrum

436 1187 488 1241 in
518 1201 694 1248 usum,
729 1185 820 1252 qui
850 1183 967 1252 ejus
1002 1180 1141 1235 servi
1170 1194 1390 1242 sumus,
1428 1181 1540 1233 luce
1578 1178 1776 1234 litteris
1811 1193 1875 1232 ac
1901 1191 2015 1231 me-

435 1274 625 1328 moriae
686 1272 1064 1342 proderentur.
1126 1268 1266 1322 Ecce
1297 1269 1440 1322 cnim
1497 1268 1928 1336 matrimonium,
1961 1269 2012 1322 id

433 1375 536 1433 est,
560 1379 647 1420 res
671 1366 920 1419 humana:
952 1363 1080 1416 vitae
1105 1363 1364 1423 maxima,
1399 1360 1542 1414 velut
1567 1361 1632 1414 ad
1659 1377 1900 1416 normam
1926 1363 2017 1417 hic

435 1456 706 1526 dirigitur,
756 1455 981 1525 ejusque
1041 1451 1126 1506 vel
1177 1451 1533 1507 contrahendi
1569 1453 1651 1505 vel
1684 1453 2013 1510 dissolvendi

437 1558 603 1603 certae
651 1548 795 1613 leges
840 1545 1146 1600 traduntur.
1210 1543 1416 1611 Quibus
1474 1544 1761 1612 diligenter
1791 1556 2017 1614 uterque

438 1652 612 1696 ccetus
647 1655 711 1694 ac
756 1653 919 1692 sexus
976 1637 1240 1700 attendat,
1315 1652 1422 1705 quo
1476 1648 1585 1690 tum
1631 1638 1862 1705 feminae,
1905 1649 2015 1694 tum

439 1731 566 1796 viri,
591 1745 710 1800 qua:
741 1729 958 1799 propria
982 1727 1242 1797 cujusque
1272 1727 1401 1792 sint,
1441 1729 1776 1782 condiscant.

515 2007 594 2062 An
625 2009 780 2062 liccat
807 2009 1007 2062 homini
1062 2009 1324 2063 dimittere
1363 2026 1572 2064 uxorem
1609 2029 1757 2064 suam
1787 2028 2020 2081 quacun-

351 2147 356 2153 .
440 2116 540 2169 que
567 2115 632 2152 ex
655 2117 836 2153 causa.
869 2100 940 2153 Ita
960 2102 1175 2172 quidem
1203 2101 1364 2156 habet
1388 2099 1695 2156 Judmorum
1726 2103 2018 2171 problcma.

442 2193 556 2261 Ego
589 2201 768 2245 autem
799 2192 1014 2246 aliunde
1050 2193 1254 2247 moveri
1316 2195 1378 2248 ad
1421 2193 1900 2260 interrogationem
1941 2196 2023 2248 vi-

446 2281 568 2336 deo.
599 2283 734 2346 Quia
767 2283 912 2334 enim
946 2281 1270 2336 feminarum
1321 2298 1483 2337 sexus
1537 2283 1603 2335 ad
1630 2283 1786 2336 fidem
1816 2283 2024 2338 facilior

445 2378 550 2432 est,
581 2384 642 2422 ac
672 2371 996 2438 propensior
1033 2371 1318 2425 videbatur
1365 2372 1416 2426 in
1477 2374 1764 2440 magnifica
1820 2373 2020 2429 Christi

447 2461 730 2526 miracula,
761 2471 925 2530 utque
955 2463 1070 2531 ejus
1118 2463 1362 2519 crederet
1391 2479 1454 2519 ac
1511 2466 1819 2519 admitteret
1849 2467 2021 2521 deita~

450 2563 558 2607 tem
591 2553 694 2623 (sic
727 2568 960 2621 namque
1008 2554 1172 2608 etiam
1225 2564 1501 2624 postremo
1551 2572 1672 2611 cum
1738 2558 2024 2614 homicida:

450 2646 723 2714 proposito
750 2646 816 2699 ad
868 2645 1113 2714 supplicii
1160 2646 1335 2701 locum
1388 2649 1672 2702 Dominum
1726 2653 2022 2713 traherent,

450 2738 706 2792 mulieres
737 2738 920 2792 multa:
956 2739 1263 2806 passionem
1299 2741 1760 2807 lamentabantur,
1789 2744 2026 2815 fletuque

450 2827 746 2881 miserabili
801 2827 1138 2882 Salvatorem
1197 2833 1564 2900 sequebantur
1612 2835 1681 2900 ⁷⁵)
1718 2853 1733 2887 :
1768 2848 1822 2888 ut
1849 2838 2022 2891 eidem

388 2926 396 2935 '
450 2921 592 2990 apud
622 2921 798 2988 ipsum
831 2919 1093 2974 offensam
1131 2937 1197 2974 ac
1257 2924 1437 2976 odium
1480 2925 1855 2994 importarent,
1882 2928 2028 2982 dolo-

451 3027 568 3067 sam
605 3013 768 3066 istam
824 3013 1331 3083 interrogationem,
1391 3027 1551 3084 atque
1597 3017 1711 3070 haec.
1741 3021 2026 3072 verborum

449 3101 600 3157 velut
657 3102 794 3158 retia
830 3102 1077 3157 fabricati
1139 3113 1280 3157 sunt.
1337 3103 1537 3159 Verum
1597 3106 1689 3159 ille
1715 3107 1893 3160 dolmu
1926 3109 2025 3162 sibi

451 3192 780 3248 instructum
840 3192 1142 3246 divinitatis
1171 3193 1372 3248 virtute
1417 3195 1878 3260 animadvertens,
1915 3205 2026 3249 tum

453 3283 657 3339 leniora
715 3285 1138 3354 benignioraque
1178 3287 1375 3340 mundo
1405 3287 1675 3351 sanciens,
1709 3299 1818 3341 tum
1842 3304 2030 3343 eorum

453 3375 677 3431 eludens
735 3376 988 3440 insidias,
1048 3377 1342 3432 secundum
1373 3377 1689 3432 mulieribus
1713 3393 2034 3449 responsum

456 3467 623 3534 dedit,
669 3477 922 3537 tanquam
959 3468 1147 3522 inanes
1177 3468 1331 3538 lupos
1349 3483 1414 3523 ac
1439 3481 1692 3538 expertes
1719 3475 1934 3541 praedae,
1952 3473 2035 3526 in-

456 3573 670 3613 cassum
703 3558 984 3627 quaestioni
1009 3559 1250 3613 intentos
1292 3558 1689 3628 iuliiantesque,
1731 3561 2035 3619 Pharisaeos

459 3651 734 3721 ablegans.
807 3648 947 3720 Ipsa,
1000 3652 1193 3720 inquit,
1247 3653 1450 3706 creatio
1478 3654 1895 3722 conjunctionis,
1929 3671 2034 3709 non

459 3745 677 3798 divortii
745 3759 966 3812 scopum
1048 3745 1322 3798 ostendit:
1357 3746 1669 3814 primusque
1723 3749 2034 3815 nuptiarum

459 3850 661 3902 auspex
715 3849 779 3888 ac
829 3835 1142 3889 conciliator
1177 3835 1293 3905 ipse
1343 3846 1427 3891 est
1487 3853 1666 3891 rerum
1717 3840 1916 3909 Opifex,
1946 3840 2037 3909 qui

459 3928 685 3996 primos,
725 3941 862 3995 quos
883 3926 1134 3992 (iunxerat,
1186 3927 1436 3983 homines
1484 3928 1750 4000 COnjugali
1812 3931 1956 3984 inter
1980 3945 2039 3984 se

463 4019 679 4075 vinculo
702 4021 991 4088 copulatis,
1031 4021 1400 4074 necessarium
1447 4022 1683 4090 posteris
1721 4023 2038 4078 convivendi

465 4126 528 4165 ac
555 4109 902 4166 cohabitandi
961 4111 1182 4164 tradidit
1231 4111 1499 4177 ordinem,
1563 4127 1722 4180 quem
1756 4123 1814 4167 ut
1841 4115 1931 4169 Dei
1965 4115 2042 4169 le-

465 4217 610 4270 gem,
641 4212 887 4257 sanctum
931 4218 994 4256 ac
1047 4202 1410 4257 inviolabilem
1448 4203 1678 4257 habituri
1709 4215 1912 4259 essent.
1939 4204 2040 4272 Qui

464 4304 645 4348 autem
695 4309 835 4348 nexu
888 4303 994 4346 tam
1043 4303 1194 4346 arcto
1236 4293 1407 4362 junCti
1447 4305 1592 4355 sunt,
1631 4296 1745 4363 jam
1790 4312 1890 4348 non
1922 4307 2074 4350 sunt,

462 4392 589 4452 duo,
606 4386 695 4440 sed
728 4402 834 4439 una
863 4402 986 4439 caro
1015 4388 1188 4456 :quod
1211 4403 1332 4456 ergo
1369 4386 1506 4439 Deus
1544 4387 1834 4456 conjunxit.
1891 4390 2044 4443 homo

464 4496 566 4532 non
588 4489 806 4544 separet.

2104 530 2295 593 αὐτοῖς
2330 530 2417 583 ἀεὶ
2448 525 2888 599 περιτρεπούσης
2925 526 2994 580 τά
3029 526 3399 597 ἐρωτήματα.
3432 525 3572 596 Περὶ
3603 517 3714 584 ὧν.

2115 620 2211 691 μοὶ
2241 620 2407 684 δοκεῖ,
2450 621 2544 673 καὶ
2582 618 2807 680 Ἡσαΐας
2845 616 3203 688 προφητεύων
3253 616 3466 684 ἐλεγεψ
3536 617 3726 670 Ἀπο-

2111 710 2390 780 στρέςρων
2417 710 2749 780 φρονίμους
2764 709 2852 772 εις
2865 710 2939 760 τὰ
2960 708 3174 772 ὀπίσω,
3199 706 3296 760 καὶ
3325 704 3437 773 τὴν
3451 703 3725 771 ,βουλὴν

2112 801 2311 856 αὐτῶν
2340 803 2677 870 μωραίνων,
2709 797 2809 852 καὶ
2851 796 3038 851 ἱστῶν
3069 798 3312 867 ῥήματα
3349 795 3568 862 παιδὸς
3592 795 3723 847 αὐ-

2113 894 2221 948 τοῦ
2241 911 2254 925 ⁸
2291 893 2385 947 καὶ
2414 893 2575 947 πάλιν
2600 890 2763 946 Δαϐίδ
2785 906 2799 919 ·
2832 888 2967 955 Ταῖς
3002 891 3314 958 γλώσσαις
3337 889 3540 944 αὐτῶν
3566 888 3724 943 ἐδο-

2115 984 2406 1040 λιοῦσαν·
2433 983 2639 1053 κρῖνον
2658 980 2900 1046 αὐτοὺς,
2934 983 2966 1035 ό
2997 981 3141 1048 Θεός
3163 999 3180 1015 ο
3215 980 3727 1036 ἀποπεσάτωσαν

2113 1075 2230 1130 ἀπὸ
2269 1074 2390 1128 τῶν
2443 1071 2803 1128 διαϐουλιῶν
2843 1069 3062 1125 αὐτῶν.
3094 1071 3242 1144 Πλὴν
3281 1072 3440 1145 χάρις
3479 1073 3726 1136 αὐτοῖς,

2116 1167 2208 1220 καὶ
2231 1167 2510 1236 πολεμίοις
2548 1164 2905 1236 τυγχάνουσιν
2924 1204 2939 1228 ,
2970 1163 3052 1216 ὅτι
3083 1164 3180 1236 τὴν
3215 1166 3408 1235 σοφίαν
3441 1165 3731 1236 ἐκίνησαν

2117 1259 2253 1330 πρὸς
2281 1259 2598 1330 ἀπόκρισιν.
2635 1259 2723 1311 ἵνα
2752 1257 2888 1328 ἡμῖν
2932 1260 3046 1322 τοῖς
3091 1258 3298 1320 δούλοις
3347 1259 3729 1330 ἀνάγραπτον

2117 1352 2394 1426 καταλίπῃ
2425 1352 2534 1405 τῶν
2565 1355 2951 1426 συμφερόντων
2993 1351 3090 1422 τὴν
3124 1350 3396 1422 μάθησιν.
3421 1351 3555 1404 Ἰδοὺ
3598 1351 3730 1421 γάρ

2117 1444 2145 1496 ὁ
2175 1444 2353 1514 γάμος
2393 1444 2757 1512 κανονίζεται,
2793 1447 3028 1517 πρᾶγμα
3069 1442 3164 1496 τοῦ
3197 1442 3552 1512 ἀνθρωπικοῦ
3587 1442 3728 1511 βίου

2119 1537 2438 1607 κεφάλαιον,
2475 1537 2570 1590 καὶ
2595 1538 2693 1608 τῆς
2717 1540 3028 1600 συστάσεως
3052 1535 3241 1599 αὐτοῦ,
3273 1537 3368 1589 καὶ
3395 1537 3494 1606 τῆς
3521 1535 3693 1589 διαὶύ
3713 1566 3730 1574 -

2120 1645 2260 1691 σεως
2289 1627 2539 1699 ἀκριϐεῖς
2563 1627 3046 1697 νομοθετοῦνταιοὶ
3071 1628 3206 1699 ὅροι.
3232 1621 3333 1679 Ὧν
3356 1626 3475 1680 λίαν
3505 1628 3734 1680 ἐσπου-

2122 1717 2406 1790 δασμένως
2455 1718 2745 1772 ἀκουσάτω
2785 1718 2856 1771 τὰ
2900 1718 2995 1771 δύο
3028 1717 3320 1788 τάγματα·
3383 1718 3470 1771 ἵνα
3529 1717 3634 1770 καὶ
3693 1719 3736 1790 ἡ

2049 1804 2091 1857 Β
2121 1814 2503 1880 γυναικωνῖτις
2560 1811 2824 1880 παιδευθῇ
2869 1811 2938 1863 τά
2989 1810 3117 1874 ἴδια,
3180 1810 3274 1862 καὶ
3323 1811 3357 1881 ἡ
3401 1810 3737 1881 ἀνδρονῖτις

2121 1903 2373 1974 ὠφεληθῇ
2407 1903 2473 1957 τὰ
2503 1901 2775 1972 ἐξαίρετα.

2190 1997 2258 2048 Ei
2307 1995 2552 2058 ἔξεστιν
2602 1993 2890 2063 ἀνθρώπῳ
2938 1991 3246 2047 ἀπολῦσαι
3305 1992 3421 2062 τὴν
3453 1993 3739 2064 γυναῖκα

2123 2087 2312 2141 αὑτοῦ
2367 2086 2518 2140 κατὰ
2569 2085 2779 2139 πᾶσαν
2833 2086 3050 2140 αἰτίαν.
3111 2086 3283 2139 Τοῦτο
3323 2087 3422 2156 μὲν
3469 2082 3564 2139 οὖν
3603 2087 3739 2138 τῶν

2136 2179 2405 2250 Ἐϐραίων
2448 2178 2509 2230 τὸ
2542 2177 2856 2250 πρόϐλημα.
2904 2177 3044 2247 Ἐγὼ
3091 2179 3229 2250 πρὸς
3269 2179 3376 2231 τῶν
3406 2178 3583 2233 ἄλλων
3625 2179 3738 2231 τὸν

2128 2272 2329 2325 σκοπὸν
2355 2270 2535 2340 βλέπω
2567 2271 2670 2340 τῆς
2707 2271 3049 2342 ἐρωτήσεως.
3097 2271 3316 2342 Ἐπειδὴ
3355 2271 3462 2343 γὰρ
3505 2271 3570 2323 τὸ
3606 2272 3738 2324 τῶν

2125 2362 2400 2432 γυναικῶν
2435 2361 2592 2430 γένος
2619 2359 2982 2432 εύκολὼτερόν
3008 2361 3125 2414 ἐστι
3154 2362 3292 2432 πρὸς
3315 2360 3377 2413 τὸ
3403 2360 3735 2424 πείῦεσϐαι,

2127 2456 2223 2510 καὶ
2274 2454 2472 2526 μᾶλλον
2529 2453 2846 2507 ἐπεκλίνετο
2878 2453 3014 2524 πρός
3059 2470 3119 2505 τε
3169 2454 3270 2524 τὴν
3321 2453 3428 2506 τῶν
3465 2453 3742 2524 τεράτων

2132 2545 2557 2617 μεγαλουργίαν,
2595 2544 2690 2596 καὶ
2713 2544 2848 2614 πρὸς
2879 2543 2977 2614 τὴν
3000 2544 3395 2612 συγκατάθεσιν
3415 2546 3509 2597 καὶ
3532 2545 3743 2598 πίστιν

2127 2639 2226 2708 τῆς
2269 2637 2521 2706 θεότητος
2555 2635 2649 2689 τοῦ
2689 2635 2926 2706 Χριστοῦ
2967 2635 3130 2706 (οὕτω
3156 2655 3240 2690 τοι
3276 2638 3371 2690 καὶ
3403 2637 3739 2692 τελευταῖον

2127 2729 2237 2782 τῶν
2281 2729 2620 2801 ἀνδροφόνων
2655 2729 2764 2782 τῶν
2815 2732 2877 2800 τῇ
2928 2729 3122 2802 γνώμῃ
3169 2729 3304 2800 πρὸς
3346 2729 3437 2782 τὸν
3477 2731 3738 2801 σταυρὸν

2131 2822 2398 2876 ἑλκόντων
2431 2821 2522 2874 τὸν
2561 2821 2789 2891 Κύριον,
2823 2821 2886 2874 τὸ
2921 2820 3125 2891 πλῆθος
3157 2821 3267 2873 τῶν
3293 2821 3592 2890 γυναικῶν,
3630 2825 3742 2876 καὶ

2131 2914 2190 2966 τὸ
2245 2913 2418 2977 πάθος
2480 2912 2816 2984 ἀπεθρήνει,
2865 2912 2961 2965 καὶ
3010 2911 3338 2966 ἀκολουθοῦν
3374 2913 3452 2983 τῷ
3498 2913 3742 2984 Σωτῆρι

2134 3003 2383 3068 ἐλεεινῶς
2434 3005 2832 3076 ἀπεδάκρυεν)’
2873 3005 2960 3058 ἵνα
2988 3004 3110 3057 τινὰ
3157 3005 3578 3078 προσκρουσμὸν
3627 3008 3744 3059 καὶ

2131 3096 2454 3167 δυσμένειαν
2497 3095 2668 3166 αὐτῷ,
2717 3096 2855 3167 πρὸς
2893 3095 2954 3148 τὸ
2986 3094 3237 3166 σύστημα
3281 3094 3390 3148 τῶν
3439 3097 3746 3164 γυναικῶν

2136 3189 2558 3259 μηχανήσωνται
2589 3186 2677 3240 διὰ
2705 3188 2804 3258 τῆς
2825 3186 3048 3258 δολερᾶς
3070 3187 3415 3258 ἐρωτήσεως,
3441 3188 3598 3240 αὐτοὶ
3628 3189 3747 3259 μὲν

2132 3281 2202 3333 τὰ
2222 3279 2489 3351 θήρατρα,
2521 3279 2597 3342 ὡς
2635 3279 2906 3348 ἐνόμιζον,
2934 3280 3029 3332 καὶ
3056 3280 3183 3343 τοὺς
3214 3279 3444 3350 βρόχους
3476 3280 3606 3342 τοὺς
3638 3279 3746 3332 διὰ

2133 3372 2242 3425 τῶν
2293 3364 2470 3440 λόγων
2501 3370 2798 3442 ἐπήξαντοο
2842 3371 2871 3422 ὁ
2917 3371 2976 3423 δὲ
3004 3372 3210 3442 Κύριος
3253 3373 3321 3442 τῇ
3368 3371 3601 3440 δυνάμει
3626 3372 3744 3442 τῆς

2137 3464 2387 3536 θεότητος
2411 3464 2624 3534 βλέπων
2650 3464 2744 3518 τοῦ
2772 3463 3325 3534 κατασκευαζομένου
3355 3463 3453 3534 τὴν
3483 3481 3746 3535 κακουρο

2137 3556 2284 3624 γίαν,
2312 3555 2446 3625 ὁμοῦ
2469 3555 2525 3608 δὲ
2555 3555 2650 3609 καὶ
2671 3555 2737 3608 τά
2759 3554 3118 3625 φιλάνθρωπα
3137 3554 3478 3624 δογματίζων
3500 3554 3581 3626 τῷ
3604 3554 3743 3625 βίῳ,

2139 3645 2411 3708 κάκείνοις
2439 3645 2536 3715 τὴν
2560 3644 2779 3714 ἐνεδραν
2816 3645 3052 3715 ματαίαν
3089 3645 3562 3717 ἀπεργαζόμενος,
3599 3663 3746 3698 συν-

2138 3737 2444 3811 ηγοροῦσαν
2469 3739 2590 3799 ταῖς
2637 3737 2856 3805 γυναιξὶ
2883 3737 3252 3809 προὸάλλεται
3279 3737 3379 3808 τὴν
3406 3737 3741 3808 ἀπόκρισιν·

2138 3831 2333 3893 λύκους
2353 3829 2542 3893 κενοὺς
2569 3828 2901 3900 ἀποπέμψας
2931 3831 3057 3891 τοὺς
3082 3830 3432 3900 Φαρισαίους,
3471 3815 3748 3898 διακενῆς

2139 3925 2216 3996 τῷ
2236 3925 2548 3997 ἐρωτήματι
2581 3925 3008 3994 περιχήναντας.
3065 3924 3236 3996 Αὐτὴ,
3272 3925 3431 3995 φησὶ,
3455 3925 3489 3995 ἠ
3523 3925 3741 3989 κτίσις,

2143 4018 2462 4087 συναφείας,
2488 4017 2584 4072 καὶ
2613 4018 2673 4070 ού
2706 4015 3022 4080 διαλύσεως,
3069 4017 3438 4071 ἐπιδείκνυται
3468 4017 3562 4071 τὸν
3603 4035 3743 4070 axo-

2143 4114 2278 4166 πόν’
2328 4115 2425 4166 καὶ
2481 4111 2574 4164 τοῦ
2631 4111 2808 4179 γάμου
2839 4108 3054 4181 πρῶτος
3098 4109 3468 4180 νυμφοστόλος
3514 4109 3676 4162 ἐστὶν
3714 4113 3744 4162 ὁ

2143 4204 2506 4275 Δημιουργὸς,
2569 4203 2696 4265 τοὺς
2756 4201 3220 4271 πρωτοπλάστους
3273 4201 3601 4272 ἀνθρώπους
3658 4202 3744 4273 τῷ

2144 4292 2368 4364 γαμικῷ
2393 4291 2658 4358 συζεύξας
2683 4289 2868 4361 δεσμῷ
2888 4306 2902 4320 ·
2943 4290 3068 4354 δοὺς
3095 4291 3210 4354 τοῖς
3239 4290 3627 4362 γενησομένοις
3653 4294 3746 4356 εἰς

2148 4385 2338 4438 ἔπειτα
2367 4385 2463 4454 τὴν
2487 4383 2808 4438 ἀκολουθίαν
2823 4384 2921 4454 τῆς
2943 4383 3308 4453 συνοικήσεως
3331 4383 3742 4454 ἀπαραίτητον,

2149 4479 2218 4548 ἢν
2252 4479 2416 4548 τιμᾷν
2446 4476 2720 4548 προσῆκον
2761 4475 2838 4539 ὡς
2885 4475 3049 4545 νόμον
3094 4474 3254 4528 Θεοῦ.
3295 4475 3355 4527 Οἱ
3384 4474 3442 4528 δὲ
3481 4474 3746 4546 ἀλλήλοις

467 4569 847 4638 συναφθέντες,
873 4571 984 4623 οὐκ
1023 4571 1113 4623 ἑτι
1153 4569 1272 4622 εἱσι
1321 4568 1453 4633 δύο,
1495 4570 1657 4634 ἀλλὰ
1703 4569 1860 4637 σὰρξ
1901 4569 2039 4640 μὰν
2081 4569 2262 4632 ὥστε,
2307 4568 2338 4621 ὃ
2375 4565 2738 4630 συνέζευξεν
2799 4567 2834 4619 ό
2864 4564 3030 4631 Θεὸς,
3089 4563 3402 4633 ἄνθρωπος
3433 4563 3521 4634 μὴ
3560 4555 3747 4635 χωρ.-

464 4661 621 4724 ζέτω.

537 4757 682 4813 Sane
717 4757 932 4825 quidem
976 4757 1089 4812 haec
1126 4757 1417 4813 Pharistcis
1491 4768 1617 4813 tunc
1663 4760 1804 4814 dicta
1851 4759 2043 4815 fuere:
2076 4772 2122 4828 1)

469 4862 658 4901 verum
693 4862 837 4901 ntmc
865 4861 1101 4915 quoque,
1135 4861 1230 4900 vos
1270 4848 1464 4901 horum
1495 4849 1794 4911 institores,
1840 4851 2042 4917 audite,

467 4942 559 5011 ῳιί
582 4954 678 4993 ceu
703 4947 906 5003 vestes,
932 4938 1162 4994 subinde
1187 4953 1383 4994 uxores
1407 4941 1648 5004 mutatis;
1665 4943 1754 5010 qui
1781 4942 2047 5000 thalamos

471 5041 582 5084 tam
621 5042 764 5098 saepe
790 5043 856 5083 ac
909 5027 1072 5082 facile
1121 5035 1284 5095 atque
1327 5028 1689 5083 nundinarum
1737 5029 2046 5084 tabernulas

469 5121 710 5187 struitis;
759 5121 849 5190 qui
901 5121 1079 5175 dotem
1125 5134 1191 5175 ac
1222 5121 1358 5174 bona
1405 5119 1627 5184 ducitis,
1684 5122 2049 5192 conjugesque

471 5215 537 5267 ad
585 5221 851 5282 qnazstum
900 5226 965 5266 ac
1013 5211 1437 5282 negotiationem
1489 5212 1738 5276 habetis:
1811 5215 1898 5282 qui
1943 5214 2047 5269 levi

471 5308 658 5362 statim
686 5306 1004 5368 olfensioue,
1038 5305 1242 5372 repudii
1279 5304 1514 5359 libellum
1545 5306 1925 5373 conscribitis;
1956 5307 2047 5375 qni

474 5398 525 5451 in
555 5396 692 5450 vivis
727 5397 991 5449 hactenus
1019 5402 1260 5464 agentes,
1288 5393 1477 5447 viduas
1505 5393 1686 5462 plures
1723 5393 2048 5462 relinquitis.

475 5489 589 5544 lluc
619 5503 748 5544 vero
784 5498 957 5542 ratum
991 5503 1054 5541 ac
1085 5487 1308 5541 omnino
1346 5501 1662 5554 persuasum
1707 5485 1900 5540 habete
1927 5505 1940 5541 :
1966 5501 2056 5540 ex-

474 5579 648 5648 ccptis
681 5587 857 5632 morte
883 5592 946 5632 ac
971 5576 1258 5642 adulterio,
1298 5575 1440 5628 nulla
1473 5589 1540 5628 ex
1573 5585 1736 5629 cauSa
1773 5573 2054 5628 matrimo-

548 5755 595 5789 ”
631 5755 733 5812 lsa.
767 5773 910 5824 XLIV,
939 5758 1028 5812 25.
1105 5760 1151 5791 ⁷⁸
1188 5756 1334 5814 Psal.
1363 5773 1416 5824 v,
1449 5755 1536 5810 ll.

1612 5757 1656 5788 ⁷³
1681 5753 1811 5813 Luc.
1841 5771 1998 5825 mn,
2029 5757 2120 5814 27.

2233 4751 2459 4824 Ἐλέχθη
2494 4751 2592 4822 μὲν
2622 4750 2792 4804 ταῦτα
2815 4753 2926 4814 τοῖς
2952 4749 3267 4821 Φαρισαίοις
3293 4748 3437 4802 τότε·
3459 4749 3746 4805 ἀκούσατε

2145 4847 2204 4902 δὲ
2225 4846 2343 4908 νῦν,
2371 4847 2420 4897 οἱ
2445 4844 2648 4898 τούτων
2678 4843 2938 4914 κάπηλοι,
2957 4844 3052 4896 καὶ
3075 4843 3175 4906 τάς
3201 4843 3486 4910 γυναῖκας,
3511 4842 3590 4906 ὡς
3609 4845 3748 4914 ἱμάς-

2146 4957 2258 5002 τια,
2290 4937 2526 4999 εὐκόλως
2555 4934 2998 5006 μετενδυόμενοι·
3029 4935 3080 4988 οἱ
3105 4934 3207 4998 τάς
3233 4933 3511 4997 παστάδας
3532 4935 3746 4990 πολλά-

2149 5048 2237 5093 κις
2263 5029 2357 5082 καὶ
2380 5028 2578 5099 ῥᾳδίως
2608 5027 2934 5098 πηγνύντες,
2961 5027 3039 5090 ὡς
3070 5026 3288 5097 πανηγύ
3299 5044 3435 5098 ρεως
3463 5028 3748 5098 ἐργαστήο

2155 5139 2247 5193 ρια
2266 5137 2281 5152 ο
2319 5121 2369 5173 οἱ
2412 5120 2510 5182 τὰς
2541 5120 2802 5190 εὐπορίας
2843 5118 3180 5191 γαμοῦντες,
3213 5121 3309 5174 καὶ
3338 5120 3438 5182 τὰς
3469 5121 3749 5187 γυναῖκας

2153 5211 2587 5284 ἐμπορευόμενοι
2609 5229 2622 5242 ·
2652 5214 2701 5265 οἱ
2733 5213 2928 5283 μικρὸν
2963 5211 3410 5283 παροξυνόμενοι,
3454 5211 3546 5265 καὶ
3574 5211 3744 5276 εὐθὺ,

2148 5305 2210 5357 τὸ
2244 5304 2446 5375 βιϐλίον
2479 5304 2581 5375 τῆς
2612 5305 2930 5377 διαιρέσεως
2958 5307 3292 5377 γράφοντεςο
3327 5306 3378 5359 οἱ
3402 5305 3605 5368 πολλὰς
3636 5308 3746 5377 χή-

2156 5414 2254 5467 ρας
2282 5398 2341 5450 ἐν
2373 5397 2450 5467 τῷ
2496 5396 2595 5468 ζῇν
2634 5398 2712 5450 ἔτι
2749 5397 3279 5468 καταλιμπάνοντες.
3333 5396 3624 5466 Πείσθητε,
3657 5401 3750 5451 ὅτι

2152 5490 2332 5559 γάμος
2385 5490 2601 5560 θανάτῳ
2656 5490 2802 5560 μόνῳ
2841 5491 2936 5544 καὶ
2989 5489 3206 5560 μοιχεία
3247 5487 3619 5541 διακόπτεται.
3663 5491 3745 5542 Ub

2155 5580 2287 5653 γάρ,
2320 5579 2508 5652 ὥσπερ
2536 5582 2626 5634 ἐπὶ
2652 5583 2761 5635 τῶν
2796 5581 3101 5653 ἑταιρίδων,
3145 5582 3325 5650 ὀλίγος
3351 5583 3576 5653 ἡμερῶν
3614 5585 3746 5656 ἀρι-
