3824 6270
147 276 257 335 m
1259 286 1539 349 HOMILIA
1574 292 1640 349 ν.
1677 293 1745 350 IN
1776 293 2039 354 MATTH.
2073 293 2216 361 XIX,
2252 297 2308 352 δ.
2682 282 2685 285 λ
3332 304 3442 361 259

148 397 297 468 θμδς
326 396 582 471 πειράζει
640 398 741 472 τὴν
787 400 1120 473 συμϐίωσιν,
1167 404 1263 459 καὶ
1310 406 1479 479 μόνην
1536 406 1718 481 θηρεύι

1832 409 2009 469 .nium
2052 410 2255 465 dirimi.
2301 408 2419 465 Non
2458 410 2605 467 enim
2633 413 2711 469 uti
2743 430 2797 469 m
2836 417 3198 477 meretriculis
3234 436 3438 493 pauco-

146 488 383 561 ἡδονὴν,
410 488 587 551 οὕτως
616 489 735 543 ἐστὶ
758 492 853 546 καὶ
886 493 1107 547 ἐπὶτῶν
1140 494 1289 567 νόμῳ
1314 497 1408 551 καὶ
1445 497 1632 569 θεσμῷ
1655 516 1715 553 τε

1856 514 1976 554 rum
2002 499 2209 554 dierum
2236 514 2495 557 numerus
2535 505 2950 561 contubernium
2992 510 3205 578 probat,
3236 488 3313 568 ‘ac
3348 528 3439 569 so-

141 578 439 651 λουμένων
459 597 474 613 “
502 582 640 636 ἀλλὰ
672 584 782 637 πᾶν
806 584 1136 651 τούναντίον,
1164 580 1210 640 ὦ
1236 588 1509 660 ἄνθρωπε,
1541 590 1641 660 μία
1657 609 1717 647 ,τι

1855 590 1960 645 lam
2007 600 2237 645 venatur
2288 592 2650 662 voluptatem,
2694 596 2880 652 itidem
2938 598 2991 653 in
3049 600 3118 657 iis
3173 619 3293 659 sese
3350 620 3438 663 res

142 672 354 737 ἔνωσις
397 672 612 741 γίνοται
649 676 746 728 καὶ
790 675 1041 747 σώματος
1082 678 1177 731 καὶ
1206 678 1407 751 ψυχῆς,
1449 681 1525 745 ὼς
1559 682 1655 737 καὶ
1686 700 1717 736 τ

1868 675 2057 738 habet.
2088 691 2208 747 quae
2234 680 2336 732 rite
2364 691 2419 735 et
2447 695 2512 736 ex
2541 682 2655 750 lege
2692 683 2829 740 liunt
2856 703 2870 740 :
2904 688 2997 742 sed
3032 693 3188 760 plane
3219 706 3433 763 contra,

140 759 282 835 ἦθος
333 762 413 834 τῷ
456 764 577 835 ἤθει
613 767 1143 838 συνανακιρνᾶσθαι,
1179 770 1275 823 καὶ
1315 771 1416 843 τὴν
1455 772 1636 845 σάρκα
1677 779 1718 844 τῆ

1852 781 1886 823 o
1919 766 2090 824 bonel
2146 765 2260 822 Una
2314 772 2654 827 contrahitur
2682 777 2931 847 corporis
2959 789 3013 834 et
3044 781 3237 839 animae
3268 759 3437 843 socie;

144 855 323 926 σαρκὶ
370 857 575 929 τρόπον
620 857 745 910 τινά
796 858 1159 916 συνδεδέσθαι.
1204 862 1330 926 Πῶς
1376 858 1469 918 οὖν
1517 865 1744 929 ἀπαθῶς

139 948 449 1020 διατέμνῃς
495 948 622 1012 Πῶς
660 950 899 1016 εὐκόλως
931 954 1025 1007 καὶ⁸
1065 955 1236 1026 χωρὶς
1279 955 1574 1028 ἀλγηδόνος
1612 959 1744 1011 ἀνα-

142 1039 354 1107 χωρείς
373 1080 389 1101 ,
425 1036 543 1107 βίου
586 1039 845 1093 κοινωνὸν
887 1039 1066 1093 λαϐὼν
1086 1083 1102 1108 ,
1149 1042 1250 1096 οὐκ
1277 1042 1474 1112 ὀλίγων
1517 1044 1742 1117 ἡμερῶν

136 1130 416 1201 ὑπηρέτιν
435 1171 450 1193 ,
477 1131 579 1201 τὴν
607 1131 844 1203 ἀδελφὴν
881 1134 975 1187 καὶ
1015 1136 1284 1201 γυναῖκα,
1336 1136 1598 1208 Ἀδελφὴν
1639 1138 1741 1208 μὲν

139 1222 290 1275 κατὰ.
331 1222 427 1276 τὸν
461 1223 618 1293 λόγον
658 1224 759 1294 τῆς
797 1226 1048 1291 πλάσεως
1081 1228 1178 1281 καὶ
1210 1228 1309 1298 τῆς
1378 1229 1740 1301 δημιουργίας

141 1314 161 1383 (
187 1314 287 1381 ἀφ’
318 1314 443 1378 ἐνὸς
471 1314 583 1388 γὰρ
611 1316 785 1370 αἰτίου
807 1318 854 1348 ’⁸
884 1319 984 1388 τῆς
1017 1319 1123 1389 γῆς
1148 1320 1242 1373 καὶ
1273 1320 1375 1390 τῆς
1407 1320 1575 1392 αὐτῆς
1606 1321 1738 1393 ὕλης

138 1405 422 1476 ῦάστητε
447 1406 494 1477 )°
528 1409 766 1477 γυναῖκα
808 1408 895 1473 δὲ,
936 1408 1023 1462 διά
1055 1409 1153 1481 τὴν
1199 1411 1392 1465 ἕνωσιν
1435 1414 1536 1485 τῆς
1576 1413 1740 1479 συζυ-

138 1498 290 1566 γίας,
317 1498 411 1553 διὰ
436 1500 532 1553 τὸν
569 1500 733 1573 νόμον
770 1501 865 1555 τοῦ
890 1501 1089 1574 γάμου.
1119 1504 1279 1557 Ποῖον
1306 1499 1399 1558 οὖν
1423 1504 1739 1578 διαῤῥήξεις

136 1588 367 1661 δεσμὸν,
401 1590 501 1644 καὶ
526 1592 679 1663 νόμῳ
713 1591 996 1663 δεδεμένος
1027 1594 1122 1648 καὶ
1154 1594 1348 1664 φύσει;
1383 1596 1507 1661 Πῶς
1527 1596 1584 1651 δὲ
1606 1597 1736 1651 ἀθε-

138 1681 331 1750 τήσεις
358 1678 461 1742 τάς
481 1680 797 1751 ὁμολογίας,
820 1680 887 1744 ἃς
912 1682 1007 1736 ἐπὶ
1036 1682 1114 1752 τῷ
1142 1682 1308 1755 γάμῳ
1330 1685 1560 1739 κατέθου
1582 1703 1597 1751 ;
1624 1686 1737 1741 Καὶ

1853 868 1959 926 tas,
2015 871 2076 916 nt
2127 871 2184 918 et
2230 860 2461 918 aﬂ'ectus
2512 863 2798 923 aﬂ‘ectibus
2850 877 3324 941 commisceantur,
3381 890 3437 935 et

1850 964 1980 1006 caro
2009 951 2160 1007 carni
2199 954 2600 1023 quodammodo
2638 957 2941 1030 colligetur.
2993 962 3094 1029 Qui
3133 979 3263 1036 ergo
3302 969 3433 1024 nihil

1850 1040 2079 1099 allectus
2131 1059 2197 1099 ac
2248 1044 2434 1100 dolens
2488 1048 2803 1105 divelleris?
2854 1052 3133 1119 Quomodo
3173 1055 3330 1113 facile
3370 1075 3435 1115 ac

1847 1135 1967 1190 sine
2012 1134 2253 1191 molestia
2294 1140 2721 1209 aegrimoniaque
2761 1145 2998 1214 recedis,
3055 1148 3145 1216 qui
3192 1150 3315 1205 vitae
3344 1167 3435 1207 so-

1847 1227 1987 1281 ciam
2015 1227 2139 1297 (non
2164 1229 2415 1282 ancillam
2441 1230 2509 1283 ad
2539 1224 2699 1285 breve
2724 1237 2977 1301 tempus),
3006 1252 3249 1293 sororem
3267 1251 3432 1312 atque

1846 1333 2072 1374 uxorem
2101 1320 2423 1390 acceperis?
2448 1321 2704 1378 Sororem
2736 1326 2975 1393 quidem,
3008 1337 3069 1382 ut
3097 1330 3426 1388 creationem

1846 1424 1914 1465 ac
1954 1410 2219 1480 originem
2254 1420 2503 1481 spectes;
2537 1428 2604 1467 ex
2640 1429 2749 1468 uno
2783 1415 2928 1470 enim
2953 1417 3222 1476 elemento
3248 1433 3425 1489 terraz,

1845 1501 2150 1571 eademque
2222 1500 2448 1557 materia
2503 1504 2707 1559 conditi
2772 1508 2946 1562 estis:
2983 1524 3205 1566 uxorem
3274 1530 3425 1580 vero,

1845 1602 2067 1664 propter
2088 1594 2323 1665 conjugii
2353 1595 2621 1664 copulam,
2650 1611 2870 1668 propter
2893 1603 3204 1671 nuptiarum
3228 1604 3424 1677 legem.

1844 1680 2016 1748 Quale
2068 1682 2198 1738 illud
2233 1694 2609 1755 quantumque
2647 1686 2979 1758 abrupturus
3025 1707 3085 1747 es
3135 1695 3425 1762 vinculum,

138 1770 305 1835 ποίας
338 1771 444 1825 οῐει
481 1790 551 1843 με
578 1772 757 1841 λέγειν
778 1791 793 1837 ;
818 1768 964 1844 'Apa
986 1774 1085 1846 τῆς
1115 1776 1339 1847 προικὸς
1370 1778 1473 1849 τῆς
1499 1795 1718 1852 συγγρα¹

1845 1785 1966 1825 cum
2009 1773 2144 1843 legis
2194 1775 2407 1829 ratione
2459 1775 2750 1846 astrictus},
2805 1788 2916 1832 tum
2958 1784 3200 1837 naturae?
3262 1785 3427 1842 Pacta

138 1863 342 1932 φείσης
374 1863 633 1927 ἐνταῦθα.
672 1864 763 1917 ὅτε
797 1866 862 1936 τῇ
897 1865 1094 1919 σαυτοῦ
1122 1868 1267 1940 χειρὶ
1301 1870 1636 1944 ὲπεσημήνω
1661 1872 1740 1945 τῷ

140 1952 356 2024 βιϐλίῳ,
378 1954 911 2027 ἐπισφραγιζόμενος
936 1956 1005 2010 τὰ
1019 1957 1353 2029 τελούμενα;
1390 1961 1607 2033 Ἰσχυρά
1639 1965 1738 2036 μὲν

139 2048 248 2121 γάρ
305 2051 578 2115 κάκεῖνα,
622 2051 720 2105 καὶ
778 2050 973 2123 ἱκανὴν
1018 2053 1120 2124 τὴν
1169 2054 1469 2125 ἀσφάλειαν
1503 2057 1735 2129 ἔχοντα’

144 2141 282 2214 πλὴν
307 2141 427 2211 ἐγὼ
458 2142 599 2214 πρὸς
630 2142 729 2214 τὴν
768 2142 952 2215 φωνὴν
984 2144 1077 2198 τοῦ
1121 2145 1293 2218 Ἀδὰμ
1328 2147 1566 2218 ἐμαυτὸν
1601 2151 1735 2205 ἀνα-

140 2236 325 2306 φέρειν
374 2235 564 2291 Τοῦτο
623 2236 782 2305 σὰρξ
823 2238 894 2292 ἐκ
946 2236 1064 2292 τῶν
1108 2238 1355 2308 σαρκῶν
1409 2259 1563 2311 μου,
1633 2243 1732 2297 καὶ

139 2328 372 2385 ὀστοῦν
396 2329 468 2383 ἐκ
500 2328 621 2385 τῶν
644 2328 842 2385 ὀστῶν
863 2348 985 2400 μου
1007 2349 1022 2363 ·
1049 2331 1201 2399 αὕτη
1220 2332 1591 2403 κληθήσεται
1609 2353 1732 2405 μου

140 2420 319 2490 γυνή.
354 2420 506 2493 Αὕτη
530 2423 566 2491 ἠ
595 2422 746 2493 φωνὴ
772 2422 859 2476 ὀὐ
896 2423 1072 2494 μάτην
1102 2423 1453 2495 ἀνάγραπτος
1477 2426 1729 2492 σώζεταιο

140 2510 276 2564 ἀλλὰ
308 2513 469 2583 κοινή
510 2514 658 2566 ἐστιν
689 2512 797 2587 τῶν
837 2513 1142 2586 ἀνθρώπων
1180 2516 1442 2587 ὁμολογία
1462 2558 1476 2582 ,
1508 2518 1576 2572 δι’
1613 2520 1732 2585 ἑνὸς

140 2602 438 2674 προσώπου
490 2602 585 2658 τοῦ
630 2603 849 2676 πρώτου
888 2604 1063 2677 τούτῳ
1091 2607 1135 2639 ⁷⁷
1178 2607 1343 2679 κοινῷ
1378 2608 1572 2681 πλήθει
1621 2611 1731 2665 τῶν

140 2689 419 2763 γυναικῶν
472 2695 789 2761 ὲκτεθείσα,
835 2696 945 2750 τῶν
969 2699 1119 2769 νόμῳ
1160 2703 1273 2764 τοῖς
1314 2701 1569 2773 ἀνδράσιν
1606 2720 1732 2757 συν-

140 2788 488 2858 απτομένων.
513 2788 625 2842 Καὶ
652 2788 727 2860 μὴ
751 2788 1059 2861 θαυμάσῃς,
1089 2790 1139 2842 εί
1163 2790 1222 2857 ἐξ
1246 2784 1321 2844 ὧν
1343 2790 1502 2856 ἀλλος
1553 2787 1726 2860 εἶπεν,

140 2878 296 2943 ἄλλος
348 2861 654 2934 εὐθύνεται.
689 2879 876 2934 Πάντα
915 2879 1025 2951 γάρ
1066 2881 1168 2935 ὅσα
1207 2881 1334 2954 περὶ
1371 2881 1482 2935 τῶν
1515 2900 1730 2954 πρωτο-

140 2968 398 3025 πὶάστων
426 2971 485 3026 ὲν
512 2971 710 3043 ἀρχαῖς
740 2970 965 3042 συνέϐη,
989 2970 1161 3026 ταῦτα
1190 2973 1285 3027 τοῦ
1314 2972 1609 3027 ἀκολούθου
1644 2973 1730 3044 γέ-

141 3082 258 3132 νους
290 3066 460 3136 φύσις
486 3067 718 3135 ἐγένετο.

210 3117 321 3211 ἔξω]
343 3117 792 3213 ἔλεξλξδᾏῖξᾷἆτδ
811 3157 911 3229 τῆς
935 3158 1307 3231 Κοσμοποιίας
1328 3158 1530 3230 βιϐλίον
1557 3161 1591 3231 ἡ
1623 3159 1728 3231 μά-
1755 3117 1798 3175 (⁵

142 3246 543 3321 τηψάφιεμένη
567 3248 727 3320 γυνὴ,
757 3245 962 3323 ἑλκύσῃ
990 3266 1049 3302 σε
1073 3249 1208 3321 πρὸς
1228 3250 1321 3303 τὸν
1341 3249 1602 3321 δικαστὴν
1628 3250 1729 3320 (δι-

143 3341 351 3412 καστὴν
374 3340 465 3394 τδν
489 3340 652 3395 αὐτὸν
680 3341 774 3395 καὶ
801 3342 1102 3414 μάρτυρα),
1130 3339 1386 3407 τίλέξεις,
1412 3342 1570 3407 είπέ;
1601 3342 1729 3406 Πῶς

143 3431 447 3501 ἐξαλείψεις
470 3432 568 3504 τὴν
596 3430 791 3486 σαυτοῦ
824 3432 1029 3505 φωνὴν,
1061 3434 1128 3504 ἣν
1152 3434 1246 3487 ἐπὶ
1282 3431 1417 3486 Θεοῦ
1460 3435 1724 3504 ἐποιήσω,

140 3514 203 3591 ἦς
224 3520 601 3590 συγγραφεὺς,
623 3521 747 3574 ἀντὶ
774 3521 978 3576 εὐώνου
1006 3522 1536 3595 συμϐολαιογράφου,
1567 3525 1726 3579 Μωῢ-

145 3614 235 3683 σῆς
282 3613 317 3664 ὁ
363 3611 461 3665 τοῦ
505 3611 641 3666 Θεοῦ
697 3613 951 3687 θεράπων
998 3616 1245 3685 ὲγένετο;
1302 3616 1576 3689 Ἀπάτορα
1629 3619 1724 3672 καὶ

142 3704 390 3775 ἀμήτορα
432 3704 530 3775 τὴν
558 3708 793 3774 γυναῖκα
824 3707 853 3759 ό
884 3705 1017 3770 Θεὸς
1037 3706 1116 3779 τῷ
1151 3705 1324 3777 Ἀδὰμ
1354 3706 1567 3771 ἐξέδοτο
1589 3725 1600 3737 ·
1630 3710 1725 3762 καὶ

141 3794 219 3849 διὰ
239 3782 401 3850 τοῦτο
425 3796 499 3858 ὡς
530 3796 783 3869 κηδεμὼν
808 3798 909 3868 τὴν
935 3799 1178 3870 ὀρφανὴν
1207 3798 1549 3869 ἠσφαλίσατο
1565 3815 1578 3830 ⁸
1611 3801 1725 3863 τοῖς

142 3873 230 3957 τῆς
261 3886 473 3958 μητρὸς
493 3887 550 3940 δὲ
572 3886 666 3941 νῦν
693 3887 1055 3959 δικαιώμασιν
1088 3889 1323 3960 ίσχυρῶς
1348 3892 1403 3942 αἱ
1425 3890 1723 3962 θυγατέρες

144 3980 434 4052 κέχρηνται
482 3980 622 4034 κατὰ
666 3980 777 4034 τῶν
823 3982 1157 4053 ἀγνωμόνων
1190 3984 1287 4035 καὶ
1334 3977 1580 4035 ἀπίστων
1630 3982 1725 4035 άν-

143 4070 307 4139 δρῶν·
354 4069 500 4124 ὥστε
551 4088 632 4125 σοι
688 4071 1025 4142 πανταχόθεν
1070 4075 1103 4143 ὴ
1155 4072 1563 4141 καταφρόνησις
1620 4071 1722 4142 τῆς

144 4163 379 4236 γαμετῆς
412 4165 693 4229 ἀδύνατος,
733 4166 828 4219 καὶ
869 4164 1120 4237 ἀρχαίοις
1162 4166 1346 4236 νόμοις
1378 4169 1491 4229 τοῖς
1534 4164 1717 4229 θείοις,

144 4259 230 4309 καὶ
277 4256 420 4319 νέοις
464 4255 831 4329 ἀνθρωπικοῖς
871 4255 1159 4327 δεδεμένῳ.
1196 4255 1523 4309 Δυσωπείτω
1570 4256 1627 4310 δέ
1660 4274 1718 4310 σε

144 4349 227 4401 καὶ
252 4348 313 4401 τὸ
339 4349 605 4420 χρήσιμον
631 4347 731 4419 τῆς
775 4347 1035 4416 γυναικὸς
1065 4347 1200 4421 πρὸς
1239 4347 1331 4401 τὸν
1365 4346 1498 4418 βίον.
1543 4348 1719 4413 Μέλος

1843 1862 2103 1931 nuptialia
2154 1879 2217 1918 ac
2264 1864 2585 1933 sponsiones
2639 1870 2909 1936 quomodo
2949 1872 3263 1928 rescindes?
3297 1874 3427 1942 Qua:

1841 1967 1971 2007 vero
2006 1964 2164 2024 putas
2187 1969 2254 2009 ex
2286 1971 2373 2011 me
2398 1968 2554 2026 pacta
2599 1959 2830 2013 audire?
2860 1961 2942 2016 An
2987 1964 3184 2032 quibus
3222 1968 3424 2038 scripta

1833 2040 1944 2111 jam
1992 2045 2137 2108 dote,
2189 2056 2244 2099 et
2288 2046 2407 2115 ipse
2456 2061 2618 2101 manu
2663 2050 2882 2121 propria
2931 2053 3321 2124 subscripsisti,
3361 2072 3424 2112 ac

1838 2135 2073 2205 sigillum
2142 2139 2442 2207 apposuisti
2519 2142 2716 2195 tuum?
2792 2143 2933 2198 Sunt
3008 2149 3288 2217 equidem,
3330 2151 3419 2205 illa

1838 2245 2052 2298 quoque
2090 2232 2266 2287 valida
2312 2248 2376 2288 ac
2420 2232 2574 2287 iirma
2600 2228 2750 2290 satis
2780 2254 2795 2291 :
2824 2252 2925 2308 ego
2958 2240 3313 2296 nihilominus
3353 2246 3421 2299 ad

1836 2324 2027 2378 Adami
2068 2340 2252 2379 vocem
2278 2341 2510 2395 provoco
2537 2344 2554 2381 :
2590 2326 2721 2382 Ηανσ
2752 2344 2875 2383 caro
2900 2347 2964 2385 ex
2989 2334 3236 2389 carnibus
3257 2337 3423 2403 meis;

1833 2416 1931 2470 hoc
1962 2433 2017 2471 as
2044 2433 2109 2471 ex
2137 2415 2339 2471 ossibus
2379 2419 2506 2471 meis
2531 2433 2548 2483 ;
2593 2420 2720 2487 ipsa‘
2748 2422 3018 2476 vocabitur
3048 2441 3184 2479 uxor
3218 2428 3419 2482 mea".

1833 2507 1910 2561 Ea
1954 2521 2052 2560 vox
2099 2523 2204 2560 non
2247 2506 2447 2562 l'rnslra
2497 2510 2826 2579 scriptorum
2872 2518 3237 2572 monumentis
3287 2534 3421 2573 con-

1834 2596 2044 2670 signata
2098 2611 2298 2666 manet,
2357 2603 2449 2659 sed
2504 2612 2563 2657 ut
2611 2604 2848 2658 virorum
2900 2609 3224 2673 communis,
3256 2612 3418 2666 unius

1833 2691 1993 2762 primi
2059 2682 2219 2761 hujus
2264 2708 2380 2758 ore,
2443 2694 2769 2750 feminarum
2834 2697 2966 2751 viris
3019 2698 3418 2770 jungendarum

1834 2783 2095 2837 universo
2120 2785 2274 2839 sexui
2305 2786 2477 2851 edita,
2513 2795 2693 2842 exstet
2725 2785 3017 2844 confessio.
3044 2793 3121 2844 Ac
3155 2806 3223 2846 ne
3249 2793 3417 2849 mire-

1832 2875 1929 2938 ris,
1978 2876 2138 2931 unius
2167 2891 2232 2931 ex
2270 2878 2449 2932 verbis
2493 2885 2718 2933 caeteros
2778 2879 3028 2949 obligari.
3072 2882 3417 2956 Quaecunque

1830 2963 1976 3017 enim
2019 2965 2163 3019 circa
2211 2967 2571 3035 protoplastos
2618 2968 2737 3022 illos
2784 2968 2944 3023 initio
2977 2974 3315 3041 acciderunt,
3359 2978 3414 3031 in

1834 3064 2085 3110 naturam
2117 3059 2349 3125 posteris
2381 3058 2650 3112 abierunt.

1904 3146 2082 3213 Quare
2119 3147 2165 3202 si
2213 3148 2410 3203 mulier
2454 3157 2658 3204 temere
2697 3151 2942 3216 dimissa,
2990 3163 3204 3224 sumpto
3237 3155 3416 3212 Gene-

1830 3251 1952 3292 seos
1988 3237 2148 3302 libro,
2189 3240 2254 3291 ad
2284 3238 2525 3306 judicem
2569 3240 2826 3311 (judicem
2881 3244 3032 3298 illum
3071 3248 3320 3301 etnndem
3350 3263 3414 3303 ac

1831 3330 2051 3400 testem)
2087 3339 2140 3384 te
2194 3334 2542 3400 pertraxerit,
2575 3335 2665 3389 dic
2696 3352 2818 3406 age,
2849 3337 2978 3407 quid
3024 3339 3415 3408 respondebis?

1829 3419 1930 3486 Qui
1970 3432 2115 3475 lnam
2147 3422 2259 3492 ipse
2296 3439 2480 3479 vocem
2513 3425 2847 3498 defugiesac
2872 3429 3210 3495 nbliterabis,
3245 3447 3407 3501 quam

1828 3516 1929 3571 sub
1961 3514 2070 3569 Deo
2096 3516 2211 3586 ipso
2252 3516 2472 3572 locutus
2499 3533 2559 3573 es
2579 3560 2593 3583 ,
2633 3536 2905 3591 quamque
2934 3538 3038 3578 non
3066 3525 3187 3578 vilis
3216 3526 3414 3594 aliquis

1830 3607 2032 3673 scriba,
2070 3608 2162 3662 sed
2217 3607 2310 3663 Dei
2357 3608 2592 3664 fmnulus
2628 3609 2840 3683 Moyses
2887 3614 2941 3668 in
2989 3619 3412 3673 commentarios

1828 3697 2074 3768 redegit?
2126 3697 2305 3753 Patris
2353 3700 2652 3770 matrisque
2703 3704 2895 3759 solatio
2947 3705 3260 3761 destitutam
3290 3724 3412 3762 mu-

1826 3788 2011 3845 lierem
2046 3790 2184 3845 Deus
2214 3793 2422 3846 Adamo
2447 3794 2778 3849 cuntradidit
2805 3813 2820 3862 ;
2856 3812 3029 3868 eaque
3061 3802 3290 3867 ratione,
3329 3802 3407 3856 uti

1823 3881 1998 3937 bonus
2028 3891 2270 3947 curator,
2303 3882 2501 3952 puella!
2527 3884 2706 3939 tutelae
2738 3889 3051 3958 prospexit:
3093 3891 3185 3944 sed
3218 3903 3273 3946 el
3300 3907 3411 3945 ma-

1825 3974 1999 4030 ternis
2031 3991 2176 4030 nune
2206 3975 2423 4047 juribu‘s
2449 3993 2514 4033 ac
2541 3993 2719 4034 causae
2755 3978 3110 4037 ﬁrmamentis
3146 3984 3408 4039 adversus

1824 4065 2019 4121 inﬁdos
2067 4067 2452 4137 improbosquc
2501 4070 2725 4125 maritos
2767 4084 2888 4125 sese
2935 4073 3123 4139 puellae
3151 4082 3404 4139 tuentur;

1821 4157 2064 4226 adeoque
2134 4160 2490 4230 undequaque
2548 4176 2774 4216 uxorem
2838 4162 3137 4232 despicatui
3203 4165 3407 4219 habere

1820 4251 2149 4320 prohiberis,
2184 4252 2275 4321 qui
2323 4260 2378 4307 et
2424 4252 2665 4321 antiquis
2712 4253 2914 4323 Deique
2949 4256 3180 4325 legibus,
3223 4257 3405 4313 novis-

1818 4358 1926 4415 que
1949 4360 2013 4400 ac
2036 4345 2289 4399 humanis
2327 4345 2587 4400 astrictus
2622 4347 2879 4402 tenearis.
2926 4348 3194 4403 Incutiant
3231 4352 3403 4420 pudo-

145 4436 405 4511 ΰπάρχει,
453 4438 647 4511 βοηθός
682 4441 860 4493 ἐστιν’
896 4439 1157 4509 συνεργὸς
1187 4440 1267 4502 είς
1308 4438 1585 4510 διαγωγὴν
1616 4439 1713 4493 τοῦ

1832 4449 1934 4490 rem
1973 4434 2059 4488 vel
2091 4435 2217 4489 vitae
2239 4437 2680 4502 commoditates,
2713 4451 2849 4507 quas
2874 4454 3011 4494 uxor
3036 4439 3213 4495 alTert.
3243 4442 3402 4496 Mem.

148 4529 272 4600 βίου,
309 4534 390 4595 είς
417 4532 624 4587 παίδων
651 4531 900 4602 γένεσιν·
938 4530 1096 4584 νόσου
1138 4530 1447 4603 ἐπίκουρος,
1483 4530 1716 4601 θλίψεων

1832 4528 1978 4582 brum
2008 4537 2112 4591 est.
2142 4527 2378 4599 adiutrix
2416 4536 2523 4593 est,
2576 4530 2703 4584 vitae
2725 4530 2897 4597 socia,
2940 4547 3003 4587 ac
3031 4536 3398 4591 communium

147 4621 482 4697 παραμυθία,
516 4622 690 4694 φύλαξ
727 4623 828 4694 τῆς
861 4623 1046 4687 ἑστίας
1067 4662 1084 4687 ,
1117 4622 1393 4695 θησαυρὸς
1423 4622 1532 4676 τῶν
1579 4639 1717 4695 κτη-

150 4714 355 4783 μάτων⁸
399 4712 469 4768 τά
518 4716 661 4768 αὒτά
713 4714 1070 4785 λυπουμένη,
1118 4714 1185 4768 τὰ
1228 4713 1369 4767 αύτά
1412 4713 1712 4786 χαίρουσα·

146 4809 309 4860 κοινὸν
332 4806 650 4879 κεκτημένη
675 4807 765 4861 τὸν
788 4806 1037 4872 πλοῦτον,
1059 4808 1107 4859 εί
1130 4805 1334 4878 παρείη
1356 4822 1369 4836 ·
1392 4807 1492 4877 τὴν
1512 4805 1718 4877 μοχθη-

151 4898 618 4969 ράνοίκονομοῦσα
656 4899 868 4960 πενίαν,
917 4897 1243 4969 εὐμηχάνως
1274 4897 1371 4951 καὶ
1429 4897 1715 4969 καρτερῶς

147 4990 431 5063 ἀπέχουσα
468 4990 602 5062 πρὸς
628 4990 698 5045 τά
722 4991 854 5063 παρ’
884 4991 1099 5061 ἐκείνης
1127 4988 1385 5061 ὀδυνηρά,
1414 4988 1714 5060 ἐπιμόχθου

147 5083 517 5155 παιδοτροφίας
539 5082 843 5155 ἀνεχομένη
867 5081 956 5136 διὰ
987 5083 1088 5154 τὴν
1116 5081 1253 5154 πρὸς
1287 5082 1344 5134 σὲ
1378 5080 1711 5151 συνοίκησιν.

151 5175 238 5229 ’Δν
258 5175 313 5230 δέ
335 5193 435 5230 που
470 5174 794 5246 περίστασις
818 5172 1105 5246 καταλάϐῃ
1132 5171 1496 5243 πραγμάτων,
1529 5170 1715 5241 βαπτι-

148 5267 280 5332 σθεὶς
310 5266 627 5337 ἀφανίζεται
646 5284 660 5299 ο
685 5268 737 5323 οί
757 5266 815 5319 δὲ
842 5267 1189 5338 νομιζόμενοι
1219 5264 1382 5333 φίλοι,
1417 5262 1497 5334 τῷ
1531 5262 1709 5334 καιρῷ

147 5358 233 5431 τῆς
256 5360 553 5434 εὐπραγίας
576 5360 678 5431 τὴν
712 5358 897 5428 φιλίαν
936 5357 1294 5430 μετροῦντες,
1330 5354 1706 5426 ὑποχωροῦσιν

148 5451 198 5502 ὲν
214 5453 316 5513 τοίς
335 5450 565 5514 δεινοίς’
604 5452 656 5504 oi
686 5449 863 5505 δοῦλοι
916 5451 1012 5505 καὶ
1041 5449 1131 5503 τὸν
1155 5446 1423 5517 δεσπότην
1454 5443 1589 5516 ὁμοῦ
1614 5444 1709 5498 καὶ

147 5538 238 5601 τάς
249 5542 523 5613 συμφορὰς
537 5539 991 5613 δραπετεύουσιν.
1007 5541 1271 5595 Λείπεται
1293 5536 1480 5592 λοιπὸν
1493 5537 1526 5607 ὴ
1546 5535 1704 5607 γυνὴ,

210 5720 254 5755 ’⁸
282 5723 350 5779 is.
396 5724 684 5797 στοιχείου.
764 5725 811 5760 ⁷⁷
846 5722 975 5794 Leg.
1016 5720 1228 5777 τούτου.

1298 5721 1372 5797 u"
1409 5720 1545 5780 Gen.
1590 5736 1650 5789 tl,
1690 5719 1783 5775 2'5.

1814 4620 2049 4693 genitrix
2083 4608 2397 4686 liberorum,
2441 4622 2496 4677 in
2532 4623 2737 4679 morbis
2774 4624 3115 4694 cpitulatrix,
3154 4626 3207 4681 in
3254 4629 3402 4683 cala-

1816 4712 2001 4767 mitate
2044 4711 2307 4777 solamen,
2360 4714 2553 4769 domus
2596 4723 2807 4782 custos,
2857 4731 2922 4770 ac
2964 4716 3228 4773 bonorum
3284 4721 3399 4777 lbe-

1813 4817 2029 4859 saurus.
2060 4803 2386 4860 Communes
2411 4804 2485 4859 illi
2525 4805 2780 4871 tristitiae,
2817 4807 3125 4863 communia
3158 4810 3392 4879 gaudia;

1817 4909 2153 4961 communes,
2188 4896 2233 4949 si
2278 4911 2402 4966 quae
2445 4907 2594 4963 sunt,
2641 4898 2882 4968 possidet
2927 4914 3094 4969 opes;
3148 4915 3262 4956 rem
3322 4911 3401 4956 te-

1814 4999 1976 5039 nuem
2005 4995 2060 5039 et
2088 4996 2371 5056 angustam
2416 4987 2607 5043 sedulo
2644 4997 2940 5055 sustentat,
2985 4992 3237 5063 maloque
3266 5007 3400 5062 pau-

1812 5076 2060 5145 pertatis,
2110 5087 2369 5147 quantum
2403 5088 2601 5148 potest,
2664 5082 2902 5137 occurrit
2928 5097 2991 5137 ac
3032 5084 3278 5151 resistit;
3316 5084 3400 5138 Ia-

1812 5167 1999 5223 borem
2051 5169 2285 5239 denique
2324 5179 2379 5223 et
2408 5169 2710 5226 molestiam
2750 5173 3055 5229 educandis
3086 5175 3270 5229 liberis
3318 5176 3399 5229 in-

1811 5269 2028 5329 gentem
2060 5260 2138 5316 tui
2171 5275 2334 5317 causa
2382 5262 2725 5319 contubernii
2773 5265 2939 5319 subit.
2982 5264 3135 5330 Quod
3169 5266 3217 5320 si
3252 5265 3395 5322 forte

1817 5354 2361 5424 calamitasgincidit,
2414 5355 2504 5409 ille
2546 5357 2703 5411 malis
2747 5357 2973 5413 obrutus
3018 5358 3191 5423 latet;
3234 5357 3395 5413 amici

1816 5448 1908 5517 qui
1970 5447 2363 5515 censebantur,
2420 5449 2715 5505 amicitiam
2768 5450 3031 5505 felicitate
3086 5450 3393 5514 metientes,

1819 5540 1980 5597 rebus
2017 5543 2264 5599 adversis
2289 5556 2412 5598 sese
2438 5542 2784 5609 subducunt;
2816 5542 2957 5597 servi
2980 5541 3259 5598 dominum
3297 5555 3393 5611 pa-
