3856 6274
453 258 563 316 253

1743 263 1802 321 S.
1841 261 2114 323 ASTERII
2141 270 2462 328 .AMASE‘NI

3627 285 3746 345 236

461 379 610 450 poris
655 375 936 433 convictus
980 374 1401 446 conculcentur,
1452 377 1650 448 quibus
1700 379 1878 438 brutis
1913 382 2044 452 ipsis

2149 367 2320 458 ἄλογα
2366 393 2514 446 ποιεῖ
2553 391 2664 447 τῶν
2709 390 2864 458 ζώων
2908 393 3229 466 ἀχωρίστως
3275 394 3422 468 ἔχειν
3465 397 3744 471 ἀλλήλων.

458 472 828 528 animantibus
873 487 1018 543 mgre
1051 473 1301 541 separari
1341 473 1576 528 accedit.
1614 471 1732 529 Vidi
1765 485 1915 530 certe
1945 477 2041 530 bo-

458 579 605 633 vem,
647 566 791 635 quod
837 567 1146 622 aberrasset
1195 568 1264 623 ab
1297 576 1581 632 armento,
1632 565 1888 637 solasque
1936 567 2045 623 sibi

458 658 685 716 relictus
732 669 900 724 esset,
963 660 1342 718 miserabiliter
1376 661 1744 732 mugientem;
1777 660 2044 730 pecudem

459 753 590 810 item
605 753 659 808 in
682 753 820 808 saltu
837 753 1130 819 balantem,
1145 762 1461 826 montesque
1470 763 1900 825 percurrentem,
1916 753 2043 808 dum

462 844 770 916 adgregant
797 844 1065 912 rediisset,
1095 862 1123 900 a
1154 861 1261 916 quo
1305 845 1446 903 inter
1485 844 1812 917 pascendum
1862 859 2046 901 reces-

460 946 629 992 serat.
681 937 787 992 Sed
818 947 1073 1010 et-capra
1121 939 1262 994 idem
1307 953 1490 1010 passa,
1524 951 1840 1009 quanquam
1866 937 1919 992 in
1951 954 2046 991 va-

461 1031 577 1085 rios
627 1029 817 1086 incidit
859 1045 1072 1100 greges,
1113 1031 1505 1100 praetercurrit,
1535 1044 1636 1084 nec
1661 1037 1788 1084 ante
1822 1043 2044 1084 cursum

460 1120 624 1186 sistit,
669 1135 832 1191 quam
881 1120 966 1175 ubi
1017 1135 1199 1189 suum,
1229 1120 1314 1176 cui
1344 1121 1696 1185 assuevisset,
1721 1128 1778 1174 et
1823 1133 2044 1191 gregem

459 1223 514 1267 et
544 1214 856 1282 caprarium
891 1213 1117 1284 reperit.

531 1302 610 1358 Ne
641 1320 738 1360 uos
768 1320 917 1374 ergo,
944 1304 1034 1374 qui
1061 1304 1268 1360 ratione
1293 1305 1506 1374 praediti
1551 1319 1764 1371 sumus,
1795 1303 2045 1360 duriores

459 1396 786 1453 exsistamus
810 1396 1020 1462 brutis;
1045 1411 1222 1467 neque
1244 1397 1469 1453 minoris
1500 1413 1721 1452 uxorem
1758 1396 2043 1462 faciamus,

459 1504 626 1560 quam
662 1488 763 1543 via:
793 1487 1046 1542 comitem
1081 1487 1340 1557 aliquem,
1372 1488 1609 1543 aliumve
1643 1503 1706 1543 ex
1747 1503 1908 1543 causa
1943 1487 2044 1543 levi

459 1589 516 1634 et
559 1579 735 1634 subita
795 1577 989 1633 leviter
1042 1577 1199 1634 nobis
1233 1587 1441 1633 notum.
1485 1579 1648 1634 Vides
1689 1579 2042 1650 quemadmo-

441 1672 586 1726 ulum
616 1671 649 1724 ii
683 1684 819 1739 quos
843 1669 930 1724 via
958 1669 1170 1738 publica
1202 1667 1406 1738 junxit,
1438 1671 1689 1740 idemque
1739 1679 1938 1725 tectum
1981 1683 2045 1724 ae

437 1760 841 1823 diversorium,
881 1768 974 1814 aut
1018 1761 1275 1815 umbrosa
1300 1775 1398 1830 per
1429 1769 1621 1816 uastum
1674 1761 2040 1815 meridianum
2076 1744 2116 1800 Β

439 1853 622 1908 'arbor
657 1851 892 1921 excepit,
939 1849 1220 1906 fortuitum
1269 1865 1556 1907 occursum
1599 1852 1652 1906 in
1696 1851 2041 1908 occasionem

458 1941 713 1998 amicitiae
743 1942 993 2013 rapiant;
1041 1949 1096 1997 et
1127 1957 1251 1997 cum
1285 1943 1351 1996 ad
1398 1943 1628 1998 divortia
1666 1944 1882 1999 viarum
1921 1957 2046 2013 per-

445 2034 729 2098 venerint,
781 2048 884 2087 non
917 2034 1034 2089 sine
1063 2033 1378 2101 aegrimonia
1421 2033 1780 2102 divellantur;
1813 2050 1876 2086 ac
1911 2033 2039 2088 sub-

441 2127 843 2199 ‘lacrytnantes,
891 2126 1122 2196 lixisque
1146 2125 1287 2180 alter
1313 2126 1365 2179 in
1391 2126 1622 2180 alterum
1655 2125 1827 2180 oculis
1862 2124 2045 2180 cousi-

457 2227 630 2282 stant,
659 2231 724 2272 ac
750 2216 999 2288 symbola
1037 2226 1222 2273 mutua
1271 2217 1572 2288 largiantur
1604 2232 1619 2272 :
1657 2226 1821 2288 utque
1857 2217 2046 2288 paulu-

439 2311 570 2366 lum
602 2311 893 2383 progressi,
918 2325 1040 2367 sese
1069 2326 1258 2366 rursus
1287 2319 1627 2376 convertant,
1661 2312 2042 2380 revocatisque

438 2402 634 2458 *fausta
676 2417 742 2457 ac
796 2399 973 2456 felicia
1021 2409 1418 2471 appret-eatur,
1472 2409 1531 2455 ut
1581 2400 1819 2471 denique
1862 2399 2046 2455 brevis

436 2509 622 2549 'ttsura
660 2493 919 2562 temporis
965 2503 1075 2546 tam
1116 2499 1326 2547 arctam
1375 2490 1570 2564 jungat
1613 2491 1934 2557 amicitiam,
1983 2498 2044 2546 ut

463 2601 610 2658 mgre
643 2584 873 2654 digredi,
917 2583 1253 2654 cogendique
1286 2590 1494 2639 tantum
1537 2598 1644 2638 non
1672 2597 1795 2639 esse
1823 2583 2045 2638 videan-

436 2677 589 2732 -'tur‘l
615 2675 696 2731 Tu
732 2689 863 2730 vero
909 2687 1224 2744 comparem
1255 2688 1320 2728 ae
1343 2673 1469 2728 vine
1511 2674 1716 2729 sociam
1749 2674 1830 2728 sic
1858 2672 2044 2743 despi-

458 2768 604 2824 catui
640 2767 836 2831 babes,
864 2774 924 2822 ut
951 2763 1232 2821 vasculum
1287 2766 1571 2832 amissum,
1608 2775 1700 2822 aut
1739 2767 1846 2821 vile
1880 2766 2046 2821 vesti-

436 2868 699 2914 mentum
750 2857 965 2913 itineris
1020 2872 1121 2912 usu
1183 2855 1384 2912 factum
1445 2858 1673 2926 inutile,
1723 2859 2046 2915 eatellumve

439 2948 745 3006 ‘Melita'um
793 2949 884 3020 qui
936 2949 1097 3004 domo
1126 2949 1432 3005 clanculum
1486 2965 1548 3006 se
1600 2949 1897 3006 subduxit?
1941 2948 2043 3006 Ubi

435 3043 746 3099 simulatus
803 3042 958 3097 initio
1006 3043 1274 3098 atfectus?
1308 3043 1410 3098 Ubi
1456 3042 1560 3098 tori
1609 3045 1770 3098 unius
1809 3043 2044 3100 societas

2159 479 2456 551 Ἐμπαθῶς
2488 482 2597 557 γάρ
2641 479 2782 538 εἶδον
2810 483 2923 553 ἐγὼ
2967 484 3094 556 βοῦν
3143 485 3499 558 μυκώμενον,
3545 490 3747 564 ἐπειδὴ

2145 570 2255 625 τῶν
2284 573 2563 645 συννόμων
2593 575 3003 646 ἀποπλανηθεὶς
3027 576 3276 650 ἐμονώθη
3297 594 3312 610 ο
3339 579 3436 632 καὶ
3463 580 3746 653 πρόϐατον

2146 664 2205 717 ἐν
2237 663 2385 736 νάπῃ
2416 665 2796 738 βληχώμενον,
2835 668 2931 721 καὶ
2967 668 3249 740 διατρέχον
3288 669 3358 724 τά
3382 669 3483 742 ὄρη
3512 709 3529 737 ,
3574 672 3746 747 μέχρι

2151 755 2220 810 ἂν
2243 759 2308 830 τῇ
2335 757 2508 833 ἀγέλῃ
2533 759 2765 832 συνάψῃ,
2787 757 2857 833 ἧς
2891 761 3168 834 ἐχωρίσθη
3197 763 3519 833 νεμόμενον.
3550 765 3652 832 Αἲξ
3682 765 3748 820 δὲ

2147 849 2311 903 ταυτδ
2328 849 2488 905 τοῦτο
2512 851 2782 920 παθοῦσα,
2819 853 2924 907 κᾶν
2950 853 3153 919 πολλάς
3183 855 3385 925 ἀγέλας
3417 857 3592 927 αἰγῶν
3620 858 3748 914 δια-

2145 940 2418 1013 τρέχουσα
2457 943 2762 1016 καταλάϐῃ,
2801 944 2863 998 οὐ
2905 945 3172 1018 πρότερον
3209 946 3463 1014 ἵσταται,
3494 949 3629 1021 πρὶν
3674 949 3746 1004 ἂν

2145 1030 2248 1104 τὴν
2269 1031 2475 1104 συνήθη
2503 1031 2662 1107 εὕρῃ,
2692 1034 2789 1089 καὶ
2817 1034 2908 1088 τὸν
2931 1035 3154 1089 αἰπόλον
3179 1034 3273 1090 τὸν
3298 1036 3452 1095 [διον.

2218 1292 2304 1365 Μὴ
2336 1293 2697 1366 ἀπαθέστεροι
2737 1295 2875 1368 πρὸς
2908 1293 3093 1366 φιλίαν
3120 1292 3438 1372 εὑρεθῶμεν
3462 1299 3571 1353 τῶν
3602 1293 3741 1354 ἀλό-

2145 1403 2258 1456 γων
2293 1388 2341 1439 οἱ
2372 1387 2607 1456 λογικοί’
2653 1388 2787 1458 μηδὲ
2817 1389 3171 1461 ἀτιμωτέραν
3205 1391 3305 1464 τὴν
3334 1391 3581 1463 γαμετὴν
3608 1392 3740 1457 κρί-

2147 1494 2328 1549 νωμεν
2351 1478 2732 1551 συνοδοιπόρου
2764 1482 2929 1545 τινὸς,
2959 1482 2992 1552 ἢ
3025 1483 3122 1536 τοῦ
3155 1482 3242 1538 διά
3279 1483 3482 1555 μικρὰν
3516 1484 3740 1555 πρόφαο

2147 1587 2231 1624 σιν
2273 1572 2330 1624 ὲν
2365 1570 2532 1642 ὀλίγῳ
2570 1571 3083 1642 προσφιλιωθέντος.
3137 1576 3302 1649 Ὀρᾶς
3326 1613 3340 1639 ,
3375 1576 3453 1640 ὡς
3501 1577 3598 1630 καὶ
3645 1578 3743 1632 ἐπὶ

2145 1666 2245 1736 τῆς
2270 1664 2548 1737 λεωφόρου
2573 1665 2836 1738 ἀλλήλους
2871 1667 3242 1740 συμμίξαντες
3276 1668 3580 1740 ἄνθρωποι,
3608 1671 3741 1744 δρο-

2145 1774 2244 1825 φον
2263 1756 2321 1810 δὲ
2353 1758 2697 1827 καταγωγίου
2734 1758 2827 1811 τὸν
2869 1759 3033 1813 αὑτὸν
3069 1759 3414 1824 ὑπελθόντες,
3442 1761 3476 1832 ἢ
3511 1760 3739 1835 δένδρον

2145 1846 2483 1918 ἀμφιλαφὲς,
2506 1846 2625 1919 ὥρᾳ
2641 1846 2832 1919 θέρους
2862 1847 2959 1919 τὴν
2983 1848 3332 1920 μεσημϐρίαν
3357 1849 3738 1916 ἀποσκιάσαν,

2144 1937 2400 2010 ἀφορμὴν
2441 1937 2736 2002 διαθέσεως
2770 1939 3001 2008 γνησίας
3040 1939 3136 2010 τὴν
3176 1940 3469 2011 συντυχίαν
3509 1937 3742 1994 ποιοῦν-

2143 2045 2267 2083 ται·
2323 2029 2425 2084 κᾶν
2475 2029 2702 2083 ἔλθωσιν
2750 2030 2844 2083 ἐπὶ
2894 2029 2992 2101 τὴν
3041 2031 3162 2085 ὀδὺν
3218 2031 3317 2102 τὴν
3371 2032 3739 2104 μερίζουσαν,

2144 2110 2373 2188 ἀπαθῶς
2399 2122 2644 2194 ἀλλήλων
2677 2121 2778 2177 οὐκ
2808 2123 3280 2178 ἀπαλλάττονται·
3328 2123 3444 2178 ἀλλ’
3482 2125 3742 2180 ἵστανται

2144 2212 2240 2266 καὶ
2266 2212 2720 2288 ὑποδακρύουσιν,
2769 2214 3062 2284 βλέποντες
3111 2214 3298 2278 ἀτενὲς
3322 2216 3402 2279 εἰς
3431 2215 3704 2288 ἀλλήλους
3721 2255 3740 2282 ,

2145 2306 2240 2359 καὶ
2279 2304 2523 2377 σύμϐολα
2567 2307 2790 2378 μνήμης
2825 2307 3056 2371 ἕκαστος
3095 2307 3312 2361 δίδωσιν
3359 2308 3582 2380 φέρειν·
3642 2309 3742 2364 καὶ

2147 2395 2343 2470 μικρὸν
2373 2397 2694 2469 προδάντες,
2735 2398 2897 2452 πάλιν
2928 2398 3394 2471 μεταστρέφονται
3414 2438 3430 2464 ,
3462 2401 3557 2454 καί
3599 2402 3738 2455 ἀνα-

2143 2487 2400 2543 καλοῦσιν
2419 2505 2434 2520 ο
2463 2489 2755 2558 ἐπεύχεται
2803 2489 2860 2542 δὲ
2890 2489 3076 2560 ἔτερος
3121 2489 3201 2562 τῷ
3243 2490 3416 2562 ἑτέρῳ
3440 2490 3510 2545 τά
3545 2492 3736 2546 αἷσιαο

2143 2577 2238 2632 καὶ
2273 2577 2454 2646 ὀλίγος
2484 2577 2673 2649 χρόνος
2703 2575 2877 2642 οὕτως
2920 2577 3189 2650 ὀξυτάτην
3225 2579 3462 2652 κίρνησι,
3489 2579 3594 2652 τὴν
3643 2600 3737 2651 φι.

2142 2668 2283 2735 λίαν,
2315 2667 2392 2733 ὡς
2417 2668 2862 2723 δυσαπάλλακτον
2908 2669 3091 2733 αὐτοῖς
3119 2669 3366 2738 γίνεσθαι
3401 2671 3496 2725 καὶ
3541 2670 3739 2741 βεϐια-

2144 2759 2350 2831 σμένην
2393 2759 2493 2833 τὴν
2530 2759 2907 2833 ἀναχώρησιν;
2939 2761 3011 2814 Σὺ
3068 2760 3126 2814 δὲ
3166 2760 3305 2833 πρὸς
3345 2761 3444 2832 τὴν
3475 2761 3573 2816 τοῦ
3617 2762 3737 2834 βίου

2143 2849 2399 2904 κοινωνὸν
2455 2849 2628 2915 οὕτως
2683 2848 3174 2922 καταφρονητικῶς
3229 2847 3395 2920 ἔχεις,
3460 2849 3536 2912 ώς
3595 2851 3736 2921 πρὸς

2145 2938 2338 3004 σκεῦος
2385 2940 2682 3004 ἀποπεσὸν,
2814 2939 3030 3011 ἱμάτιον
3073 2938 3287 3002 εὐτελὲς
3345 2941 3402 2994 ἑν
3447 2939 3739 3013 ὁδοιπορία

2145 3032 2509 3105 καταργηθὲν,
2549 3031 2584 3104 ἦ
2635 3032 2871 3086 κυνίδιον
2911 3031 3026 3086 τῶν
3083 3031 3399 3086 Μελιττέων
3434 3031 3480 3064 ⁸²
3513 3032 3739 3105 ὑποχω-

431 3149 521 3190 »ae
545 3133 905 3190 communio?
938 3131 1040 3188 Ubi
1095 3133 1393 3205 legitimum
1426 3134 1732 3201 vinculum;
1772 3135 2043 3191 diuturnae

2147 3103 2321 3198 ρῆσαν
2376 3103 2585 3190 οίκίαςξ
2626 3125 2737 3178 Καὶ
2781 3122 2885 3178 ποῦ
2931 3125 2966 3196 ἡ
3011 3126 3070 3178 ὲν
3117 3125 3316 3196 ἀρχαῖς
3366 3103 3735 3198 πεπλασμένη

437 3225 554 3281 ιὶιιιι
587 3226 673 3280 vis
717 3223 1151 3290 consuetudinis,
1197 3239 1364 3295 quam
1391 3233 1446 3278 et
1479 3225 1532 3279 in
1580 3237 1834 3280 naturam
1866 3234 2045 3282 trans-

459 3317 540 3371 ire
571 3323 685 3370 tum
731 3315 937 3381 ferunt,
983 3323 1098 3371 tum
1138 3315 1478 3371 demonstrat
1523 3316 1896 3387 experientia?
1933 3317 2042 3374 Fa-

430 3409 617 3465 -~cilius
661 3420 861 3464 cuncta
911 3408 1220 3479 abrupisti,
1274 3423 1437 3480 quam
1487 3407 1756 3482 Sampson
1807 3411 2042 3470 hostium

458 3503 619 3558 funes
651 3502 721 3558 ⁸⁸.

502 3765 690 3836 «Atqui
728 3765 816 3822 vir
849 3765 1051 3832 probus
1093 3775 1149 3822 et
1189 3765 1244 3822 in
1278 3764 1474 3822 affectu
1517 3774 1795 3833 constans,
1825 3768 2042 3824 demor-

429 3867 566 3918 ‘Ytua:
637 3857 814 3928 ipsam
850 3857 1191 3914 memoriam
1249 3856 1500 3927 conjugis
1554 3874 1715 3930 agre.
1759 3860 2034 3930 deponit:

449 3952 588 4023 quin
617 3950 763 4006 fovet
782 3951 983 4008 liberos
1009 3967 1076 4011 ac
1105 3964 1354 4009 amanter
1385 3952 1568 4019 habet,
1605 3961 1862 4022 tanquam
1891 3967 2041 4008 com-

458 4059 623 4102 mune
653 4043 958 4116 depositum
1008 4045 1198 4100 matris
1245 4059 1311 4099 ac
1350 4049 1578 4107 naturae,
1631 4042 2039 4111 spirantemque

444 4138 512 4194 -iu
553 4137 638 4194 eis
689 4139 998 4194 defunctam
1050 4139 1152 4195 sibi
1202 4139 1422 4193 videtur
1478 4135 1818 4206 conspicere.
1861 4135 2040 4205 Atque

457 4229 549 4286 hic
589 4230 806 4300 quidem
837 4230 1159 4296 liberorum,
1188 4239 1449 4285 maternae
1497 4228 1908 4284 similitudinem
1944 4245 2039 4285 vo-

447 4321 537 4376 cis
569 4319 824 4390 praefert;
872 4320 962 4375 ille
1015 4320 1084 4376 de
1121 4319 1296 4376 forma
1347 4335 1412 4375 ac
1474 4321 1815 4376 lineamentis
1862 4321 2039 4391 pluri-

447 4426 604 4465 mum
636 4411 847 4477 hausit;
879 4409 1016 4465 alius
1047 4424 1227 4465 mores
1264 4419 1320 4466 et
1359 4411 1632 4480 ingenium
1671 4411 1914 4481 parentis
1951 4425 2037 4466 re-

459 4509 770 4568 praesentat,
827 4504 1005 4571 Atque
1067 4501 1154 4558 ita
1205 4510 1356 4572 pater
1387 4501 1584 4558 multas
1639 4502 1847 4558 babens
1884 4504 2038 4557 vivas

451 4593 771 4663 iucidasque
823 4592 1071 4662 conjugis
1127 4593 1410 4663 imagines,
1475 4595 1719 4665 perpetui
1773 4593 2036 4650 consortii

449 4685 821 4753 connubiique
863 4685 1099 4755 speciem
1143 4685 1328 4741 animo
1383 4699 1481 4740 suo
1524 4685 1829 4740 informat:
1874 4693 2039 4756 atque

454 4775 592 4832 adeo
637 4775 838 4830 nullam
882 4775 1142 4846 deinceps
1191 4775 1480 4846 voluptatis
1518 4778 1907 4847 cogitationem
1937 4779 2037 4832 ad-

453 4866 664 4922 mittit:
698 4880 800 4922 nec
840 4865 934 4936 qui
970 4867 1132 4922 bodie
1178 4868 1378 4922 struxit
1415 4866 1685 4922 defunctae
1736 4868 2036 4936 tumulum,

452 4962 611 5032 paulo
653 4971 780 5030 post
812 4959 1112 5015 thalamum
1157 4959 1426 5014 adornat:
1482 4969 1576 5013 aut
1605 4975 1634 5013 a
1667 4959 1925 5030 lacrymis
1972 4975 2037 5015 ac

450 5056 762 5125 gemitibus,
791 5054 858 5108 ad
888 5053 1183 5124 nuptialem
1230 5054 1425 5109 iterum
1456 5054 1712 5110 choreatn
1754 5053 1979 5110 festinat
2019 5071 2034 5109 :

452 5160 551 5200 nec
573 5154 779 5200 vestem
813 5153 989 5199 atram
1043 5159 1106 5199 ac
1155 5145 1455 5216 lugubrem,
1498 5144 1637 5200 festa
1687 5145 2034 5216 sponsalique

447 5237 587 5293 stola
619 5243 924 5305 permutat;
961 5251 1066 5290 non
1105 5235 1156 5290 in
1186 5235 1452 5291 calentem
1486 5235 1787 5291 etiamnum
1819 5252 1849 5290 a
1881 5237 2033 5306 priu-

451 5343 511 5383 re
540 5327 888 5383 matrimonio
918 5326 1138 5391 lectum,
1169 5327 1396 5382 alteram
1427 5326 1667 5394 inducit;
1710 5336 1871 5382 autve
1897 5325 2032 5383 libe-

454 5422 528 5475 ris
557 5435 868 5484 novercam,
901 5419 1149 5474 odiosum
1193 5417 1322 5472 illud
1355 5432 1572 5484 nomen,
1619 5419 2028 5488 superinducit;

450 5513 546 5570 sed
581 5523 871 5578 turturum,
906 5527 1010 5567 non
1063 5512 1207 5566 illam
1267 5510 1486 5582 quidem
1516 5525 1545 5563 a
1596 5511 1808 5566 ratione
1862 5513 2035 5582 profe-

518 5692 567 5729 “
607 5693 782 5751 Judic.
810 5710 897 5750 xvt
919 5735 934 5762 ,
981 5694 1047 5751 15
1070 5711 1192 5767 sqq.

2143 3217 2416 3283 διάθεσις;
2452 3215 2555 3270 ποῦ
2588 3216 2622 3286 ἡ
2652 3214 2747 3268 ἐπὶ
2776 3215 2877 3286 τῆς
2908 3215 3037 3286 μιᾶς
3073 3215 3259 3288 κοίτης
3310 3215 3620 3283 ἀνάπαυσις
3643 3256 3660 3282 ,
3699 3219 3733 3289 ἡ

2143 3309 2237 3364 τοῦ
2265 3309 2431 3381 νόμου
2463 3307 2755 3379 σύνειρξις,
2784 3311 2818 3378 η
2852 3307 2954 3378 τῆς
2981 3306 3186 3378 πολλῆς
3219 3308 3311 3361 καὶ
3347 3309 3567 3379 μακρᾶς
3603 3325 3735 3364 συν-

2141 3401 2336 3474 ηθείας
2380 3399 2650 3472 δύναμις,
2696 3399 2762 3470 ἢν
2808 3398 2904 3453 καὶ
2952 3399 3034 3463 εἷς
3067 3398 3226 3469 φύσιν
3281 3400 3730 3470 μεταποιεῖσθαι,

2145 3495 2241 3548 καὶ
2273 3493 2430 3563 λόγος
2475 3492 2612 3564 ἔχει,
2677 3492 2774 3546 καὶ
2809 3493 2844 3563 ἡ
2891 3493 3060 3566 πεῖρα
3089 3491 3404 3560 ὐπέδείξεν;
3437 3493 3620 3548 πάντα
3651 3495 3733 3548 δι-

2141 3584 2352 3656 έκοψας
2375 3583 2762 3657 εὐκολώτερον,
2793 3583 2830 3656 ἢ
2859 3585 2890 3639 ὀ
2914 3583 3154 3656 Σαμψὼν
3181 3585 3249 3640 τά
3277 3585 3386 3640 τῶν
3413 3585 3734 3658 ἀλλοφύλων

2143 3679 2406 3735 καλώδια.

2213 3772 2410 3826 Καίτοι
2432 3771 2528 3840 ὂγε
2549 3769 2783 3844 σώφρων
2806 3769 2904 3826 καὶ
2929 3773 3029 3844 τῆς
3055 3771 3352 3837 διαθέσεως
3378 3772 3576 3844 φύλαξ,
3605 3775 3732 3828 οὐδὲ

2141 3863 2580 3936 ἀναχωρησάσης
2605 3863 2701 3917 τοῦ
2735 3863 2852 3935 βίου
2883 3863 2985 3935 τῆς
3011 3864 3263 3936 γαμετῆς
3291 3864 3492 3938 ῥᾳδίως
3513 3865 3736 3922 ἐπιλαν-

2144 3956 2364 4011 θάνεται
2386 3973 2400 3987 °
2450 3955 2588 4010 ἀλλά
2625 3955 2829 4011 ’θάλπει
2858 3955 2987 4020 τοὺς
3019 3955 3252 4022 παῖδας,
3285 3957 3362 4021 ὡς
3407 3957 3595 4030 κοινὴν
3626 3978 3735 4014 πα-

2144 4048 2534 4121 ρακαταθήκην
2558 4048 2657 4120 τῆς
2692 4048 2931 4120 μητέρος
2960 4047 3058 4102 καὶ
3083 4047 3183 4118 τῆς
3213 4047 3450 4117 φύσεως.
3485 4050 3544 4102 ὲν
3579 4051 3732 4105 ὲκεί-

2144 4154 2254 4201 νοις
2281 4136 2339 4191 δὲ
2381 4136 2624 4208 καθορᾷν
2660 4135 2810 4189 δοκεί
2841 4135 2940 4207 τὴν
2973 4135 3337 4192 ἀπελθοῦσαν.
3389 4139 3446 4191 '0
3482 4139 3581 4210 μὲν
3622 4140 3731 4212 γάρ

2140 4226 2252 4280 τῶν
2287 4226 2494 4281 παίδων
2543 4226 2643 4298 τῆς
2677 4227 2950 4298 μητρικῆς
2990 4226 3181 4298 φωνῆς
3217 4228 3512 4299 ὁμοιότητα
3540 4227 3728 4295 σώζει,

2141 4316 2301 4381 ἀλλος
2332 4317 2395 4372 τὸ
2420 4316 2554 4371 πολὺ
2577 4315 2672 4370 τοῦ
2698 4318 3048 4390 χαρακτῆρος
3076 4318 3388 4389 ἐφέλκεται,
3417 4320 3603 4393 ἕτερος
3630 4321 3731 4393 τὴν

2143 4409 2237 4462 τοῦ
2266 4409 2432 4480 ῆθους
2458 4410 2790 4464 κατάστασιν
2819 4408 3115 4482 ὲμορφώθη
3138 4410 3276 4482 πρὸς
3303 4411 3404 4480 τὴν
3432 4413 3726 4468 τεκοῦσαν·

2143 4502 2236 4554 καὶ
2267 4499 2438 4565 οὕτως
2464 4501 2494 4553 ὀ
2520 4501 2702 4572 πατὴρ
2720 4541 2736 4563 ,
2767 4500 2971 4567 πολλὰς
3009 4500 3148 4573 ἔχων
3173 4502 3275 4573 τῆς
3301 4505 3550 4576 γαμετῆς
3583 4507 3731 4560 εἰκός

2141 4610 2237 4657 νας
2266 4592 2447 4658 ζώσας
2475 4594 2568 4647 καὶ
2601 4595 2885 4665 ἐναργεῖς,
2919 4594 3185 4651 ἀθάνατον
3221 4597 3594 4654 ὐποτυποῦται
3631 4601 3730 4672 τὴν

2141 4684 2279 4756 πρὸς
2308 4685 2521 4756 ἐκείνην
2559 4685 2904 4755 συνοίκησιν’
2939 4687 3034 4740 καὶ
3066 4686 3156 4740 διὰ
3190 4686 3350 4742 τοῦτο
3382 4689 3535 4744 οὐδὲν
3569 4692 3732 4765 φιλή-

2140 4776 2292 4831 δονον
2337 4779 2538 4831 ὲννοεῖ·
2595 4777 2656 4829 ού
2696 4778 2938 4849 σήμερον
2991 4778 3176 4850 χώσας
3230 4779 3324 4835 τὸν
3372 4781 3574 4852 τάφον,
3609 4786 3730 4855 μετ’

2140 4869 2320 4938 ὀλίγον
2356 4868 2546 4941 χρόνον
2595 4871 2875 4935 παστάδας
2927 4871 3329 4937 κατασκευάζει
3349 4891 3363 4906 ·
3420 4876 3542 4930 οὐδὲ
3587 4877 3732 4949 μετά

2137 4961 2200 5015 τὺ
2228 4960 2464 5033 δάκρυον
2495 4961 2591 5015 καὶ
2628 4962 2756 5026 τοὺς
2799 4965 3138 5035 στεναγμοὺς
3167 4965 3262 5020 ἐπὶ
3289 4967 3536 5039 γαμικὴν
3566 4970 3730 5024 πάλιν

2137 5052 2356 5126 χορείαν
2392 5053 2704 5124 ὲπείγεται“
2753 5054 2875 5108 οὐδὲ
2926 5054 3026 5127 τὴν
3071 5057 3335 5128 μέλαιναν
3384 5061 3594 5132 ἐσθῆτα
3637 5063 3731 5117 καὶ

2139 5144 2402 5216 πενθικὴν
2431 5146 2511 5206 εἰς
2537 5146 2813 5216 νυμερικὴν
2849 5145 3122 5218 διαμείὸει
3155 5150 3372 5223 στολήνο
3398 5152 3522 5206 οὐδὲ
3549 5152 3728 5226 θερμῇ

2135 5239 2205 5309 τῇ
2257 5236 2415 5309 κοίτῃ
2464 5237 2566 5307 τῆς
2613 5237 2957 5311 ἀπελθούσης
3002 5240 3102 5312 τὴν
3157 5242 3420 5315 δευτέραν
3473 5246 3728 5316 γαμετὴν

2136 5329 2419 5398 ἐπεισάγει
2445 5345 2459 5358 ⁸
2489 5329 2608 5383 οὐδὲ
2645 5330 2918 5401 μητρυιὰν
2951 5333 3136 5387 δίδωσι
3176 5337 3290 5398 τοῖς
3337 5335 3516 5398 παισὶ,
3548 5335 3610 5389 τὸ
3641 5339 3731 5390 £7:-

2139 5420 2304 5493 αχθὲς
2334 5421 2524 5492 ὄνομα.
2559 5421 2825 5492 Μιμεῖται
2857 5423 2913 5477 δὲ
2940 5423 3048 5477 τῶν
3085 5427 3367 5495 τρυγόνων
3394 5425 3493 5498 τὴν
3533 5425 3729 5496 ἀλογον

2141 5515 2236 5568 καὶ
2260 5513 2494 5584 φυσικὴν
2528 5513 2853 5586 σεμνότητα.
2891 5516 2998 5568 Καὶ
3025 5515 3135 5588 γὰρ
3177 5519 3399 5589 ἐκείνην
3439 5518 3539 5590 τὴν
3576 5518 3726 5591 δρνιν

1271 5696 1316 5728 θ’
1354 5694 1644 5752 Μελιταῖον
1677 5693 1929 5753 κυνίδιον.
1987 5696 2184 5763 Arist.,
2235 5714 2284 5754 Ix
2347 5697 2420 5753 De
2466 5706 2574 5754 nat.
2621 5697 2787 5753 attint.
