3856 6274
341 339 344 341 ‘
362 321 469 379 239

1630 310 1688 366 S.
1729 311 2001 369 ASTERII
2042 315 2345 372 AMASEN!

3505 318 3617 378 2&0

364 432 511 490 omni
542 444 638 502 spe
681 443 745 484 ac
771 427 1175 500 exspectatione
1203 441 1298 498 per
1331 426 1464 483 istos
1492 427 1763 496 pudicitia:
1788 443 1928 498 prte-

2060 432 2285 503 ιλπισεν,
2339 429 2586 504 ἀφηρέθη
2637 429 2693 484 δὲ
2744 426 2924 498 πάσης
2975 412 3230 502 χρηστηςγ
3283 432 3616 502 προσδοκίας

367 530 538 580 dones
564 522 900 577 deturbatur.
934 519 1089 586 Quod
1117 517 1161 571 si
1193 516 1308 586 jam
1334 524 1487 586 pater
1510 524 1591 571 est
1617 517 1707 584 qui
1738 515 1937 588 ﬂagitia

368 619 484 672 haec
515 622 713 682 patrat,
753 612 955 682 cogitet
1012 618 1172 679 atque
1221 609 1546 674 consideret,
1591 609 1720 678 quid
1771 609 1937 663 animi

368 709 444 761 sit
483 705 622 773 patri
673 704 754 758 sic
797 703 1012 768 deluso;
1063 700 1108 754 si
1157 700 1406 763 maritus,
1436 699 1537 754 sibi
1590 700 1690 768 ipsi
1738 700 1938 755 illatam

369 798 620 867 iniuriam
655 803 883 865 reputet.
910 793 1042 848 Nam
1069 793 1142 846 ita
1174 791 1386 844 demum
1415 791 1549 845 bene
1579 792 1941 862 praaclareque

370 905 430 944 se
464 904 549 943 res
585 887 802 950 habent,
836 901 955 939 cum
981 899 1044 938 ex
1081 881 1270 937 alienis
1300 884 1528 952 quisque
1549 883 1772 950 iudicat,
1805 899 1941 952 qua-

371 981 476 1035 lem
506 979 556 1032 in
587 979 756 1046 ipsum
784 976 946 1029 alium
970 989 1091 1030 esse
1127 975 1274 1029 velit.
1322 973 1380 1028 Si
1412 973 1500 1042 qui
1528 983 1706 1028 autem
1741 971 1940 1026 Roma-

374 1071 458 1126 nis
491 1069 856 1124 auscultantes
881 1066 1110 1138 legibus,
1145 1066 1462 1134 permissam
1489 1079 1607 1120 esse
1649 1063 1938 1118 scortatio-

373 1175 494 1214 nem
517 1173 578 1212 ac
599 1157 824 1212 crimine
840 1170 1033 1210 vacare
1057 1155 1389 1215 existimant,
1413 1166 1627 1222 gravem
1649 1165 1779 1207 sane
1791 1165 1943 1206 erro-

373 1263 486 1304 rem
532 1255 737 1310 errant,
773 1246 1149 1313 ignorantque,
1174 1241 1320 1312 leges
1347 1223 1555 1295 divinas
1578 1241 1645 1295 ab
1692 1240 1942 1294 humanis

376 1340 599 1393 nimium
633 1345 893 1406 quantum
928 1335 1128 1389 distare
1156 1333 1415 1387 doctrinis
1441 1347 1504 1386 ac
1537 1332 1767 1402 placitis.
1802 1332 1940 1387 Audi

375 1431 589 1499 Moysen
630 1429 825 1482 divina:
863 1424 1107 1479 nuntium
1152 1433 1314 1492 atque
1357 1437 1654 1491 przecouem
1703 1421 1946 1476 volunta-

373 1524 466 1586 tis,
502 1521 792 1592 gravisque
838 1525 892 1571 et
928 1529 1110 1569 amara
1163 1515 1424 1568 adversus
1458 1521 1784 1569 scortatores
1819 1529 1944 1583 pro-

375 1613 711 1667 nuntiantem
742 1609 809 1664 “.
839 1606 973 1662 Audi
1012 1606 1234 1661 Paulum
1263 1605 1567 1659 dicentem:
1609 1603 1945 1658 Scortatores

375 1714 423 1758 et
452 1702 720 1757 adulteros
744 1698 1004 1769 judicabit
1036 1696 1175 1750 Deus
1195 1696 1263 1750 “.
1291 1695 1396 1748 Alii
1433 1696 1518 1750 isti
1550 1695 1622 1748 nil
1643 1695 1937 1766 quidquam

2042 524 2192 595 παρὰ
2220 524 2326 576 τῶν
2369 523 2467 593 τῆς
2506 520 2859 594 σωφροσύνης
2889 522 3118 592 λῃστῶν.
3155 523 3218 576 El
3255 525 3438 596 πατήρ
3467 527 3619 579 ἑστιν

2039 613 2067 665 6
2097 613 2428 674 ἀκόλαστος,
2475 609 2788 680 γνωριζέτω
2827 609 3034 680 πατρὸς
3080 609 3251 672 πάθος
3299 611 3620 681 ἀποτυγχά-

2039 718 2242 766 νοντοςο
2269 705 2317 756 εἰ
2345 701 2500 774 ἀνὴρ,
2521 701 2710 754 ἑαυτὸν
2736 700 3184 764 ὑποτυπωσάσθω
3207 701 3297 756 τὸν
3326 702 3619 773 ἀδικούμε-

2040 811 2148 848 νον.
2180 794 2292 846 Καὶ
2317 793 2424 864 γὰρ
2450 791 2651 846 ἐπίπαν
2677 791 2850 855 οὕτως
2879 791 2993 862 ἑχει
3020 791 3220 856 καλῶς,
3249 791 3478 846 ἕκαστον
3501 796 3620 856 τοῖς

2041 885 2340 957 ἀλλοτρίοις
2367 884 2627 948 δικάζειν,
2655 883 2731 946 ὡς
2762 882 2828 936 ἂν
2854 883 3008 937 ἄλλον
3041 882 3216 952 ἑαυτῷ
3248 883 3523 954 βούληται.
3551 885 3620 937 Ei

2041 975 2096 1028 δέ
2129 992 2181 1027 τι
2223 976 2315 1028 καὶ
2350 977 2462 1038 τοῖς
2491 974 2676 1044 νόμοις
2725 974 3009 1043 Ῥωμαίων
3056 973 3202 1038 τινὲς
3245 975 3607 1046 προσέχοντες

2043 1065 2333 1118 ἀνεύθυνον
2352 1065 2451 1135 τὴν
2477 1064 2730 1135 πορνείαν
2771 1059 2909 1117 εἶναι
2935 1063 3237 1133 νομίζουσι,
3269 1064 3450 1137 δεινὴν
3474 1065 3619 1118 πλα-

2043 1156 2239 1209 νῶνται
2272 1155 2502 1226 πλάνην,
2538 1154 2637 1208 οὐκ
2664 1154 2884 1216 εἰδότες,
2915 1153 2992 1216 ὡς
3020 1154 3192 1217 ἄλλως
3218 1154 3350 1218 Θεὸς
3387 1154 3620 1225 νομοθε-

2043 1248 2144 1309 τεῖ,
2177 1246 2272 1298 καὶ
2318 1246 2520 1316 ἑτέρως
2567 1244 2842 1315 ἄνθρωποι
2876 1243 3308 1314 δογματίζουσιν.
3351 1244 3624 1298 Ἄκουσον

2045 1335 2340 1398 Μωῦσέως,
2367 1335 2427 1388 τὸ
2455 1334 2702 1404 βούλημα
2724 1333 2819 1386 τοῦ
2847 1332 2982 1386 Θεοῦ
3018 1333 3495 1402 καταγγέλλοντος,
3524 1336 3625 1388 καὶ

2046 1428 2247 1502 πικρὰς
2297 1429 2396 1492 τὰς
2445 1429 2586 1482 κατά
2653 1429 2864 1499 πόρνων
2918 1429 3223 1498 ἀποφάσεις
3274 1429 3623 1500 ἐκφέροντος.

2050 1519 2312 1572 Ἄκουσον
2361 1517 2571 1570 Παύλου
2598 1557 2612 1578 ,
2660 1517 2931 1584 λέγοντος·
2966 1519 3234 1584 Πόρνους
3271 1516 3341 1570 δὲ
3372 1518 3468 1571 καὶ
3497 1537 3633 1587 μοι-

2048 1605 2196 1675 χοὺς
2228 1605 2418 1674 κρινεῖ
2445 1608 2478 1658 ό
2503 1605 2668 1670 Θεός.
2705 1605 2766 1658 Oi
2791 1605 2848 1657 δὲ
2875 1604 3022 1657 ἄλλοι
3060 1605 3160 1658 οὐκ
3183 1605 3506 1675 ἀρκέσουσιν
3539 1622 3631 1658 σοι

2049 1697 2187 1767 πρὸς
2236 1695 2510 1766 σωτηρίαν
2557 1697 2615 1748 ἑν
2667 1693 2745 1765 τῷ
2790 1694 2965 1766 καιρῷ
3020 1695 3120 1766 τῆς
3178 1695 3626 1761 ἀνταποδόσεωςο

377 1795 442 1847 ad
489 1792 713 1848 salutem
766 1789 860 1844 tibi
901 1787 1197 1858 proderunt
1251 1787 1302 1841 in
1356 1795 1594 1856 tempore
1635 1785 1944 1840 retributio-

2060 1787 2182 1842 Ξιλλά
2214 1787 2508 1859 τρέμοντες
2552 1787 2647 1840 καὶ
2694 1785 2963 1856 ἱδροῦντες
3005 1785 3342 1856 ἑκτήξονται.
3390 1786 3632 1854 Ἀσοφὸς

359 1886 498 1951 nis;
543 1883 638 1938 sed
680 1881 781 1952 ipsi
818 1880 1150 1949 trepidantes
1195 1893 1259 1932 ac
1299 1887 1591 1933 aestuantes
1643 1877 1944 1930 tabescent.

375 1974 637 2043 lnsipiens
665 1988 726 2026 ac
755 1971 1001 2026 indoctus
1040 1969 1474 2038 deprehendetur
1520 1967 1694 2036 legum
1743 1967 1833 2022 ille
1861 1981 1948 2020 ar-

379 2066 642 2118 chitectus
671 2062 828 2139 Plato
851 2060 1002 2131 (35);
1031 2059 1160 2128 quid
1196 2074 1322 2114 vero
1366 2058 1588 2124 humile,
1631 2059 1814 2128 gravis
1855 2059 1942 2112 illa

367 2156 642 2210 orationis
674 2153 898 2208 facultas
946 2168 1009 2208 ac
1049 2151 1236 2215 robur,
1281 2159 1469 2206 contra
1507 2164 1698 2204 omnes
1737 2149 1948 2219 legum-

378 2249 580 2302 latores
606 2245 712 2299 vim
744 2259 896 2300 suam
925 2243 1154 2298 efferens
1182 2261 1196 2297 :
1231 2256 1350 2297 cum
1389 2241 1454 2296 ad
1478 2256 1692 2310 pinnam
1717 2241 1945 2296 distrahi

381 2337 636 2391 videbunt
666 2349 781 2401 eos,
818 2335 1016 2404 quibus
1058 2332 1157 2402 ipsi
1191 2331 1330 2386 male
1362 2329 1633 2385 scortandi
1678 2330 1949 2385 licentiam

373 2427 739 2494 indulserunt.
783 2424 920 2478 Nam
958 2424 1178 2478 omnino
1209 2422 1298 2490 qui
1349 2436 1452 2477 non
1498 2431 1807 2485 vetuerunt,
1849 2422 1953 2476 sibi

369 2520 613 2590 primum
644 2518 817 2573 aliena
847 2525 1064 2587 peccata
1102 2515 1476 2581 adsciverunt;
1519 2523 1572 2568 et
1610 2514 1826 2582 gemino
1853 2515 1951 2568 ob-

373 2611 528 2665 noxii
561 2609 776 2664 crimini
823 2608 1184 2673 invenientur,
1215 2622 1339 2662 cum
1383 2606 1452 2660 ob
1495 2620 1558 2660 ea
1594 2619 1713 2675 qua:
1757 2620 1952 2674 perpe-

311 2736 316 2740 -
379 2709 595 2756 trarunt
625 2701 746 2771 ipsi,
782 2709 895 2755 tum
925 2699 1066 2770 quod
1095 2698 1214 2752 aliis
1239 2697 1538 2752 libidinosa:
1567 2711 1630 2751 ac
1667 2697 1950 2766 impudica:

375 2794 508 2849 vita:
536 2792 846 2848 facultatem
888 2790 1141 2848 fecerint.
1185 2789 1288 2858 Qui
1333 2789 1496 2857 igitur
1523 2803 1644 2843 cum
1691 2789 1952 2844 uxoribus

369 2900 547 2956 quam
574 2893 753 2954 potest
773 2883 1006 2937 maxime
1026 2881 1190 2937 castis
1206 2896 1270 2936 ac
1298 2880 1537 2936 honestis
1559 2880 1742 2936 vivere
1761 2882 1814 2936 in
1833 2882 1951 2935 ani-

2050 1898 2132 1933 σοι
2163 1879 2258 1932 κοιλ⁵
2285 1878 2607 1940 ἀπαίδευτος
2635 1878 2930 1947 ὀφθήσεται
2968 1879 2996 1930 6
3028 1878 3271 1941 Πλάτων,
3305 1877 3414 1930 τῶν
3444 1877 3634 1948 νόμων

2052 1969 2309 2038 σοφιστής
2332 1983 2347 1997 ⁶
2397 1966 2652 2032 ταπεινὸς
2682 1967 2737 2020 δὲ
2761 2007 2774 2030 ,
2811 1969 2839 2020 6
2889 1967 3059 2038 βαρὺς
3087 1967 3238 2031 τόνος
3283 1968 3488 2038 ἐκεῖνος
3530 1967 3637 2020 καὶ

2052 2060 2189 2114 κατά
2215 2060 2436 2113 πάντων
2461 2058 2767 2130 νομοθετῶν
2796 2059 3139 2130 ἀνῃρημένος
3161 2059 3223 2112 τὸ
3245 2059 3467 2130 κράτος,
3497 2059 3636 2112 ὅταν

2053 2151 2321 2222 βλέπωσιν
2363 2153 2492 2216 τοὺς
2525 2151 2882 2222 σωμεραστάς
2913 2150 3320 2222 διελκομένους,
3360 2143 3442 2214 οἷς
3475 2149 3639 2203 αὐτοὶ

2050 2244 2235 2306 κακῶς
2258 2243 2468 2314 ἐφῆκαν
2487 2243 2584 2313 τὴν
2605 2240 2870 2306 ἐξουσίαν.
2899 2242 3120 2305 Πάντως
3141 2241 3198 2294 δὲ
3219 2243 3269 2294 οἱ
3290 2242 3414 2304 τοὺς
3437 2241 3640 2306 ἄλλους

2054 2335 2129 2408 μὴ
2181 2335 2524 2398 κωλύσαντες
2582 2335 2660 2398 είς
2694 2335 2918 2397 ἑαυτοὺς
2963 2333 3177 2404 πρῶτον
3219 2333 3318 2405 τὴν
3353 2333 3639 2404 ἁμαρτίαν

2050 2425 2414 2496 ἐπέστρεψαν,
2472 2426 2567 2479 καὶ
2619 2424 2812 2494 διπλῆς
2859 2425 3243 2496 εὑρεθήσονται
3292 2424 3636 2494 κατηγορίας

2052 2517 2308 2582 ﬁnal-crat,
2339 2514 2407 2589 ἦς
2449 2534 2508 2569 τε
2536 2515 2780 2586 ἔπραξαν
2818 2515 3002 2578 αὐτοὶ,
3036 2515 3130 2568 καὶ⁸
3163 2511 3232 2587 ἧς
3263 2517 3391 2578 τοὺς
3437 2513 3639 2578 ἄλλους

2051 2609 2458 2664 ἀκολασταίνειν
2485 2609 2724 2678 ἀφῆκαν.
2761 2608 2824 2660 Ol
2877 2607 3057 2662 τοίνυν
3121 2606 3498 2677 βουλευόμενοι
3532 2612 3636 2658 κο-

2055 2703 2241 2774 σμίαις
2285 2701 2362 2765 ὼς
2404 2701 2482 2754 ἑνι
2533 2701 2769 2771 μάλιστα
2820 2703 3088 2770 γαμεταῖς
3123 2697 3312 2768 συζῆν,
3342 2698 3496 2750 αὐτοὶ
3544 2697 3635 2749 τὸν

2052 2793 2180 2846 ἴδιον
2203 2792 2400 2864 τρόπον
2428 2791 2745 2846 διδάσκαλον
2785 2790 2895 2844 τῶν
2935 2790 3198 2843 συνοίκων
3228 2789 3634 2859 ποιησάτωσαν,

2048 2883 2114 2937 ἵν’
2141 2883 2339 2954 ἔχωσιν
2375 2882 2585 2951 ἀγαθὸν
2610 2883 2703 2952 ἀφ’
2738 2882 2922 2945 ἑστίας
2948 2882 3041 2935 τὸν
3067 2881 3246 2952 ζῆλον.

386 2993 474 3034 ιιιο
498 2978 720 3043 habent,
755 2976 855 3044 ipsi
883 2990 1010 3030 suos
1035 2988 1211 3030 mores
1238 2973 1310 3027 ita
1345 2981 1697 3042 componant,
1758 2982 1818 3027 ut
1881 2975 2197 3047 conjugibus
2261 2977 2590 3032 institutioni
2647 2991 2713 3032 ac
2748 2975 3046 3044 disciplina:
3093 2975 3238 3042 sint;
3287 2971 3475 3041 hzeque
3535 2969 3642 3024 do-

387 3068 625 3127 mesticis
660 3067 724 3120 ad
749 3066 997 3120 virtutem
1031 3063 1294 3134 exemplis
1321 3061 1648 3118 excitentur.

1124 3176 1215 3231 Vl.

389 3275 582 3330 Asterii
621 3271 856 3325 Amasete
903 3268 1154 3340 episcopi,
1212 3267 1793 3340 sermouinipanielem
1837 3285 1960 3340 pro-

737 3341 944 3408 phetam
977 3347 1023 3392 et
1062 3337 1360 3392 Susanuam
1379 3338 1425 3369 ⁸⁸
1458 3339 1596 3409 (56).

459 3435 742 3503 Nunquam
804 3430 926 3485 doni
992 3428 1429 3499 superemuentia
1487 3431 1667 3494 dives,
1722 3429 1958 3500 Spiritus

389 3528 588 3596 gratia,
614 3538 732 3589 sua,
765 3520 1002 3589 quando,
1040 3534 1104 3573 ac
1144 3519 1340 3588 quibus
1368 3520 1518 3584 velit,
1552 3521 1810 3576 exhibere
1841 3537 1959 3576 ces-

385 3628 498 3672 sat.
545 3614 822 3681 Tanquam
877 3609 1020 3663 enim
1055 3609 1250 3667 fluvius
1295 3610 1445 3678 aquis
1487 3608 1676 3678 plenus
1720 3611 1960 3664 salienti-

394 3709 489 3761 bus
520 3707 572 3759 in
610 3706 766 3758 vitam
790 3702 856 3734 "°
882 3740 897 3766 ,
928 3713 1082 3754 secus
1109 3700 1329 3753 omnino
1351 3714 1413 3753 ac
1457 3701 1690 3753 visibilis
1736 3701 1850 3756 haec
1895 3717 1959 3756 ac

391 3809 595 3854 terram
640 3793 917 3863 irrigantia
948 3791 1186 3856 (lumina,
1229 3791 1551 3846 emissiones
1585 3793 1800 3858 virtutis
1828 3794 1958 3848 sub-

395 3887 731 3943 ministratas
795 3883 975 3937 habet.
1035 3879 1220 3948 Neque
1276 3879 1441 3945 enim,
1492 3880 1567 3933 uti
1629 3881 1963 3951 quandoque

463 3997 511 4028 ⁸⁸
539 3993 713 4050 Levit.
770 4007 930 4058 xxiv,
963 3989 1018 4044 ll
1047 4006 1064 4056 ;
1092 3989 1244 4043 Deut.
1297 4003 1408 4043 χχιι
1433 4028 1448 4053 ,
1479 3988 1570 4044 ‘22.
1645 3989 1692 4021 ⁸⁸
1733 3989 1896 4045 llebr.
1932 4009 2068 4060 xm,
2104 3996 2158 4050 4.

469 4131 581 4202 ('55)
612 4130 802 4199 Legum
832 4129 919 4202 ille
944 4127 1254 4202 architectth
1284 4125 1530 4202 Ριαιοηό
1567 4126 1817 4182 Πλάτων
1846 4128 1964 4183 τῶν

395 4197 596 4272 νόμων
636 4197 954 4272 σοφιστής.
992 4197 1152 4272 Natat
1205 4197 1426 4272 liueteus
1451 4197 1524 4272 ⁸ἰιι
1581 4209 1810 4272 utroque
1841 4216 1961 4272 ius.

400 4266 521 4340 legi,
553 4275 581 4325 6
613 4266 818 4332 πλατὺς
863 4270 970 4322 τῶν
1007 4268 1216 4340 νόμων·
1258 4266 1422 4340 unde,
1451 4267 1658 4340 inquit,
1708 4266 1964 4340 suspicari

396 4333 514 4412 quis
559 4343 719 4412 possit
765 4340 1054 4407 legendum,
1074 4333 1122 4412 ’ὁ⁴
1149 4337 1353 4412 πλατὺς
1377 4333 1962 4412 τὸν-ὦμον-σοφιστής,

2078 3278 2404 3346 Ἀστερίου,
2435 3275 2775 3329 ἐπισκόπου
2809 3273 3151 3346 Ἃμασεὶας,
3183 3273 3365 3346 λόγος
3402 3274 3491 3337 εις
3528 3269 3643 3325 τὸν

2074 3414 2087 3424 .
2146 3341 2466 3416 προφήτην
2493 3346 2747 3413 Δανιὴλ,
2786 3345 2884 3398 καὶ
2911 3347 3000 3409 εις
3041 3343 3156 3409 τὴν
3195 3341 3547 3397 Σωσάνναν.

2144 3439 2254 3492 ’Λεὶ
2279 3438 2370 3491 τοῦ
2396 3437 2706 3508 Πνεύματος
2740 3437 2774 3506 ἡ
2801 3434 2982 3506 χάρις,
3005 3434 3400 3506 ὑπερχεόμενον
3438 3433 3642 3504 ἔχουσα

2063 3529 2150 3583 τὸν
2183 3528 2534 3617 πλοῦτον-τῆς
2572 3527 2800 3598 δωρεᾶς,
2837 3526 2938 3578 οὐκ
2962 3525 3212 3595 ἀργεῖτά
3241 3524 3461 3595 ἑαυτῆς,
3495 3527 3640 3593 ὀπη-

2065 3610 2338 3680 νίκαζκαὶ
2371 3610 2452 3678 οἷς
2488 3615 2554 3668 ἂν
2598 3615 2753 3686 ἐθέλῃ
2790 3613 3211 3668 ἐπιδείκνυσθαι.
3253 3610 3355 3667 Οἷα
3391 3613 3500 3683 γὰρ
3538 3630 3641 3666 πο-

2064 3707 2234 3776 ταμὸς
2267 3705 2697 3776 πεπληρωμένος
2721 3706 2829 3758 τῶν
2876 3707 2956 3770 είς
2989 3706 3134 3777 ζωὴν
3167 3705 3475 3777 ἁλλομένων
3509 3705 3643 3758 ὑδά-

2063 3814 2193 3859 των,
2226 3795 2550 3858 ὰπεναντίας
2596 3798 2708 3858 τοῖς
2751 3796 3050 3866 ὁρωμένοις
3094 3795 3305 3859 τούτοις
3352 3795 3448 3848 καὶ
3495 3795 3642 3848 κατὰ

2067 3888 2190 3958 γῆν,
2217 3886 2315 3950 τὰς
2349 3887 2448 3956 τῆς
2491 3887 2769 3958 ἐνεργείας
2801 3887 3026 3957 ἀφέσεις
3060 3886 3171 3958 ἔχει
3204 3887 3640 3959 χορηγουμένας.

2269 3995 2316 4026 ⁸⁶
2340 3993 2474 4048 Dan.
2505 4011 2622 4060 xm,
2649 3996 2720 4050 45
2756 4011 2876 4065 sqq.
2951 3997 3022 4028 ⁸⁸*
3058 3994 3213 4050 Joan.
3255 4011 3327 4060 tv,
3375 3995 3462 4049 M.

2064 4132 2139 4184 sic
2164 4130 2482 4199 appellatum
2511 4141 2689 4200 putent
2711 4147 2730 4194 ;
2752 4131 2873 4192 sive.
2902 4128 3039 4200 quod
3059 4129 3420 4200 amplafuerit
3440 4128 3641 4199 fronte.

2066 4203 2196 4255 Item
2232 4198 2351 4254 eum
2400 4198 2533 4272 vox:
2555 4203 2813 4272 σοφιστής
2857 4198 2926 4254 sit
2964 4200 3090 4272 quid
3132 4198 3646 4272 confusius,delmit

2069 4272 2278 4339 adjecto
2303 4271 2699 4332 determinari;
2740 4268 2904 4338 atque
2950 4270 3086 4322 adeo
3129 4269 3473 4322 scribendum
3515 4268 3638 4332 fuit,

2065 4341 2174 4394 τῶν
2204 4340 2381 4410 νόμων
2418 4341 2698 4411 σοφιστής,
2747 4341 2917 4408 legum
2957 4339 3268 4411 architectus
3302 4354 3379 4411 _ac
3427 4339 3641 4411 subtilis

395 4407 490 4501 ille
523 4407 613 4501 qui
647 4411 783 4462 latos
815 4412 1056 4501 eumenes
1103 4407 1589 4501 Ii'abuitﬂsoiihista.
1646 4407 1956 4501 Lecti-one'm
1996 4446 2038 4501 Β
2068 4407 2336 4492 inventor;
2365 4407 2642 4491 nimirum"
2666 4407 2839 4489 legium
2893 4410 3244 4501 reproharum
3269 4407 3410 4489 circa
3449 4407 3646 4489 conju-

403 4476 686 4535 adn'iotlum
721 4480 907 4546 probo,
944 4491 1006 4529 ac
1036 4476 1396 4546 probatiorem
1454 4491 1516 4531 ea
1558 4492 1676 4545 qua:
1725 4486 1818 4546 est
1853 4478 1964 4532 edi-

406 4553 474 4602 tis
542 4549 836 4602 existimo:
892 4549 1426 4614 conjecmramrnon
1483 4547 1751 4614 approbo;
1810 4545 1964 4613 longe

402 4621 546 4673 eriim
579 4618 808 4685 amplius
829 4631 860 4670 e
882 4616 1041 4684 genio
1090 4629 1156 4668 ac
1195 4613 1356 4685 stylor
1378 4613 1599 4678 Asterii,
1652 4625 1712 4669 ut
1738 4615 1799 4668 τὸ
1832 4616 1965 4669 πλα-

398 4689 502 4751 τύς
553 4689 605 4742 in
662 4682 758 4741 Sua
789 4682 1066 4754 reliquerit
1102 4682 1469 4754 amplitudine,
1503 4687 1816 4754 dictumque
1844 4687 1965 4740 Pla-

406 4769 584 4811 tonem
635 4756 743 4810 ἀπὸ
795 4752 1283 4824 τῆςπλατύτητος
1325 4754 1568 4809 absolute
1628 4752 1961 4824 indicaverit,

403 4841 740 4896 qumcunque
786 4823 1005 4896 tundent
1063 4824 1151 4877 illa
1190 4825 1488 4896 esset,___vel
1541 4823 1852 4896 ἑρμηνείας,
1883 4826 1963 4879 vel

409 4893 684 4968 μετώπου,
717 4895 1103 4968 ι’γρινστὲρνων,
1135 4900 1294 4968 prout
1322 4893 1442 4968 aliis
1474 4908 1538 4949 ac
1569 4893 1702 4968 aliis
1727 4894 1962 4968 placuit;

406 4962 570 5035 quam
605 4976 662 5019 ut
689 4967 754 5016 ad
807 4962 1152 5035 lumierorum
1206 4962 1543 5035 latitudinem
1563 4962 1744 5031 jejune
1777 4964 1965 5035 admo-

405 5031 534 5089 dum
565 5050 629 5088 ac
665 5035 956 5105 παρέργως
989 5033 1345 5105 restrinxerit.
1372 5031 1520 5105 Quid
1556 5033 1792 5105 enimad
1818 5032 1962 5100 leges

405 5119 702 5173 earumque
738 5101 865 5168 vim,
903 5106 1247 5173 humerorum
1296 5101 1538 5166 latitudo,
1591 5113 1648 5156 ut
1708 5103 1794 5156 hic
1851 5105 1966 5169 ejus

407 5170 719 5229 meminisse
745 5173 1079 5242 oportuerit?
1111 5170 1329 5242 Multum
1359 5185 1487 5225 vero
1515 5174 1774 5227 orationis
1811 5174 1965 5226 uber-

403 5257 490 5299 tas
523 5259 587 5299 ac
635 5241 1061 5303 mira’latitudo;
1095 5255 1215 5308 qua:
1249 5241 1359 5307 ipsa
1389 5243 1710 5308 gravitatem
1742 5257 1963 5296 servare

402 5317 673 5378 videatur,
704 5315 845 5383 quod
876 5323 1164 5378 utrumque
1189 5318 1379 5364 auctor
1405 5311 1467 5383 in
1491 5326 1558 5383 eo
1575 5313 1869 5383 connectit,
1895 5326 1960 5365 ac

303 5423 312 5433 .
403 5401 467 5438 ex
511 5379 739 5453 utroque
769 5383 1060 5444 laudatum,
1096 5389 1323 5453 utroque
1373 5379 1655 5453 ridiculum
1699 5381 1835 5444 fore,
1867 5398 1964 5435 nec

405 5471 465 5508 se
514 5450 830 5525 quidquam,
863 5461 956 5525 aut
998 5465 1123 5525 suos
1155 5450 1229 5525 _in
1259 5451 1727 5525 extreingjudicio
1758 5453 1966 5525 adjutu-

406 5515 547 5589 ιυιιιζ
581 5515 678 5580 ait:
712 5522 957 5577 Laertius
1012 5523 1064 5574 in
1121 5518 1234 5591 ejus
1267 5515 1380 5591 Vita
1411 5536 1426 5576 :
1457 5515 1625 5591 Ἔνιοι
1659 5521 1715 5574 δὲ
1757 5515 1844 5575 διᾶ
1867 5521 1964 5591 τὴν

404 5586 720 5664 πλατύτητα
747 5592 879 5664 sas;
915 5588 1206 5660 ἑρμηνείας
1235 5586 1436 5664 ..οὕτως
1485 5590 1884 5664 emam-3
1922 5586 1960 5660 ’ἢ

403 5662 483 5716 ὅτι
515 5657 717 5724 πλατὺς
743 5657 892 5733 ἦντὸ
927 5657 1192 5731 μέτωπον,
1224 5657 1298 5720 ὥς
1332 5675 1493 5733 φησιν
1519 5657 1762 5730 Νεάνθης
1784 5657 1962 5733 [Sunt

404 5733 491 5801 qui
528 5735 588 5786 ob
626 5731 873 5787 orationis
933 5733 1210 5784 ubertatem
1273 5740 1315 5781 ει
1377 5731 1564 5784 miram
1610 5731 1960 5790 latitudinem,

2069 4481 2178 4547 gia,
2216 4493 2350 4548 quas
2378 4490 2570 4533 auctor
2607 4481 2818 4543 innuit;
2847 4479 3138 4548 multisque
3168 4479 3405 4548 graviter
3457 4479 3640 4548 exagi-

2071 4545 2146 4602 tat
2181 4545 2482 4617 Chrysost.,
2520 4549 2664 4602 hom.
2701 4550 2734 4601 4
2771 4549 2825 4600 in
2857 4549 2998 4605 Ασι..
3043 4545 3130 4602 ubi
3185 4545 3324 4600 Petri
3352 4560 3416 4598 ac
3457 4545 3642 4617 Plato-

2068 4620 2152 4673 nis
2185 4619 2237 4672 in
2267 4616 2452 4672 Ethice
2512 4620 2974 4686 comparationem
3012 4625 3166 4686 urget
3195 4633 3208 4668 :
3241 4629 3472 4686 qumque
3508 4616 3640 4669 illud

2069 4690 2134 4742 ad
2162 4703 2378 4741 manmn
2411 4689 2502 4750 sit,
2544 4684 2649 4740 non
2703 4688 2831 4741 libet
2878 4684 3206 4740 exscribere.
3249 4684 3420 4754 Leges
3479 4699 3641 4749 porro

2068 4772 2202 4828 quas
2237 4765 2386 4828 notat
2420 4758 2699 4828 habentur
2730 4758 2780 4810 in
2814 4757 3052 4820 Platone,
3083 4756 3118 4809 Ι.
3153 4753 3287 4828 v_De
3328 4753 3528 4821 republ.

2138 4826 2250 4896 (36)
2287 4826 2352 4880 Ut
2382 4827 2531 4894 plura
2581 4826 2734 4880 nobis
2782 4828 3026 4880 Asterius
3073 4825 3482 4896 engeliaractgre
3514 4824 3644 4876 reli-

2066 4893 2271 4966 quisset
2316 4893 2584 4963 exposita,
2629 4912 2737 4965 quo
2786 4897 2922 4949 hanc
2975 4895 3208 4948 Danielis
3257 4909 3322 4948 ac
3379 4893 3642 4966 Susanna:

2067 4963 2350 5020 historiam
2383 4971 2623 5033 exponit.
2648 4963 2795 5018 haud
2821 4966 3109 5018 adinndum
3167 4967 3514 5017 necessarias
3538 4963 3642 5016 ha-

2068 5037 2314 5089 beremus
2347 5036 2571 5088 aliorum
2624 5035 2938 5105 ἐκφράσεις,
2991 5051 3054 5088 ac
3087 5033 3482 5104 μεταφράσες,
3516 5049 3640 5086 cum

2069 5121 2206 5158 unus
2237 5105 2348 5174 ipse
2378 5106 2617 5157 omnium
2650 5107 2766 5159 loco
2823 5123 2886 5158 eo
2921 5108 2970 5158 in
3003 5119 3198 5171 genere
3249 5105 3378 5174 satis
3426 5105 3642 5158 Videre-

2073 5185 2177 5236 tur,
2214 5173 2290 5228 sic
2319 5176 2462 5228 clare
2511 5176 2695 5242 paucis
2746 5177 2926 5228 omnia
2964 5173 3235 5238 edisserit,
3271 5173 3640 5240 illustratque.

2067 5243 2252 5300 Alﬁnis
2283 5247 2394 5298 huic
2420 5251 2593 5298 oratio
2650 5246 2818 5299 relato
2853 5244 3206 5314 ὑπομνήματι
3236 5245 3301 5314 de
3429 5243 3638 5309 Eupheo

2068 5317 2175 5369 mia
2229 5316 2282 5368 in
2341 5331 2413 5368 vn
2461 5316 2685 5383 synodo,
2716 5317 2858 5383 quod
2910 5313 3080 5382 ipsum
3121 5329 3183 5367 ex
3236 5313 3401 5382 ltegio
3457 5314 3645 5363 codice

2065 5385 2404 5442 emendatius
2446 5401 2638 5438 novum
2679 5386 2982 5446 reddimus,
3053 5383 3322 5452 prioribus
3374 5383 3637 5440 \‘ersioui-

2067 5454 2186 5516 bus,
2223 5465 2384 5522 atque
2416 5455 2467 5508 in
2509 5456 2696 5523 primis
2724 5456 3100 5516 Anastasiana,
3136 5455 3275 5508 haud
3310 5453 3445 5505 satis
3472 5467 3639 5502 act-u-

2069 5528 2220 5579 ratis.
2253 5526 2342 5578 Sic
2371 5536 2507 5580 tersa
2541 5527 2720 5578 Ulllllla
2749 5526 2846 5578 hoc
2874 5523 3151 5585 Encomio,
3189 5533 3245 5574 ut
3298 5533 3516 5591 praéstct
3557 5533 3642 5570 at—

2069 5597 2267 5664 tentius
2312 5595 2486 5664 legere
2520 5610 2583 5650 ac
2623 5594 2896 5657 delectari,
2934 5608 3093 5662 quam
3133 5602 3285 5646 notas
3334 5605 3638 5647 recensere.

2067 5661 2288 5722 Parcani
2325 5661 2450 5735 ergo
2473 5667 2671 5734 operis,
2699 5679 2794 5720 uec
2816 5661 2964 5734 plura
2997 5664 3282 5717 annotabo.
