3824 6270
202 361 281 415 ΞΜ

1089 353 1376 411 HOMILIA
1416 353 1500 410 Vl.
1531 352 1599 409 IN
1631 349 1980 408 DANIELEM
2022 352 2109 408 ΕΤ
2138 350 2538 410 SUSANNAM.

3308 348 3431 405 ’ὶίῖ

205 478 265 532 03
290 474 388 544 γὰρ
414 471 687 527 ἐπιλείπει
718 472 778 524 τὸ
809 471 1021 544 ῥεῖθρον
1045 471 1206 543 αὐτῇ,
1234 471 1486 544 καθάπερ
1518 470 1745 534 ἐκείνοις
1773 520 1774 523 η

1866 470 1972 535 lla,
2001 484 2122 526 eam
2147 467 2415 540 proﬂuens
2448 481 2588 538 aqua
2608 465 2811 533 deﬁcit,
2840 481 3014 536 neque
3048 466 3262 522 illorum
3301 482 3439 522 mo-

204 561 377 616 ἐνιότε·
413 559 521 612 οὐδ’
549 559 843 623 ἀναϐάσεις
874 558 968 613 καὶ
1000 558 1315 624 ύποϐἀσεις,
1349 560 1539 632 ὥσπερ
1569 559 1745 625 αὐτοὶ,

204 651 511 719 ἐπιδέχεταιο
545 648 667 703 οὐδὲ
700 649 762 703 τὸ
786 649 963 703 καὶτὸ
991 650 1177 723 μέρος,
1204 651 1347 706 κατά
1373 651 1615 716 τούτους,
1646 669 1745 706 πε-

205 741 526 814 ριλαμϐάνει·
557 740 694 794 ἀλλά
733 741 828 795 καὶ
852 740 1043 814 πλήθει
1069 743 1176 808 ἀεὶ,
1224 743 1321 796 καὶ
1357 744 1522 797 πᾶσιν
1552 744 1744 815 ἀρκεῖ⁸

205 832 281 886 καὶ
307 834 381 896 είς
405 831 530 895 τοὺς
565 832 827 904 μετόχους
864 834 1209 906 ὑπορρέουσα
1240 834 1331 888 τοῦ
1360 834 1746 908 πληρώματος,

202 922 331 976 οὐδὲν
369 917 531 993 ἦττον
582 922 734 994 μένει
782 923 1186 997 πεπληρωμένη
1206 964 1222 987 ,
1282 926 1420 980 ἀλλά
1464 927 1561 981 καὶ
1605 926 1749 981 οὕτω

203 1015 282 1085 τὴν
316 1015 468 1086 χάριν
515 1015 712 1085 ἔχουσα
757 1016 990 1088 δαψιλῆ,
1033 1018 1154 1073 οὐδὲ
1196 1018 1332 1089 πρὸς
1381 1019 1598 1092 ἡλικίας
1641 1017 1749 1074 οἶδε

203 1104 499 1159 διαδίδοσθαι
529 1106 624 1160 καὶ
648 1106 986 1179 μερίζεσθαι.
1018 1108 1092 1162 Ού
1124 1107 1232 1179 γὰρ
1273 1108 1425 1182 ὄγκῳ
1481 1111 1749 1182 σωμάτων

203 1197 260 1249 τὰ
284 1198 562 1268 ἀμέτρητα
589 1192 696 1252 οἶδε
734 1199 1082 1271 μετρεῖσθαι,
1128 1201 1264 1255 ἀλλά
1295 1200 1473 1273 ψυχῆς
1500 1201 1750 1273 εὐγενείᾳ

204 1287 283 1340 καὶ
309 1286 635 1360 καθαρότητι
682 1289 1036 1361 συνέρχεσθαι
1074 1293 1168 1347 καὶ
1208 1294 1611 1363 ἐπιφαίνεσθαι.
1641 1298 1751 1350 Καὶ

202 1379 276 1430 διὰ
296 1378 446 1431 τοῦτο
482 1376 577 1431 νῦν
614 1380 712 1448 μὲν
754 1382 1221 1454 συμπεριφέρεται
1262 1385 1750 1459 ἀρτιγαλακτοτρο·

205 1468 431 1539 φουμένῳ
483 1468 564 1539 τῷ
596 1469 886 1541 Σαμουὴλ,
934 1471 1028 1525 νῦν
1075 1473 1134 1526 δὲ
1177 1474 1269 1527 τὸν
1313 1475 1478 1529 Δαϐὶδ
1525 1478 1590 1529 ὲκ
1635 1476 1743 1530 τῶν

206 1559 443 1629 ποιμνίων
473 1559 654 1613 αὐτῶν
685 1559 973 1633 προϐάτων
1018 1563 1416 1634 ἀναλαμϐάνεισ
1458 1566 1567 1620 τῶν
1599 1566 1752 1621 ἀδελ-

204 1648 321 1717 φῶν,
346 1642 424 1712 οἷς
448 1648 625 1703 ἐδόκει
657 1649 1044 1722 παρεωρᾶσθαι
1071 1651 1160 1706 διὰ
1190 1653 1250 1707 τὸ
1281 1653 1469 1719 ἀτελὲς
1505 1655 1606 1727 τῆς
1631 1656 1751 1728 ⁴ἡλι-

203 1739 327 1803 κίας,
359 1740 706 1810 ἐκκρίνουσα.
749 1741 941 1796 Ἀλλον
983 1742 1044 1807 ἐξ
1089 1743 1357 1817 ἀροτῆρος
1382 1745 1460 1818 τῷ
1489 1748 1751 1819 χρίσματι

1852 575 1931 627 re,
1965 560 2295 615 incrementa
2326 557 2409 612 vel
2439 560 2780 614 decrementa
2822 556 3092 623 admittit;
3124 570 3291 612 uecve
3322 570 3429 626 pro

1847 664 2037 706 eorum
2092 648 2325 714 ratione,
2378 647 2520 703 hanc
2561 662 2626 703 ac
2680 645 2826 701 illam
2873 655 3083 716 partem
3132 645 3419 702 allambit:

1849 742 1980 812 quin
2035 741 2200 795 etiam
2234 738 2475 795 abundat
2518 750 2757 807 semper,
2816 752 2881 793 ae
2927 735 3183 793 omnibus
3219 736 3421 792 θοαὶρίι

1852 833 2010 902 inque
2055 845 2150 887 eos
2182 830 2409 885 ellluens
2438 829 2529 897 qui
2554 827 2904 897 plenitudinis
2938 837 3064 884 sunt
3106 827 3422 898 participes,

1850 921 2201 977 nihilominus
2246 918 2400 989 plena
2444 917 2726 985 consistit;
2755 917 2849 974 sed
2884 926 2942 974 et
2970 918 3044 972 ita
3069 918 3289 973 uberem
3327 919 3426 972 ha-

1850 1012 1985 1068 bens
2006 1011 2260 1083 gratiam,
2289 1025 2384 1079 pro
2440 1010 2603 1064 etiam
2628 1018 2849 1064 aetatum
2885 1008 3043 1063 modo
3070 1007 3321 1064 disu'ibui
3356 1021 3422 1062 ac

1851 1103 2018 1159 dividi
2045 1102 2235 1158 nescit.
2274 1099 2460 1170 Neque
2524 1098 2666 1154 enim
2706 1113 2826 1169 qua:
2854 1107 2984 1154 sunt
3007 1098 3291 1166 immensa,
3326 1111 3426 1167 pro

1851 1208 2137 1264 corporum
2192 1192 2347 1248 molis
2397 1191 2605 1246 ratione
2662 1188 2961 1246 mensurari
3017 1198 3266 1260 possunt,
3330 1188 3428 1244 sed

1851 1285 2019 1339 animi
2076 1283 2426 1353 ingenuitatis
2457 1295 2520 1336 ac
2568 1280 2822 1350 puritatis
2852 1279 3021 1348 socia,
3075 1279 3279 1349 pariter
3311 1279 3428 1335 elu-

1852 1381 1977 1429 cent
2014 1388 2079 1428 ac
2124 1372 2448 1444 produntur.
2505 1368 2787 1439 Quocirca,
2839 1383 2980 1445 nunc
3031 1368 3255 1438 quidem
3301 1382 3424 1423 cum

1852 1461 2102 1519 Samuele
2137 1476 2305 1531 nuper
2333 1460 2567 1515 lactente
2592 1468 2838 1515 versatur
2857 1458 2903 1490 ⁸⁸
2929 1474 2945 1525 ;
2991 1473 3136 1514 nunc
3159 1472 3287 1515 vero
3325 1456 3429 1512 Da-

1853 1554 2028 1608 ridem
2075 1553 2143 1609 ab
2171 1552 2304 1622 ipsis
2336 1551 2563 1605 assumit
2602 1550 2860 1619 gregibus
2886 1549 3103 1615 ovium;
3136 1562 3203 1603 ac
3235 1548 3428 1605 fratri»-

1856 1639 1960 1700 bus'
2002 1641 2258 1712 praefert,
2309 1642 2507 1709 quibus
2564 1640 2651 1695 ille
2699 1654 2800 1695 ceu
2858 1639 3216 1695 immaturiori
3263 1646 3427 1695 astate

1853 1744 2193 1804 contemptus
2224 1734 2522 1790 ridebatur.
2552 1734 2730 1787 Alium
2778 1732 2849 1785 ab
2876 1742 3057 1787 aratro
3101 1745 3384 1789 assumens
3408 1771 3425 1796 ,

201 1828 391 1895 τελειοῖ,
416 1832 514 1885 καὶ
547 1832 664 1903 μετ’
690 1833 952 1898 ἐκείνους,
981 1835 1072 1889 τὸν
1105 1812 1199 1891 νύν
1231 1812 1584 1909 κείμενονἐ’ίς
1621 1812 1755 1895 ύπό-
1786 1812 1831 1870 Β
1860 1827 2111 1880 “Cilone
2158 1826 2336 1881 ίηίιίθι
2387 1825 2474 1893 ⁹⁰ἲ
2537 1834 2765 1894 Ροδίίίηθ
2842 1824 2987 1887 ίηοδο
3074 1824 3231 1881 “bis
3287 1836 3433 1879 “""c

202 1923 350 1986 θεσιν,
384 1926 654 1998 μακάριον
699 1914 900 1997 καὶτῷ
921 1928 1035 1981 δντι
1087 1929 1248 1997 σοφὸν
1282 1930 1507 2003 Δανιὴλ,
1547 1932 1754 1986 ἁπαλὸν

202 2015 268 2068 ἔτι
293 2016 382 2068 καὶ
407 2017 607 2088 κομιδῇ
643 2017 782 2083 νέον,
819 2019 952 2093 ὁμοῦ
1001 2020 1093 2073 καὶ
1124 2020 1512 2093 πρεσϐυτέρων
1543 2024 1752 2096 κριτὴν,

202 2106 281 2159 καὶ
323 2107 610 2179 προφήτην
656 2107 1020 2179 καθίστησιν·
1057 2109 1116 2174 ὃς
1156 2112 1206 2163 εί
1245 2113 1340 2165 καὶ
1387 2114 1487 2183 τῆς
1532 2113 1757 2186 βαρείας

201 2195 393 2267 ἐκείνης
419 2196 584 2268 ἔργον
604 2197 844 2266 ἐγεγόνει
863 2199 1261 2270 αἰχμαλωσίας,
1287 2202 1331 2233 ⁸⁷
1348 2204 1442 2256 καὶ
1474 2205 1571 2277 τῆς
1600 2208 1754 2276 ἐνεγο

199 2287 379 2360 κούσης
408 2286 525 2359 εἶχε
563 2288 661 2360 τὴν
700 2288 992 2345 Βαϐυλῶνα
1015 2332 1032 2354 ,
1092 2290 1186 2347 καὶ
1235 2294 1294 2347 ἐν
1334 2294 1540 2362 ἀδόξοις
1578 2298 1755 2353 ἐδόκει

198 2377 272 2432 διὰ
292 2380 387 2450 τῆς
422 2378 577 2451 ὥρας
603 2380 666 2434 τὸ
695 2381 909 2448 ἀτελὲς,
945 2382 1038 2436 καὶ
1082 2383 1532 2457 ἀπαρρησίαστος
1558 2388 1648 2444 διὰ
1693 2390 1755 2447 τὸ

200 2469 575 2539 ὲναπειλῆφθαι
626 2470 899 2536 τοσούτοις
949 2474 1178 2537 κακοῖςο
1214 2474 1340 2527 ἀλλ’
1384 2476 1449 2529 ἐκ
1503 2477 1598 2531 τοῦ
1658 2479 1757 2551 τὴν

200 2553 375 2624 ἀρετὴν
424 2552 806 2624 ἐπιφέρεσθαι,
859 2556 953 2611 καὶ
1005 2555 1292 2629 φιλοσοφίᾳ
1347 2558 1758 2633 στοιχειωθῆναι

198 2643 280 2713 τὴν
308 2642 534 2715 πρώτην
580 2642 829 2715 αὔξησιν,
875 2647 970 2701 καὶ
1019 2649 1285 2721 καρτερὸς
1314 2647 1457 2705 εἶναι
1488 2652 1586 2723 τὴν
1619 2653 1760 2723 γνὼ-

202 2752 291 2806 μην
326 2737 416 2790 καὶ
457 2732 763 2809 ἐμϐριθὴς,
791 2734 850 2792 ἐν
886 2738 1037 2810 αύτῷ
1071 2738 1149 2810 τῷ
1177 2740 1329 2795 ἄνθει
1360 2740 1481 2814 τῆς
1505 2744 1754 2816 ἡλικίας,

199 2827 289 2883 τῶν
338 2828 587 2900 γηραιῶν
637 2828 859 2885 ἐκείνων
918 2831 1014 2884 καὶ¹
1070 2831 1483 2905 καθεστηκότων
1538 2835 1759 2909 ἐλεγχος

198 2917 450 2973 ἐδείκνυτο
498 2917 595 2972 καὶ
636 2920 847 2993 κριτής.
894 2919 1054 2974 Ἀλλά
1091 2920 1309 2993 μικρὸν,
1337 2924 1386 2977 εί
1415 2922 1585 2991 δοκεῖ,
1620 2925 1759 2997 πρὸς

199 3011 353 3085 ἀρχὴν
393 3012 766 3082 ἀναγαγόντες
804 3011 899 3065 τὸν
927 3011 1105 3082 λόγον,
1140 3013 1337 3085 ἴδωμεν
1377 3014 1525 3079 ὅπως
1554 3013 1759 3087 ὑψηλὸν

199 3103 278 3155 καὶ
314 3104 609 3176 μακάριον,
642 3103 702 3156 τὸ
731 3102 883 3173 φίλον
912 3102 1177 3176 ὑπάρχειν
1206 3102 1344 3175 Θεῷ.

256 3193 361 3263 Τῆς
402 3194 618 3258 πόλεως
664 3193 765 3265 τῆς
808 3190 1165 3270 Ἰερουσαλὴμ
1216 3194 1501 3267 κατάκραν
1548 3193 1627 3266 τῷ
1659 3213 1758 3249 που

201 3283 328 3355 λέμῳ
367 3284 523 3357 παρὰ
550 3285 658 3338 τῶν
711 3285 1011 3358 Ἀσσυρίων
1042 3284 1363 3358 ληφθείσης,
1396 3288 1450 3340 οἵ
1475 3304 1536 3340 τε
1564 3286 1613 3319 ⁸⁸
1641 3287 1759 3340 λαοὶ⁸

202 3372 291 3425 τῶν
325 3373 600 3447 Ἐϐραίων
629 3373 722 3428 ἐπὶ
752 3372 1046 3429 Βαϐυλῶνα
1072 3374 1391 3449 διήχθησαν.
1417 3371 1545 3447 Εἶχε
1586 3375 1643 3430 δὲ
1668 3374 1760 3430 καὶ

201 3465 277 3516 si»;
302 3467 572 3538 μακάριον
614 3466 811 3539 Δανιὴλ
838 3465 945 3521 τῶν
976 3465 1330 3540 δορυαλὼτων
1375 3466 1677 3540 μειρακίων
1699 3466 1760 3521 τὸ

202 3556 413 3626 πλῆθος,
457 3559 558 3612 καὶ
590 3557 806 3630 διήγετο
841 3556 932 3613 ἐπὶ
965 3558 1066 3632 τῆς
1111 3560 1377 3632 πολεμίας
1421 3556 1552 3623 παῖς
1600 3559 1763 3613 εὐκα-

202 3648 542 3719 ταφρόνητος,
586 3649 974 3722 κεκακωμένου
1002 3653 1176 3725 δήμου
1209 3652 1405 3724 μικρὸν
1437 3654 1532 3707 καὶ
1574 3651 1763 3706 πολλο-

204 3740 310 3791 στὸν
340 3741 616 3810 ἐφόλκιον,
664 3739 788 3795 οὔτε
831 3744 985 3815 παρά
1017 3748 1129 3808 τοῖς
1172 3744 1465 3815 ὁμοφύλοις
1507 3745 1763 3819 ἀφορμὴν

205 3828 322 3899 ἔχων
366 3831 462 3884 τοῦ
509 3830 834 3901 φαίνεσθαι,
874 3830 995 3887 οὔτε
1028 3834 1179 3907 παρὰ
1218 3834 1332 3899 τοῖς
1373 3836 1588 3911 ἐχθροῖς
1626 3837 1766 3903 ἀξιό-

204 3918 338 3989 λογον
390 3922 488 3977 τοῦ
542 3923 779 3994 πολέμου
818 3925 1171 3997 νομιζόμενος
1226 3927 1455 4001 κέρδος’
1506 3929 1721 4002 ἀφανὴς
1747 3969 1765 3997 ν

207 4010 387 4079 ἄδοξος,
422 4013 519 4067 διὰ
550 4013 649 4085 τὴν
683 4016 914 4087 ’ἡλικίαν
934 4057 951 4084 ,
984 4017 1072 4073 διὰ
1103 4018 1202 4091 τὴν
1235 4020 1527 4093 συμφοράν
1553 4038 1567 4051 ο
1619 4022 1766 4094 μόνῳ

206 4103 270 4174 τῷ
302 4105 479 4170 καλῶς
524 4104 771 4187 βλέποντι
812 4108 1212 4181 καθορώμενος.

263 4196 383 4261 Θεὸς
405 4197 521 4271 γὰρ
544 4196 704 4270 μόνος
729 4197 923 4253 ἔϐλεπε
945 4200 1041 4273 τὴν
1075 4201 1323 4274 καθαρὰν
1354 4202 1450 4257 τοῦ
1478 4204 1765 4261 νεανίσκου

208 4286 382 4360 ψυχὴν,
402 4290 598 4362 ὥσπερ
629 4290 749 4345 τινὰ
782 4293 1127 4366 μαργαρίτην
1153 4296 1210 4348 ἐν
1230 4294 1539 4360 θαλαττίοις
1570 4297 1769 4369 ὀστρά-

210 4397 306 4446 κοις
331 4382 692 4453 ἐνδεδεμένον,
727 4382 760 4455 ἢ
794 4384 995 4455 χρυσὸν
1053 4386 1110 4438 ἐν
1152 4387 1264 4449 τοῖς
1312 4386 1533 4452 κόλποις
1577 4389 1768 4443 ἐνόντα

1855 1916 1909 1971 in
1942 1917 2246 1985 argumenti
2274 1925 2478 1988 partem
2522 1917 2881 1986 propositum,
2918 1916 3137 1971 beatum
3170 1928 3235 1969 ac
3270 1914 3431 1984 plane

1856 2008 2152 2076 sapientem
2192 2006 2489 2071 Danielem,
2522 2017 2764 2062 tenerum
2810 2007 3006 2069 adhuc,
3064 2020 3128 2060 ac
3156 2004 3309 2065 valde
3335 2004 3430 2074 ju-

1856 2113 2068 2161 venem,
2118 2098 2394 2153 seniorum
2438 2097 2698 2167 judicem,
2752 2114 2817 2153 ac
2875 2096 3191 2168 prophetam
3256 2104 3426 2151 creat.

1857 2189 2175 2259 Quanquam
2206 2189 2350 2244 enim
2397 2187 2487 2243 ille
2533 2203 2621 2244 res
2657 2198 2778 2243 erat
2828 2190 3007 2259 gravis
3037 2188 3179 2242 illius
3211 2188 3445 2257 captivi»

1860 2280 2005 2345 tatis,
2037 2294 2100 2335 ac
2143 2280 2332 2350 patria:
2364 2280 2485 2336 loco
2536 2279 2859 2350 Babylonem
2910 2279 3166 2344 habebat,
3207 2277 3430 2333 videba-

1858 2380 2052 2441 turque
2081 2370 2152 2426 ab
2196 2372 2483 2428 inuuatura
2528 2381 2686 2426 aetate
2720 2370 3047 2442 despectior,
3091 2373 3327 2447 atquep
3358 2380 3445 2423 tot

1858 2463 2015 2518 melis
2051 2462 2243 2518 ﬁducia
2279 2478 2517 2521 carens:
2545 2466 2690 2535 quod
2738 2471 2917 2517 tamen
2942 2463 3146 2519 virtute
3178 2462 3436 2533 prcditus

1859 2568 2026 2625 esset,
2086 2557 2386 2629 fuissetque
2438 2560 2611 2629 prima
2648 2558 2830 2613 statim
2884 2554 3226 2611 adolescente
3274 2560 3436 2607 actate

1858 2650 2196 2722 philosophia
2247 2651 2511 2715 eruditus,
2558 2666 2622 2706 ac
2670 2650 2851 2704 animo
2885 2646 3011 2703 forti
3063 2660 3128 2702 ac
3168 2636 3447 2699 constanti-

1858 2741 2102 2814 polleret,
2131 2742 2185 2798 in
2221 2742 2338 2812 ipso
2365 2741 2544 2796 aetatis
2565 2738 2718 2805 (lore,
2749 2753 2938 2794 senum
2979 2734 3190 2791 illorum
3223 2748 3289 2789 ac
3314 2748 3437 2802 per-

1861 2834 2146 2899 fecturum,
2204 2833 2512 2902 redargutio
2559 2846 2621 2886 ac
2667 2830 2828 2901 judex
2888 2826 3110 2884 enectus
3162 2834 3268 2880 est.
3316 2823 3436 2880 Ca2-

1863 2934 2037 2981 lerum
2069 2924 2347 2980 modicum
2371 2922 2522 2992 quid,
2560 2920 2605 2977 si
2647 2919 2814 2982 lubet,
2857 2928 3165 2972 sermonem
3193 2914 3260 2968 ad
3291 2913 3440 2981 priu-

1859 3015 2060 3086 cipium
2099 3015 2437 3078 reducentes,
2470 3013 2746 3067 videamus
2776 3017 2834 3065 ut
2881 3008 2989 3063 Deo
3019 3006 3253 3062 amicum
3291 3017 3438 3069 esse,

1859 3106 2140 3162 sublimem
2168 3120 2230 3160 ac
2250 3105 2467 3159 beatum
2498 3108 2732 3172 prastat.

1930 3193 2101 3265 Capta
2144 3194 2358 3265 penitus
2382 3208 2447 3248 ac
2483 3190 2624 3246 bello
2646 3197 2956 3259 expugnata
2985 3186 3053 3242 ab
3085 3182 3326 3255 Assyriis
3353 3181 3439 3236 ci-

1858 3289 2025 3342 vitate
2062 3285 2381 3351 Jerusalem,
2420 3282 2774 3339 Hebraeorum
2808 3296 2904 3350 per
2929 3278 2983 3335 id
3022 3288 3234 3347 tempus
3260 3274 3438 3345 populi

1860 3375 2187 3449 Babylonem
2236 3374 2480 3430 translati
2539 3382 2684 3429 sunt.
2734 3371 2902 3427 Porro
2928 3408 2945 3434 ,
2990 3369 3133 3426 inter
3177 3367 3438 3436 iuvenum

1863 3467 2195 3536 captivorum
2258 3472 2484 3525 turmas.
2544 3465 2733 3523 beatus
2794 3471 3014 3530 quoque
3066 3455 3251 3539 Daniel
3301 3469 3441 3510 unus

1865 3558 1986 3625 fuit,
2037 3558 2335 3629 agebatque
2389 3557 2444 3612 in
2504 3565 2649 3612 terra
2706 3554 2939 3610 hostium
2992 3547 3439 3620 contemptibilis

1864 3665 2018 3723 puer,
2054 3648 2241 3705 amicti
2280 3647 2462 3720 populi
2510 3644 2701 3717 exigua
2740 3643 2985 3715 quaadam
3020 3655 3087 3697 ac
3132 3639 3437 3696 multesima
3487 3696 3495 3703 ,

1866 3740 2157 3812 appendix,
2191 3739 2284 3810 qui
2316 3753 2492 3809 neque
2529 3738 2760 3794 haberet
2787 3750 2897 3805 quo
2926 3732 3069 3804 apud
3105 3732 3188 3787 sui
3228 3731 3441 3800 generis

1866 3833 2113 3889 homines
2175 3831 2354 3886 clarus
2405 3837 2572 3893 esset,
2634 3841 2734 3883 nec
2787 3826 2928 3896 apud
2981 3826 3167 3881 hostes
3235 3822 3439 3891 justum

1868 3922 1992 3978 belli
2039 3921 2268 3992 spolium
2306 3920 2609 3984 videretur;
2645 3919 2944 3982 obscurus,
2975 3912 3234 3984 inglorius
3307 3923 3443 3967 teta—

1871 4018 1940 4074 tis
1964 4031 2026 4073 ac
2054 4014 2377 4072 calamitatis
2409 4011 2756 4083 praeiudicio;
2789 4024 2949 4079 quem
2979 4009 3127 4065 solus
3164 4008 3326 4079 probe
3362 4007 3443 4059 ri-

1868 4109 2003 4163 dens
2035 4106 2224 4162 oculus
2248 4104 2336 4159 ille
2370 4103 2729 4172 perspiceret.

1940 4200 2101 4256 Solus
2143 4198 2342 4269 quippe
2380 4196 2518 4253 Deus
2557 4208 2748 4265 purum
2798 4189 3155 4247 adolescentis
3189 4188 3447 4245 cernebat

1869 4292 2128 4355 animum,
2161 4285 2438 4358 margariti
2465 4286 2632 4340 instar
2653 4283 2875 4338 marinis
2900 4281 3096 4338 ostreis
3120 4280 3451 4348 implerunt,

1871 4393 1966 4438 aut
1992 4383 2130 4438 sicut
2164 4394 2355 4435 aurum
2385 4378 2439 4433 in
2472 4386 2626 4432 terra:
2666 4376 2785 4430 sinu
2827 4374 3158 4443 repositum;
3205 4381 3262 4424 ut
3288 4369 3447 4427 ιιεηὶ-

210 4472 292 4543 si};
312 4476 410 4545 γῆς
430 4492 444 4505 ·
481 4476 559 4539 ὡς
597 4475 814 4547 νύμφην
839 4477 1112 4548 εὐπρεπῆ,
1161 4479 1272 4542 τοῖς
1302 4478 1768 4550 παραπετάσμασι

1874 4492 1980 4547 que
2018 4483 2262 4530 ornatam
2313 4484 2565 4539 sponsam
2599 4466 2900 4523 arcanioris
2936 4465 3158 4520 thalami
3209 4462 3447 4518 abditam

211 4566 293 4636 τῆς
315 4566 585 4632 παστάδος
606 4566 1044 4639 καλυπτομένην.
1073 4569 1291 4641 Ἐπειδὴ
1318 4568 1375 4622 δὲ
1395 4565 1559 4640 ἦλθεν
1582 4569 1610 4621 6
1638 4570 1774 4624 καθ-

214 4660 340 4727 ήκων
377 4659 597 4730 καιρὸς,
644 4658 738 4712 καὶ
780 4658 888 4712 ἔδει
944 4658 1035 4713 τὸν
1084 4660 1459 4732 κρυπτόμενον
1516 4662 1772 4733 φανῆναι,

213 4749 465 4829 γνώριμον
493 4750 745 4820 γενέσθαι
777 4749 869 4803 τὸν
901 4750 1107 4821 ἀφανῆ,
1142 4751 1502 4822 περίϐλεπτον
1538 4752 1630 4805 τὸν
1673 4769 1775 4806 κα-

213 4843 646 4913 ταφρονούμενον,
674 4841 886 4912 λάμψαι
919 4842 1009 4897 τὸν
1046 4840 1121 4912 τῷ
1151 4842 1327 4913 σκότῳ
1350 4844 1449 4914 τῆς
1492 4845 1776 4914 συμφορᾶς

216 4935 599 5013 κεκρυμμένον,
632 4933 785 5005 ὀλίγη
825 4933 918 4988 τοῦ
946 4935 1261 5007 Πνεύματος
1290 4934 1653 5004 ἐπιφοίτησις,
1681 4938 1776 4989 καὶ

215 5027 412 5080 πάντων
446 5029 479 5081 6
510 5026 765 5089 ταπεινὸς
793 5025 1122 5097 ὑψηλότερος
1146 5042 1159 5055 ·
1191 5026 1370 5095 σοφὸς,
1401 5025 1429 5077 6
1460 5026 1535 5096 μὴ
1555 5025 1775 5097 διαίρων

216 5118 268 5171 τὸ
291 5119 490 5191 στόμα·
518 5119 739 5191 ἐλεγχος
790 5116 1213 5191 κρυπτομένων.’
1252 5116 1446 5189 κριτὴς
1482 5118 1775 5185 δικαστῶν,

215 5210 239 5261 6
264 5212 578 5275 ἀπαίδευτος
596 5227 609 5240 ·
651 5210 745 5264 ἐπὶ
782 5209 971 5282 θρόνου
1001 5208 1311 5281 καθήμενος
1334 5208 1569 5282 ὑψηλοῦ,
1613 5211 1642 5263 6
1671 5227 1775 5281 μηο

217 5298 342 5355 δέπω
370 5303 503 5375 μηδὲ
526 5302 802 5374 ὑπηρέτης
827 5300 1189 5373 δικαστηρίων
1214 5300 1530 5373 γενόμενος·
1556 5318 1770 5374 σωφροο

220 5393 363 5466 σύν-ην
390 5396 899 5468 συκοφαντουμένην
925 5395 1156 5449 ἐκδικῶν
1189 5396 1218 5448 6
1248 5394 1387 5461 νέος,
1435 5395 1605 5467 δῆμον
1635 5396 1772 5450 πλα-

221 5484 440 5556 νιὶιμενον
472 5488 834 5562 ἐπιστρέφων,
857 5487 1037 5558 ψῆφον
1065 5485 1271 5550 πόλεως
1295 5486 1423 5558 ὅλης
1449 5487 1634 5551 κακῶς
1659 5489 1775 5541 ἐνε-

222 5577 418 5645 χθεῖσαν
467 5580 921 5652 ἀνακαλούμενος.
972 5578 1266 5633 Ἠκούσατε
1299 5578 1408 5652 γὰρ
1445 5578 1646 5650 ἀρτίως
1676 5579 1770 5635 τοῦ

1878 4566 2012 4622 velo.
2044 4563 2144 4620 Ubi
2171 4572 2351 4618 autem
2386 4569 2748 4631 opportunum
2774 4556 3003 4626 appetiit
3026 4565 3264 4624 tempus,
3279 4569 3444 4624 opor-

1876 4661 2080 4727 tnitque
2109 4666 2167 4710 ut
2212 4654 2303 4726 qui
2351 4652 2700 4708 delitescebat
2748 4651 2802 4704 in
2857 4648 3034 4719 palam
3079 4646 3443 4718 proferretur,

1874 4762 1933 4805 ut
1976 4751 2241 4805 obscurus
2293 4746 2383 4801 ille
2431 4754 2588 4801 notus
2646 4744 2933 4807 evaderet,
2995 4751 3055 4794 ut
3104 4747 3452 4806 contemptus

1873 4840 2194 4909 conspicuus
2251 4836 2435 4902 ﬁeret,
2489 4845 2549 4890 ut
2594 4834 2824 4904 denique
2872 4832 2962 4902 qui
3010 4832 3067 4885 in
3123 4828 3450 4884 calamitatis

1876 4932 2114 4988 tenebris
2166 4929 2513 4985 absconditus
2556 4927 2732 4981 fuerat
2789 4924 3095 4979 claritatem
3139 4920 3455 4990 acciperet;

1874 5025 2083 5080 modico
2121 5021 2286 5078 divini
2324 5020 2557 5091 Spiritus
2583 5017 2763 5073 amato
2786 5025 2947 5085 atque
2971 5015 3185 5082 illapsu,
3214 5011 3438 5066 immitis

1873 5118 1963 5172 ille
2019 5114 2287 5170 universis
2309 5112 2589 5168 sublimior
2612 5108 2829 5176 evadit;
2861 5107 3103 5176 sapiens,
3129 5105 3220 5173 qui
3251 5116 3350 5157 nec
3387 5116 3449 5157 os

1873 5208 2086 5279 aperire
2117 5216 2331 5278 posset;
2363 5204 2697 5263 occultorum
2733 5201 3066 5271 redargutio,
3095 5198 3337 5269 judicutn
3357 5194 3449 5265 jn-

1877 5298 2002 5363 dcx,
2035 5296 2197 5351 homo
2229 5293 2417 5358 rudis;
2461 5291 2677 5348 sublimi
2706 5290 2844 5347 solio
2898 5290 3116 5354 sedens,
3148 5285 3238 5355 qui
3275 5296 3451 5353 neque

1882 5389 2228 5444 tribunalium
2257 5400 2492 5457 unquam
2517 5383 2763 5440 minister
2794 5382 3013 5447 fuisset;
3044 5379 3259 5449 juvenis
3280 5376 3449 5432 casti-

1883 5488 2046 5535 tatem
2097 5476 2371 5534 calumnia
2427 5475 2721 5544 appetitam
2770 5473 3075 5536 ulcisceus,
3127 5476 3452 5524 convertens

1882 5581 2156 5629 errantem
2193 5570 2481 5641 populum,
2534 5567 2672 5624 male
2708 5566 2871 5622 latam
2926 5564 3158 5622 civitatis
3186 5561 3453 5618 universae

314 5762 356 5794 ’τ
385 5763 473 5819 ίσ.
503 5764 675 5820 κάντί.
772 5766 819 5800 ⁸⁸
849 5765 930 5820 ίσ.
975 5765 1022 5818 οί
1048 5765 1187 5822 τότε.
1254 5722 1268 5737 ⁸
1294 5762 1339 5797 ⁸⁸
1379 5764 1553 5835 lReg.
1596 5778 1632 5831 ι,
1666 5750 1774 5819 ίὲἶδ

1865 5802 1873 5818 ι
1949 5761 2046 5816 θοι
2092 5759 2219 5830 Reg.
2264 5772 2381 5824 χιι,
2434 5754 2490 5810 ii
2524 5769 2641 5825 sqq.
