3856 6274
335 335 442 390 243

1612 333 1668 389 S.
1710 331 1987 387 ASTER“
2023 328 2324 385 AMASEN!

3480 321 3596 376 εει

339 448 550 506 calculo
571 452 896 508 sententiam
933 465 1210 509 revocans.
1258 449 1502 506 Audistis
1542 451 1686 505 enim
1715 451 1908 504 recita-

2026 445 2454 518 ὶναγνώσματος,
2503 445 2596 498 καὶ
2623 443 2698 515 τῷ
2747 440 2985 513 θαύματι
3033 440 3248 502 πάντως
3293 437 3592 508 κατέχεσθε

341 551 452 594 tam
511 542 670 597 modo
719 541 1037 606 lectionem,
1085 541 1413 612 omninoque
1465 542 1541 596 rei
1591 541 1908 618 miraculum

341 646 632 701 suspensos
660 634 840 690 animo
871 643 1034 688 tenet.
1075 633 1184 704 Ego
1211 647 1426 703 quoque
1456 633 1523 687 iis
1551 630 1766 686 omissis
1794 645 1912 701 qua:

339 723 465 778 libri
500 725 589 780 alii
618 725 838 792 habent,
873 727 916 780 si
951 741 1052 795 qua
1088 727 1243 780 nobis
1284 725 1476 795 psalmi
1503 723 1789 791 conjuncta
1815 738 1906 777 vo-

342 813 551 884 luptate
597 817 800 871 utiliter
855 816 1110 871 modulati
1173 825 1326 883 sunt;
1379 815 1422 869 si
1479 830 1582 884 qua
1627 813 1913 884 Apostolus

347 903 577 959 consilio
606 905 906 974 suggessit;
942 905 985 958 si
1015 921 1117 974 qua
1153 903 1412 960 Dominus
1450 919 1546 973 pro
1573 911 1837 973 potestate
1859 904 1911 957 in

345 993 650 1064 Evangeliis
682 997 883 1061 sanxit,
915 998 1038 1051 huic
1068 998 1405 1067 potissimum
1455 997 1750 1050 narrationi
1791 995 1912 1050 ani-

343 1101 490 1141 mum
524 1086 713 1156 adjeci.
747 1086 914 1142 Video
966 1104 1197 1157 namque
1240 1088 1501 1157 duplicem
1544 1086 1911 1144 connucndari

342 1178 697 1247 iuventutem,
731 1180 955 1234 alteram
985 1182 1197 1250 quidem
1221 1181 1462 1243 ferendo.
1489 1181 1712 1235 alteram
1746 1180 1912 1235 susti-

347 1272 520 1326 nendo
545 1273 867 1326 sententiam
901 1289 916 1327 :
959 1289 1020 1329 ac
1063 1272 1336 1328 Danielem
1385 1274 1600 1343 quidem
1623 1314 1638 1340 ,
1682 1287 1778 1341 pro
1809 1272 1914 1326 lata

343 1361 448 1416 rite
488 1365 751 1419 sententia
787 1365 1031 1435 plausum
1061 1365 1262 1421 habere
1293 1381 1356 1421 ac
1389 1364 1868 1436 aggratulationem
1895 1381 1910 1432 ;

351 1451 654 1509 Susannam
688 1470 836 1524 vero,
873 1474 969 1528 pro
996 1458 1220 1514 victoria
1255 1460 1521 1514 castitatis
1553 1458 1798 1515 obtinere
1829 1471 1916 1511 co-

351 1557 565 1598 ronam.
607 1545 801 1600 Venite
831 1547 1035 1617 itaque,
1077 1549 1168 1618 qui
1222 1547 1564 1618 pulchrorum
1608 1562 1672 1602 ac
1701 1547 1918 1602 virtutis

345 1647 590 1691 amantes
623 1637 784 1702 estis;
842 1639 1115 1706 antiquum
1167 1638 1294 1692 illud
1350 1639 1612 1694 memoria
1653 1638 1919 1694 instaure-

347 1741 468 1782 mus
507 1727 790 1797 judicium.
836 1726 1016 1784 Veteri
1045 1730 1317 1794 castitate,
1351 1744 1539 1783 not-am
1585 1729 1636 1783 in
1669 1728 1914 1799 praesenti

345 1815 724 1872 exscindamus
748 1818 1219 1886 incontinentiam,
1248 1820 1593 1874 traducentes
1621 1819 1913 1886 iuvenilem
1950 1804 1989 1858 Β

346 1915 715 1976 senectutem,
770 1925 833 1965 ac
880 1925 1068 1964 canam
1108 1911 1432 1966 admirantes
1471 1910 1831 1979 iuventutem.
1870 1908 1914 1965 0

345 1996 559 2053 scelesti
599 2013 765 2054 senes
809 2014 872 2054 ac
923 1999 1100 2069 populi
1137 1997 1430 2069 principes,
1477 2002 1792 2059 innumeros
1847 1998 1914 2053 ad

344 2090 778 2144 emendationem
842 2089 1179 2145 necessarios
1239 2089 1498 2144 habentes
1554 2090 1912 2160 paedagogos,

249 2179 258 2188 ‘
345 2177 583 2247 legitimo
618 2178 820 2234 laedere
845 2178 1154 2243 iunctarum
1195 2181 1500 2248 nuptiarum
1531 2181 1871 2235 insidiatores
1896 2218 1914 2248 ,

349 2268 568 2336 maligni
587 2272 854 2325 castitatis
886 2285 1155 2339 aucupes,
1187 2271 1412 2326 subtiles
1436 2273 1678 2326 dolorum
1709 2273 1915 2327 instrn-

345 2368 561 2426 ctores,
610 2360 894 2414 calumniae
943 2361 1180 2430 prompti
1222 2361 1572 2416 inventores!
1613 2361 1916 2416 Scortatio-

350 2464 473 2504 nem
513 2449 777 2507 labiorum
817 2461 972 2505 tenus
1009 2452 1301 2513 damnatis,
1348 2460 1404 2506 et
1441 2451 1719 2507 adornatis
1766 2453 1920 2508 adul-

347 2540 542 2595 terium
569 2559 591 2596 :-
621 2542 848 2596 aliorum
890 2541 1102 2607 medici,
1139 2541 1385 2612 plenique
1428 2543 1528 2612 ipsi
1573 2549 1761 2599 morbo
1792 2560 1919 2601 :se-

347 2621 538 2700 pulcra
571 2629 843 2696 dealbata,
875 2629 1019 2684 intus
1061 2631 1400 2684 immunditia
1448 2631 1642 2700 plena,
1695 2643 1918 2690 externa

345 2721 796 2792 verosuperficie
824 2731 1014 2778 ornata
1045 2723 1092 2755 "
1119 2741 1133 2778 :
1171 2725 1450 2792 sublimes,
1500 2739 1563 2779 ac
1593 2727 1644 2780 in
1678 2725 1916 2794 judieum

346 2813 570 2869 sedibus
619 2813 995 2884 praesidentes,
1049 2825 1287 2884 tumque,
1320 2832 1442 2871 cum
1491 2821 1718 2872 scortari
1751 2818 1921 2873 volui-

346 2903 470 2971 stis,
505 2903 649 2958 inter
681 2903 1025 2958 arbustorum
1061 2904 1224 2959 densa
1277 2919 1340 2959 ac
1385 2905 1602 2960 dumeta
1653 2905 1922 2976 adrepen-

351 3003 452 3048 tes.
482 2993 624 3049 Risit
651 3010 772 3050 cum
803 2995 1010 3052 videret
1059 2997 1562 3067 praevaricationum
1597 2997 1812 3064 doctor,
1858 3011 1922 3053 ac

348 3085 619 3141 malorum
668 3086 1034 3154 consiliarius,
1093 3099 1152 3143 ut
1183 3088 1454 3159 principes
1487 3089 1697 3158 populi,
1730 3097 1789 3144 ut
1821 3089 1919 3143 viri

2009 539 2110 610 τὴν
2154 538 2351 608 ψυχήν.
2381 535 2554 605 Κάγὼ
2603 533 2756 588 δὲτὰ
2780 534 2888 587 τῶν
2931 531 3104 587 ἄλλων
3148 529 3364 600 βιϐλίων
3403 531 3590 599 ἀφεὶς,

2014 631 2112 683 ὅσα
2138 631 2187 682 oi
2209 628 2411 700 ψαλμοὶ
2449 629 2581 699 ἡμῖν
2627 623 2921 694 ὲπωφελῶς
2955 621 3072 693 μεθ’
3097 621 3290 692 ἡδονῆς
3316 621 3593 691 saetiger]-

2017 737 2138 782 σαν,
2163 720 2262 772 ὅσα
2295 717 2709 772 συνεϐούλευσεν
2742 717 2769 769 ὁ
2813 713 3162 775 Ἀπόστολος,
3204 713 3305 764 ὅσα
3342 711 3594 764 δεσποτιο

2013 809 2125 873 κῶς
2171 808 2560 879 ἐνομοθέτησεν
2610 807 2668 860 ὲν
2722 807 2834 868 τοῖς
2883 801 3236 871 Εύαγγελίοις
3283 803 3311 854 ό
3362 799 3598 870 Κύριος,

2012 902 2181 974 ταύτῃ
2208 900 2568 972 προσεκλίθην
2589 901 2656 970 τῇ
2688 896 2915 970 ἱστορίᾳ.
2961 894 3176 966 Ἐπειδὴ
3203 893 3294 947 δύο
3329 893 3592 964 νεότητας

2016 992 2198 1062 βλέπω
2229 991 2638 1062 εὐδοκιμούσας,
2670 990 2771 1060 τὴν
2796 988 2894 1059 μὲν
2920 989 2977 1040 ὲν
3001 986 3080 1058 τῷ
3112 985 3370 1048 δικάζειν,
3395 983 3491 1054 τὴν
3529 981 3593 1038 δὲ

2015 1086 2074 1138 ὲν
2104 1083 2182 1156 τῷ
2210 1083 2487 1156 κρίνεσθαι
2509 1098 2522 1112 ο
2557 1083 2652 1135 καὶ
2691 1081 2781 1134 τὸν
2817 1080 2913 1150 μὲν
2946 1077 3143 1150 Δανιὴλ
3206 1077 3298 1129 ἐπὶ
3333 1078 3450 1138 ταῖς
3476 1074 3594 1152 ψη-

2017 1199 2136 1252 φοις
2159 1178 2518 1252 κροτούμενον
2544 1195 2557 1209 ο
2589 1176 2878 1229 Σωσάνναν
2909 1175 2964 1227 δὲ
3011 1174 3105 1228 ἐπὶ
3135 1175 3198 1244 τῇ
3236 1171 3362 1244 νίκῃ
3388 1187 3591 1238 στεφα-

2015 1272 2280 1343 νουμένην
2307 1271 2406 1342 τῆς
2430 1267 2800 1339 σωφροσύνης.
2833 1265 2997 1318 Δεῦτε
3021 1263 3222 1327 τοίνυν,
3257 1264 3304 1314 εί
3343 1261 3504 1323 δοκεῖ,
3538 1260 3593 1312 ot

2015 1362 2124 1415 τῶν
2151 1361 2330 1414 καλῶν
2365 1359 2592 1430 ἐρασταὶ
2624 1358 2719 1410 καὶ
2745 1358 2843 1427 τῆς
2881 1355 3116 1426 ἀρετῆς,
3151 1349 3594 1420 ἁνανεωσώμεθα

2017 1453 2118 1524 τὴν
2150 1452 2383 1505 παλαιὰν
2438 1449 2617 1521 κρίσιν
2651 1453 2716 1520 τῇ
2764 1450 2951 1526 μνήμῃ
2973 1463 2986 1478 ·
3031 1444 3233 1516 ἀρχαίᾳ
3268 1441 3594 1518 σωφροσύνῃ

2017 1545 2114 1616 τὴν
2137 1544 2432 1608 νεάζουσαν
2465 1543 2560 1595 ἐπὶ
2577 1539 2672 1594 τοῦ
2706 1540 2970 1612 παρόντος
3011 1536 3302 1594 ἀκολασίαν
3347 1533 3597 1602 ἐκκόψω-

2022 1620 2138 1708 μεν,
2169 1632 2610 1705 στηλιτεῦσαντες
2636 1633 2812 1703 γῆρας
2836 1629 3210 1702 μειρακιῶδες,
3241 1627 3333 1681 καὶ
3365 1625 3595 1696 νεότητα

2021 1724 2435 1795 πεπολιωμένην
2495 1723 2894 1794 θαυμάσαντες.
2947 1717 3017 1772 Ὦ
3074 1717 3370 1791 πρεσϐύται
3401 1714 3595 1788 μιαροὶ

2017 1819 2112 1870 καὶ
2144 1818 2404 1887 ἄρχοντες
2429 1815 2520 1869 τοῦ
2564 1815 2716 1880 λαοῦ,
2759 1814 2966 1884 μυρίων
2993 1809 3353 1879 παιδαγωγῶν
3383 1811 3460 1871 είς
3491 1809 3596 1867 ἑπτ-

2017 1907 2316 1981 ανόρθωσιν
2359 1905 2670 1978 χρῄζοντες,
2697 1906 2889 1974 γάμων
2939 1904 3087 1973 νόμῳ
3112 1900 3444 1971 ζευχθέντων
3472 1896 3598 1958 ἐπίτ-

2017 1996 2217 2060 ϐουλοι,
2249 1996 2595 2066 σωφροσύνης
2622 1993 2948 2065 ὲνεδρευταὶ,
2978 1989 3382 2063 μηχανορράφοι
3401 1987 3600 2050 δόλων,

2019 2087 2381 2157 συκοφαντίας
2408 2089 2596 2158 ταχεῖς
2621 2085 2840 2159 εὑρεταί
2864 2085 2876 2138 l
2919 2083 3102 2154 Ὑμεῖς
3135 2078 3232 2153 ἦτε
3253 2082 3302 2133 οί
3333 2079 3429 2150 τὴν
3459 2093 3599 2143 πορ-

2017 2178 2164 2232 νείαν
2193 2181 2304 2242 τοῖς
2327 2178 2527 2248 χείλεσι
2556 2177 2850 2249 κρίνοντες,
2872 2176 2965 2229 καὶ
2993 2175 3094 2244 τὴν
3127 2172 3369 2244 μοιχείαν
3395 2170 3597 2232 χάζον-

2016 2287 2141 2334 τεςο
2176 2271 2224 2322 οἰ
2264 2269 2372 2323 τῶν
2409 2268 2581 2323 ἄλλων
2623 2269 2817 2339 ἰατροὶ,
2852 2265 2944 2322 καὶ⁵
2975 2262 3074 2335 τῆς
3099 2265 3254 2318 νόσου
3293 2263 3596 2332 γέμοντες’

2018 2363 2067 2414 oi
2097 2358 2522 2430 -κεκονιασμένοι
2558 2359 2740 2428 τάφοι,
2787 2358 2935 2412 ἔνδον
2977 2357 3076 2426 τῆς
3123 2352 3462 2424 ἀκαθαρσίας
3498 2368 3602 2403 πε-

2018 2451 2334 2523 πλησμένοι,
2370 2451 2459 2504 καὶ
2505 2450 2603 2522 τὴν
2631 2449 2827 2514 ἔξωθεν
2881 2449 3198 2518 ἐπιφάνειαν
3234 2443 3603 2507 καλλωπίζον-

2016 2561 2127 2608 τες.
2168 2545 2230 2597 Ol
2259 2543 2452 2613 ὑψηλοὶ
2477 2543 2570 2596 καὶ
2592 2544 2683 2594 ἐπὶ
2710 2542 2816 2595 τῶν
2861 2541 3063 2612 θρόνων
3112 2539 3218 2593 τῶν
3265 2535 3602 2593 δικαστικῶν

2019 2633 2444 2704 προκαθήμενοι,
2477 2633 2564 2685 ὅτε
2593 2632 2649 2684 δὲ
2682 2631 3086 2686 ἀκολασταίνειν
3115 2629 3453 2702 προείλεσθε,
3483 2630 3604 2692 τοῖς

2019 2723 2227 2788 λασίοις
2284 2725 2392 2779 τῶν
2451 2723 2632 2794 φυτῶν
2664 2725 2758 2778 καὶ
2806 2727 2918 2787 τοῖς
2972 2724 3197 2795 θάμνοις
3255 2723 3599 2794 ὲνὲρποντες.

2033 2816 2285 2884 Ἐγελᾶτο
2309 2815 2519 2887 βλέπων
2550 2819 2693 2888 ὑμᾶς
2717 2819 2745 2871 ὁ
2775 2819 2881 2872 τῶν
2899 2817 3261 2891 παραϐάσεων
3281 2813 3600 2884 εἰσηγητὴς,

2021 2908 2118 2961 καὶ
2168 2908 2276 2962 τῶν
2329 2908 2512 2962 κακῶν
2549 2909 2867 2982 σύμϐουλος,
2905 2911 3052 2972 ὅπως
3083 2909 3133 2962 οἱ
3166 2910 3222 2960 ὲν
3267 2908 3477 2985 κορυφῇ
3502 2903 3603 2959 τοῦ

2021 2998 2172 3062 λαοῦ,
2195 3001 2244 3050 oi.
2273 2998 2494 3066 λογάδες
2522 3001 2616 3053 καὶ
2641 3001 2902 3073 ἔκκριτοι,
2933 3001 3008 3063 ὡς
3033 2998 3353 3070 τοιχωρύχοι
3392 2995 3536 3058 τινὲς

2022 3089 2216 3163 λῃσταὶ
2244 3093 2310 3162 τῇ
2335 3095 2406 3162 γῇ
2440 3093 2868 3164 προσεσύρεσθε,
2904 3092 2992 3146 ἵνα
3027 3091 3257 3162 βλέψητε
3296 3089 3422 3141 θέαν
3471 3086 3604 3140 ἀκό-

351 3190 608 3242 proceres
628 3190 691 3232 ac
711 3177 928 3244 delecti,
964 3193 1072 3233 ceu-
1092 3157 1462 3248 sepulcrorum
1487 3157 1773 3236 effossores
1799 3181 1922 3250 qui-

2026 3181 2244 3235 λαστον’
2305 3184 2399 3236 καὶ
2450 3186 2564 3247 τοῖς
2619 3183 2846 3256 θάμνοις
2899 3181 3300 3255 ὲνεκρύπτεσθε
3334 3180 3473 3233 κατὰ
3503 3178 3606 3243 τὰς

351 3268 476 3322 dam
511 3283 577 3324 ac
619 3267 878 3333 latrones,
935 3269 1204 3338 impudico
1253 3271 1531 3326 recreandi
1576 3273 1921 3340 spectaculo,

351 3368 600 3414 ventrem
625 3361 934 3426 traheretis,
963 3361 1309 3431 vulpiumqne
1335 3376 1483 3417 more
1526 3361 1814 3419 latitaretis
1844 3365 1925 3418 in-

354 3458 438 3500 ter
466 3448 712 3513 dumeta;
752 3463 871 3518 qua
903 3449 1154 3503 nimirum
1184 3464 1213 3503 e
1237 3451 1535 3507 nemorosis
1563 3467 1625 3506 ac
1656 3453 1925 3509 umbrosis

355 3535 508 3600 locis,
533 3537 845 3592 domesticis
875 3537 1193 3592 insidiantes
1216 3539 1425 3603 avibus,
1463 3540 1514 3592 iu
1542 3555 1655 3604 eas,
1685 3541 1816 3594 dum
1839 3542 1926 3594 iu-

355 3635 516 3680 eaute
547 3638 843 3694 pascuntur
868 3626 1128 3704 insiliant.
1160 3627 1204 3682 Ο
1253 3627 1483 3682 similem
1529 3628 1603 3682 illi
1637 3629 1922 3696 malitiam,

355 3732 518 3786 quam
548 3717 906 3772 humanorum
928 3718 1014 3771 illa
1042 3719 1344 3774 animorum
1369 3720 1507 3785 lues,
1533 3737 1561 3774 a
1584 3721 1848 3791 principio
1873 3722 1925 3775 in

359 3813 520 3864 linem
548 3823 717 3877 usque
753 3809 1002 3864 molitur!
1037 3810 1092 3864 In
1127 3811 1287 3867 horto
1319 3811 1554 3881 primum
1602 3815 1805 3868 corruit
1833 3828 1927 3868 stt-

357 3903 538 3958 hlimis
560 3901 750 3969 homo;
775 3919 918 3957 nunc
945 3918 1160 3975 quoque
1185 3903 1238 3957 in
1265 3905 1440 3968 horto,
1462 3905 1560 3960 viri
1583 3922 1740 3961 senes
1763 3922 1790 3960 a
1816 3921 1933 3962 ser-

360 4005 520 4064 pente
549 3994 679 4061 acti,
726 4009 756 4047 a
794 3994 965 4061 prima
997 3994 1086 4048 illa
1139 4009 1203 4049 ac
1251 3995 1529 4066 principali
1583 3997 1749 4064 gloria
1781 3999 1930 4053 exei-

360 4087 520 4150 dunt;
567 4083 770 4154 quique
817 4083 1030 4152 indices
1077 4095 1269 4149 erant,
1327 4084 1635 4155 praeiudicio
1690 4088 1931 4144 damnati

363 4175 518 4239 tiunt,
568 4175 729 4230 alieni
780 4190 810 4229 a
851 4176 978 4239 vita,
1017 4191 1080 4230 ac
1112 4177 1347 4245 operarii
1402 4179 1629 4247 peccati.
1664 4177 1930 4234 Cmtermn

361 4268 466 4322 hoc
500 4267 820 4329 certamine,
852 4267 981 4321 vicit
1017 4267 1234 4335 quidem
1281 4267 1446 4333 viros,
1483 4268 1722 4323 victoriae
1751 4281 1930 4323 autem

361 4355 598 4426 palmam
633 4356 903 4410 concessit
928 4355 1162 4421 feminae,
1191 4371 1294 4411 nec
1319 4357 1504 4426 primae
1535 4358 1770 4412 hominis
1798 4358 1933 4412 levi-

363 4457 531 4501 tatem
573 4445 737 4511 illam,
764 4446 816 4499 in
845 4444 1131 4516 Babylonis
1167 4445 1567 4501 adolescentulo
1599 4446 1822 4502 invenit.
1855 4449 1930 4503 Ac

364 4540 560 4593 merito
593 4539 735 4594 dicat
769 4537 984 4608 aliquis,
1008 4538 1421 4607 haudquaquam
1452 4538 1778 4608 Babylonem
1802 4555 1932 4594 con-

364 4629 631 4685 fusionem
669 4637 886 4699 propter
917 4627 1218 4684 Susannam
1249 4643 1390 4693 esse,
1431 4629 1523 4684 sed
1561 4631 1930 4684 mandatorum

2023 3268 2332 3338 ἀλώπεκας,
2361 3272 2417 3325 αἳ
2451 3272 2556 3325 ἀπὸ
2588 3273 2698 3326 τῶν
2737 3272 3030 3343 συμφύτων
3079 3270 3176 3325 καὶ
3215 3268 3479 3323 ὲπισκίων
3515 3265 3608 3321 τό·

2026 3378 2143 3414 πων
2170 3362 2270 3425 τὰς
2315 3364 2680 3428 κατοικιδίους
2713 3364 3083 3436 ἐνεδρεύουσιν
3107 3362 3347 3434 ὄρνιθας,
3383 3359 3478 3413 καὶ
3517 3377 3608 3412 νε-

2029 3451 2291 3529 μομέναις
2315 3453 2638 3524 ἁπροόπτως
2659 3455 3014 3526 ἐπιπηδῶσιν.
3042 3455 3105 3505 Ὢ
3124 3454 3221 3524 τῆς
3247 3451 3605 3522 ὁμοιοτρόπου

2027 3545 2246 3608 κακίας,
2286 3544 2354 3614 ἣν
2405 3547 2433 3598 ό
2485 3547 2593 3599 τῶν
2654 3546 3008 3618 ἀνθρωπίνων
3047 3544 3235 3620 ψυχῶν
3281 3542 3606 3614 όλοθρευτὴς

2029 3634 2283 3705 ἀπαρχῆς
2334 3637 2414 3699 είς
2464 3636 2616 3698 τέλος
2665 3636 2972 3708 ἐπιτηδεύει
2998 3637 3020 3700 ί,
3065 3637 3152 3689 Ἐν
3190 3634 3501 3710 παραδείσῳ
3546 3632 3610 3687 τὸ

2030 3726 2246 3798 πρῶτον
2275 3727 2367 3779 τοῦ
2394 3727 2598 3798 ὑψηλοῦ
2631 3727 2918 3800 ἀνθρώπου
2954 3728 3177 3798 πτῶμα,
3205 3729 3264 3782 ὲν
3294 3725 3608 3798 παραδείσῳ

2031 3817 2126 3871 καὶ
2156 3817 2249 3873 νῦν
2272 3820 2319 3872 oi
2353 3820 2604 3891 γέροντες
2637 3821 2788 3893 παρὰ
2832 3821 2926 3875 τοῦ
2979 3822 3154 3892 ὄφεως
3203 3820 3606 3892 ὲνεργούμενοι,

2030 3905 2128 3975 τῆς
2171 3906 2406 3978 ἀρχικῆς
2455 3906 2612 3979 δόξης
2655 3909 3015 3971 ἐκπίπτουσι,
3051 3906 3287 3975 γίνονται
3346 3905 3433 3969 δὲ,
3487 3905 3610 3958 ἀντὶ

2031 3997 2252 4068 κριτῶν,
2285 3999 2820 4071 καταδεδικασμένοι,
2859 4001 2958 4070 τῆς
2989 3999 3135 4069 ζωῆς
3174 3998 3459 4069 ἀλλότριοι,
3511 3996 3610 4052 καὶ

2030 4087 2130 4158 τῆς
2158 4089 2434 4162 ἁμαρτίας
2463 4091 2712 4163 ἐργάται.
2776 4091 2915 4143 Ἀλλ’
2970 4088 3199 4144 ἐνταῦθα
3249 4090 3346 4159 μὲν
3396 4086 3610 4158 ἀνδρῶν

2033 4180 2324 4251 ἐκράτησε,
2358 4184 2457 4253 τῆς
2507 4183 2562 4235 δὲ
2596 4183 2853 4252 γυναικὸς
2891 4181 3121 4253 ἡττήθη,
3171 4183 3265 4234 καὶ
3296 4181 3356 4232 τὸ
3408 4179 3609 4250 κοῦφον

2032 4271 2130 4341 τῆς
2161 4271 2381 4342 πρώτης
2408 4272 2696 4344 ἀνθρώπου
2742 4275 2834 4327 ἐπὶ
2864 4274 2962 4344 τῆς
2986 4273 3328 4335 Βαϐυλωνίας
3358 4273 3458 4340 οὐχ
3482 4266 3609 4342 εὗρε

2035 4362 2289 4426 νεάνιδος.
2316 4364 2425 4418 Καὶ
2454 4367 2633 4430 καλῶς
2663 4365 2729 4418 ἂν
2759 4366 2901 4419 εἴποι
2923 4384 3025 4431 τις,
3052 4366 3127 4426 ὼς
3156 4365 3256 4418 οὐκ
3287 4364 3402 4416 ἔστι
3431 4362 3609 4418 Βαϐυ-

2035 4449 2140 4505 λὼν
2172 4453 2429 4523 σύγχυσις
2457 4455 2544 4509 διὰ
2573 4456 2878 4522 Σωσάνναν,
2918 4455 3054 4509 ἀλλὰ
3103 4456 3334 4526 τήρησις
3379 4452 3610 4506 ἐντολῶν

2037 4539 2192 4604 Θεοῦ,
2222 4543 2435 4614 φυλακὴ
2460 4545 2830 4614 σωφροσύνης,
2855 4545 3007 4608 πόλις
3044 4545 3300 4616 ἀνδρικῆς
3332 4541 3610 4612 γυναικὸς,

2037 4632 2198 4696 τόπος
2231 4635 2420 4706 ἑορτῆς
2453 4635 2740 4690 ὲπινικίου.

368 4723 462 4775 Dei
513 4719 945 4775 observationem
995 4735 1058 4773 ac
1105 4720 1371 4774 castitatis
1413 4721 1712 4778 custodiam
1737 4760 1753 4787 ,
1789 4721 1927 4775 virili
1967 4736 2186 4793 pectore
2221 4728 2460 4782 mulieris
2493 4727 2801 4794 civitatem;
2835 4727 2968 4781 laeta:
3012 4741 3110 4797 pro
3176 4724 3395 4781 victoria
3461 4723 3614 4778 testi-

364 4815 548 4870 \‘ilalis
577 4813 770 4868 lucem.

442 4909 592 4964 llauc
642 4923 762 4978 ego.
812 4918 870 4962 ut
923 4906 1241 4961 iutermedia
1282 4915 1487 4960 tantum
1528 4906 1765 4976 excipias
1798 4914 1935 4961 tem-

367 5017 521 5072 pora,
551 5015 673 5054 cum
709 5009 865 5054 casto
920 4997 1116 5067 Joseph
1147 4998 1360 5052 virtutis
1401 4997 1752 5052 similitudine
1787 5013 1937 5052 com-

371 5107 533 5162 pono.
569 5089 716 5146 Sisto
741 5100 917 5144 autem
951 5091 1240 5162 honestam
1263 5088 1512 5144 feminam
1543 5103 1698 5143 secus
1732 5100 1937 5144 castum

371 5185 575 5250 vitum,
608 5183 716 5238 Deo
750 5183 978 5236 amicam
1003 5197 1158 5237 secus
1199 5182 1364 5236 tilium
1397 5180 1586 5246 Israel;
1631 5196 1789 5234 unam
1827 5197 1941 5234 am-

370 5275 543 5335 l‘vobus
581 5287 645 5328 ac
676 5274 920 5329 eamdem
975 5288 1072 5342 pro
1102 5274 1350 5328 castitate
1395 5272 1611 5340 impono
1652 5286 1936 5336 coronam,

369 5365 746 5433 victarumque
804 5363 1026 5434 pedibus
1070 5364 1310 5418 devictos
1363 5364 1680 5427 substerno;
1742 5360 1936 5430 Joscph

371 5457 614 5525 quidem,
648 5455 975 5525 impudicam
1005 5454 1331 5527 Egyptiam,
1360 5452 1502 5507 servi
1529 5452 1682 5506 liberi
1723 5454 1938 5517 heram;

376 5548 642 5602 Susanna:
667 5559 818 5609 vero,
861 5543 1090 5601 infames
1122 5556 1300 5600 senes.
1338 5540 1618 5600 Castitatis
1653 5555 1746 5600 eos
1769 5541 1940 5615 insti-

447 5751 490 5787 "
523 5740 706 5809 Matth.
750 5765 905 5821 χχιιι,
939 5749 1027 5807 27.

2110 4907 2324 4978 Ταύτην
2353 4906 2482 4976 ἐγὼ,
2511 4909 2636 4970 τοὺς
2692 4910 2749 4960 ὲν
2803 4909 2952 4978 μέσῳ
3019 4907 3242 4979 χρόνους
3287 4905 3512 4970 ἀνελων,
3547 4907 3613 4974 τῇ

2039 4996 2314 5068 ὁμοιότητι
2337 4997 2433 5067 τῆς
2455 4997 2672 5067 ἀρετῆς,
2704 4997 2838 5069 πρὸς
2862 4998 2953 5051 τὸν
2979 4999 3183 5068 κόσμον
3239 4995 3430 5065 Ἰωσὴφ
3459 4996 3578 5063 ἄγω
3597 5009 3612 5024 ⁶

2043 5088 2230 5157 ἴστημι
2284 5086 2341 5139 δὲ
2397 5087 2494 5156 τὴν
2525 5089 2833 5160 εὐσχήμονα
2870 5090 3024 5162 παρᾶ
3067 5091 3155 5143 τὸν
3192 5088 3446 5160 σώφρονα
3469 5129 3484 5154 ,
3519 5087 3620 5158 τὴν

2041 5175 2118 5247 τῷ
2147 5176 2264 5246 Θεῷ
2293 5176 2449 5248 φίλην
2477 5179 2624 5249 παρὰ
2654 5179 2742 5232 τὸν
2776 5181 2939 5234 παῖδα
2964 5178 3057 5232 τοῦ
3097 5179 3332 5250 Ἰσραήλ,
3362 5178 3497 5230 Ἕνα
3525 5176 3622 5229 καὶ

2045 5268 2135 5321 τὸν
2166 5267 2324 5321 αὐτὸν
2354 5269 2700 5340 ἀμφοτέροις,
2727 5269 2817 5323 τὸν
2842 5272 2982 5344 ὑπὲρ
2995 5272 3094 5340 τῆς
3117 5268 3468 5339 σωφροσύνης
3503 5269 3624 5320 ὲπι-

2046 5358 2236 5430 τίθημι
2262 5361 2546 5430 στέφανον·
2584 5362 2902 5433 ύπορῤίπτω
2933 5362 2990 5415 δὲ
3035 5365 3148 5424 τοῖς
3182 5361 3307 5413 ποσὶ
3335 5359 3442 5413 τῶν
3469 5375 3623 5428 νικη-

2049 5449 2256 5503 σάντων
2282 5453 2407 5517 τοὺς
2450 5455 2819 5526 ἡττημένους·
2853 5455 2931 5525 τῷ
2965 5453 3061 5525 μὲν
3098 5451 3296 5523 Ἰωσὴφ
3323 5491 3338 5516 ,
3373 5451 3625 5523 τὴν³ἀκόο

2049 5543 2242 5598 λαστον
2266 5545 2588 5615 Αἰγυπτίαν,
2635 5547 2733 5620 τὴν
2751 5547 3037 5602 δέσποιναν
3061 5544 3153 5599 τοῦ
3198 5528 3482 5615 ἐλευθέρου
3505 5542 3625 5597 δού-
