3824 6270
153 329 240 384 245
1004 335 1293 396 llOMlLlA
1326 342 1417 400 Vl.
1460 344 1528 400 ΙΝ
1559 346 1906 406 DAMELEM
1942 351 2030 409 ET
2058 352 2457 413 SUSANNAM.
3261 354 3367 411 Ήδ

154 447 256 540 λου·
305 446 558 522 Σωσὰννῃ
590 448 671 515 δὲ,
729 468 854 517 τους
885 467 1114 526 ατιμους
1152 460 1434 532 γέροντας.
1493 463 1664 536 Τίθημ

1851 479 2011 524 [tores
2043 471 2343 537 constituo;
2383 472 2522 525 hanc
2565 467 2805 540 quidem,
2869 469 3178 536 muliebris;
3211 469 3361 526 illum

154 537 341 601 τούτους
387 542 773 611 παιδαγωγοὺς
814 548 1169 621 σωφροσύνης
1189 567 1206 584 ο
1260 555 1362 626 τὴν
1418 557 1538 627 μὲν,
1597 561 1663 629 τῆ

1855 571 2004 627 Item,
2038 563 2279 618 virorum
2321 563 2617 634 iuventutis
2647 579 2663 616 :
2697 562 2846 616 orbis
2895 571 3160 617 terrarum
3181 562 3365 617 ‘lumi-

154 629 467 724 γυναικείαςο
503 633 592 685 τὸν
613 634 694 698 δὲ,
731 637 832 708 τῆς
860 637 967 696 τῶν
997 640 1206 712 ἀνδρῶν
1237 645 1488 717 νεότητος
1511 662 1524 676 ·
1558 648 1664 718 λαμ

1854 653 1987 720 iria,
2033 654 2446 710 resurrectionis
2471 653 2665 721 liores;
2714 653 3076 710 adulterorum
3111 653 3323 724 iudices
3345 691 3364 720 ,

156 721 335 816 πτῆρας
353 722 450 816 τῇς
490 725 834 816 οἰκουμένης,
864 729 999 800 ἄνθη
1027 731 1128 801 τῆς
1160 733 1527 800 ἀναστάσεως,
1574 755 1664 808 μοι

1944 746 2162 798 imarum
2211 745 2517 813 nuptiarum
2565 745 2835 802 custodes.
2875 744 3092 800 Interim
3130 759 3280 811 vero,
3310 745 3362 798 in
3449 778 3454 816 ξ

154 811 244 880 χῶν
265 811 468 882 κριτὰς,
501 815 696 885 γάμων
725 818 1003 890 ὲνθέσμων
1023 821 1289 890 φύλακας.
1315 826 1464 890 Τέως
1487 827 1544 880 δὲ
1568 845 1664 900 περ

1853 811 1950 886 ω
1983 834 2241 887 duntaxat
2264 811 2482 896 femina,
2519 841 2701 886 nostra
2731 843 2977 888 versetur
2995 833 3192 888 oratio.
3209 831 3363 887 Nunc

158 902 304 994 μόνην⁸
329 903 716 977 ἀσχολήσωμεν
759 909 859 980 τὴν
910 910 1061 982 ίερὲιν
1110 916 1342 981 γυναῖκα
1374 915 1466 969 τὸν
1498 917 1654 985 λόγον

1855 922 1941 976 tim
1973 931 2155 977 castus
2183 921 2270 975 ille
2305 921 2503 991 Ioseph
2525 933 2677 977 extra
2704 933 3078 994 argumentum
3107 938 3172 980 ac
3200 921 3365 979 casti-

154 991 231 1044 νῦν
252 991 350 1062 γὰρ
390 994 422 1046 ὁ
477 995 676 1068 Ἰωσὴφ
725 1000 1020 1056 ἐπεισόδιόν
1057 1003 1174 1057 ἐστι
1231 1007 1326 1059 καὶ
1379 1007 1664 1080 παρενθήκλ

917 1001 1020 1056 διόν
1057 1003 1174 1057 ἐστι
1231 1007 1326 1059 καὶ
1379 1007 1694 1081 παρενθήκη
1801 1011 1926 1067 tatis
1955 1011 2294 1080 parenthesis
2324 1020 2427 1065 est.

156 1085 492 1156 σωφροσύνης.
526 1088 555 1139 6
578 1087 828 1162 σώφρων.
1510 1164 1512 1166 ν

210 1177 407 1248 Ἐπειδὴ
438 1177 552 1249 γὰρ
579 1181 627 1233 oi
657 1182 932 1252 γέροντες,
964 1184 1041 1250 ὡς
1076 1186 1321 1258 ἐνόμιζον
1340 1226 1356 1254 ,
1405 1185 1552 1262 εἶχον
1595 1190 1695 1263 τὴν

1869 1185 1967 1242 Ubi
2002 1186 2144 1239 enim
2177 1201 2357 1248 senes.
2391 1187 2528 1256 quod
2565 1186 2780 1256 quidem
2815 1186 3240 1254 arbitrabantur,
3275 1186 3361 1242 in-

155 1269 294 1338 θήραν
322 1269 451 1322 εἴσω
482 1269 736 1337 δικτύων,
761 1275 1123 1348 εἰσεπήδησαν
1153 1279 1211 1333 δὲ
1238 1281 1302 1334 ἐκ
1318 1281 1418 1351 τῆς
1449 1282 1665 1354 ἐνέδρας

1853 1294 1880 1332 a
1919 1278 2054 1332 retia
2091 1281 2425 1332 venationem
2461 1289 2730 1340 tenentes,
2768 1293 2944 1349 exque
2973 1276 3190 1334 insidiis
3214 1319 3232 1346 ,
3264 1293 3363 1333 ceu

152 1359 213 1422 ob;
235 1361 415 1413 αὐτίκα
443 1363 760 1434 ληψόμενοι,
777 1366 875 1437 οὐχ
904 1363 1062 1440 εὗρον
1087 1370 1266 1443 δειλὴν
1286 1371 1383 1444 τὴν
1412 1372 1662 1444 βελτίστη

1860 1383 1924 1422 ox
1956 1370 2187 1438 capturi,
2216 1369 2506 1435 irruentes,
2539 1368 2669 1423 nihil
2703 1367 3117 1438 pulcherrimam
3145 1382 3370 1425 cervam

157 1451 336 1518 ἔλαφον,
365 1451 482 1504 ἀλλ’
516 1455 914 1528 ἀνθισταμένην
952 1460 1044 1512 καὶ
1093 1462 1295 1527 αὐτοῖς,
1344 1465 1436 1517 καὶ
1461 1464 1538 1536 τῷ
1565 1464 1667 1536 δρᾶ

1856 1459 2042 1512 ινίιιαίιι
2062 1459 2379 1514 invenerunt
2401 1461 2469 1525 ",
2494 1461 2587 1514 sed
2609 1459 2710 1513 illis
2742 1459 2944 1529 pariter
2963 1474 3026 1514 ac
3046 1458 3240 1514 fabula:
3264 1473 3366 1513 au-

157 1558 276 1594 κοντι
304 1541 377 1612 τῷ
417 1546 534 1597 τῶν
566 1548 866 1618 γινομένων
896 1551 1053 1622 αἰτίῳ
1089 1552 1418 1623 (ὀφιοκτόνον
1462 1555 1518 1608 δὲ
1555 1553 1667 1618 ζῶοε

1855 1549 1926 1604 ori
1952 1549 2171 1605 draconi
2220 1550 2552 1605 resistentem
2579 1551 2764 1621 (porro
2793 1551 2970 1606 ferunt
3006 1565 3218 1606 cervam
3249 1550 3365 1604 ani-

157 1635 379 1705 ἡέλαφος
400 1648 416 1664 ·
468 1638 566 1690 καὶ
597 1639 778 1704 καλῶς
825 1635 982 1714 εὗρεν
1012 1644 1040 1695 ὁ
1068 1643 1227 1712 λόγος
1256 1644 1353 1717 τὴν
1391 1645 1575 1700 εἰκόνα
1597 1648 1667 1700 τοι

1868 1641 1906 1696 ιι
1929 1657 2056 1700 esse
2094 1643 2432 1711 serpentibus
2461 1643 2717 1710 noxium;
2755 1641 2977 1712 pulchre
3006 1657 3136 1696 vero
3159 1641 3378 1696 invenis

156 1723 318 1795 ζώου)·
347 1727 753 1798 παρεκάλεσαν,
803 1733 902 1785 οὐκ
935 1732 1310 1805 ἠκούσθησανο
1370 1737 1666 1808 ἠπείλησαν

1854 1750 1976 1790 :rmo
2012 1735 2265 1790 animalis
2294 1735 2606 1806 imaginem)
2652 1753 2666 1790 :
2697 1736 2809 1802 ubi,
2840 1736 3080 1804 inquam,
3106 1735 3364 1789 obsecra-

156 1815 204 1868 οὑ
229 1816 577 1888 κατέπηξαν.
629 1821 991 1893 Ἀμηχανοῦσι
1043 1825 1224 1882 λοιπὸν
1281 1829 1330 1882 ol
1371 1829 1666 1902 δυσέρωτες

1871 1837 1942 1894 nt,
1974 1842 2072 1882 nec
2100 1826 2318 1882 fuerunt
2352 1826 2556 1894 auditi;
2594 1825 2905 1880 comminati
2936 1833 3083 1883 sunt,
3118 1838 3216 1878 nec
3245 1838 3381 1890 per-

157 1909 229 1959 tul
252 1907 337 1960 δύο
359 1911 470 1972 τοῖς
502 1911 784 1981 μεγίστοις
812 1915 1146 1985 συνέχονται,
1168 1919 1436 1993 ἀποτυχίᾳ
1461 1925 1561 1994 τῆς
1582 1924 1667 1977 ἐπι

1856 1927 2134 1983 rruerunt;
2158 1918 2411 1987 deinceps
2439 1915 2575 1985 jam.
2607 1916 2744 1970 malo
2773 1926 2943 1972 (nstro
2972 1915 3161 1986 perciti
3191 1915 3366 1969 homi-

158 1998 339 2068 θυμίας,
370 2002 463 2054 καὶ
492 2003 645 2074 φόϐῳ
667 2003 762 2058 τοῦ
796 2004 1040 2077 ἐλέγχου.
1100 2008 1392 2066 Ῥάπτουσι
1446 2013 1505 2067 δὲ
1538 2031 1668 2068 συκο

1855 2027 1913 2079 :s,
1943 2010 2151 2067 consilii
2181 2010 2368 2080 inopes
2397 2009 2549 2074 ﬁunt,
2581 2023 2647 2062 ac
2670 2008 2927 2080 utrinque
2949 2006 3166 2062 ’duobus
3196 2007 3365 2059 maxi-

157 2091 367 2156 φαντίαν,
409 2095 607 2165 μιαραὶ
629 2095 882 2164 κεφαλαὶ,
916 2101 1008 2152 καὶ
1034 2098 1190 2154 λύσιν
1225 2101 1320 2155 τοῦ
1353 2102 1523 2158 κακοῦ
1568 2105 1664 2157 ἄλλ

1856 2103 1898 2158 is
1925 2111 2215 2172 anguntur,
2253 2101 2396 2172 quod
2439 2101 2548 2156 sint
2583 2100 2812 2154 fraudati
2863 2100 3149 2166 desiderio,
3196 2099 3366 2168 quod-

157 2179 289 2235 κακὸν
313 2181 705 2254 ἐξευρίσκουσι,
751 2187 843 2240 καὶ
884 2189 1128 2259 μοιχείας
1175 2191 1437 2263 κάλυμμα
1494 2195 1667 2249 σκευάη

1852 2208 1900 2248 te
1938 2192 2158 2248 sceleris
2182 2191 2332 2261 argui
2359 2191 2587 2262 possint.
2611 2190 2784 2244 Suunt
2807 2200 2985 2245 autem
3019 2190 3362 2254 calumniam,

159 2271 302 2332 ζονται
327 2272 502 2340 φόνον.
556 2274 903 2346 Ἀμαρτωλὺς
931 2279 1060 2350 γὰρ,
1083 2281 1210 2332 ὅταν
1255 2283 1335 2346 είς
1388 2283 1562 2354 ἀρχὰς
1594 2287 1669 2356 ἐμ

1856 2283 2024 2339 elesta
2046 2283 2248 2353 capita,
2277 2300 2341 2338 ac
2393 2283 2516 2337 mali
2543 2283 2864 2339 Solutionem
2892 2282 3036 2336 aliud
3057 2283 3366 2352 ettCOgltant.

159 2360 270 2433 πέσῃ
297 2361 801 2436 πλημμελημάτων,
825 2366 1015 2439 ὥσπερ
1049 2371 1242 2442 σχοίνῳ
1269 2375 1334 2443 τῇ
1381 2374 1545 2446 ἀρχῇ,
1599 2393 1669 2430 κα

1854 2375 2037 2441 alum,
2083 2375 2438 2445 velamenquc
2497 2375 2743 2429 moechite
2821 2389 3005 2429 necent
3069 2373 3364 2429 instruunt.

159 2452 233 2515 τὶς
266 2453 583 2519 ἀκολούθους
643 2457 870 2528 ἀνομίας
923 2459 1229 2530 ἐφέλκεται.
1269 2463 1380 2516 Καὶ
1401 2481 1669 2537 γεννητικι

1853 2476 2056 2521 :ccator
2081 2467 2247 2529 enim.
2277 2477 2560 2537 postquam
2590 2467 2642 2520 in
2675 2466 2845 2536 prima
2877 2465 3070 2522 delicta
3095 2464 3363 2528 inciderit,

160 2547 373 2616 τυγχάνει
400 2548 508 2602 τῶν
541 2550 728 2616 καλῶν
751 2551 822 2605 τὰ
857 2552 1031 2606 καλά·
1059 2553 1168 2606 τῶν
1217 2554 1274 2608 δὲ
1325 2556 1564 2626 φαύλων,
1627 2575 1670 2612 τά

1856 2570 1892 2608 ιιι
1939 2554 2086 2620 fune,
2151 2557 2327 2625 primo
2366 2565 2624 2626 peccato,
2683 2555 2919 2626 reliquas
2973 2564 3366 2625 consequenter

162 2638 304 2704 ὃμοια.
327 2639 414 2692 Διὸ
447 2641 543 2695 καὶ
565 2641 663 2695 νῦν
703 2644 862 2712 φόνος
885 2646 915 2698 ὁ
936 2645 1146 2717 καρπὸς
1170 2649 1269 2718 τῆς
1297 2650 1539 2720 μοιχείας
1568 2650 1672 2704 ὑπο

1859 2645 2109 2715 iquitates
2161 2647 2413 2714 attrahit;
2446 2662 2510 2702 ac
2566 2662 2693 2702 vero
2729 2649 2864 2703 bona
2899 2647 3054 2702 bonis
3092 2647 3361 2714 oriuntur,

162 2726 426 2798 ῶαστάνει,
453 2733 550 2786 καὶ
576 2734 850 2806 συνέδριον
875 2735 1017 2789 κατὰ
1061 2737 1296 2809 σπουδὴν
1326 2740 1582 2810 κάθηται,
1618 2742 1672 2795 ὠέ

1854 2737 1952 2792 alis
2000 2747 2179 2792 autem
2235 2747 2594 2807 procreantur
2648 2739 2866 2794 similia.
2899 2738 3168 2805 Quocirca
3220 2753 3363 2792 nunc

163 2821 233 2873 ἐπὶ
256 2824 459 2895 μεγάλῳ
484 2825 589 2897 τῆς
613 2827 870 2895 γυναικὸς
921 2829 1240 2902 ἀδικήματι,
1290 2833 1384 2885 καὶ
1436 2833 1673 2904 δημαγω-

1859 2844 2008 2900 loque
2047 2829 2294 2883 adulterii
2348 2829 2557 2885 fructus
2587 2831 2762 2884 credes
2797 2827 3164 2899 subgerminat
3186 2866 3202 2893 ,
3229 2828 3369 2882 cito-

162 2913 300 2976 γεῑται
335 2913 554 2985 πλῆθος,
577 2916 706 2970 θέαν
727 2917 848 2988 ἕχον
882 2918 979 2989 τὴν
1001 2921 1350 2993 κρινομένην.
1384 2924 1671 2996 Κατήγορο

1855 2937 1900 2976 te
1934 2937 2032 2977 ceu
2068 2937 2165 2992 pro
2200 2937 2393 2992 magno
2423 2921 2642 2977 feminte
2677 2920 2880 2978 scelere
2902 2960 2916 2987 ,
2959 2921 3245 2976 concilium
3277 2935 3365 2976 se-

164 3001 300 3057 δὲκαὶ
325 3005 572 3062 δικασταί⁵
605 3010 654 3062 oi
701 3011 887 3064 αὑτοί’
925 3012 1020 3066 καὶ
1061 3013 1221 3067 πολιὰ
1287 3015 1674 3085 συκοφαντοῦσι

1857 3021 1918 3076 ιι,
1956 3025 2019 3064 ac
2051 3011 2334 3066 multitudo
2363 3010 2624 3079 judicium
2673 3020 3006 3080 spectatura,
3060 3010 3114 3065 in
3143 3011 3367 3066 concio-

164 3091 422 3159 ἀξιόπιστος
452 3093 522 3168 ἦν
543 3115 560 3130 ·
590 3099 683 3152 καὶ
733 3099 920 3171 νεότης
967 3104 1440 3176 συκοφαντουμένη
1491 3107 1556 3160 ἐκ
1597 3106 1674 3177 τῆ‹

1853 3119 1920 3158 ιω
1973 3113 2215 3158 vocatur.
2264 3102 2462 3167 Porro,
2524 3103 2686 3158 iidem
2739 3102 2839 3172 ipsi
2893 3111 3244 3158 accusatores
3297 3117 3363 3158 ao

166 3186 422 3259 κρατούσης
441 3190 690 3254 ἐπινοίας
714 3192 1114 3258 κατεδικάζετο.
1147 3184 1331 3266 Δῆμος
1367 3181 1424 3249 δὲ
1465 3198 1676 3270 ἀναρῤι·

1857 3195 2001 3248 «Ιίροε
2035 3203 2222 3259 erant;
2257 3194 2524 3263 iidemque
2550 3193 2874 3247 calumniam
2898 3203 3112 3249 struens
3138 3193 3365 3248 canities

167 3277 351 3342 weak,
373 3281 463 3335 καὶ
493 3281 706 3345 παθὼν,
738 3282 768 3336 ὃ
790 3283 856 3357 δὴ
894 3285 1124 3356 πάσχειν
1147 3286 1254 3340 ἀπὸ
1277 3287 1454 3358 ὁρμῆς
1479 3288 1677 3360 ἐμπλή-

1955 3295 2060 3350 iat;
2091 3284 2340 3355 juventus
2371 3295 2548 3340 autem
2584 3283 2906 3340 calumniam
2931 3285 3140 3355 patiens
3166 3283 3234 3370 ab
3264 3284 3366 3340 ob.
3447 3301 3465 3308 δ

167 3383 264 3421 κτον
287 3371 430 3426 εἴωθε
465 3373 661 3444 δῆμος,
701 3376 998 3446 ἠγανάκτει
1023 3377 1433 3451 πεπλανημένος
1456 3422 1471 3446 ,
1503 3381 1598 3433 καὶ
1626 3384 1677 3452 τῇ

1853 3387 1999 3433 tante
2039 3376 2288 3446 opinione
2318 3375 2685 3446 praeiudicium
2738 3375 2967 3432 ferebat.
3005 3376 3086 3432 Ad
3121 3375 3239 3432 haec
3268 3391 3363 3432 ex-

165 3460 274 3531 όρμῇ
296 3463 393 3516 τῶν
423 3466 697 3537 γερόντων
723 3459 1136 3539 πνεξεφέρετο·
1169 3472 1346 3538 γονεῖς
1382 3470 1478 3541 τῆς
1515 3487 1675 3543 κρινο

1852 3479 1988 3524 tatus
2022 3466 2269 3539 populus,
2293 3467 2454 3536 idque
2483 3466 2690 3536 patiens
2711 3505 2726 3532 ,
2767 3466 2908 3536 quod
2939 3467 3006 3522 ab
3033 3467 3230 3524 stolido
3256 3467 3362 3522 im-

102 3551 110 3558 .
170 3549 300 3622 μένης
328 3553 614 3625 ἐθρήνουν
644 3557 783 3628 ἀνὴρ
805 3559 902 3629 τὴν
931 3559 1215 3631 συμφορὰν
1256 3559 1520 3632 ὠδύρετο·
1569 3579 1612 3613 πη

1855 3571 1918 3614 ειιι
1971 3558 2194 3628 populus
2251 3558 2360 3629 pati
2394 3557 2556 3625 solet,
2604 3573 2790 3614 errore
2825 3559 3226 3630 indignabatur,
3275 3573 3365 3616 so-

168 3640 232 3705 δες
252 3643 495 3712 ὠλόλυζον
518 3648 672 3702 ἐνθεν
706 3651 800 3703 καὶ
825 3650 1001 3714 ἐνθεν,
1038 3653 1136 3722 τῆς
1165 3653 1370 3724 μητρὸς
1421 3653 1678 3707 κινδυνευ-

1854 3667 2033 3721 nnqne
2055 3651 2312 3720 impetum
2349 3665 2450 3703 una
2475 3649 2825 3719 sequebatur.
2852 3650 2980 3706 Rea
3001 3660 3132 3706 acta:
3150 3650 3364 3706 feminae

169 3732 294 3806 δύτης
311 3739 712 3812 ἀπηρτημένοι·
736 3742 799 3796 τὸ
826 3743 982 3812 γένος
1008 3746 1074 3814 τῇ
1100 3743 1328 3816 αἰσχύνῃ
1363 3744 1679 3800 κεκάλυπτο.

1871 3753 2046 3800 rentes
2097 3742 2553 3808 lamentabantur,
2611 3740 2829 3811 lugebat
2873 3741 3100 3798 maritus
3155 3741 3380 3796 tristem.

171 3824 217 3877 Οξ
241 3827 287 3880 δὲ
307 3829 450 3883 καλοὶ
471 3831 746 3898 δικασταὶ,
784 3834 834 3886 oi
859 3834 959 3906 τῆς
1005 3834 1356 3906 σωφροσύνης
1393 3834 1681 3907 σύμμαχοι,

1853 3851 1976 3890 sum
2005 3833 2136 3903 ,iilii
2192 3833 2317 3887 hinc
2366 3831 2490 3887 inde
2539 3833 2700 3886 matri
2733 3832 2787 3886 in
2842 3831 3083 3908 periculo
3125 3831 3363 3887 versanti

173 3919 338 3988 σεμνῶς
362 3923 784 3996 κεκαλυμμένην
841 3925 1041 3996 ἱματίῳ
1096 3926 1252 3998 (οὐδέ
1303 3926 1406 3999 γὰρ
1458 3928 1549 3980 ἐπὶ
1594 3929 1683 3998 τῆς

1866 3938 2088 3990 :rcntes,
2125 3924 2351 3995 lugubre
2381 3923 3204 3994 qtiid‘voeikrabantur;genus
3240 3923 3376 3977 uni-_

176 4010 432 4079 συγχύσεως
460 4016 576 4069 τῶν
617 4015 800 4069 κακῶν
856 4016 1055 4085 ἑαυτῆς
1107 4016 1418 4083 ἐπελάθετο,
1453 4016 1564 4083 ἕξιν
1592 4017 1686 4088 τῆς

1862 4032 2006 4072 rsum
2038 4030 2148 4085 pne
2176 4016 2380 4085 pudore
2421 4014 2871 4071 abscondebatur.
2900 4013 3154 4069 Praeclari
3179 4023 3371 4067 autem

173 4091 492 4176 κοσμιότητοξ
537 4106 798 4178 Excisum)
858 4106 1195 4178 γυμνοῦσθαι
1239 4109 1338 4178 τῆς
1387 4109 1683 4181 εὐπρεποῦς

1855 4107 1866 4162 i
1906 4107 2112 4177 indices
2166 4121 2234 4161 ac
2288 4105 2557 4161 castitatis
2604 4106 2877 4174 vindices,
2933 4105 3157 4160 honeste
3201 4105 3365 4175 pallio

175 4193 337 4266 σκέπης
361 4198 673 4264 ἐκέλευσαν,
697 4200 782 4253 ἵνα
805 4201 862 4253 ὲν
882 4199 960 4270 τῷ
991 4198 1325 4272 δικαστηρίῳ
1356 4199 1424 4253 τὰ
1448 4201 1545 4271 τῆς
1577 4218 1685 4272 μοι-

1857 4207 2056 4253 ιιεοιυιη
2106 4197 2307 4272 (neque
2345 4199 2488 4252 enim
2522 4196 2604 4251 vel
2642 4199 2693 4252 in
2750 4197 3014 4269 malorum
3045 4195 3367 4251 confusione

173 4285 284 4352 χείας
326 4291 740 4362 ὲνεργάσωνται,
793 4293 870 4363 τῇ
908 4291 1006 4364 θέᾳ
1042 4292 1142 4362 τῆς
1202 4292 1525 4363 κρινομένης
1591 4291 1683 4363 τὴν

1851 4289 1876 4344 ιί
1906 4289 2020 4360 ipsa
2057 4287 2498 4351 obliviscebatur,
2519 4290 2816 4343 honestatis
2840 4287 3081 4342 habitum
3114 4287 3361 4358 babens,)

178 4376 356 4448 αἰσχρὰν
393 4382 685 4453 ἐπιθυμίαν
729 4382 1318 4455 προσαναπαύσαντες·
1373 4382 1688 4437 ἐπετίθεσαν

1852 4389 2020 4434 mesto
2069 4378 2330 4448 ejusmodi
2382 4387 2692 4450 legumento
2735 4378 2924 4432 nudari
2966 4377 3217 4446 jussere-,
3253 4393 3362 4448 quo

177 4463 220 4518 δὲ
259 4472 452 4539 καὶτὰς
485 4479 674 4548 χεῖρας
722 4479 790 4548 τῇ
829 4475 1038 4547 κεφαλῇ
1073 4474 1129 4548 (ὃ
1172 4475 1238 4548 δὴ
1289 4474 1555 4546 σύμϐολον
1591 4477 1687 4547 τῆς

1851 4483 1890 4521 ὀ
1920 4467 2164 4522 mtechiae
2199 4467 2483 4531 tribunali,
2529 4467 2814 4522 maechiam
2860 4476 3150 4536 operantcs
3171 4510 3187 4536 ,
3212 4465 3361 4537 judi-

178 4564 494 4633 κατακρίσεως
535 4563 602 4638 ἦν
627 4567 668 4637 ),
726 4567 1041 4638 χραίνοντες
1095 4565 1252 4636 σῶμα
1288 4565 1548 4638 ,καθαρὸν
1573 4607 1588 4633 ,
1635 4568 1684 4620 oi

1850 4559 1978 4613 :nda:
2022 4557 2262 4613 mulieris
2316 4566 2536 4627 aspectu
2581 4566 2789 4626 turpem
2819 4557 3163 4626 cupiditatem
3203 4558 3360 4613 seda-

178 4649 427 4721 ἀκόλαστοι,
459 4661 526 4730 τῇ
554 4659 688 4729 ἀφῇ,
721 4659 815 4711 καὶ
848 4658 968 4712 κατ’
1001 4658 1167 4727 αὐτῆς
1215 4656 1589 4730 ἐδημηγόρουν
1624 4657 1685 4711 τδ

1848 4659 1946 4715 :nt;
1993 4647 2088 4703 sed
2133 4658 2188 4704 et
2235 4646 2642 4718 manus'capiti
2687 4647 3026 4718 imponentes
3074 4649 3194 4720 (pro
3237 4649 3358 4705 latae

178 4739 340 4813 Ψεῦδος,
363 4749 408 4801 οἱ
437 4749 589 4802 καλοὶ
616 4749 712 4820 τῆς
743 4748 1001 4820 ἀληθείας
1037 4747 1356 4818 προστάται.

1847 4741 2033 4797 ἰιώοιο
2061 4738 2463 4810 damnationis).
2491 4739 2748 4793 mundum
2776 4738 2903 4793 illud
2931 4754 3154 4811 corpus,
3179 4741 3357 4811 impu-

1786 4835 1890 4891 dici
1922 4833 2166 4888 homines
2202 4839 2453 4887 contactu
2476 4829 2818 4900 polluebant;
2858 4845 2920 4886 ac
2954 4840 3140 4886 contra
3195 4847 3313 4886 eam
3340 4873 3359 4897 ,

1788 4924 1912 4980 belli
1935 4922 2176 4980 veritatis
2197 4920 2468 4992 pmsides,
2488 4918 2678 4975 lalsum
2699 4935 2792 4990 pro
2821 4921 3081 4977 concione
3109 4924 3357 4980 orabant.

234 5013 306 5078 ἀς
324 5017 374 5072 δὲ
395 5021 424 5073 ό
450 5020 577 5086 λαὸς
604 5021 842 5094 ὑπήχθη,
867 5023 962 5077 καὶ
991 5024 1024 5095 ὴ
1062 5023 1243 5094 ψῆφος
1271 5021 1491 5093 ἠνέχθη,
1524 5021 1619 5074 καὶ
1650 5020 1685 5092 ἡ

1867 5014 1968 5073 L'bi
2017 5029 2198 5086 porro,
2217 5027 2471 5084 persuaso
2520 5012 2883 5083 populo,jam
2933 5015 3196 5069 sententia
3249 5016 3361 5074 lata

180 5109 366 5180 τιμωρία
381 5111 601 5184 πλησίον
636 5111 727 5186 ἦν,
761 5109 1054 5186 ’ἀνέϐλεψεν
1082 5115 1203 5169 τότε
1241 5117 1275 5186 ὴ
1324 5129 1688 5184 συκοφαντου-

1848 5117 1980 5171 .set,
2027 5119 2092 5162 ac
2142 5119 2301 5174 poena
2347 5104 2610 5169 instaret,
2647 5113 2775 5159 tunc
2825 5105 3148 5162 calumniam
3201 5123 3358 5177 passa

185 5194 282 5266 μένη
301 5200 420 5269 πρὸς
439 5204 528 5258 τὸν
557 5204 955 5278 δικαστὴνξτῶν
977 5205 1179 5278 κριτῶν
1203 5221 1218 5236 °
1277 5205 1539 5275 ἐφέσιμον
1575 5202 1687 5275 τὴν

1852 5201 1988 5256 utier
2019 5197 2086 5253 ad
2124 5197 2368 5268 judicum
2399 5198 2546 5252 illum
2589 5196 2828 5266 iudicem
2878 5200 3134 5268 aspexit:
3179 5213 3361 5255 causa:

182 5283 296 5359 δίκην
321 5292 373 5356 ἐξ
389 5295 680 5367 ἀνθρώπων
717 5298 892 5369 ἧγαγε
923 5299 1058 5370 πρὸς
1098 5298 1189 5352 τὸν
1221 5297 1356 5351 Θεόν
1375 5312 1392 5326 ⁸
1425 5296 1690 5351 ἐπεκαλέ-

1849 5293 2168 5347 ιιιιίεεὶοηεηι
2199 5293 2266 5342 ab
2305 5288 2615 5345 hominibus
2654 5289 2709 5343 in
2744 5291 2908 5344 Deum
2942 5291 3237 5346 transtulit.
3269 5290 3359 5344 ln-

186 5392 280 5432 σιτο
306 5384 358 5436 τὸ
384 5387 805 5460 ἀπαραλόγιστον
835 5389 1200 5462 δικαστήριον,
1255 5389 1350 5444 καὶ
1393 5389 1493 5443 οὐκ
1523 5388 1687 5460 ἐϐράο

1849 5384 2004 5439 icavit
2046 5380 2280 5436 tribunal
2309 5379 2435 5434 illud
2463 5382 2602 5450 quod
2636 5379 2744 5435 falli
2787 5382 3005 5449 nequit;
3033 5395 3132 5437 nec
3157 5380 3359 5436 veritas

184 5466 346 5548 δυνενη
378 5478 611 5550 ἀλήθεια.
655 5482 938 5553 Ἀνάστηθι
983 5500 1072 5554 μοι
1103 5481 1308 5544 λοιπὸν,
1346 5475 1392 5533 ὧ
1447 5480 1682 5551 μακάριε

1848 5476 2086 5544 iidquam
2125 5473 2381 5527 tardavit.
2412 5469 2491 5524 Tu
2531 5470 2659 5524 mihi
2693 5470 2807 5539 jam
2863 5484 3075 5539 quoque
3097 5511 3111 5533 ,
3140 5487 3174 5526 ο
3204 5473 3358 5526 beate

185 5559 352 5633 ᾱανιηλ,
383 5570 471 5622 καὶ
513 5569 608 5624 νῦν
639 5571 732 5625 ἐπὶ
759 5570 854 5627 τοῦ
902 5571 1060 5641 λόγου
1087 5611 1101 5639 ,
1135 5570 1212 5636 ὡς
1252 5554 1543 5642 διήγέρθης
1589 5571 1683 5625 καὶ

1843 5565 2000 5636 anisi,
2035 5579 2139 5636 qua
2171 5573 2296 5620 tunc
2333 5560 2544 5617 ratione
2587 5576 2618 5616 a
2651 5561 2852 5632 Spiritu
2884 5561 3154 5617 excitatus
3176 5575 3236 5616 es
3257 5599 3273 5627 ,
3301 5561 3353 5617 in

238 5735 273 5770 ”
295 5737 426 5800 Prov.
459 5764 508 5818 v,
546 5751 626 5808 ιο.
