3824 6270
204 292 318 349 249

1146 300 1427 381 ΠΟΜΙῌΑ
1468 308 1580 366 νη.
1609 310 1679 365 IN
1716 310 1972 371 CIECUM
1995 316 2040 370 Α
2078 315 2518 374 NATIVITATE.

3365 324 3472 381 250

204 414 590 512 Esemvti'ew,
618 416 811 482 παῖδας
827 419 1159 490 ἀμφιϐόλους
1177 424 1523 497 ἐργάζεσθαι.
1546 430 1611 482 Οἱ
1630 447 1801 501 πρεσι-

1915 434 2134 491 lamilias
2169 436 2426 505 perdere,
2464 435 2659 494 dubias
2698 435 2877 504 proles
2910 436 3110 495 facere.
3144 436 3250 495 Vos
3280 454 3473 512 senes,

206 508 403 577 ϐύται,
442 510 570 574 τοὺς
601 511 876 575 τοιούτους
900 514 1169 583 μισήσατε
1204 516 1497 588 γέροντας·
1551 522 1603 574 οἱ
1641 521 1799 581 δυνά-

209 617 364 663 σται,
400 601 678 673 φοϐήθητε
726 602 835 656 τῶν
888 603 1092 675 κριτῶν
1148 609 1480 683 παρανόμων
1511 612 1574 666 τὸ
1611 613 1796 680 τέλος·

206 693 256 749 οἱ
288 692 429 756 νέοι,
461 692 775 764 μιμήσασθε
794 694 884 748 τὸν
914 696 1208 770 ἡλικιώτην
1237 699 1341 757 τὸν.
1357 701 1495 767 νέον,
1532 703 1597 758 ἵν’
1626 704 1800 769 οὕτως

207 781 460 855 ἑκάστης
482 783 701 855 ἡλικίας
734 787 815 849 είς
834 786 923 841 τὸν
953 786 1123 841 τύπον
1153 788 1260 846 τῶν
1288 790 1470 847 καλῶν
1499 794 1802 866 μορφωθεί-

212 888 339 941 σης,
402 874 464 926 τὸ
513 877 620 929 πᾶν
653 876 929 948 πλήρωμα
977 878 1078 950 τῆς
1129 880 1457 951 Ἐκκλησίας
1511 867 1663 953 ἅγιον
1707 886 1801 939 καὶ

210 964 511 1035 εὐδόκιμον
532 966 778 1037 γένηται,
813 970 873 1022 ἐν
921 969 1140 1041 Χριστῷ
1167 971 1245 1041 τῷ
1276 972 1492 1046 Σωτῆρι
1512 974 1672 1045 ἡμῶν
1692 991 1706 1006 ·
1755 968 1803 1044 ᾧ

210 1055 425 1125 πρέπει
452 1054 600 1122 δόξα,
628 1056 850 1127 κράτος,
879 1060 1035 1132 τιμὴ,
1080 1061 1176 1113 σὺν
1205 1061 1284 1133 τῷ
1326 1064 1646 1138 συνανάρχῳ
1690 1067 1803 1120 Πα-

207 1148 331 1216 τρὶ,
365 1147 463 1200 καὶ
490 1144 570 1217 τῷ
603 1147 856 1218 παναγίῳ
909 1151 1004 1203 καὶ
1032 1149 1281 1224 ζωοποιῷ
1330 1153 1646 1226 Πνεύματι,
1705 1156 1801 1213 νῦν

210 1237 314 1292 καὶ
344 1238 456 1305 ἀεὶ,
478 1237 573 1293 καὶ
601 1238 680 1303 είς
708 1239 838 1305 τοὺς
863 1239 1066 1306 αίῶνας
1088 1242 1196 1297 τῶν
1233 1243 1465 1300 αἰώνων.
1515 1247 1706 1319 Ἀμήν.

982 1376 1060 1428 Z'.

562 1465 669 1530 Εις
706 1465 815 1518 τὸν
843 1464 912 1519 ἐκ
944 1468 1180 1534 κοιλίας
1207 1472 1462 1540 τυφλόν.

299 1574 651 1647 Ἦκούσαμεν
683 1578 885 1648 ἀρτίως
919 1579 1014 1634 τοῦ
1050 1580 1167 1635 υίοῢ
1210 1582 1309 1654 τῆς
1343 1583 1572 1658 βροντῆς
1616 1585 1802 1641 Ἰωάν-

209 1684 339 1728 νου,
381 1666 580 1738 μᾶλλον
610 1669 667 1722 δὲ
710 1669 802 1723 τοῦ
835 1670 993 1739 ἁγίου
1023 1671 1362 1743 Πνεύματος,
1390 1675 1485 1729 τοῦ
1519 1676 1610 1731 τὸν
1648 1676 1805 1732 ἁλιέα

1898 541 2058 583 senes
2099 527 2190 596 qui
2236 527 2370 582 tales
2424 527 2535 582 sint
2605 527 2730 589 odio
2800 526 3032 596 habete;
3089 529 3471 600 magistratus,

1901 616 2208 687 iniquorum
2232 617 2476 687 iudicum
2503 618 2662 673 linem
2694 617 2880 673 timete
2902 634 2917 671 :
2936 616 3186 687 juvenes,
3212 619 3469 689 aequalem

1899 708 2052 763 vobis
2078 706 2332 789 juvenem
2362 707 2670 773 imitamini,
2699 722 2806 777 quo
2832 709 2912 765 sic
2937 709 3083 764 omni
3112 719 3270 766 etate
3298 711 3351 766 in
3377 712 3473 767 bo-

1899 813 2092 855 norum
2136 798 2366 853 formata
2400 808 2584 867 typum
2603 839 2619 864 ,
2651 798 2905 863 Ecclesia:
2931 811 3107 857 cattus
3131 803 3313 859 omnis
3343 817 3472 858 san-

1899 899 2023 949 ctus
2038 904 2103 945 ac
2128 890 2387 959 probatus
2414 889 2699 957 elﬁciatur,
2736 892 2788 949 in
2819 892 3035 949 Christo
3070 892 3351 951 Salvatore
3378 908 3475 951 nov

1899 987 2041 1045 stro;
2099 994 2263 1049 quem
2317 985 2471 1037 decet
2520 981 2726 1049 gloria,
2770 990 3053 1051 potestas,
3101 982 3295 1049 honor,
3349 998 3474 1039 cum

1902 1069 2066 1126 Patre
2092 1083 2399 1139 coaeterno,
2425 1072 2876 1144 sanctissimoque
2900 1089 2964 1130 ac
2990 1074 3207 1131 viviﬁco
3233 1073 3472 1145 Spiritu,

1901 1177 2046 1220 nunc
2078 1171 2132 1219 et
2154 1178 2390 1237 semper,
2420 1174 2475 1220 et
2506 1165 2558 1219 in
2590 1166 2786 1221 saecula
2817 1164 3164 1221 saeculorum.
3203 1164 3401 1222 Amen.

2636 1376 2747 1436 νη.

2266 1472 2339 1528 In
2359 1489 2553 1528 meum
2573 1489 2604 1528 α
2632 1474 2903 1530 ηαιίυἱεαιε
2921 1474 2967 1511 ⁸⁸
2988 1474 3121 1547 (37).

1971 1585 2287 1642 Audivimus
2327 1586 2486 1641 modo
2526 1587 2704 1643 divina
2755 1587 2914 1658 plane
2944 1603 3007 1643 ac
3031 1586 3279 1642 sublimia
3315 1602 3476 1658 argu-

1905 1687 2089 1732 menta
2146 1678 2368 1733 tonitrui
2417 1678 2511 1733 fliii
2572 1678 2835 1745 Joannis,
2881 1694 2973 1734 seu
3028 1678 3206 1748 potius
3241 1677 3475 1748 Spiritus

210 1759 319 1811 καὶ
360 1760 726 1832 χειροτέχνην,
767 1760 1087 1833 συγγραφέα
1130 1764 1225 1816 καὶ⁹
1275 1763 1611 1837 λογογράφον
1641 1770 1805 1841 ἔργα·

1915 1770 2117 1835 sancti,
2147 1772 2239 1840 qui
2283 1773 2530 1825 eumdem
2564 1785 2629 1826 ex
2661 1772 2933 1842 piscatore
2969 1786 3031 1825 ac
3074 1770 3308 1825 manuali
3345 1771 3478 1824 arti-

209 1849 463 1919 σαμένου
517 1850 678 1904 θείων
717 1850 887 1914 ὅντως
923 1851 1014 1904 καὶ
1049 1852 1270 1925 ὑψηλῶν
1309 1854 1638 1911 ὑποθέσεων.
1680 1857 1799 1923 Ἐξ-

207 1943 500 2011 ηγήσαντιι
539 1941 647 2014 γὰρ
687 1944 817 2014 ἡμῖν
848 1942 1049 2017 πολλὴν
1088 1946 1182 1999 καὶ
1219 1947 1435 2019 μακρὰν
1460 1947 1556 2001 τοῦ
1599 1949 1804 2020 Κυρίου

206 2032 478 2097 διᾰλεξιν,
511 2033 582 2086 δι’
618 2028 688 2107 ἧς
730 2034 822 2088 τὸν
854 2035 1051 2108 ἀπειθῆ
1094 2036 1222 2091 λαὸν
1260 2038 1352 2091 καὶ
1398 2038 1681 2111 δυσήκοον,
1707 2038 1806 2110 τὴν

205 2124 314 2177 τοῦ
351 2125 564 2197 Πατρὸς
612 2126 705 2178 καὶ
747 2125 877 2179 Υἱοῦ
914 2126 1245 2196 θεογνωσίαν
1273 2129 1547 2194 ἐπαίδευε,
1583 2129 1682 2201 τῆς
1713 2147 1809 2201 μο-

208 2217 492 2288 ναρχικῆς
525 2216 732 2281 ἑννοίας
783 2218 893 2272 τῶν
937 2218 1203 2290 Ἑϐραίων
1240 2221 1470 2289 ἀπάγων
1496 2222 1622 2285 τοὺς
1659 2221 1807 2290 λογι-

217 2309 423 2377 σμοὺς,
458 2306 692 2376 ἀνοίγων
722 2307 778 2361 δὲ
817 2307 1002 2373 αὑτοῖς
1043 2308 1140 2379 τὴν
1163 2309 1333 2381 θύραν
1360 2309 1464 2379 τῆς
1495 2310 1717 2381 χαρίτος
1742 2310 1807 2363 ἐκ

216 2397 326 2465 τῆς
356 2396 588 2467 νομικῆς
616 2397 988 2468 παραδόσεως,
1021 2398 1117 2452 καὶ
1145 2399 1283 2471 πρὸς
1311 2400 1412 2470 τὴν
1442 2399 1651 2471 Καινὴν
1676 2402 1804 2453 Δια-

218 2488 403 2560 θήκην
435 2490 499 2542 ὲκ
523 2490 621 2559 τῆς
646 2490 890 2559 Παλαιᾶς
916 2491 1199 2563 ἠρεμαίως
1236 2492 1403 2560 ἄγων,
1446 2492 1522 2557 ὡς
1555 2494 1653 2564 τῆς
1683 2494 1809 2564 ἐρή-

222 2598 335 2652 μου
363 2581 628 2652 πρότερον
654 2582 745 2635 ἐπὶ
770 2582 868 2654 τὴν
901 2583 1006 2654 γῆν
1041 2581 1187 2655 [τὴνς
1213 2583 1475 2637 πλουσίαν
1500 2584 1593 2637 καὶ
1615 2583 1811 2657 εὔκαρ-

219 2690 350 2726 πον,
394 2673 536 2724 Ἀλλ’
573 2673 723 2745 ὅμως
761 2673 1068 2739 δεικνύντος
1098 2673 1263 2728 αὑτοῦ
1298 2674 1559 2738 ποικίλως
1590 2675 1684 2729 καὶ
1708 2676 1808 2743 τὴν

223 2763 369 2816 ἰδίαν
407 2762 664 2836 ὕπαρξιν,
706 2764 783 2827 ὡς
827 2765 1151 2838 προαιώνιος
1179 2765 1435 2836 ὑπάρχει,
1470 2765 1563 2818 καὶ
1605 2767 1692 2820 ἀεὶ
1729 2765 1808 2837 τῷ

221 2855 405 2926 Πατρὶ
446 2856 791 2927 συνημμένη,
830 2858 926 2909 κα)⁸
961 2856 1258 2929 διαρρήδην
1307 2860 1423 2921 τοῖς
1469 2860 1674 2927 κωφοῖς
1716 2860 1811 2929 ὲμ-

220 2946 495 3012 ϐοῶντος’
549 2948 686 3019 Πρὶν
749 2948 1000 3021 Ἀϐραὰμ
1044 2950 1299 3019 γενέσθαι
1348 2950 1459 3021 ἐγώ
1496 2952 1640 3023 εἰμι’
1684 2950 1807 3005 οὔτε

215 3036 321 3091 τοῦ
372 3038 535 3107 λόγου
587 3039 848 3110 μαθόντες
893 3041 991 3113 τὴν
1044 3041 1305 3114 δύναμιν,
1354 3042 1479 3096 οὔτε
1527 3043 1617 3097 διά
1662 3061 1807 3108 τινος

1907 1860 2037 1923 tice,
2091 1859 2407 1928 scriptorem
2452 1873 2517 1914 ac
2563 1868 2833 1914 oratorem
2868 1858 3064 1914 effecit.
3108 1857 3313 1929 Quippe
3341 1855 3481 1911 mul-

1908 1956 2015 2002 tam
2046 1948 2201 2003 nobis
2234 1963 2298 2003 ac
2324 1948 2589 2018 prolixam
2620 1959 2946 2005 enarraruut
2987 1948 3195 2004 Domini
3232 1948 3474 2018 disputa-

1907 2039 2136 2104 tionem,
2169 2054 2274 2109 qua
2310 2040 2374 2105 is,
2410 2041 2479 2095 ab
2513 2038 2863 2095 Hebrzeorum
2904 2038 3137 2110 cogitata
3167 2039 3479 2095 mouarchia

1907 2128 2117 2182 animos
2139 2127 2431 2194 abducens,
2460 2139 2836 2184 contumacem
2866 2142 2930 2184 ac
2959 2127 3290 2184 incredulum
3315 2144 3484 2198 popu-

1907 2217 2016 2271 lum
2064 2217 2244 2271 divina
2286 2217 2463 2273 Patris
2507 2234 2571 2273 ac
2607 2218 2729 2273 Filii
2774 2218 3001 2274 scientia
3043 2218 3314 2284 erudiret;
3357 2230 3485 2288 por-

1906 2319 2015 2364 tam
2043 2309 2123 2363 eis
2155 2310 2343 2377 gratiae
2378 2326 2407 2363 a
2432 2309 2591 2377 legali
2621 2309 2911 2365 traditione
2944 2309 3214 2381 aperiens,
3253 2312 3483 2365 sensinp

1905 2416 2012 2470 que
2072 2415 2100 2454 a
2131 2399 2310 2456 Veteri
2350 2402 2418 2455 ad
2463 2400 2679 2456 Novum
2706 2401 3135 2469 Testamentum,
3175 2402 3321 2457 velut
3353 2402 3479 2456 olim

1907 2507 1938 2547 a
1968 2493 2182 2547 deserto
2209 2494 2276 2546 ad
2301 2493 2525 2547 divitem
2556 2492 2701 2547 illam
2742 2508 2805 2548 ac
2837 2493 3081 2563 frugibus
3121 2494 3342 2569 uberem
3374 2502 3486 2548 ter-

1908 2601 2054 2653 ram,
2083 2587 2308 2641 ducens.
2351 2586 2619 2642 Caeterum
2670 2587 2873 2642 dumis
2918 2588 3066 2642 varie
3110 2596 3481 2657 praeaeternam

1907 2691 2058 2732 suam
2106 2678 2513 2745 exsistentiam,
2559 2692 2623 2733 ac
2675 2676 2825 2732 Patri
2872 2693 3087 2749 semper
3138 2677 3482 2747 coniunctam

1909 2767 2137 2837 probat,
2187 2783 2253 2823 ac
2295 2769 2494 2822 diserte
2536 2768 2697 2823 caecis
2744 2767 2997 2822 inclamat
3052 2782 3176 2823 esse
3229 2784 3291 2822 se
3356 2776 3485 2822 ante

1909 2857 2187 2912 Abraham
2220 2859 2298 2927 ”;
2331 2858 2465 2912 nihil
2494 2858 2569 2913 illi
2614 2859 2884 2913 sermonis
2930 2867 3211 2927 perspecta
3248 2859 3482 2921 virtute,

1908 2948 2162 3020 nullaque
2191 2949 2324 3006 scita
2363 2950 2791 3006 contradictione
2844 2952 2988 3020 quod
3042 2950 3251 3006 dictum
3285 2950 3486 3019 impro-

1910 3042 2113 3096 babant
2156 3036 2569 3110 coargueutes,‘
2616 3042 2902 3096 verborum
2960 3041 3078 3095 loco
3157 3041 3229 3094 ad
3278 3040 3487 3110 lapides

218 3108 599 3201 ἐπιστήμονος
629 3108 1000 3203 ἀντιρρήσεως
1026 3132 1088 3186 τὸ
1118 3108 1196 3205 μη
1238 3134 1575 3206 παραδεχθὲν
1601 3134 1807 3203 διελέγ-

1915 3133 2313 3203 confugiebant,
2371 3150 2437 3189 ac
2461 3135 2550 3187 diu
2580 3142 2705 3186 ante
2729 3148 2943 3187 crucem
2973 3148 3166 3188 manus
3188 3132 3486 3186 homicidas

224 3221 441 3288 ξαντες,
475 3224 568 3277 ἐπὶ
615 3225 741 3288 τοὺς
782 3223 964 3288 λίθους
1003 3225 1125 3279 ἀντὶ
1166 3225 1277 3279 τῶν
1321 3225 1497 3295 λόγων
1534 3225 1808 3299 ἐχώρουν

223 3314 326 3368 καὶ
384 3312 667 3387 πόρρωθεν
725 3315 819 3368 τοῦ
881 3315 1115 3388 σταυροῦ
1165 3317 1266 3382 τὰς
1340 3317 1568 3386 φονικὰς
1621 3319 1811 3388 χεῖρας

223 3406 369 3476 πρὸς
409 3406 509 3475 τὴν
554 3407 867 3476 μιαιφονίαν
899 3406 1222 3478 ἐγύμναζον.
1269 3408 1327 3462 '0
1369 3407 1426 3461 δὲ
1466 3407 1655 3481 κρίνας
1683 3425 1815 3462 παν-

220 3497 401 3568 ταχοῦ
438 3498 802 3571 μακροθύμως
843 3497 988 3570 ἔχειν
1029 3500 1164 3571 πρὸς
1211 3500 1302 3553 τὸν
1350 3499 1611 3571 ὑϐριστὴν
1642 3500 1813 3571 δῆμον

223 3591 323 3644 καὶ
359 3589 703 3662 βλάσφημον,
746 3590 1017 3656 ἐξέκλινεν
1048 3591 1229 3646 αὐτῶν
1261 3592 1359 3664 τὴν
1387 3590 1556 3663 ὀργὴν
1592 3591 1686 3645 καὶ
1719 3592 1812 3645 τὸν

226 3679 482 3750 θόρυϐοψ
528 3680 589 3733 οὑ
625 3680 896 3745 ταπεινῶς
928 3680 1364 3752 ἀποδιδράσκων,
1395 3680 1531 3735 ἀλλά
1569 3680 1768 3744 θεῖκῶς
1794 3697 1808 3711 ·

226 3773 288 3836 ὃς
315 3775 374 3826 ἐν
405 3772 551 3843 μέσῳ
606 3789 666 3825 τε
700 3773 962 3844 εἱστήκει,
992 3773 1084 3825 καί
1114 3771 1512 3843 ψηλαφώμενος
1534 3772 1633 3826 οὑκ
1666 3771 1816 3826 ἐϐλέ-

227 3882 389 3925 πετο,
435 3864 529 3917 καὶ
577 3866 690 3926 τοῖς
733 3863 1124 3934 φλεγμαίνουσι
1196 3862 1661 3936 προστριϐόμενος
1716 3863 1814 3934 οὑχ

230 3956 474 4028 ἑωρᾶτο·
526 3955 644 4009 ἀλλ’
686 3955 1012 4027 εἱστήκεσαν
1048 3955 1209 4018 ὲνεοὶ,
1251 3958 1318 4026 τῇ
1357 3956 1455 4028 μὲν
1498 3954 1814 4026 προαιρέσει

231 4047 557 4117 φονοῦντες,
590 4048 820 4102 καθότω
863 4048 919 4101 δὲ
942 4047 1042 4120 τὴν
1086 4046 1255 4120 ὀργὴν
1286 4047 1734 4119 ὲκπληρώσουσιν
1757 4048 1807 4081 ⁸⁸⁵

231 4140 332 4209 οὑχ
397 4138 774 4210 εὑρίσκοντες·
828 4139 1003 4209 ὅμοιοι
1056 4121 1346 4209 θηρευταϊς
1395 4138 1663 4209 ἀπείροις,
1721 4137 1813 4203 οἳ,

232 4232 456 4285 ἐπειδὰν
481 4231 588 4303 πρὸ
612 4230 804 4303 καιροῦ
828 4230 927 4304 τὴν
955 4229 1128 4301 Θήραν
1148 4230 1581 4301 ἀποσοϐήσουσιν
1601 4230 1817 4296 ’⁷,ὑπο-

229 4322 550 4395 ϐραμούσης
599 4324 699 4395 τῆς
743 4323 947 4392 ἐλάφου
996 4321 1204 4393 λόχμην
1247 4321 1406 4385 τινὰ,
1454 4322 1568 4400 καὶ.
1595 4321 1816 4390 ἀφανῶς

1912 3228 1980 3280 ad
2019 3226 2219 3280 caedem
2245 3226 2591 3279 exercebant.
2619 3224 2714 3278 Cui
2746 3238 2873 3279 vero
2910 3224 3106 3294 ubique
3132 3224 3483 3279 constitutum

1911 3325 2054 3371 esset
2103 3325 2163 3370 ut
2212 3316 2280 3368 ad
2306 3314 2759 3371 oonturnctiosum
2800 3328 2865 3367 ac
2900 3314 3281 3385 blasphemum.
3325 3328 3490 3383 popu-

1914 3406 2021 3460 lum
2050 3406 2432 3477 longanimiter
2474 3406 2739 3469 haberet,
2788 3419 2971 3459 eorum
3011 3404 3303 3459 declinavit
3352 3404 3488 3462 iram

1914 3510 2076 3570 atque
2107 3499 2392 3557 tumultum
2421 3538 2437 3564 ,
2502 3513 2614 3553 non
2651 3497 2873 3564 humili,
2911 3498 3006 3553 sed
3039 3498 3216 3553 divina
3251 3496 3487 3567 quadam

1915 3592 2126 3661 fugiens
2169 3591 2378 3646 ratione
2407 3609 2421 3647 :
2452 3591 2543 3663 qui
2590 3591 2802 3645 medius
2834 3599 2989 3645 stans
3011 3630 3025 3655 ,
3061 3604 3124 3645 ac
3146 3605 3267 3643 cum
3305 3587 3488 3659 palpa-

1916 3694 2087 3747 retun,
2120 3698 2225 3737 non
2249 3692 2602 3750 cerneretur;
2641 3694 2972 3751 versansth
3016 3696 3138 3735 cum
3168 3680 3247 3734 ira
3276 3687 3482 3733 tumen-

1918 3774 2059 3829 tibus
2084 3814 2100 3839 ,
2142 3789 2250 3829 non
2282 3774 2577 3829 videretur.
2614 3772 2901 3828 Steterunt
2935 3785 3063 3826 vero
3111 3770 3186 3843 illi
3231 3769 3441 3823 attoniti
3471 3805 3489 3832 ,

1916 3862 2079 3922 animi
2126 3867 2341 3938 quidem
2376 3867 2655 3937 proposito
2709 3866 2762 3921 in
2796 3867 2997 3920 caedem
3054 3864 3285 3927 intenti,
3343 3862 3488 3916 haud

1919 3971 2098 4016 tamen
2168 3962 2501 4015 invenientes
2554 3974 2657 4028 qua
2712 3958 2921 4012 ratione
2971 3956 3116 4010 iram“
3169 3954 3481 4025 explerent;

1916 4052 2050 4107 nihil
2081 4052 2426 4107 venatoribus
2473 4049 2738 4121 imperitis
2785 4048 3093 4114 absimiles,
3130 4047 3223 4116 qui
3263 4059 3491 4115 praema-

1920 4144 2096 4200 turius
2140 4145 2405 4199 suscitata
2466 4156 2529 4195 ac
2580 4142 2828 4197 submota
2887 4138 3064 4208 paeda
3092 4176 3108 4202 ,
3164 4135 3493 4204 sufl‘ugicnle

1918 4250 2081 4291 cervo
2114 4234 2164 4288 in
2193 4237 2379 4288 locum,
2397 4232 2654 4301 aliquem,
2689 4246 2751 4285 ac
2776 4226 3077 4284 clanculum
3106 4240 3325 4296 egresso
3349 4264 3365 4292 ,
3409 4233 3491 4279 te-

1921 4340 2071 4381 mere
2100 4340 2196 4395 per
2239 4323 2431 4378 saltum
2479 4330 2703 4387 errant,
2743 4318 3029 4374 molestum
3069 4332 3205 4371 onus
3251 4317 3383 4371 retia
3416 4316 3492 4370 fc—

233 4414 577 4486 ἐξελθούσης,
609 4415 732 4485 εἰκῆ
775 4413 1085 4467 πλανῶνται
1129 4412 1271 4467 κατά
1298 4412 1395 4484 τὴν
1426 4412 1624 4483 νάπην,
1654 4410 1809 4481 ἄχθος

1923 4426 2126 4481 rentes,
2158 4414 2475 4483 frustraque
2503 4426 2687 4468 secum
2719 4410 2928 4467 catulos
2960 4409 3256 4463 trahentes.

234 4507 537 4579 περίεργον
562 4506 633 4560 τὰ
673 4507 869 4561 δίκτυα
894 4505 1172 4579 φέροντες,
1197 4504 1290 4558 καὶ
1317 4504 1505 4575 μάτην-
1522 4503 1653 4566 τοὺς
1682 4501 1812 4556 σκύ-

234 4600 410 4663 λακας
437 4598 813 4669 ἐφελκόμενοι.

320 4691 466 4760 Ἐγὼ
493 4690 574 4755 δὲ,
616 4691 665 4742 εἰ
701 4690 797 4744 καὶ
832 4689 902 4743 τά
945 4688 1081 4742 ἄλλα
1108 4685 1319 4771 ξραῦλος
1351 4688 1590 4758 οἰκέτης,
1622 4686 1813 4740 τούτου

236 4784 371 4852 γοῦν
398 4783 500 4837 οὐκ
539 4780 896 4852 ἐξελαθόμην,
921 4780 1005 4835 ὅτι
1037 4778 1223 4843 δοῦλός
1257 4781 1394 4852 εἰμι,
1421 4779 1515 4835 καί
1550 4797 1618 4850 με
1662 4796 1817 4851 προσ-

1994 4677 2256 4749 Equidem
2318 4692 2471 4743 vero,
2525 4690 2833 4748 quanquam
2888 4675 3088 4745 alioqui
3143 4691 3259 4730 sum
3318 4689 3492 4730 ma.us

1924 4787 2139 4837 servus,
2176 4770 2226 4825 id
2255 4780 2445 4827 tamen.
2467 4771 2695 4827 necdum
2725 4769 2927 4827 oblitus
2943 4784 3087 4834 sum,
3117 4783 3239 4825 esse
3266 4783 3350 4825 me
3376 4783 3493 4823 ser-

309 4943 357 4974 ⁸⁸
389 4941 633 5015 Seguier.
667 4937 1114 5010 ἐκπληρώσωσιν.
1188 4940 1233 4972 ³⁷
1271 4938 1516 5010 Seguicr.
1547 4937 1809 5011 ἀνασοϐήε

1915 4954 1976 4991 ιν.
2053 4935 2098 4968 ⁸⁸
2124 4934 2279 4991 Joau.
2311 4951 2386 4999 Ix,
2416 4935 2438 4988 Ι
2472 4949 2590 5009 sqq.
2669 4931 2714 4964 ”
2744 4931 2897 4987 Joan.
2928 4946 3046 4997 vui,
3082 4930 3176 4985 58.

313 5078 429 5145 (57)
462 5078 541 5131 Ex
568 5077 636 5131 Β.
662 5074 726 5130 Ρ.
756 5075 872 5131 Jac.
902 5074 1183 5145 Sirmundi
1202 5074 1391 5131 societ.
1406 5072 1536 5145 Jesu
1568 5083 1820 5145 autogra-

240 5143 350 5220 pbo
381 5143 565 5203 multis
593 5146 877 5220 emendato
901 5143 1341 5220 eaSeguieriano
1361 5144 1651 5220 codiceni
1668 5143 1819 5197 llunc

241 5212 576 5281 sermonem,
623 5215 779 5283 plane
835 5212 1165 5271 luculentum
1223 5213 1506 5283 suggessit,
1543 5212 1641 5266 viri
1694 5228 1815 5283 cum

242 5287 569 5349 doctissimi,
623 5280 733 5339 tum
771 5285 1140 5339 humanissimi
1174 5283 1239 5340 Β,
1280 5280 1343 5338 P.
1383 5280 1498 5337 Jac.
1532 5282 1809 5337 Sirmundi

242 5358 671 5427 antograplnttn;
706 5356 785 5410 sic
821 5369 1094 5427 nunquam
1130 5352 1403 5427 communi
1431 5354 1817 5427 _bono_t:ons_tt-

242 5428 358 5482 lere
375 5421 631 5493 vdesinit,
659 5421 870 5494 quibus
902 5421 987 5479 vel
1028 5426 1143 5492 ipse
1188 5424 1335 5487 edit,
1360 5421 1457 5494 vel
1488 5421 1667 5478 studio
1690 5421 1815 5476 olim

246 5497 501 5563 collecta,
532 5496 651 5549 aliis
684 5493 887 5550 edenda
914 5494 1185 5564 impertit;
1223 5508 1285 5547 ea
1318 5493 1551 5564 maxime
1581 5507 1820 5546 commu-

243 5560 522 5623 nicatione
540 5565 607 5618 τὸ
632 5564 776 5618 θεῖον
801 5560 1059 5629 imitatus,
1111 5579 1175 5616 ae
1203 5563 1414 5631 dignus,
1445 5560 1599 5629 cujus
1621 5578 1822 5616 Inoino-

251 5638 331 5692 ria
382 5636 579 5690 futuris
625 5636 877 5691 omnibus
917 5633 1249 5701 temporibus
1297 5631 1594 5687 doctiorum
1628 5631 1823 5687 animis

253 5708 402 5765 clara
432 5707 608 5777 vigeat
648 5720 715 5764 ac
756 5704 941 5765 chara.
981 5703 1223 5761 Accessit
1254 5717 1404 5760 vero.
1435 5716 1497 5760 ac
1530 5701 1817 5772 plurimum

1925 5071 2149 5127 contulit
2180 5071 2561 5140 Seguierianns
2582 5073 2748 5127 codex
2777 5072 2914 5127 bene
2939 5072 3208 5138 antiquus,
3238 5068 3307 5121 ad
3332 5082 3488 5137 quem

1925 5142 2105 5196 multis
2135 5142 2267 5196 locis
2286 5142 2602 5197 emendatus
2630 5152 2714 5197 cst
2737 5142 2874 5196 alter
2898 5143 2987 5198 ille
3013 5140 3288 5197 Sirmundi
3324 5141 3495 5195 codex

1925 5228 1988 5267 ac
2041 5212 2454 5279 autographum.
2506 5211 2725 5266 Photius
2768 5212 2907 5266 oculi
2968 5222 3133 5267 totam
3176 5208 3495 5277 descriptio-

1923 5297 2044 5335 nem
2069 5296 2134 5335 ex
2175 5283 2276 5335 hoc
2300 5290 2457 5334 tract.
2486 5280 2538 5334 in
2571 5296 2720 5335 suam
2756 5282 3026 5335 transtulit
3053 5279 3404 5350 myrobiblon,
3438 5279 3495 5333 in

1921 5368 2031 5419 qua
2049 5360 2233 5417 aperte
2262 5350 2505 5405 εὐσεϐεῖν
2543 5352 2812 5406 Asterium
2854 5351 3107 5419 advertit,
3142 5350 3178 5401 i.
3208 5362 3367 5417 agere
3401 5362 3494 5400 ca.

1924 5421 2182 5476 tholicum
2212 5438 2275 5477 ac
2306 5424 2590 5477 adversum
2614 5422 2816 5477 Ariano
2847 5418 3083 5491 dogmati
3110 5436 3124 5472 :
3154 5419 3206 5491 in
3240 5420 3494 5491 quod,_ac

1924 5491 2172 5546 Eunomii
2197 5492 2384 5559 dogma
2415 5492 2686 5545 invehitur
2714 5492 2763 5545 in
2792 5486 2943 5545 Petri
2962 5499 3016 5545 et
3044 5488 3189 5559 Pauli
3217 5486 3493 5559 apostolo-

1924 5578 2042 5617 rum
2080 5557 2360 5616 Enconiio.
2408 5560 2619 5617 Utinam
2664 5561 2801 5616 alios
2827 5561 3000 5615 eidem
3038 5557 3227 5613 Phutio
3269 5557 3495 5613 relectos

1922 5632 2119 5688 Asturii
2158 5640 2423 5686 tractatus
2461 5630 2699 5685 nancisci
2729 5630 2986 5695 licuisset,
3016 5629 3212 5698 quibus
3244 5627 3489 5695 integris,

1924 5717 2022 5759 sua
2052 5701 2125 5758 illi
2147 5699 2348 5772 justior
2370 5700 2541 5760 moles
2561 5701 2758 5757 nostris
2800 5700 2883 5758 his
2942 5699 3166 5767 adiectis
3194 5705 3488 5759 constaret.
