3856 6274
362 360 455 411 est
1636 369 1695 427 S.
1736 365 2004 424 ASTERII
2044 368 2346 426 AMASENI

3527 378 3664 437 25'!

365 489 507 538 vum,
540 475 742 546 quique
759 493 856 548 pro
873 479 1100 537 Domino
1120 483 1382 540 adversus
1401 484 1690 557 injuriosos
1715 489 1942 543 habeam

2066 487 2183 557 ᾗκεν
2231 488 2372 561 ὑπὲρ
2420 487 2514 542 τοῦ
2563 491 2836 546 Δεσπότου
2892 492 3032 546 κατά
3076 492 3184 545 τῶν
3231 492 3501 565 ὑϐριστῶν
3549 494 3666 562 ἐξ·

365 571 661 634 msnrgere.
698 568 1057 635 Quamobrem
1085 574 1247 629 etiam
1277 575 1526 633 clamabo
1559 579 1612 633 in
1649 578 1942 648 llebra‘os,

365 666 620 726 tanquam
653 659 813 716 hodie
842 675 1169 734 prassentes,
1207 683 1271 722 ac
1293 668 1478 724 lurore
1495 681 1646 726 actos
1674 672 1943 743 :Ergone,

366 745 596 812 scelesti,
637 747 902 819 lapidibus
955 753 1276 809 beneficium
1319 757 1616 826 appetitis?
1645 757 1777 825 Quis
1803 760 1946 813 enim

366 851 460 892 vos
504 854 535 893 e
570 850 720 910 petra
750 843 990 912 potavit?
1025 848 1291 916 Appetitis
1331 865 1452 904 eum
1485 850 1752 922 lapidibus
1775 893 1790 918 ,
1826 852 1942 921 qni,

366 927 590 994 lapideis
632 932 830 986 tabulis
868 935 1132 1006 insculpta
1165 939 1282 1009 lege
1305 979 1320 1005 ,
1367 942 1531 995 vitam
1563 953 1797 997 vestram
1838 943 1951 1001 for-

367 1022 880 1092 mavitiAppetitis,
909 1029 1154 1100 inquam,
1185 1032 1415 1101 lapidem
1456 1035 1707 1102 electum,
1742 1039 1947 1107 pretio-

368 1126 508 1178 sum,
561 1131 719 1184 quem
766 1117 930 1175 Isaias
974 1123 1302 1191 praedixit“?
1344 1128 1609 1198 Appetitis
1651 1133 1946 1202 spiritalem

368 1203 598 1273 lapidem
622 1249 636 1274 ,
668 1209 812 1265 nulla
849 1213 1082 1270 hominis
1133 1233 1294 1272 manu
1317 1261 1332 1286 ,
1381 1236 1413 1276 e
1459 1233 1727 1291 pr:erupta
1761 1235 1945 1295 petra,

368 1296 516 1365 juxta
555 1300 697 1369 quod
731 1304 914 1360 docuit
949 1307 1285 1366 admirabilis
1320 1312 1506 1368 Daniel
1529 1315 1572 1380 ³,
1609 1316 1950 1372 abscissum?

370 1390 634 1460 Appetitis
677 1393 946 1463 lapidibus
975 1415 1244 1456 summum
1283 1406 1597 1475 angularem
1636 1409 1865 1480 lapidem
1903 1411 1946 1478 ³,

370 1482 459 1550 qui
490 1485 723 1553 parietes
759 1489 890 1544 duos
925 1489 1058 1546 Novi
1091 1508 1155 1548 ac
1187 1491 1399 1552 Veteris
1427 1496 1759 1556 Testamenti
1794 1517 1948 1556 com-

371 1573 574 1629 mittit?
608 1576 845 1638 Tametsi
873 1582 1016 1636 enim
1046 1599 1149 1640 non
1186 1587 1426 1653 creditis,
1459 1601 1652 1661 potens
1696 1601 1775 1649 est
1810 1594 1950 1651 Deus

369 1665 435 1719 de
466 1665 731 1736 lapidibus
763 1671 884 1728 istis
912 1677 1180 1733 suscitare
1213 1680 1352 1737 lilios
1381 1681 1690 1751 Abrahte‘;
1720 1686 1820 1742 hoc
1844 1698 1949 1755 est,

369 1762 756 1830 acceptabilem
782 1758 1003 1824 Christo
1035 1771 1314 1840 populum,
1343 1790 1408 1830 ex
1444 1779 1696 1846 gentibus
1721 1795 1785 1835 ac
1807 1796 1950 1850 praa-

2054 579 2394 636 ανίστασθαι.
2426 581 2517 636 Διὸ
2543 582 2638 637 καὶ
2671 583 3006 656 κεκράξομαι
3033 584 3168 656 πρὸς
3199 585 3326 648 τοὺς
3353 585 3664 657 Ἑϐραίους

2054 670 2131 735 ὡς
2172 673 2447 744 παρόντας
2481 676 2742 748 σήμερον,
2794 678 2889 731 καὶ
2935 676 3087 749 παρά
3115 677 3214 748 τῆς
3246 677 3445 749 μανίας
3487 678 3666 749 ἐνερ-

2054 765 2386 836 γουμένουςο
2430 767 2686 833 Βάλλετε,
2722 770 2928 840 μιαροὶ,
2968 767 3140 832 λίθοις
3170 768 3262 821 τὸν
3300 768 3600 840 εὐεργέτην
3633 784 3658 834 ;

2060 855 2167 927 [τίς
2191 857 2299 929 γάρ
2331 859 2476 930 ὑμᾶς
2497 861 2561 912 ἐκ
2593 859 2798 931 πέτρας
2833 860 3048 914 ἐπότισε
3064 867 3096 926 ;‘
3109 859 3330 930 βάλλετε
3355 860 3446 914 τὸν
3475 860 3658 927 πλαξὶ

2054 948 2282 1014 λιθίναις
2309 951 2400 1005 τὸν
2446 951 2558 1022 βίον
2585 952 2739 1023 ὑμῶν
2773 953 3133 1006 κανονίσαντα
3158 952 3238 1026 ';]
3285 952 3508 1023 βάλλετε
3546 953 3657 1006 τὸν

2055 1039 2310 1094 ἐκλεκτὸν
2335 1041 2482 1095 λίθον
2503 1043 2598 1096 κα)⁸
2623 1042 2858 1115 ἔντιμον,
2890 1043 2949 1097 ὃν
2986 1044 3212 1108 Ἡσαΐας
3241 1044 3369 1114 ύμῖν
3398 1044 3660 1114 προεφή-

2054 1147 2245 1197 τευσε;
2289 1132 2509 1203 βάλλετε
2547 1134 2640 1188 τὸν
2674 1135 2864 1207 νοητὸν
2891 1135 3042 1189 λίθον
3073 1136 3164 1189 τὸν
3192 1136 3294 1206 τῆς
3331 1135 3656 1206 ἀκροτόμου

2055 1223 2262 1296 πέτρας
2293 1226 2681 1298 ἀπορραγέντα
2718 1228 2846 1282 ἄνευ
2881 1227 3064 1300 χειρὸς
3092 1228 3463 1299 ἀνθρωπίνης,
3494 1228 3574 1292 ὼς
3615 1228 3659 1282 ὁ

2057 1313 2346 1382 θεσπέσιος
2384 1318 2581 1390 Δανιὴλ
2613 1320 2758 1391 ὑμᾶς
2795 1318 3038 1386 ἐδίδαξες
3082 1319 3302 1391 βάλλετε
3333 1320 3502 1383 λίθοις
3547 1317 3660 1374 τὸν

2056 1407 2475 1479 ἀκρογωνιαῖον,
2503 1408 2594 1462 τὸν
2629 1411 2758 1474 τοὺς
2785 1409 2878 1464 δύο
2915 1411 3128 1480 τοίχους
3161 1411 3261 1481 τῆς
3299 1409 3511 1481 Καινῆς
3542 1409 3660 1463 καὶ

2054 1499 2155 1571 τῆς
2197 1498 2440 1564 Παλαῖας
2471 1500 2746 1574 Διαθήκης
2789 1502 3128 1571 συνάγοντα;
3171 1502 3289 1555 Κᾶν
3332 1501 3440 1572 γὰρ
3482 1501 3659 1572 ὑμεῖς

2062 1590 2137 1663 μὴ
2167 1590 2517 1664 πιστεύσητε,
2547 1593 2772 1660 δυνατὸς
2793 1596 2821 1648 6
2845 1594 2976 1658 Θεὸς
2999 1595 3063 1648 ἐκ
3080 1593 3247 1648 λίθων
3273 1593 3479 1648 τούτων
3501 1595 3661 1664 ἐγεῖ-

2060 1702 2152 1759 ραι
2167 1685 2333 1740 τέκνα
2347 1684 2425 1756 τῷ
2451 1685 2547 1739 Ἀσ
2555 1686 2702 1759 ραάμ
2718 1701 2732 1715 ’
2750 1687 3047 1752 τουτέστιν,
3063 1686 3128 1741 eo
3138 1689 3314 1759 ροῐσαι
3328 1685 3408 1756 τῷ
3421 1685 3660 1757 Χριστῷ

2058 1777 2186 1834 λαὸν
2217 1777 2553 1851 περιούσιον,
2590 1779 2686 1832 τὸν
2717 1777 2779 1844 ἐξ
2821 1777 2990 1833 ἐθνῶν
3026 1779 3120 1832 καὶ
3154 1777 3522 1850 ἀκρόδυστονο
3556 1777 3657 1848 ἐφ’

371 1853 522 1923 putio
546 1870 922 1928 coiigregare:
967 1861 1021 1917 in
1056 1879 1164 1934 quo
1198 1867 1361 1922 etiam
1395 1871 1809 1939 promissionem
1838 1889 1953 1930 sns-

2066 1861 2101 1938 ᾧ
2129 1871 2223 1924 καὶ
2256 1869 2356 1942 τὴν
2388 1869 2718 1940 ἐπαγγελίαν
2749 1871 2778 1924 6
2821 1867 3077 1943 Ἀϐραὰμ
3109 1869 3350 1936 ἐδέξατο,
3397 1869 3661 1933 εἰπόντος

372 1941 519 2012 cepit
572 1945 872 2018 Abraham,
905 1952 1119 2011 dicente
1147 1956 1196 2011 ei
1238 1957 1366 2026 Deo,
1405 1959 1519 2016 fore
1558 1962 1611 2017 in
1643 1978 1710 2019 eo
1732 1963 1955 2022 benedi-

373 2036 571 2092 cendas
602 2053 792 2098 omnes
829 2054 1021 2114 gentes
1049 2047 1095 2102 '.
1134 2048 1344 2107 Arcana
1372 2055 1513 2110 enim
1557 2055 1699 2113 Deus
1726 2060 1955 2117 scientia

373 2125 614 2186 futurum
644 2135 970 2204 praevidens,
1001 2154 1191 2198 omnes
1225 2144 1277 2200 in
1315 2157 1591 2218 posterum
1651 2152 1955 2209 credituros

374 2217 498 2276 ﬁdei
545 2222 668 2277 duci
717 2238 781 2280 ac
827 2228 1058 2301 principi
1101 2233 1154 2288 in
1188 2217 1419 2292 tiliorum
1451 2250 1654 2296 sortem
1687 2244 1952 2299 attribuit.

373 2311 586 2370 Extunc
650 2320 796 2376 enim
843 2328 1203 2382 contuebatur
1262 2329 1611 2387 Hebrzrorum
1650 2335 1828 2404 populi
1871 2352 1958 2392 se-

370 2405 656 2478 ditionem,
715 2427 780 2468 ac
842 2414 1055 2470 videbat
1122 2417 1354 2486 lapides,
1421 2420 1649 2491 falsique
1721 2424 1957 2480 nominis

373 2497 513 2555 tilios
549 2501 814 2560 abdicatis
860 2511 1199 2564 accensebat.
1261 2510 1395 2566 Cum
1460 2524 1641 2569 autem
1707 2531 1957 2573 sermone

373 2588 658 2647 veritatem
719 2598 1068 2666 annuntians,
1137 2600 1552 2674 haudquaquam
1604 2609 1959 2676 persuaderet

373 2681 668 2751 pietatem,
718 2691 931 2744 tametsi
991 2693 1179 2748 aderat
1225 2695 1690 2767 abscondebatur;
1755 2717 1817 2757 ac
1858 2720 1956 2773 ap-

374 2788 572 2844 parens
637 2781 741 2834 ndn
789 2782 1094 2852 videbatur,
1141 2801 1249 2857 quo
1307 2790 1397 2842 tali
1444 2791 1704 2846 miraculo
1757 2795 1957 2850 admit~

381 2875 497 2920 tere
541 2881 782 2938 cogeret,
827 2886 948 2930 esse
998 2876 1174 2947 ipsum
1219 2879 1518 2948 Christum,
1567 2899 1632 2939 ac
1661 2883 1830 2940 Deum
1865 2902 1956 2956 pa-

375 2967 532 3014 rente
571 2961 846 3019 Abraham
894 2968 1186 3026 seniorem.
1230 2974 1451 3038 Audite,
1497 2991 1648 3048 ergo,
1695 2979 1888 3049 inquit,
1917 2995 1951 3035 ο

374 3065 504 3108 vere
542 3055 668 3111 caeci
710 3072 773 3113 ac
812 3059 964 3115 stulti
994 3082 1006 3118 :
1040 3062 1300 3130 Quisnam
1343 3067 1466 3134 iste,
1499 3070 1670 3139 quiet
1707 3083 1957 3128 versatur

2057 1960 2205 2032 αύτῷ
2241 1960 2335 2016 τοῦ
2370 1960 2530 2026 Θεοῦ,
2568 1963 2652 2019 ὅτι
2695 1962 3289 2033 Εύλογισθήσονταιέν
3337 1961 3424 2014 σοὶ
3465 1961 3660 2032 πάντα.

2054 2054 2125 2108 τά
2158 2054 2309 2128 ἔθνη.
2344 2055 2423 2128 Τῇ
2456 2054 2566 2126 γάρ
2603 2056 2902 2128 ἀπορρήτῳ
2929 2055 3167 2124 γνώσει·
3199 2055 3416 2125 βλέπων
3455 2055 3486 2107 6
3511 2053 3661 2117 Θεὸς

2055 2144 2118 2198 τὸ
2150 2145 2363 2224 μέζλον,
2393 2145 2471 2216 τῷ
2495 2146 2726 2217 ἀρχηγῷ
2749 2147 2848 2216 τῆς
2879 2145 3140 2210 πίστεως,
3174 2147 3384 2210 πάντας
3410 2147 3538 2209 τοὺς
3568 2146 3662 2210 είς

2059 2235 2285 2307 ὕστερον
2315 2236 2590 2290 πιστεύειν
2624 2237 2938 2308 μέλλοντας,
2974 2240 3055 2302 είς
3092 2237 3245 2303 τάξιν
3279 2237 3658 2308 ἀπεκλήρωσε

2057 2327 2284 2382 τέκνων.
2353 2327 2607 2400 Ἑθεώρει
2661 2329 2771 2401 γάρ
2828 2329 3014 2383 ἔκτοτε
3068 2328 3179 2382 τῶν
3236 2325 3501 2399 Ἐϐραίων
3546 2327 3659 2399 τὴν

2059 2420 2268 2484 στάσιν,
2305 2419 2400 2472 καὶ
2444 2421 2570 2484 τοὺς
2598 2419 2779 2484 λίθους
2807 2420 3024 2484 ιϐλεπε,
3061 2420 3158 2474 καὶ
3203 2421 3331 2483 τοὺς
3372 2417 3658 2489 ψευδωνύσ-

2061 2529 2196 2583 μους
2227 2512 2379 2575 υἱοὺς
2423 2512 2480 2565 ἐν
2523 2514 2636 2575 τοῖς
2680 2513 3086 2584 ἀποκηρύκτοις
3129 2512 3376 2584 ἠρίθμει.
3427 2511 3656 2583 Ἐπειδὴ

2059 2603 2138 2671 δὲ,
2161 2605 2305 2676 λόγῳ
2327 2603 2714 2673 καταγγέλλων
2741 2605 2924 2668 αὐτοῖς
2943 2605 3042 2674 τὴν
3061 2603 3338 2676 ἀλήθειαν,
3369 2604 3471 2658 οὐκ
3494 2603 3656 2656 ἔπει-

2061 2694 2151 2748 θεν
2198 2695 2461 2761 εύσεὸεϊν,
2499 2694 2788 2768 παρεστὼς
2835 2695 3148 2767 ἀπεκρύὸη,
3186 2696 3282 2748 καὶ
3320 2694 3655 2765 φαινόμενος

2059 2786 2159 2840 οὐκ
2197 2787 2477 2853 ἐϐλέπετο,
2527 2788 2592 2841 ἵν’
2629 2789 2694 2841 ἐκ
2731 2790 2830 2860 τῆς
2861 2787 3116 2858 τοιαύτης
3159 2786 3394 2849 αὐτοὺς⁹
3429 2785 3655 2857 θαυμα-

2059 2878 2318 2950 τουργίας
2368 2878 2572 2954 ἐλκύσῃ
2623 2879 2758 2951 πρὸς
2808 2877 3204 2948 συγκατάθεσιν
3253 2878 3372 2943 τοῦ,
3421 2878 3504 2931 ὅτι
3554 2878 3657 2932 καὶ

2059 2969 2292 3041 Χριστὸς
2314 2971 2356 3002 ¹⁰
2374 2970 2689 3041 ἐτύγχανεν,
2735 2971 2828 3028 xui.
2863 2969 2997 3034 Θεὸς
3041 2968 3296 3042 Ἀϐραὰμ
3339 2968 3655 3041 πρεσϐύτε-

2063 3079 2176 3135 ρος.
2233 3061 2526 3116 Ἀκούσατε
2570 3059 2683 3128 οὖν,
2728 3063 2915 3136 φησὶν,
2956 3057 3003 3116 ὢ
3063 3061 3280 3132 ἀληθῶς
3327 3061 3520 3131 τυφλοὶ
3555 3062 3656 3117 καὶ

375 3142 676 3212 vobiscum,
707 3163 806 3202 nec
835 3160 1014 3206 tamen
1042 3155 1272 3224 videtur,
1303 3174 1428 3212 num
1462 3158 1603 3216 forte
1631 3160 1720 3217 ille
1755 3174 1836 3219 est
1861 3166 1951 3235 qui

375 3232 441 3256 -.Ι
473 3231 679 3256 ΙΙ----ΑῨ.
733 3239 744 3256 l
1078 3245 1088 3256 ο
1138 3247 1149 3256 .
1442 3251 1454 3256 -
1496 3253 1506 3256 -
1546 3253 1557 3256 -

2066 3153 2310 3224 ἀνόητοιο
2346 3153 2443 3217 Τίς
2489 3146 2665 3216 οὗτος,
2709 3154 2737 3206 6
2775 3153 2870 3205 xui.
2918 3150 3226 3256 συμπαριὸν
3270 3151 3540 3256 ὑμῖν-καλ.
3573 3150 3655 3253 μὴ

374 3232 441 3288 ad
471 3231 686 3306 Moysen
731 3239 976 3310 loquens,
1021 3245 1243 3303 minime
1271 3251 1730 3322 conspiciebatur,
1773 3271 1838 3311 ac
1869 3231 1953 3312 ta-

378 3339 499 3380 men
530 3332 826 3397 apparebat
854 3335 902 3389 “?
930 3334 1064 3390 Nam
1096 3347 1222 3395 tunc
1247 3356 1461 3412 quoque
1507 3345 1790 3403 videbatur
1817 3350 1959 3415 ignis

374 3433 442 3474 ac
479 3423 666 3486 rubus,
710 3425 870 3480 ambo
919 3438 1102 3495 muta;
1142 3431 1602 3505 nihilominusque
1635 3439 1960 3496 audiebatur

375 3523 478 3564 vox
507 3549 523 3574 ,
573 3527 638 3566 ac
697 3528 879 3568 sermo
932 3520 1253 3585 erudiebat,
1299 3534 1580 3594 certoque,
1629 3531 1773 3594 quod
1814 3531 1962 3587 futu-

380 3611 500 3650 rum
527 3607 646 3652 erat
679 3605 1151 3669 praenuntiabatur
1179 3627 1192 3663 :
1222 3621 1413 3682 estque
1441 3614 1681 3670 virorum
1723 3621 1960 3688 pruden-

381 3689 552 3756 tium,
596 3699 656 3744 ut
709 3707 997 3761 personam
1042 3713 1107 3752 ex
1159 3715 1341 3756 rerum
1390 3707 1710 3775 cognatione
1759 3710 1960 3767 intelli-

377 3793 528 3846 gere.

451 3869 585 3924 Cum
621 3871 702 3928 sic
727 3881 906 3930 autem
945 3877 1118 3936 aliene
1152 3897 1181 3935 a
1216 3883 1420 3940 ratione
1446 3902 1512 3942 ac
1546 3889 1710 3947 stulte
1748 3890 1959 3951 Hebrmi

380 3959 668 4027 haberent,
716 3963 976 4022 Dominus
1008 3980 1191 4028 noster
1224 3990 1286 4030 ac
1319 3976 1597 4050 Salvator,
1625 3981 1772 4038 velut
1799 3986 1964 4041 sedu-

381 4048 465 4104 lus
492 4053 714 4122 qnidam
739 4070 804 4113 ac
833 4061 1047 4130 sapiens
1079 4067 1338 4134 medicus,
1369 4085 1474 4126 non
1507 4072 1734 4131 cedente
1765 4079 1960 4136 morbo

379 4142 449 4196 ad
476 4145 709 4211 primum
747 4152 1203 4222 experimentum,
1254 4162 1470 4218 modum
1521 4165 1685 4221 alium
1717 4171 1961 4228 curatio-

381 4234 469 4288 nis
499 4241 832 4308 aggreditur.
877 4243 1077 4301 Statuit
1119 4265 1250 4305 vero
1283 4261 1342 4307 ut
1372 4266 1555 4311 mente
1583 4273 1756 4316 caecos
1813 4278 1961 4320 czeco

380 4338 554 4393 curet,
581 4330 674 4400 qui
707 4333 898 4390 obvius
939 4337 1189 4395 iuventus
1220 4352 1385 4408 esset,
1423 4361 1526 4400 non
1560 4349 1826 4405 accidenti
1858 4353 1961 4407 ali-

379 4436 484 4489 qua
518 4421 736 4480 laesione
760 4427 1056 4484 cazcitatem
1085 4446 1295 4500 passus,
1330 4438 1424 4490 sed
1451 4447 1661 4496 natura:
1695 4441 1849 4512 vitio,
1878 4443 1958 4500 sic

382 4512 637 4567 nimirum
664 4529 733 4570 ex
763 4526 916 4574 utero
944 4521 998 4576 in
1026 4519 1199 4578 lucem
1232 4527 1547 4596 productus.

449 4711 732 4770 llmninem
787 4731 949 4786 porro
989 4722 1372 4791 conspicatus,
1415 4736 1599 4793 stetit,
1647 4741 1960 4804 prmstoque

379 4802 447 4857 ad
496 4806 828 4862 curationem
879 4809 1028 4866 luit:
1073 4816 1408 4872 curationem
1481 4822 1666 4891 utique
1729 4802 1961 4882 humana

380 4892 638 4962 majorem
673 4897 879 4954 ratione
906 4909 956 4954 et
982 4912 1120 4958 arte.
1150 4903 1358 4976 Quippe
1390 4925 1480 4965 ars
1511 4913 1718 4970 medica
1747 4931 1812 4972 ac
1843 4917 1962 4988 ejus

381 4987 518 5040 ratio
544 5002 732 5043 eorum
761 4992 1070 5048 [uerborum
1103 4999 1616 5070 contemplationem
1653 5007 1832 5071 tradit,
1863 4987 1954 5079 qui

374 5080 486 5149 jam
517 5097 546 5134 a
579 5093 770 5138 natura
815 5087 1053 5155 perfecto
1093 5089 1314 5144 animali
1369 5108 1432 5147 ac
1474 5094 1527 5149 in
1575 5095 1749 5152 lucem
1811 5103 1957 5157 edito

379 5187 508 5227 casu
540 5176 882 5244 postmodum
913 5180 1097 5252 aliquo
1135 5183 1423 5241 accidunt:
1458 5192 1728 5259 congeniti
1770 5206 1954 5250 autem

379 5268 597 5337 corpori
637 5269 751 5324 vitii
787 5273 1006 5330 minime
1054 5278 1387 5333 curationem
1417 5284 1682 5350 promittit
1712 5301 1728 5340 :
1763 5297 1819 5342 at
1851 5306 1951 5345 ne-

377 5375 484 5428 que
513 5363 808 5419 universim
854 5367 1188 5434 morborum,
1222 5372 1268 5426 si
1311 5373 1402 5442 qui
1453 5374 1702 5446 deinceps
1737 5383 1952 5438 accide-

377 5462 505 5508 runt
533 5473 546 5510 :
573 5456 728 5526 cujus
753 5458 829 5514 rei
869 5459 1082 5516 abunde
1128 5470 1292 5520 testes
1336 5478 1464 5521 sunt
1508 5469 1738 5527 mutilati
1775 5473 1954 5531 homi-

450 5611 480 5700 ξ
513 5612 616 5700 lsa.
654 5629 850 5700 ιςνιιι,
909 5617 995 5673 16.
1072 5622 1093 5653 ³
1127 5621 1259 5700 Dan.
1286 5637 1349 5691 ιι,
1382 5625 1477 5700 βξ,
1563 5627 1585 5660 ³
1616 5628 1632 5684 l
1669 5628 1786 5685 Pet.
1827 5647 1868 5700 ι,
1898 5631 1951 5687 6.

379 5753 600 5844 φαξνέμ..
636 5753 1000 5844 ξπᾼίιιιιίεἶιιιε
1022 5753 1115 5820 5ςαὶ
1149 5765 1224 5836 μὴ
1253 5766 1413 5840 βλεπ.
1449 5769 1538 5823 καὶ
1572 5753 1796 5844 ἐφαινόμξ

390 5824 436 5858 ⁸⁸
455 5824 612 5882 Ριιοι.
643 5825 888 5893 ἐκείνοις.

2055 5634 2078 5666 ι
2109 5634 2170 5666 υ.

451 5632 468 5644 ·
515 5632 616 5667 tsa.
654 5632 850 5678 xxvm.
909 5632 995 5673 to.
1072 5632 1093 5653 ²
1127 5632 1259 5678 van.
1286 5637 1349 5691 ιι,
1386 5632 1476 5680 45.
1563 5632 1585 5660 ³
1616 5632 1632 5684 l
1669 5632 1786 5685 Pet.
1827 5647 1868 5700 ι,
1898 5632 1951 5687 6.

375 5682 399 5714 '
442 5683 516 5736 Ex
550 5683 675 5754 Seg.
752 5685 776 5717 ⁸
810 5689 936 5758 Seg.
974 5691 1302 5762 προγνώσει.
1378 5697 1398 5730 ⁸
1425 5697 1578 5754 ΡΙιοι.
1609 5700 1795 5757 αὐτοῦ.
1876 5704 1919 5736 ⁸⁸
1951 5707 1954 5760 j

379 5753 600 5833 φαξνόμ.
639 5769 704 5833 ex
745 5759 1000 5833 _utrisqtte
1022 5767 1115 5820 καὶ
1149 5765 1224 5833 μὴ
1253 5766 1413 5833 βλεπ.
1449 5769 1538 5823 καὶ
1575 5773 1796 5833 ςαινόμ.
1907 5776 1950 5808 ³³

2066 5637 2078 5666 ι
2107 5633 2293 5688 Matth.
2332 5649 2414 5695 Ill,
2447 5632 2500 5686 9.
2604 5632 2625 5663 ⁵
2656 5632 2791 5686 Gen.
2825 5645 2982 5694 xvm,
3039 5632 3122 5684 l8.

2072 5716 2107 5760 ι.
2136 5721 2150 5770 ;
2188 5703 2312 5776 Seg.
2365 5703 2517 5767 Θεός.
2595 5701 2634 5733 ⁸·
2666 5702 2790 5771 Seg.
2818 5699 3167 5772 βλεπόμενος.

2098 5778 2224 5833 Scit.
2340 5774 2561 5830 “Phot.
2612 5769 2960 5833 ἀνθρωπίνης
3010 5771 3167 5833 σοφία

1998 5791 2057 5832 ιχ
2098 5791 2224 5848 cog.

2063 3245 2392 3317 βλεπόμενος
2421 3245 2484 3311 ¹¹;
2516 3244 2548 3316 ἢ
2601 3243 2743 3314 τάχα
2775 3245 2980 3314 ἐκεῖνος
3020 3245 3048 3297 6
3092 3243 3188 3296 καὶ
3243 3242 3381 3313 πρὸς
3405 3243 3655 3326 Μωῡσῆν

2060 3337 2256 3402 λαλῶν,
2289 3339 2381 3392 καὶ
2427 3336 2502 3408 μὴ
2531 3336 2852 3408 φαινόμενος
2882 3337 2958 3402 “;
2998 3335 3240 3407 Ἐωρᾶτο
3277 3334 3388 3406 γάρ
3410 3335 3504 3388 καὶ
3524 3333 3654 3388 τότε

2062 3429 2174 3500 πῦρ
2221 3429 2316 3482 καὶ
2359 3427 2542 3498 βάτος,
2591 3427 2876 3500 ἀμφότερα
2919 3427 3149 3498 ἄφωνα·
3199 3426 3313 3480 ἀλλ’
3350 3427 3500 3496 ὅμως
3553 3427 3654 3481 καὶ

2063 3522 2214 3594 φωνὴ
2247 3522 2499 3592 ἠκούετο,
2529 3521 2624 3574 καὶ
2656 3520 2815 3590 λόγος
2845 3521 3119 3582 ἐπαίδευε,
3157 3519 3254 3573 καὶ
3296 3518 3556 3588 ἀσφαλῶς
3587 3521 3651 3573 τὸ

2066 3613 2258 3685 μέλλον
2303 3611 2726 3684 προηγορεύετο.
2773 3613 2884 3664 Καὶ
2923 3612 3029 3682 χρὴ
3084 3611 3212 3668 τοὺς
3255 3610 3379 3663 νοῦν
3424 3609 3652 3680 ἔχοντας

2062 3705 2127 3756 ἐκ
2149 3703 2248 3773 τῆς
2278 3703 2596 3774 συγγενείας
2616 3701 2724 3756 τῶν
2743 3703 3082 3774 πραγμάτων
3103 3701 3368 3771 γνωρίσαι
3389 3701 3451 3754 τὸ
3479 3701 3654 3774 πρόσ-

2061 3809 2229 3848 ωπον.
2377 3851 2380 3854 ,

2135 3884 2322 3950 Οὕτως
2341 3883 2398 3938 δὲ
2426 3883 2639 3954 ἀλόγως
2665 3885 2758 3937 καὶ
2780 3884 3024 3956 ἀνοήτως
3051 3883 3161 3937 τῶν
3201 3882 3469 3956 Ἐϐραίων
3498 3882 3654 3956 ἐχόν-

2060 3997 2191 4044 των,
2217 3979 2247 4033 6
2272 3977 2474 4050 Κύριος
2512 3976 2670 4048 ἡμῶν
2709 3978 2804 4030 καὶ
2843 3977 3056 4048 Σωτὴρ,
3109 3975 3299 4048 ὥσπερ
3333 3993 3420 4040 τις
3467 3974 3655 4046 ἰατρὸς

2062 4071 2328 4142 ἐπιμελής
2364 4087 2423 4124 τε
2455 4068 2692 4143 [ὁμοῦη]
2726 4070 2820 4124 καὶ
2861 4071 3044 4140 σοφὸς,
3098 4070 3235 4142 πρὸς
3275 4069 3375 4141 τὴν
3424 4067 3653 4141 πρώτην

2064 4166 2258 4236 πεῖραν
2287 4163 2386 4216 ούκ
2423 4161 2670 4226 ἐκδόντος
2707 4161 2801 4216 τοῦ
2841 4163 3069 4226 πάθους.
3114 4162 3271 4216 ἄλλον
3311 4163 3513 4234 τρόπον
3549 4162 3654 4232 τῆς

2065 4252 2360 4324 θεραπείας
2391 4251 2843 4324 μεταχειρίζεται.
2887 4250 3088 4322 Τυφλῷ
3122 4251 3179 4303 δὲ
3210 4249 3460 4321 βούλεται
3494 4248 3654 4320 θερα-

2063 4345 2260 4400 πεῦσαι
2282 4343 2518 4413 τυφλοὺς
2545 4343 2642 4415 τὴν
2667 4343 2926 4410 διάνοιαν,
2955 4342 3013 4407 ὃς
3043 4344 3108 4395 ἐκ
3135 4341 3230 4396 τοῦ
3256 4340 3653 4414 προστυχόντος

2064 4436 2284 4508 εὑρέθη,
2308 4437 2366 4490 ού
2389 4435 2540 4509 λώϐῃ
2560 4437 2664 4488 τινὶ
2682 4435 2949 4506 συμϐάσει
2971 4434 3159 4490 παθὼν
3187 4437 3288 4508 τὴν
3315 4435 3649 4506 τυφλότητα,

1991 4549 2035 4606 ι)
2065 4527 2201 4584 ἀλλὰ
2224 4527 2532 4598 πταίσματι¹
2553 4526 2788 4597 φύσεως,
2811 4525 2984 4591 οὕτως
3004 4528 3070 4586 ἐκ
3091 4528 3326 4600 γαστρὸς
3348 4526 3652 4603 παραχθεὶς

2059 4621 2139 4683 είς
2165 4617 2256 4672 τὸν
2284 4617 2417 4690 βίον.

2132 4733 2480 4805 Θεασάμενός
2508 4732 2564 4786 δὲ
2590 4733 2681 4786 τὸν
2719 4732 3028 4806 ἄνθρωπον,
3060 4733 3214 4807 ἔστη,
3245 4736 3343 4790 καὶ
3381 4737 3519 4808 πρὸς
3549 4737 3651 4810 τὴν

2066 4825 2364 4899 θεραπείαν
2392 4825 2612 4895 ἕτοιμος
2655 4820 2757 4896 ἦν’
2797 4825 3097 4899 θεραπείαν
3155 4827 3507 4899 ἀνθρωπικοῦ
3561 4828 3652 4882 λόο

2061 4937 2160 4989 γου
2181 4921 2224 4950 ’⁸
2243 4919 2335 4972 καὶ
2360 4917 2556 4990 τέχνης
2575 4917 2881 4988 κρείττονα.
2901 4920 3139 4994 ’ἰατρικὴ
3162 4921 3182 4994 ί
3191 4921 3290 4992 μὲν
3309 4920 3377 4995 ⁸⁸]
3399 4920 3530 4994 γὰρ,
3557 4921 3651 4975 καὶ

2064 5014 2093 5066 6
2131 5013 2251 5066 κατ’
2282 5011 2451 5082 αὐτὴν
2490 5009 2666 5079 λόγος,
2702 5011 2990 5064 ἐκείνωνη
3027 5012 3135 5065 τῶν
3174 5013 3498 5084 νοσημάτων
3529 5014 3651 5066 ἐπι-

2067 5105 2252 5159 ϐάλλει
2293 5103 2392 5176 τὴν
2440 5103 2693 5174 θεωρίαν,
2728 5104 2829 5158 ὅσα
2874 5105 2973 5176 τῆς
3017 5104 3232 5174 φύσεως
3261 5105 3647 5178 ἀπαρτισάσης

2063 5199 2126 5252 τὸ
2163 5197 2322 5264 ζῶον,
2365 5197 2460 5251 καὶ
2496 5196 2843 5270 προαγούσης
2868 5199 2948 5262 είς
2984 5198 3120 5267 φῶς,
3161 5198 3376 5270 χρόνοις
3419 5197 3648 5270 ὕστερον

2065 5289 2207 5344 κατά
2251 5306 2403 5352 τινας
2447 5288 2796 5356 περιστάσεις
2833 5286 3252 5358 ἐπισυμὸαίνει·
3284 5286 3385 5357 τῆς
3429 5285 3487 5339 δὲ
3522 5303 3651 5339 συν-

2063 5382 2348 5455 τεχθείσης
2379 5379 2456 5452 τῷ
2489 5379 2702 5452 σώματι
2745 5379 2944 5451 λώϐης,
2995 5379 3095 5432 οὐκ
3133 5378 3528 5449 ἐπαγγέλλεται
3568 5377 3651 5431 θε-

2068 5476 2320 5546 ραπείαν.
2351 5474 2425 5527 Οὐ
2461 5473 2642 5546 μέντοι
2671 5488 2735 5542 γε
2759 5470 2878 5524 οὑδέ
2914 5469 3022 5524 τῶν
3065 5468 3256 5524 παθῶν
3287 5469 3504 5524 πάντων
3536 5468 3648 5523 τῶν

3229 5629 3252 5662 ⁸
3283 5628 3448 5683 Exod.
3474 5642 3556 5692 ιιι,
3589 5628 3644 5683 4.

3276 5700 3319 5732 ³⁸
3350 5698 3506 5752 ΡΙιοι.
3553 5698 3648 5752 καὶ

3337 5770 3380 5806 ⁸⁸
3407 5768 3485 5825 Ex
3515 5768 3644 5841 Seg.

2604 5631 2625 5663 ⁸
2656 5629 2791 5686 Gen.
2825 5645 2982 5694 xvm,
3039 5628 3122 5684 l8.

2340 5774 2382 5808 “
2406 5774 2561 5830 Phot.
2612 5769 2960 5844 ἀνθρωπίνης
2990 5769 3222 5843 σοφίας.
