3824 6270
121 353 205 407 253

1037 350 1318 407 llOBilIJA
1350 352 1460 409 νη.
1492 353 1558 407 IN
1586 353 1851 411 CECUM
1883 359 1925 411 Δ
1967 356 2405 416 NATIVITATE.

3109 308 3112 313 ”
3229 355 3341 416 εει

122 473 184 534 είς
213 469 428 541 ὕστερον
469 468 895 541 συμϐαινόντων.
935 472 1049 526 Καὶ
1086 473 1276 528 τούτου
1316 476 1593 550 μάρτυρες
1619 480 1669 531 oi

1777 494 1893 545 nes,
1938 479 2136 550 quibus
2185 494 2340 535 nemo
2372 479 2702 537 medicorum
2749 479 3116 537 membrorum
3157 478 3340 549 priva-

122 562 599 632 ὴκρωτηριασμένιοι
627 562 739 616 τῶν
780 563 1105 638 ἀνθρώπων,
1140 562 1221 631 οἷς
1266 569 1439 633 οὐδεὶς
1483 571 1664 643 ίατρδς

120 653 198 722 τὴν
227 651 327 705 τῶν
377 652 560 723 μελῶν
604 654 862 726 στέρησιν
895 655 1282 728 ἐπηνώρθωσε.
1333 660 1536 732 Διόπερ
1571 662 1665 715 καὶ

120 743 163 796 οι
185 742 404 813 μαθηταὶ
442 743 506 797 τὸ
552 743 723 808 πάθος
758 747 1213 818 κατελεήσαντες,
1254 749 1351 803 καὶ
1377 749 1664 821 βλέποντες

121 833 366 904 ἄνθρωπον
391 833 495 905 τῆς
529 834 822 906 καλλίστης
847 838 1040 909 ἡδονῆς
1064 839 1159 893 τοῦ
1182 840 1360 911 φωτὸς
1380 843 1443 896 ού
1468 843 1665 911 γευσά-

124 940 272 993 μενον,
318 923 417 996 τὴν
471 925 649 980 αἰτίαν
700 929 1154 999 περιεργάζοντες
1196 931 1298 1002 τῆς
1350 933 1662 1001 κακώσεως,

123 1015 509 1071 meme"
540 1018 695 1092 παρὰ
729 1019 823 1073 τοῦ
856 1021 1085 1092 Κυρίου,
1115 1023 1179 1077 οὐ
1211 1024 1333 1080 λίαν
1361 1027 1665 1099 ἐπιστημό-

122 1126 223 1174 νως,
247 1110 399 1182 εἰπερ
423 1110 489 1176 ἐξ
515 1110 788 1184 ἁμαρτίας
809 1112 1035 1180 οἰκείας,
1056 1114 1090 1186 ἢ
1110 1115 1199 1170 διά
1223 1117 1667 1192 πλημμελήματα

121 1200 207 1252 τῶν
228 1200 441 1269 γονέων,
468 1200 712 1266 τοιοῦτος
750 1204 831 1268 είς
856 1204 947 1258 τὸν
976 1203 1092 1275 βίον
1129 1207 1403 1280 παρήχθη.
1443 1209 1667 1264 Ἐκατέ·

126 1290 265 1362 ρωθεν
285 1290 342 1343 δὲ
370 1292 405 1361 ἠ
454 1290 724 1365 ἐρώτησις
767 1292 880 1364 ἔχει
914 1294 975 1349 τὸ
1017 1295 1347 1369 ἐπιλήψιμον
1366 1314 1381 1329 ·
1407 1297 1532 1353 οὔτε
1557 1300 1668 1373 γὰρ

123 1382 177 1436 ἂν
198 1383 320 1455 ὑπὲρ
363 1382 478 1437 τῶν
504 1384 757 1458 πατέρων
782 1385 1014 1459 [οὐδενὸς
1051 1387 1126 1443 ὢν
1150 1388 1332 1460 ἔνοχος
1346 1390 1485 1462 ¹⁸·²⁰]
1532 1408 1666 1446 κατ-

124 1471 356 1543 εγνώσθη,
381 1473 544 1528 ἄλλον
569 1475 709 1545 ὑπὲρ
736 1476 899 1530 ἄλλου
924 1476 1019 1531 τοῦ
1043 1477 1177 1532 Θεοῦ
1202 1478 1277 1551 μὴ
1307 1478 1625 1545 κολάζοντος
1646 1494 1662 1512 ⁸

123 1564 221 1617 οὔτε
251 1564 350 1637 μὴν
394 1566 549 1620 ἰδίων
578 1567 1063 1640 πλημμελημάτων
1110 1569 1160 1643 [ὁ
1185 1572 1353 1643 μήπω
1389 1571 1667 1644 προελθὼν

125 1659 187 1720 ti;
216 1656 298 1710 τὸν
323 1657 550 1731 βίον²¹,]
595 1661 823 1714 ἀπέτισε
864 1661 1042 1726 δίκας,
1081 1661 1197 1732 εῐγε
1237 1663 1411 1729 οὕτως
1442 1664 1542 1736 μὲν
1567 1682 1666 1719 τυ-

124 1748 230 1817 φλδς
266 1751 551 1823 ἐγεννήθη.
603 1753 791 1816 οὐδεὶς
820 1753 928 1825 γὰρ
958 1754 1286 1828 ἁμαρτωλὸς
1330 1757 1438 1828 πρὸ
1476 1758 1669 1830 γεννή-

128 1856 252 1905 πως.
293 1841 355 1895 Ἤ
394 1844 497 1914 μὲν
528 1843 776 1909 πτέσις²¹
809 1847 870 1899 οὐ
905 1844 1025 1901 λίαν
1063 1826 1319 1920 δόκιμοςο
1355 1826 1504 1913 ὅπως
1539 1826 1661 1922 8ὲῆ
1695 1826 1738 1882 Β

134 1930 374 2003 Ἀλήθεια,
402 1936 433 1988 ὁ
450 1934 658 2005 Κύριος
677 1938 709 2007 ἡ
718 1935 856 2006 μῶν,
881 1938 1019 2010 πρὸς
1033 1939 1133 2011 τὴν
1150 1939 1417 2011 ἐρώτησιν
1445 1939 1668 2010 ἀπεκρί-

126 2038 243 2089 νατο,
269 2026 698 2099 καταμάθωμεν.
739 2029 812 2083 Τὸ
839 2029 948 2105 γάρ
985 2030 1158 2098 πάθος
1195 2031 1374 2099 τοῦτο,
1406 2034 1595 2106 φησὶν.
1620 2027 1667 2088 ὧ

129 2116 347 2186 μαθηταὶ,
396 2119 502 2191 οὐχ
548 2122 964 2194 ἁμαρτημάτων
1005 2124 1156 2180 ἐστὶν
1204 2125 1470 2192 ἀντίδοσις
1489 2166 1504 2192 ,
1551 2127 1666 2182 ἀλλ’

128 2204 371 2275 ἑτοιμασία
403 2208 709 2283 μελλούσης
740 2214 1068 2285 οἰκονομίας,
1095 2216 1244 2281 ὅπως
1267 2217 1334 2272 ἂν
1360 2216 1412 2290 [ὁ
1444 2218 1582 2284 τέως
1598 2216 1667 2292 ²⁸]

128 2296 271 2360 κοινὸς
313 2300 672 2371 νομιζόμενος
721 2304 1027 2378 ἄνθρωπος,
1085 2310 1361 2381 ἐνεργήσῃ
1408 2310 1478 2364 τὰ
1526 2311 1667 2384 ὑπὲρ

128 2387 399 2460 ἄνθρωπονο
436 2392 537 2446 καὶ
565 2394 595 2448 ὁ
628 2395 857 2468 κτίστης
891 2398 1001 2452 τῶν
1032 2400 1195 2466 δλων,
1225 2402 1364 2471 μετὰ
1394 2403 1494 2473 τὴν
1520 2402 1670 2475 πρώ-

130 2490 205 2548 την
229 2480 462 2552 ποίησιν,
494 2482 630 2557 εὕρῃ
660 2486 757 2539 καὶ
782 2485 878 2543 νῦν
898 2489 993 2543 τοῦ
1019 2489 1372 2564 δημιουργεῖν
1391 2494 1664 2565 ἀφορμάς·

132 2568 246 2657 ίκδὲ
273 2571 378 2624 τῶν
408 2574 658 2645 μερικῶν
698 2578 792 2632 καὶ
830 2580 895 2634 τὰ
953 2581 1182 2637 καθόλου
1226 2582 1594 2657 πιστώσηται·
1639 2586 1670 2639 ὀ

132 2655 409 2747 δέᾼσκληρδς
437 2663 568 2729 λαὸς
595 2666 691 2720 καὶ
725 2666 1039 2739 δυσάγωγος
1093 2674 1289 2745 πεισθῇ
1324 2655 1667 2747 προσκυνεῖν,

134 2743 263 2811 ῥίψας
294 2748 418 2812 τοὺς
460 2749 668 2817 λίθους.
711 2755 1143 2829 Φωτισθήτωσαν
1181 2743 1671 2838 τοίῶννόφθαλμοὶ

136 2839 193 2910 μὴ
214 2842 507 2913 βλέποντες,
546 2847 634 2901 ῖνα
656 2851 985 2925 καταλάμψῃ
1013 2854 1112 2919 τὰς
1138 2856 1315 2928 ψυχάς
1343 2858 1450 2913 τῶν
1506 2859 1671 2914 ἀσυν-

134 2931 240 3023 έτων
265 2933 293 2985 ὁ
309 2935 410 3007 τῆς
442 2937 793 3014 δικαιοσύνης
817 2943 987 3014 ἥλιος.
1030 2947 1273 3002 Γενέσθω
1306 2951 1539 3023 πρᾶγμα
1565 2969 1673 3006 πα·-

139 3021 336 3090 ράδοξον,
382 3027 479 3081 καὶ
532 3029 913 3103 κτισθήτωσαν
953 3034 1143 3106 ὄψεις,
1196 3037 1283 3091 ῖνα
1332 3021 1576 3110 μάθωσιν
1618 3043 1669 3096 oi

136 3114 497 3203 στασιάζοντες,
525 3118 604 3183 ὡς
634 3119 664 3172 ὁ
690 3120 979 3194 λεγόμενος
1012 3125 1127 3189 υἱὸς
1153 3126 1247 3180 τοῦ
1284 3127 1503 3201 Ἰωσὴφ,
1528 3132 1577 3184 εἰ
1602 3126 1671 3203 ἦν

137 3200 311 3293 ἀληθῶς
340 3206 597 3274 τέκτονος
635 3210 771 3275 υἱὸς,
820 3213 1009 3288 δίφρον
1044 3215 1146 3286 μὲν
1186 3200 1676 3293 ἐδύνατοδιαρῤα-

136 3292 265 3358 γέντα
285 3297 638 3371 ἐπανορθοῦν,
673 3301 706 3372 ἢ
742 3299 812 3356 τά
841 3301 973 3368 ξύλα
996 3305 1250 3375 συνάγειν
1282 3308 1382 3380 τῆς
1411 3292 1677 3381 ἁρμονίας

138 3384 524 3460 ἇτωζευχθέντα,
567 3391 601 3463 ἢ
646 3393 742 3464 τὴν
783 3394 1109 3451 κλασθεῖσαν
1151 3399 1455 3471 ὑπερείδειν
1497 3402 1673 3468 δοκὸν,

140 3471 182 3548 [ἢ
202 3476 410 3536 λεαίνειν
435 3482 496 3535 τὸ
525 3485 701 3555 τραχὺ
724 3485 832 3540 τῶν
854 3487 1105 3553 σανίδων,
1133 3488 1166 3560 ἢ
1198 3493 1371 3544 ποιεῖν
1391 3493 1512 3547 ὅλον
1534 3494 1676 3547 ἐκεῖ·

138 3580 204 3633 να,
220 3567 249 3621 ἃ
264 3572 604 3645 χειροτέχνης
626 3576 805 3649 πατὴρ
828 3578 966 3632 κατὰ
990 3579 1082 3634 τὸν
1105 3579 1265 3649 λόγον
1284 3582 1377 3635 τοῦ
1396 3583 1677 3655 ἐπιτηδεύ-

142 3673 273 3735 ματος
308 3661 551 3718 διδάσκει
592 3665 686 3719 τὸν
756 3668 1002 3742 παῖδα²⁸]
1048 3670 1338 3744 ἀνθρώπου
1377 3674 1435 3727 δὲ
1486 3675 1672 3747 μέρος,

140 3750 211 3801 καὶ
240 3750 389 3825 μέρος
424 3755 486 3810 τὸ
540 3756 826 3813 κάλλιστον
872 3759 965 3815 τὸν
998 3762 1297 3835 ὀφθαλμὸν,
1336 3765 1398 3818 τὸ
1442 3766 1676 3837 μάλιστα

142 3843 257 3913 ταρά
286 3847 378 3917 τῆς
421 3848 643 3917 φύσεως
682 3851 987 3919 φιλοπόνως
1013 3855 1536 3928 δημιουργούμενον,
1576 3861 1677 3914 οὐκ

143 3932 191 3984 ἂν
210 3937 441 4009 ἐποίησεν
469 3940 650 4007 ἄλλος,
681 3945 729 3996 εί
764 3945 908 4015 μήγε
934 3946 963 3999 ὁ
995 3950 1095 4018 τῆς
1125 3948 1350 4021 πρώτης
1381 3950 1557 4024 ἀρχῆς
1577 3953 1676 4025 τῆς

142 4025 248 4077 κατὰ
267 4027 469 4095 φύσεως
504 4030 645 4102 ἔχων
672 4033 773 4106 τὴν
805 4034 1072 4100 ἐξουσίαν.

191 4114 290 4169 Κάν
313 4135 393 4182 τις
419 4120 641 4192 θελήσει
671 4124 953 4195 προσεχῶς
974 4129 1088 4191 τοῖς
1120 4127 1488 4201 ἀνθρωπικοῖς
1520 4130 1678 4202 μέλε·-

146 4220 208 4257 σιν
227 4208 502 4283 ἐπιστῆσαι
538 4212 630 4266 τὸν
658 4214 804 4281 νοῦν,
834 4219 892 4269 ἐν
919 4217 1094 4291 τούτῳ
1120 4219 1183 4293 δὴ
1215 4221 1447 4292 μάλιστα
1478 4222 1555 4294 τῷ
1587 4241 1677 4294 μο-

147 4297 221 4367 pip
252 4302 335 4355 τοῦ
368 4305 641 4375 σώματος,
683 4307 782 4378 τὴν
824 4310 1254 4386 παντοδύναμον,
1287 4313 1382 4367 καὶ
1426 4314 1675 4386 ποικίλην

144 4388 214 4477 τοῦ
240 4391 359 4447 Θεοῦ
390 4397 584 4466 σοφίαν
611 4385 925 4468 κατόψεταιξ
953 4403 1011 4454 ἐν
1044 4405 1217 4476 μικρᾷ
1249 4404 1437 4476 μορίου
1460 4405 1553 4459 καὶ
1581 4385 1676 4477 μέ-

145 4474 238 4544 λους
262 4491 568 4561 περιγραφῇ
599 4489 867 4562 τοσαύτην
896 4474 1301 4566 ἐπιδειξαμένου
1322 4474 1440 4568 ήτὴν
1483 4474 1679 4567 φιλοτι-
1710 4499 1752 4553 D

151 4573 250 4663 μίαν
272 4578 363 4648 τῆς
393 4582 614 4654 τέχνης.
644 4583 867 4656 Πρῶτον
911 4586 1010 4655 μὲν
1054 4586 1163 4659 γὰρ
1204 4584 1352 4660 αὐτῷ
1395 4589 1554 4663 χάρις
1589 4608 1672 4655 τις

150 4662 453 4740 ἑπικέχυταιο
501 4675 595 4728 καὶ
636 4676 783 4729 ἐστιν
819 4679 1175 4744 ἁπαλώτατός
1204 4697 1263 4733 τε
1289 4683 1382 4734 καὶ
1409 4681 1671 4753 ἄσαρκος,

1699 3163 1743 3224 C

203 4782 371 4861 ἕδος.
407 4789 831 4861 περιεργάζοντο
853 4811 902 4848 τ.
939 4812 991 4847 κ.
1041 4796 1131 4849 καὶ
1159 4796 1536 4852 ἐπυνθάνοντο.
1618 4797 1672 4827 ³³·

1777 4794 1836 4848 Ex
1872 4793 2029 4848 l’hot.
2105 4790 2148 4821 ⁸¹
2174 4787 2253 4842 Ex
2282 4785 2439 4842 Phot.

151 4850 185 4893 ’⁸
202 4851 260 4907 Et
282 4850 384 4925 δὸς.

205 4968 297 5047 (38)
318 4971 442 5047 Cum
470 4975 624 5047 petis
651 4994 753 5030 non
782 4978 966 5043 puniat
1010 4978 1174 5031 alium
1217 4995 1312 5047 pro
1337 4979 1461 5031 alio.
1488 4980 1563 5032 Ita
1600 4980 1682 5030 vi-

154 5034 440 5118 detur'tradi
465 5034 853 5118 Ezeclttxvt'tt,
887 5046 1060 5101 Filius
1105 5034 1683 5118 non'porlabitiuiqui-

156 5114 279 5189 {ille}?!
310 5115 488 5189 ραι-δίε,
519 5126 625 5171 etc.
665 5117 969 5189 Cuitanteu
1000 5114 1333 5189 contrarium
1367 5121 1533 5173 videri
1560 5114 1684 5187 pos~

156 5178 207 5228 sit
232 5178 341 5251 illud
384 5183 541 5239 Deut.
605 5202 636 5241 v
679 5205 692 5240 :
739 5187 849 5251 Ego
880 5187 1135 5241 Dominus
1172 5186 1311 5240 Deus
1362 5198 1504 5250 tuus,
1547 5178 1686 5242 Deus

156 5249 403 5329 vidulo".
436 5256 652 5311 reddens
691 5249 1020 5326 iniquitatem
1072 5268 1281 5324 pati-un.
1329 5259 1682 5329 superﬂuos,

223 5326 401 5397 tertiani
434 5335 480 5377 et
509 5337 749 5397 quartam
780 5330 1202 5395 generationem:
1228 5342 1292 5381 :tc
1336 5342 1464 5381 sane
1493 5328 1679 5397 liquet,

159 5391 543 5467 glaﬂuaudoque
588 5391 974 5467 puniri'ﬁlios,
1007 5414 1069 5451 ac
1101 5396 1156 5450 in
1208 5397 1332 5452 liliis
1394 5391 1681 5465 parentes;

158 5464 290 5542 titulis
323 5470 642 5542 tamenquae
690 5466 905 5542 iisdem_
926 5468 1257 5542 parentibus
1279 5464 1496 5542 accepta
1544 5469 1683 5542 refe-

162 5533 272 5609 ενοι,
298 5532 365 5609 uti
385 5532 714 5609 distinizuunt
738 5538 905 5609 nostri
927 5532 1193 5607 theologi.
1224 5532 1484 5604 Quocirca
1510 5539 1678 5609 possit

162 5589 496 5675 qisqipulorum
528 5589 873 5674 interrogatio
896 5589 987 5661 ﬁcari
1009 5589 1191 5675 pario
1215 5589 1333 5662 ηᾟὶῐ
1352 5589 1684 5664 διῆιῖίῖιοῖἰέ

162 5659 249 5751 (ltiti
269 5659 487 5751 absona,
514 5659 995 5751 tametsiunonnihil
1013 5659 1341 5751 imprudens
1359 5659 1683 5734 satisﬁeri-

164 5741 224 5784 ηε
248 5751 262 5789 :
285 5741 449 5807 potius
481 5745 645 5817 enim,
670 5760 792 5805 cum
841 5747 978 5805 nihil
1012 5741 1242 5821 liqueret
1286 5751 1354 5808 de
1403 5759 1691 5819 parentum

1776 572 1977 626 tionem
2021 571 2265 627 sarcivit.
2305 571 2661 638 Quamobrem
2698 572 2860 627 etiam
2897 570 3175 640 discipuli,
3204 584 3344 623 mor-

1770 662 1896 716 hum
1938 660 2292 725 miserantes,
2342 661 2694 732 videntesque
2733 662 3007 717 hominem
3054 661 3146 731 qui
3201 660 3339 715 lucis

1766 751 2212 822 jucundissimam
2258 752 2586 823 voluptatem
2636 754 2919 823 uequidem
2966 766 3201 823 unquam
3239 766 3341 821 gu-

1767 851 1988 908 stasset,
2015 842 2282 897 curiosius
2307 843 2643 912 inquirentes
2664 858 2920 898 aerumnae
2951 858 3193 908 catisam,
3234 843 3345 897 Do-

1767 934 1969 988 minum
2019 933 2459 1005 interrogabant,
2495 936 2636 990 haud
2666 938 2808 991 scite
2863 937 3175 1000 admodum,
3207 950 3335 990 num

1765 1024 1835 1081 ob
1875 1027 2146 1098 propriam
2183 1028 2420 1096 culpam,
2451 1042 2519 1083 an
2566 1037 2784 1098 propter
2811 1038 3090 1099 parentum
3120 1027 3339 1094 delicta,

1766 1117 1845 1172 sic
1872 1116 2063 1173 allecto
2087 1133 2314 1188 corpore
2338 1118 2391 1173 iu
2423 1119 2596 1174 lucem
2645 1119 2936 1187 productus
2964 1127 3130 1174 esset.
3160 1116 3345 1173 Utriu-

1771 1223 1878 1279 que
1911 1216 2090 1264 autem
2131 1210 2469 1280 percontatio
2498 1209 2971 1280 reprehensionem
3006 1208 3169 1263 habet
3197 1225 3211 1262 :
3240 1221 3341 1262 ne-

1768 1316 1874 1372 que
1920 1304 2064 1356 enim
2099 1301 2259 1368 ﬁlius,
2294 1302 2497 1358 nullius
2543 1302 2657 1371 ipse
2687 1315 2832 1366 reus,
2879 1314 2978 1369 pro
3027 1299 3345 1370 parentibus

1771 1394 2091 1463 reprohatus
2117 1404 2303 1448 esset:
2336 1408 2461 1449 cum
2496 1394 2637 1447 Deus
2673 1407 2778 1447 non
2815 1391 3003 1461 puniat
3039 1389 3202 1443 alium
3244 1403 3347 1458 pro

1767 1482 1874 1537 alio
1902 1482 2049 1555 ('58):
2084 1497 2258 1552 neque
2285 1497 2412 1538 vero
2438 1496 2660 1537 suorum
2697 1481 2787 1536 ille
2823 1480 3109 1536 criminum
3152 1492 3345 1548 partes

1772 1575 1946 1641 daret,
1979 1574 2073 1644 qui
2108 1574 2334 1630 necdum
2369 1574 2423 1629 in
2454 1574 2620 1627 vitam
2652 1572 3043 1640 processisset.
3073 1567 3345 1638 siquidem

1770 1665 1843 1721 ita
1873 1682 2047 1721 ciceus
2084 1676 2246 1721 natus
2267 1675 2406 1720 erat.
2433 1665 2605 1720 Nemo
2625 1663 2888 1734 siquidem
2916 1663 3146 1718 necdum
3185 1670 3346 1718 natus

1768 1770 2026 1830 peccator
2075 1769 2182 1818 est.
2231 1759 2354 1830 Ipsa
2384 1759 2601 1830 quidem
2630 1756 2987 1827 interrogatio
3017 1754 3160 1810 haud
3191 1754 3348 1810 valde

1769 1851 1989 1921 probata
2030 1858 2134 1905 est.
2173 1848 2463 1905 Videamus
2517 1863 2646 1904 vero
2696 1858 2755 1903 ut
2804 1845 3036 1913 Veritas,
3090 1845 3348 1900 Dominus

1767 1950 1974 2006 noster,
2003 1942 2074 1995 ita
2102 1941 2552 2013 percontantibus
2581 1940 2944 2011 responderit.
2963 1938 3185 1994 Morbus
3220 1939 3347 2005 iste,

1766 2049 1801 2089 ο
1837 2034 2113 2105 discipuli,
2144 2034 2367 2091 minime
2404 2034 2663 2105 gentium,
2688 2041 3032 2103 peccatorum
3064 2023 3350 2085 retributio

1767 2134 1868 2188 est,
1924 2125 2018 2181 sed
2060 2124 2254 2181 lutum
2297 2123 2723 2194 dispensationis
2757 2120 3101 2192 praparatio,
3142 2134 3252 2188 quo
3276 2119 3347 2185 is,

1771 2218 1863 2290 qui
1892 2216 2199 2273 communis
2243 2216 2471 2272 habetur
2515 2216 2700 2281 homo,
2735 2213 2939 2282 majora
2974 2212 3351 2280 homine'ope-

1769 2321 1963 2365 retur:
1995 2317 2162 2379 utque
2213 2308 2593 2373 universorum
2663 2313 2895 2369 auctor,
2946 2309 3068 2372 post
3117 2301 3347 2372 primam

1768 2401 2120 2466 creationem,
2164 2413 2308 2455 nunc
2347 2411 2566 2469 quoque
2600 2394 2806 2465 opilicii
2847 2401 3166 2465 argumenta
3201 2391 3352 2447 inve-

1770 2494 1928 2556 niat,
2012 2501 2174 2561 atque
2236 2504 2302 2545 ex
2360 2488 2783 2561 particularibus
2856 2484 3125 2540 universis
3189 2483 3349 2538 iidem

1772 2590 2002 2648 astruat,
2058 2597 2124 2636 ac
2152 2582 2386 2650 denique
2416 2580 2586 2633 durus
2631 2577 2860 2648 pupulus
2887 2572 3354 2642 intractabilisque

1768 2674 2000 2729 adorare
2051 2673 2441 2742 persuadeatur
2488 2670 2719 2740 ahjectis
2780 2666 3073 2737 lapidibus.
3141 2661 3350 2717 lllumi-

1772 2772 1968 2818 nentur
1996 2777 2124 2832 ergo
2148 2761 2288 2817 oculi
2322 2776 2426 2817 non
2461 2760 2734 2825 videntes,
2775 2767 2834 2814 ut
2874 2755 3100 2826 iustitia:
3123 2753 3205 2809 sol
3233 2750 3354 2806 aui-

1771 2869 1888 2908 mos
1919 2852 2284 2921 insipientium
2316 2851 2564 2906 illustret.
2597 2848 2717 2904 Fiat
2746 2864 2833 2905 res
2867 2862 3027 2914 nova,
3077 2861 3142 2902 ac
3163 2857 3355 2902 creen-

1773 2956 1860 3001 tur
1916 2946 2090 3011 oculi,
2125 2960 2232 3015 quo
2262 2944 2512 2999 noverint
2567 2943 2806 2998 seditiosi
2849 2951 2909 2996 ut
2958 2946 3119 3011 quem
3165 2939 3356 2993 dicunt

1774 3035 1988 3107 Iosephi
2018 3035 2210 3101 lilium,
2228 3035 2272 3089 si
2293 3047 2419 3089 vere
2452 3032 2590 3089 labri
2612 3032 2753 3087 lilius
2767 3041 2932 3098 esset,
2957 3028 3353 3102 potuissetqui-

1776 3129 1896 3184 dem
1942 3127 2276 3182 confractum
2310 3140 2531 3181 currum
2579 3124 2825 3188 reticere,
2858 3129 2956 3177 aut
2990 3121 3132 3190 ligna
3164 3134 3196 3174 a
3219 3119 3350 3190 jun-

1778 3232 1929 3277 ctura
1959 3218 2225 3290 disjuucta
2269 3231 2581 3281 conserere,
2628 3230 2725 3272 seu
2766 3216 2930 3273 etiam
2972 3213 3199 3268 fractam
3240 3219 3354 3265 tra-

1776 3312 1900 3367 bem
1946 3310 2159 3375 fulcire,
2194 3308 2278 3363 vel
2317 3309 2445 3363 item
2488 3321 2712 3378 asperos
2745 3319 2956 3361 asseres
2982 3302 3352 3370 complanare,

1779 3402 2132 3458 aut-omnino
2180 3396 2268 3453 illa
2330 3406 2592 3467 praestare
2637 3410 2760 3466 qua:
2806 3405 2962 3466 pater
3014 3391 3208 3447 artifex
3253 3403 3352 3459 pro

1777 3495 1911 3549 artis
1954 3493 2163 3547 ratione
2210 3505 2273 3546 ac
2324 3488 2557 3546 instituti
2608 3487 2774 3542 tilium
2820 3489 3042 3551 doceat;
3082 3493 3140 3538 ut
3171 3492 3354 3538 tamen

1778 3591 1988 3655 partem
2045 3583 2322 3646 hominis,
2377 3594 2609 3651 eamque
2668 3576 3111 3649 pulcherrimam,
3160 3587 3359 3643 nempe

1778 3674 2018 3741 oculum,
2066 3673 2147 3727 sic
2191 3672 2427 3725 maxime
2474 3686 2504 3724 a
2554 3677 2746 3724 natura
2803 3668 3160 3731 elaboratum,
3190 3677 3354 3719 nemo

1778 3767 1916 3822 alius
1953 3781 2118 3837 quam
2163 3767 2254 3835 qui
2284 3780 2313 3817 a
2342 3761 2608 3832 principio
2636 3762 2688 3816 iu
2744 3769 2990 3814 naturam
3027 3766 3353 3828 potestatem

1789 3858 1973 3926 habet,
1996 3856 2230 3914 condere
2259 3853 2517 3925 potuerit.

1850 4129 2017 4194 Sane,
2050 4134 2110 4181 ut
2138 4124 2260 4197 quis
2293 4131 2500 4178 attente
2528 4119 2780 4177 humanis
2810 4117 3070 4174 membris
3095 4116 3351 4187 fauimum

1780 4219 2015 4290 adjicere
2046 4216 2194 4279 velit,
2240 4216 2293 4271 iu
2329 4217 2431 4269 hac
2477 4211 2712 4268 maxime
2736 4219 2891 4280 parte
2918 4209 3183 4278 corporis,
3230 4223 3355 4263 om-

1780 4314 2111 4383 nipotentem
2148 4323 2213 4364 ac
2248 4308 2453 4363 variam
2490 4305 2588 4360 Dei
2614 4303 2933 4375 sapientiam
2962 4342 2980 4369 ,
3015 4310 3219 4355 tantam
3260 4314 3359 4354 ar-

1782 4408 1851 4463 tis
1891 4402 2353 4476 maguii‘tcentiam
2383 4401 2436 4453 in
2469 4398 2676 4453 tantillo
2706 4397 2930 4452 membri
2962 4395 3163 4450 ambitu
3201 4393 3361 4449 exhi-

1792 4497 1999 4561 heutis,
2054 4493 2410 4565 perspexerit.
2464 4490 2599 4545 Nam
2645 4489 2820 4558 primo
2857 4488 3074 4559 quidem
3127 4485 3358 4542 afl‘usam

1784 4590 1950 4645 habet
2000 4585 2290 4655 quamdam
2339 4582 2591 4654 gratiam,
2627 4591 2817 4651 estque
2870 4579 3220 4645 tenerrimus,
3288 4592 3359 4634 ae

1782 4692 1947 4734 carne
1980 4690 2199 4738 vacans,
2257 4684 2315 4727 ut
2340 4674 2413 4726 ita
2457 4672 2652 4737 dicam,
2698 4672 2749 4725 in
2775 4670 3003 4727 delicata
3051 4668 3353 4726 substantia

2539 4788 2584 4819 ”
2612 4786 2736 4859 Seg.
2771 4782 2982 4848 πεῦσις.
3058 4784 3105 4816 ’³
3123 4782 3201 4838 Ex
3226 4782 3355 4855 Sex.

1780 4992 1938 5042 noxa,
1976 4986 2185 5031 natura:
2211 4975 2261 5030 id
2295 4975 2480 5029 vitium
2527 4975 2579 5030 in
2628 4975 2721 5030 Dei
2763 4974 3153 5044 providentiam
3197 4975 3354 5030 redu-

1781 5049 2013 5102 cendum
2056 5057 2193 5112 erat,
2224 5047 2315 5116 qui
2362 5046 2445 5100 vel
2480 5056 2748 5115 parentes,
2788 5047 2869 5099 vel
2908 5045 3092 5116 ipsum
3128 5060 3356 5110 caecum,

1785 5118 1861 5171 uti
1899 5117 2011 5170 fere
2056 5115 2232 5183 justos
2273 5117 2572 5181 consuevit,
2613 5131 2676 5169 eo
2708 5124 2991 5170 exerceret
3031 5115 3097 5169 ad
3143 5115 3349 5185 patien-

1787 5188 1939 5240 tiam.
1971 5186 2216 5241 Ezechiel
2259 5187 2324 5240 ad
2363 5187 2574 5241 adultos
2612 5186 2869 5255 loquitur,
2911 5200 3045 5255 quos
3080 5193 3355 5255 provocat,

1794 5258 1869 5311 uti
1918 5256 2016 5326 ipsi
2044 5257 2295 5311 virtutem
2338 5266 2632 5319 sectentur,
2665 5254 2792 5310 suas
2819 5256 2916 5326 ipsi
2950 5254 3207 5326 salvaturi
3239 5256 3357 5307 ani-

1794 5322 2216 5396 mas,'quithuid
2250 5336 2429 5396 patres
2463 5328 2821 5396 peccaverint.
2844 5322 2955 5396 Pro
2983 5335 3134 5392 parte
3161 5322 3355 5396 altera,

1792 5406 1845 5450 ut
1878 5394 1990 5464 jam
2021 5394 2131 5450 tum
2166 5394 2303 5452 Deus
2334 5412 2430 5466 pro
2464 5394 2701 5466 peccatis
2735 5394 3039 5449 commissis
3098 5394 3354 5466 punierit,

1789 5463 2030 5521 errorem
2057 5468 2251 5532 habet;
2278 5463 2350 5522 ac
2375 5463 2475 5521 nec
2501 5478 2656 5520 vacat
2697 5466 2823 5520 item
2862 5477 3048 5518 errore
3097 5463 3361 5531 utpunie-

1791 5536 1862 5590 tit
1910 5552 2004 5607 pro
2055 5536 2121 5590 iis
2182 5552 2300 5606 qua:
2351 5538 2687 5607 postmodum
2754 5536 2822 5588 ah
2866 5546 2932 5588 eo
2971 5532 3355 5607 committenda

1790 5601 2386 5689 praeviderittal'terunt
2437 5605 2902 5689 Origeniqnorum,
2937 5603 3163 5658 alterum
3212 5601 3361 5658 Pela-

1793 5673 2076 5744 gianorum
2113 5678 2444 5744 postmodum
2482 5688 2634 5729 error
2664 5673 2787 5747 fuit,
2817 5689 2850 5731 a
2883 5689 2992 5746 quo
3030 5684 3267 5747 utroque
3300 5689 3361 5729 se
3462 5684 3475 5693 '

1793 5748 2037 5805 Asterius
2066 5747 2456 5805 alienissimum
2489 5746 2747 5803 ostendit.
