3856 6274
462 348 569 406 255
1740 346 1798 399 S.
1837 342 1985 401 ΛΒΤ]

2255 343 2453 401 ASENI
3615 347 3778 406 256

464 474 719 530 duritiem
767 464 993 539 haoens,
1037 472 1201 541 inque
1227 469 1374 526 molli
1417 468 1821 529 contentionem
1848 483 1987 540 quan

2251 469 2303 523 iv
2328 469 2457 541 εἴπῃ
2480 486 2586 538 τις,
2618 469 2676 522 ἐν
2698 467 2774 539 τῷ
2798 465 3051 540 τρυφερῷ
3085 465 3148 519 τὸ
3182 464 3401 537 στερεὸν
3427 465 3584 537 ἔχων,
3633 467 3774 519 καὶ

465 566 614 628 (iam,
651 578 714 619 ac
735 564 903 619 variis
935 562 1206 619 coloribus
1243 560 1506 616 illustrius
1550 560 1869 616 interiioret.
1912 560 1988 630 Ejt

2255 560 2305 632 ᾧ
2337 559 2565 633 μαλακῷ
2589 560 2653 613 τὸ
2699 559 3085 631 διατεταμένον
3105 576 3118 589 ·
3164 559 3260 613 καὶ
3286 559 3553 624 ποικίλαις
3574 560 3778 632 διήν-

465 655 649 724 itaque
681 653 1036 709 meditullium
1063 652 1202 720 nigri
1230 651 1644 708 delineationem
1675 650 1857 715 habet,
1902 666 1988 705 eat

2248 671 2324 707 rat
2349 656 2468 717 ταῖς
2497 653 2703 725 χρόαις.
2749 652 2823 706 Τὸ
2851 650 2982 722 γοῦν
3009 650 3173 722 μέσον
3211 649 3377 703 αὑτοῦ
3439 650 3536 721 τὴν
3565 667 3771 720 περι-

466 758 575 812 que
616 759 725 798 nou
756 744 997 811 ejusdem
1025 757 1122 811 per
1147 751 1315 797 totum
1347 743 1595 810 rationis,
1619 742 1714 798 sed
1743 743 1908 798 variis
1931 759 1983 813 qi

2240 743 2360 814 ιφὴν
2405 743 2518 816 ἔχει
2561 745 2656 799 τοὺ
2707 746 2933 816 μέλανος
2954 762 2969 778 ο
3004 744 3098 799 καὶ
3136 743 3357 815 ταύτην,
3395 744 3456 796 οὑ
3495 744 3563 797 δι’
3588 743 3763 797 ὅλου

468 834 692 888 busdam
754 833 971 889 circulis
1030 834 1418 897 commissam;
1469 843 1655 889 centro
1708 833 1923 903 quidem
1977 850 1991 886 ι

2238 833 2414 905 νοειδῆ,
2449 833 2589 889 ἀλλά
2626 836 2893 900 ποικίλοις
2919 836 3028 890 τισὶ
3050 834 3269 897 κύκλοις
3289 834 3714 909 συνδεδεμένην
3739 849 3761 864 ’

468 926 766 979 meditullio
831 926 1097 994 nigriori;
1157 926 1416 980 exteriori
1466 936 1644 980 autem
1694 923 1991 981 circmuﬂe:

2248 912 2481 1000 ’κέντρου
2508 929 2604 997 μὲν
2631 927 2795 983 αὑτοῦ
2831 930 2926 982 καὶ
2976 927 3140 999 μέσου
3180 926 3242 979 τὸ
3275 925 3566 998 βαθύτερον
3595 925 3761 997 [καῖ

467 1013 720 1081 paulatim
773 1015 825 1068 in
876 1014 1151 1069 ilaviorem
1200 1016 1477 1070 desinente
1544 1017 1852 1070 tincturam.
1906 1015 1990 1069 Eat

2237 1021 2473 1095 .dv'rspov
2490 1021 2561 1094 "1
2594 1022 2842 1093 ἔχοντοςο
2875 1025 2973 1094 τῆς
3007 1022 3065 1075 δὲ
3091 1020 3340 1093 ἐξωτέρω
3362 1020 3760 1092 περιφερείας

467 1103 600 1159 furis
637 1106 806 1161 munit
830 1106 1033 1172 album,
1061 1107 1397 1176 splendidum
1430 1106 1559 1161 illud
1588 1122 1653 1161 ac
1675 1107 1990 1177 pellucidum

2238 1127 2278 1173 ις
2316 1109 2418 1183 τὴν
2458 1110 2783 1184 ξανθοτέραν
2818 1112 2959 1165 κατὰ
2994 1111 3156 1183 μέρος
3200 1110 3579 1182 ἀποληγούσης
3623 1109 3761 1180 βα.-

465 1197 607 1253 haud
664 1209 841 1255 tamen
896 1215 1106 1255 smmne
1143 1215 1208 1255 nc
1249 1201 1394 1257 nulla
1440 1201 1823 1270 temperatione
1851 1202 1986 1256 cand

2235 1216 2269 1256 ι.
2284 1200 2499 1272 Ταύτης
2512 1201 2710 1268 ἔξωθεν
2729 1202 2791 1256 τὸ
2811 1201 3001 1256 λευκὸν
3026 1200 3438 1274 περιϐέϐληται,
3464 1200 3758 1256 στιλπνὸν

465 1288 615 1355 dum,
670 1291 765 1345 sed
814 1292 986 1346 vitrea
1033 1293 1267 1361 quadam
1304 1309 1368 1348 ac
1414 1293 1675 1361 pellucida
1712 1293 1891 1363 specie
1925 1290 1988 1347 f0]

2231 1329 2237 1342 .
2275 1291 2515 1362 διαυγὲς,
2539 1293 2639 1346 οὑκ
2685 1292 2979 1362 ἀκρότατον
2997 1292 3042 1324 ³³
3071 1292 3191 1363 ἔχον
3235 1291 3332 1362 τὴν
3367 1291 3694 1363 λευκότητα
3729 1307 3754 1324 ⁸

465 1388 691 1434 malum.
722 1380 941 1436 [iubens
970 1381 1117 1437 color
1142 1382 1284 1439 circa
1320 1383 1574 1451 pupillam
1610 1382 1811 1438 affusus
1842 1392 1947 1446 est,
1981 1399 1988 1432 ι

2231 1383 2257 1435 ι’
2288 1383 2346 1436 ἐν
2371 1383 2807 1453 κρυσταλλοειδεί
2831 1402 2937 1438 τινι
2978 1387 3073 1439 καὶ
3100 1384 3462 1456 διαυγαζούσῃ
3489 1402 3754 1453 πεποιηο

465 1469 589 1525 alho
620 1487 684 1524 ac
714 1473 866 1541 nigro
882 1484 1254 1544 contemperet
1296 1475 1545 1545 gratiam.
1598 1474 1677 1530 Ad
1708 1475 1822 1529 haec
1858 1484 1988 1545 aute}

2231 1491 2301 1526 ιον
2346 1477 2411 1545 τῇ
2456 1478 2659 1546 μορφῇ.
2696 1475 2770 1528 T6
2800 1475 3029 1546 ἐρυθρὸν
3063 1479 3242 1529 κεῖται
3284 1475 3411 1547 περὶ
3445 1476 3542 1547 τὴν
3581 1474 3754 1546 κρή⁴

463 1561 544 1617 sic
586 1562 639 1616 in
685 1563 852 1617 denso
901 1564 1201 1633 pellucidus
1228 1576 1315 1625 est
1345 1575 1507 1635 atque
1539 1566 1699 1631 levis,
1742 1575 1873 1621 utet
1915 1581 1986 1635 ιιι-ι

2217 1582 2237 1617 ν
2252 1564 2318 1629 ³ο,
2346 1565 2432 1619 ἴνα
2450 1564 2528 1635 τῷ
2547 1564 2725 1637 λευκῷ
2745 1565 2841 1618 καὶ
2859 1564 2936 1636 τῷ
2964 1565 3153 1635 μέλανι
3175 1566 3383 1638 κεράσῃ
3403 1565 3501 1635 τὴν
3528 1563 3740 1637 χάριν.

466 1654 587 1721 pius
646 1657 1014 1710 accedentium
1056 1655 1258 1713 formas
1292 1658 1582 1725 exprimat,
1612 1672 1677 1712 ac
1702 1657 1849 1713 velut
1876 1671 1989 1727 egre

2229 1656 2279 1709 tri.
2315 1656 2544 1721 τούτοις,
2586 1656 2759 1720 οὑτως
2804 1658 2923 1709 ἐστὶ
2956 1656 3183 1728 διαυγὴς
3223 1657 3317 1711 καὶ⁵
3361 1655 3503 1720 λεῖος
3548 1656 3609 1709 ἐν
3656 1657 3752 1727 τῇ

462 1742 613 1812 gium
649 1744 947 1812 speculum,
990 1760 1178 1801 eorum
1225 1747 1545 1816 quibuscum
1593 1760 1898 1801 sermonem
1934 1761 1985 1800 m

2228 1745 2460 1817 κνότητι,
2512 1745 2652 1799 ὥστε
2694 1745 2788 1799 καὶ
2835 1746 2940 1810 τάς
2980 1746 3086 1799 τῶν
3136 1746 3462 1815 ἐγγιζόντων
3506 1743 3751 1798 είδωλο-

460 1811 718 1898 ὲοοηιιιεί,
774 1835 973 1903 ﬁguras
1029 1811 1375 1905 reprmseutet
1416 1853 1430 1889 :
1473 1835 1818 1906 quamobrem
1867 1834 1983 1889 etiat

2223 1838 2313 1889 ιείν
2370 1811 2603 1910 μορφὰς,
2654 1835 2746 1891 καὶ
2792 1837 2957 1890 οἱονεὶ
3004 1811 3312 1908 κάτοπτρον
3344 1834 3568 1908 ἀκριϐὲς
3607 1835 3746 1888 τῶν

462 1922 581 1991 eius
617 1923 800 1979 circuli
848 1939 1061 1981 suntme
1114 1927 1351 1981 medium
1397 1935 1642 1981 centrum
1679 1925 1877 1994 pupilla
1933 1940 1985 1993 ar

2220 1928 2677 1999 οσδιαλεγομένων
2739 1927 3101 1983 ἐντυποῦσθαι
3154 1929 3283 1991 τοὺς
3339 1928 3743 1999 χαρακτῆρας,

462 2013 719 2083 pellatum
752 2014 874 2082 fuit,
909 2020 1198 2073 humanam
1234 2033 1451 2088 semper
1477 2018 1737 2074 exhibens
1771 2016 1985 2087 specien

2408 2018 2502 2072 καὶ
2540 2019 2601 2073 τὸ
2653 2021 2978 2091 μεσαίτατον
3019 2021 3182 2074 αὑτοῦ
3232 2020 3433 2074 κύκλου
3466 2020 3742 2092 κέντρον.

462 2115 523 2169 ιιι
564 2107 686 2175 quis
732 2123 763 2163 e
808 2110 1028 2180 regione
1065 2110 1357 2180 aspexerit.
1395 2108 1467 2166 Ut
1508 2110 1654 2164 enim
1693 2110 1882 2178 nequit
1916 2109 1982 2163 lie

2219 2108 2576 2179 οσηγόρευται
2624 2111 2781 2182 κόρη,
2816 2109 2903 2164 ἀεὶ
2952 2112 3050 2181 τὴν
3097 2111 3309 2184 μορφὴν
3346 2111 3424 2183 τῷ
3466 2128 3742 2165 καταντιο

462 2209 523 2255 ut
579 2201 701 2270 quis
736 2212 1022 2270 aspectans
1070 2203 1124 2256 in
1170 2203 1443 2271 speculum
1488 2217 1594 2256 non
1650 2201 1833 2256 statim
1881 2216 1985 2255 sua:

2223 2201 2245 2255 ἱ)
2271 2200 2518 2271 βλέποντι
2543 2201 2783 2257 δεικνύον
2810 2203 3184 2275 ἀνθρωπικήν.
3216 2204 3303 2267 Ὠς
3323 2203 3434 2274 γὰρ
3465 2204 3567 2256 οὑκ
3601 2202 3746 2256 ἔστι

462 2290 518 2347 in
583 2293 806 2347 materia
880 2293 1106 2363 ﬁguram
1172 2294 1506 2361 adumbret;
1597 2293 1680 2348 sic
1740 2309 1913 2364 neque
1977 2310 1985 2346 ι

2215 2307 2231 2344 θ
2265 2290 2475 2362 ὁρῶντα
2513 2290 2605 2356 εἰς’
2636 2292 2939 2366 κάτοπτρον
2992 2293 3070 2367 μὴ
3098 2292 3258 2358 εὐθὺς
3309 2293 3738 2364 ἐνίσκασηται³²

461 2382 584 2451 quis
645 2384 872 2439 adverso
920 2383 1064 2438 vultu
1116 2383 1271 2438 alteri
1325 2384 1653 2451 consistens,
1711 2399 1819 2441 non
1876 2398 1984 2438 suat

2241 2380 2340 2454 ὕλῃ
2367 2382 2458 2435 τὸν
2497 2382 2627 2436 ἴδιον
2680 2385 3021 2465 χαρακτῆρα·
3080 2383 3229 2438 οὑτω
3292 2385 3385 2438 τὸν
3427 2384 3745 2455 ἀντιπρόσ-

463 2473 691 2531 fortnam
738 2475 895 2531 oculo
937 2476 1213 2545 appiugat.
1265 2476 1398 2532 Sese
1443 2490 1573 2546 ergo
1637 2476 1884 2530 homines
1944 2476 1986 2529 in

2228 2492 2293 2528 πον
2339 2474 2548 2529 ἑστῶτα
2608 2476 2702 2530 τοῦ
2757 2476 3045 2550 ἀνθρώπου
3070 2517 3090 2542 ,
3158 2477 3232 2547 μὴ
3312 2475 3590 2549 ἐγγράψαι
3646 2475 3751 2548 τῷ

460 2564 634 2619 vicem
672 2565 995 2633 aspicientes
1029 2567 1131 2622 sibi
1190 2578 1376 2623 mutuo
1419 2566 1634 2637 specula
1665 2564 1983 2621 etlieiuntur.

2221 2566 2401 2637 θαλμῷ
2425 2567 2523 2639 τὴν
2555 2568 2759 2622 οἰκείαν
2797 2570 3033 2640 μορφήν.
3071 2569 3165 2632 Εἰς
3189 2568 3451 2639 ἀλλήλους
3480 2566 3615 2637 γοῦν
3636 2567 3744 2622 ἇν-

2143 2656 2349 2728 θρωποι
2384 2655 2671 2727 βλέποντες
2695 2658 2940 2729 ἀλλήλων
2969 2659 3210 2728 γίνονται
3245 2660 3545 2730 κάτοπτρα.

460 2782 465 2785 .
537 2739 739 2810 Dignus
780 2741 961 2812 itaque
995 2743 1281 2799 in'creatis
1330 2743 1692 2799 admiratione
1726 2745 1936 2800 oculus.

2216 2747 2501 2818 Θαύματος
2527 2750 2705 2803 τοίνυν
2721 2750 2869 2815 ἄξιος
2888 2752 2944 2803 ἐν
2959 2754 3072 2814 τοῖς
3098 2750 3388 2822 κτίσμασιν
3414 2748 3739 2821 ὀφθαλμός.

458 2832 608 2887 enim
641 2832 806 2901 Deum
841 2849 1058 2903 quoque
1102 2835 1231 2893 mihi
1271 2836 1513 2904 exponit,
1547 2836 1636 2904 qui
1678 2846 1845 2889 totam
1876 2852 1981 2890 acct

2224 2856 2313 2903 τος
2344 2838 2453 2910 γάρ
2490 2857 2578 2910 μοι
2614 2841 2710 2894 καὶ
2740 2840 2875 2895 Θεὸν
2903 2840 3224 2919 κέρμηνεύει,
3261 2843 3440 2896 πᾶσαν
3478 2841 3742 2915 ἀκριϐῶς

464 2937 583 2979 rate
619 2934 925 2981 creaturam
962 2926 1252 2995 perdiscat,
1297 2942 1473 2997 exque
1505 2928 1822 2996 operatione
1866 2927 1987 2981 artit

2215 2934 2578 3005 ,ταμανθάνων
2617 2934 2713 3005 τὴν
2755 2933 2954 3000 κτίσιν,
2998 2933 3107 2986 κάκ
3141 2933 3240 3004 τῆς
3276 2932 3554 3002 ἐνεργείας
3584 2931 3738 2986 ὑπο-

468 3030 586 3071 cem
628 3017 906 3074 ostendat.
941 3017 1061 3083 llic,
1093 3033 1160 3074 ex
1198 3018 1265 3073 iis
1304 3033 1425 3088 quae
1453 3018 1679 3073 visibilia
1713 3028 1859 3083 sunt,
1896 3019 1983 3072 inv

2211 3027 2359 3089 ικνὺς
2383 3025 2474 3080 τὸν
2499 3026 2765 3097 τεχνίτην·
2788 3018 2943 3090 οὗτος
2961 3027 3026 3079 ἐκ
3049 3026 3156 3080 τῶν
3187 3023 3399 3097 ὁρατῶν
3421 3025 3445 3077 ἐ
3454 3023 3734 3097 ρμηνεύέι

462 3108 646 3163 sibilia
686 3110 880 3166 animm
912 3110 1169 3180 explicat.
1215 3108 1318 3167 Per
1348 3126 1473 3164 eum
1526 3110 1660 3165 solis
1691 3109 1866 3166 habeo
1896 3120 1985 3165 not

2214 3120 2250 3188 ᾗ
2281 3115 2427 3189 ψυχῇ
2475 3117 2561 3188 ³³]
2596 3115 2666 3169 τά
2707 3115 2949 3187 ἀόρατα·
3000 3114 3089 3168 διὰ
3136 3113 3326 3168 τούτου
3383 3113 3491 3185 ἔχω
3519 3112 3737 3183 γνῶσιν

472 3199 635 3267 tiam,
672 3215 738 3256 ac
782 3200 907 3256 caali
942 3211 1190 3256 ornatum
1240 3201 1400 3268 novi,
1437 3201 1713 3270 lustroque
1761 3200 1995 3254 stellarul

2218 3168 2444 3269 ίόυίἓὲὶ
2474 3168 2934 3278 ούρανοῢκόσμον
2967 3204 3187 3276 ἔμαθον,
3218 3205 3312 3260 καὶ
3560 3204 3735 3258 ἀστέ-

469 3292 949 3361 pulchritudinem,
983 3302 1039 3348 et
1070 3303 1229 3349 teme
1262 3294 1460 3361 basim,
1485 3308 1550 3348 ac
1577 3293 1742 3348 maris
1769 3303 1992 3348 naturau

2214 3315 2257 3351 »ν
2292 3297 2576 3369 ἱστόρησα,
2606 3298 2700 3350 καί
2731 3296 2835 3368 γῆς
2863 3297 3182 3361 ὑπόστασιν,
3213 3298 3308 3350 καὶ
3337 3296 3496 3366 φύσιν
3523 3296 3737 3350 θαλάσ-

476 3383 694 3438 diversa
722 3385 927 3439 semina
959 3385 1324 3456 arborumque
1350 3386 1692 3452 varietatem,
1715 3399 1778 3439 ac
1802 3385 1999 3440 colorut

2214 3402 2278 3455 Ις’
2311 3387 2642 3458 σπερμάτων
2673 3386 2954 3459 διαφορὰν,
2985 3388 3081 3442 καὶ
3107 3387 3290 3457 φυτῶν
3317 3386 3616 3452 ποικιλίαν,
3634 3386 3737 3440 κα.)⁸

476 3474 682 3529 variam
731 3474 1047 3541 tincturam,
1092 3475 1440 3530 tenebrarum
1482 3477 1695 3531 tristem
1728 3475 1999 3540 faciem,a

2212 3478 2454 3548 ωμάτων
2496 3477 2745 3548 ποικίλην
2778 3476 2954 3548 βαφήν
2978 3494 2991 3508 ’
3040 3478 3264 3542 σκότους
3296 3495 3356 3531 τε
3396 3478 3735 3549 κατήφειαν,

472 3565 609 3642 lueis
658 3566 997 3636 splendorem
1028 3609 1043 3634 ,
1074 3569 1256 3623 omnia
1304 3568 1540 3639 denique
1577 3569 1622 3625 si
1671 3584 1777 3638 qua
1811 3569 1995 3624 laudav

2213 3570 2243 3622 Li.
2268 3570 2444 3638 φωτὸς
2475 3569 2819 3642 λαμπηδόνα,
2861 3570 2955 3624 καὶ
2984 3570 3162 3625 πάντα
3191 3569 3378 3635 ἁπλῶς
3405 3569 3508 3624 ὅσα
3537 3571 3568 3623 6
3593 3569 3736 3634 Θεὸς

396 3722 404 3730 .
476 3640 620 3712 Deus
667 3658 917 3713 conditor
961 3660 1033 3713 ".
1071 3661 1248 3729 Atque
1304 3662 1475 3726 adeo,
1506 3661 1610 3716 nisi
1660 3670 1806 3716 esset
1836 3677 1919 3716 OCI

2208 3659 2346 3722 τίσας
2389 3640 2676 3733 ἐπῄνεσεν.
2715 3660 2826 3725 Ὦς,
2868 3663 2921 3714 si
2949 3677 3013 3729 γε
3042 3660 3318 3731 ὀφθαλμὸς
3350 3659 3424 3731 μὴ
3457 3658 3731 3732 ὑπῆρχεν,

475 3755 785 3803 creatorum
838 3751 1165 3807 universitas
1213 3752 1330 3806 sine
1385 3761 1522 3807 teste
1569 3754 1871 3817 senuisset,
1927 3768 1989 3806 cu

2212 3748 2467 3820 ιάρτυρος
2519 3749 2585 3802 ἂν
2627 3750 2660 3821 ἡ
2713 3751 2891 3815 κτίσις
2939 3752 3240 3823 ἐγήρασενο
3297 3748 3511 3814 οὐδενὸς
3589 3750 3735 3803 καθ-

479 3840 655 3894 nullus
681 3841 770 3896 Dei
798 3843 1117 3911 sapientiam
1144 3858 1208 3897 ac
1230 3843 1508 3908 virtutem,
1535 3858 1656 3915 quae
1684 3844 1736 3899 in
1760 3858 1822 3899 ea
1849 3844 2002 3898 cluce

2213 3841 2385 3903 ῶντος
2422 3841 2523 3912 τὴν
2563 3841 2763 3914 ἑαυτὴν
2800 3842 2846 3873 ³³
2878 3842 3189 3915 σωζομένην
3226 3841 3320 3897 τοῦ
3354 3842 3489 3896 Θεοῦ
3535 3843 3736 3914 σοφίαν

476 3942 794 4002 aspecturus
824 3944 986 3989 esset.

2151 3933 2247 3988 καὶ
2279 3933 2530 4004 δύναμιν.

549 4022 631 4078 0b
661 4040 781 4079 eam
820 4040 948 4097 ergo
980 4026 1282 4081 mirabilem
1325 4027 1473 4083 visus
1508 4037 1863 4091 structuram,
1907 4044 2052 4083 nunc

2225 4024 2324 4079 Διὲι
2348 4024 2553 4095 ταύτην
2578 4025 2756 4080 τοίνυν
2779 4025 2877 4097 τὴν
2904 4025 3225 4098 θαυμαστὴν
3247 4024 3347 4097 τὴν
3365 4026 3542 4097 ὄψεων
3571 4045 3739 4081 κατα-

475 4130 697 4186 quoque
743 4116 886 4172 oculi
931 4133 1029 4173 ceu
1065 4128 1487 4189 extemporanea
1535 4120 1817 4175 molitione
1850 4121 1998 4176 condi

2208 4115 2358 4188 ιευὴν
2386 4114 2656 4186 ὀφθαλμοὶ
2705 4115 2802 4169 καὶ
2833 4115 2927 4169 νῦν
2986 4114 3317 4185 ἐκτίσθησαν
3361 4116 3731 4187 αὐτοσχέδιοι,

479 4214 625 4270 sunt,
667 4222 776 4275 quo
806 4206 1128 4277 abiectiores
1160 4208 1225 4264 de
1258 4208 1556 4281 Unigenito
1600 4211 1957 4280 cogitationes
1985 4226 2002 4266 ι

2213 4223 2241 4259 α
2280 4206 2377 4271 τὰς
2422 4208 2821 4279 μικροπρεπεῖς
2863 4206 3105 4269 ἐννοίας,
3147 4205 3248 4270 τὰς
3301 4207 3367 4261 ἐκ
3398 4207 3496 4277 τῆς
3528 4208 3736 4278 σαρκὸς

479 4297 664 4353 carnis
685 4296 838 4354 nobis
862 4299 1167 4355 humilitate
1193 4302 1573 4369 accendentes,
1599 4302 2002 4358 submoveamu:

2207 4297 2508 4367 ’γινομένας
2530 4298 2686 4369 ἡμῖν,
2712 4297 2839 4368 περὶ
2865 4295 2957 4350 τοῦ
2979 4296 3336 4366 Μονογενοῦς,
3370 4297 3730 4368 ἀποθώμεθα.

480 4404 550 4444 ex
599 4401 875 4461 gestorum
929 4390 1331 4462 magniﬁcentia
1378 4403 1662 4463 angustam
1704 4408 1916 4449 omnem
1958 4395 2003 4448 al

2213 4394 2220 4461 ἱ
2256 4389 2628 4461 μεγαλουργίᾳ
2652 4387 2760 4442 τῶν
2794 4386 3095 4460 γινομένων
3124 4387 3478 4451 ἐκϐάλλοντες
3503 4389 3601 4461 τὴν
3637 4390 3736 4459 ψυ-

478 4481 794 4551 lectamque
817 4483 1123 4553 opinionem
1151 4482 1224 4539 ab
1247 4484 1429 4540 animo
1453 4485 1767 4556 ejicieutes;
1796 4488 2000 4542 sciamn

2205 4481 2257 4552 ἧς
2275 4483 2453 4535 πᾶσαν
2475 4479 2737 4551 ὑπόληψιν
2758 4478 3111 4551 μικροπρεπῆ
3130 4480 3223 4532 καὶ
3253 4480 3592 4551 χαμαίζηλον
3640 4484 3687 4514 ³⁸
3713 4500 3728 4514 ·

484 4585 591 4639 que
646 4571 861 4625 beatum
891 4572 1110 4628 deitatis
1140 4573 1320 4628 lumen
1351 4588 1416 4629 ac
1446 4574 1897 4643 pulchritudinem
1955 4593 2007 4632 va

2210 4572 2514 4644 νωρίσωμεν
2535 4570 2616 4637 δὲ,
2640 4570 2721 4624 ὅτι
2746 4569 2807 4623 τὸ
2842 4570 3109 4641 μακάριον
3137 4568 3252 4638 φῶς
3283 4569 3379 4623 καὶ
3408 4570 3602 4635 κάλλος
3633 4572 3733 4642 τῆς

484 4671 712 4718 testeum
758 4665 1154 4734 assumpsisse,
1190 4667 1332 4735 quod
1388 4667 1545 4723 nobis
1592 4666 1825 4723 lucerna:
1880 4670 2007 4725 inst:

2210 4663 2411 4733 εότητος
2443 4664 2759 4735 όστράκινον
2788 4660 2981 4725 σκεῦος
3024 4660 3260 4727 ἐδέξατο,
3290 4661 3571 4715 διακονοῦν
3601 4664 3733 4735 ἡμῖν

484 4755 825 4825 Splendorem
874 4757 1264 4813 subministrat.
1304 4756 1533 4814 Omnino
1568 4769 1746 4817 autem
1788 4761 1901 4830 ipse
1958 4776 2007 4830 pt

2209 4755 2301 4808 κτὰ
2338 4756 2466 4818 τοὺς
2516 4753 2741 4824 λύχνους
2794 4752 2894 4824 τὴν
2938 4752 3278 4823 λαμπηδόνα.
3321 4752 3625 4823 Αὐτουργεῖ
3676 4755 3732 4808 δὲ

482 4864 541 4904 se
576 4846 833 4903 Dominus
857 4858 1040 4914 curat;
1072 4864 1170 4905 nec
1200 4850 1314 4905 solo
1340 4865 1587 4907 sermone
1613 4852 1679 4906 ad
1705 4868 1838 4922 Opus
1861 4855 2005 4907 Ulilll?

2212 4850 2334 4903 όλου
2371 4848 2466 4919 τὴν
2506 4846 2801 4919 θεραπείαν
2842 4848 2872 4899 6
2919 4846 3143 4915 Κύριος,
3178 4846 3273 4898 καὶ
3313 4846 3373 4898 οὑ
3410 4845 3554 4917 λόγῳ
3587 4846 3733 4916 μόνῳ

486 4939 574 5009 qui
606 4955 790 4995 rerum
820 4949 1071 4995 ornatqu
1113 4941 1421 4997 universum
1464 4952 1738 5013 praecepto
1770 4945 2009 5012 produxi:

2210 4941 2353 5011 »ἧται
2385 4940 2519 5011 πρὸς
2556 4939 2652 5011 τὴν
2689 4938 2970 5009 ἐνέργειαν
3006 4938 3034 4989 6
3091 4936 3472 5008 προστάγματι
3502 4936 3601 5007 τὴν
3628 4939 3733 4990 πᾶ-

481 5040 566 5086 set
592 5029 661 5095 “,
718 5032 811 5099 qui
848 5032 1060 5088 duobus
1111 5034 1354 5089 verhulis
1394 5035 1650 5088 membris
1686 5033 1914 5088 solutum
1960 5035 2004 5089 lu

2208 5051 2260 5087 ιν
2288 5017 2731 5103 ὑποστησάμενος
2747 5030 3125 5101 διακόσμησιν,
3152 5030 3180 5082 6
3201 5029 3294 5082 δύο
3308 5028 3485 5098 λόγοις
3509 5028 3731 5100 βραχέσι

482 5123 682 5178 minem
712 5133 951 5178 curasset
983 5124 1066 5190 "’;
1098 5126 1228 5195 quin
1254 5135 1308 5180 et
1332 5141 1445 5193 ore,
1480 5136 1533 5181 et
1567 5126 1835 5192 manibus,
1871 5129 2005 5181 omn‘

2204 5130 2252 5181 δν
2283 5125 2650 5197 παραλυτικὸν
2685 5126 2730 5157 ³⁸
2770 5123 3114 5196 θεραπεύσας
3133 5141 3148 5154 ’
3193 5121 3328 5177 ἀλλά
3355 5122 3450 5176 καὶ
3482 5122 3727 5193 στόματι,

484 5230 589 5284 que
626 5214 729 5270 alia
766 5216 1103 5286 providentia
1142 5218 1440 5272 caecitatem
1490 5228 1661 5285 curat,
1694 5234 1799 5289 quo
1848 5228 2007 5274 certat

2204 5219 2254 5272 αἱ
2280 5219 2453 5290 χερσὶ,
2470 5220 2562 5271 καὶ
2588 5216 2720 5288 ἄλλῃ
2753 5216 2920 5288 πολλῇ
2950 5214 3175 5286 προνοίᾳ
3199 5212 3489 5285 θεραπεύει
3517 5211 3634 5284 [νῦν
3663 5211 3727 5284 ³⁵]

482 5324 546 5362 ex
593 5308 753 5364 rebus
807 5308 964 5363 Iidem
1012 5309 1302 5365 incredulis
1342 5309 1523 5366 faciat.
1558 5309 1713 5376 Spuit
1745 5312 1796 5365 in
1833 5319 2005 5365 terran

2205 5311 2260 5380 ὴν
2285 5307 2611 5378 τυφλότητα,
2654 5308 2739 5361 ἵνα
2775 5306 2994 5377 βεϐαίαν
3016 5303 3106 5357 διὰ
3131 5303 3238 5356 τῶν
3270 5301 3607 5374 πραγμάτων
3635 5302 3728 5373 ἐμ-

482 5413 659 5468 exque
683 5410 841 5469 sputo
866 5399 1034 5454 lutum
1063 5400 1211 5455 facit.
1240 5401 1501 5455 Nimirum
1531 5402 1731 5457 idcirco
1754 5404 1820 5456 ad
1860 5418 2005 5456 curat

2203 5404 2371 5472 ςοιήσῃ
2424 5401 2538 5463 τοῖς
2594 5399 2843 5462 ἀπίστοις
2891 5397 2991 5469 τὴν
3050 5396 3252 5449 πίστιν.
3291 5393 3456 5447 Πτύει
3504 5392 3595 5445 ἐπὶ
3637 5392 3726 5445 τοῦ

484 5489 612 5544 dum
652 5500 850 5547 terram
894 5492 1176 5559 adhibens,
1216 5508 1321 5563 quo
1355 5493 1622 5559 ostendat,
1659 5507 1721 5547 ex
1767 5495 1955 5549 eodem
1998 5508 2007 5546 ι

2202 5493 2415 5561 δάφους,
2443 5492 2538 5544 καὶ
2571 5489 2648 5561 τῷ
2678 5488 2847 5561 σιάλῳ
2876 5487 3047 5559 πηλὸν
3073 5485 3386 5557 ἐργάζεται,
3431 5486 3496 5554 τῇ
3533 5484 3630 5554 μὲν
3660 5486 3725 5555 γῇ

557 5604 778 5678 “ficu.
823 5622 863 5678 ι,
891 5606 981 5678 3i.
1056 5611 1102 5641 “
1144 5609 1281 5664 Psal.
1316 5623 1536 5670 cxcvm.
1570 5608 1624 5664 5.
1699 5610 1743 5641 ’⁷
1783 5608 1938 5663 Joan-
1971 5624 2020 5670 ν.
2054 5609 2080 5663 8

2205 5611 2233 5642 ⁸
2264 5609 2335 5664 Ex
2379 5610 2501 5678 ch.
2588 5609 2633 5641 ’³
2662 5608 2815 5678 Phot.
2850 5606 2973 5677 Seg.
3000 5606 3314 5678 dixpasov.__
3338 5601 3382 5634 ³ο
3409 5600 3533 5668 Leg.
3568 5602 3728 5678 κόρην

491 5690 549 5750 τις
578 5675 777 5750 -Ριιοιη
823 5677 871 5709 ³⁸
914 5677 1039 5750 Leg.
1093 5680 1370 5735 ἐνσκιόωοι
1413 5696 1476 5733 ex
1505 5680 1630 5749 ch.
1729 5680 1775 5712 ³³
1815 5679 2013 5750 Ex__l’h

2204 5682 2234 5713 ⁵³
2272 5681 2358 5735 Ἑν
2388 5673 2523 5750 αὑτῇ
2558 5694 2623 5737 ex
2652 5677 2807 5738 Phot.
2854 5687 2907 5735 et
2926 5673 3089 5748 Scs.'
3162 5676 3208 5709 ³⁸
3257 5674 3418 5732 Phot.
3477 5673 3727 5743 ταπεινὴν

488 5744 643 5801 ὑπόλ.
695 5747 791 5800 και
832 5748 1059 5820 χαμαίξ.
1160 5752 1205 5784 ³⁵
1246 5750 1370 5822 ch.
1414 5744 1743 5822 παράὶῖυτον.
1820 5751 1864 5784 ³⁸
1904 5748 1982 5806 Ex
2010 5749 2132 5822 Srg.
