3824 6270
426 267 534 328 εις)

1716 261 1778 319 S.
1820 261 2092 316 ASTERII
2132 257 2438 315 AMASENI

3592 254 3700 310 εεο

434 401 500 441 ac
529 385 651 439 aliis
682 381 1209 453 interrogationibus
1246 393 1363 434 rem
1398 377 1647 432 demoliri
1695 379 2007 440 studebant,

2131 372 2572 444 προσερωτῶντες
2639 359 2971 441 ἀνατρέπειν
3030 365 3362 431 ἐσπούδαζον
3387 405 3402 430 ,
3457 367 3698 438 τοσούτῳ

429 493 498 533 eo
527 475 762 545 amplius
790 480 994 529 veritas
1027 474 1454 528 conﬁrmabatur
1489 489 1504 526 :
1529 471 1780 540 idemque
1805 475 1906 538 eis,
1937 483 2013 523 at-

428 586 536 639 que
563 568 750 623 bestiis
785 567 888 621 illis
914 567 1218 629 accidebat,
1245 580 1365 634 qua:
1389 565 1458 619 ab
1483 564 1664 634 aliquo
1693 565 2007 627 vulneratae,

437 661 778 730 necdumque
811 667 921 712 tota
954 657 1179 726 cuspide
1204 657 1378 712 ventri
1405 657 1594 720 infixa,
1622 672 1729 726 quo
1754 657 1806 710 iu
1833 655 2012 710 homi-

433 767 556 806 nem
580 752 793 806 irruunt
815 749 1048 818 impetu,
1077 748 1180 802 sibi
1204 747 1317 817 ipsa
1343 758 1514 803 totum
1539 749 1761 818 adigunt
1787 746 2010 802 ferrum.

507 927 662 996 Quod
701 927 935 997 primum
982 927 1201 982 curiose
1245 936 1512 995 quaerunt,
1559 928 1660 982 hoc
1692 936 1819 982 est:
1863 925 2016 981 Sitne

439 1019 528 1075 hic
558 1021 672 1090 ipse
692 1034 890 1083 caecus,
919 1035 1016 1072 nec
1041 1017 1159 1086 ejus
1192 1017 1310 1073 loco
1335 1019 1475 1072 alios
1503 1019 1747 1087 proditus
1771 1017 1864 1080 sit,
1892 1032 2014 1071 cmn

435 1128 495 1167 se
524 1112 700 1181 palam
733 1112 898 1166 homo
923 1113 1098 1181 ipsum
1129 1120 1549 1177 contestarctur,
1574 1125 1637 1163 ac
1666 1118 1834 1162 totam
1861 1125 2018 1163 cura-

435 1205 597 1258 tionis
630 1205 826 1258 seriem
855 1211 1157 1268 enarraret,
1191 1213 1251 1257 ut
1279 1212 1334 1258 et
1365 1203 1538 1255 lutmn
1563 1202 1789 1256 oblitum
1817 1201 1886 1255 sit
1913 1216 2016 1254 (δῖο-
2049 1196 2057 1202 ’

433 1297 616 1351 citatis
665 1296 1009 1360 remedium;
1070 1305 1238 1364 utque
1284 1295 1491 1365 piscina
1543 1294 1711 1348 lutum
1759 1295 2014 1359 abluens,

435 1387 613 1442 visum
647 1386 960 1454 praebuerit.
1007 1384 1132 1440 lla‘c
1164 1385 1325 1440 vicini
1357 1385 1630 1440 curiosius
1667 1385 2014 1456 indagabaut,

436 1477 828 1547 discebantque
861 1495 874 1531 :
916 1477 1264 1546 requirebam
1302 1476 1585 1541 Phariszei,
1635 1485 1796 1546 atque
1830 1480 2018 1532 crede-

435 1572 592 1625 baut.

510 1660 702 1714 Strues
728 1659 898 1712 altera
933 1656 1318 1714 assumebatur
1345 1660 1414 1710 ad
1443 1658 1848 1712 convellendum
1875 1659 2017 1729 quod

2114 463 2276 516 πλέον
2306 461 2623 516 ἐϐεϐαιοῦτο
2649 463 2682 532 ἡ
2707 459 2956 531 ἀλήθεια·
3017 459 3113 512 καὶ
3136 458 3301 537 ταυτὸ
3321 457 3562 528 ἔπασχον
3591 460 3698 511 τῶν

2115 554 2318 625 θηρίων
2347 553 2596 616 ἐκείνοις,
2630 553 2666 606 ἂ
2694 552 2970 624 πληγέντα
2989 550 3140 621 παρά
3168 567 3329 613 τινος,
3358 551 3454 603 καὶ
3476 549 3701 620 μηδέπω

2115 647 2296 700 πᾶσαν
2323 644 2421 716 τὴν
2446 643 2652 716 αἰχμὴν
2681 645 2738 698 ἐν
2777 646 2840 714 τῇ
2878 642 3079 713 γαστρὶ⁵
3105 641 3396 713 δεξάμενα,
3445 643 3511 711 τῇ
3568 641 3699 714 πρὸς

2112 739 2205 792 τὸν
2244 738 2530 809 ἄνθρωπον
2557 739 2702 808 ὁρμῇ
2752 735 2848 790 καὶ
2897 734 3222 805 φιλονεικίᾳ,
3256 734 3375 788 ὅλον
3411 733 3496 803 ἐφ’
3533 731 3700 786 ἐαυτά

2117 830 2344 884 συνωθεῖ
2362 830 2452 883 τὸν
2485 829 2722 900 σίδηρον.

2187 921 2384 993 Πρώτη
2445 917 2987 991 πολυπραγμοσύνηο
3039 918 3101 970 Εἰ
3135 911 3286 980 οὗτος
3316 916 3479 980 αὐτὸς
3528 917 3558 970 6
3609 934 3701 969 τυ-

2117 1014 2269 1084 φλὸς,
2327 1015 2424 1069 καὶ
2479 1012 2554 1085 μὴ
2609 1013 2795 1084 ἕτερος
2844 1012 2960 1065 ἀντ’
2985 1010 3196 1063 ἐκείνου
3245 1009 3496 1081 ἐδείχθη·
3543 1009 3701 1062 τοῦτο

2119 1106 2307 1175 σαφῶς
2355 1105 2450 1160 τοῦ
2494 1103 2784 1177 ἀνθρώπου
2837 1103 3346 1176 διαμαρτυρομένου
3375 1142 3392 1166 ,
3453 1102 3551 1156 καὶ
3606 1103 3701 1173 τὴν

2116 1198 2439 1251 ἀκολουθίαν
2463 1197 2561 1266 τῆς
2615 1195 2913 1266 θεραπείας
2942 1194 3376 1262 ἀπαγγέλλοντος
3391 1195 3460 1257 ⁸⁸,
3491 1195 3575 1247 ὅτι
3610 1193 3704 1247 καί

2117 1289 2287 1358 πηλὸς
2317 1285 2651 1357 κατεχρίσθη
2676 1285 2738 1338 τὸ
2762 1285 2864 1354 τῆς
2897 1284 3232 1356 τυφλότητος
3267 1285 3560 1354 φάρμακον
3579 1325 3594 1348 ,
3624 1285 3702 1336 ὅτι

2117 1382 2212 1435 καὶ
2246 1381 2603 1453 κολυμϐήθρα
2631 1381 2723 1433 τὸν
2771 1379 2942 1451 πηλὸν
2992 1380 3325 1449 ἀπονίψασα,
3371 1381 3432 1433 τὸ
3484 1379 3702 1451 βλέπειν

2117 1473 2414 1545 παρέσχεν.
2443 1472 2635 1527 Ταῦτα
2665 1473 3093 1546 περιεργάζοντο
3114 1473 3373 1541 γείτονες.
3404 1473 3498 1526 καὶ
3537 1471 3704 1542 ἐμάν-

2117 1565 2276 1638 θανον
2299 1583 2312 1596 ο
2344 1564 2642 1636 ἀνεζήτουν
2664 1567 2713 1619 oi
2734 1567 3036 1638 Φαρισαῖοι,
3067 1567 3111 1598 ⁸⁸
3140 1565 3233 1618 καὶ
3263 1564 3561 1618 ἐπείθοντο.

2188 1657 2426 1728 Δευτέρα
2472 1655 2637 1727 τέχνη
2683 1657 2762 1720 είς
2803 1656 3060 1727 ἀθέτησιν
3089 1655 3182 1709 τοῦ
3223 1655 3515 1725 γενομένου
3575 1670 3705 1725 παρ-

441 1751 643 1804 factum
691 1759 857 1812 esset,
909 1760 968 1803 ut
1015 1749 1304 1804 ostendere
1347 1761 1678 1803 conarentur
1732 1765 1836 1802 non
1891 1765 2012 1803 esse

2131 1749 2482 1819 ελαμὸάνετο,
2520 1748 2582 1801 τὸ
2612 1747 2905 1820 πειρᾶσθαι
2929 1747 3217 1811 δεικνύειν,
3252 1747 3327 1810 ώς
3352 1746 3453 1800 οὐκ
3501 1746 3649 1800 ἐστιν
3676 1746 3704 1800 ὁ

435 1841 734 1905 Christum,
760 1841 849 1910 qui
883 1849 1150 1894 curasset.
1182 1839 1317 1904 Quia
1363 1855 1492 1893 vero
1536 1842 1696 1893 immo
1731 1839 2022 1909 suspitam-

446 1947 560 1988 rem
590 1931 882 1995 clamabat,
918 1946 1124 2000 suaque
1155 1930 1498 1986 confessione
1519 1946 1582 1985 ac
1613 1931 2018 1998 praedicatione,

443 2024 652 2093 gratias
696 2021 1050 2092 rependcbat,
1091 2037 1155 2077 ac
1197 2023 1519 2078 benelieimn
1551 2023 1830 2092 prodebat,
1861 2021 2022 2077 ubltto

440 2116 573 2170 ratis
603 2115 848 2178 auribus,
874 2129 939 2169 ac
966 2115 1148 2168 animo
1179 2115 1441 2184 perplexi,
1477 2130 1576 2168 nec
1605 2113 1866 2169 habentes
1891 2115 2020 2184 quid

443 2214 692 2274 agerent,
738 2207 804 2258 ad
835 2206 1007 2260 morbi
1050 2220 1238 2259 rursus
1274 2204 1679 2274 inquisitionem
1715 2214 2019 2272 recurrunt,

440 2299 726 2371 diligenter
777 2307 1111 2365 scrutantur,
1143 2299 1284 2353 sitne
1327 2300 1373 2354 is
1417 2314 1594 2354 caecus
1645 2315 1674 2353 a
1715 2299 2018 2367 nativitate,

443 2391 791 2460 hominisque
825 2401 1074 2461 parentes
1109 2389 1422 2455 consulunt,
1457 2405 1521 2444 ac
1548 2390 1756 2462 singula
1786 2405 2012 2446 accura-

443 2483 554 2538 tius
582 2483 828 2552 exigunt,
864 2497 972 2536 non
1000 2491 1059 2535 ut
1088 2496 1198 2535 rem
1232 2491 1442 2552 gestam
1470 2484 1815 2546 conlirment,
1844 2483 1938 2536 sed
1966 2491 2024 2536 ut

445 2575 644 2646 quovis
671 2573 830 2629 modo
859 2572 1219 2628 labefactandi
1245 2573 1492 2628 miraculi
1517 2589 1702 2627 ansam
1735 2574 2022 2643 arripiant,

445 2665 680 2734 falsique
711 2663 916 2733 aliquid
964 2665 1260 2720 commenti
1309 2663 1624 2729 moliantur,
1663 2679 1770 2732 quo
1813 2664 2022 2720 fidelem

444 2758 659 2828 plebem
689 2773 717 2812 a
747 2757 928 2812 studio
959 2765 1231 2812 avertant.
1262 2754 1308 2811 Ο
1337 2756 1694 2811 excellentem
1733 2756 2026 2811 malitiam!

445 2846 769 2917 Depuguare
797 2857 992 2902 contra
1041 2847 1352 2910 teritatem;
1393 2859 1493 2899 nec
1527 2847 1756 2901 adorare
1784 2846 2023 2900 omnium

445 2939 821 3006 conditorem;
855 2940 950 2993 sed
984 2938 1227 2994 beuetico
1261 2940 1547 2994 detrahere
1584 2956 1598 2991 :
1631 2953 1736 2992 non
1765 2937 2025 2992 admirari

445 3020 764 3104 potentiam,
792 3031 889 3085 sed
914 3031 1099 3086 conari
1131 3039 1281 3100 gesta
1311 3029 1547 3085 elevare.
1572 3028 1792 3084 Credite
1825 3029 1906 3082 vel
1935 3045 2026 3098 pa-

447 3124 716 3188 rentibus,
749 3139 783 3178 o
816 3122 1094 3186 Pharis‘ri,
1127 3125 1209 3177 sic
1242 3131 1426 3177 uatmu
1456 3138 1578 3177 esse
1609 3139 1810 3178 cmcum
1847 3124 2023 3179 immi-

447 3232 614 3281 nem;
651 3231 976 3285 rursumque
1002 3216 1067 3269 ad
1096 3229 1303 3270 czecum
1337 3214 1622 3277 recurrite,
1657 3215 2022 3283 secundoque,

451 3325 516 3362 ac
554 3309 740 3370 tertio,
768 3318 921 3362 rerto
950 3309 1018 3362 ab
1048 3322 1114 3362 eo
1145 3306 1370 3362 docendi
1399 3307 1568 3360 malos
1597 3315 1822 3362 conatus
1851 3323 1914 3361 ac
1943 3308 2026 3361 in~

450 3401 642 3456 sidias.
672 3399 772 3456 Ubi
805 3413 931 3453 vero
958 3399 1166 3467 primus
1189 3407 1418 3454 conatus
1444 3413 1547 3453 non
1581 3399 1924 3463 successerit,
1958 3401 2025 3453 ad

448 3491 746 3545 scentulum
773 3488 1194 3558 procediteﬁubi
1223 3504 1322 3544 nec
1366 3488 1660 3554 secundus,
1683 3489 1746 3542 ad
1773 3490 2024 3557 tertium;

453 3581 545 3637 ubi
577 3595 678 3636 nec
707 3581 922 3643 tertius,
946 3580 1201 3650 deinceps
1228 3582 1290 3635 ad
1314 3589 1592 3650 quartum.
1620 3581 1824 3635 Astuta:
1853 3581 2026 3652 vulpis

447 3689 644 3729 cursus
670 3681 887 3726 versate
916 3689 931 3726 :
962 3686 1028 3726 ac
1056 3672 1274 3741 quidem
1303 3670 1449 3726 onmi
1490 3685 1587 3724 vos
1620 3679 1771 3738 parte
1811 3685 1908 3726 ceu
1943 3671 2024 3726 in-

450 3766 654 3837 daginc
680 3765 902 3836 cingunt
930 3763 1177 3818 veritatis
1208 3762 1382 3828 retia;
1413 3777 1513 3816 nec
1545 3762 1658 3818 ﬁeri
1685 3770 1884 3842 potest,
1914 3771 1972 3816 ut
2000 3780 2028 3816 a

451 3854 717 3912 miracqu
743 3855 948 3908 exitum
980 3851 1292 3908 inveniatis.
1324 3852 1612 3910 Enimvero
1640 3855 1844 3910 nullam
1870 3856 2032 3910 omit-

2122 1843 2359 1915 Χριστὸς
2392 1845 2420 1897 6
2467 1843 2768 1914 ἐνεργήσας
2801 1841 2899 1914 τὴν
2927 1840 3243 1912 θεραπείαν.
3279 1839 3497 1910 Ἐπειδὴ
3533 1839 3591 1891 δὲ
3616 1838 3705 1893 ἀν-

2122 1935 2339 2008 θρωπος
2374 1935 2468 1988 τὸν
2496 1934 2726 2005 Σωτῆρα
2747 1932 2897 1998 ἐϐόα,
2937 1934 3033 1985 καὶ
3064 1935 3131 2004 τῇ
3181 1932 3460 2003 ὁμολογία,
3493 1930 3594 1984 καί
3628 1929 3705 1999 τῷ

2122 2028 2440 2100 κηρύγματι
2477 2027 2753 2081 ἀντεδίδου
2791 2025 2894 2098 τὴν
2930 2025 3114 2097 χάριν,
3167 2025 3254 2077 κα)
3287 2024 3377 2077 τὸν
3407 2023 3705 2094 εὐεργέτην

2121 2120 2476 2192 ἐδημοσίευεν
2494 2137 2509 2151 ο
2543 2117 3019 2190 ἀποφραττόμενοι
3058 2117 3128 2169 τὰ
3154 2117 3420 2186 στόματα,
3449 2115 3548 2168 καὶ
3577 2115 3706 2182 ίλιγ-

2122 2214 2350 2284 γιῶντες
2382 2213 2480 2286 τὴν
2504 2211 2752 2284 γνώμην,
2783 2211 2884 2264 οὐκ
2907 2210 3126 2282 ἔχοντες
3145 2211 3172 2263 ὅ
3201 2227 3250 2263 τι
3273 2207 3368 2262 καὶ
3399 2209 3704 2279 πράξωσιν,

2123 2307 2218 2360 ἐπί
2243 2307 2340 2378 τὴν
2369 2305 2466 2360 τοῦ
2493 2304 2701 2369 πάθους
2728 2304 2890 2364 πάλιν
2919 2303 3276 2376 ἀνατρέχουσι
3305 2299 3591 2374 [ζήτησινο
3614 2298 3708 2353 καὶ

2123 2401 2173 2453 εί
2214 2399 2280 2452 ἐκ
2324 2397 2550 2469 γενετῆς
2597 2396 2819 2467 τυφλὸς,
2863 2393 3022 2449 τοῦτο
3075 2393 3559 2466 περιεργάζονται,
3615 2391 3706 2445 καὶ

2123 2491 2253 2556 τοὺς
2272 2492 2449 2560 γονεῖς
2475 2487 2804 2561 ἀναζητοῦσι
2817 2487 2911 2542 τοῦ
2927 2485 3216 2559 ἀνθρώπου
3230 2484 3322 2558 ⁸³],
3340 2485 3434 2539 καὶ⁵
3458 2483 3708 2555 ἀκριϐεῖς

2127 2581 2416 2650 ἐξετασταὶ
2454 2580 2694 2650 γίνονται
2733 2579 2840 2634 τῶν
2880 2578 3002 2633 καθ’
3050 2578 3298 2640 ἕκαστον,
3349 2576 3448 2646 οὐχ
3495 2575 3589 2627 ἵνα
3623 2573 3708 2644 βε-

2124 2673 2404 2728 ϐαιώσωσι
2428 2674 2488 2727 τὸ
2509 2673 2776 2746 πραχθὲν,
2807 2673 2921 2726 ἀλλ’
2953 2672 3040 2724 ἵνα
3072 2671 3386 2741 ἀνατροπὴν
3413 2666 3583 2720 ποθεν
3613 2664 3706 2719 τοῦ

2127 2764 2434 2835 θαυμασίου
2477 2764 2713 2829 λάϐωσι,
2766 2761 3061 2832 καὶψευδῆ
3104 2777 3226 2814 τινα
3267 2758 3577 2829 σκευωρίαν
3619 2773 3710 2808 κα-

2126 2857 2565 2920 τασκευάσαντες
2621 2855 2684 2909 τὸ
2709 2854 2964 2908 πιστεῦον
2995 2852 3197 2923 πλῆθος
3229 2851 3330 2922 τῆς
3367 2850 3547 2923 ὁρμῆς
3577 2849 3708 2903 ἀνα-

2125 2946 2422 3018 τρέψωσιν.
2454 2947 2518 2999 Ὢ
2555 2946 2755 3009 κακίας
2785 2944 3090 3017 ύπερϐολήί
3121 2943 3406 3014 Μάχεσθαι
3445 2941 3588 3013 πρὸς
3612 2941 3708 3011 τὴν

2128 3040 2408 3112 ἀληθειαν,
2437 3039 2532 3093 καὶ
2565 3037 2638 3110 μὴ
2678 3039 3004 3110 προσκυνεῖν
3034 3035 3125 3088 τὸν
3153 3035 3329 3089 πάντα
3356 3033 3402 3065 ⁵³
3429 3032 3707 3097 ποιοῦντα,

2128 3132 2264 3186 ἀλλὰ
2301 3132 2579 3204 διασύρειν
2633 3131 2724 3184 τὸν
2780 3129 3114 3201 εὐεργέτην
3158 3128 3233 3199 μὴ
3266 3127 3569 3198 θαυμάζειν
3612 3126 3709 3197 τὴν

2125 3223 2376 3299 δύναμιν,
2420 3221 2535 3275 ἀλλ’
2575 3218 2865 3284 εὐτελίζειν
2915 3217 3210 3290 πειρᾶσθαι
3267 3217 3338 3270 τὰ
3375 3216 3705 3289 πράγματα.

2131 3314 2398 3386 Πείσθητε
2441 3314 2536 3367 καὶ
2577 3313 2728 3386 παρὰ
2768 3313 2877 3367 τῶν
2910 3313 3133 3382 γονέων,
3188 3308 3233 3365 ὧ
3271 3313 3590 3385 Φαρισαῖοι.
3629 3311 3710 3364 ὅτι

2134 3405 2272 3477 μετὰ
2299 3406 2398 3475 τῆς
2427 3403 2760 3476 τυφλότητος
2788 3404 2987 3476 ἐτέχθη
3021 3405 3048 3457 6
3075 3403 3170 3458 ἄνθ
3179 3421 3360 3476 ρωπος
3379 3419 3393 3432 ·
3430 3403 3523 3456 καὶ
3550 3401 3711 3455 πάλιν

2132 3496 2226 3549 ἐπὶ
2254 3495 2344 3549 τὸν
2365 3495 2564 3566 τυφλὸν
2597 3495 2944 3566 ἀνατρέχετε,
2979 3497 3043 3550 ἐκ
3063 3495 3342 3566 δευτέρου,
3371 3493 3466 3547 καὶ
3503 3493 3710 3564 τρίτου,

2133 3587 2265 3660 παρ’
2299 3587 2509 3641 ἐκείνου
2545 3586 3050 3659 πληροφορούμενοι
3078 3586 3187 3639 τῶν
3213 3584 3398 3638 κακῶν
3432 3584 3713 3653 ἐπιχειρη-

2137 3678 2322 3748 μάτων
2349 3676 2573 3731 καὶτῶν
2620 3675 2939 3730 ἐπιϐουλῶν.
2981 3675 3121 3728 Ἀλλ’
3151 3675 3228 3728 ὅτ’
3259 3673 3324 3728 ἂν
3355 3672 3454 3742 τῆς
3487 3670 3712 3742 πρώτης

2129 3767 2400 3838 ἐκπέσητε
2447 3768 2661 3840 πείρας,
2701 3768 2794 3820 ἐπὶ
2827 3769 2926 3840 τὴν
2957 3766 3215 3838 δευτέραν
3239 3767 3464 3836 χωρεῖτε
3483 3777 3497 3791 °
3543 3761 3627 3816 ὅτ’
3648 3761 3714 3814 ἂν

2131 3859 2230 3928 τῆς
2268 3857 2550 3931 δευτέρας,
2592 3861 2685 3913 ἐπὶ
2722 3860 2820 3931 τὴν
2861 3859 3088 3931 τρίτηνο
3131 3859 3209 3912 ὅτ’
3247 3859 3312 3912 ἂν
3356 3858 3454 3928 τῆς
3489 3855 3711 3927 τρίτης.

452 3949 552 4002 tite
581 3947 876 4014 strophem.
895 3959 1109 3999 aranea:
1143 3955 1386 4001 texentes
1414 3947 1598 4010 telam,
1621 3947 1767 4002 varie
1791 3948 2022 4018 quidem,

2133 3951 2226 4004 ἐπὶ
2251 3951 2343 4004 τὸν
2382 3952 2634 4024 καθεξῆς.
2679 3951 2983 4016 Ἀλώπεκος
3008 3949 3426 4021 κακουργούσης
3449 3945 3713 4017 ἀναστρέ-

454 4038 708 4092 imbecilli
739 4046 918 4090 tamen
943 4047 1140 4091 conatu
1165 4051 1230 4090 ac
1253 4035 1447 4101 inutili,
1489 4037 1710 4104 insidias
1738 4047 2032 4092 struentes.

2135 4043 2300 4113 φεσθε
2334 4044 2598 4118 δρόμους·
2633 4045 2729 4098 καὶ
2778 4043 3053 4116 πανταχοῦ
3091 4044 3189 4115 μὲν
3231 4043 3378 4113 ὑμᾶς
3421 4038 3490 4093 τὰ
3519 4038 3714 4091 δίκτυα

449 4129 553 4201 τῆς
603 4127 860 4201 ἀληθείας
913 4127 1402 4199 περιεστοίχισταιο
1453 4129 1694 4197 ἄφυκτος
1733 4129 1812 4194 δὲ,
1856 4131 2023 4200 ήάπδ
2061 4131 2362 4206 θαυμασίου
2436 4135 2682 4201 διέξοδος.
2751 4136 2941 4205 Ὅμως
2984 4136 3043 4188 δέ
3082 4136 3261 4205 πάσης
3310 4134 3413 4186 οὐκ
3460 4129 3715 4201 ἁμελεῖτε

451 4225 681 4297 πλοκῆς,
727 4222 872 4276 ίστδν
924 4222 1168 4292 ἀράχνης
1237 4220 1570 4290 ὑφαίνοντες,
1627 4219 1885 4285 ποικίλως
1940 4223 2070 4292 μὲν,
2112 4225 2226 4278 ἀλλ’
2259 4225 2502 4290 ἀσθενῶς
2526 4227 2621 4280 καὶ
2650 4225 2928 4297 ἀνηνύτως
2953 4223 3414 4288 ἐπιϐουλεύοντες.

526 4343 747 4398 Morbus
771 4341 858 4409 hic
879 4355 907 4392 a
935 4339 1176 4409 patribus
1208 4339 1261 4391 in
1291 4352 1384 4391 vos
1413 4346 1496 4391 est
1526 4337 1819 4392 derivatus.
1855 4337 2022 4394 incre-

2207 4343 2482 4416 Πατρικὸν
2545 4341 2698 4413 ὑμῶν
2753 4341 2814 4394 τὸ
2860 4341 3093 4413 νόσημα.
3135 4340 3404 4394 ’Λπίστων
3455 4337 3712 4408 πατέρων

455 4435 702 4490 dnlorum
739 4440 1044 4502 parentmn,
1081 4427 1343 4482 increduli
1383 4425 1499 4504 ﬁlii.
1535 4425 1732 4479 Eodem
1766 4426 1838 4480 illi
1871 4432 2030 4483 modo

454 4528 784 4590 habuerunt,
811 4521 952 4593 quod
977 4529 1188 4591 Spectat
1218 4521 1283 4574 ad
1307 4517 1526 4589 A‘ngpti
1563 4519 1842 4574 miracula.
1869 4519 2032 4577 Novis

457 4617 632 4672 tnndis
664 4623 968 4684 praeterque
998 4609 1458 4678 exspectationem
1487 4609 1553 4661 ab
1585 4609 1825 4662 hostibus
1853 4609 2029 4663 salva-

457 4710 679 4770 bantur,
717 4723 782 4760 ac
820 4705 1008 4758 salutis
1046 4701 1252 4756 auctori
1289 4698 1551 4754 increduli
1581 4710 1767 4753 erant.
1797 4693 2031 4753 Aleban-

456 4813 544 4855 tur
580 4800 721 4855 escis
748 4795 1103 4852 nobilioribus
1142 4808 1302 4863 quam
1340 4793 1537 4846 habeat
1568 4803 1779 4846 natum
1808 4809 1937 4847 usus
1959 4795 2030 4859 ⁸⁷,

452 4903 715 4961 erantque
743 4889 1006 4944 l’atuclicis
1032 4888 1372 4957 ingratiores.
1406 4883 1789 4952 Suscipiebant
1831 4902 2028 4941 manna

457 4991 520 5041 de
560 4985 698 5040 coalo
732 4985 955 5038 missum
985 4981 1052 5046 “',
1080 4979 1437 5046 alliorumque
1473 4975 1690 5046 Egypti
1721 4993 1785 5031 ac
1815 4979 2028 5047 cepimn

455 5088 656 5132 tetrum
691 5075 1072 5130 desiderabant
1104 5073 1343 5126 odorem.
1372 5067 1638 5123 Columna
1675 5069 1830 5124 nubis
1859 5070 2030 5126 inter-

455 5169 543 5222 diu
583 5155 1047 5221 obumbrabautur
1079 5163 1147 5227 δ’,
1186 5171 1243 5214 ttt
1278 5176 1346 5215 ne
1379 5159 1511 5214 solis
1549 5160 1822 5214 radiorum
1860 5170 2028 5216 azstus

455 5259 760 5313 molestiam
798 5256 1003 5310 faceret
1038 5275 1049 5309 :
1089 5253 1335 5324 ignisque
1371 5252 1622 5307 columna
1664 5269 1760 5323 per
1811 5265 2023 5308 noctem

455 5350 890 5413 illustrnbantur,
919 5362 1114 5401 uovutn
1139 5345 1282 5400 aliud
1310 5356 1506 5416 praeter
1528 5345 1708 5400 lunam
1738 5346 2030 5400 eximium-

456 5458 560 5514 que
590 5441 867 5498 consecuti
900 5439 1201 5493 luminare:
1239 5452 1301 5492 ac
1334 5438 1490 5507 quasi
1526 5437 1660 5492 nihil
1692 5439 1886 5493 divinae
1917 5439 2028 5491 vir-

557 5651 602 5682 ⁸⁷
636 5650 805 5704 Exod.
849 5666 959 5718 xvt,
990 5651 1075 5705 l3.
1153 5648 1196 5680 ⁸⁸
1235 5647 1368 5705 Ibid.
1398 5646 1489 5702 21.

452 5721 504 5756 ⁸³
536 5723 660 5791 Sag.
701 5719 893 5775 ταῦτα.

1586 5647 1630 5680 δ’
1663 5646 1834 5704 Exod.
1869 5664 1988 5717 xm,
2017 5647 2106 5704 2L

2135 4435 2312 4505 ὅμοιοι
2336 4434 2546 4498 παῖδες.
2581 4431 2825 4486 Τοιοῦτοι
2855 4433 3094 4486 κάκεῖνοι
3120 4432 3212 4485 τὸν
3244 4431 3444 4502 τρόπον
3487 4430 3622 4503 περὶ
3647 4427 3713 4484 τὰ

2137 4525 2416 4598 θαυμάσια
2445 4525 2514 4579 τὰ
2541 4526 2660 4579 κατ’
2682 4526 2978 4594 Αἴγυπτον.
3027 4525 3123 4577 Ἐκ
3153 4523 3403 4594 πολέμων
3449 4521 3714 4587 ἐσώζοντο

2135 4618 2336 4680 καινῶς
2371 4619 2464 4671 καὶ
2498 4620 2630 4690 παρ’
2661 4617 2902 4680 ἐλπίδας,
2936 4617 3030 4670 καὶ
3059 4616 3135 4686 τῷ
3166 4615 3361 4669 διδόντι
3405 4613 3504 4686 τῆν
3545 4633 3716 4685 σωτη-

2139 4709 2258 4781 ρίαν
2295 4708 2589 4778 ὴπίστουν·
2640 4709 2928 4780 ἐτρέφοντο
2981 4709 3206 4778 τροῖαῖς
3255 4705 3714 4777 ύπερϐαινούσαις

2137 4800 2236 4871 τὴν
2282 4800 2463 4870 φύσιν,
2517 4799 2612 4853 καὶ
2650 4799 2760 4852 τῶν
2789 4797 3182 4868 λιμωττώντων
3209 4791 3350 4868 ἦσαν
3386 4796 3544 4850 πλέον
3580 4796 3718 4868 ἀχά·

2142 4908 2348 4960 ριστοιο
2409 4892 2589 4962 μάννα
2635 4891 2958 4961 ὑπεδέχοντο
2992 4889 3282 4961 οὐρανόθεν
3329 4887 3713 4959 πεμπόμενον,

2137 4984 2231 5036 καὶ
2257 4983 2365 5036 τῶν
2391 4981 2776 5050 Αἰγυπτιακῶν
2807 4981 3080 5053 σκορόδων
3094 4998 3154 5034 τε
3175 4980 3270 5034 καὶ
3293 4979 3595 5054 κρομμύων
3618 4978 3716 5051 τὴν

2136 5072 2400 5126 δυσωδίαν
2434 5071 2662 5125 ἐπόθουν
2694 5088 2709 5103 ο
2755 5071 2930 5143 στύλῳ
2957 5071 3188 5141 νεφέλης
3222 5070 3320 5141 τὴν
3349 5069 3565 5140 ἡμέραν
3615 5071 3718 5122 ὐπ-

2137 5164 2472 5229 εσκιάζοντο,
2525 5165 2610 5218 ἵνα
2639 5165 2716 5236 μὴ
2771 5168 2837 5236 τῇ
2888 5165 3063 5237 θέρμῃ
3101 5165 3200 5235 τῆς
3241 5163 3472 5233 ἡλιακῆς
3501 5163 3719 5224 ἀκτῖνος

2137 5256 2619 5329 ταλαιπωρήσωτι,
2652 5257 2747 5309 καὶ
2773 5256 2949 5328 στύλῳ
2980 5256 3152 5326 πυρὸς
3181 5257 3238 5308 ἐν
3267 5255 3424 5307 νυκτί⁵
3448 5253 3718 5323 κατελάμ-

2139 5367 2322 5415 ποντο,
2355 5349 2514 5403 ἄλλον
2567 5352 2828 5421 φωστῆρα
2885 5348 3074 5403 καινὸν
3128 5347 3279 5419 παρὰ
3329 5347 3428 5419 τὴν
3487 5348 3717 5416 σελήνην

2138 5441 2392 5506 λαϐόντες
2418 5439 2713 5513 ἐξαίρετον,
2741 5443 2833 5496 καὶ
2848 5442 2922 5506 ὡς
2952 5441 3209 5511 οὐδεμιᾶς
3235 5440 3516 5512 ἐνεργείας
3531 5437 3717 5508 θεῖκῆς

2184 5650 2232 5682 ³⁸
2272 5651 2398 5719 ch.
2428 5649 2780 5721 κεκραγότος.
2877 5649 2922 5683 ³⁸
2962 5649 3047 5702 Ia.
3083 5646 3175 5702 καὶ
3197 5646 3320 5701 οὐκ.
3397 5647 3442 5678 ⁸⁸
3470 5644 3547 5701 ΕΧ
3589 5643 3711 5716 5‘33-
