3824 6270
162 280 260 335 εει

1097 275 1380 334 summa
1421 272 1533 333 vn.
1563 275 1629 331 IN
1667 272 1930 333 manu
1958 276 1999 331 Α
2037 248 2479 330 ΝΑτιινιτΑτε.
2519 223 2530 238 ³

3314 265 3426 324 16?.

163 395 552 459 ἀπολαύοντες,
600 392 776 460 οὕτως
807 391 1031 457 καινοὺς
1055 394 1147 448 καὶ
1175 393 1494 466 μετεώρους
1527 393 1750 465 ἐζήτουν

1873 392 1984 447 υιὶε
2035 391 2407 447 cﬂicacitalem
2441 386 2821 459 persentirent,
2859 386 2930 443 ita
2962 399 3131 443 novos
3159 401 3224 442 ac
3255 386 3424 441 subli‘

168 488 326 550 θεοὺς
369 486 818 559 εἰσπράττοντες,
874 485 962 537 ἵνα
989 482 1185 553 μικρὸν
1225 484 1316 536 ἐπὶ
1341 483 1435 536 τοῦ
1463 483 1622 556 ὅρους
1649 498 1748 534 κα-

164 577 456 648 τασχεθεὶς
489 576 731 646 Μωῡσῆς
763 577 820 628 ὲν
849 579 916 645 τῇ
944 574 1092 628 δόσει
1127 573 1222 627 τοῦ
1269 575 1432 644 νόμου
1461 613 1476 637 ,
1517 574 1615 644 τὴν
1651 575 1748 626 ἐπ-

165 671 352 726 άνοδον
414 667 756 740 παρελκὺσῃ.
797 668 988 738 Ὑμεῖς
1041 665 1254 737 ἀληθῶς
1281 664 1602 736 κληρονόμοι
1647 663 1748 733 τῆς

166 761 390 814 ἐκείνων
409 759 817 830 ἀγνωμοσύνης.
837 759 932 812 καὶ
947 757 1038 810 τὸν
1052 757 1212 827 νόμον
1233 757 1332 810 οὑκ
1348 758 1747 826 ἀγαπήσαντες,

166 855 261 907 καὶ
287 855 390 923 τὴν
413 852 572 923 χάριν
602 852 908 921 μισοῦντες,
940 851 1000 902 οὑ
1033 849 1228 920 ῥάϐδου
1249 849 1513 921 καρυῖνης
1537 849 1749 902 ἐπιστα-

169 945 312 1009 σίας,
333 943 472 997 ἀλλά
504 944 727 1014 σιδηρᾶς
766 940 1078 1012 χρῄζοντες.

241 1035 568 1105 Ἄνθρωπον
599 1035 784 1106 ὁρᾶτε,
841 1031 1184 1103 παρελθόντα
1235 1031 1334 1100 μὲν
1377 1030 1458 1094 είς
1503 1028 1637 1098 φῶς,
1694 1030 1750 1083 ὲν

170 1126 352 1195 σκότῳ
399 1125 456 1178 δὲ
496 1125 656 1196 μέχρι
704 1125 894 1195 πόρρω
943 1124 1043 1193 τῆς
1095 1123 1312 1193 ἡλικίας
1369 1121 1752 1176 διατελέσαντα

167 1217 532 1288 ἀνενέργητον
550 1217 648 1279 τὰς
667 1216 839 1285 ὄψεις,
872 1214 1174 1288 ἀλλοτρίοις
1211 1213 1508 1284 ὀφθαλμοῖς
1536 1213 1752 1284 όδηγοὺῑ

171 1326 357 1376 μενον,
399 1308 724 1379 καθημέραν
760 1307 866 1377 πρὸ
894 1306 987 1359 τοῦ
1039 1305 1188 1378 ίεροῦ
1229 1306 1559 1376 καθήμενον,
1591 1307 1754 1376 δημο-

172 1397 425 1452 σιεύοντα
472 1400 570 1471 τὴν
628 1399 915 1470 συμφορὰν
943 1436 961 1462 ,
1025 1398 1112 1451 ἵνα
1171 1399 1401 1462 πολλοὺς
1463 1399 1543 1461 είς
1604 1398 1752 1452 ἔλεον

170 1487 562 1557 ὲτελκύσηται,
589 1488 688 1559 τὴν
723 1489 875 1542 πόλιν
909 1488 1099 1558 ἔχοντα
1126 1488 1220 1541 τοῦ
1239 1489 1445 1552 πάθους
1477 1489 1751 1559 μάρτυρα,

172 1579 443 1650 βλέποντα
484 1579 579 1633 νῦν
626 1581 721 1634 καὶ
773 1580 992 1634 ίαθέντα
1040 1580 1271 1651 ταχέως,
1333 1581 1395 1634 οὑ
1445 1581 1753 1652 φαρμάκων

171 1671 438 1726 ποικίλων
461 1671 726 1731 συνθέσει,
751 1673 870 1725 οὐδὲ
901 1673 1117 1744 σιδήρου
1139 1675 1352 1742 τομαῖς,
1375 1672 1511 1726 ἀλλά
1542 1672 1754 1744 πτυέλῳ

1854 497 1969 538 mes
1995 483 2111 536 dari
2136 480 2452 552 quaerebant
2479 481 2609 534 deos
2631 480 2701 545 ",
2725 481 2811 534 ubi
2845 496 3031 550 parum
3060 479 3191 549 quid
3216 477 3430 548 Moyses

1855 575 2166 643 accipienda
2196 575 2311 643 lege
2339 574 2392 627 in
2432 579 2614 626 monte
2645 572 2917 637 detentus,
2948 573 3178 626 reditum
3217 581 3430 640 protra-

1857 667 2048 722 xisset.
2084 665 2228 721 Vere
2254 680 2350 718 vos
2377 679 2563 720 eorum
2608 663 2852 719 hacredes
2904 663 3290 732 improbitatis,
3335 661 3428 731 qui

1863 774 2037 830 neque
2079 759 2247 830 legem
2282 757 2603 820 dilexeritis,
2641 771 2704 810 ac
2735 757 2966 824 gratiam
2997 755 3121 809 odio
3158 741 3427 809 habeatis.

1856 852 1956 919 Qui
2010 866 2116 906 non
2158 849 2497 921 amygdalina
2540 849 2689 917 virga
2733 847 2803 912 ⁸⁸,
2837 848 2930 902 sed
2973 847 3145 901 ferrea
3189 846 3300 916 regi
3336 846 3430 899 ha-

1856 943 2048 997 beatis.

1929 1032 2137 1088 Videtis
2169 1031 2444 1086 hominem
2481 1038 2846 1084 transeuntem
2873 1031 2938 1084 ad
2968 1028 3171 1096 lucem;
3202 1028 3290 1081 tibi
3320 1037 3431 1082 tota

1859 1123 2022 1192 longe
2048 1121 2306 1176 anteriori
2335 1129 2515 1183 aelate,
2564 1119 2843 1172 inutilibus
2873 1119 3166 1172 luminibus
3209 1118 3260 1171 in
3289 1127 3432 1172 tene-

1868 1215 1982 1269 bris
2008 1215 2228 1282 egisset,
2261 1213 2469 1266 alienos
2492 1210 2680 1266 oculos
2704 1211 2866 1265 duces
2895 1225 3167 1278 sequens;
3192 1211 3433 1279 quotidie

1857 1307 2052 1362 sedens
2079 1321 2175 1373 pro
2204 1304 2391 1375 templi
2425 1303 2656 1367 foribus,
2685 1318 2981 1356 aerumnam
3014 1302 3295 1371 pubiicans
3324 1317 3434 1371 quo

1859 1399 2040 1468 plures
2076 1399 2139 1450 ad
2185 1397 2546 1451 miserendum
2582 1395 2949 1464 pertraheret,
2976 1397 3130 1460 cuius
3161 1404 3267 1450 tota
3299 1394 3434 1449 civi-

1861 1502 1942 1546 tas
1969 1488 2307 1560 aegritudinis
2352 1489 2506 1544 testis
2553 1496 2717 1552 esset,
2760 1502 2904 1542 nunc
2936 1495 3113 1540 autem
3160 1487 3434 1541 videntem

1861 1597 1924 1636 ac
1956 1581 2118 1635 celeri
2158 1593 2405 1636 curatum
2442 1579 2680 1633 remedio
2711 1597 2724 1632 :
2761 1593 2864 1631 non
2894 1577 3164 1631 variorum
3199 1577 3437 1633 medica-

1863 1674 2066 1727 minum
2100 1672 2511 1741 compositione,
2539 1680 2632 1724 aut
2661 1670 2791 1724 ferri
2824 1668 3175 1734 sectionibus,
3203 1668 3297 1723 sed
3319 1667 3434 1722 luto

175 1765 351 1837 μόνῳ,
380 1766 476 1819 καὶ
500 1765 688 1818 τούτου
727 1766 817 1819 διὰ
852 1766 1028 1820 σιέλου
1055 1767 1347 1836 γενόμενου
1365 1806 1379 1828 ,
1412 1765 1506 1818 καὶ
1549 1765 1664 1828 πῶς
1689 1767 1750 1818 οὑ

1873 1766 1998 1829 solo,
2040 1779 2213 1833 eoque
2251 1763 2434 1818 salivae
2474 1761 2767 1829 injectioue
2815 1759 3062 1814 conlecto
3104 1780 3115 1813 :
3149 1774 3256 1828 qua
3304 1774 3434 1813 vero

171 1857 471 1930 τεθήπατε,
513 1857 615 1910 οὑκ
661 1857 1052 1927 ὲκπλήττεσθε,
1096 1857 1156 1910 οὑ
1206 1856 1630 1918 καταϐάλλοντες
1676 1857 1754 1920 εἰς

173 1949 284 2018 γῆν
317 1951 672 2020 προσκυνεῖτε
717 1949 813 2002 τόν
855 1949 961 2002 ἀπὸ
990 1949 1092 2019 γῆς
1120 1949 1427 2019 όφθαλμοὺς
1475 1949 1754 2012 κτίσαντα,

181 2041 282 2093 καὶ
310 2041 501 2093 σὲὅετε
531 2039 629 2109 τὴν
661 2037 846 2110 θεῖκὴν
873 2039 1182 2110 ὲνέργειαν;
1215 2040 1287 2093 Οὑ
1328 2039 1506 2110 φθόνῳ
1530 2039 1583 2092 δὲ
1604 2039 1756 2111 διαῤ-

175 2131 476 2205 ῥήγνυσθε,
511 2130 603 2184 καὶ
642 2128 870 2202 ζηλοῦτε
900 2130 992 2184 τὸν
1037 2131 1170 2183 Θεὸν
1203 2131 1278 2194 ὡς
1310 2131 1646 2200 ἀντίτεχνον,
1681 2129 1758 2194 ὼς

174 2222 502 2295 δημιουργοὶ
530 2221 890 2293 Δημιουργὸν,
920 2220 996 2286 ὡς
1031 2221 1289 2292 ὁμόφυλοι
1327 2221 1417 2274 τὸν
1449 2222 1712 2292 ὁμότιμον
1739 2239 1754 2290 ;

251 2484 363 2540 Καὶ
394 2485 558 2541 πάλαι
575 2486 740 2559 ἐσμὲν
761 2487 809 2520 ⁸⁸
840 2487 1258 2559 ἐντυγχάνοντες
1279 2489 1498 2560 βίϐλοις,
1520 2489 1642 2544 ὅσαι
1665 2491 1758 2545 ἐπὶ

180 2580 250 2650 τῇ
274 2576 374 2630 τοῦ
402 2577 532 2632 λαοῦ
563 2580 845 2651 οἰκονομίᾳ
868 2580 1213 2652 ἐγράφησαν,
1248 2581 1343 2634 καὶ
1381 2581 1504 2634 ὅσαι
1535 2581 1633 2644 τάς
1651 2581 1760 2634 τῶν

185 2669 451 2741 βασιλέων
473 2669 668 2742 ἀρχάς,
694 2671 790 2725 καὶ
818 2670 916 2742 τὴν
949 2673 1035 2724 ἐπ’
1063 2671 1291 2736 ἐκείνοις
1331 2672 1572 2744 ἱστορίαν
1617 2671 1761 2726 ἐκδι-

183 2760 506 2819 δάσκουσινο
537 2746 810 2826 εὐπειθῶς
843 2763 970 2834 napi.
995 2763 1226 2816 ἑκάστου
1269 2763 1338 2817 τὰ
1361 2763 1625 2834 λεγόμενα
1656 2779 1762 2816 πα-

187 2852 509 2924 ραδέχεσθεο
541 2853 616 2916 ὡς
645 2853 886 2907 Μωῠσέα
916 2854 1014 2924 μὲν
1047 2854 1244 2927 μικροῦ
1278 2854 1490 2916 δέοντος
1521 2855 1763 2926 νομίζειν

185 2941 342 3007 Θεὸν,
372 2943 468 2996 καὶ
508 2943 808 2997 Ἐλισσαῖον
831 2943 1298 3016 ὑπερθαυμάζειν,
1330 2946 1422 2999 καὶ
1452 2945 1545 2999 τὸν
1569 2945 1758 2998 τούτου

185 3030 506 3087 διδάσκαλον
564 3033 656 3088 τὸν
693 3033 961 3106 Θεσϐίτην
1004 3035 1192 3106 ὑμνεῖν
1211 3051 1224 3064 ⁸
1256 3036 1350 3089 καὶ
1399 3035 1606 3099 πάντας
1635 3036 1760 3099 τοὺς

1864 1857 2072 1912 ratione
2101 1871 2206 1909 non
2230 1853 2590 1908 admiratione
2615 1853 2776 1906 delisi
2807 1851 2959 1915 estis,
2991 1865 3096 1903 non
3125 1850 3437 1918 obstupuis-

1873 1950 1974 2015 tis;
2005 1965 2111 2003 non
2138 1957 2349 2003 vosmet
2376 1948 2426 2000 in
2458 1955 2656 2000 terram
2683 1944 3023 2018 abjicientes,
3049 1957 3170 1996 eum
3199 1942 3438 1996 adoratis

1863 2041 1953 2112 qui
1984 2039 2168 2096 oculos
2211 2040 2276 2094 de
2311 2048 2454 2093 terra
2499 2037 2724 2100 creavit,
2783 2036 3132 2102 divinamque
3180 2035 3434 2088 virtutem

1863 2130 2089 2189 colitis?
2128 2129 2246 2186 Non
2289 2142 2468 2184 autem
2502 2129 2669 2184 livore
2699 2127 3116 2196 disrumpimini,
3165 2141 3231 2181 ac
3268 2125 3437 2180 Deum

1869 2233 2130 2292 tanquam
2157 2223 2295 2276 artis
2317 2221 2521 2276 socium
2545 2218 2896 2284 anuulnmini,
2919 2227 3170 2286 tanquam
3192 2216 3434 2284 opifices,

1867 2323 2049 2364 rerum
2093 2307 2364 2377 opiﬁcem,
2400 2318 2653 2376 tanquam
2685 2307 2933 2376 gentiles,
2973 2320 3125 2375 atque
3157 2305 3312 2360 vobis
3341 2306 3440 2360 ho-

1867 2409 2116 2455 noratum
2150 2414 2214 2454 ac
2245 2397 2594 2466 comparem?
3131 2433 3136 2444 -.

1939 2491 2115 2546 Porro
2145 2491 2384 2560 legentes
2425 2489 2631 2546 Veteris
2662 2491 2995 2546 Tcstamenti
3033 2491 3222 2555 libros,
3259 2491 3303 2545 si
3339 2489 3433 2561 qui

1866 2584 1932 2638 de
1964 2582 2309 2636 llebrzcorum
2337 2581 2513 2652 p0puli
2547 2582 2804 2652 regimine
2829 2582 3019 2652 scripti
3058 2581 3213 2647 sunti,
3239 2585 3439 2651 quique

1869 2691 2054 2744 regum
2083 2674 2414 2743 principatus
2443 2688 2506 2728 ac
2532 2689 2721 2728 eorum
2765 2675 2958 2728 docent
2999 2673 3304 2738 historiam,
3358 2673 3440 2727 l‘a-

1866 2763 1970 2820 cile
2011 2779 2130 2832 qnaz
2159 2763 2226 2817 de
2260 2761 2487 2832 singulis
2524 2771 2813 2818 narrantur
2833 2760 3134 2830 suscipitis,
3171 2771 3231 2816 ut
3249 2775 3442 2832 parum

1867 2856 2008 2910 absit
2033 2854 2160 2925 quin
2185 2854 2402 2926 Moysen
2437 2854 2601 2908 Deum
2622 2853 2980 2920 existimetis;
3019 2867 3291 2923 supraque
3321 2868 3440 2907 mo-

1869 2947 1996 3001 dum
2030 2946 2376 3000 admirautini
2410 2943 2672 3008 Eliseum,
2710 2959 2773 2998 ac
2799 2943 2918 3011 ejus
2944 2942 3176 2998 laudatis
3210 2943 3444 3000 Thesbi-

1872 3045 1978 3091 tem
2007 3045 2432 3105 praeceptorem;
2466 3049 2530 3090 ac
2565 3043 2828 3103 quotquot
2859 3049 2954 3103 per
2981 3034 3222 3104 singulas
3257 3045 3447 3090 aetates

185 3125 308 3180 καθ’
341 3127 579 3198 ἑκάστην
599 3125 790 3195 γενεὰν
815 3105 1022 3195 ἁγίους,
1047 3105 1175 3190 τοὺς
1200 3125 1590 3198 ὲνεργηθέντας
1616 3127 1762 3198 παρὰ

1873 3126 2128 3180 divinitus
2162 3124 2322 3178 amati
2359 3125 2531 3178 sancti
2560 3123 2911 3188 exstiterunt,
2944 3132 3104 3193 atque
3127 3140 3156 3177 a
3201 3123 3312 3180 Deo
3345 3127 3444 3181 be—

187 3217 321 3269 Θεοῦ
352 3218 447 3271 καὶ
467 3217 536 3270 τὰ
571 3217 786 3288 μεγάλα
827 3219 920 3273 καὶ
959 3218 1179 3290 ἀοίδιμα
1211 3218 1761 3291 καταπραξαμένους,

193 3305 512 3375 ίσαγγέλους
569 3305 805 3375 ἀνάγετε
853 3309 975 3370 ταῖς
998 3308 1218 3377 τιμαῖς·
1255 3305 1408 3360 οὐδὲν
1445 3305 1502 3359 δὲ
1530 3305 1770 3377 ζυγομα-

189 3400 329 3468 χεῖτε
360 3398 456 3450 καὶ
486 3397 531 3428 ⁵³
557 3396 666 3450 τῶν
688 3397 952 3470 ἀρχαίων,
983 3396 1104 3450 οὐδὲ
1142 3395 1382 3451 ἀθετεῖτε
1410 3395 1508 3467 τὴν
1529 3395 1638 3448 τῶν
1663 3415 1767 3451 πα-

191 3490 364 3560 τέρων
384 3491 664 3560 ἐξήγησιν,
695 3488 982 3544 καὶταῦτα
1008 3489 1328 3560 πεφυκότων
1362 3488 1664 3561 ἀνθρώπων
1694 3491 1768 3562 μὴ

191 3579 308 3633 λίαν
330 3581 568 3644 εὐκόλως
595 3580 892 3649 ἀνάγεσθαι
924 3581 1063 3652 πρὸς
1096 3581 1195 3653 τὴν
1219 3580 1406 3633 πίστιν
1433 3580 1531 3651 τῆς
1559 3580 1730 3651 ἀκοῆς
1753 3598 1765 3610 ·

193 3671 220 3726 ὃ
246 3671 301 3724 δὲ
333 3671 630 3743 ὀφθαλμοῖς
663 3673 913 3744 ὑστέροις
955 3672 1049 3725 ἐπὶ
1085 3673 1192 3726 τῶν
1233 3671 1526 3742 ὀφθαλμῶν
1578 3671 1767 3738 εἴδετε,

195 3763 285 3815 καὶ
314 3761 352 3816 ἃ
381 3765 493 3825 τοῖς
519 3762 801 3826 δακτύλοις
828 3763 1002 3830 ἔξεστι
1035 3761 1376 3834 ψηλαφήσαι,
1405 3764 1496 3815 καὶ
1525 3762 1769 3834 ἀκριϐῶς

193 3857 259 3925 τῇ
289 3855 429 3924 ἀκοῇ
469 3854 818 3921 καταλαϐεῖν,
850 3854 1023 3908 ταῦτα
1052 3853 1296 3917 ἀπίστως
1322 3853 1414 3906 καὶ
1440 3854 1769 3923 ἀγνωμόνως

195 3944 327 4014 ὁμοῦ
372 3947 752 4016 κακουργεῖτε,
793 3945 886 3998 καὶ
919 3943 1256 4015 προφητείας
1297 3942 1768 4007 καταπατοῦντες,

196 4038 289 4091 καὶ
319 4035 420 4108 τὴν
453 4037 678 4092 ἔκϐασιν
711 4037 821 4092 τῶν
857 4038 1215 4109 προρρήσεων
1247 4034 1664 4106 ἀνατρέποντες.
1691 4033 1774 4086 Τὰ

197 4129 300 4200 γάρ
328 4127 425 4182 νῦν
457 4129 550 4182 ἐπὶ
579 4129 679 4199 τῆς
703 4128 898 4201 πείρας
923 4127 1194 4200 ὁρώμενα,
1224 4127 1318 4181 καὶ
1353 4125 1517 4181 πάλαι
1563 4125 1774 4195 φθάσας

206 4221 433 4284 Ἡσαΐας
453 4219 542 4274 διά
570 4219 678 4275 τῶν
712 4221 884 4291 λόγων
905 4219 1168 4287 ἐδίδαξενσ
1205 4218 1350 4274 Ἰδοὺ
1385 4221 1417 4272 ὁ
1445 4217 1588 4286 Θεὸς
1606 4217 1776 4287 ἡμῶν

198 4309 400 4378 κρίσιν
450 4310 894 4365 ἀνταποδίδωσι
933 4313 1030 4366 καὶ
1083 4307 1530 4364 ἁνταποδὼσει⁸
1593 4309 1775 4374 αὐτὸς

201 4401 349 4468 ἥξει,
383 4401 481 4454 καὶ
511 4401 697 4456 σώσει
717 4401 898 4471 ἡμᾶς.
939 4403 1075 4456 Τότε
1097 4399 1522 4470 ἁνοιτήσονται
1554 4399 1776 4468 ὀφθαλ-

1871 3217 2063 3273 nelicia
2095 3218 2375 3272 consecuti
2410 3225 2558 3280 sunt,
2595 3203 2894 3286 magnaque
2936 3231 3001 3271 ac
3042 3217 3300 3284 prmlam
3341 3233 3442 3286 pa-

1870 3319 2105 3374 trarunt,
2133 3308 2368 3379 aequales
2413 3308 2862 3378 angelis-augetis
2908 3308 3243 3363 honoribus:
3275 3309 3444 3364 nihil-

1871 3417 1980 3473 que
2036 3403 2178 3472 quod
2255 3410 2465 3472 spectat
2513 3401 2580 3456 ad
2626 3401 2880 3471 antiquos
2932 3399 3305 3465 reluctantini;
3345 3416 3446 3456 nee

1877 3492 2113 3562 rejicitis
2153 3507 2271 3561 qua:
2315 3506 2346 3546 a
2374 3491 2621 3560 patribus
2649 3500 2865 3546 narrata
2895 3490 3198 3562 accepistis,
3231 3493 3445 3546 tametsi
3523 3523 3528 3530 ι

1872 3586 1946 3641 ita
1993 3594 2185 3639 natura
2233 3583 2534 3650 comparati
2579 3583 2691 3637 sint
2735 3581 3004 3648 homines,
3045 3590 3104 3636 ut
3143 3597 3248 3636 non
3291 3580 3448 3636 facile

1876 3673 2034 3728 lident
2097 3671 2392 3726 adhibeant
2440 3671 2640 3726 auditis
2684 3688 2698 3725 :
2743 3673 2885 3740 quod
2929 3681 3110 3725 autem
3153 3670 3448 3725 novissime

1871 3761 2043 3817 oculis
2076 3759 2130 3815 in
2177 3760 2351 3815 oculis
2391 3759 2696 3815 exbibitum
2733 3758 2968 3824 vidistis,
2999 3772 3226 3828 quaeque
3262 3755 3448 3827 digitis

1875 3859 2218 3906 contrectare
2250 3849 2504 3918 potestis,
2538 3864 2603 3904 ac
2642 3850 2887 3920 diligenti
2924 3851 3107 3904 auditu
3143 3851 3444 3920 percipere,

1877 3941 1988 3995 haec
2015 3939 2291 3996 incredule
2317 3938 2477 3995 simul
2505 3955 2568 3994 ac
2597 3940 2841 4008 improbe
2860 3939 3193 4008 depravatis,
3218 3941 3449 4011 prophe-

1875 4031 1978 4085 tias
2013 4029 2411 4098 proculcantes,
2441 4046 2504 4085 ac
2528 4045 2714 4084 eorum
2770 4045 2888 4100 quae
2919 4029 3139 4086 fuerunt
3191 4032 3446 4102 praedicta

1877 4121 2084 4175 exitum
2120 4130 2442 4175 cvertentes.
2467 4121 2600 4188 Qua:
2634 4122 2775 4176 enim
2809 4120 2988 4187 modo,
3016 4121 3254 4190 periculo
3279 4121 3444 4187 facto,

1876 4221 2167 4280 conspecta
2209 4223 2354 4278 sunt,
2402 4214 2553 4280 prius
2597 4213 2724 4266 olim
2773 4211 2942 4266 Isaias
2991 4213 3168 4267 verbis
3215 4213 3446 4268 docuit:

1878 4302 2012 4357 Ecce
2038 4303 2176 4356 Deus
2204 4312 2375 4357 uoster
2395 4303 2663 4372 judicium
2700 4305 2934 4357 retribuit
2967 4320 3030 4357 ac
3062 4305 3314 4358 retribuet
3340 4304 3385 4338 ⁸⁸
3429 4323 3445 4364 :

1877 4397 1986 4465 ipse
2015 4396 2198 4458 veniet,
2226 4404 2274 4448 et
2301 4395 2520 4448 salvabit
2549 4412 2660 4449 nos.
2693 4394 2835 4448 Tunc
2864 4397 3168 4465 aperientur
3189 4395 3326 4449 oculi
3348 4413 3452 4452 ce-

195 4490 293 4558 μοὶ
331 4489 601 4559 τυφλῶν,
646 4492 743 4544 καί
793 4486 914 4545 ὦτα
952 4489 1164 4560 κωφῶν
1201 4490 1604 4544 ἀκούσονται·
1640 4488 1762 4541 τότε

1887 4500 2091 4548 corum,
2123 4492 2169 4535 et
2199 4498 2349 4536 aures
2389 4484 2668 4535 turdorum
2686 4485 2921 4536 audient.
2951 4482 3093 4536 Tunc
3119 4484 3290 4550 saliet,
3318 4484 3451 4539 sicut

200 4572 425 4634 ἁλεῖται
458 4582 540 4648 ὠς
585 4582 812 4652 ἔλαφος
862 4584 895 4636 ό
941 4581 1166 4650 χωλὸς,
1208 4580 1308 4634 καί
1348 4579 1537 4648 τρανὴ
1599 4578 1774 4632 ἔσται

200 4671 454 4742 γλῶσσα
465 4673 803 4743 μογιλάλον
819 4674 883 4727 ⁸⁸.
900 4672 1086 4727 Ταῦτα
1101 4673 1160 4724 οὑ
1178 4672 1385 4742 Πέτρου
1409 4671 1503 4724 καὶ
1526 4670 1772 4724 Ἰωάννου

202 4763 266 4816 τὰ
299 4765 546 4834 ῥήματα,
573 4763 692 4817 οὑδὲ
720 4781 862 4828 τινος
889 4763 998 4816 τῶν
1021 4763 1155 4816 νέων
1189 4763 1283 4816 κα.)⁸
1321 4764 1577 4816 ὑπόπτων
1607 4778 1776 4833 προσ-

203 4854 364 4911 ώπων
396 4859 448 4909 oi.
499 4857 666 4925 λόγοι,
716 4856 803 4909 ἵνα
860 4855 1266 4926 κεχαρισμένην
1325 4852 1602 4923 εὐφημίαν
1645 4852 1774 4904 ὑπο-

205 4951 516 5020 νοήσαντες,
553 4950 856 5020 ἀθετήσητε
883 4948 982 5020 τὴν
1025 4948 1282 5020 ἀλήθειαν
1302 4964 1316 4978 ·
1352 4947 1488 5000 ἀλλά
1514 4948 1613 5019 τῆς
1646 4948 1781 5018 ὑμε-

204 5018 365 5114 τέρας
392 5018 727 5113 προφητείας
763 5018 812 5094 oi
842 5018 1013 5109 λόγοι,
1050 5018 1222 5093 είντὺν
1243 5039 1550 5110 Θηκουΐτην
1573 5018 1779 5110 γνωρί-

287 5197 337 5230 ⁸⁸
373 5195 502 5266 ch.
541 5210 601 5248 ex
639 5195 763 5263 Sag.
796 5193 1028 5256 παλαιᾶς
1061 5193 1178 5264 μέν.
1253 5192 1298 5224 ⁵⁵
1337 5192 1467 5264 Leg.
1503 5191 1615 5257 ὲπί,
1668 5206 1762 5246 seu
1791 5189 1938 5261 πρε.

287 5283 339 5320 ll.
382 5269 435 5320 8.
539 5266 584 5298 ⁸⁸
625 5266 746 5320 lsai.
773 5281 936 5320 xxxv.
981 5265 1014 5318 4
1040 5280 1160 5320 sun.

99 5319 108 5326 .
206 5280 339 5333 xm,
382 5280 435 5320 δ.

539 5266 584 5298 ⁸⁸
625 5266 746 5321 lsai.
773 5281 936 5329 xxxv,
981 5265 1014 5318 4
1040 5280 1160 5333 sqq.

276 5403 384 5473 (59)
425 5400 719 5473 Theruilcm
740 5400 908 5473 ﬁlium
940 5393 1117 5473 Amos,
1153 5407 1256 5473 etc.
1287 5397 1438 5452 Fet-it
1463 5396 1696 5473 nominis
1721 5397 1772 5450 in

209 5469 393 5528 Grinco
425 5487 490 5527 ac
518 5470 706 5526 Latino
734 5471 1108 5538 mquivocatio,
1145 5479 1201 5520 ut
1235 5469 1306 5522 ita
1345 5469 1603 5522 sentirent
1628 5483 1772 5538 cum

208 5545 472 5605 Asterius,
527 5552 636 5594 tum
699 5537 901 5609 aliquot
951 5538 1274 5592 alii:l‘uisse
1322 5540 1572 5591 nimirum
1625 5537 1772 5609 Isaia;

211 5617 416 5681 patrem
465 5607 801 5680 prophetatn'
827 5612 1010 5671 Amos,
1039 5625 1200 5681 unum
1221 5610 1306 5681 _tle
1352 5609 1651 5681 duodecim,
1677 5607 1767 5674 qui

211 5677 292 5737 est
343 5683 431 5737 ille
465 5677 675 5737 'Asterii
725 5681 1033 5747 Thccnites,
1062 5679 1175 5734 sive
1220 5677 1435 5734 Tltccua
1489 5678 1768 5733 oriundus.

1885 4583 2086 4633 cerrus,
2114 4565 2354 4630 claudus,
2387 4577 2434 4620 et
2461 4577 2637 4635 aperta
2662 4569 2761 4619 erit
2787 4568 2966 4636 lingua
2992 4578 3280 4621 mutatum.
3315 4567 3454 4622 Sunt

1883 4660 1998 4714 hzec
2032 4674 2136 4713 non
2180 4658 2323 4714 Petri
2357 4673 2421 4713 ac
2451 4659 2671 4713 Joannis
2711 4661 2894 4724 verba,
2929 4673 3030 4714 nec
3070 4659 3230 4714 ullius
3261 4675 3447 4714 recen-

1883 4754 2104 4815 tiorum,
2127 4764 2219 4806 aut
2236 4751 2584 4821 suspectioris
2610 4767 2854 4822 persona:
2875 4767 3178 4815 sermones,
3201 4763 3258 4806 ut
3277 4754 3457 4821 suspi-

1883 4855 2072 4901 cantes
2117 4846 2183 4898 ad
2228 4846 2456 4915 gratiam
2504 4844 2785 4908 laudasse,
2835 4847 3101 4913 respuatis
3147 4847 3452 4908 veritatem,

1886 4937 1980 4993 sed
2015 4951 2298 4992 sermones
2331 4943 2457 4988 sunt
2487 4943 2682 4988 vestra:
2707 4935 3029 5002 prophetiae,
3062 4935 3105 4987 si
3135 4935 3292 4988 modo
3315 4933 3460 4986 Tlte-

1881 5029 2081 5084 cnitetn
2110 5027 2278 5082 nostis
2301 5025 2466 5079 ﬁlium
2487 5025 2653 5078 Amos
2674 5024 2808 5093 (59),
2836 5027 3153 5094 prephctatn
3184 5025 3458 5094 prOpheta:

2035 5185 2082 5220 ⁵⁸
2124 5185 2448 5259 μογιλάλων.
2543 5185 2588 5217 ⁵⁷
2628 5185 2798 5241 Exod.
2834 5201 3024 5254 xxx“,
3064 5186 3115 5240 i.
3215 5186 3260 5225 ⁸³
3299 5184 3457 5240 Νιιιιι.

2543 5185 2588 5217 ⁵⁷
2628 5185 2798 5241 Exod.
2834 5201 3024 5254 xxx",
3064 5186 3115 5240 i.

1882 5393 2023 5463 quod
2055 5390 2416 5463 Hieronymus
2445 5388 2726 5463 oppidum,
2760 5387 2934 5457 primo
2978 5387 3030 5440 in
3057 5387 3248 5463 __An_tos
3282 5402 3463 5463 protr:

1883 5457 2007 5525 tirio,
2042 5475 2136 5514 sex
2174 5457 2409 5513 millibus
2440 5459 2515 5512 ait
2543 5459 2734 5512 abesse
2771 5477 2798 5510 ιι
2831 5466 3020 5510 sancta
3057 5457 3350 5511 Bethleem.
3396 5459 3461 5508 ad

1880 5533 2232 5587 meridianam
2269 5534 2502 5598 plagam,
2542 5529 2677 5581 ultra
2711 5526 3066 5598 qttoul1tnllus
3114 5528 3183 5598 sit
3224 5527 3458 5598 vicnltts,

1880 5621 1945 5657 ne
1977 5609 2218 5671 agrestes
2250 5595 2464 5671 quidem
2515 5614 2654 5671 casa:
2698 5595 2749 5650 ci
2786 5596 3064 5671 fortior-nni
3116 5595 3342 5671 similes,
3379 5597 3463 5646 io-

1877 5664 2184 5745 quit,"quas
2216 5664 2347 5744 .A'fri
2410 5669 2682 5740 appellant
2737 5666 2988 5736 mapalia.
3019 5664 3076 5720 In
3133 5666 3219 5722 bis
3248 5664 3466 5721 inerunt
