3824 6270
165 356 254 414 265

1006 349 1286 409 HOMILIA
1324 349 1458 408 VIII.
1493 348 1562 405 IN
1596 348 1697 405 SS.
1741 345 2022 405 PETRUII
2060 345 2145 403 ET
2179 346 2487 406 PAULUM.

3263 346 3370 404 266

167 476 224 530 τά
254 474 383 527 κατὰ
401 469 625 542 δύναμιν
649 472 716 541 τῇ
740 468 847 523 τῶν
875 468 1051 524 ἄλλων
1086 467 1392 541 εὐφροσύνῃ
1417 466 1699 539 παρασχέ-

1813 480 1924 519 rum
1956 463 2116 519 hodie
2132 462 2581 520 celebrandorum
2605 459 2776 532 gratia
2807 460 3181 526 convenimus,
3205 475 3372 517 cona-

172 566 271 620 σθιιι
297 563 657 635 πειραθῶμεν.
688 557 818 615 υἷδα
853 562 983 634 γὰρ,
1015 562 1096 615 ὅτι
1119 561 1370 616 τοσοῦτον
1402 557 1705 630 ζητηθήσε-

167 675 257 722 ται,
281 656 373 726 οὐχ
396 656 520 709 ὅσον
557 654 788 717 ἐκείνοις
832 655 1125 723 ὀφείλεται,
1160 658 1272 718 τοῖς
1308 652 1564 723 μεγάλοις
1607 650 1703 705 καὶ

168 746 482 816 θαυμασίοις,
515 743 627 797 ἀλλ’
648 745 771 797 ὅσον
794 743 924 815 παρ’
954 746 1086 815 ἡμῖν
1126 743 1414 815 εὑρεθῆναι
1443 742 1556 804 τοῖς
1602 739 1702 793 πέ-

169 850 314 903 νησιν.
352 832 682 903 Ἐϐουλόμην
714 832 813 904 μέν
844 828 936 886 οῦν
971 834 1185 904 ἐκείνης
1213 832 1313 903 τῆς
1339 831 1560 903 χάριτος
1597 829 1705 884 ὀλί-

170 943 243 994 γον
273 924 431 996 μέρος
482 925 603 995 ἐμοὶ
640 924 936 996 χορηθῆναι
979 926 1024 957 “
1056 928 1311 998 σήμερον,
1344 920 1413 997 ἧς
1447 924 1704 996 έκάτερός

168 1032 215 1068 τε
252 1015 350 1068 τῶν
378 1015 549 1083 ἁγίων
578 1015 785 1070 τούτων
822 1017 1163 1087 μεταλαὰὒν,
1195 1020 1223 1072 ὁ
1259 1017 1357 1089 μὲν
1383 1018 1440 1072 ἐν
1482 1018 1706 1088 Ἱεροσο-

169 1108 329 1179 λύμοις
355 1108 478 1171 τοὺς
511 1107 867 1172 ἀπειθοῦντας
894 1109 1190 1176 ἐδίδασκεν,
1231 1111 1261 1163 6
1281 1108 1341 1162 δὲ
1366 1108 1455 1161 τὸν
1488 1109 1705 1178 Ἀρειον

169 1196 315 1264 πάγον
341 1198 398 1249 ἐν
442 1196 696 1267 Ἀθήναις
726 1197 1066 1264 καταλαϐὼν,
1093 1201 1157 1252 ἐκ
1187 1198 1285 1268 τῆς
1308 1198 1468 1251 ἀθέου
1499 1195 1706 1266 πλάνης

167 1288 273 1349 τοὺς
314 1286 836 1359 δεισιδαιμονοῦντας
888 1287 1242 1360 ἐπέστρεψεν,
1274 1287 1589 1350 ὑποδεικνὺς
1617 1285 1709 1339 αύ-

168 1381 259 1442 toi;
286 1374 370 1433 τδν
421 1379 679 1450 Χριστὸν,
738 1381 833 1433 mi.
889 1380 949 1434 τὸ
1002 1380 1117 1451 τῆς,
1150 1378 1383 1451 ἀληθοῦς
1426 1377 1709 1441 εὐσεϐείας

166 1470 505 1539 καταγγείλας
552 1472 867 1542 μυστήριον.
909 1470 1065 1525 Οὕτω
1103 1470 1211 1542 γὰρ
1251 1468 1601 1541 ἀνεδείξαμέν
1652 1485 1707 1521 τι

170 1564 256 1617 τῶν
278 1564 646 1635 προκειμένων
670 1563 954 1623 ἐπιτελεῖν,
977 1562 1168 1634 καὶμὴ
1193 1562 1329 1617 πολὺ
1351 1563 1444 1617 τοῦ
1471 1561 1707 1634 μεγάλου

171 1657 401 1728 μεγέθους
428 1658 925 1728 ἀπολιμπάνεσθαι.

1806 562 1919 610 tum
1945 555 2337 611 concredentes
2367 553 2510 623 quod
2552 562 2750 609 nostrae
2780 552 2896 611 erit
2934 551 3208 609 facultatis
3238 554 3370 609 alio-

1804 663 1925 702 rum
1965 647 2167 703 laetitia:
2215 657 2473 718 prmstare
2511 648 2849 705 studeamus.
2881 644 3016 702 Novi
3044 646 3312 718 siquidem
3342 662 3373 703 a

1804 739 1961 795 nobis
1988 739 2331 809 exigendum,
2367 755 2471 795 non
2495 748 2753 810 quantum
2797 738 3005 809 magnis
3029 738 3134 794 illis
3181 752 3245 792 ac
3274 739 3371 792 ad-

1805 830 2067 886 mirandis
2098 831 2291 886 merito
2350 833 2646 897 debeatur;
2693 832 2788 886 sed
2833 837 3097 901 quantum
3124 832 3374 901 pauperi-

1806 922 1906 977 bus
1948 922 2106 978 nobis
2155 923 2209 978 in
2256 931 2504 992 promptu
2553 923 2643 978 sit.
2694 922 2909 978 Utinam
2942 937 3070 977 vero
3102 922 3372 977 modicum

1804 1014 1935 1084 quid
1966 1014 2084 1085 ejus
2107 1014 2237 1069 mihi
2272 1015 2460 1085 gratim
2491 1016 2888 1084 suppeditatum
2919 1023 3251 1085 suppeteret,
3279 1027 3374 1068 cu-

1802 1105 1890 1176 jus
1921 1106 2081 1162 ambo
2107 1106 2162 1161 lii
2203 1106 2376 1161 sancti
2423 1106 2735 1176 participes,
2765 1106 2906 1162 alter
2931 1107 3149 1175 quidem
3186 1103 3377 1160 Hiero-

1805 1196 2027 1267 solymis
2054 1196 2359 1254 incredulos
2385 1196 2601 1266 docuit;
2645 1196 2785 1252 alter
2818 1212 2948 1253 vero
2992 1212 3114 1252 cum
3146 1197 3375 1252 Athenis

1806 1287 1860 1342 in
1890 1288 2231 1358 Areopagum
2255 1289 2512 1356 venisset,
2537 1289 2942 1359 superstitiosos
2973 1288 3043 1345 ab
3083 1288 3375 1359 impietatis

1809 1395 1999 1437 errore
2025 1381 2323 1449 convertit,
2359 1382 2651 1438 ostendens
2693 1382 2774 1436 eis
2801 1380 3099 1446 Christum,
3131 1395 3196 1436 ac
3235 1396 3375 1439 verat

1806 1472 2025 1541 pietatis
2055 1487 2120 1528 ac
2146 1473 2429 1545 religionis
2460 1473 2790 1529 annuntians
2827 1484 3251 1530 sacramentum.
3282 1472 3376 1530 Sic

1808 1578 1954 1619 enim
1983 1563 2235 1633 liqueret,
2260 1564 2463 1635 aliquid
2493 1580 2591 1620 nos
2615 1579 2805 1621 eorum
2834 1577 3092 1635 prtestare
3109 1582 3228 1636 qum
3249 1576 3375 1622 sunt

1808 1646 2081 1726 proposita
2109 1675 2124 1710 :
2159 1670 2259 1712 nec
2289 1657 2476 1727 procul
2500 1657 2784 1713 admodum
2812 1659 2882 1712 ab
2900 1659 3203 1729 argumenti
3226 1669 3374 1714 tanta

1810 1747 2122 1817 praestantia
2148 1747 2356 1804 abesse.
3076 1774 3079 1777 -

233 1834 434 1907 Ἐπειδὴ
461 1835 519 1889 δέ
545 1836 604 1890 αἱ
644 1834 876 1907 μεγάλαι
909 1831 1002 1888 τοῦ
1033 1832 1347 1905 Πνεύματος
1381 1832 1581 1904 δωρεά)⁵
1602 1833 1707 1888 τῶν

1879 1838 2017 1904 Quia
2045 1853 2179 1894 vero
2205 1838 2464 1909 praeclara
2490 1839 2580 1894 illa
2609 1836 2843 1910 Spiritus
2872 1841 3010 1895 dona
3055 1854 3374 1911 magnorum

171 1927 387 1997 μεγάλων
413 1927 575 1994 εἰσὶν,
603 1929 697 1982 καὶ
723 1927 941 1992 ἀνάξιος
977 1925 1090 1996 ἐγὼ
1121 1926 1398 1989 τοιαύταις
1428 1923 1708 1989 πλουτίζε-

170 2016 269 2071 σθαι
294 2020 527 2090 χάρισιν·
585 2019 875 2091 προσθήσω
923 2018 1022 2092 τὴν
1053 2019 1238 2073 πενίαν
1276 2016 1415 2088 μετά
1446 2017 1545 2087 τῆς
1578 2033 1709 2087 προ-

170 2110 337 2181 θυμίας
360 2113 511 2184 ὑμῖν,
536 2114 613 2177 ὡς
648 2112 943 2175 Ἐλισσαῖος
965 2110 1103 2184 μετά
1124 2110 1234 2164 τῶν
1260 2109 1501 2181 ἀλεύρων
1528 2108 1597 2162 τὰ
1617 2108 1712 2162 λά-

154 2222 303 2276 οχανα,
361 2203 462 2276 τῆς
506 2201 606 2256 τοῦ
657 2200 985 2273 προέχεσθαι
1035 2200 1252 2263 πάντως
1305 2199 1364 2252 τὸ
1418 2199 1581 2253 καλὸν
1611 2200 1711 2253 οὐκ

170 2298 451 2367 ἁμοιρήσων
470 2295 661 2366 τιμῆς.
689 2293 894 2364 Μηδεὶς
921 2292 979 2346 δέ
1012 2310 1080 2363 με
1100 2292 1309 2364 οἰηθείη
1341 2292 1450 2345 τῶν
1480 2291 1709 2345 ἀκουσο-

172 2388 319 2459 μένων
345 2388 518 2458 ὑμῶν,
566 2386 841 2457 εὐφημίαν
882 2385 1147 2454 γενναίων
1178 2384 1384 2457 ἀνδρῶν
1418 2382 1712 2456 προελόμε-

170 2497 257 2544 νον,
281 2483 386 2543 τοῖς
417 2479 606 2550 νόμοις
640 2476 1017 2549 ἀκολουθήσειν
1040 2477 1139 2547 τῆς
1168 2476 1358 2546 σοφίας
1373 2476 1471 2546 τῆς
1490 2475 1706 2544 ἔξωθεν.

172 2572 229 2624 Ού
267 2570 366 2643 γὰρ
405 2570 574 2644 τέχνῃ
601 2569 931 2641 συγκειμένῃ
955 2567 1237 2622 κολακείαν
1263 2566 1706 2639 ἀπεργαζόμεθαο

170 2662 281 2716 ἀλλὰ
306 2661 487 2733 ψυχῶν
542 2661 803 2731 φιλοθέων
848 2661 1075 2733 ἀρετὴν,
1110 2660 1249 2732 μετά
1278 2657 1536 2728 ἀληθείας
1583 2659 1711 2730 ὑμῖν

172 2756 483 2825 παραστῆσαι
520 2752 910 2825 σπουδάζομεν.
948 2753 1040 2806 Διὸ
1070 2751 1473 2823 σιωπηθήσεται
1532 2749 1709 2820 γένος,

175 2845 247 2897 καὶ
291 2845 540 2918 πατέρων
593 2842 915 2915 περιφάνεια
972 2844 1033 2896 ού
1080 2842 1351 2913 διοχλήσει
1388 2841 1480 2895 τὸν
1532 2841 1708 2912 λόγον.

174 2934 302 3003 Σὰρξ
324 2938 428 3010 γὰρ
467 2935 573 2989 καί
601 2931 743 3005 αἷμα
767 2936 1096 3000 ,βασιλείαν
1128 2933 1275 2989 Θεοῦ
1301 2935 1372 2988 οὐ
1425 2936 1710 3001 κληρονο-

171 3027 461 3095 μήσουσιν.
494 3028 632 3082 Ούδέ
664 3026 772 3081 ἀπὸ
801 3027 907 3081 τῶν
954 3027 1246 3099 περιγείων
1280 3025 1376 3080 καὶ
1405 3026 1712 3097 ἐγκοσμίων

1807 1938 1956 1993 sunt,
1995 1929 2238 1998 ipseque,
2274 1928 2601 1998 ejuscemodi
2655 1926 2950 1999 gratiarum
2996 1929 3198 1985 divitiis
3240 1930 3377 1985 indi-

1807 2038 1946 2092 gnus
1969 2022 2191 2087 exsisto,
2221 2037 2396 2078 meam
2420 2022 2572 2078 vobis
2592 2022 2759 2078 alacri
2778 2023 2960 2077 animo
2985 2031 3375 2093 paupertatem.

1811 2114 1954 2169 velut
1999 2114 2207 2171 Eliseus
2252 2115 2295 2146 ⁶¹
2353 2129 2478 2170 cum
2527 2114 2801 2189 pulmento
2857 2113 3004 2169 olera
3030 2152 3048 2180 ,
3110 2127 3320 2186 appono
3356 2132 3370 2168 :

1811 2207 2224 2277 haudquaquam
2271 2220 2335 2261 ea
2379 2207 2673 2277 privandus
2721 2206 2897 2271 laude,
2939 2215 3000 2262 ut
3038 2220 3109 2262 ne
3156 2207 3379 2263 omnino

1810 2299 2138 2369 praetendam
2169 2299 2313 2368 quod
2341 2299 2540 2354 bonum
2570 2314 2634 2353 ac
2663 2299 2981 2369 praeclarum
3027 2307 3128 2355 est.
3159 2298 3236 2355 Ne
3257 2299 3379 2369 quis

1810 2398 1989 2441 autem
2024 2400 2112 2441 me
2143 2396 2404 2451 vestrum,
2453 2386 2757 2451 auditores,
2807 2388 2896 2456 qui
2948 2388 3096 2444 viros
3126 2397 3380 2444 strenuos

1813 2479 2114 2535 laudandos
2162 2477 2516 2548 susceperim,
2548 2487 2788 2535 externa).
2838 2490 2988 2549 putet
3029 2495 3094 2536 ac
3142 2480 3381 2550 profana

1812 2570 2091 2640 sapientia:
2143 2578 2471 2625 sectaturum
2525 2568 2695 2640 leges.
2738 2568 2856 2625 Non
2898 2572 3042 2627 enim
3082 2574 3380 2643 composita

1812 2671 1930 2717 arte
1971 2671 2315 2717 assentamur
2344 2669 2507 2731 atque
2543 2660 2883 2726 blandimur;
2922 2664 3015 2718 sed
3050 2662 3141 2717 Dei
3193 2679 3381 2719 aman-

1813 2752 1944 2808 tium
1970 2767 2034 2808 ac
2060 2752 2431 2823 religiosorum
2470 2753 2776 2808 animorum
2800 2754 3050 2810 virtutem
3104 2771 3228 2811 vera
3258 2772 3380 2811 nar-

1814 2845 2025 2900 ratione
2077 2853 2464 2912 reprazsentare
2531 2844 2831 2902 studemus.
2883 2847 3244 2914 Quamobrem
3297 2858 3382 2904 ta-

1812 2937 2025 2990 cebitur
2061 2950 2253 3005 genus,
2283 2951 2382 2991 nec
2408 2945 2693 3005 parentum
2719 2936 2944 2993 illustris
2970 2938 3164 3008 gloria,
3183 2942 3380 3011 negotii

1815 3028 2018 3098 aliquid
2055 3029 2268 3084 dicturo
2307 3027 2588 3097 prmbebit.
2657 3027 2882 3097 Quippe,
2915 3045 3036 3083 caro
3080 3042 3129 3085 et
3167 3036 3379 3102 sanguis

174 3121 274 3183 τοὺς
297 3121 525 3193 ούρανοῦ
569 3120 790 3184 πολίτας
820 3120 1145 3191 τιμήσομεν·
1178 3118 1316 3173 ἀλλὰ
1347 3120 1454 3172 πᾶν
1493 3119 1713 3172 τούναν-

1816 3137 2030 3191 regnum
2062 3121 2156 3176 Dei
2186 3138 2288 3176 non
2309 3121 2644 3191 possidebunt
2658 3121 2736 3187 ";
2767 3134 2865 3178 nec
2889 3123 3011 3178 cmli
3036 3123 3182 3180 cives
3221 3140 3251 3179 a
3276 3136 3380 3183 ter-

175 3211 282 3275 τίον,
306 3214 556 3285 πατέρων
584 3211 795 3282 ἀφανὴς
826 3210 959 3281 βίος,
981 3212 1076 3265 καὶ
1096 3211 1281 3281 τέχναι
1320 3210 1600 3282 βάναυσοι,
1620 3210 1715 3264 καί¹

177 3304 335 3368 πενίας
385 3305 787 3376 ὀνομαζόμενον
837 3302 1060 3367 ὄνειδος,
1088 3302 1263 3357 ταῦτα
1311 3304 1424 3366 τοῖς
1476 3301 1718 3365 ἐπαίνοις

178 3398 668 3470 μνημονευθήσεται.
709 3396 847 3465 Δόξα
891 3397 999 3469 γὰρ
1046 3395 1407 3468 Χριστιανῶν,
1467 3394 1609 3461 κατά
1658 3395 1719 3448 τὸ

176 3488 472 3560 Εὑαγγέλιον
512 3491 577 3543 τὸ
605 3489 870 3562 ἡμέτερον
888 3529 904 3553 ,
934 3489 1256 3560 ταπεινότης
1284 3488 1451 3542 ἐστίν.
1496 3486 1633 3557 Ἐγὼ
1660 3487 1718 3542 δὲ

174 3581 248 3635 καὶ
288 3583 386 3637 τῶν
407 3582 615 3648 ἔξωθεν
635 3582 924 3653 ἐγκωμίων
950 3581 1186 3653 συνορῶν
1214 3578 1404 3644 δεινῶς
1435 3578 1719 3649 καταμέμ-

177 3691 336 3747 φομαυ
366 3677 448 3730 ὅτι
476 3674 766 3747 σεμνύνειν
805 3673 1113 3746 βουλόμενοι
1144 3673 1237 3737 οὓς
1261 3673 1327 3729 ἂν
1351 3673 1598 3736 ἕλωνται.
1642 3671 1717 3737 ὼς

180 3767 318 3837 μηδὲν
339 3768 619 3841 ἐξαίρετον
647 3769 822 3821 εἰπεῖν
877 3766 1088 3837 ἔχοντες
1134 3766 1357 3835 ἀγαθὸν,
1388 3766 1562 3837 μάτην
1608 3767 1719 3828 τοῖς

178 3857 333 3925 τάφοις
356 3858 814 3930 προσφεύγουσιν,
847 3859 942 3911 καὶ
971 3857 1238 3928 διοχλοῦσι
1279 3858 1404 3920 τοὺς
1432 3857 1720 3928 κειμένους

180 3947 298 4019 εἰκῆ,
320 3952 410 4004 καὶ
434 3951 566 4013 τοὺς
589 3952 813 4021 νεκροὺς
853 3948 1068 4002 ποιοῦσι
1095 3949 1296 4019 κόσμον
1334 3949 1443 4001 τῶν
1479 3944 1713 4011 ζώντων·

178 4036 231 4088 δι’
254 4034 318 4091 ὧν
342 4038 735 4099 ,ἐπικαλοῦνται
773 4042 898 4104 τοὺς
926 4039 1379 4111 τελευτήσαντας,
1409 4038 1722 4110 ὁμολογοῦν⁶

180 4145 250 4193 τες
285 4134 428 4187 οὐδὲν
464 4120 673 4201 ἀγαθὸν
699 4134 811 4195 τοῖς
839 4134 970 4204 παρ’
1003 4132 1183 4187 αὐτῶν
1221 4132 1722 4202 ἐγκωμιαζομένοις

181 4227 449 4291 προσεῖναι.
484 4225 599 4279 Καὶ
642 4222 780 4295 πρὸς
818 4222 1051 4287 τούτοις,
1080 4223 1130 4276 εί
1173 4223 1271 4294 μὲν
1293 4220 1721 4294 ὁμολογούμενον

178 4310 249 4387 ἦν,
286 4320 496 4384 πάντως
527 4320 652 4383 τοὺς
683 4321 748 4373 ὲκ
782 4318 1050 4390 λαμπρῶν
1079 4316 1329 4385 πατέρων
1357 4315 1718 4384 κατάγοντας,

181 4410 255 4460 καὶ
270 4411 452 4475 αὐτοὺς
476 4411 744 4482 ὑπάρχειν
783 4409 1044 4480 ἀγαθοὺς,
1074 4410 1166 4462 καὶ
1187 4408 1372 4479 ὥσπερ
1400 4408 1521 4461 τινὰ
1559 4406 1721 4476 φύσιν

1818 3214 1969 3270 renis
1992 3229 2057 3268 ac
2085 3214 2267 3269 saeculi
2290 3214 2661 3285 praerogativis
2688 3215 3006 3272 bonoraturi
3029 3232 3214 3273 sumus
3239 3237 3253 3286 ;
3284 3221 3379 3275 sed

1818 3303 1978 3373 plane
2007 3318 2196 3369 secus,
2225 3303 2516 3363 obscuram
2540 3314 2823 3374 parentum
2852 3306 3014 3361 vitam
3034 3349 3048 3373 ,
3079 3319 3227 3364 artes
3265 3325 3382 3367 me-

1818 3396 2076 3451 chanicas
2092 3435 2107 3460 ,
2128 3396 2460 3466 paupertatis
2489 3397 2723 3468 denique
2749 3399 3074 3469 appellatum
3092 3403 3347 3471 probrum
3364 3441 3382 3469 ,

1819 3486 1934 3540 haec
1987 3485 2176 3556 utique
2231 3486 2371 3543 inter
2428 3486 2754 3543 laudandum
2813 3492 3381 3547 commemorabimus.

1818 3574 1952 3632 Nam
1976 3576 2131 3646 juxta
2177 3577 2524 3650 Evangelium
2559 3587 2830 3646 nostrum,
2873 3582 3167 3638 Christiani
3202 3586 3382 3639 humi-

1818 3668 1970 3725 litate
2024 3669 2252 3739 gloriam
2302 3671 2523 3728 habent.
2575 3672 2717 3729 Sane
2767 3674 2985 3744 quidem
3033 3688 3382 3735 externorum

1819 3762 2065 3818 encomia
2097 3771 2382 3831 contuens,
2404 3764 2641 3822 maxime
2664 3765 2930 3837 vitupero,
2982 3769 3125 3838 quod
3154 3784 3249 3826 eos
3266 3768 3384 3825 lau-

1819 3853 1996 3908 daturi
2017 3869 2154 3924 quos
2177 3855 2279 3911 sibi
2302 3856 2678 3926 proposuerint
2705 3857 2758 3912 in
2783 3859 2956 3916 laudis
2983 3870 3383 3931 argumentum,

1821 3956 2074 4015 tanquam
2112 3946 2244 4002 nihil
2267 3947 2536 4017 peculiare
2557 3948 2845 4005 dicendum
2872 3960 3144 4022 suppetat,
3177 3954 3244 4007 ad
3270 3966 3384 4008 ma-

1814 4035 1992 4106 jorum
2021 4038 2225 4095 fruatra
2258 4040 2507 4110 sepulcra
2547 4041 2893 4113 confugiant,
2926 4057 2992 4099 ac
3034 4042 3303 4099 defunctis
3328 4046 3383 4100 in

1819 4146 2036 4186 cassum
2062 4132 2335 4203 negotium
2359 4132 2665 4200 lacessant,
2697 4144 3046 4205 mortuosque
3088 4135 3383 4191 viventium

1819 4234 2140 4280 ornamento
2195 4225 2512 4281 asciscant:
2552 4228 2749 4297 quibus
2795 4228 2904 4282 vita
2960 4227 3175 4283 functos
3230 4228 3384 4283 invo-

1820 4323 1970 4377 cant,
1998 4315 2134 4369 nihil
2166 4315 2289 4371 boni
2330 4330 2395 4372 ac
2427 4316 2676 4387 praeclari
2720 4318 2861 4387 apud
2890 4332 2986 4373 eos
3007 4326 3225 4373 exstare
3257 4334 3384 4387 pro-

1821 4406 2059 4472 ﬁtentes,
2096 4422 2232 4475 quos
2269 4408 2516 4464 laudibus
2541 4409 2838 4465 celebrant.
2864 4408 3156 4474 Praeterea,
3181 4420 3239 4465 ut
3260 4411 3384 4481 qui—

178 4498 257 4570 τὴν
281 4503 470 4574 ἀρετὴν
496 4501 860 4573 διαδέχεσθαι,
885 4500 1139 4572 εὔκαιρον
1164 4496 1233 4572 ἦν
1260 4500 1389 4565 ἴσως
1420 4500 1608 4572 μνείαν
1636 4518 1721 4553 τι-

1824 4500 1944 4552 dcm
1968 4508 2176 4554 certum
2212 4510 2379 4566 esset,
2404 4500 2485 4555 sic
2516 4500 2738 4556 omnino
2759 4512 3128 4570 comparatum
3151 4516 3292 4567 esse,
3329 4512 3385 4558 ut

180 4589 232 4642 νά
254 4592 348 4646 τῶν
376 4594 580 4662 γονέων
603 4592 868 4647 ποιεῖσθαι
887 4608 900 4622 ’
925 4592 1111 4663 ἐπειδὴ
1135 4592 1191 4646 δὲ
1226 4592 1478 4662 ψεύδεται
1504 4592 1605 4657 τάς
1625 4596 1719 4647 τοῦ

179 4682 340 4749 γένους
367 4687 617 4757 διαδοχὰς
644 4687 737 4740 ἐπὶ
763 4685 971 4756 πλέονὴ
997 4684 1106 4738 τῶν
1132 4684 1573 4756 ἐπιτηδευμάτων
1602 4685 1720 4738 δια-

183 4776 297 4847 φορά
322 4781 551 4847 (γίνεται
578 4780 687 4851 γὰρ
719 4777 929 4842 ἄσωτος
965 4779 996 4830 6
1028 4776 1124 4831 τοῦ
1159 4777 1468 4847 φιλοσόφου,
1502 4778 1597 4831 καὶ
1635 4796 1722 4847 φι-

181 4864 371 4936 λόσοφος
394 4871 422 4923 6
454 4870 549 4923 τοῦ
581 4868 904 4940 φιληδόνου),
938 4868 1167 4939 μάταιος
1201 4868 1231 4920 6
1258 4868 1418 4931 πόνος
1448 4865 1557 4920 τῶν
1583 4885 1718 4938 προ-

183 4959 387 5014 πάππων
410 4960 734 5032 μεμνῆσθαι·
767 4960 886 5015 δέον
913 4958 1291 5024 ἐπιδεικνύειν,
1313 4960 1471 5030 εἴπερ
1500 4957 1610 5027 ἔχει
1636 4974 1721 5021 τις

182 5048 351 5120 ἀρετῆς
383 5054 804 5126 κατορθωματα.
840 5053 952 5106 Καὶ
977 5051 1134 5106 ταῦθ’
1163 5052 1245 5105 ὅτι
1268 5050 1455 5105 τοῦτον
1492 5049 1604 5120 ἔχει
1628 5050 1721 5103 τὸν

184 5144 369 5208 τρόπον,
398 5146 495 5199 οὐκ
545 5145 692 5199 ἐστιν
731 5143 950 5198 ἄλλοθεν
987 5140 1576 5214 πολυπραγμονοῦντας
1604 5154 1722 5211 ’μα-

182 5232 287 5300 θεῖν,
319 5239 427 5293 ἀλλ’
472 5238 532 5305 ἐξ
580 5238 750 5309 αὐτῆς
774 5237 874 5308 τῆς
899 5237 1051 5308 ἱερᾶς
1098 5234 1256 5307 ἡμῶν
1285 5233 1528 5305 Γραφῆς,
1560 5231 1719 5285 πολύ-

181 5343 348 5396 τροπον
373 5330 600 5403 ἐχούσης
618 5330 714 5385 καὶ
745 5328 997 5399 ποικίλην
1021 5328 1121 5399 τὴν
1149 5326 1437 5394 ὠφέλειαν.

1823 4591 1918 4659 qui
1967 4591 2132 4646 claris
2173 4591 2469 4661 majoribus
2518 4593 2784 4663 procreati
2825 4601 2970 4661 sunt,
3023 4594 3122 4663 ipsi
3171 4610 3387 4665 quoque

1824 4682 1975 4750 probi
2003 4682 2344 4745 exsisterent,
2369 4699 2433 4738 ac
2464 4683 2753 4748 virtutem,
2784 4698 2881 4740 ceu
2918 4684 3204 4755 quamdam
3232 4696 3387 4739 natu-

1825 4788 1940 4827 ram
2009 4774 2151 4828 velut
2207 4775 2553 4831 lueretlitaria
2614 4778 2961 4834 successione
3010 4777 3385 4834 transmissum

1823 4867 2195 4936 susciperent;
2226 4878 2372 4922 esset
2415 4870 2645 4924 fortasse
2684 4869 2827 4924 haud
2883 4869 3238 4939 incongruum
3292 4883 3387 4938 pa-

1824 4964 2038 5010 rentum
2069 4956 2420 5013 meminisse:
2452 4971 2576 5013 cum
2606 4973 2737 5014 vero
2765 4957 3067 5014 studiorum
3097 4957 3386 5013 diversitas

1818 5049 2136 5118 plerumque
2169 5049 2385 5118 generis
2431 5049 2832 5104 successionem
2862 5048 3156 5105 mentiatur
3192 5046 3387 5119 (philo—

1820 5138 1977 5207 sophi
2008 5154 2242 5209 namque
2272 5140 2434 5207 illius,
2461 5141 2768 5198 luxuriosus
2799 5155 2865 5196 ac
2884 5154 3058 5211 ganeo
3088 5140 3297 5204 evadit;
3322 5152 3387 5192 ac

1819 5229 2189 5300 philosophus,
2216 5231 2506 5309 voluptarii
2544 5247 2608 5287 ac
2643 5232 2914 5290 libidinosi
2949 5230 3146 5302 ﬁlius),
3183 5230 3385 5284 frustra

1820 5322 2097 5397 laboratur
2133 5323 2522 5393 percensendis
2547 5328 2797 5387 encomio
2825 5321 3041 5391 proavis
3068 5335 3134 5376 ac
3163 5317 3377 5386 majori-

183 5413 292 5481 bus,
322 5435 439 5475 cum
472 5423 540 5476 sit
569 5420 979 5484 ostendendum,
1017 5432 1138 5486 quae
1170 5416 1429 5487 cujusque
1461 5411 1705 5468 facinora
1745 5426 1810 5467 ac
1835 5427 1921 5467 res
1969 5413 2228 5482 praeclare
2260 5423 2427 5484 gestas
2461 5414 2591 5473 sint.
2631 5413 2784 5481 Quod
2841 5414 2956 5469 bazc
3021 5426 3149 5467 vero
3174 5411 3255 5466 sic
3286 5411 3384 5466 ha-

184 5508 335 5580 beant,
363 5514 502 5571 haud
535 5515 753 5570 aliunde
785 5513 1028 5583 diligenti
1057 5508 1513 5581 pervestigatione
1543 5508 1877 5574 noverimus,
1910 5523 2070 5564 uuam
2104 5524 2171 5568 ex
2233 5511 2405 5567 sacris
2464 5509 2595 5579 ipsis
2643 5506 3078 5564 Christianorum
3124 5503 3385 5575 Scriptu-

186 5604 265 5669 ris.
292 5622 506 5677 quorum
540 5608 816 5679 multiplex
851 5608 1104 5675 variaque
1141 5604 1343 5659 utilitas
1369 5601 1602 5657 exsistit.

198 5766 201 5773 '
241 5810 282 5844 ⁸⁸
302 5814 378 5870 ίσ.
408 5814 792 5887 ῃρηγηθῆναι.
867 5813 909 5843 ⁶¹
941 5810 1006 5865 IV
1036 5812 1163 5884 Reg.
1193 5829 1265 5879 tv,
1292 5811 1378 5867 58.
1456 5810 1500 5843 "
1522 5811 1549 5865 Ἰ
1586 5812 1709 5869 Cor.

1813 5823 1840 5877 ν,
1873 5808 1958 5863 50.

504 5910 766 5972 Pauor“
809 5907 925 5969 Gn.
971 5907 1103 5969 XL.
