3856 6274
439 354 548 413 €67

510 473 724 529 Scimus
750 472 904 542 plane
925 474 1256 530 sacerdotem
1278 514 1292 538 ,
1318 487 1502 529 senem
1530 471 1675 527 illum
1704 474 1881 543 magni
1908 475 2004 528 Sa-
2031 480 2075 534 Α

438 566 630 621 muelis
658 580 778 621 cum
817 566 1160 620 educatorem
1219 575 1327 617 tum
1386 564 1698 631 magistrum
1740 565 1806 618 “.
1856 564 1998 618 Nihil

439 666 616 711 tamen
652 658 785 725 ipse,
819 670 1130 727 quanquam
1178 656 1417 723 Optimus
1451 666 1590 720 erat,
1633 653 1773 722 juvit
1814 657 1952 711 ﬁlios
1982 676 1995 712 :

438 746 620 814 idque,
646 761 768 799 cum
810 745 950 814 apud
991 754 1269 814 parentem
1320 744 1492 812 ipsum
1528 743 1745 797 educati
1793 755 1996 809 essent,

436 851 499 891 ac
529 838 767 907 quotidie
802 836 1092 891 sacerdotii
1116 837 1239 906 jura
1275 850 1339 890 ac
1385 835 1529 906 leges
1558 836 1828 889 audirent.
1857 836 1998 887 Ilur-

436 944 556 982 sum
586 944 712 983 vero
729 928 1039 983 Timotheus
1065 927 1246 997 impiis
1267 926 1578 997 parentibus
1594 929 1770 983 editus
1786 928 1959 982 erat“
1983 946 1996 981 :

438 1020 549 1086 ilie,
582 1021 831 1089 inquam,
858 1020 1160 1089 apostolus,
1204 1019 1463 1088 Paulique
1515 1034 1809 1088 generosus
1848 1032 2001 1074 catu-

439 1111 522 1165 lus
552 1129 566 1163 :
602 1111 742 1164 haud
781 1110 867 1163 ille
906 1121 1107 1174 tamen,
1159 1126 1256 1165 ceu
1289 1112 1577 1178 quamdam
1615 1122 1884 1177 naturam,
1920 1128 2002 1167 se-
2030 1162 2049 1165 _

435 1210 593 1255 cutus
623 1208 705 1254 est
731 1209 1012 1267 parentum
1060 1200 1407 1265 memoriam;
1443 1201 1571 1268 quin
1616 1200 1783 1255 libera
1809 1204 1997 1261 volun-

437 1301 546 1346 tate
565 1306 749 1346 eorum
783 1292 907 1347 odio
936 1294 1267 1362 impietatem
1298 1294 1523 1358 habens,
1548 1294 1615 1347 ad
1643 1308 1854 1349 sacram
1887 1295 1999 1365 pie-

439 1385 564 1439 tatis
598 1385 766 1455 legem
804 1385 1112 1454 transfugit,
1151 1386 1427 1455 dulcisque
1486 1387 1693 1443 fructus
1719 1402 1783 1443 ex
1815 1404 1997 1443 amara

436 1478 623 1533 radice
648 1479 866 1549 prodiit.
914 1477 1175 1533 Mulorum
1218 1479 1429 1549 copula,
1464 1495 1528 1535 ac
1570 1482 1753 1535 ovium
1784 1491 1990 1551 partus.

437 1573 528 1629 Sic
563 1574 814 1643 Absalom
835 1576 904 1638 “,
933 1573 1163 1636 modesti
1200 1589 1263 1629 ac
1278 1574 1442 1629 sobrii
1494 1575 1665 1645 patris
1705 1574 1888 1628 furens
1908 1574 2000 1645 jn-

434 1666 618 1729 venis,
649 1679 821 1737 eoque
849 1667 1152 1720 temeritate
1185 1681 1249 1720 ac
1275 1644 1503 1721 audacia
1546 1677 1725 1731 uetus,
1770 1680 1877 1736 quo
1905 1644 1999 1735 pa-

437 1761 518 1808 ter
545 1752 726 1824 probis
746 1768 809 1808 ac
831 1753 1075 1824 ingenuis
1104 1756 1373 1821 moribus;
1415 1769 1507 1810 seu
1534 1756 1731 1824 potius,
1755 1765 1816 1808 ut
1854 1750 1996 1825 quod

1704 356 1759 412 S.
1803 357 2076 414 ASTERII
2115 356 2415 413 AMASENI

3571 361 3691 411 268

2185 476 2372 545 Ἵσμεν
2397 474 2613 536 πάντως
2641 472 2733 525 τὸν
2755 471 2926 542 ἱερέα,
2958 470 3047 524 τὸν
3093 469 3405 543 πρεσϐύτην
3448 472 3690 538 ἐκεῖνον,

2101 566 2191 619 τὸν
2220 564 2313 619 τοῦ
2340 564 2579 636 μεγάλου
2608 562 2861 634 Σαμουὴλ
2897 561 3104 633 τροφέα
3126 579 3183 616 τε
3214 563 3308 616 καὶ
3336 562 3691 616 διδάσκαλον⁸

2099 658 2212 712 ἀλλ’
2239 658 2390 711 οὐδὲν
2437 658 2565 720 τοὺς
2607 658 2756 718 υἱοὺς
2796 653 3078 726 ὠφέλησεν
3124 655 3284 719 αὐτὸς
3325 656 3543 726 ἄριστος
3580 654 3691 708 ὤν’

2099 750 2191 803 καὶ
2214 749 2387 803 ταῦτα
2412 748 2717 821 τραφέντας
2734 748 2823 800 ὑπ’
2856 746 3005 817 αύτῷ
3036 745 3117 817 τῷ
3148 747 3554 817 γεννησαμένῳ,
3579 747 3691 819 τὴν

2099 841 2220 893 καθ’
2272 840 2484 911 ἡμέραν
2516 837 2886 909 μανθάνοντας
2927 838 3056 902 τοὺς
3106 839 3205 909 τῆς
3248 838 3543 909 ἱερωσύνης
3594 836 3665 889 θε

2100 933 2289 1001 σμούς.
2336 933 2428 984 Ἐκ
2487 930 2737 1001 πατέρων
2765 930 2925 982 πάλιν
2954 929 3164 982 ἀσεϐῶν
3191 932 3217 982 6
3246 929 3526 999 Τιμόθεος,
3589 928 3690 982 τὸν

2098 1024 2389 1077 ἀπόστολον
2428 1022 2591 1091 λέγω,
2613 1023 2704 1075 τὸν
2739 1024 2983 1089 γενναῖον
3015 1021 3108 1074 τοῦ
3142 1022 3354 1074 Παύλου
3405 1022 3688 1076 σκύλακα’

2099 1113 2193 1165 καὶ
2235 1113 2295 1164 οὐ
2332 1113 2438 1182 μὴν
2478 1111 2868 1182 ἠκολούθησεν,
2900 1111 3090 1181 ὥσπερ
3117 1113 3225 1164 τινὶ
3262 1111 3421 1181 φύσει
3451 1112 3560 1165 τῶν
3586 1130 3687 1181 γο-

2097 1206 2230 1258 νέων
2276 1208 2339 1275 τῇ
2373 1206 2579 1275 μνήμῃ·
2637 1204 2870 1273 λογικῶς
2921 1204 2979 1257 δὲ
3033 1206 3268 1276 μισήσας
3300 1205 3399 1269 τὴν
3449 1204 3688 1258 ἐκείνων

2097 1296 2439 1358 δυσσέϐειαν,
2496 1297 2630 1368 πρὸς
2678 1300 2768 1350 τὸν
2816 1297 2973 1366 ἆγιον
3022 1297 3222 1367 θεσμὸν
3254 1297 3355 1368 τῆς
3397 1297 3687 1362 εὐσεϐείας

2097 1388 2535 1460 ἀπηυτομόλησε,
2600 1391 2695 1443 καὶ
2756 1390 2969 1460 καρπὸς
3017 1390 3257 1460 ἀνεφάνη
3323 1388 3527 1457 γλυκὺς
3566 1389 3686 1443 ἀπὸ

2099 1479 2256 1551 ῥίζης
2282 1482 2505 1551 πικρᾶς.
2553 1480 2823 1550 ’Πμιόνων
2857 1483 2890 1550 ή
2927 1482 3204 1541 συνουσία,
3243 1480 3337 1533 καὶ
3388 1480 3686 1549 προϐάτων

2095 1572 2272 1636 τόκος.
2298 1570 2486 1635 Οὕτως
2509 1574 2538 1625 6
2578 1571 2905 1636 Ἀϐεσαλὼν,
2945 1572 3150 1644 πατρὸς
3184 1571 3462 1634 ὶπιεικοῦς
3492 1588 3685 1642 μεμη-

2098 1662 2203 1726 vi);
2256 1662 2554 1727 νεανίσκος,
2606 1664 2700 1716 καὶ
2727 1663 2978 1717 τοσοῦτον
3019 1663 3111 1716 ἐπὶ
3148 1662 3445 1734 θρασύτητι
3476 1662 3682 1735 γνώρι-

2104 1771 2222 1823 μος,
2266 1755 2438 1807 ὄσονό
2477 1755 2659 1825 πατὴρ
2693 1756 2751 1807 ὲν
2798 1753 3146 1826 χρηστότητι⁶
3188 1754 3220 1825 ἣ
3260 1754 3475 1823 μᾶλλον,
3517 1755 3568 1806 εί
3597 1753 3683 1807 δεῖ
3788 1786 3791 1789 ι

433 1847 508 1901 sit
538 1845 706 1916 magis
749 1861 780 1899 e
809 1847 1034 1901 veritate
1085 1847 1357 1914 dicamus,
1412 1848 1756 1917 ersuperanti
1794 1849 1996 1902 malitia

2103 1844 2489 1917 τάληθέστερον
2522 1847 2714 1908 εἰπεῖν,
2748 1844 2926 1914 πολλῷ
2948 1844 3025 1914 τῷ
3054 1845 3235 1915 μέτρῳ
3267 1845 3683 1925 ὑπερϐαλλόμεο

433 1944 716 2005 paternam
761 1935 920 2005 longe
958 1951 1221 2006 superans
1247 1938 1525 1993 virtutem.
1568 1938 1744 2007 Atque
1779 1938 1912 1994 adeo
1941 1948 2001 1993 ut

433 2028 558 2097 quis
597 2027 885 2082 contrariis
915 2027 1180 2096 ejusmodi
1228 2027 1458 2082 ﬁliorum
1498 2028 1565 2083 ad
1600 2038 1853 2098 parentes
1884 2044 2000 2084 mo-

436 2118 590 2173 ribus
659 2116 899 2171 animum
951 2117 1207 2172 adhibere
1256 2117 1403 2182 velit,
1450 2119 1722 2174 studiosos
1772 2134 1836 2173 ac
1865 2118 1999 2172 recti

434 2219 678 2265 amantes
708 2209 1021 2265 innumeros
1068 2209 1227 2263 malis
1259 2218 1549 2279 prognatos
1593 2209 1850 2278 offendet,
1888 2227 2002 2265 ma-

437 2300 622 2370 losque
642 2299 878 2355 vicissim
913 2300 1228 2371 parentibus
1260 2301 1480 2371 optimis
1501 2312 1669 2360 satos.
1705 2302 1869 2373 quue
1903 2302 1999 2357 ad—

437 2397 654 2451 modum
682 2396 895 2450 merito.
929 2396 1205 2463 Siquidem
1233 2396 1377 2450 enim
1401 2406 1615 2462 natura,
1652 2412 1758 2452 non
1796 2412 1997 2463 mores,

436 2488 623 2541 vitium
653 2496 747 2541 aut
785 2487 1037 2541 virtutem
1069 2484 1322 2553 alliceret,
1361 2501 1466 2541 non
1500 2486 1611 2555 jam
1656 2488 1762 2543 duo
1795 2497 1997 2552 essent,

436 2576 529 2632 sed
561 2575 785 2631 alterum
811 2575 1152 2632 uniformiter
1168 2575 1506 2645 pra'valeret.

509 2669 726 2724 Dicatur
773 2683 903 2739 ergo
973 2667 1166 2724 Petrus
1232 2669 1373 2724 ﬁlius
1423 2667 1571 2725 Jonas
1603 2670 1648 2702 “
1680 2688 1694 2725 :
1722 2670 1998 2741 cujusnam

436 2775 565 2816 vero
588 2760 753 2822 illius,
789 2760 921 2814 nihil
966 2775 1083 2814 mea
1152 2760 1338 2815 refert.
1377 2761 1488 2830 Ego
1544 2777 1777 2831 namque
1822 2777 1852 2816 a
1906 2762 2000 2817 lilii

437 2852 594 2914 actis,
613 2852 836 2906 honesto
856 2859 1167 2920 parentem;
1195 2861 1356 2922 atque
1384 2853 1451 2906 ab
1476 2853 1599 2908 imis
1623 2853 1906 2923 incipiens,
1934 2854 2001 2909 ad

436 2945 716 3016 superiora
762 2943 1070 2999 transmitto
1111 2942 1357 3009 laudem;
1406 2947 1750 2997 lucernarum
1807 2945 1999 3009 instar,

437 3054 557 3111 qua:
601 3048 761 3094 noctu
797 3053 825 3090 a
871 3038 988 3092 solo
1033 3051 1097 3091 ac
1133 3036 1237 3091 ima
1269 3037 1446 3102 domo,
1494 3046 1630 3091 tecta
1670 3037 1998 3091 illuminant.

439 3131 583 3186 Sane
605 3144 733 3186 vero
765 3127 931 3183 Isaias
959 3128 1217 3183 vaticiuio
1271 3128 1347 3182 ait
1382 3128 1447 3195 ⁸⁷,
1480 3128 1721 3198 posuisse
1752 3126 1996 3193 Patrem,
2024 3170 2066 3227 ε

438 3224 631 3280 Filium
665 3223 897 3293 lapidem
956 3220 1264 3291 angularem
1298 3237 1312 3275 :
1368 3220 1619 3274 nimirum
1658 3219 1995 3289 signiﬁcans.

439 3313 623 3371 mundi
655 3322 815 3367 totam
851 3310 1275 3375 concretionem,
1304 3309 1395 3365 illo
1427 3308 1778 3365 fundamento
1805 3325 1866 3364 ac
1886 3309 1998 3365 basi

438 3406 621 3460 nixam
644 3418 785 3459 esse.
831 3400 970 3470 Quin
1011 3412 1069 3456 et
1105 3414 1318 3456 rursum
1349 3400 1686 3471 Unigenitus,
1721 3402 1796 3455 uti
1831 3403 2000 3455 sacris

436 3492 711 3565 Evangelii
751 3495 905 3549 libris
926 3494 1295 3561 conscriptum
1328 3504 1431 3559 est,
1461 3492 1706 3559 Petrum,
1745 3493 2001 3548 Ecclesiae

437 3585 843 3640 fundamentum
889 3584 1054 3640 dicit.
1095 3582 1173 3636 Tu
1223 3599 1276 3637 es
1314 3581 1526 3646 Petrus,
1573 3591 1621 3636 et
1667 3598 1822 3649 super
1866 3584 2000 3638 hanc

438 3685 639 3747 petram
681 3674 953 3743 aediﬁcabo
988 3674 1291 3729 Ecclesium
1322 3690 1493 3728 meam
1523 3674 1589 3729 ".
1615 3674 1829 3730 Prinms
1852 3677 2000 3730 enim

438 3783 624 3825 revera
654 3770 759 3833 hic,
789 3785 887 3823 ceu
920 3768 1140 3838 grandis
1186 3768 1404 3837 quidam
1440 3782 1505 3822 ac
1549 3769 1716 3821 durus
1751 3767 1907 3837 lapis,
1947 3768 1999 3821 in

439 3861 622 3917 mundi
654 3862 811 3932 hujus
840 3876 974 3915 cava
997 3862 1268 3916 demissus
1300 3870 1406 3925 est,
1446 3859 1562 3914 sive
1610 3861 1661 3913 in
1703 3859 1999 3914 convallem

438 3954 775 4026 plorationis,
809 3954 1261 4024 quemadmodum
1304 3952 1471 4005 David
1510 3951 1586 4005 ait
1623 3951 1704 4016 ⁶⁹;
1737 3962 1794 4005 ιιι
1841 3951 2002 4006 Chri-

446 4047 653 4103 stianos
674 4062 862 4101 omnes
895 4042 1350 4114 supersediﬁcatos
1373 4053 1612 4113 portans,
1655 4042 1705 4097 in
1733 4043 1962 4098 sublime
1984 4084 2000 4108 ,

439 4154 649 4210 nempe,
678 4139 744 4194 ad
773 4139 886 4209 spei
923 4147 1122 4193 nostra:
1160 4135 1512 4201 domicilium,
1541 4135 1823 4189 subvehat.
1855 4135 2002 4189 Fun-

436 4231 737 4285 damentum
764 4230 911 4283 aliud
957 4245 1103 4283 nemo
1125 4237 1293 4295 potest
1326 4245 1533 4298 ponere,
1570 4239 1761 4298 prarter
1782 4228 1834 4281 id
1862 4229 2000 4297 quod

437 4327 662 4396 positum
688 4337 784 4385 est.
815 4322 953 4394 quod
978 4331 1056 4376 est
1086 4320 1323 4375 Christus
1344 4320 1577 4375 Jews".
1613 4320 1718 4375 Sed
1744 4331 1799 4375 et
1839 4320 1998 4374 simili

438 4433 651 4490 quoque
694 4417 942 4471 Salvator
976 4424 1157 4470 noster
1182 4412 1558 4483 appellatione,
1590 4415 1819 4482 primum
1846 4425 1999 4466 suum

2099 1952 2189 1998 νος
2224 1937 2290 2006 τῇ
2327 1935 2494 2005 κακίᾳ.
2514 1935 2611 2007 τὴν
2636 1936 2835 2006 ἀρετήν
2854 1935 2949 1988 τοῦ
2975 1937 3353 2004 γεννήσαντος.
3386 1937 3496 1989 Καὶ
3511 1936 3681 1999 ὅλως,

2099 2026 2245 2088 εἴτις
2269 2024 2513 2095 θελήσειε
2539 2028 2659 2089 ταῖς
2712 2025 2988 2088 τοιαύταις
3012 2025 3120 2078 τῶν
3153 2025 3355 2079 παίδων
3376 2027 3511 2096 πρὸς
3548 2029 3681 2090 τοὺς

2099 2115 2339 2186 πατέρας
2376 2116 2739 2186 ὲναντιότησιν
2786 2117 3076 2187 ἐπιστῆσαι
3120 2115 3211 2167 τὸν
3256 2115 3400 2178 νοῦν,
3444 2117 3679 2187 μυρίους

2099 2206 2318 2276 εὑρήσει
2377 2205 2691 2269 σπουδαίους
2748 2206 2854 2259 ἀπὸ
2895 2205 3102 2266 κακῶν,
3168 2205 3263 2258 καὶ
3311 2207 3586 2279 πονηροὺς
3612 2208 3679 2259 ὲκ

2101 2296 2406 2367 βελτίστων.
2448 2297 2558 2350 Καὶ
2600 2297 2802 2368 σφόδρα
2842 2314 2907 2366 γε
2954 2297 3197 2361 εἰκότως.
3239 2298 3302 2350 Εἰ
3329 2298 3438 2369 γὰρ
3489 2299 3678 2368 φύσις,

2099 2391 2194 2443 καὶ
2243 2392 2317 2461 μὴ
2358 2390 2576 2462 τρόπος.
2632 2391 2832 2445 κακίαν
2873 2392 2906 2462 ἢ
2965 2392 3163 2463 ἀρετὴν
3214 2392 3521 2463 εἰργάζετο,
3574 2395 3678 2447 οὐκ

2098 2481 2164 2535 ἂν
2211 2478 2279 2553 ἦν
2345 2481 2414 2535 τὰ
2486 2481 2598 2547 δύο,
2668 2482 2804 2537 ἀλλὰ
2873 2484 3191 2556 μονομξρῶς
3262 2485 3555 2556 ἐπεκράτει
3617 2484 3676 2537 τέ

1986 2602 1993 2623 ς
2100 2575 2305 2645 ἕτερον.

2171 2663 2427 2733 Λεγέσθω
2472 2664 2651 2718 τοίνυν
2684 2665 2890 2736 Πέτρος
2939 2665 3054 2729 υἱὸς
3092 2666 3263 2719 Ἰωνᾶ·
3303 2666 3447 2728 τίνος
3470 2665 3527 2717 δὲ
3549 2665 3676 2718 τού-

2099 2775 2212 2821 του,
2240 2756 2391 2809 οὐδέν
2424 2774 2514 2828 μοι
2540 2756 2807 2827 διαφέρει.
2874 2756 3013 2825 Ἐγὼ
3039 2756 3149 2828 γὰρ
3172 2760 3236 2810 ὲκ
3277 2756 3386 2810 τῶν
3423 2757 3678 2828 πράξεων

2098 2847 2192 2901 τοῦ
2221 2847 2357 2913 υἱοῦ,
2391 2848 2637 2918 σεμνύνω
2676 2848 2767 2900 τὸν
2815 2849 3235 2918 γεννησάμενον·
3286 2849 3379 2902 καὶ
3429 2849 3677 2901 κάτωθεν

2099 2938 2420 3011 ἀρξάμενος,
2440 2939 2533 2993 ἐπὶ
2551 2945 2621 2992 τὰ
2646 2940 2758 2994 ἄνω
2776 2940 3131 3011 παραπέμπω
3157 2941 3255 3011 τὴν
3281 2940 3455 3006 δόξαν,
3482 2940 3675 3012 ῶσπερ

2099 3031 2148 3082 οἱ
2177 3028 2355 3099 λύχνοι
2399 3031 2447 3083 οἱ
2497 3029 2711 3102 νύκτωρ
2752 3030 2818 3082 ὲκ
2857 3029 2951 3082 τοῦ
2993 3029 3222 3098 ἐδάφους
3271 3034 3397 3095 τοὺς
3441 3032 3675 3103 ὀρόφους

2101 3122 2441 3192 φωτίζοντες.
2496 3124 2720 3188 Ἡσαΐας
2758 3126 2857 3195 μὲν
2885 3122 2978 3181 οὖν
3004 3145 3135 3199 φησι
3167 3126 3544 3199 προφητεύων,
3585 3127 3674 3180 ὅτι

2098 3214 2243 3268 λίθον
2275 3215 2665 3287 ἁκρογωνιαῖον
2701 3218 2731 3270 6
2761 3219 2950 3290 Πατὴρ
2980 3219 3141 3291 ἔθηκε
3193 3220 3283 3274 τὸν
3312 3221 3458 3282 Υίὸν,
3505 3221 3672 3273 ἐνδει-

2100 3306 2382 3377 κνύμενος,
2407 3308 2484 3371 ὡς
2509 3310 2541 3379 ἡ
2568 3311 2717 3363 πᾶσα
2766 3310 2861 3364 τοῦ
2911 3311 3114 3382 κόσμου
3164 3311 3421 3375 σύστασις
3465 3314 3673 3367 ἐκεῖνον

2099 3399 2211 3470 ἔχει
2242 3400 2340 3471 τὴν
2370 3401 2531 3473 ἕδραν
2569 3402 2661 3455 καὶ
2692 3402 2791 3473 τὴν
2819 3403 3079 3475 κρηπῖδα.
3144 3404 3203 3456 '0
3254 3403 3312 3456 δὲ
3360 3405 3672 3474 Μονογενὴς

2101 3491 2285 3556 πάλιν,
2340 3492 2522 3555 καθὼς
2572 3495 2630 3547 ἐν
2688 3493 3040 3564 Εὐαγγελίοις
3080 3496 3263 3567 φησὶν,
3293 3494 3540 3565 θεμέλιον
3579 3495 3672 3548 τὸν

2101 3584 2306 3656 Πέτρον
2359 3584 2614 3656 ὀνομάζει
2648 3586 2746 3655 τῆς
2790 3586 3115 3656 Ἐκκλησίας
3188 3585 3271 3640 Σὺ
3326 3581 3385 3639 εἷ
3429 3585 3672 3653 Πέτρος,
3708 3625 3712 3629 -

2100 3676 2196 3730 καὶ
2219 3675 2318 3729 ἐπὶ
2350 3677 2533 3745 ταύτῃ
2557 3676 2633 3745 τῇ
2653 3676 2839 3745 πέτρᾳ
2861 3676 3233 3747 οἰκοδομήσω
3250 3677 3373 3747 μοῦ
3398 3678 3512 3744 τὴν
3550 3677 3669 3731 Ἐκ-

2100 3767 2380 3834 κλησίαν.
2409 3767 2629 3837 Πρωτος
2658 3767 2766 3838 γὰρ
2793 3768 3009 3838 ἀληθῶς
3034 3764 3210 3833 οὗτος,
3252 3769 3440 3840 ῶσπερ
3476 3787 3562 3832 τις
3594 3770 3668 3823 λί-

2100 3856 2191 3922 θος
2238 3858 2412 3927 μέγας
2456 3858 2550 3911 καὶ
2597 3860 2861 3931 καρτερὸς
2900 3861 3157 3933 ὲνερῤίφη
3204 3863 3268 3932 τῇ
3325 3860 3417 3915 τοῦ
3464 3861 3670 3931 κόσμου

2099 3948 2286 4002 τούτου
2318 3949 2608 4021 κοιλότητι,
2641 3951 2673 4021 ἢ
2705 3954 2768 4022 τῇ
2814 3952 3019 4005 κοιλάδι
3048 3952 3141 4006 τοῦ
3171 3953 3543 4027 κλαυθμῶνικς,
3593 3953 3669 4017 ῶς

2100 4057 2265 4111 φησιν
2292 4043 2321 4094 6
2357 4042 2538 4096 Aa6l6'
2567 4044 2652 4097 ἵνα
2683 4044 2890 4105 πάντας
2911 4045 3270 4116 Χριστιανοὺς
3291 4045 3669 4113 ὲποικοδομου-

2104 4133 2294 4202 μένους
2342 4133 2632 4204 βαστάσας,
2689 4136 2937 4206 ἀναγάγῃ
2998 4136 3134 4208 πρὸς
3192 4136 3254 4190 τὸ
3303 4136 3455 4205 ὕψος.
3496 4136 3525 4189 ὃ
3571 4137 3671 4207 τῆς

2101 4224 2312 4288 ἐλπίδος
2335 4226 2492 4297 ἡμῶν
2524 4228 2669 4280 ὲστιν
2703 4230 3035 4300 οἰκητήριον.
3067 4229 3351 4298 Θεμέλιον
3377 4230 3532 4283 ἄλλο
3571 4231 3672 4283 οὐ·

2099 4314 2219 4381 δεὶς
2250 4317 2498 4371 δύναται
2526 4318 2735 4383 θεῖναι,
2768 4321 2923 4389 παρὰ
2946 4317 3052 4374 τὸν
3082 4321 3377 4390 κείμενον,
3400 4319 3468 4387 ὅς
3497 4321 3672 4374 ἐστιν

2114 4408 2349 4476 Ἰησοῦς
2400 4411 2667 4476 Χριστός.
2729 4411 2806 4482 Τῇ
2845 4412 3005 4484 ὁμοίᾳ
3050 4411 3107 4465 δὲ
3154 4412 3342 4483 κλήσει
3393 4413 3421 4465 ὀ
3477 4412 3670 4483 Σωτὴρ

438 4508 761 4578 discipulum
806 4505 1194 4561 honestandum
1227 4504 1399 4569 duxit,
1450 4505 1733 4559 nominans
1756 4502 1878 4557 ﬁdei
1913 4517 1999 4571 pe-

2103 4503 2133 4571 ή
2143 4499 2258 4570 μῶν
2285 4504 2378 4554 καὶ
2406 4502 2497 4555 τὸν
2527 4502 2738 4573 πρῶτον
2784 4503 2946 4556 αὐτοῦ
2976 4503 3223 4574 μαθητὴν
3265 4502 3667 4573 κατεκόσμησε,

440 4611 600 4655 tram.
631 4598 734 4655 Per
763 4596 978 4654 Petrum
1016 4611 1164 4668 ergo,
1198 4612 1381 4652 verum
1436 4611 1496 4652 ac
1537 4596 1744 4651 ﬁdelem
1786 4596 2002 4666 pietatis

436 4692 706 4748 doctorem
757 4688 1028 4755 eﬁ‘ectum,
1068 4688 1427 4745 Ecclesiarum
1463 4690 1671 4746 stabilis
1699 4688 1999 4759 inﬁcxaque

437 4783 664 4838 ﬁrmitas
692 4781 956 4837 consistit.
1000 4780 1138 4837 Justi
1185 4796 1347 4850 porro
1386 4782 1740 4836 aediﬁcatione
1772 4779 1995 4834 radicati

441 4883 674 4937 stamus,
706 4872 795 4942 qui
826 4871 893 4925 ab
931 4883 1053 4926 ortu
1081 4871 1211 4927 solis
1242 4873 1308 4926 ad
1344 4888 1513 4940 usque
1529 4887 1778 4927 occasum
1810 4886 1995 4926 sumus

437 4963 750 5020 Christiani.
801 4962 984 5028 Plane,
1020 4978 1142 5018 cum
1197 4977 1228 5016 a
1281 4972 1523 5032 tempore
1570 4962 1995 5016 annuntiationis

432 5056 775 5125 evangelicae,
811 5055 990 5112 multm
1016 5056 1343 5111 increverint
1379 5054 1723 5122 tentationes,
1752 5054 1992 5124 tyranni-

432 5162 539 5218 que
585 5162 685 5203 nos
729 5147 1170 5213 innumerabiles,
1238 5162 1301 5203 ac
1352 5147 1456 5201 illis
1499 5146 1668 5216 prior,
1715 5144 1991 5211 diabolus,

433 5238 673 5295 funditus
706 5239 1014 5304 destruere,
1064 5249 1228 5309 atque
1269 5253 1299 5291 a
1353 5238 1715 5292 fundamentis
1752 5248 1998 5292 evertere

432 5333 613 5386 conati
682 5332 790 5386 sint
816 5350 831 5386 :
862 5330 1219 5401 decurrerunt
1261 5328 1481 5383 ﬁumina
1516 5327 1661 5382 velut
1695 5338 1997 5396 torrentes,

434 5424 608 5494 inquit
642 5424 875 5479 salubris
912 5439 976 5479 ac
1023 5437 1175 5478 sacra
1227 5421 1501 5493 Scriptura
1528 5422 1606 5487 τίς
1649 5422 1999 5479 vehementes

433 5517 821 5573 diabolicorum
848 5517 1135 5588 spirituum
1167 5515 1311 5570 venti
1361 5515 1667 5582 irruerunt;
1703 5515 1906 5585 copiosi
1932 5529 1997 5569 ac

498 5728 544 5761 ⁸³
568 5726 593 5800 li
616 5727 843 5800 Begrtr,
876 5726 943 5800 12
965 5740 1086 5796 sqq.

1162 5726 1207 5757 “
1232 5728 1351 5782 Act.
1378 5742 1486 5797 xvi,
1519 5728 1568 5797 l.
1647 5728 1691 5759 °'
1719 5726 1755 5779 II
1776 5725 1909 5793 Reg.
1955 5744 2041 5787 κν,
2070 5730 2090 5781 l
2130 5744 2249 5797 sqq.

2107 4590 2311 4663 πέτραν
2360 4592 2628 4662 ὀνομάσας
2685 4594 2784 4662 τῆς
2834 4593 3087 4656 πίστεως.
3111 4592 3209 4646 Διὰ
3232 4593 3437 4663 Πέτρον
3465 4592 3667 4655 τοίνυν,

2104 4682 2350 4737 ἄπτωτον
2385 4685 2478 4736 καὶ
2507 4684 2722 4746 ἀκλινὲς
2775 4684 2834 4737 τὸ
2867 4684 2975 4738 τῶν
3038 4684 3373 4757 Ἐκκλησιῶν
3420 4684 3668 4756 ἒδρασμα

2103 4775 2353 4840 σώζεται,
2384 4777 2603 4848 γνήσιον
2621 4777 2712 4829 καὶ
2742 4777 2930 4829 πιστὸν
2955 4777 3243 4849 γενόμενον
3270 4778 3369 4847 τῆς
3389 4776 3666 4842 εύσεόείας

2103 4872 2478 4941 μυσταγωγόν.
2505 4873 2603 4925 Διὰ
2624 4870 2722 4942 τὴν
2760 4871 3044 4943 οἰκοδομὴν
3061 4872 3116 4926 δὲ
3148 4871 3242 4926 τοῦ
3269 4872 3473 4926 δικαίου
3504 4874 3666 4945 ἑστή-

2104 4979 2279 5034 καμεν
2308 4962 2682 5035 ἐρριζωμένοι,
2719 4966 2767 5017 οἱ
2807 4964 2914 5017 ἀπὸ
2938 4965 3247 5036 ἀνίσχοντος
3269 4964 3447 5037 ἡλίου,
3503 4965 3665 5035 μέχρι

2102 5058 2196 5110 καὶ
2224 5056 2505 5126 δυομένου,
2536 5058 2871 5128 Χριστιανοί.
2901 5057 3120 5113 Πολλῶν
3147 5057 3203 5111 δὲ
3226 5057 3548 5129 πειρασμῶν
3582 5076 3665 5110 κι-

2100 5146 2385 5217 νηθέντων,
2418 5149 2510 5217 ἀφ’
2542 5143 2602 5201 οὗ
2642 5150 2949 5221 κατηγγέλη
2972 5150 3035 5203 τὸ
3060 5148 3405 5219 Εὐαγγέλιον,
3435 5151 3530 5203 καὶ
3564 5167 3664 5220 μυ-

2100 5239 2233 5310 ρίων
2258 5239 2550 5311 τυράννων·
2584 5242 2676 5294 καὶ
2727 5243 2834 5313 πρὸ
2870 5242 3113 5308 ἐκείνων,
3144 5242 3237 5296 τοῦ
3283 5242 3528 5309 διαϐόλου
3561 5260 3663 5296 κα-

2097 5331 2363 5401 ταστῆσαι
2389 5332 2714 5404 θελήσαντος
2746 5336 2826 5399 είς
2858 5335 3072 5404 ἔδαφος,
3114 5335 3208 5389 καὶ
3246 5335 3491 5388 καθελεῖν
3520 5337 3663 5407 ἡμᾶς

2099 5424 2281 5488 αὐτοῖς
2304 5426 2732 5498 κρηπιδήμασινο
2767 5426 3032 5499 ἔρῤευσαν
3066 5427 3163 5498 μὲν
3194 5428 3243 5480 οἱ
3290 5426 3544 5497 ποταμοὶ,
3592 5425 3661 5488 ῶς

2099 5532 2260 5588 φησιν
2292 5522 2321 5571 6
2354 5522 2619 5591 σωτήριος
2649 5520 2824 5590 λόγος,
2867 5520 2945 5583 ὡς
2991 5519 3300 5591 χείμαρροι,
3349 5510 3575 5590 σφοδροὶ
3612 5518 3661 5572 δὲ

2329 5729 2373 5760 ⁸⁸
2399 5729 2555 5784 Joan.
2583 5746 2624 5794 ι,
2656 5729 2745 5783 42.
2819 5729 2862 5760 ⁸⁷
2888 5728 2992 5783 lsa.
3026 5743 3217 5792 xxmr,
3245 5727 3329 5781 l6.
3407 5726 3451 5758 ⁸⁸
3471 5723 3645 5782 Matth

432 5813 543 5868 xvt,
577 5798 664 5854 18.
699 5796 783 5830 ’⁸⁸
812 5796 956 5853 Psal.
989 5811 1217 5864 Lxxxtu,
1240 5798 1293 5853 7.
1365 5799 1410 5829 '°
1442 5796 1462 5851 l
1504 5796 1626 5853 Cor.
1701 5814 1782 5864 tu,
1818 5800 1902 5855 ll.
1980 5801 2024 5831 τι
2052 5796 2236 5855 Matth.
2281 5816 2376 5865 vu,
2400 5799 2491 5854 ‘27.

1470 6168 1837 6260 Δ
