3856 6274
202 346 304 404 εδθ

1076 346 1354 409 HOMlLlA
1397 345 1527 403 Vill.
1562 345 1629 402 IN
1663 344 1759 402 SS.
1805 345 2088 404 PETBUM
2247 347 2557 405 PAULUM.

3336 353 3445 419 270

204 466 392 535 ἄνεμοι
417 464 525 519 τῶν
556 464 874 521 διαϐολικῶν
908 466 1235 538 πνευμάτων
1260 468 1618 541 προσέϐαλον,
1647 466 1779 521 11'3-

1881 468 2128 525 immensi
2157 470 2597 541 persequentium
2645 468 2988 526 Christianos
3026 469 3227 527 imbres
3249 470 3452 540 impetu

208 577 285 631 ροι
313 558 371 619 δὲ
390 559 535 611 ὑετοὶ
559 558 669 611 τῶν
701 558 1006 613 διωκόντων
1027 562 1388 633 Χριστιανοὺς
1421 563 1775 635 κατερράγη-

209 667 320 713 σαν,
349 650 442 704 καὶ
464 650 619 704 οὐδὲν
650 651 996 721 ἰσχυρότερον
1020 650 1181 723 ῶφθη
1209 652 1302 706 τοῦ
1323 653 1465 706 κατά
1489 655 1622 707 Θεὸν
1652 654 1777 725 610-

209 739 465 811 ρώματος·
508 740 695 812 ἐπειδὴ
752 743 872 804 ταῖς
914 741 1098 809 ἁγίαις
1126 742 1406 814 παλάμαις
1432 744 1526 797 τοῦ
1558 744 1774 814 πρώτου

205 832 304 886 τῶν
335 833 647 886 ἀποστόλων
677 834 1089 904 κατεσκευάσθη
1134 834 1194 888 τὸ
1236 836 1336 907 τῆς
1369 837 1605 900 πίστεως
1628 837 1776 889 οἰκο-

206 924 438 997 δόμημα.
478 926 664 979 Ταῦτα
699 926 756 980 δὲ
789 926 984 996 λέγων,
1031 926 1139 980 ἔδει
1171 929 1217 961 ⁷⁸
1245 928 1341 982 ἕνα
1368 927 1525 998 λόγον
1550 930 1651 1000 τῆς
1695 930 1776 983 εύ-

204 1017 382 1085 λογίας
425 1016 523 1070 τοῦ
567 1019 774 1089 πέτραν
814 1017 907 1072 τὸν
955 1018 1347 1093 εύαγγελιστὴν
1385 1021 1772 1091 ὀνομάσαντος.

211 1108 428 1179 Ἴδωμεν
463 1109 545 1172 δὲ,
574 1109 805 1177 είδοκεῖ,
831 1111 950 1175 πῶς
980 1111 1247 1185 ᾠκοδόμει
1268 1113 1493 1185 Πέτρος·
1522 1115 1582 1168 ού
1609 1114 1777 1180 λίθοις

204 1204 291 1256 καὶ
321 1203 586 1269 πλίνθοις,
635 1198 757 1257 οὐδὲ
800 1207 920 1269 ταῖς
970 1206 1157 1270 άλλαις
1191 1206 1346 1271 ὕλαις
1373 1210 1493 1271 ταῖς
1521 1211 1772 1279 γεηραίς·

207 1293 329 1348 ἀλλὰ
359 1295 675 1364 λόγοιςκα)⁸
728 1297 1013 1369 πράξεσιν,
1049 1292 1139 1361 αἷς
1163 1300 1447 1370 ἐνηργεῖτο
1474 1298 1623 1372 παρὰ
1681 1299 1773 1353 τοῦ

208 1388 533 1458 Πνεύματος.
988 1442 992 1445 .

266 1479 368 1534 τοῦ
389 1480 573 1535 τοίνυν
602 1480 737 1535 Θεοῦ
767 1483 862 1536 καὶ
888 1483 1141 1556 Σωτῆρος
1164 1483 1319 1556 ἡμῶν
1351 1484 1664 1549 ἀνελθόντος
1694 1486 1771 1551 είς

202 1569 474 1639 οὐρανοὺς,
514 1571 679 1642 ἡνίκα
710 1571 809 1644 τὴν
844 1570 1074 1645 νεφέλην
1121 1569 1465 1646 εἶχεεὸχημα,
1499 1575 1610 1628 τῶν
1631 1576 1772 1629 ἀπο-

204 1660 394 1715 στόλων
421 1661 753 1733 βλεπόντων,
780 1655 937 1728 οὗτος
968 1667 998 1718 6
1024 1665 1168 1737 ἀνὴρ
1200 1666 1522 1722 ἀντελάϐετο
1550 1668 1650 1740 τῆς
1677 1667 1772 1722 τοῦ

205 1751 528 1824 Εὐαγγελίου
559 1755 926 1823 διδασκαλίας
961 1759 1055 1813 καὶ
1089 1760 1198 1831 πρὸ
1246 1759 1465 1815 πάντων
1517 1761 1628 1815 τῶν
1666 1780 1774 1817 κοι-

1879 561 2238 630 deﬂuxerunt,
2289 578 2389 619 nec
2414 565 2709 635 quidquam
2759 574 2937 620 tamen
2968 565 3151 621 divino
3181 567 3451 636 potentius

1876 654 2050 708 visum
2077 665 2160 710 est
2190 655 2521 723 munimine;
2549 657 2690 726 quod
2731 656 2985 712 nimirum
3017 657 3137 712 fidei
3167 657 3452 713 aedificatio

1877 745 2048 799 sacris
2074 745 2233 814 primi
2266 745 2631 814 apostolorum
2666 749 2915 803 manibus
2959 756 3237 803 exstructa
3283 757 3450 804 esset.

1878 831 2004 889 Hatc
2042 850 2204 905 porro
2238 834 2460 891 dicenda
2501 836 2687 901 habui,
2715 838 2785 893 ob
2817 836 2967 893 illum
3007 853 3176 893 unum
3225 839 3450 893 verbum

1875 924 2270 984 benedictionis
2291 930 2427 999 ejus,
2452 928 2544 1000 qui
2567 932 2949 1001 evangelistam
2979 946 3043 987 ac
3065 946 3279 987 sacrum
3314 945 3454 1000 pne-

1875 1031 2087 1085 conem,
2124 1030 2330 1087 petram
2387 1024 2734 1090 nuncupavit.
2790 1023 3079 1079 Videamus
3131 1032 3351 1088 autem,
3404 1022 3451 1077 si

1877 1108 2044 1176 lubet,
2079 1126 2185 1181 qua
2224 1110 2414 1168 Petrus
2458 1115 2669 1169 ratione
2696 1115 3078 1180 :edilicaverit;
3107 1131 3212 1171 non
3259 1114 3453 1185 lapidi-

1875 1202 1978 1257 bus
2007 1201 2399 1274 lateribusqne,
2435 1204 2518 1258 vel
2539 1205 2643 1260 alia
2680 1216 2891 1262 terrena
2922 1209 3143 1263 materia
3162 1247 3178 1271 ,
3207 1208 3300 1262 sed
3328 1221 3449 1267 εει-ε

1876 1295 2125 1351 monibus
2158 1308 2233 1350 ae
2256 1296 2584 1363 actionibus,
2628 1311 2762 1367 quas
2782 1298 3013 1369 Spiritus
3040 1296 3331 1354 exercebat
3365 1297 3449 1352 in-

1839 1395 1842 1399 ’
1874 1386 2094 1441 stinctu.

1948 1477 2082 1534 Cum
2117 1477 2260 1536 Deus
2301 1478 2486 1551 itaque
2539 1495 2604 1536 ac
2658 1480 2906 1537 Salvator
2954 1490 3139 1537 noster
3182 1482 3237 1537 in
3280 1481 3452 1538 cmlos

1885 1572 2239 1637 ascendisset,
2270 1573 2485 1643 quando
2524 1574 2786 1643 apostolis
2816 1574 3180 1643 spectantibus
3206 1574 3376 1631 nubes
3399 1575 3451 1630 ei

1875 1662 2181 1718 vehiculum
2214 1663 2357 1720 facta
2392 1674 2495 1731 est,
2526 1666 2609 1719 vir
2660 1666 2760 1720 iste
2792 1667 3014 1721 docendi
3056 1676 3239 1736 partes
3277 1666 3452 1720 Evan-

1875 1754 1998 1824 gelii
2028 1757 2305 1826 suscepit;
2347 1768 2511 1828 atque
2541 1758 2705 1814 sociis
2730 1760 2981 1815 omnibus
3010 1759 3176 1830 prior,
3210 1773 3309 1829 pro
3335 1759 3451 1828 epi-

202 1846 371 1901 νωνῶν
400 1848 503 1920 τῆς
526 1850 833 1919 ἐπισκοπῆς
853 1850 1071 1916 ἀνοίξας
1093 1852 1157 1905 τὸ
1186 1853 1382 1924 στόμα,
1408 1853 1518 1907 τῶν
1545 1853 1778 1910 λυσσώνσ-

1880 1848 2026 1916 scopi
2088 1862 2150 1904 ac
2196 1850 2469 1918 praepositi
2515 1865 2736 1907 munere
2776 1866 2837 1907 os
2893 1852 3163 1922 aperiens,
3203 1852 3453 1906 audentis

202 1958 299 1995 των
327 1942 467 1996 κατὰ
524 1943 627 2014 τῆς
681 1944 964 2008 εὐσεϐείας
1001 1946 1380 2019 κατεθάρσησε
1430 1949 1639 2021 δήμων,
1681 1952 1776 2005 καὶ

203 2035 501 2109 δημηγόρος
526 2039 770 2109 ἀνεφάνη
799 2039 984 2109 σοφὸς,
1020 2043 1078 2094 ἐν
1131 2041 1282 2114 μέσῳ
1319 2042 1427 2096 τῶν
1454 2042 1626 2099 ἐθνῶν
1678 2044 1775 2099 καὶ

203 2129 287 2181 τοῦ
320 2130 558 2204 Ἰσραήλ·
588 2131 761 2185 ἐθνῶν
792 2132 1111 2187 ἁκονώντων
1137 2134 1263 2198 τοὺς
1284 2135 1523 2201 ὀδόντας,
1555 2138 1651 2191 κα)⁹
1684 2137 1777 2192 θυ-

206 2221 299 2292 poi}
335 2222 754 2295 πληρουμένων,
780 2226 833 2278 εί
847 2244 931 2290 τις
958 2226 1049 2280 τὸν
1087 2227 1289 2301 Ἰησοῦν
1303 2230 1774 2301 ὀνομάσειε.’Ὢστε

204 2312 349 2377 τδείς
375 2314 467 2369 τὸν
520 2314 729 2387 Κύριον
762 2316 915 2389 παρὰ
941 2318 1041 2388 τῆς
1070 2320 1407 2391 προφητείας
1438 2320 1647 2393 λεχθὲν,
1673 2323 1774 2394 ἁρ-

208 2404 375 2476 μόζειν
403 2406 550 2460 πάνυ
581 2409 675 2461 καὶ
703 2408 917 2480 Πέτρῳ,
948 2409 1028 2477 τὸ,
1048 2412 1546 2480 Περιεκύκλωσάν
1567 2431 1644 2484 με
1672 2415 1774 2469 κύ-

204 2513 294 2562 νες
320 2498 563 2553 πολλοί·
616 2499 822 2568 ταῦροι
869 2501 1077 2569 πίονες
1130 2502 1455 2573 περιέσχον
1492 2522 1589 2575 με.
1632 2505 1774 2559 Ἀλλ’

205 2588 338 2659 ὅμως
362 2589 503 2651 ζέων
524 2589 607 2662 τῷ
659 2590 960 2662 Πνεύματι,
991 2594 1087 2647 καὶ
1112 2593 1212 2666 τὴν
1258 2595 1480 2665 ἐντολὴν
1513 2596 1774 2669 ἀνεπίλη-

211 2698 319 2737 στον
344 2682 559 2751 σώζων,
588 2685 688 2756 τὴν
714 2684 980 2740 εἰποῦσαν
1025 2685 1195 2757 αὐτῷ·
1230 2688 1429 2741 Βόσκε
1479 2687 1551 2742 τὰ
1596 2688 1775 2757 ἀρνία

205 2793 326 2844 μου·
365 2777 499 2843 στάς
556 2778 636 2841 είς
662 2778 832 2850 δῆμον
878 2777 1184 2850 σύμμικτον
1229 2780 1294 2833 ἐκ
1345 2779 1551 2853 μυρίων
1583 2780 1772 2845 ἐθνῶν,

209 2866 338 2922 ἐϐόα·
375 2870 632 2940 Ἄνδρες
673 2870 964 2937 Ἰουδαῖοι,
998 2870 1098 2925 καί
1136 2874 1190 2927 οί
1221 2872 1642 2940 κατοικοῦντες
1677 2873 1773 2927 Ἰε-

205 2959 501 3030 ρουσαλὴμ
561 2959 843 3027 ἅπαντες.
880 2962 991 3015 Καὶ
1044 2962 1133 3016 ἵνα
1192 2963 1267 3034 μὴ
1317 2963 1767 3036 μακρολογῶμεν,

209 3051 368 3107 πᾶσαν
399 3054 499 3127 τὴν
545 3053 706 3126 ῥῆσιν
730 3055 1087 3128 συνείροντες,
1114 3057 1499 3128 ἁπομέμνηται
1529 3057 1638 3112 τῶν
1678 3059 1768 3111 λοο

208 3140 321 3208 γίων
348 3144 438 3198 τοῦ
486 3144 664 3217 Ἰωὴλ,
710 3145 1067 3217 προφητεύων
1092 3148 1162 3179 ⁷¹⁸
1197 3148 1297 3219 τὴν
1330 3147 1423 3201 τοῦ
1452 3148 1770 3220 Πνεύματος

209 3232 553 3308 ἐπιφοίτησιψ
591 3235 801 3291 ἐκεῖθεν
834 3237 928 3290 ἐπὶ
955 3238 1049 3291 τὸν
1096 3236 1261 3291 Δαϐὶδ
1292 3237 1628 3309 μεταϐαίνει.
1672 3241 1767 3293 καὶ

208 3325 286 3378 τὸν
322 3328 806 3384 πεντεκαιδέκατον
855 3329 1070 3402 ψαλμὸν
1106 3330 1502 3403 παραθέμενος,
1562 3331 1768 3403 βεϐαιοῖ

209 3414 291 3485 τὴν
307 3418 622 3474 ἀνάστασιν
652 3421 856 3474 καὶτὸν
875 3422 1051 3475 πάντα
1074 3421 1231 3491 λόγον
1279 3439 1343 3476 συ
1351 3424 1767 3496 μπερανάμενος

210 3508 259 3561 ἐν
287 3512 439 3583 σοφία
495 3512 678 3581 λόγων
728 3515 822 3567 καὶ
863 3513 1140 3586 μαρτυρίᾳ
1182 3513 1370 3585 νόμου,
1427 3515 1588 3581 εὐθὺς
1639 3518 1766 3582 τοὺς

209 3599 460 3673 ἀκροατὰς
498 3606 833 3676 ἐπηγάγετο.
894 3606 954 3660 οὐ
1001 3605 1154 3669 δέκα,
1206 3607 1327 3660 ούδέ
1380 3608 1593 3662 ἐκατόν⁶
1644 3609 1766 3663 οὐδὲ

210 3694 333 3764 τρὶς,
357 3697 390 3769 ἢ
425 3699 692 3762 πεντάκις
724 3698 1033 3762 τοσούτους·
1066 3698 1202 3753 ἀλλὰ
1229 3702 1378 3772 τρεῖς
1403 3701 1644 3772 χιλιάδας
1672 3704 1766 3758 άν-

208 3783 349 3858 δρῶν,
382 3790 716 3862 Ἐκκλησίας
742 3791 1037 3863 πλήρωμα,
1064 3790 1237 3863 δῆμον
1293 3792 1416 3846 ὅλον
1453 3794 1634 3849 ἱκανὸν
1665 3802 1767 3851 κα-

210 3880 451 3953 ταπλῆξαι
493 3884 628 3946 τοὺς
667 3881 972 3954 δυσμενεῖς,
1016 3876 1092 3937 ὧν
1124 3884 1516 3955 ἀπερράγησαν
1549 3885 1762 3959 ἀθρόον.

213 3970 266 4023 Ὦ
300 3975 513 4040 πειθοῦς
547 3974 841 4047 φάρμακον
891 3974 1093 4046 θερμὸν
1144 3976 1239 4029 καὶ
1289 3975 1569 4050 διάπυρον,
1601 3978 1767 4046 ὀξέως

209 4061 301 4117 τῶν
324 4064 503 4137 ψυχῶν
540 4066 966 4138 καθαψάμενονι
1012 4066 1058 4119 ὣ
1088 4068 1251 4137 σοφία
1285 4067 1555 4136 θεολόγος,
1584 4071 1765 4126 πᾶσαν

212 4156 379 4224 σοφίαν
434 4159 787 4232 ἀνθρωπίνην
841 4158 1161 4232 καλύψασαί
1214 4161 1280 4214 Τί
1341 4162 1553 4232 λέγετε,
1585 4165 1634 4218 οί
1674 4165 1766 4218 τὸν

212 4247 534 4325 Δημοσθένην
584 4252 978 4323 στεφανοῦντες
1016 4252 1160 4306 κατὰ
1216 4254 1481 4326 ρητόρων,
1526 4256 1621 4310 καὶ
1674 4257 1764 4311 τὸν

212 4335 479 4412 Σωκράτην
525 4342 895 4413 ἁνυμνοΰντες
947 4344 1005 4398 ἐν
1043 4344 1383 4414 φιλοσόφοις;
1414 4346 1765 4418 Δημοσθένης

215 4430 297 4498 μέν
320 4434 441 4507 γάρν
463 4438 493 4490 ὁ
524 4436 626 4508 τὴν
659 4435 956 4509 ῥητορικὴν
979 4437 1155 4508 μέγας
1182 4439 1275 4491 καὶ
1307 4438 1762 4512 πολυθρύλλητος,

1878 1939 2043 1994 animi
2074 1940 2441 1996 fortitudinem
2492 1955 2676 1999 contra
2724 1947 2949 2014 populos
2979 1946 3240 2000 adversus
3281 1943 3452 2014 pieta-

1877 2037 1983 2082 tem
2021 2028 2282 2098 furentes,
2326 2033 2590 2100 ostendit;
2625 2050 2688 2090 ac
2740 2036 2957 2105 sapiens
3002 2044 3189 2091 orator
3222 2034 3276 2090 in
3332 2050 3450 2090 meo

1875 2116 1967 2173 dio
2013 2120 2256 2188 gentium
2323 2134 2387 2175 ac
2439 2120 2656 2180 Israelis
2719 2125 2952 2191 enituit;
3008 2126 3290 2195 gentium,
3349 2125 3451 2179 in-

1875 2224 2069 2277 quam,
2119 2214 2428 2269 acuentium
2487 2215 2716 2284 linguas,
2763 2233 2992 2288 qumque
3046 2219 3175 2285 ira,
3217 2227 3278 2274 ut
3329 2219 3453 2289 quis

1880 2296 2068 2356 Jesum
2128 2303 2482 2368 nominasset,
2526 2305 2898 2374 implerentur.
2938 2308 3015 2364 lta
3044 2324 3177 2365 sane
3215 2318 3266 2366 ut
3304 2313 3449 2381 quod

1877 2405 1908 2444 a
1968 2389 2241 2462 Propheta
2293 2396 2346 2450 in
2403 2395 2609 2452 Domini
2654 2413 2881 2466 persona
2946 2400 3147 2455 dictum
3196 2411 3318 2467 est,
3353 2402 3452 2458 Pe-

1878 2492 1960 2537 tro
1986 2498 2200 2554 quoque
2244 2487 2531 2542 admodum
2579 2500 2903 2561 congrueret
2932 2509 2947 2546 :
2979 2491 3449 2550 Circumdederunt

1874 2592 1957 2630 me
1986 2593 2144 2632 canes
2190 2579 2383 2643 mulli;
2427 2583 2567 2635 tauri
2612 2583 2830 2654 pingues
2857 2584 3161 2641 obsederunt
3192 2605 3274 2643 me
3298 2589 3376 2657 ";
3406 2592 3452 2646 is

1877 2678 2058 2725 tamen
2120 2668 2325 2740 Spiritu
2368 2671 2601 2741 fervens,
2641 2675 2859 2746 altaque
2911 2680 3166 2734 memoria
3206 2680 3332 2737 illttd
3381 2686 3449 2738 ad

1874 2762 2048 2831 ipsum
2081 2762 2294 2819 Domini
2318 2767 2630 2821 mandatum
2652 2769 2915 2834 retinens,
2937 2785 3044 2841 quo
3067 2769 3166 2825 fuit
3195 2773 3396 2829 dictum
3428 2795 3444 2832 :

1874 2853 2042 2909 Pasce
2070 2872 2233 2927 agnos
2257 2873 2397 2912 meos
2428 2859 2505 2924 7‘;
2540 2867 2692 2915 stans
2738 2860 2791 2915 in
2831 2864 3143 2931 promiscua
3169 2880 3237 2921 ex
3280 2866 3446 2923 innu-

1871 2948 2221 3005 merabilibus
2268 2950 2522 3019 gentibus
2573 2952 2937 3019 multitudine,
2969 2955 3280 3014 clamabat:
3334 2960 3451 3017 Viri

1867 3036 2070 3107 Juda't',
2100 3051 2147 3096 et
2167 3042 2258 3112 qui
2284 3042 2531 3098 habitatis
2562 3043 2891 3100 Hierusalem
2909 3049 3219 3106 universi".
3257 3053 3339 3109 Ac
3379 3071 3446 3111 ne

1872 3132 2045 3188 locum
2075 3142 2244 3190 totum
2275 3136 2655 3193 subnectentes
2706 3137 2978 3210 longiores
3012 3142 3205 3213 simus,
3246 3146 3302 3202 in
3328 3161 3446 3202 me-

1872 3227 2099 3281 moriam
2131 3238 2345 3283 revocat
2386 3228 2553 3286 Joelis
2599 3234 2834 3300 oracula,
2863 3235 3204 3305 praediceniis
3250 3239 3442 3309 spiritu

1869 3317 2183 3385 prophetico
2206 3316 2441 3389 Spiritus
2461 3320 2744 3378 adventum
2769 3341 2783 3378 :
2814 3336 2925 3381 tum
2956 3329 3151 3384 transit
3178 3329 3243 3385 ad
3276 3331 3441 3386 Davi-

1869 3407 2011 3473 dem,
2032 3422 2093 3462 ac
2110 3423 2386 3480 exponens
2404 3411 2667 3483 psalmum
2685 3415 2929 3487 quintum
2953 3418 3445 3488 decimum,conllr-

1869 3502 2440 3558 matresurrectionem
2465 3523 2480 3559 :
2504 3505 2690 3576 sicque
2709 3522 3010 3566 sermonem
3039 3514 3347 3577 universum
3385 3519 3442 3572 in

1865 3591 2152 3647 verborum
2164 3593 2428 3665 sapientia
2441 3610 2505 3651 ac
2517 3595 2650 3667 legis
2666 3597 2971 3655 testimonia
2985 3602 3331 3673 concludens,
3345 3613 3442 3661 ste-

1869 3687 1962 3742 tim
1992 3698 2183 3757 postse
2206 3687 2696 3754 traxitauditores;
2729 3705 2832 3746 non
2853 3691 3059 3762 decem,
3079 3704 3439 3762 autcentum;

1868 3779 1949 3835 vel
1981 3780 2145 3834 etiam
2179 3788 2262 3835 ter
2289 3789 2451 3836 autve
2478 3782 2764 3852 quinquies
2793 3787 3165 3855 tantos;ﬂquin
3190 3787 3316 3850 imo,
3341 3791 3441 3843 tria

1867 3872 2032 3927 millia
2088 3873 2363 3942 virorum;
2396 3873 2652 3929 Ecclesiae
2682 3886 2883 3930 cretum
2911 3891 2927 3941 ;
2974 3875 3242 3948 integrum
3270 3894 3442 3950 popu-

1866 3966 1975 4021 lum
2020 3968 2231 4024 abunde
2262 3967 2549 4023 habentem
2598 3967 2781 4023 hostes
2821 3967 3139 4038 percellere,
3187 3983 3217 4023 a
3244 3971 3443 4040 quibus

1867 4062 2149 4132 repentina
2187 4062 2322 4119 adeo
2353 4061 2654 4117 mutatione
2691 4061 2916 4117 abscissi
2944 4072 3145 4117 essent.
3182 4062 3227 4117 Ο
3263 4066 3442 4118 suadae

1868 4154 2072 4209 fervida
2117 4168 2456 4223 accensaque
2492 4155 2869 4219 medicamina,
2912 4153 3122 4209 animos
3158 4154 3347 4210 intime
3378 4173 3441 4211 ac

1866 4247 2276 4318 penetrabiliter
2296 4246 2743 4317 perstringentia!
2767 4248 2811 4301 0
2831 4246 3011 4300 divina
3035 4247 3319 4315 sapientia,
3348 4247 3443 4302 hn-

1865 4353 2081 4393 manam
2108 4353 2324 4393 omnem
2353 4338 2675 4408 sapientiam
2697 4337 3019 4393 obscuratis!
3046 4336 3187 4404 Quid
3215 4336 3281 4391 ad
3300 4339 3436 4400 haec.

1864 4430 1956 4501 qui
1988 4430 2334 4487 Demostheni
2384 4445 2545 4500 supra
2583 4429 2829 4485 rhetores
2878 4429 3101 4484 defertis
3150 4428 3386 4484 lauream
3421 4444 3437 4484 :

213 4524 436 4579 τοσοῦτον
454 4528 652 4598 ἀπεῖχε
684 4527 777 4581 τοῦ
810 4528 936 4599 περὶ
967 4522 1041 4583 ὧν
1072 4528 1320 4583 ἐϐούλετο
1346 4531 1572 4596 πείθειν,
1623 4532 1763 4589 ὥστε

1873 4524 2071 4593 quique
2097 4523 2377 4579 Socratem
2405 4525 2642 4579 laudatis
2692 4524 2834 4578 inter
2864 4522 3251 4591 philosophos?
3290 4521 3437 4576 Tan-

215 4612 293 4665 καὶ
316 4615 577 4689 ἐξωρίσθη
598 4616 699 4687 τῆς
724 4616 933 4680 πόλεως
972 4616 1123 4689 παρὰ
1169 4617 1278 4672 τῶν
1304 4618 1609 4690 ἀκροατῶν
1645 4621 1761 4675 Σω-

216 4703 398 4775 κράτης
423 4706 502 4770 δέ,
551 4706 666 4761 τῶν
691 4706 903 4761 πολλῶν
931 4708 1068 4778 πρὸς
1107 4708 1421 4780 Ἀθηναίους
1449 4709 1640 4780 λόγων,
1668 4713 1763 4766 καὶ

213 4791 305 4846 τῶν
348 4798 522 4868 σοφῶν
574 4799 885 4867 διαλέξεων,
937 4801 1111 4867 τέλος,
1172 4800 1235 4855 τὸ
1271 4800 1493 4857 κώνειον
1539 4803 1758 4874 εὕρατο,

215 4885 345 4954 παρὰ
377 4888 470 4942 τοῦ
516 4889 682 4963 χοροῦ
720 4891 830 4944 τῶν
862 4890 1121 4962 μαθητῶν
1154 4892 1451 4962 φονευθείς
1507 4895 1760 4951 τοσοῦτον

215 4973 353 5029 αὑτὸν
385 4982 581 5054 περιῆν
621 4982 722 5054 τῆς
746 4980 841 5035 τοῦ
890 4982 1101 5037 πείθειν
1133 4983 1435 5055 δυνάμεως.
1472 4986 1677 5056 Πέτρος
1702 4987 1758 5040 δὲ

213 5064 238 5114 6
276 5066 463 5136 ἁλιεὺς,
515 5073 546 5125 6
595 5074 964 5145 χειροτέχνης,
987 5075 1016 5127 6
1043 5074 1280 5147 ἀμαθὴς,
1311 5079 1340 5130 6
1365 5078 1473 5131 πᾶν
1506 5077 1642 5150 ὅπερ
1691 5076 1757 5131 ἂν

215 5152 352 5229 ἐθέλῃ
377 5180 460 5227 τις
486 5164 763 5233 φαυλίζων
788 5164 993 5231 καλεῖν,
1028 5169 1088 5220 ἐν
1131 5168 1232 5238 μιᾷ
1287 5167 1447 5236 λόγου
1481 5168 1754 5240 προσϐολῇ

214 5251 512 5321 τρισχιλίους
548 5255 751 5328 ἄνδρας
793 5256 1086 5330 θηρεύσας,
1139 5257 1371 5329 βεϐαίως
1435 5260 1752 5332 μετέστησε·

217 5345 295 5399 καὶ
313 5348 491 5417 ταῦτα,
509 5352 1039 5425 δυσανασχετοῦντας
1064 5355 1159 5410 καὶ
1208 5355 1617 5421 στασιάζοντας,
1666 5357 1761 5409 καὶ

180 5436 270 5606 )ot't
316 5446 721 5517 συγχωροῦντας
784 5448 936 5521 αὐτῷ
1002 5450 1101 5522 τὴν
1174 5449 1353 5522 ἀρχὴν
1411 5450 1638 5522 διαιρεῖν
1700 5451 1762 5504 τὸ

220 5532 388 5604 πόμα.

220 5532 388 5604 πόμα.

1874 4630 1985 4675 tum
2007 4618 2149 4673 enim
2184 4619 2357 4683 abest,
2399 4628 2460 4674 ut
2484 4633 2710 4690 magnus
2740 4617 2831 4685 ille
2861 4632 2926 4673 ac
2978 4615 3439 4672 celebratissimus

1866 4727 1966 4780 pro
1999 4711 2236 4766 oratoria
2287 4710 2574 4778 facultate,
2621 4727 2683 4766 ea
2720 4710 3056 4765 auditoribus
3085 4709 3438 4779 persuaserit,

1866 4819 1985 4875 quae
2017 4803 2198 4858 animo
2232 4802 2522 4858 consﬁtuta
2572 4811 2785 4867 essent,
2829 4812 2884 4855 ut
2914 4801 3078 4855 etiam
3126 4799 3195 4854 ab
3245 4800 3437 4855 iisdem

1865 4898 1999 4950 urbe
2032 4910 2096 4950 ac
2124 4895 2299 4964 patrio
2346 4894 2463 4950 solo
2488 4894 2802 4962 deportatus
2827 4892 2934 4957 sit;
2983 4893 3243 4947 Socrates
3284 4907 3435 4957 vero,

1864 4986 2097 5053 plurium
2126 4985 2339 5039 illorum
2370 4985 2437 5040 ad
2490 4984 2849 5039 Athenienses
2891 4998 3225 5048 sermonum,
3257 4998 3321 5039 ac
3347 5000 3435 5039 sa-

1866 5077 2067 5148 pientia
2108 5077 2430 5133 refertarum
2483 5076 2904 5147 disputationum
2958 5074 3157 5141 finem,
3200 5076 3436 5130 cicutam

1866 5168 2092 5238 invenit,
2124 5168 2485 5225 interliciente
2524 5168 3140 5251 discipulorum’choro,
3175 5178 3325 5225 tanta
3357 5170 3437 5222 ni-

1865 5263 2060 5317 mirum
2091 5262 2326 5333 pollebat
2360 5262 2409 5317 vi
2439 5263 2641 5319 suada}.
2674 5263 2747 5318 At
2798 5263 3011 5329 Petrus,
3040 5264 3280 5333 piscator
3318 5262 3436 5327 ille,

1863 5355 1954 5410 ille
1978 5369 2231 5410 manuum
2254 5365 2369 5409 arte
2389 5355 2587 5409 victum
2612 5371 2881 5425 quaerens,
2927 5355 3015 5411 ille
3038 5355 3341 5425 imperitus,
3372 5370 3437 5410 ac

1863 5447 2123 5518 quidquid
2156 5462 2253 5517 per
2280 5456 2644 5517 contemptum
2684 5447 2819 5502 velis
2854 5446 3145 5517 appellare,
3184 5459 3293 5501 uno
3316 5460 3434 5501 ser—

1874 5540 2049 5596 monis
2093 5543 2237 5611 jactu
2290 5539 2392 5595 tria
2448 5539 2679 5594 virorum
2714 5538 2879 5593 millia
2929 5547 3176 5604 venatus,
3207 5536 3437 5592 ﬁrmiter

222 5633 488 5703 transtulit;
514 5637 673 5709 idque
687 5654 809 5695 cum
836 5638 909 5694 illi
938 5638 1159 5695 moleste
1179 5638 1381 5694 ferrent
1416 5654 1481 5694 ac
1504 5637 1978 5704 tumultuarentur,
2000 5651 2065 5692 ac
2084 5651 2152 5692 ne
2175 5652 2236 5692 os
2266 5637 2483 5707 quidem
2515 5636 2771 5690 diducere
2819 5649 2848 5687 a
2872 5632 3136 5705 principio
3162 5634 3425 5690 sinerent.

278 5753 318 5837 ζα
336 5754 645 5837 λέγει),
674 5765 781 5837 ἔδει
808 5763 897 5837 δι’.
970 5764 1040 5795 τεο
1076 5762 1206 5837 Lex,
1239 5761 1692 5837 προφητεύοντος.
1723 5770 1778 5819 et

1873 5760 1986 5828 ifra,
2018 5760 2082 5830 D,
2121 5759 2374 5816 τοσοῦτον
2411 5756 2559 5829 αὐτῷ
2605 5758 2822 5830 περιῆν.
2899 5757 2944 5789 ⁷³
2993 5755 3134 5813 Psal.
3181 5772 3295 5823 ut,
3346 5756 3432 5811 l3.

222 5817 264 5854 ’⁸
280 5817 552 5897 laetatur;
579 5817 663 5891 15.
683 5817 786 5868 ﬂ"
960 5850 1024 5898 tt,
1062 5817 1177 5889 ut?
