3856 6274
370 336 473 395 271

441 450 740 521 Postquam
779 454 961 504 autem
1006 444 1439 503 Christianorum
1490 443 1624 499 ordo
1668 457 1730 497 ac
1782 446 2033 521 emtusA

368 546 585 601 abunde
612 540 749 599 satis
779 550 976 597 auctus
1010 548 1152 605 erat,
1200 553 1322 592 cum
1364 536 1432 591 ad
1458 534 1727 592 sermonis
1754 533 1954 590 doctri-

373 653 497 692 nam
542 649 606 690 ac
633 633 1052 698 admonitiones,
1090 629 1310 685 virtutis
1341 644 1405 684 ac
1439 627 1692 699 potentiae
1719 624 1956 681 ellicacis

372 731 620 787 mirabile
650 729 1034 785 documentum
1082 723 1438 793 prmbuisset,
1487 719 1735 777 claudum
1777 718 1953 787 sospi-

372 833 502 887 tem,
577 835 643 876 ac
685 820 913 888 integris
963 814 1190 885 pedibus
1235 827 1265 868 a
1307 811 1487 883 templi
1537 807 1801 866 vestibulo
1846 806 1953 863 eri-

368 925 530 980 gens;
566 908 739 971 illum,
773 906 1019 975 inquam,
1046 903 1298 960 claudum
1331 918 1398 957 ex
1432 899 1623 959 matris
1646 896 1954 968 utero,qui-

370 1016 476 1074 que
508 1010 715 1057 naturae
744 999 876 1053 vitio
904 995 1219 1063 laborabat;
1252 992 1559 1049 conﬂuente
1593 994 1659 1057 ad
1688 991 1950 1059 templum

370 1096 625 1151 universo
652 1091 869 1161 populo,
915 1103 1075 1161 quem
1118 1086 1359 1142 miraculi
1390 1086 1544 1141 tanta
1569 1085 1636 1140 ad
1667 1093 1952 1154 spectacu-

373 1185 481 1240 lum
536 1190 887 1250 provocaret;
943 1177 1317 1247 universisque
1378 1176 1587 1231 intente
1645 1175 1700 1230 in
1775 1175 1948 1229 virum

369 1277 794 1347 aspicientibus,
852 1289 975 1329 cum
1030 1270 1293 1326 miraculo
1344 1269 1637 1341 stupefacti
1698 1278 1949 1334 starent,

370 1372 652 1425 obstructa
699 1378 827 1423 sunt
864 1381 957 1420 ora
1007 1363 1204 1419 Christi
1237 1363 1509 1420 hostium:
1558 1360 1769 1431 fuitque
1799 1361 1952 1416 deiu-

369 1477 497 1532 ceps
534 1476 690 1525 crux,
734 1475 840 1513 non
892 1456 1169 1526 probrum,
1209 1456 1302 1509 sed
1356 1454 1597 1509 victoriae
1648 1464 1945 1523 tropaanm:

370 1571 565 1611 rursus
585 1568 715 1625 ergo
746 1552 1029 1622 imperitus
1054 1548 1142 1603 ille
1178 1566 1194 1603 :
1222 1547 1311 1603 ille
1344 1548 1695 1602 meclianicus
1727 1545 1945 1611 artifex,

370 1649 637 1705 secundos
686 1643 998 1715 aggreditur
1027 1654 1308 1696 sermones
1334 1641 1387 1693 in
1426 1640 1538 1695 haec
1576 1639 1739 1694 verba
1765 1639 1830 1693 ad
1855 1653 1949 1694 eos

369 1741 594 1809 loquens
608 1737 655 1768 ⁷⁸
689 1779 701 1790 .
734 1732 780 1788 0
811 1734 929 1798 viri,
961 1730 1217 1804 siquidem
1236 1730 1589 1784 admiratione
1617 1730 1852 1800 dignum,
1884 1744 1946 1782 ac

367 1830 559 1885 divina
579 1826 824 1897 patentia:
872 1822 1205 1878 arbitramini
1237 1822 1378 1892 quod
1412 1830 1486 1875 est
1510 1820 1743 1888 factum,
1772 1820 1944 1889 ipsum

365 1925 583 1978 adorata
605 1921 693 1991 qui
722 1917 974 1974 claudum
998 1917 1231 1980 curavit;
1259 1913 1442 1969 Jesum
1463 1929 1615 1979 quem
1641 1912 1943 1976 cwcidistis,

364 2031 618 2088 quemque
672 2014 881 2068 demum
947 2010 1047 2066 ira:
1098 2008 1433 2077 exsuperanti
1480 2016 1611 2061 wstu
1637 2044 1653 2069 ,
1703 2006 1759 2059 in
1804 2004 1945 2075 ligno

366 2111 658 2167 exaltastis.
683 2107 783 2161 Ille
802 2108 907 2174 ipse
931 2115 1029 2171 est,
1059 2104 1305 2172 vivitque,
1340 2119 1403 2156 ac
1426 2103 1558 2155 sicut
1582 2101 1721 2157 vobis
1752 2102 1943 2167 saepius

366 2208 563 2260 dictum
595 2214 692 2271 est,
720 2218 753 2254 a
784 2200 1003 2253 mortuis
1050 2200 1308 2251 excitatus
1363 2195 1724 2249 universorum
1769 2193 1943 2246 donti-

368 2306 549 2351 natur.
580 2290 929 2363 Quamobrem
976 2304 1114 2342 nunc
1143 2302 1325 2341 eorum
1365 2302 1484 2356 quia
1514 2286 1767 2354 percastis
1781 2283 1947 2353 poeni-

366 2386 584 2441 tentiam
629 2393 875 2453 agentes,
925 2398 945 2431 s
976 2379 1217 2432 Accedite
1275 2376 1344 2429 ad
1386 2392 1551 2448 eum,
1576 2386 1624 2430 et
1673 2375 1945 2429 illumina-

367 2481 498 2533 mini
521 2479 589 2542 ⁸³⁷,
623 2496 641 2529 ι
670 2472 1112 2547 quemadmodum
1134 2479 1298 2524 vester
1320 2468 1410 2523 ille
1431 2485 1619 2537 parens
1641 2467 1809 2522 David
1841 2470 1939 2521 ait.

367 2572 641 2638 Siquidem
680 2570 818 2623 enim
865 2564 963 2633 ,‘ilii
1008 2562 1382 2632 prophetarum
1433 2562 1559 2614 estis
1603 2576 1667 2613 ac
1691 2560 1943 2629 discipuli

368 2666 563 2736 Moysi,
596 2662 754 2717 nolite
782 2659 1043 2728 majorum
1082 2664 1372 2710 vestrorum
1421 2655 1649 2724 gratiam
1676 2668 1938 2723 spernere,

363 2759 433 2814 iis
457 2757 694 2810 animum
719 2752 1017 2806 adhibentes
1044 2749 1135 2818 qui
1161 2747 1300 2818 falsa
1336 2746 1623 2816 loquuntur
1642 2762 1662 2800 :
1689 2746 1780 2799 sed
1809 2761 1942 2815 pru-

361 2851 504 2906 denti
521 2848 727 2917 judicio
745 2860 862 2916 quis
885 2844 949 2898 ab
978 2842 1086 2896 illis
1129 2842 1343 2910 fuerunt
1382 2838 1734 2908 praenuntiata
1768 2837 1942 2891 cousi-

364 2948 630 3005 derantes,
652 2950 837 2996 vestris
872 2935 1198 2994 Salvatorem
1226 2936 1418 3005 gentis,
1451 2934 1641 2988 animis
1670 2934 1936 3002 suscipite.

365 3037 568 3107 Quippe
596 3036 683 3101 ille
703 3045 798 3102 est,
832 3048 982 3103 quem
1009 3042 1056 3086 et
1087 3029 1292 3100 Moyses
1316 3030 1622 3097 praplietam
1647 3029 1788 3081 vobis
1822 3043 1938 3082 sus-

1650 330 1707 388 S.
1748 326 2022 385 ASTERII
2060 327 2366 384 AMASENI
2428 328 2434 335 ’

3528 326 3661 386 272

2145 443 2421 508 Ἐλθόντος
2470 444 2529 499 δὲ
2567 445 2649 509 είς
2686 441 2927 497 ἐπίδοσιν
2988 442 3085 496 καὶ
3121 441 3407 513 προκοπὴν
3451 442 3660 516 ἱκανὴν

2055 534 2152 587 τοῦ
2202 535 2313 590 τῶν
2364 536 2710 610 Χριστιανῶν
2755 535 3058 606 τάγματος,
3113 533 3302 605 ἐπειδὴ
3338 533 3476 599 πρὸς
3519 536 3661 600 ταῖς

2000 612 2006 620 “
2058 626 2309 697 λογικαϊς
2364 629 2740 692 διδασκαλίαις
2784 626 2881 682 καὶ
2932 626 3342 699 παραινέσεσιν,
3389 625 3485 680 καὶ
3538 626 3661 697 τῆς

2055 723 2367 794 πρακτικῆς
2397 722 2682 794 δυνάμεως
2699 720 3020 792 θαυμαστὴν
3053 721 3281 790 παρεῖχε
3297 718 3396 788 τὴν
3424 720 3655 791 πεῖραν,

2053 810 2239 881 ἄρτιον
2271 811 2588 883 ἀναστήσας
2617 810 2708 865 τὸν
2758 810 2932 882 χωλὸν
2968 811 3034 863 ἐκ
3072 807 3183 862 τῶν
3214 808 3309 862 τοῦ
3347 808 3477 861 ναοῦ
3504 824 3658 880 προ-

2053 903 2319 969 πυλαίων,
2351 904 2523 976 χωλὸν
2547 905 2754 960 ἐκεῖνον
2776 904 2868 958 τὸν
2898 906 2962 958 ἐκ
2986 903 3192 968 κοιλίας
3219 901 3444 974 μητρὸς,
3479 899 3654 956 πται-

2046 1011 2222 1066 Δσματι
2274 994 2491 1066 φύσεως
2544 996 2789 1050 παθόντα
2818 994 2920 1066 τὴν
2949 994 3123 1049 νόσον·
3159 991 3308 1057 ἅπαξ
3347 993 3405 1047 δέ
3432 993 3461 1045 ὁ
3511 992 3657 1056 λαὸς

2051 1088 2146 1142 ἐπὶ
2193 1088 2256 1142 τὸ
2285 1089 2430 1160 ἱερὸν
2471 1087 2771 1162 συνερρύη,
2797 1091 2865 1160 τῇ
2901 1089 3062 1163 φήμῃ
3090 1087 3190 1158 τῆς
3233 1085 3655 1157 μεγαλουργίας

2049 1178 2479 1249 δημαγωγηθεὶς
2511 1179 2650 1251 πρὸς
2677 1179 2776 1250 τὴν
2833 1179 2983 1244 θέαν,
3038 1179 3131 1232 καὶ
3168 1178 3305 1250 πρὸς
3334 1176 3426 1231 τὸν
3472 1176 3653 1248 ἄνδρα

2052 1269 2255 1335 πάντες
2295 1269 2524 1324 ἔϐλεπον
2554 1269 2760 1334 ἀτενῶς
2791 1269 3236 1343 ἐκπεπληγμένοι
3262 1268 3341 1340 τῷ
3376 1267 3648 1339 θαύματιο

2051 1363 2346 1435 ἀπεφράγη
2380 1362 2489 1416 τῶν
2510 1363 2721 1436 ἐχθρῶν
2749 1362 2842 1423 τοῦ
2870 1363 3106 1436 Χριστοῦ
3149 1364 3218 1417 τὰ
3250 1363 3511 1432 στόματα,
3543 1360 3652 1414 καὶ

2050 1461 2079 1513 ὁ
2112 1458 2342 1530 σταυρὸς
2381 1459 2566 1514 λοιπὸν
2615 1455 2685 1531 ἦν
2743 1460 3006 1533 τρόπαιον
3058 1460 3236 1531 νίκης,
3280 1461 3380 1514 οὐκ
3409 1460 3647 1524 ὄνειδος.

2051 1552 2218 1607 Πάλιν
2245 1554 2273 1606 ὁ
2307 1553 2651 1617 ἀπαίδευτος,
2676 1555 2704 1608 ὁ
2720 1555 2820 1625 τῆς
2856 1553 3129 1624 βαναύσου
3153 1555 3349 1627 τέχνης
3374 1556 3648 1628 ἐργάτης,

2049 1645 2315 1718 δευτέρων
2360 1645 2590 1719 ἄρχεται
2629 1646 2825 1716 λόγων,
2861 1648 3088 1716 φάσκων
3131 1647 3269 1718 πρὸς
3301 1649 3518 1712 αὐτοὺς,
3552 1648 3649 1701 ὅτι

2051 1733 2117 1791 Ὧ
2151 1737 2388 1807 ἄνδρες,
2423 1742 2478 1792 ει
2522 1740 2818 1810 θαύματος
2853 1739 2997 1810 ὑμῖν
3039 1740 3231 1805 ἀξιον,
3288 1740 3387 1793 καὶ
3431 1736 3649 1808 θετκῆς

2045 1829 2347 1898 ἐνεργείας
2392 1829 2668 1899 φαίνεται
2722 1829 2789 1883 τὸ
2835 1830 3187 1898 γενόμενον,
3242 1827 3648 1898 προσκυνεῖτε

2046 1921 2153 1975 τὸν
2189 1920 2566 1990 θεραπευτὴν
2593 1921 2702 1976 τοῦ
2731 1920 2955 1991 χωλοῦ,
2996 1921 3256 1989 Ἰησοῦν,
3284 1920 3359 1974 ὃν
3388 1919 3646 1989 ἑρῤαπι-

2045 2028 2211 2067 σατε·
2254 2012 2356 2067 καί
2409 2012 2755 2067 τελευταῖον
2810 2011 3245 2082 ὑπερζέσαντες
3297 2009 3378 2077 τῷ
3444 2011 3642 2081 θυμῷ,

2043 2102 2143 2156 ἐπὶ
2180 2103 2288 2158 τοῦ
2321 2102 2512 2168 ξύλου
2563 2100 2870 2171 ὑψώσατε.
2910 2098 3103 2168 οὗτός
3149 2101 3336 2169 ἐστιν,
3376 2101 3476 2156 καί
3540 2100 3640 2170 ξῆ’

2045 2194 2147 2248 καὶ
2197 2194 2392 2261 καθὼς
2420 2194 2564 2265 ὑμῖν
2599 2193 2822 2264 ἐλέχθη
2874 2193 3192 2261 πολλάκις,
3246 2195 3517 2261 ἀναστὰς
3564 2194 3641 2249 ἐκ

2042 2286 2273 2355 νεκρῶν
2310 2288 2634 2351 βασιλεύει
2674 2285 2794 2340 τῶν
2843 2285 3105 2341 πάντων.
3139 2286 3317 2341 Ὥστε
3342 2285 3459 2340 νῦν
3483 2285 3642 2356 γοῦν

2041 2379 2332 2442 λαϐόντες
2362 2375 2482 2431 τῶν
2531 2376 2990 2454 ἁμαρτηθέντων
3022 2377 3165 2449 ὑμῖν
3209 2377 3637 2448 μεταμέλειαν,

2049 2488 2068 2520 ι
2123 2470 2494 2539 Προσέλθετε
2549 2470 2699 2540 πρὸς
2760 2470 2968 2535 αὐτὸν,
3038 2469 3139 2525 καί
3194 2473 3558 2541 φωτίσθητε,
3612 2491 3636 2526 s

2042 2562 2238 2630 καθὼς
2266 2566 2299 2617 ὀ
2320 2562 2517 2632 πατὴρ
2546 2563 2714 2633 ὑμῶν
2743 2563 2906 2635 λέγει
2928 2562 3123 2619 Δαϐίδ.
3155 2566 3225 2617 Ei
3246 2563 3485 2634 γὰρυιοὶ
3511 2563 3640 2619 τῶν

2040 2655 2361 2727 προφητῶν
2426 2658 2599 2719 ἐστε,
2669 2657 2767 2712 καί
2842 2657 3094 2730 μαθηταί
3155 2657 3260 2712 τοῦ
3311 2658 3637 2726 Μωϋσέως,

2040 2745 2139 2799 καί
2158 2746 2203 2776 ⁸ο
2232 2744 2564 2815 ἀτιμάσητε
2590 2746 2712 2800 τῶν
2759 2749 3070 2818 προγόνων
3101 2745 3268 2817 ὑμῶν
3296 2746 3411 2815 τὴν
3429 2746 3633 2816 χάριν,

2038 2838 2443 2909 ψευδολιὶλοις
2501 2840 2934 2910 προσέχοντεςσ
2987 2841 3151 2896 ἀλλὰ
3224 2839 3497 2908 συνετῶς
3556 2842 3636 2897 τὰ

2038 2934 2175 3000 παρ’
2204 2931 2453 2986 ἐκείνων
2479 2932 2976 3002 προκηρυχθέντα
3025 2931 3476 3001 σκοπήσαντες,
3533 2932 3637 2989 δέ·

2039 3023 2227 3088 ξασθε
2258 3024 2385 3091 ταῖς
2414 3023 2639 3093 ψυχαῖς
2666 3024 2775 3079 τὸν
2797 3023 3042 3094 Σωτῆρα
3075 3025 3182 3081 τοῦ
3205 3024 3418 3096 γένους
3435 3025 3631 3095 ὑμῶν.

364 3127 633 3183 citandum
671 3122 913 3194 promisit
944 3120 1012 3174 ⁷⁸.
1056 3117 1182 3174 Haec
1233 3118 1427 3173 Petrus
1458 3131 1522 3171 ac
1551 3117 1617 3171 iis
1640 3113 1842 3171 similia
1870 3114 1936 3170 ad

2044 3113 2234 3183 Οὗτος
2276 3117 2384 3187 γάρ
2439 3117 2571 3171 ἐστι
2625 3116 2698 3171 ὃν
2754 3118 2855 3172 καὶ
2917 3116 3183 3186 Μωυσῆς
3225 3118 3633 3188 ἐπηγγείλατο

364 3219 615 3291 pupulum
644 3211 1103 3275 disserens,.abiit
1129 3211 1301 3265 tribus
1336 3208 1519 3262 milliis
1545 3206 1779 3275 aequales
1807 3206 1941 3260 alios

2042 3206 2361 3277 προφήτην
2416 3207 2562 3277 ὑμῖν
2615 3206 3091 3275 ἀναστήσεσθαι.
3157 3206 3345 3260 Ταῦτα
3409 3207 3503 3260 καὶ
3557 3210 3629 3261 τὰ

363 3310 604 3368 unciario
647 3307 906 3361 referens.
955 3304 1034 3359 Ac
1061 3303 1277 3372 quidem
1329 3300 1452 3356 talis
1505 3299 1697 3355 Petrus
1727 3298 1938 3369 publica

361 3404 623 3465 concione
654 3399 880 3453 lidenter
914 3394 1194 3464 Evangelii
1222 3394 1463 3449 doctrina
1512 3394 1827 3461 exponenda
1857 3390 1937 3445 lo-

361 3476 554 3569 quens,
577 3495 778 3556 alacer,
808 3489 1184 3560 impercnlsus,
1224 3489 1460 3556 prudens
1548 3501 1769 3547 suorum
1802 3485 1939 3540 [idu-

362 3589 468 3655 cia,
509 3602 574 3643 ac
599 3585 1037 3642 adversariorum
1074 3596 1260 3651 pavor.

431 3762 569 3830 Quia
595 3775 725 3816 vero
751 3773 860 3813 non
892 3757 945 3812 id
968 3765 1177 3812 tantum
1211 3754 1426 3826 pietatis
1473 3756 1662 3810 doctor
1700 3754 1938 3825 optimus

360 3859 539 3918 Studio
564 3858 793 3927 agebat,
840 3862 902 3907 ut
939 3851 1035 3908 Dei
1068 3850 1321 3922 populum
1362 3864 1648 3905 numerosa
1693 3848 1937 3905 multitu-

360 3952 486 4006 dine
514 3957 770 4020 augeret;
804 3944 899 4001 sed
928 3943 1084 4015 longe
1124 3942 1374 4011 amplius,
1411 3953 1467 3996 ut
1501 3939 1753 4011 discipuli
1776 3956 1939 3996 accu-

359 4053 480 4099 rate
519 4057 617 4112 pro
664 4039 981 4095 traditarum
1022 4037 1196 4107 legum
1235 4037 1445 4091 ratione
1479 4034 1642 4089 vitam
1686 4034 1937 4090 institue-

357 4142 529 4190 rent:
563 4131 695 4188 vidit
739 4144 868 4185 vero
925 4127 1192 4183 Ananiam
1243 4125 1432 4190 illum,
1478 4140 1700 4182 suorum
1758 4127 1933 4196 ipsum

357 4228 630 4284 fructuum
650 4226 849 4290 furem,
879 4236 1184 4291 novumque
1202 4218 1547 4289 sacrilegum,
1578 4218 1777 4273 malam
1803 4234 1932 4287 pec-

358 4320 466 4377 cati
496 4320 832 4374 invecturum
868 4316 922 4370 in
952 4313 1291 4371 Christianos
1334 4311 1816 4379 consuetudinem,
1847 4326 1935 4367 se-

355 4424 489 4465 vere
511 4424 633 4464 eum
659 4406 728 4460 ab
768 4403 1005 4460 Ecclesia
1042 4401 1341 4467 excidit";
1376 4416 1481 4456 non
1517 4399 1660 4454 velut
1698 4400 1933 4457 crudelis

2040 3298 2268 3354 τοιαῦτα
2298 3299 2436 3372 πρὸς
2472 3299 2565 3354 τὸν
2617 3298 2744 3354 λαὸν
2803 3299 3049 3367 διελθὼν,
3113 3299 3377 3371 ἀπῆλθεν,
3430 3300 3628 3366 ἄλλους

2038 3392 2327 3456 τοσούτους
2369 3394 2480 3456 τοῖς
2538 3392 2862 3465 τρισχιλίοις
2909 3392 3184 3465 προσθείς.
3236 3393 3486 3458 Τοιοῦτος
3523 3395 3630 3466 μὲν

2040 3476 2132 3534 οὖν
2169 3482 2226 3534 ἐν
2252 3480 2330 3551 τῷ
2356 3481 2418 3552 δη
2429 3482 2595 3555 μοσία
2632 3482 2812 3537 λαλεῖν
2861 3481 3210 3555 θαρρούντως
3238 3483 3381 3557 ὑπὲρ
3406 3484 3504 3555 τῆς
3525 3482 3628 3538 τοῦ

2040 3572 2372 3641 Εὑαγγελίου
2415 3574 2803 3645 μυσταγωγίας
2848 3574 3148 3646 πρόθυμος,
3176 3576 3633 3647 ἀκατάπληκτος,

2041 3664 2279 3729 συνετὸς,
2306 3664 2507 3736 θάρσος
2535 3665 2644 3719 τῶν
2693 3665 2861 3727 ἰδίων,
2885 3666 2979 3720 καὶ
3010 3667 3117 3719 τῶν
3141 3668 3399 3722 ἐναντίων
3422 3668 3626 3727 δειλία.

2121 3756 2339 3827 Ἐπειδὴ
2361 3756 2451 3815 δὲ,
2474 3757 2534 3810 οὐ
2565 3757 2722 3811 τοῦτο
2750 3758 2911 3828 μόνον
2944 3754 3012 3831 ἦν
3047 3759 3510 3830 περισπούδαστον
3538 3762 3627 3836 τῷ

2037 3847 2305 3920 καλλίστῳ
2334 3848 2637 3920 διδασκάλῳ
2658 3849 2758 3920 τῆς
2781 3851 3081 3920 εὐσεϐείας,
3108 3853 3168 3906 τὸ
3195 3852 3625 3925 πολυάνθρωπον

2034 3938 2127 3992 τὸν
2156 3939 2251 3994 τοῦ
2282 3938 2419 3994 Θεοῦ
2449 3940 2577 3994 λαὸν
2614 3942 3048 4014 ἀπεργάζεσθαι,
3077 3943 3212 3998 ἀλλά
3241 3944 3422 4016 πολλῷ
3456 3946 3624 4002 πλέον

2036 4030 2096 4085 τὸ
2124 4030 2222 4104 ζῇν
2245 4031 2487 4104 ἀκριϐῶς
2522 4034 2649 4098 τοὺς
2674 4034 2925 4109 μαθητὰς
2953 4037 3010 4088 ἐν
3036 4037 3146 4099 τοῖς
3169 4034 3366 4089 δοθεῖσι
3397 4037 3619 4108 νόμοις·

2035 4119 2174 4179 εἶδεν
2202 4125 2260 4179 δὲ
2287 4125 2377 4178 τὸν
2419 4125 2668 4181 Ἀνανίαν
2697 4127 2925 4193 ἐκεῖνον,
2955 4128 3047 4181 τὸν
3073 4126 3181 4181 τῶν
3216 4127 3362 4183 ἰδίων
3385 4130 3622 4201 καρπῶν

2035 4217 2273 4289 κλέπτην
2312 4219 2406 4272 καὶ
2438 4218 2742 4290 παράδοξον
2784 4220 3061 4292 ἱερόσυλον
3081 4260 3095 4284 ,
3134 4220 3395 4292 μέλλοντα
3438 4222 3620 4295 κακὴν

2035 4309 2284 4381 ἐμποιεῖν
2312 4313 2423 4375 τοῖς
2453 4309 2802 4383 Χριστιανοῖς
2842 4310 3129 4383 συνήθειαν
3156 4314 3451 4385 ἁμαρτίας,
3481 4315 3620 4369 ἀπο-

2031 4401 2215 4472 τόμως
2241 4402 2403 4456 αὑτὸν
2430 4406 2531 4474 τῆς
2568 4403 2894 4476 Ἐκκλησίας
2918 4403 3174 4475 ἐξέκοψεν
3194 4422 3207 4434 ·
3238 4406 3339 4459 οὐκ
3359 4405 3509 4478 ὠμὸς
3534 4405 3615 4463 ῶν

358 4503 538 4557 animo
565 4515 630 4555 ac
667 4498 972 4562 homicida;
999 4496 1093 4552 sed
1117 4504 1360 4565 spectato
1405 4494 1545 4563 quod
1578 4494 1928 4560 conduceret,

2041 4495 2128 4547 καὶ
2158 4495 2375 4564 φονικὸς
2394 4497 2493 4568 τὴν
2510 4496 2755 4568 γνώμην,
2779 4497 2916 4551 ἀλλὰ
2940 4498 3081 4552 κατὰ
3099 4500 3300 4552 σκοπὸν
3321 4499 3616 4573 ὠφελείας,

356 4590 686 4662 ejuscemodi
726 4596 1005 4660 peccatum
1050 4600 1251 4642 curans
1292 4585 1579 4640 medicina.
1612 4584 1745 4640 Cum
1785 4586 1927 4639 enim

359 4684 585 4755 populus
619 4695 810 4738 recens
837 4694 1134 4736 conversus
1168 4687 1333 4749 atque
1371 4677 1633 4734 conﬂatus
1657 4720 1673 4746 ,
1697 4693 1726 4731 a
1753 4678 1931 4748 genti--

356 4778 472 4832 lilio
497 4791 562 4831 ae
586 4773 813 4830 Judaieo
840 4773 1014 4828 victus
1045 4786 1367 4841 morumque
1386 4770 1634 4835 neglectu
1659 4811 1675 4839 ,
1701 4785 1933 4840 evange-

354 4871 489 4925 licas
511 4883 683 4939 nuper
703 4868 849 4938 leges
874 4864 1197 4936 accepisset,
1239 4864 1433 4921 merito
1470 4861 1629 4933 plane
1650 4862 1931 4917 existima-

354 4964 464 5029 vit,
512 4961 709 5018 nedum
750 4957 1037 5014 verborum
1073 4956 1471 5027 correptionem
1525 4951 1802 5022 discipulis
1834 4966 1932 5007 ne-

351 5055 649 5113 cessariam
682 5065 835 5117 esse,
868 5064 1058 5106 verum
1090 5050 1256 5104 etiam
1306 5046 1545 5103 secundo
1575 5054 1722 5101 metu
1748 5043 1932 5115 aliquo

342 5150 618 5220 indigere.
641 5145 737 5203 Sic
764 5143 909 5201 enim
931 5143 1172 5199 moribus
1210 5148 1583 5211 comparatum
1610 5144 1717 5204 est,
1744 5145 1804 5192 ut
1822 5150 1928 5207 qua

342 5245 564 5300 ratione
614 5240 790 5312 prima
836 5236 1016 5294 studia
1075 5233 1318 5306 regulata
1354 5230 1596 5295 iuerint,
1636 5231 1824 5285 eadem
1859 5228 1928 5284 ad

340 5337 516 5392 dinem
555 5347 728 5404 usque
762 5328 1091 5386 inolescente
1119 5324 1509 5383 consuetudine
1533 5330 1883 5394 perseverent
1908 5339 1922 5376 :

349 5426 555 5481 idcirco
576 5421 663 5477 ubi
689 5428 967 5493 peccatum
1002 5415 1216 5487 arguit,
1252 5422 1480 5468 mortem
1512 5426 1636 5466 mox
1663 5409 1926 5481 supplicio

350 5516 599 5581 induxit;
642 5528 747 5568 non
789 5525 921 5568 usus
963 5508 1170 5583 gladio,
1204 5514 1364 5561 autve
1400 5504 1745 5560 carnilicibus
1772 5516 1925 5557 reum

348 5610 573 5663 tradens
601 5622 618 5662 :
644 5604 738 5660 sed
785 5596 1058 5658 inomento
1111 5598 1202 5657 illo
1247 5600 1528 5667 temporis,
1564 5610 1671 5667 qua
1712 5594 1926 5649 ratione

415 5807 462 5841 "
481 5807 600 5863 Aet.
619 5820 704 5872 ιιι,
729 5803 798 5860 l2
827 5817 948 5873 sqq.

1468 6170 1825 6258 Δ

2031 4584 2203 4651 οὕτως
2221 4586 2406 4658 ίατρεύ
2417 4604 2512 4651 σας
2525 4588 2625 4660 τὴν
2641 4588 2938 4659 ἁμαρτίαν.
2977 4588 3197 4660 Ἐπειδὴ
3223 4588 3333 4661 γὰρ
3351 4605 3616 4663 νεοπροσ-

2029 4678 2221 4748 ήλυτος
2261 4674 2330 4751 ἦν
2369 4679 2465 4733 καὶ
2508 4680 2785 4752 νεοπαγὴς
2811 4682 2840 4734 ὁ
2870 4679 3020 4745 λαὸς,
3054 4681 3120 4734 ἐκ
3154 4681 3257 4751 τῆς
3295 4682 3617 4757 Ἑλληνικῆς

2028 4770 2121 4823 καὶ⁵
2160 4770 2456 4843 Ἰουδαϊκῆς
2478 4771 2797 4845 ἀδιαφορίας
2817 4772 3052 4842 ὑπόγυον
3074 4773 3198 4837 τοὺς
3222 4774 3614 4843 εὐαγγελικοὺς

2027 4860 2318 4933 δεξάμενος
2347 4862 2568 4933 νόμους,
2594 4863 2822 4927 εἰκότως
2851 4863 3120 4935 ἐνόμισεν,
3142 4864 3202 4918 οὐ
3229 4864 3329 4935 τῆς
3351 4867 3416 4919 ἐκ
3436 4864 3613 4937 λόγων

2027 4954 2309 5018 νουθεσίας
2341 4955 2500 5027 μόνον
2531 4956 2752 5027 χρῄζειν
2781 4957 2908 5021 τοὺς
2933 4955 3039 5027 μαθ
3050 4956 3199 5029 ητάς,
3229 4957 3365 5012 ἀλλὰ
3386 4959 3482 5014 καὶ
3515 4961 3615 5031 φόο

2029 5044 2125 5100 ὅου
2171 5045 2319 5110 τινὸς
2357 5046 2670 5118 εὐπράκτου
2711 5045 2971 5118 (εἰώθασι
3012 5048 3124 5121 γάρ
3158 5066 3275 5112 πως
3315 5051 3365 5103 οἱ
3397 5049 3613 5123 ἄνθρω-

2026 5153 2140 5202 ποι,
2174 5138 2324 5198 ὅπως
2362 5136 2429 5191 ἂν
2472 5139 2533 5192 ἐν
2564 5138 2763 5211 ἀρχαῖς
2806 5137 2917 5193 τῶν
2962 5139 3412 5212 ἐπιτηδευμάτων
3446 5159 3610 5197 κανο-

2024 5228 2304 5295 νισθῶσιν,
2348 5228 2493 5284 οὕτω
2531 5231 2693 5303 μέχρι
2717 5230 2905 5297 τέλους
2931 5235 3119 5304 τηρεῖν
3142 5232 3241 5304 τὴν
3274 5232 3606 5306 συνήθειαν)·

2025 5320 2119 5375 καὶ
2153 5319 2242 5375 διὰ
2268 5320 2428 5376 τοῦτο
2455 5321 2684 5393 ἐλέγξας
2717 5323 2816 5395 τὴν
2848 5324 3155 5396 ἁμαρτίαν,
3181 5324 3345 5390 εὐθὺς
3376 5325 3609 5380 θάνατον

2022 5413 2120 5485 τὴν
2154 5413 2425 5486 τιμωρίαν
2459 5416 2766 5489 ἐπήγαγεν
2803 5416 2864 5470 οὐ
2891 5416 3036 5487 ξίφει
3068 5418 3415 5490 χρησάμενος
3434 5456 3450 5484 ,
3480 5416 3605 5472 οὑδέ

2022 5504 2239 5577 δημίοις
2266 5506 2429 5560 αὐτὸν
2460 5508 2734 5581 παραδούς
2751 5525 2766 5541 ·
2803 5506 2940 5563 ἀλλά
2960 5509 3083 5563 τότε
3108 5509 3473 5583 διαφερόντως
3504 5512 3608 5584 τὴν

2023 5597 2117 5651 τοῦ
2148 5598 2388 5671 Χριστοῦ
2417 5599 2645 5673 δύναμιν
2682 5602 2881 5668 δείξας,
2916 5604 2975 5656 ἐν
3003 5601 3081 5673 τῷ
3111 5602 3297 5675 τρόπῳ
3324 5603 3425 5676 τῆς
3450 5607 3608 5663 ἀναι-

1036 5800 1078 5834 ¹⁷
1109 5798 1250 5857 Psal.
1276 5813 1464 5862 xxxiii,
1489 5796 1541 5850 6.
1632 5797 1678 5830 ⁷⁵
1711 5797 1865 5853 Deut.
1893 5812 1941 5851 ιι

2042 5840 2055 5865 ,
2100 5798 2190 5854 l5.
2267 5799 2456 5856 "Act.
2487 5799 2592 5867 v,l
2630 5815 2777 5873 sqq-
2829 5802 2875 5835 ⁸ο
2919 5821 2990 5872 γρ
3061 5807 3157 5875 μή.
