3856 6274
194 329 292 385 275

1066 324 1346 385 HOMILIA
1387 327 1522 386 Vili.
1564 328 1629 384 lN
1669 329 1771 385 SS.
1804 329 2090 391 PETRUM
2126 334 2216 392 ET
2258 335 2564 394 PAULUM.

3294 296 3431 392 su

142 432 154 444 ’
200 446 419 519 ρέτεως.
464 442 775 498 Ἐνεκάλεσε
827 441 937 517 γὰρ
965 442 1145 516 μόνον,
1172 422 1268 499 καὶ
1291 446 1319 499 6
1348 443 1634 516 ἐγκληθεὶς
1657 444 1763 497 ἀπ·
1790 500 1791 503 η

1880 448 2080 506 ιυειυιίι
2106 488 2124 516 ,
2189 451 2506 521 praclarum
2563 449 2768 506 Christi
2839 450 3092 522 potentia:
3158 418 3449 522 specimen

200 534 408 606 έψυξεν.
429 533 602 588 Τοῦτο
625 534 682 590 δὲ
697 534 882 607 ἡλίκον
906 534 1079 601 ἐστὶν,
1107 536 1201 591 καὶ
1222 536 1355 608 ὅσην
1376 539 1442 608 τῇ
1468 534 1765 607 Ἐκκλησία

201 628 474 701 ἐνεποίησε
516 628 616 699 τὴν
646 628 934 684 εὐλάϐειαν
955 671 971 695 ,
1001 630 1061 684 οὐ
1091 628 1365 703 χρῄζομεν
1410 629 1620 700 μαθεῖν.
1658 629 1765 684 Δύο

201 721 299 792 γάρ
333 723 392 774 ἐν
435 720 517 775 ἐνὶ
559 720 895 793 κατωρθώθη
916 760 932 785 ,
964 720 1026 774 τὸ
1074 723 1286 776 καὶτὸν
1333 722 1561 795 Σωτῆρα
1606 720 1763 794 ἡμῶν

203 811 544 884 πιστευθῆναι
572 807 711 867 εἶναι
743 813 896 879 Θεὸν,
920 812 1016 868 καὶ
1045 812 1138 869 τὸν
1160 813 1453 885 παιδευτὴν
1479 813 1588 870 τῶν
1615 814 1763 869 ὲκεί-

206 920 287 957 νου
324 902 537 975 νόμων,
587 905 1003 975 παρεπομένους
1033 903 1173 976 ἔχων
1203 904 1247 937 ⁸³
1291 904 1577 974 ἀγγέλους,
1628 903 1767 974 πρὸς

205 992 292 1062 τὴν
337 992 595 1064 βούλησιν
647 993 740 1046 τοῦ
781 994 1079 1048 ἀποστόλου
1125 994 1481 1066 ἐνεργοῦντας
1511 995 1759 1066 ἑτοίμως.

218 1082 489 1154 Ἐθέλησεν
513 1085 867 1157 εὐεργετῆσαι
891 1085 1201 1157 τὸνλχωλὸν,
1232 1086 1326 1140 καλ¹
1351 1087 1451 1141 οὐκ
1475 1086 1766 1158 ἐϐράδυνεν

208 1177 407 1248 ήχάρις
427 1193 441 1207 ·
469 1176 736 1248 ἐϐουλήθη
762 1176 988 1231 κολάσαι
1045 1179 1136 1232 τὸν
1168 1178 1470 1249 ἱερόσυλον,
1507 1180 1602 1235 καὶ
1628 1196 1767 1251 παρ-

205 1267 405 1336 εγένετο
426 1269 461 1340 ἠ
492 1267 753 1341 τιμωρία.
1776 1286 1779 1291 ·

264 1440 447 1495 Ταῦτα
477 1442 639 1496 ίκανά
663 1441 869 1507 λιθίνας
897 1442 1239 1515 καταπλῆξαι
1263 1443 1441 1516 ψυχὰς
1466 1447 1559 1501 καὶ
1585 1450 1768 1505 πεῖσαι

208 1532 461 1604 βεϐαίως,
510 1536 587 1600 ὡς
619 1537 721 1589 οὐκ
773 1535 992 1608 ἀπάτης
1024 1532 1091 1608 ἦν
1130 1536 1198 1591 τὰ
1239 1538 1459 1610 ῥήματα
1513 1538 1585 1593 τὰ
1620 1540 1770 1612 παρά

206 1625 395 1695 Πέτρου
429 1626 725 1699 λεγόμενα’
764 1627 899 1682 ἀλλά
926 1628 1060 1692 Θεὸς
1090 1624 1158 1699 ἦν
1185 1628 1400 1699 ἀληθῶς
1427 1631 1545 1701 μετ’
1578 1631 1767 1697 αύτοῦ,

207 1718 287 1770 καὶ
308 1717 460 1787 ἅγιον
493 1720 706 1793 ὑπῆρχε
731 1720 825 1775 καὶ
855 1720 1073 1792 ἀληθὲς,
1097 1720 1159 1774 τὸ
1191 1722 1485 1792 μυστήριον
1509 1721 1538 1775 ὅ
1560 1724 1762 1795 κατήγ-

206 1808 364 1876 γελλε.
400 1812 513 1864 Καὶ
544 1791 700 1866 τούτο
719 1812 777 1866 δὲ
806 1791 1094 1885 προσέχειν
1123 1791 1441 1883 ἀναγκαίον,
1470 1814 1552 1869 ὅτι
1582 1816 1643 1869 τὸ
1669 1791 1768 1887 μὲν
1800 1791 1842 1846 Β

209 1900 289 1953 ἐπὶ
332 1901 575 1973 τιμωρίᾳ
622 1903 715 1956 καὶ
765 1904 911 1974 φόνῳ
964 1907 1210 1976 σημεῖον,
1268 1904 1416 1970 ἅπαξ
1469 1904 1621 1976 παρά
1670 1904 1767 1958 τοῦ

207 1992 489 2046 ἀποστόλου
528 1992 617 2046 διὰ
664 1993 761 2066 τὴν
815 1995 1005 2067 χρείαν
1039 1996 1365 2066 γεγένηται’
1408 1995 1495 2050 ἵνα
1524 1999 1637 2060 τοῖς
1669 2014 1773 2051 κα-

208 2082 306 2147 κῶς
339 2086 794 2156 προαιρουμένοις
814 2124 829 2149 ,
865 2088 963 2158 τῆς
994 2086 1319 2158 κολαστικῆς
1353 2086 1635 2157 δυνάμεως
1667 2103 1772 2139 πα-

211 2175 462 2247 ράσχηται
496 2177 599 2249 τὴν
630 2176 936 2245 ἀπόδειξιν·
972 2176 1040 2230 τὰ
1083 2177 1141 2230 δὲ
1169 2176 1279 2229 τῶν
1311 2177 1638 2249 εὐεργεσιῶν
1679 2179 1774 2234 καὶ

211 2269 304 2324 τῶν
338 2269 556 2335 ἰάσεων,
590 2269 710 2323 καθ’
742 2269 954 2340 ἡμέραν
983 2269 1076 2322 καὶ
1108 2268 1346 2341 συνεχῶς
1371 2269 1615 2323 ἐπετέλει
1634 2286 1647 2300 ⁸
1681 2270 1776 2324 καὶ

213 2362 461 2433 τοσαύτης
490 2360 645 2432 αὐτῷ
676 2361 873 2433 περιῆν
910 2363 1008 2434 τῆς
1040 2360 1131 2415 τοῦ
1172 2361 1494 2433 θεραπεύειν
1524 2361 1776 2427 εὐκολίας

214 2453 296 2506 καὶ
323 2453 566 2525 χάριτος,
598 2451 738 2506 ῶστε
762 2451 936 2517 οὐδεὶς
966 2449 1276 2523 προσελθὼν
1300 2451 1409 2505 τῶν
1439 2451 1776 2522 ἀρρωστούν-

215 2559 306 2596 των
335 2543 561 2598 άνέλυεν
600 2541 857 2613 ψευσθεὶς
891 2542 992 2612 τῆς
1034 2542 1270 2608 ἐλπίδος,
1302 2542 1418 2597 ἀλλ’
1463 2544 1648 2616 ἄρτιος
1681 2543 1777 2599 καὶ

217 2633 354 2706 ὑγιὴς
383 2634 476 2688 ἐπὶ
505 2633 609 2705 τὴν
642 2634 819 2688 οἰκίαν
851 2632 1037 2704 ἀπῄει.
1070 2634 1183 2687 Καὶ
1211 2636 1320 2699 πᾶς
1350 2636 1515 2700 τόπος
1539 2636 1638 2706 τῆς
1677 2636 1775 2689 Ἱε-

218 2726 479 2799 ρουσαλὴμ
510 2727 641 2783 ἔνθα
674 2722 880 2792 Πέτρος
912 2726 1183 2796 ἐφαίνετο,
1206 2727 1297 2782 τὸν
1320 2729 1553 2800 Χριστὸν
1574 2728 1773 2788 emat-

218 2819 298 2872 καὶ
331 2820 388 2873 τὸ
416 2818 626 2891 πλῆθος
657 2815 804 2891 εἶχεν
841 2818 1274 2874 ἀκολουθούντων
1317 2819 1614 2892 ἀρρώστων
1639 2863 1653 2887 ,
1685 2823 1779 2879 καὶ⁹

221 2910 424 2985 θέατρον
446 2913 576 2967 καθ’
603 2912 816 2986 ἡμέραν
837 2912 1139 2985 παράδοξον
1162 2914 1225 2967 ἐκ
1250 2914 1313 2985 δή
1322 2930 1421 2985 μου
1448 2931 1510 2968 συ
1519 2914 1774 2985 μμίκτου·

219 3003 311 3057 τῶν
350 3006 445 3075 μέν
484 3005 904 3075 συναγομένων,
948 3005 1034 3058 ἵνα
1087 3004 1199 3058 τῶν
1250 3004 1548 3076 ὀχλούντων
1594 3006 1779 3063 κακῶν

1862 537 2052 596 edens.
2106 541 2336 598 Tantam
2391 543 2537 599 enim
2588 542 2789 614 obiecit
2823 543 3031 600 crimen
3055 584 3071 610 ,
3106 542 3271 614 inque
3303 543 3434 600 illud

1863 643 2085 690 vocatus
2132 634 2294 691 homo
2340 636 2653 705 exspiravit.
2684 634 2800 692 Hoc
2845 652 2975 692 vero
3028 647 3290 707 quantum
3334 636 3433 703 sit,

1862 732 2232 795 quantamque
2265 723 2518 782 Ecclesiae
2553 728 2911 784 reverentiam
2960 743 3023 782 ac
3067 736 3269 784 metum
3292 726 3432 799 inje-

1862 816 2023 880 cerit,
2057 817 2197 871 haud
2225 831 2361 887 opus
2388 819 2572 874 doceri
2604 818 2920 877 habeamus.
2972 820 3088 875 Duo
3131 820 3330 891 quippe
3355 821 3433 876 si-

1864 907 1973 961 mul
1997 906 2233 963 confecit
2258 948 2275 974 ,
2315 918 2372 963 ut
2403 911 2677 978 nimirum,
2710 926 2833 967 cum
2867 911 3116 969 Salvator
3149 911 3289 968 Deus
3309 926 3432 968 esse

1864 999 2226 1067 crederetur;
2280 1008 2394 1056 tum
2434 1011 2492 1058 ut
2508 1001 2626 1071 eius
2655 1005 2860 1060 doctori
2899 1004 3076 1076 leg-nm
3117 1004 3309 1060 adesse
3337 1020 3433 1059 co-

1865 1091 2028 1147 mites
2052 1093 2307 1164 angelos,
2345 1095 2435 1165 qui
2459 1104 2709 1166 prompte
2740 1105 2797 1152 ut
2845 1097 3121 1167 apostolus
3153 1096 3434 1160 voluisset,

1863 1197 2313 1257 exsequerentur.
2356 1188 2533 1243 Voluit
2567 1188 2756 1246 claudo
2801 1188 3121 1245 beneficium
3155 1199 3434 1259 praestare,

1867 1279 2109 1350 nihilque
2162 1281 2335 1348 gratia
2382 1280 2647 1347 tardavit;
2672 1270 2837 1337 voluit
2871 1281 3062 1351 punire
3093 1280 3437 1350 sacrilegum,

1867 1386 2102 1442 moxque
2127 1387 2284 1444 pinna
2316 1382 2514 1444 presto
2535 1372 2655 1429 fuit.
2834 1362 2851 1373 Χ

1937 1463 2104 1519 Erant
2146 1466 2261 1520 haec
2298 1467 2538 1533 abunde,
2587 1476 2646 1520 ut
2681 1465 2763 1520 vel
2798 1465 3033 1535 lapideas
3074 1473 3282 1520 mentes
3322 1472 3439 1519 stu-

1868 1567 2000 1624 pore
2030 1554 2308 1611 aﬂicerent
2335 1597 2352 1624 ,
2406 1566 2717 1627 certamque
2743 1557 2965 1612 omnino
2996 1555 3234 1611 facerent
3258 1555 3439 1619 iidem,

1867 1645 2070 1701 nullam
2120 1646 2263 1703 Petri
2314 1649 2473 1704 verba
2525 1649 2726 1705 habere
2760 1649 3166 1719 deceptionem;
3194 1648 3287 1703 sed
3315 1659 3442 1701 vere

1872 1736 2039 1792 Deum
2065 1752 2185 1794 cum
2229 1740 2345 1811 ipso
2373 1755 2533 1805 esse,
2570 1751 2923 1812 sanctumque
2964 1756 3027 1796 ac
3053 1741 3283 1796 veritate
3334 1737 3439 1794 ful-

1873 1839 2011 1897 tum,
2036 1833 2179 1903 quod
2204 1836 2560 1891 annuntiabat
2584 1845 3006 1898 sacramentum,
3028 1834 3310 1891 exsistere.
3335 1831 3445 1887 Sed

1873 1930 1925 1979 et
1949 1925 2052 1979 hoc
2088 1927 2432 1982 attendamus
2461 1941 2739 1982 necessum
2770 1928 2881 1992 sit;
2917 1925 3045 1981 illud
3087 1924 3304 1995 quidem
3346 1937 3445 1994 pu-

1873 2014 2069 2071 niendo
2109 2030 2174 2072 ac
2217 2032 2405 2072 necem
2465 2018 2784 2086 inferendo,
2839 2017 3007 2075 semel
3063 2017 3326 2073 duntaxat
3374 2015 3443 2070 ab

1883 2106 2128 2178 apostolo
2149 2123 2248 2164 usu
2278 2110 2542 2166 suadente
2569 2112 2777 2180 signum
2818 2118 3134 2180 usurpatum
3165 2122 3306 2172 esse,
3338 2121 3445 2177 quo

1874 2201 1963 2267 iis,
1991 2200 2084 2273 qui
2113 2201 2254 2258 mala
2297 2211 2477 2258 essent
2501 2201 2808 2268 voluntate,
2835 2202 3131 2272 castigandi
3165 2200 3447 2271 potestatis

1873 2294 2147 2363 specimen
2182 2293 2501 2361 exhiberet;
2542 2294 2804 2351 beneficia
2855 2303 3035 2349 autem
3071 2307 3133 2348 ac
3162 2292 3444 2356 sanitates,

1875 2386 2114 2454 quotidie
2140 2400 2206 2442 ac
2232 2385 2436 2456 iugiter
2484 2387 2843 2457 praestitisse:
2877 2395 3133 2457 tantaque
3190 2391 3309 2439 erat
3354 2398 3448 2441 cu-

1876 2476 2029 2532 randi
2061 2491 2127 2532 ac
2165 2477 2355 2547 gratia:
2410 2476 2672 2544 facilitas,
2717 2486 2776 2532 ut
2820 2492 2978 2533 nemo
3006 2483 3256 2545 aegrotus
3292 2489 3449 2531 sece-

1877 2560 2034 2627 dens,
2058 2576 2153 2631 spe
2174 2576 2268 2617 sua
2290 2560 2580 2617 frustratus
2605 2564 2817 2628 abiret,
2839 2563 2933 2619 sed
2959 2564 3168 2641 integer
3188 2577 3254 2617 ac
3282 2576 3449 2617 sanus

1876 2652 2093 2709 domum
2141 2662 2524 2709 reverteretur.
2572 2652 2829 2724 Quisquis
2879 2669 3009 2709 vero
3063 2651 3450 2725 Hierosolymis

1876 2742 2098 2800 Petrum
2122 2743 2271 2801 locus
2297 2744 2552 2811 habebat,
2585 2745 2632 2802 is
2655 2744 2933 2801 Christum
2959 2744 3317 2815 loquebatur;
3348 2744 3446 2799 ba-

1877 2836 2147 2907 bebntque
2175 2846 2490 2909 sequentem
2529 2838 2871 2893 inﬁrmorum
2923 2838 3359 2903 multitudinem,
3384 2851 3450 2889 ac

1878 2929 2126 2985 mirabile
2173 2929 2365 2987 diebus
2407 2931 2637 3000 singulis
2672 2930 2992 3000 promiscuae
3030 2929 3197 3000 plebis
3243 2938 3452 2998 speeta-

1881 3023 2095 3089 cuium;
2133 3024 2473 3094 congregatis
2524 3022 2644 3079 aliis
2692 3021 2994 3094 quaerendae
3036 3035 3202 3079 causa
3252 3020 3450 3075 libera-

221 3095 587 3166 ἀπαλλαγῶσι,
621 3096 730 3151 τῶν
764 3097 854 3164 δέ,
888 3098 974 3150 ἵνα
1005 3097 1132 3163 τοὺς
1160 3096 1626 3170 θεραπευομένους
1664 3099 1781 3155 θεά·

1880 3114 2044 3169 tionis
2095 3128 2126 3168 a
2179 3113 2441 3169 maiorum
2471 3112 2744 3179 molestia;
2772 3111 2892 3166 aliis
2943 3126 3101 3175 vero,
3146 3118 3205 3164 ut
3246 3111 3449 3179 imper-

229 3204 424 3245 σωνιαι.
459 3190 623 3245 Οὕτω
684 3206 766 3243 τοι
809 3190 1030 3243 κάκεῖνο
1061 3189 1190 3260 περὶ
1222 3190 1317 3244 τοῦ
1391 3190 1777 3246 ἀποστόλουςτὸ

224 3277 514 3359 θαυμαστὸν
564 3281 979 3353 ἀναγέγραπται
999 3325 1014 3348 ,
1047 3281 1077 3335 6
1106 3283 1192 3337 ἐπ’
1241 3282 1415 3337 οὐδενὶ
1460 3284 1568 3337 τῶν
1604 3283 1776 3338 ἄλλων

223 3368 414 3442 ἐλέχθη,
442 3373 529 3426 ὅτι
558 3373 607 3426 οἱ
637 3374 937 3441 συγγενεῖς,
963 3373 1057 3427 καὶ
1083 3374 1130 3426 oi
1160 3372 1270 3427 τῶν
1302 3373 1669 3428 ἀσθενούντων
1697 3376 1777 3428 oi-

225 3465 359 3527 κεῖοι,
388 3463 586 3536 ἔφερον
618 3464 817 3531 αὐτοὺς
849 3464 942 3518 ἐπὶ
976 3463 1172 3519 κλινῶν
1199 3464 1455 3539 δημοσίᾳ,
1483 3466 1584 3520 ἵνα
1612 3465 1778 3535 ἐρχοο

221 3569 385 3621 μενον
412 3558 664 3625 Πέτρου,
688 3552 805 3609 κᾶν
828 3560 867 3625 ἡ
887 3555 1034 3611 σκιά
1059 3556 1383 3627 ἐπισκιάσῃ
1417 3557 1532 3612 τινί
1559 3557 1776 3613 αὐτῶν.

226 3646 376 3702 Τοῦτο
407 3650 504 3721 μὲν
537 3644 634 3702 οὖν
674 3648 857 3720 μεῖζον
904 3650 998 3704 καὶ
1044 3649 1153 3705 τῶν
1194 3651 1526 3707 δεσποτικῶν
1569 3652 1670 3707 θαυ
1678 3670 1780 3725 μα-

235 3737 346 3794 σίων
365 3755 378 3770 ·
407 3741 499 3795 καὶ
524 3744 554 3796 6
578 3740 764 3805 δοῦλος
786 3741 1109 3813 εὐφημεῖται
1134 3743 1270 3816 ὑπὲρ
1299 3744 1389 3799 τὸν
1419 3743 1640 3817 Κύριον.
1669 3747 1780 3800 Καὶ

229 3829 350 3903 τάχα
368 3834 424 3887 ἐν
439 3834 619 3906 τούτῳ
634 3832 712 3905 τῷ
733 3835 941 3907 σημείῳ
963 3835 1376 3909 συμπληροῢται
1398 3839 1430 3909 ἡ
1453 3840 1778 3911 προφητεία,

230 3920 286 3992 ἢν
317 3926 343 3978 ὁ
371 3927 559 3998 Σωτὴρ
591 3926 729 3997 πρὸς
758 3926 885 3989 τοὺς
916 3926 1167 3998 μαθητὰς
1201 3929 1495 4001 ἐποιήσατο
1514 3946 1528 3960 ·
1580 3929 1780 4001 Ἀμὴν,

231 4012 372 4083 ἀμὴν
414 4017 572 4087 λέγω
606 4017 775 4087 ὑμῖν·
814 4016 877 4071 Ὀ
915 4019 1218 4073 πιστεύων
1260 4021 1349 4086 εὶς
1375 4020 1514 4090 ἐμὲ,
1542 4020 1614 4076 τὰ
1639 4023 1783 4094 ἔργα

233 4102 264 4156 d
284 4106 389 4175 ἐγὼ
417 4106 588 4172 ποιῶ,
643 4107 920 4175 κάκεῖνος
951 4109 1214 4175 ποιήσει,
1260 4110 1358 4165 καὶ
1384 4109 1625 4182 μείζονα
1648 4114 1783 4170 ταύ-

235 4211 333 4249 των
366 4198 625 4266 ποιήσει.
674 4198 845 4253 Τοῦτο
874 4199 932 4253 δὲ
969 4200 1097 4255 ὅταν
1137 4199 1280 4271 λέγω
1301 4243 1315 4267 ,
1349 4202 1410 4256 οὐ
1467 4203 1559 4257 τὸν
1596 4203 1784 4260 δοῦλον

235 4289 297 4360 τῷ
338 4294 578 4365 Δεσπότῃ
628 4292 920 4365 συγκρίνω.
1005 4294 1256 4364 Ἀπαγεί
1328 4296 1673 4368 Μαινομένου
1722 4296 1785 4351 τὸ

235 4384 419 4456 νόημα·
462 4386 581 4441 ἀλλ’
626 4386 710 4439 δτι
736 4385 826 4439 διὰ
845 4385 955 4440 τῶν
979 4385 1175 4440 ἑαυτοῦ
1206 4385 1554 4456 θεραπόντων
1579 4388 1608 4441 6
1628 4386 1782 4459 Θεὸς,

1883 3206 2077 3261 ιίοηιιαι
2128 3205 2376 3261 sartitatis
2422 3213 2756 3275 spectatores
2812 3212 3017 3261 essent.
3074 3203 3168 3259 Sic
3219 3216 3452 3271 namque

1881 3295 2048 3350 etiam
2095 3293 2224 3349 illud
2256 3294 2504 3351 mirabile
2551 3295 2618 3349 de
2655 3295 2903 3365 apostolo
2944 3294 3310 3363 conscriptum
3345 3300 3452 3358 est,

1882 3386 1949 3440 de
1973 3386 2163 3454 quovis
2190 3386 2298 3441 alio
2321 3387 2619 3445 inauditum
2641 3425 2657 3452 ,
2697 3395 2757 3441 ut
2798 3386 3078 3450 nimirum,
3111 3385 3451 3440 infirmorum

1882 3477 2096 3546 cognati
2124 3491 2188 3533 ac
2220 3478 2526 3551 domestici,
2555 3478 2764 3547 publice
2802 3491 2898 3536 eos
2931 3479 2984 3533 in
3027 3477 3182 3532 lectis
3218 3490 3455 3545 expone-

1883 3573 2043 3631 rent,
2098 3574 2156 3620 ιιι
2226 3567 2455 3623 veniente
2504 3565 2666 3623 Petro
2724 3568 2909 3623 umbra
2968 3566 3115 3621 illius
3173 3567 3455 3621 obumbra-

1888 3668 1966 3715 τοι
2007 3675 2319 3730 quemquam
2364 3658 2576 3714 illorum
2615 3660 2662 3693 ”
2700 3677 2714 3714 :
2765 3673 2927 3731 porro
2972 3660 3074 3713 hoc
3120 3658 3294 3728 majus
3337 3669 3451 3712 erat

1885 3751 2182 3811 Dominicis
2246 3752 2556 3820 miraculis,
2611 3754 2854 3823 adeoque
2921 3767 3110 3807 servus
3167 3750 3453 3806 ceiebriori

1886 3859 1996 3915 pra:
2049 3845 2276 3902 Domino
2316 3846 2458 3901 fama
2500 3845 2749 3902 habetur.
2779 3845 2859 3900 Ac
2896 3844 3036 3900 forte
3071 3844 3124 3899 in
3152 3844 3306 3914 signo
3346 3842 3455 3895 isto

1886 3936 2206 4008 completur,
2249 3953 2409 4008 quam
2447 3936 2696 3993 Salvator
2722 3936 3059 4007 prophetiam
3103 3934 3170 3991 ad
3218 3935 3457 4002 discipu-

1887 4027 1970 4084 los
1997 4040 2082 4085 est
2114 4028 2327 4085 locutus
2353 4046 2369 4085 :
2410 4029 2604 4093 Amen,
2639 4045 2791 4083 amen
2817 4029 2938 4083 dico
2966 4028 3140 4089 vobis,
3171 4028 3261 4094 qui
3293 4027 3454 4080 credit

1887 4121 1943 4178 in
1974 4137 2075 4187 me,
2099 4137 2256 4191 opera
2293 4137 2410 4190 qua:
2441 4136 2534 4190 ego
2557 4119 2718 4188 facio,
2748 4131 2795 4172 et
2824 4120 2933 4188 ipse
2960 4119 3140 4188 faciet,
3167 4127 3215 4171 et
3251 4117 3455 4186 majora

1890 4212 2077 4268 horam
2099 4212 2256 4282 faciet
2285 4212 2353 4267 ⁸³.
2382 4210 2516 4268 Cum
2544 4221 2722 4267 autem
2769 4212 2870 4266 hoc
2901 4211 3019 4266 dico
3040 4249 3057 4275 ,
3081 4209 3301 4266 minime
3325 4222 3459 4279 gen-

1888 4302 2024 4359 tium
2058 4317 2273 4361 servum
2320 4319 2443 4361 cum
2478 4303 2705 4363 Domino
2741 4316 3019 4374 comparo.
3073 4300 3335 4372 Apsgesis
3368 4299 3453 4355 lu-

1890 4396 2063 4454 rentis
2097 4411 2351 4463 sensum;
2400 4395 2495 4452 sed
2547 4396 2733 4460 Deum,
2787 4394 2878 4465 qui
2924 4408 3024 4464 per
3065 4390 3295 4446 famulos
3328 4404 3458 4447 suos

234 4475 318 4546 τὴν
342 4478 526 4533 ἐαυτοῦ
553 4477 784 4549 δύναμιν
810 4477 1239 4550 ἐνδεικνύμενος,
1269 4477 1459 4532 οὐδένα
1482 4477 1588 4532 τῶν
1613 4478 1790 4552 μαθη-

1888 4491 2140 4560 potentia:
2178 4504 2290 4545 suae
2331 4488 2600 4560 specimen
2643 4488 2814 4553 edat,
2869 4486 3074 4545 nullum
3112 4498 3145 4540 e
3177 4484 3457 4554 discipulis

116 4584 117 4591 ‘
235 4566 346 4633 τῶν,
376 4571 448 4635 ὡς
478 4571 710 4643 Πέτρον,
742 4572 862 4634 ταῖς
893 4569 1048 4633 ίδίαις
1075 4569 1302 4640 δωρεαῖς
1328 4569 1786 4642 κατεπλούτησεψ

237 4659 353 4715 ἀλλὰ
376 4665 466 4718 καὶ
489 4666 707 4721 πάντων
729 4664 891 4719 αὐτὸν
916 4662 1244 4734 προῦθηκεν,
1268 4662 1488 4733 ὐψώσας
1506 4664 1627 4727 ταῖς
1648 4661 1789 4716 άνω-

239 4749 316 4807 θεν
339 4754 580 4828 δωρεαῖς·
612 4757 709 4811 καὶ
724 4756 911 4830 ὥσπερ
934 4754 1152 4825 πρῶτος
1173 4754 1442 4827 μαθητὴς,
1464 4753 1557 4808 καὶ
1586 4750 1786 4825 μείζων

237 4844 331 4900 τῶν
346 4849 584 4918 ἀδελφῶν
609 4849 705 4903 ἐπὶ
728 4848 828 4919 τῆς
856 4847 1051 4919 πείρας
1073 4846 1180 4901 τῶν
1204 4845 1547 4919 πραγμάτων
1570 4842 1786 4917 ἐδείχθη

238 4936 295 5006 τῇ
317 4936 531 5010 δυνάμει
557 4937 654 4993 τοῦ
683 4936 1021 5008 Πνεύματος.
1051 4935 1276 5007 Πρῶτος
1303 4934 1507 5006 ἐκλήθη
1529 4974 1544 4999 ,
1570 4932 1668 4988 καὶ
1690 4950 1790 4989 τα-

241 5026 360 5097 χέως
386 5031 694 5104 ὐπήκουσε³
729 5029 866 5102 πρὸς
901 5030 1016 5093 τοῖς
1041 5027 1308 5099 αἰγιαλοῖς
1340 5024 1585 5099 εὑρεθεὶς
1616 5026 1675 5079 ἐν
1709 5023 1788 5096 τῷ

240 5120 519 5191 ταραχώδει
567 5120 666 5175 τοῦ
695 5120 905 5191 κόσμου
948 5116 1163 5191 χωρίῳ,
1197 5119 1227 5171 6
1267 5118 1381 5180 τοῖς
1412 5114 1658 5187 κύμασιν
1698 5114 1789 5171 ἀεὶ

247 5210 327 5282 τῆς
350 5213 693 5287 ἀνθρωπικῖκ
725 5212 891 5285 ζάλης
922 5208 1414 5283 περιψοφούμενος,
1443 5206 1788 5262 ἀδιάλειπτον

246 5298 341 5372 εχει
366 5306 460 5376 τὴν
495 5306 707 5377 βοῶσαν
746 5306 876 5377 περὶ
906 5304 1006 5368 τὰς
1041 5304 1229 5373 ὴῖόνας
1257 5300 1444 5372 εὐχήν.
1481 5299 1702 5372 Πρῶτος
1728 5300 1791 5354 ἐν

248 5387 563 5467 Χριστιανοῖς
604 5397 714 5451 τῶν
753 5396 1033 5468 κοσμικῶν
1078 5393 1218 5448 ὑλῶν
1249 5394 1623 5466 κατεφρόνησε
1642 5434 1658 5461 ,
1691 5393 1788 5448 καὶ

246 5483 338 5538 τῶν
361 5488 415 5541 ἐν
450 5489 576 5544 ποσὶ
612 5490 828 5545 πάντων
868 5486 1172 5560 ὑπεριδὼν,
1205 5485 1343 5557 πρὸς
1384 5485 1451 5540 τὰ
1484 5486 1651 5557 νοητὰ
1692 5485 1787 5540 καὶ

250 5574 564 5652 ὐπερκόσμια
592 5581 936 5653 μετετάξατο.

308 5776 348 5810 ³⁸
534 5782 740 5854 ἔχοντα.
816 5785 860 5818 ³⁸
895 5784 1016 5841 Aci.
1050 5800 1100 5852 ν,
1138 5783 1223 5839 15.
1296 5782 1340 5814 ⁸³
1366 5779 1521 5840 Joan.
1549 5798 1659 5852 xtt',
1691 5783 1779 5838 12.

1890 4581 2004 4640 suis
2072 4579 2294 4651 perinde
2337 4593 2401 4635 ac
2450 4577 2670 4634 Petrum
2721 4578 3039 4635 muneribus
3098 4576 3458 4647 locupletasse

1891 4672 2176 4744 pronuntio
2203 4671 2371 4742 :qnin
2402 4671 2652 4742 supernis
2679 4671 2964 4726 sublimem
2987 4669 3237 4726 eifectum
3272 4668 3455 4753 donis,

1886 4764 2156 4821 universis
2206 4779 2335 4821 eum
2389 4763 2712 4837 praetulisse.
2761 4763 2848 4821 Uti
2881 4778 3011 4820 vero
3063 4761 3455 4832 discipulorum

1888 4852 2180 4924 primatum
2208 4860 2388 4920 tenet;
2421 4851 2592 4922 major
2619 4866 2836 4923 quoque
2866 4851 3006 4907 inter
3028 4849 3225 4907 fratres
3272 4863 3455 4905 rerum

1887 4944 2258 5013 experimento
2292 4955 2392 5013 per
2441 4940 2677 5012 Spiritus
2704 4941 2883 4999 sancti
2910 4941 3165 4997 virtutem
3206 4948 3458 4996 ostensus

1887 5038 1992 5086 est.
2025 5028 2241 5088 Primus
2286 5037 2544 5095 vocatus,
2576 5030 2684 5085 cito
2733 5027 3026 5087 obsecutus
3066 5037 3183 5093 est,
3230 5042 3355 5085 cum
3403 5026 3456 5082 in

1885 5119 2108 5189 littore,
2155 5119 2211 5177 in
2247 5118 2429 5176 mundi
2477 5117 2595 5174 loco
2639 5132 2836 5189 aspero
2889 5117 3141 5176 inventus
3186 5125 3359 5175 esset.
3403 5115 3458 5172 ls

1890 5225 2124 5281 namque
2182 5210 2429 5266 humana:
2454 5222 2579 5265 eum
2609 5208 2943 5280 tempestatis
2977 5207 3175 5280 iugiter
3221 5207 3459 5263 circum-

1892 5297 2258 5370 strepentibus
2284 5296 2532 5354 iluctibus
2550 5335 2567 5362 ,
2610 5298 2926 5352 continuum
2953 5296 3097 5355 circa
3123 5294 3305 5349 littora
3333 5307 3462 5362 pre-

1893 5403 2018 5444 cum
2056 5387 2344 5447 clamorem
2378 5401 2444 5442 ac
2475 5395 2597 5442 vota
2631 5387 2814 5443 habet.
2855 5384 3070 5441 Primus
3112 5382 3258 5441 inter
3298 5381 3460 5439 Chri-

1891 5478 2099 5537 stianos
2144 5477 2328 5534 saeculi
2375 5492 2465 5535 res
2503 5477 2739 5548 sprevit,
2788 5472 3168 5546 despectisqne
3208 5471 3456 5529 omnibus

1893 5587 2013 5643 qua:
2035 5571 2089 5626 in
2116 5571 2340 5641 pedibus
2371 5585 2435 5625 ac
2467 5570 2733 5625 mundana
2761 5574 2906 5632 sunt,
2930 5564 3166 5623 studium
3193 5565 3433 5623 animum

1895 5677 1999 5733 que
2028 5663 2091 5718 ad
2117 5661 2381 5733 spiritalia
2413 5674 2477 5716 ac
2509 5657 2747 5717 cmlestia
2777 5654 3038 5714 traduxit.
