3856 6274
378 283 500 372 275'

1657 313 1718 369 S.
1757 308 2035 365 AS'I‘ERII
2075 310 2380 366 AMASENI

3525 305 3652 360 276

451 433 606 489 Dicat
655 449 786 490 vero
829 441 972 490 torte
1019 448 1206 489 eorum
1254 433 1479 504 aliquis,
1541 431 1632 501 qui
1672 446 1960 500 pauperem

2133 431 2243 483 Καὶ
2275 429 2436 499 τυχὸν
2485 429 2602 498 ἐρεῖ
2647 445 2729 490 τις
2773 425 2882 479 τῶν
2941 425 3150 494 πένητα
3191 421 3284 475 καὶ
3327 421 3502 492 ἀφανῆ
3545 420 3655 477 τὸν

377 538 544 598 atque
576 529 868 584 obscurum
898 535 983 582 ter
1003 527 1221 582 beatum
1263 526 1411 579 illum
1444 524 1716 594 appellare
1745 522 1958 577 solent:

377 621 515 688 Quid
575 621 853 675 enimvero
899 619 989 675 ille
1042 618 1304 687 reliquit?
1349 617 1462 684 Qua
1513 631 1572 671 se
1618 617 1963 684 possessione

378 709 690 763 abdicavit?
755 707 1036 769 Universa,
1091 721 1125 761 o
1169 707 1353 772 homo,
1410 705 1636 767 dimisit,
1696 719 1816 773 qua:
1863 705 1961 758 ha-

376 798 518 852 buit.
575 797 783 866 Cuique
840 811 981 864 vero,
1034 796 1175 865 quod
1227 796 1486 864 possidet,
1536 809 1785 864 magnum
1829 804 1960 849 est:

381 890 638 960 illudque,
679 889 878 944 divitia:
909 897 1069 952 sunt,
1096 887 1238 957 quod
1285 887 1460 940 tenuis
1514 901 1578 940 ac
1633 901 1839 955 egenus
1871 885 1965 938 ha—

381 983 470 1037 bet
550 981 754 1037 Similis
813 981 955 1052 apud
1006 980 1174 1034 Deum
1229 977 1417 1040 habet,
1475 987 1585 1031 tum
1635 978 1726 1046 qui
1774 991 1965 1030 currus

381 1073 638 1137 dimittit,
692 1080 807 1126 tum
857 1071 949 1140 qui
1003 1073 1303 1124 contemnit
1339 1069 1574 1123 asinum.
1628 1067 1780 1135 Quod
1817 1067 1960 1122 enim

381 1159 533 1214 diviti
574 1159 730 1230 equis
795 1168 1030 1229 quatuor
1087 1165 1271 1211 vectus
1324 1170 1542 1219 currus,
1592 1155 1695 1211 hoc
1753 1153 1965 1209 clitellae

383 1251 517 1306 viles
555 1251 798 1319 pauperi.
849 1249 1080 1303 Perinde
1127 1257 1306 1302 autem
1348 1247 1700 1316 phi|050phus
1721 1255 1822 1310 est,
1851 1254 1962 1298 tum

385 1343 474 1411 qui
520 1350 832 1413 argenteam
895 1354 960 1394 ac
1019 1338 1262 1394 historiis
1316 1339 1464 1391 varie
1525 1337 1830 1391 distinctam
1883 1351 1967 1391 or-

386 1446 704 1505 natamque,
748 1443 858 1486 tum
899 1432 988 1502 qui
1031 1431 1265 1500 ligneam
1328 1429 1556 1498 vilisque
1606 1428 1762 1497 prctii
1815 1442 1965 1481 meu-

388 1545 504 1583 sam
542 1526 834 1596 relinquit;
872 1539 937 1578 ac
975 1523 1252 1586 similiter,
1301 1531 1412 1575 tum
1446 1521 1536 1590 qui
1574 1519 1830 1590 frequens
1866 1521 1967 1574 b0-

389 1619 624 1674 minibus
668 1619 964 1688 oppidum,
1021 1628 1135 1670 tum
1194 1615 1286 1684 qui
1335 1614 1588 1685 exiguum
1639 1613 1963 1667 hortulum:

389 1713 481 1782 qui
521 1722 725 1768 vestem
779 1726 914 1765 auro
967 1719 1205 1776 textam,
1251 1710 1453 1778 quique
1499 1716 1732 1763 veterem
1770 1722 1835 1762 ac
1871 1709 1968 1761 de-

2062 522 2466 594 τρισμακάριον
2509 521 2714 573 ἐκεῖνον
2775 515 3229 571 ἀποκαλούντων·
3273 512 3338 567 Τί
3381 511 3487 582 γὰρ
3529 514 3656 565 ἀπ·

2063 615 2255 680 έθετο;
2302 615 2366 668 Τί
2393 617 2450 669 δὲ
2479 613 2860 683 ἀπεκτήσατο;
2896 608 3080 662 Πάντα
3111 607 3211 660 ὅσα
3237 599 3412 674 εἶχεν,
3462 595 3506 654 ὦ
3549 604 3658 658 ἇν-

2067 707 2253 778 θρωπε
2273 724 2286 739 ⁸
2321 707 2534 776 ἑκάστῳ
2564 705 2641 768 δὲ,
2664 704 2692 756 ὃ
2719 704 3002 773 κέκτηται,
3031 700 3171 771 μέγα
3193 714 3208 729 ’
3242 697 3462 749 κάκεῖνο
3479 695 3659 748 πλοῦ-

2064 816 2178 862 τος,
2205 798 2234 851 6
2269 797 2382 868 ἔχει
2422 798 2707 867 ἀκτήμων.
2736 795 2964 864 Ὀμοιος
3013 789 3163 862 παρά
3201 787 3278 859 τῷ
3303 787 3421 859 Θεῷ
3452 787 3655 855 φαίνε-

2065 910 2176 952 ται,
2219 892 2313 944 καὶ
2345 891 2374 943 6
2405 890 2474 942 τὰ
2500 890 2722 962 ἅρματα
2752 885 3107 956 ἀποθέμενος,
3136 883 3230 937 καὶ
3256 882 3284 934 6
3312 883 3661 951 καταφρονή-

2068 1003 2166 1048 σας
2229 985 2322 1038 τοῦ
2387 984 2530 1037 δνου.
2577 983 2751 1051 Ὅπερ
2824 980 2932 1050 γάρ
2979 980 3093 1031 ἐστι
3157 976 3232 1043 τῷ
3305 976 3538 1046 πλουσίῳ
3588 974 3661 1027 τὸ

2064 1077 2392 1150 τέθριππον,
2437 1075 2594 1128 τοῦτο
2623 1075 2700 1144 τῷ
2715 1074 2906 1143 πένητι
2935 1075 2964 1126 6
2993 1069 3658 1142 εύτελὴςκανθήλιος.Φι-

2065 1169 2291 1237 λὸσοφος
2319 1168 2376 1220 δέ
2405 1170 2552 1220 ἐστιν
2587 1166 2807 1236 ὁμοίως,
2841 1165 2934 1218 καὶ
2961 1166 2989 1218 6
3022 1163 3118 1234 τὴν
3143 1162 3389 1234 ἀργυρᾶν
3417 1159 3660 1212 καταλι-

2067 1259 2184 1315 πὼν
2207 1261 2504 1334 τράπεζαν,
2526 1259 2624 1323 τὴν
2647 1261 2767 1320 ταῖς
2789 1255 3054 1328 ἱστορίαις
3077 1252 3522 1322 πεποικιλμένην,
3552 1249 3661 1304 καὶ

2065 1357 2093 1408 6
2122 1355 2221 1425 τὴν
2245 1353 2462 1422 ξυλίνην
2499 1351 2595 1422 τὴν
2627 1350 2855 1404 εὔωνον·
2887 1347 3090 1419 ὁμοίως
3125 1347 3217 1398 καὶ
3260 1347 3288 1398 6
3319 1345 3416 1414 τὴν
3450 1341 3659 1412 κώμην

2067 1449 2164 1517 τὴν
2214 1445 2674 1517 πολυάνθρωπον,
2713 1443 2808 1496 καὶ
2855 1441 2916 1495 τὸ
2961 1440 3154 1511 μικρὸν
3191 1436 3424 1507 κηπίον
3476 1437 3504 1488 6
3549 1433 3661 1504 τὴν

2069 1537 2271 1607 ἐσθῆτα
2297 1537 2394 1607 τὴν
2421 1536 2816 1606 χρυσόπαστον.
2853 1534 2948 1585 καὶ
2975 1533 3066 1585 τὸν
3096 1528 3547 1599 πεπαλαιωμένον
3581 1543 3665 1596 χι-

2068 1627 2231 1681 τῶνα.
2267 1628 2340 1679 Ού
2371 1625 2476 1696 γὰρ
2512 1627 2570 1676 ἐν
2597 1624 2676 1694 τῷ
2701 1622 2896 1693 πλήθει
2927 1622 3022 1674 καὶ
3051 1622 3116 1691 τῇ
3147 1619 3393 1687 ποιότητι
3432 1615 3540 1668 τῶν
3569 1613 3660 1666 δι-

2069 1718 2307 1788 δομένων
2362 1719 2390 1770 6
2453 1717 2584 1781 Θεὸς
2635 1717 2698 1769 τὸ
2743 1713 3089 1786 μεταδοτικὸν
3133 1712 3226 1765 καί
3269 1709 3665 1779 φιλάνθρωπον

393 1807 574 1860 tritam
629 1805 889 1859 tunicam.
939 1801 1054 1858 Non
1108 1804 1250 1859 enim
1299 1803 1438 1858 Deus
1485 1801 1827 1856 multitudine
1876 1810 1968 1855 aut

2078 1812 2264 1881 κρίνει·
2291 1810 2425 1864 ἀλλά
2451 1810 2548 1881 τὴν
2583 1809 2901 1880 προαίρεσιν
2927 1804 3250 1874 ἀποδέχεται
3273 1802 3366 1855 τοῦ
3393 1800 3658 1862 διδόντος.

389 1896 651 1966 qualitate
689 1897 888 1966 eorum]
931 1911 1052 1965 quae
1128 1896 1349 1960 dantur,
1381 1893 1724 1950 collationem
1759 1892 1968 1962 judicat

391 2004 456 2044 ac
497 1988 890 2045 humanitatem
916 2031 930 2054 ,
974 1989 1066 2044 sed
1090 1999 1298 2059 gratam
1336 1989 1500 2043 habet
1529 2003 1591 2042 ac
1618 1987 1811 2056 probat
1833 1987 1968 2041 dan-

394 2087 463 2142 tis
498 2083 850 2140 voluntatem.
896 2082 1256 2151 Quamobrem
1299 2083 1461 2136 etiam
1503 2079 1853 2150 Evangelium
1881 2079 1963 2134 vi-

393 2179 554 2232 duam
619 2176 764 2231 illam
801 2177 876 2230 uti
918 2176 1142 2244 probam
1185 2175 1548 2244 deprardicat,
1587 2187 1708 2243 quas
1750 2172 1965 2228 obolqu

394 2271 665 2340 impertita
699 2277 876 2334 esset;
909 2268 1051 2337 quod
1082 2265 1211 2320 nihil
1240 2266 1551 2322 retinuisset
1591 2279 1780 2319 eorum
1849 2279 1969 2334 quae

396 2361 629 2416 habebat
655 2360 720 2413 ".
757 2359 896 2426 Quin
927 2359 1091 2414 etiam
1115 2399 1130 2426 ,
1173 2358 1264 2428 qui
1309 2373 1462 2428 aqua:
1509 2355 1716 2427 frigida:
1743 2355 1968 2411 calicem

396 2451 731 2522 praebuerit,
793 2449 1028 2519 expediti
1124 2463 1311 2503 revera
1390 2447 1673 2516 facilisque
1737 2444 1968 2500 convivii

398 2543 722 2606 mercedem,
761 2556 982 2610 regnum
1011 2549 1333 2610 accepturus
1355 2551 1435 2596 est
1453 2541 1520 2593 ⁸³.
1556 2539 1630 2594 Eo
1657 2538 1798 2592 enim
1829 2537 1969 2607 quod

397 2635 750 2704 suppetebat,
780 2634 1014 2688 sitientis
1059 2635 1439 2687 necessitatem
1471 2631 1715 2695 curavit;
1759 2628 1969 2682 tametsi

399 2727 508 2780 vini
543 2726 758 2781 odorati
797 2739 862 2778 ac
907 2725 1155 2795 generosi
1184 2723 1253 2778 ob
1283 2730 1653 2792 paupertatem
1684 2721 1836 2791 copia
1867 2734 1971 2774 non

398 2829 533 2873 erat.
567 2815 693 2871 Haec
727 2831 892 2886 porro
925 2829 1020 2885 per
1058 2814 1444 2885 indulgentiam
1479 2813 1622 2868 dico.
1651 2811 1802 2867 Haud
1826 2812 1970 2866 enim

399 2925 646 2979 prorsus,
680 2920 741 2964 ut
765 2908 888 2977 quis
927 2907 1190 2978 piscator,
1232 2907 1372 2961 idem
1407 2916 1461 2960 et
1495 2921 1698 2976 pauper
1723 2905 1971 2960 exsistat.

398 3002 480 3056 An
532 3001 714 3055 nescis
765 2999 1092 3069 piscatorem
1141 2997 1462 3067 margaritas
1509 2995 1774 3064 captare?
1831 2993 1974 3048 Mar-

401 3093 588 3164 garitae
616 3100 821 3156 autem,
855 3089 954 3146 ﬂos
983 3098 1110 3145 sunt
1147 3089 1498 3159 superbarum
1531 3087 1972 3158 excelsarumque

401 3185 735 3248 divitiarum,
754 3183 952 3254 quibus
979 3197 1132 3252 reges
1175 3190 1478 3236 ornantur:
1511 3181 1704 3250 quibus
1740 3179 1970 3244 feminae,

402 3292 563 3347 opum
619 3275 824 3345 pariter
883 3290 947 3330 ac
1012 3283 1237 3329 ornatus
1303 3282 1590 3334 amantes,
1655 3272 1972 3341 gloriantur.

407 3371 650 3425 Piscator
687 3382 980 3438 purpuram
1030 3366 1242 3444 inﬁcit,
1289 3366 1628 3420 decantatam
1687 3364 1862 3430 illam,
1915 3379 1977 3420 ac

405 3460 619 3529 imperii
646 3459 893 3529 insigniis
923 3455 1213 3511 addictam.
1243 3455 1549 3531 Piscatores
1597 3455 1869 3510 subﬂavas
1911 3471 1976 3509 ac

404 3554 553 3607 velut
587 3567 721 3606 auro
747 3550 940 3605 rutilas
980 3549 1129 3603 lanas
1165 3550 1416 3618 tingunt,
1447 3548 1644 3617 quibus
1669 3549 1863 3615 pinnas
1888 3545 1981 3600 lla-

405 3655 502 3694 vas
534 3638 774 3707 capiunt.
823 3635 978 3692 [laud
1019 3652 1149 3706 ergo
1195 3651 1383 3692 eorum
1446 3637 1578 3690 artis
1621 3637 1987 3690 instrumenta

407 3730 700 3799 spectanda
754 3727 862 3782 sint
914 3737 1168 3797 tanquam
1213 3726 1337 3781 vilia
1369 3741 1434 3781 ac
1463 3734 1808 3794 contempta;
1845 3734 1980 3790 rete,

409 3825 664 3889 inquam,
704 3836 768 3876 ac
802 3821 1083 3876 hamizex
1135 3834 1200 3875 eo
1257 3829 1440 3874 autem
1503 3819 1643 3888 quod
1701 3827 1978 3881 exercent,

408 3929 596 3968 eorum
636 3912 922 3970 facultates
953 3912 1195 3968 noveris.
1224 3910 1440 3980 Alioqui
1481 3911 1646 3976 enim,
1683 3909 1816 3964 nihil
1841 3910 1983 3978 agri-

410 4007 621 4060 cultura
664 4005 956 4076 pauperius
996 4014 1290 4067 occurrat,
1334 4013 1393 4056 ut
1427 4018 1495 4056 ex
1527 4002 1703 4074 ligone
1735 4017 1799 4056 ac
1834 4013 1986 4056 rutro

409 4099 528 4167 ejus
549 4099 674 4169 quis
700 4099 891 4168 probet
923 4097 1165 4152 divitias.
1205 4095 1312 4152 Sed
1343 4106 1398 4152 et
1428 4097 1461 4151 ii
1497 4096 1588 4166 qui
1617 4110 1798 4165 regem
1834 4095 1983 4150 illum

411 4195 759 4259 divitiarum,
820 4206 1012 4246 aurum
1079 4191 1325 4257 fodiunt,
1384 4190 1574 4260 inopes
1633 4199 1814 4244 erunt.
1861 4187 1986 4244 Sola

410 4289 608 4358 quippe
660 4286 806 4341 ascia
864 4285 945 4340 eis
983 4284 1106 4339 usui
1149 4293 1266 4347 est,
1301 4298 1363 4337 ac
1388 4282 1562 4353 lignea
1590 4281 1851 4348 scutella,
1881 4297 1987 4353 qua

411 4393 606 4434 aurum
655 4377 971 4433 discernant
997 4389 1029 4428 a
1070 4384 1237 4429 terra.
1264 4372 1502 4428 Taceant
1546 4371 1729 4441 itaque
1763 4372 1991 4444 gentiles

2000 3139 2046 3200 C

2073 1902 2162 1954 Διὸ
2193 1902 2285 1954 καὶ
2317 1901 2416 1972 τὴν
2449 1902 2626 1971 χήραν
2661 1899 2894 1970 ἐκείνην,
2929 1896 3004 1959 ὼς
3036 1894 3354 1964 εὐγνώμονα
3383 1891 3664 1962 κηρύσσει

2071 1997 2132 2049 τὸ
2161 1995 2513 2064 Εὑαγγέλιον,
2550 1994 2648 2060 τὴν
2685 1993 2744 2046 τὸ
2779 1992 2964 2045 ὀϐολὸν
2995 1989 3299 2043 ἐπιδοῦσαν*
3333 1985 3520 2056 ἐπειδὴ
3553 2001 3666 2055 μη-

2071 2088 2160 2140 δὲν
2203 2086 2649 2158 παρακατέσχεν,
2687 2077 2761 2137 ὧν
2804 2080 2936 2153 εἶχε.
2980 2081 3090 2134 Καὶ
3133 2081 3160 2132 6
3205 2077 3268 2131 τὸ
3305 2079 3567 2147 ποτήριον
3602 2075 3665 2126 δὲ

2073 2179 2266 2252 ὀρέξας
2304 2179 2398 2233 τοῦ
2438 2178 2646 2250 ψυχροῦ
2685 2176 2898 2240 ὓδατος,
2934 2173 3196 2244 λαμϐάνει
3228 2169 3416 2242 μισθὸν
3441 2169 3543 2237 τῆς
3571 2168 3664 2220 ὅν-

2073 2290 2178 2335 τως
2209 2272 2429 2325 εύκόλου
2460 2270 2782 2336 δεξιώσεως,
2806 2268 2902 2339 τὴν
2929 2265 3224 2337 βασιλείαν.
3251 2256 3321 2334 τῼ
3350 2262 3458 2333 γὰρ
3484 2255 3662 2330 εἶχεν,

2075 2364 2407 2434 ἐθεράπευσε
2437 2362 2532 2416 τοῦ
2547 2363 2809 2431 διψῶντος
2840 2361 2936 2432 τὴν
2969 2358 3249 2430 χρείαν,εί
3279 2357 3374 2409 καὶ
3410 2353 3483 2425 μὴ
3514 2371 3666 2424 παρ-

2076 2457 2140 2526 ἦν
2171 2456 2316 2526 αύτῷ
2338 2450 2478 2519 οἶνος
2509 2454 2807 2525 ἀνθοσμίας
2836 2451 2924 2504 διὰ
2961 2450 3175 2503 πενίαν.
3200 2447 3385 2502 Ταῦτα
3430 2445 3486 2498 δὲ
3511 2445 3666 2513 λέγω

2077 2547 2216 2601 κατά
2265 2545 2642 2618 συγχώρησιν,
2681 2544 2804 2597 ἐπεὶ
2847 2543 2906 2596 οὐ
2957 2542 3203 2604 πάντως,
3240 2539 3404 2600 εἴτις
3449 2536 3663 2600 ἁλιεὺς,

2076 2634 2228 2704 οὗτος
2256 2641 2347 2692 καὶ
2376 2639 2564 2710 πένης.
2598 2637 2711 2690 Οὐκ
2739 2633 2916 2699 οἶδας,
2949 2634 3024 2697 ὡς
3053 2633 3258 2696 ,ἁλιεὺς
3302 2628 3666 2702 μαργαριτῶν

2077 2731 2195 2783 ἐστι
2225 2729 2495 2801 θηρευτής
2521 2746 2535 2795 ;
2564 2729 2912 2800 Μαργαρῖται
2941 2726 2999 2779 δὲ
3021 2769 3033 2791 ,
3063 2723 3222 2788 ἄνθος
3250 2724 3357 2776 εἰσὶ
3390 2720 3484 2774 τοῦ
3518 2719 3662 2790 γαύ-

2083 2839 2176 2893 ρου
2201 2821 2293 2874 καὶ
2321 2818 2624 2890 ὑψαύχενος
2651 2817 2904 2880 πλούτου,
2932 2811 3013 2880 οἷς
3037 2815 3275 2887 βασιλεῖς
3303 2812 3665 2879 κοσμοῦνται,

2078 2907 2159 2976 οἷς
2189 2915 2442 2981 γυναῖκες
2470 2911 2814 2981 φιλόπλουτοι
2853 2910 2945 2964 καὶ
2971 2909 3290 2978 φιλόκοσμοι
3333 2905 3668 2974 ἐπαγάλλον-

2079 3022 2188 3058 ται.
2230 3003 2437 3066 Ἀλιευς
2471 3002 2665 3072 βάπτει
2699 3002 2798 3073 τὴν
2833 2999 3126 3071 ἁλουργίδα
3163 3000 3261 3071 τὴν
3288 2996 3665 3069 πολυθρύλλη-

2079 3113 2190 3162 τον,
2229 3095 2324 3149 καὶ
2360 3094 2741 3166 ἀφιερωμένην
2779 3095 2846 3164 τῇ
2875 3092 3148 3164 βασιλείᾳ·
3187 3090 3356 3154 ἁλιεῖς
3395 3089 3666 3160 βάπτουσι

2077 3187 2146 3240 τὰ
2177 3185 2460 3256 ὑπόχρυσα
2484 3184 2592 3237 τῶν
2618 3185 2800 3255 ἐρίων,
2832 3183 2927 3254 τὴν
2960 3181 3158 3252 ξανθὴν
3185 3180 3377 3236 πίνναν
3399 3177 3665 3249 θηρεύον-

2077 3295 2189 3341 τες.
2218 3278 2292 3330 υύ
2323 3277 2501 3329 τοίνυν
2525 3275 2604 3328 δεῖ
2625 3275 2913 3347 προσέχειν
2936 3276 3051 3336 τοῖς
3072 3272 3324 3344 ὀργάνοις
3343 3271 3442 3340 τῆς
3463 3271 3667 3342 τέχνης

2080 3368 2281 3434 αὐτῶν,
2307 3367 2382 3431 ὡς
2411 3366 2633 3430 εύώνοις
2667 3367 2760 3420 καὶ
2803 3365 3320 3436 εὐκαταφρονήτως,
3357 3362 3434 3433 τῷ
3460 3363 3669 3432 δικτεῖῳ

2081 3461 2254 3532 φημὶ,
2288 3460 2522 3522 καὶτοῖς
2557 3457 2908 3529 ἀγκίστροιςο
2949 3457 3062 3510 ἀλλ’
3095 3458 3160 3510 ἐκ
3196 3457 3293 3527 τῆς
3333 3455 3667 3524 τελουμένης

2080 3552 2357 3625 ἐργασίας,
2390 3553 2444 3604 αί
2478 3550 2724 3622 εὐπορίαι
2757 3550 3293 3620 καταμανθάνονταιο
3328 3547 3450 3600 ἐπεί
3478 3547 3562 3600 τοί
3593 3565 3656 3614 γε

2082 3646 2199 3698 κατ’
2235 3646 2439 3697 ἐκεῖνον
2469 3644 2558 3698 τὸν
2596 3643 2785 3711 λόγον,
2815 3643 2966 3695 οὐδὲν
3005 3643 3327 3712 πενέστερον
3355 3639 3522 3712 εὕρῃς
3556 3639 3657 3708 τῆς

2081 3738 2376 3809 γεωργίας,
2414 3739 2462 3790 εί
2496 3736 2603 3790 ἀπὸ
2633 3737 2732 3807 τῆς
2771 3735 3022 3807 δικέλλης
3055 3734 3150 3789 καὶ
3185 3736 3282 3806 τῆς
3310 3735 3594 3804 σκαπάνης
3645 3733 3672 3784 6

2083 3826 2313 3889 πλοῦτος
2339 3827 2508 3897 αὐτῆς
2531 3826 2894 3896 δοκιμάζοιτο.
2925 3817 3155 3897 Ἀπορόι
3184 3825 3240 3879 δὲ
3264 3823 3542 3886 παντελῶς
3573 3823 3673 3875 καὶ

2085 3919 2134 3972 oi
2166 3919 2257 3971 τὸν
2288 3918 2488 3989 χρυσὸν
2520 3918 2928 3990 ἀνορύττοντες,
2972 3917 3061 3970 τὸν
3097 3915 3324 3986 βασιλέα
3369 3913 3463 3968 τοῦ
3499 3913 3671 3966 πλού-

2085 4027 2200 4062 του.
2246 4009 2362 4063 Μία
2389 4010 2498 4082 γὰρ
2527 4009 2711 4073 αὐτοῖς
2731 4009 2886 4081 ἀξίνη
2919 4010 3203 4080 συνεργεῖο
3237 4005 3447 4071 ξύλινος
3480 4005 3669 4071 πίναξ,

2087 4103 2116 4155 6
2143 4102 2241 4172 τῆς
2267 4101 2372 4172 γῆς
2403 4101 2494 4154 τὸν
2534 4102 2732 4173 χρυσὸν
2763 4101 3097 4172 ἀποκρίνων.
3133 4099 3452 4169 Σιγάτωσαν
3487 4097 3672 4150 τοίνυν

2090 4193 2292 4247 ἐθνικοὶ
2329 4194 2423 4246 καὶ
2464 4193 2735 4264 Ἑϐραῖοι,
2771 4195 2818 4246 οἱ
2848 4193 3039 4264 Πέτρῳ
3068 4191 3258 4245 πενίαν
3293 4190 3671 4255 ὀνειδίζοντες,

2090 4287 2185 4339 καὶ
2223 4286 2330 4339 ἀπὸ
2363 4285 2455 4338 τοῦ
2492 4285 2684 4349 ἁλιέως
2720 4284 3041 4355 σμικρύνειν
3067 4283 3160 4336 τὸν
3193 4284 3367 4354 μέγαν
3396 4280 3674 4353 πειρώμε-

2090 4396 2202 4433 νοι’
2235 4381 2330 4432 καὶ
2359 4378 2746 4442 καταλιπόντες
2787 4380 2856 4432 τὰ
2897 4377 3120 4431 τοιαῦτα
3153 4376 3552 4448 κομψεύεσθαι,
3585 4375 3674 4426 λε-

417 4469 766 4539 Hebrmique,
810 4467 904 4537 qui
929 4466 1090 4521 Petro
1110 4472 1484 4534 paupertatem
1513 4465 1846 4535 exprobrant
1871 4505 1887 4531 ,
1910 4471 1976 4519 at-

2094 4471 2341 4542 γέτωσάν
2376 4487 2465 4541 μοι
2497 4470 2888 4542 πυνθανομένῳ
2907 4488 2919 4501 ·
2952 4469 3046 4534 Τίς
3077 4469 3301 4533 ἁλιέων,
3335 4467 3368 4538 ἦ
3393 4467 3502 4520 τῶν
3531 4468 3672 4520 πάν-

413 4579 520 4634 que
559 4577 590 4617 a
628 4560 918 4632 piscatoris
940 4569 1057 4613 arte
1088 4573 1337 4629 magnum
1375 4559 1522 4613 illum
1549 4559 1854 4630 deprimere
1879 4571 1995 4614 ten-

417 4664 553 4708 tant.
577 4650 724 4706 Talia
748 4664 878 4705 vero
904 4649 1120 4719 gloriari
1148 4657 1447 4714 cessantes,
1479 4649 1682 4716 dicant,
1701 4665 1854 4721 rogo,
1872 4665 1994 4718 per-

413 4743 658 4799 contanti
717 4741 852 4798 mihi
886 4756 900 4796 :
935 4741 1196 4808 Quisnam
1249 4739 1506 4810 piscator,
1556 4755 1651 4795 aut
1698 4742 1995 4796 universim

416 4835 614 4900 homo,
659 4849 822 4904 supra
874 4848 1022 4888 mare
1062 4833 1225 4902 pedes
1256 4833 1523 4888 incessit?
1559 4833 1694 4900 Quis
1729 4848 1890 4904 supra
1920 4833 1996 4889 la-

416 4943 539 4983 cum
566 4936 800 4982 stantem
831 4942 1079 4998 gressum
1105 4926 1243 4991 lixit,
1268 4927 1343 4979 uti
1372 4925 1462 4980 ille
1485 4940 1644 4992 supra
1670 4923 1864 4980 ﬂuctus
1884 4927 1997 4997 agi-

419 5031 564 5075 tatos
600 5019 777 5074 ventis
799 5020 824 5072 ?
850 5019 984 5074 Cum
1012 5019 1156 5074 enim
1195 5016 1338 5072 Deus
1366 5017 1456 5072 ille
1502 5025 1709 5082 noster,
1739 5033 1859 5087 qua:
1883 5017 2000 5086 ejus

416 5112 668 5170 bonitas!
710 5111 876 5166 multa
909 5126 1005 5181 per
1045 5125 1170 5165 suos
1216 5124 1402 5165 servos
1437 5109 1664 5179 patrarit
1713 5111 1998 5177 miracula,

419 5222 541 5264 cum
571 5206 700 5262 olim
731 5205 785 5259 in
811 5203 1022 5274 republ.
1057 5202 1272 5260 lsraelis
1295 5243 1309 5266 ,
1343 5210 1454 5256 tum
1488 5202 1685 5271 quibus
1715 5205 2002 5271 postremis

420 5298 784 5367 temporibus,
835 5295 1069 5365 benigna
1135 5293 1434 5347 Salvatoris
1486 5291 1654 5346 nostri
1694 5291 1998 5350 lncaruatio

422 5387 626 5445 mundo
670 5387 915 5443 exhibita
964 5396 1048 5440 est
1082 5404 1095 5440 :
1127 5383 1304 5438 nullus
1358 5393 1534 5438 tamen
1580 5398 1789 5449 eorum,
1838 5386 1926 5453 qui
1965 5399 1996 5438 a

2087 4580 2196 4615 των
2231 4561 2536 4633 ἀνθρώπων
2565 4560 2828 4626 ἐπέξευσε
2858 4561 3164 4626 θάλασσαν;
3192 4559 3287 4620 Τίς
3316 4559 3510 4629 ἔστησε
3537 4558 3675 4609 πόδα

2089 4653 2231 4707 κατά
2262 4653 2458 4725 λίμνης
2483 4653 2747 4722 ἑστώσης,
2771 4653 2846 4717 ὡς
2875 4655 3082 4717 ἐκεῖνος
3107 4652 3247 4706 κατὰ
3275 4651 3532 4722 κυμάτων
3561 4652 3674 4712 τοῖς

2090 4747 2310 4818 ἀνέμοις
2339 4746 2770 4816 τινασσομένων;
2802 4745 2908 4798 Τοῦ
2940 4745 3049 4818 γὰρ
3073 4744 3208 4799 Θεοῦ
3233 4743 3391 4816 ἡμῶν
3419 4741 3513 4795 τοῦ
3539 4743 3676 4809 ἀγα-

2093 4837 2211 4902 θοῦ,
2248 4837 2421 4890 πολλὰ
2461 4836 2713 4906 θαύματα
2757 4836 2844 4889 διὰ
2890 4836 2998 4890 τῶν
3037 4835 3254 4890 οἰκείων
3293 4833 3494 4888 δούλων
3525 4831 3676 4885 τελέ⁴

2101 4945 2312 4992 σαντος,
2339 4927 2432 4981 ὲπί
2454 4945 2511 4981 τε
2542 4929 2642 4996 τῆς
2673 4925 2947 4991 πολιτείας
2972 4926 3066 4980 τοῦ
3111 4926 3325 4997 Ἰσραὴλ
3346 4925 3407 4978 τὸ
3427 4926 3672 4996 ἀρχαῖον,

2100 5022 2203 5074 κάν
2234 5025 2346 5085 τοῖς
2378 5020 2604 5092 ὕστερον
2642 5020 2877 5091 χρόνοις,
2921 5023 2978 5074 ὲν
3011 5014 3092 5083 οἷς
3124 5022 3156 5091 ἡ
3191 5018 3568 5090 φιλάνθρωπος
3600 5017 3676 5067 οἱ-

2101 5112 2329 5183 κονομία
2363 5111 2456 5165 τοῦ
2490 5113 2744 5184 Σωτῆρος
2771 5115 2803 5184 ἡ
2814 5112 2929 5184 μῶν
2957 5114 3203 5184 ἐπεφάνη
3229 5111 3304 5182 τῷ
3335 5111 3523 5181 κόσμῳ
3545 5126 3560 5140 ο
3590 5111 3679 5161 οὐ.

2101 5204 2212 5267 δεῖς
2241 5204 2349 5257 τῶν
2397 5203 2456 5270 ἐξ
2513 5205 2689 5276 ἀρχῆς
2737 5207 2816 5270 είς
2866 5205 3019 5269 τέλος
3057 5205 3255 5273 ἁγίων,
3300 5202 3554 5274 τοιαύτην
3593 5202 3678 5253 διὰ

2105 5297 2344 5359 πίστεως
2373 5296 2527 5358 ἰδίας,
2563 5297 2659 5348 κα)⁵
2693 5297 2790 5367 τῆς
2816 5296 3020 5351 ἀνωθεν
3049 5295 3299 5368 χάριτος,
3331 5293 3530 5365 πρᾶξιν
3563 5296 3680 5345 ἐπι-

2102 5390 2316 5444 τελέσαι
2353 5390 2622 5460 φαίνεται.

404 5483 695 5552 -principio
732 5482 786 5536 in
817 5483 978 5536 linem
1026 5493 1197 5547 usque
1238 5477 1551 5532 claruerunt
1574 5479 1768 5546 sancti,
1809 5479 1914 5537 ﬁde
1949 5497 2044 5540 sua
2086 5500 2149 5542 ac
2188 5501 2422 5557 superna
2461 5485 2672 5556 gratia,
2699 5499 2816 5540 rem
2843 5482 3106 5555 ejusmodi
3145 5481 3390 5538 noscitur
3426 5481 3678 5552 gessisse.

504 5777 552 5809 ⁸⁸
590 5777 719 5832 Luc.
759 5795 871 5844 xxI,
897 5780 1021 5835 2-4.
1101 5780 1144 5813 ⁸⁵
1174 5780 1363 5835 Matth.
1391 5797 1442 5850 Χ,
1474 5781 1590 5836 62..
