  <div class='ocr_page' id='page_1' title='image "/cluster/home/n/w/nwhite01/storage/ocr_20150623/40/hvd.32044073501850/146.png"; bbox 0 0 3856 6274; ppageno 0'>
   <div class='ocr_carea' id='block_1_1' title="bbox 165 287 263 340">
    <p class='ocr_par' dir='ltr' id='par_1_1' title="bbox 165 287 263 340">
     <span class='ocr_line' id='line_1_1' title="bbox 165 287 263 340; baseline 0.01 -1"><span class='ocrx_word' id='word_1_1' title='bbox 165 287 263 340; x_wconf 79' lang='lat'><strong>9.77</strong></span> 
     </span>
    </p>
   </div>
   <div class='ocr_carea' id='block_1_2' title="bbox 1045 280 2543 342">
    <p class='ocr_par' dir='ltr' id='par_1_2' title="bbox 1045 280 2543 342">
     <span class='ocr_line' id='line_1_2' title="bbox 1045 280 2543 342; baseline 0.002 -6"><span class='ocrx_word' id='word_1_2' title='bbox 1045 281 1334 336; x_wconf 76' lang='lat' dir='ltr'><strong>HOMILIA</strong></span> <span class='ocrx_word' id='word_1_3' title='bbox 1368 280 1502 342; x_wconf 83' lang='lat' dir='ltr'><strong>VIII.</strong></span> <span class='ocrx_word' id='word_1_4' title='bbox 1545 281 1608 338; x_wconf 84' lang='lat' dir='ltr'><strong>IN</strong></span> <span class='ocrx_word' id='word_1_5' title='bbox 1652 282 1751 337; x_wconf 83' lang='lat' dir='ltr'><strong>SS.</strong></span> <span class='ocrx_word' id='word_1_6' title='bbox 1786 280 2069 338; x_wconf 75' lang='lat' dir='ltr'><strong>PETRUM</strong></span> <span class='ocrx_word' id='word_1_7' title='bbox 2103 282 2192 338; x_wconf 82' lang='grc' dir='ltr'><strong>ΕΤ</strong></span> <span class='ocrx_word' id='word_1_8' title='bbox 2230 282 2543 340; x_wconf 84' lang='lat' dir='ltr'><strong>PAULUM.</strong></span> 
     </span>
    </p>
   </div>
   <div class='ocr_carea' id='block_1_3' title="bbox 3292 282 3408 360">
    <p class='ocr_par' dir='ltr' id='par_1_3' title="bbox 3292 282 3408 360">
     <span class='ocr_line' id='line_1_3' title="bbox 3292 282 3408 360; baseline 0.017 -23"><span class='ocrx_word' id='word_1_9' title='bbox 3292 282 3408 360; x_wconf 22' lang='lat' dir='ltr'><strong>eis,</strong></span> 
     </span>
    </p>
   </div>
   <div class='ocr_carea' id='block_1_4' title="bbox 229 394 1750 474">
    <p class='ocr_par' dir='ltr' id='par_1_4' title="bbox 229 394 1735 474">
     <span class='ocr_line' id='line_1_4' title="bbox 229 394 1735 474; baseline -0.003 -17"><span class='ocrx_word' id='word_1_10' title='bbox 229 404 552 474; x_wconf 76' lang='grc' dir='ltr'><strong>Θαυμαστὸς</strong></span> <span class='ocrx_word' id='word_1_11' title='bbox 583 405 612 457; x_wconf 93' lang='lat'><strong>6</strong></span> <span class='ocrx_word' id='word_1_12' title='bbox 649 402 916 474; x_wconf 83' lang='grc' dir='ltr'>Μωῦσῆς,</span> <span class='ocrx_word' id='word_1_13' title='bbox 955 402 1190 472; x_wconf 90' lang='grc' dir='ltr'>πέλαγος</span> <span class='ocrx_word' id='word_1_14' title='bbox 1229 403 1356 458; x_wconf 84' lang='grc' dir='ltr'>ἄνευ</span> <span class='ocrx_word' id='word_1_15' title='bbox 1406 394 1608 457; x_wconf 81' lang='grc' dir='ltr'>πλοίων</span> <span class='ocrx_word' id='word_1_16' title='bbox 1638 418 1735 454; x_wconf 87' lang='grc' dir='ltr'>πε-</span> 
     </span>
    </p>
   </div>
   <div class='ocr_carea' id='block_1_5' title="bbox 1836 394 3400 474">
    <p class='ocr_par' dir='ltr' id='par_1_5' title="bbox 1908 399 3400 474">
     <span class='ocr_line' id='line_1_5' title="bbox 1908 399 3400 474; baseline -0.003 -16"><span class='ocrx_word' id='word_1_17' title='bbox 1908 401 2170 458; x_wconf 85' lang='lat' dir='ltr'><strong>Mirabilis</strong></span> <span class='ocrx_word' id='word_1_18' title='bbox 2193 404 2406 473; x_wconf 78' lang='lat' dir='ltr'><strong>quidem</strong></span> <span class='ocrx_word' id='word_1_19' title='bbox 2440 402 2649 474; x_wconf 82' lang='lat' dir='ltr'><strong>Moyses</strong></span> <span class='ocrx_word' id='word_1_20' title='bbox 2685 399 2828 457; x_wconf 93' lang='lat' dir='ltr'><strong>nullo</strong></span> <span class='ocrx_word' id='word_1_21' title='bbox 2868 401 3082 472; x_wconf 79' lang='lat' dir='ltr'><strong>navigio</strong></span> <span class='ocrx_word' id='word_1_22' title='bbox 3127 400 3400 469; x_wconf 77' lang='lat' dir='ltr'><strong>trajiciens</strong></span> 
     </span>
    </p>
   </div>
   <div class='ocr_carea' id='block_1_6' title="bbox 174 486 1731 567">
    <p class='ocr_par' dir='ltr' id='par_1_6' title="bbox 174 486 1731 567">
     <span class='ocr_line' id='line_1_6' title="bbox 174 486 1731 567; baseline -0.001 -22"><span class='ocrx_word' id='word_1_23' title='bbox 174 492 449 564; x_wconf 83' lang='grc' dir='ltr'>ραιωθείς·</span> <span class='ocrx_word' id='word_1_24' title='bbox 490 491 625 559; x_wconf 83' lang='grc' dir='ltr'><strong>ἀλλά</strong></span> <span class='ocrx_word' id='word_1_25' title='bbox 653 493 756 563; x_wconf 81' lang='grc' dir='ltr'>γῆν</span> <span class='ocrx_word' id='word_1_26' title='bbox 789 490 1101 558; x_wconf 77' lang='grc' dir='ltr'><strong>ἐπέζευσεν,</strong></span> <span class='ocrx_word' id='word_1_27' title='bbox 1136 486 1169 567; x_wconf 80' lang='grc' dir='ltr'>ᾖ</span> <span class='ocrx_word' id='word_1_28' title='bbox 1200 492 1362 563; x_wconf 83' lang='grc' dir='ltr'>νόμος</span> <span class='ocrx_word' id='word_1_29' title='bbox 1406 491 1731 564; x_wconf 87' lang='grc' dir='ltr'>ἀνθρώποις,</span> 
     </span>
    </p>
   </div>
   <div class='ocr_carea' id='block_1_7' title="bbox 172 582 1734 661">
    <p class='ocr_par' dir='ltr' id='par_1_7' title="bbox 172 582 1734 661">
     <span class='ocr_line' id='line_1_7' title="bbox 172 582 1734 661; baseline 0.001 -24"><span class='ocrx_word' id='word_1_30' title='bbox 172 584 315 637; x_wconf 78' lang='grc' dir='ltr'>ἐνθεν</span> <span class='ocrx_word' id='word_1_31' title='bbox 344 583 438 638; x_wconf 75' lang='grc' dir='ltr'>τοῦ</span> <span class='ocrx_word' id='word_1_32' title='bbox 467 582 655 648; x_wconf 81' lang='grc' dir='ltr'>ὓδατος</span> <span class='ocrx_word' id='word_1_33' title='bbox 694 583 1106 661; x_wconf 81' lang='grc' dir='ltr'>ἀναστέλλοντος</span> <span class='ocrx_word' id='word_1_34' title='bbox 1144 585 1279 656; x_wconf 86' lang='grc' dir='ltr'>πρὸς</span> <span class='ocrx_word' id='word_1_35' title='bbox 1311 585 1519 638; x_wconf 86' lang='grc' dir='ltr'>ἐαυτόν.</span> <span class='ocrx_word' id='word_1_36' title='bbox 1547 585 1734 654; x_wconf 81' lang='grc' dir='ltr'><strong>Μέγας</strong></span> 
     </span>
    </p>
   </div>
   <div class='ocr_carea' id='block_1_8' title="bbox 173 671 1763 748">
    <p class='ocr_par' dir='ltr' id='par_1_8' title="bbox 173 671 1763 748">
     <span class='ocr_line' id='line_1_8' title="bbox 173 671 1763 748; baseline 0.001 -20"><span class='ocrx_word' id='word_1_37' title='bbox 173 676 258 729; x_wconf 74' lang='grc' dir='ltr'><strong>καὶ</strong></span> <span class='ocrx_word' id='word_1_38' title='bbox 280 677 308 728; x_wconf 98' lang='lat'><strong>6</strong></span> <span class='ocrx_word' id='word_1_39' title='bbox 337 676 545 747; x_wconf 77' lang='grc' dir='ltr'>Ἰησοῦς</span> <span class='ocrx_word' id='word_1_40' title='bbox 563 676 791 730; x_wconf 85' lang='grc' dir='ltr'>ότούτου</span> <span class='ocrx_word' id='word_1_41' title='bbox 819 675 1079 747; x_wconf 84' lang='grc' dir='ltr'>διάδοχος.</span> <span class='ocrx_word' id='word_1_42' title='bbox 1098 677 1178 730; x_wconf 85' lang='grc' dir='ltr'>ὅτι</span> <span class='ocrx_word' id='word_1_43' title='bbox 1203 676 1294 730; x_wconf 90' lang='grc' dir='ltr'><strong>τὸν</strong></span> <span class='ocrx_word' id='word_1_44' title='bbox 1319 675 1587 748; x_wconf 82' lang='grc' dir='ltr'><strong>Ἰορδάνην</strong></span> <span class='ocrx_word' id='word_1_45' title='bbox 1602 678 1732 729; x_wconf 87' lang='grc' dir='ltr'>ἐπε-</span> <span class='ocrx_word' id='word_1_46' title='bbox 1759 671 1763 675; x_wconf 73' lang='grc'><em>’</em></span> 
     </span>
    </p>
   </div>
   <div class='ocr_carea' id='block_1_9' title="bbox 176 766 1733 840">
    <p class='ocr_par' dir='ltr' id='par_1_9' title="bbox 176 766 1733 840">
     <span class='ocr_line' id='line_1_9' title="bbox 176 766 1733 840; baseline 0.001 -21"><span class='ocrx_word' id='word_1_47' title='bbox 176 766 374 838; x_wconf 87' lang='grc' dir='ltr'>ραιώοη</span> <span class='ocrx_word' id='word_1_48' title='bbox 395 808 410 829; x_wconf 88' lang='grc'><strong>,</strong></span> <span class='ocrx_word' id='word_1_49' title='bbox 438 767 577 838; x_wconf 82' lang='grc' dir='ltr'>ὑπὲρ</span> <span class='ocrx_word' id='word_1_50' title='bbox 610 767 710 832; x_wconf 89' lang='grc' dir='ltr'><strong>τάς</strong></span> <span class='ocrx_word' id='word_1_51' title='bbox 738 766 903 838; x_wconf 77' lang='grc' dir='ltr'>ὄχθας</span> <span class='ocrx_word' id='word_1_52' title='bbox 931 767 1325 840; x_wconf 78' lang='grc' dir='ltr'><strong>πλημμύροντα</strong></span> <span class='ocrx_word' id='word_1_53' title='bbox 1347 785 1362 800; x_wconf 78' lang='grc' dir='ltr'><strong>ο</strong></span> <span class='ocrx_word' id='word_1_54' title='bbox 1390 768 1506 822; x_wconf 79' lang='grc' dir='ltr'>ἀλλ’</span> <span class='ocrx_word' id='word_1_55' title='bbox 1534 768 1733 840; x_wconf 85' lang='grc' dir='ltr'>ὁμοίως</span> 
     </span>
    </p>
   </div>
   <div class='ocr_carea' id='block_1_10' title="bbox 174 857 1730 930">
    <p class='ocr_par' dir='ltr' id='par_1_10' title="bbox 174 857 1730 930">
     <span class='ocr_line' id='line_1_10' title="bbox 174 857 1730 930; baseline 0.001 -19"><span class='ocrx_word' id='word_1_56' title='bbox 174 860 262 929; x_wconf 75' lang='grc' dir='ltr'>τῆς</span> <span class='ocrx_word' id='word_1_57' title='bbox 308 857 573 930; x_wconf 78' lang='grc' dir='ltr'>Ἐρυθρᾶς</span> <span class='ocrx_word' id='word_1_58' title='bbox 599 858 906 930; x_wconf 82' lang='grc' dir='ltr'><strong>θαλάσσης,</strong></span> <span class='ocrx_word' id='word_1_59' title='bbox 951 860 1200 923; x_wconf 82' lang='grc' dir='ltr'>κάκεῖνος</span> <span class='ocrx_word' id='word_1_60' title='bbox 1240 857 1472 929; x_wconf 81' lang='grc' dir='ltr'>διασχὼν</span> <span class='ocrx_word' id='word_1_61' title='bbox 1517 859 1730 923; x_wconf 80' lang='grc' dir='ltr'>ἐαυτὸν,</span> 
     </span>
    </p>
   </div>
   <div class='ocr_carea' id='block_1_11' title="bbox 176 950 1732 1023">
    <p class='ocr_par' dir='ltr' id='par_1_11' title="bbox 176 950 1732 1023">
     <span class='ocr_line' id='line_1_11' title="bbox 176 950 1732 1023; baseline 0.001 -20"><span class='ocrx_word' id='word_1_62' title='bbox 176 950 258 1003; x_wconf 71' lang='grc' dir='ltr'><strong>καὶ</strong></span> <span class='ocrx_word' id='word_1_63' title='bbox 282 950 560 1020; x_wconf 76' lang='grc' dir='ltr'>ἀνακύψας</span> <span class='ocrx_word' id='word_1_64' title='bbox 586 951 646 1003; x_wconf 86' lang='grc' dir='ltr'><strong>τὸ</strong></span> <span class='ocrx_word' id='word_1_65' title='bbox 669 950 902 1023; x_wconf 77' lang='grc' dir='ltr'><strong>ῥεῖθρον,</strong></span> <span class='ocrx_word' id='word_1_66' title='bbox 923 951 1088 1004; x_wconf 74' lang='grc' dir='ltr'>ἔδωκε</span> <span class='ocrx_word' id='word_1_67' title='bbox 1113 950 1191 1021; x_wconf 84' lang='grc' dir='ltr'><strong>τῷ</strong></span> <span class='ocrx_word' id='word_1_68' title='bbox 1218 953 1593 1022; x_wconf 84' lang='grc' dir='ltr'>περαιουμένῳ</span> <span class='ocrx_word' id='word_1_69' title='bbox 1618 950 1732 1021; x_wconf 87' lang='grc' dir='ltr'>λαῷ</span> 
     </span>
    </p>
   </div>
   <div class='ocr_carea' id='block_1_12' title="bbox 175 1039 1732 1113">
    <p class='ocr_par' dir='ltr' id='par_1_12' title="bbox 175 1039 1732 1113">
     <span class='ocr_line' id='line_1_12' title="bbox 175 1039 1732 1113; baseline 0 -21"><span class='ocrx_word' id='word_1_70' title='bbox 175 1039 376 1111; x_wconf 80' lang='grc' dir='ltr'>γυμνὴν</span> <span class='ocrx_word' id='word_1_71' title='bbox 404 1041 503 1113; x_wconf 80' lang='grc' dir='ltr'>τὴν</span> <span class='ocrx_word' id='word_1_72' title='bbox 531 1040 702 1113; x_wconf 78' lang='grc' dir='ltr'>ξηράν</span> <span class='ocrx_word' id='word_1_73' title='bbox 747 1042 826 1103; x_wconf 86' lang='grc' dir='ltr'>εἰς</span> <span class='ocrx_word' id='word_1_74' title='bbox 870 1040 1141 1094; x_wconf 81' lang='grc' dir='ltr'>ἐπίϐασιν.</span> <span class='ocrx_word' id='word_1_75' title='bbox 1175 1039 1360 1103; x_wconf 78' lang='grc' dir='ltr'>Οὐδεὶς</span> <span class='ocrx_word' id='word_1_76' title='bbox 1389 1039 1444 1092; x_wconf 86' lang='grc' dir='ltr'><strong>δέ</strong></span> <span class='ocrx_word' id='word_1_77' title='bbox 1478 1056 1607 1092; x_wconf 89' lang='grc' dir='ltr'>ποτε</span> <span class='ocrx_word' id='word_1_78' title='bbox 1644 1042 1732 1093; x_wconf 82' lang='grc' dir='ltr'>ἀν-</span> 
     </span>
    </p>
   </div>
   <div class='ocr_carea' id='block_1_13' title="bbox 176 1131 1731 1204">
    <p class='ocr_par' dir='ltr' id='par_1_13' title="bbox 176 1131 1731 1204">
     <span class='ocr_line' id='line_1_13' title="bbox 176 1131 1731 1204; baseline 0.001 -20"><span class='ocrx_word' id='word_1_79' title='bbox 176 1132 302 1202; x_wconf 83' lang='grc' dir='ltr'>δρῶν</span> <span class='ocrx_word' id='word_1_80' title='bbox 324 1132 467 1186; x_wconf 84' lang='grc' dir='ltr'><strong>κατά</strong></span> <span class='ocrx_word' id='word_1_81' title='bbox 498 1131 689 1196; x_wconf 79' lang='grc' dir='ltr'>ὕδατος</span> <span class='ocrx_word' id='word_1_82' title='bbox 715 1134 901 1204; x_wconf 73' lang='grc' dir='ltr'>ἤρεισε</span> <span class='ocrx_word' id='word_1_83' title='bbox 918 1133 1072 1186; x_wconf 82' lang='grc' dir='ltr'>πόδα.</span> <span class='ocrx_word' id='word_1_84' title='bbox 1105 1132 1237 1185; x_wconf 78' lang='grc' dir='ltr'>Πύδέ</span> <span class='ocrx_word' id='word_1_85' title='bbox 1260 1132 1367 1204; x_wconf 77' lang='grc' dir='ltr'><strong>γὰρ</strong></span> <span class='ocrx_word' id='word_1_86' title='bbox 1394 1135 1421 1186; x_wconf 93' lang='lat'><strong>6</strong></span> <span class='ocrx_word' id='word_1_87' title='bbox 1447 1132 1606 1202; x_wconf 77' lang='grc' dir='ltr'>νόμος</span> <span class='ocrx_word' id='word_1_88' title='bbox 1631 1132 1731 1202; x_wconf 79' lang='grc' dir='ltr'>τῆς</span> 
     </span>
    </p>
   </div>
   <div class='ocr_carea' id='block_1_14' title="bbox 177 1221 1730 1295">
    <p class='ocr_par' dir='ltr' id='par_1_14' title="bbox 177 1221 1730 1295">
     <span class='ocr_line' id='line_1_14' title="bbox 177 1221 1730 1295; baseline -0.001 -19"><span class='ocrx_word' id='word_1_89' title='bbox 177 1223 376 1293; x_wconf 68' lang='grc' dir='ltr'>φύσεως</span> <span class='ocrx_word' id='word_1_90' title='bbox 401 1223 777 1295; x_wconf 86' lang='grc' dir='ltr'>καταδέχεται,</span> <span class='ocrx_word' id='word_1_91' title='bbox 808 1223 906 1294; x_wconf 86' lang='grc' dir='ltr'><strong>τὴν</strong></span> <span class='ocrx_word' id='word_1_92' title='bbox 932 1222 1098 1295; x_wconf 88' lang='grc' dir='ltr'>ὀργάν</span> <span class='ocrx_word' id='word_1_93' title='bbox 1136 1221 1201 1294; x_wconf 78' lang='grc' dir='ltr'><strong>[ί.</strong></span> <span class='ocrx_word' id='word_1_94' title='bbox 1232 1221 1384 1294; x_wconf 78' lang='grc' dir='ltr'>ὕλην]</span> <span class='ocrx_word' id='word_1_95' title='bbox 1430 1221 1601 1293; x_wconf 82' lang='grc' dir='ltr'>ὑγρὰν</span> <span class='ocrx_word' id='word_1_96' title='bbox 1627 1222 1730 1275; x_wconf 72' lang='grc' dir='ltr'>’καὶ</span> 
     </span>
    </p>
   </div>
   <div class='ocr_carea' id='block_1_15' title="bbox 176 1312 1729 1386">
    <p class='ocr_par' dir='ltr' id='par_1_15' title="bbox 176 1312 1729 1386">
     <span class='ocr_line' id='line_1_15' title="bbox 176 1312 1729 1386; baseline -0.001 -19"><span class='ocrx_word' id='word_1_97' title='bbox 176 1315 412 1383; x_wconf 65' lang='grc' dir='ltr'>ῥέουσαν,</span> <span class='ocrx_word' id='word_1_98' title='bbox 440 1312 685 1385; x_wconf 81' lang='grc' dir='ltr'><strong>ἀντέχειν</strong></span> <span class='ocrx_word' id='word_1_99' title='bbox 714 1313 791 1385; x_wconf 83' lang='grc' dir='ltr'><strong>τῷ</strong></span> <span class='ocrx_word' id='word_1_100' title='bbox 823 1315 1027 1386; x_wconf 82' lang='grc' dir='ltr'>στερεῷ</span> <span class='ocrx_word' id='word_1_101' title='bbox 1058 1315 1151 1368; x_wconf 78' lang='grc' dir='ltr'>καὶ</span> <span class='ocrx_word' id='word_1_102' title='bbox 1180 1312 1439 1376; x_wconf 73' lang='grc' dir='ltr'>πιέζοντι.</span> <span class='ocrx_word' id='word_1_103' title='bbox 1481 1316 1637 1366; x_wconf 82' lang='grc' dir='ltr'>Δοκεῖ</span> <span class='ocrx_word' id='word_1_104' title='bbox 1673 1312 1729 1366; x_wconf 85' lang='grc' dir='ltr'><strong>δέ</strong></span> 
     </span>
    </p>
   </div>
   <div class='ocr_carea' id='block_1_16' title="bbox 180 1403 1731 1477">
    <p class='ocr_par' dir='ltr' id='par_1_16' title="bbox 180 1403 1731 1477">
     <span class='ocr_line' id='line_1_16' title="bbox 180 1403 1731 1477; baseline 0 -19"><span class='ocrx_word' id='word_1_105' title='bbox 180 1421 256 1473; x_wconf 81' lang='grc' dir='ltr'><strong>μοι</strong></span> <span class='ocrx_word' id='word_1_106' title='bbox 278 1406 306 1458; x_wconf 85' lang='lat'><strong>6</strong></span> <span class='ocrx_word' id='word_1_107' title='bbox 332 1404 441 1457; x_wconf 87' lang='grc' dir='ltr'><strong>τῶν</strong></span> <span class='ocrx_word' id='word_1_108' title='bbox 467 1404 604 1458; x_wconf 82' lang='grc' dir='ltr'>ὅλων</span> <span class='ocrx_word' id='word_1_109' title='bbox 627 1405 830 1477; x_wconf 83' lang='grc' dir='ltr'>Κύριος</span> <span class='ocrx_word' id='word_1_110' title='bbox 857 1406 950 1459; x_wconf 77' lang='grc' dir='ltr'><strong>καὶ</strong></span> <span class='ocrx_word' id='word_1_111' title='bbox 981 1407 1255 1475; x_wconf 80' lang='grc' dir='ltr'>Δεσπότης</span> <span class='ocrx_word' id='word_1_112' title='bbox 1272 1445 1287 1468; x_wconf 91' lang='grc'><strong>,</strong></span> <span class='ocrx_word' id='word_1_113' title='bbox 1329 1403 1731 1475; x_wconf 75' lang='grc' dir='ltr'>ὑπεραγασθεὶς</span> 
     </span>
    </p>
   </div>
   <div class='ocr_carea' id='block_1_17' title="bbox 180 1496 1724 1569">
    <p class='ocr_par' dir='ltr' id='par_1_17' title="bbox 180 1496 1724 1569">
     <span class='ocr_line' id='line_1_17' title="bbox 180 1496 1724 1569; baseline 0.001 -22"><span class='ocrx_word' id='word_1_114' title='bbox 180 1496 466 1565; x_wconf 81' lang='grc' dir='ltr'>τηνικαῦτα</span> <span class='ocrx_word' id='word_1_115' title='bbox 509 1496 608 1569; x_wconf 81' lang='grc' dir='ltr'>τὴν</span> <span class='ocrx_word' id='word_1_116' title='bbox 650 1498 1016 1569; x_wconf 76' lang='grc' dir='ltr'>ὑπερζέουσαν</span> <span class='ocrx_word' id='word_1_117' title='bbox 1045 1498 1138 1551; x_wconf 82' lang='grc' dir='ltr'>τοῦ</span> <span class='ocrx_word' id='word_1_118' title='bbox 1179 1496 1367 1569; x_wconf 82' lang='grc' dir='ltr'>ἀνδρὸς</span> <span class='ocrx_word' id='word_1_119' title='bbox 1410 1496 1724 1567; x_wconf 85' lang='grc' dir='ltr'>ἐπιθυμίαν,</span> 
     </span>
    </p>
   </div>
   <div class='ocr_carea' id='block_1_18' title="bbox 181 1572 1775 1662">
    <p class='ocr_par' dir='ltr' id='par_1_18' title="bbox 181 1572 1775 1662">
     <span class='ocr_line' id='line_1_18' title="bbox 181 1572 1775 1662; baseline 0 -19"><span class='ocrx_word' id='word_1_120' title='bbox 181 1589 284 1661; x_wconf 76' lang='grc' dir='ltr'>μεθ’</span> <span class='ocrx_word' id='word_1_121' title='bbox 317 1586 385 1662; x_wconf 76' lang='grc' dir='ltr'>ἧς</span> <span class='ocrx_word' id='word_1_122' title='bbox 422 1591 691 1662; x_wconf 82' lang='grc' dir='ltr'>ἐκέκραγε</span> <span class='ocrx_word' id='word_1_123' title='bbox 728 1592 922 1661; x_wconf 86' lang='grc' dir='ltr'>λέγων,</span> <span class='ocrx_word' id='word_1_124' title='bbox 952 1572 1260 1646; x_wconf 68' lang='grc' dir='ltr'>Κέλευσόν</span> <span class='ocrx_word' id='word_1_125' title='bbox 1288 1609 1364 1661; x_wconf 78' lang='grc' dir='ltr'><strong>με</strong></span> <span class='ocrx_word' id='word_1_126' title='bbox 1400 1578 1599 1645; x_wconf 64' lang='grc' dir='ltr'>ἐλθεῖν</span> <span class='ocrx_word' id='word_1_127' title='bbox 1629 1590 1725 1643; x_wconf 75' lang='grc' dir='ltr'><strong>ἐπὶ</strong></span> <span class='ocrx_word' id='word_1_128' title='bbox 1770 1602 1775 1605; x_wconf 86' lang='lat'>‘</span> 
     </span>
    </p>
   </div>
   <div class='ocr_carea' id='block_1_19' title="bbox 179 1680 1731 1755">
    <p class='ocr_par' dir='ltr' id='par_1_19' title="bbox 179 1680 1731 1755">
     <span class='ocr_line' id='line_1_19' title="bbox 179 1680 1731 1755; baseline 0.007 -22"><span class='ocrx_word' id='word_1_129' title='bbox 179 1682 269 1736; x_wconf 84' lang='grc' dir='ltr'>τοῦ</span> <span class='ocrx_word' id='word_1_130' title='bbox 318 1682 534 1748; x_wconf 76' lang='grc' dir='ltr'>ὕδατος</span> <span class='ocrx_word' id='word_1_131' title='bbox 571 1684 719 1751; x_wconf 80' lang='grc' dir='ltr'>πρὸς</span> <span class='ocrx_word' id='word_1_132' title='bbox 772 1684 877 1743; x_wconf 85' lang='grc' dir='ltr'><strong>σὲ.</strong></span> <span class='ocrx_word' id='word_1_133' title='bbox 939 1683 1127 1754; x_wconf 81' lang='grc' dir='ltr'>μισθὸν</span> <span class='ocrx_word' id='word_1_134' title='bbox 1170 1683 1317 1755; x_wconf 84' lang='grc' dir='ltr'>αύτῷ</span> <span class='ocrx_word' id='word_1_135' title='bbox 1371 1683 1468 1753; x_wconf 85' lang='grc' dir='ltr'>τῆς</span> <span class='ocrx_word' id='word_1_136' title='bbox 1529 1680 1731 1751; x_wconf 75' lang='grc' dir='ltr'>πολλῆς</span> 
     </span>
    </p>
   </div>
   <div class='ocr_carea' id='block_1_20' title="bbox 180 1745 1799 1847">
    <p class='ocr_par' dir='ltr' id='par_1_20' title="bbox 180 1745 1799 1847">
     <span class='ocr_line' id='line_1_20' title="bbox 180 1745 1799 1847; baseline 0.001 -23"><span class='ocrx_word' id='word_1_137' title='bbox 180 1773 378 1844; x_wconf 79' lang='grc' dir='ltr'>ἀγάπης</span> <span class='ocrx_word' id='word_1_138' title='bbox 408 1745 768 1838; x_wconf 37' lang='lat' dir='ltr'><strong>xui-tristem;</strong></span> <span class='ocrx_word' id='word_1_139' title='bbox 791 1816 805 1838; x_wconf 88' lang='lat'><strong>,</strong></span> <span class='ocrx_word' id='word_1_140' title='bbox 841 1745 1056 1847; x_wconf 78' lang='grc' dir='ltr'>ἐκείνην</span> <span class='ocrx_word' id='word_1_141' title='bbox 1088 1775 1269 1830; x_wconf 71' lang='grc' dir='ltr'>δοῦναι</span> <span class='ocrx_word' id='word_1_142' title='bbox 1414 1745 1605 1844; x_wconf 78' lang='grc' dir='ltr'>καινὴν</span> <span class='ocrx_word' id='word_1_143' title='bbox 1635 1745 1726 1826; x_wconf 74' lang='grc' dir='ltr'>καὶ</span> <span class='ocrx_word' id='word_1_144' title='bbox 1759 1745 1799 1801; x_wconf 71' lang='grc' dir='ltr'>Β</span> 
     </span>
    </p>
   </div>
   <div class='ocr_carea' id='block_1_21' title="bbox 181 1860 1722 1937">
    <p class='ocr_par' dir='ltr' id='par_1_21' title="bbox 181 1860 1722 1937">
     <span class='ocr_line' id='line_1_21' title="bbox 181 1860 1722 1937; baseline -0.001 -21"><span class='ocrx_word' id='word_1_145' title='bbox 181 1864 461 1936; x_wconf 78' lang='grc' dir='ltr'>παράδοξον</span> <span class='ocrx_word' id='word_1_146' title='bbox 488 1865 667 1936; x_wconf 87' lang='grc' dir='ltr'>χάριν,</span> <span class='ocrx_word' id='word_1_147' title='bbox 701 1860 769 1937; x_wconf 77' lang='grc' dir='ltr'>ἧς</span> <span class='ocrx_word' id='word_1_148' title='bbox 810 1866 1011 1936; x_wconf 82' lang='grc' dir='ltr'><strong>Πέτρος</strong></span> <span class='ocrx_word' id='word_1_149' title='bbox 1047 1865 1219 1935; x_wconf 69' lang='grc' dir='ltr'>ἐφάνη</span> <span class='ocrx_word' id='word_1_150' title='bbox 1254 1863 1497 1927; x_wconf 82' lang='grc' dir='ltr'>δεκτικὸς</span> <span class='ocrx_word' id='word_1_151' title='bbox 1545 1862 1722 1933; x_wconf 80' lang='grc' dir='ltr'>μόνος,</span> 
     </span>
    </p>
   </div>
   <div class='ocr_carea' id='block_1_22' title="bbox 180 1955 1726 2031">
    <p class='ocr_par' dir='ltr' id='par_1_22' title="bbox 180 1955 1726 2031">
     <span class='ocr_line' id='line_1_22' title="bbox 180 1955 1726 2031; baseline 0 -23"><span class='ocrx_word' id='word_1_152' title='bbox 180 1957 271 2009; x_wconf 77' lang='grc' dir='ltr'><strong>ἀπὸ</strong></span> <span class='ocrx_word' id='word_1_153' title='bbox 295 1957 402 2011; x_wconf 88' lang='grc' dir='ltr'><strong>τῶν</strong></span> <span class='ocrx_word' id='word_1_154' title='bbox 436 1958 499 2025; x_wconf 82' lang='grc' dir='ltr'><strong>ἐξ</strong></span> <span class='ocrx_word' id='word_1_155' title='bbox 541 1958 710 2029; x_wconf 83' lang='grc' dir='ltr'><strong>Ἀδάμ</strong></span> <span class='ocrx_word' id='word_1_156' title='bbox 736 1958 827 2012; x_wconf 70' lang='grc' dir='ltr'><strong>καὶ</strong></span> <span class='ocrx_word' id='word_1_157' title='bbox 861 1959 1019 2031; x_wconf 89' lang='grc' dir='ltr'>μέχρι</span> <span class='ocrx_word' id='word_1_158' title='bbox 1049 1958 1232 2020; x_wconf 81' lang='grc' dir='ltr'>τέλους</span> <span class='ocrx_word' id='word_1_159' title='bbox 1265 1956 1585 2028; x_wconf 83' lang='grc' dir='ltr'>ἀνθρώπων.</span> <span class='ocrx_word' id='word_1_160' title='bbox 1617 1955 1726 2009; x_wconf 73' lang='grc' dir='ltr'><strong>Καὶ</strong></span> 
     </span>
    </p>
   </div>
   <div class='ocr_carea' id='block_1_23' title="bbox 180 2044 1727 2121">
    <p class='ocr_par' dir='ltr' id='par_1_23' title="bbox 180 2044 1727 2121">
     <span class='ocr_line' id='line_1_23' title="bbox 180 2044 1727 2121; baseline 0.005 -22"><span class='ocrx_word' id='word_1_161' title='bbox 180 2047 273 2119; x_wconf 77' lang='grc' dir='ltr'>γὰρ</span> <span class='ocrx_word' id='word_1_162' title='bbox 298 2047 503 2119; x_wconf 73' lang='grc' dir='ltr'>ἀληθὴς</span> <span class='ocrx_word' id='word_1_163' title='bbox 533 2050 626 2102; x_wconf 57' lang='grc' dir='ltr'><strong>καὶ⁸</strong></span> <span class='ocrx_word' id='word_1_164' title='bbox 663 2048 936 2121; x_wconf 81' lang='grc' dir='ltr'>ἐξαίρετος</span> <span class='ocrx_word' id='word_1_165' title='bbox 964 2047 1058 2102; x_wconf 80' lang='grc' dir='ltr'>τοῦ</span> <span class='ocrx_word' id='word_1_166' title='bbox 1085 2047 1218 2101; x_wconf 78' lang='grc' dir='ltr'>Θεοῦ</span> <span class='ocrx_word' id='word_1_167' title='bbox 1242 2087 1257 2109; x_wconf 88' lang='grc'><strong>,</strong></span> <span class='ocrx_word' id='word_1_168' title='bbox 1292 2048 1325 2118; x_wconf 80' lang='grc' dir='ltr'>ἡ</span> <span class='ocrx_word' id='word_1_169' title='bbox 1352 2047 1451 2115; x_wconf 53' lang='grc' dir='ltr'>’τῆς</span> <span class='ocrx_word' id='word_1_170' title='bbox 1474 2044 1727 2114; x_wconf 79' lang='grc' dir='ltr'><strong>τοιαύτης</strong></span> 
     </span>
    </p>
   </div>
   <div class='ocr_carea' id='block_1_24' title="bbox 184 2136 1727 2211">
    <p class='ocr_par' dir='ltr' id='par_1_24' title="bbox 184 2136 1727 2211">
     <span class='ocr_line' id='line_1_24' title="bbox 184 2136 1727 2211; baseline -0.002 -19"><span class='ocrx_word' id='word_1_171' title='bbox 184 2140 567 2211; x_wconf 78' lang='grc' dir='ltr'>μεγαλουργίας</span> <span class='ocrx_word' id='word_1_172' title='bbox 589 2139 864 2206; x_wconf 80' lang='grc' dir='ltr'>ἐπίδειξις,</span> <span class='ocrx_word' id='word_1_173' title='bbox 896 2139 1233 2211; x_wconf 80' lang='grc' dir='ltr'>ὑπερέχουσα</span> <span class='ocrx_word' id='word_1_174' title='bbox 1255 2138 1353 2210; x_wconf 83' lang='grc' dir='ltr'>τὴν</span> <span class='ocrx_word' id='word_1_175' title='bbox 1378 2137 1477 2207; x_wconf 81' lang='grc' dir='ltr'>τῆς</span> <span class='ocrx_word' id='word_1_176' title='bbox 1500 2136 1727 2199; x_wconf 84' lang='grc' dir='ltr'>κτίσεως</span> 
     </span>
    </p>
   </div>
   <div class='ocr_carea' id='block_1_25' title="bbox 182 2227 1728 2303">
    <p class='ocr_par' dir='ltr' id='par_1_25' title="bbox 182 2227 1728 2303">
     <span class='ocr_line' id='line_1_25' title="bbox 182 2227 1728 2303; baseline -0.004 -18"><span class='ocrx_word' id='word_1_177' title='bbox 182 2230 542 2303; x_wconf 77' lang='grc' dir='ltr'>ταπεινότητα,</span> <span class='ocrx_word' id='word_1_178' title='bbox 570 2229 750 2295; x_wconf 82' lang='grc' dir='ltr'>καθὼς</span> <span class='ocrx_word' id='word_1_179' title='bbox 771 2232 866 2285; x_wconf 73' lang='grc' dir='ltr'><strong>καὶ</strong></span> <span class='ocrx_word' id='word_1_180' title='bbox 893 2230 971 2302; x_wconf 80' lang='grc' dir='ltr'>τῷ</span> <span class='ocrx_word' id='word_1_181' title='bbox 998 2230 1159 2283; x_wconf 73' lang='grc' dir='ltr'>Δαϐἱδ</span> <span class='ocrx_word' id='word_1_182' title='bbox 1185 2229 1332 2283; x_wconf 86' lang='grc' dir='ltr'>δοκεῖ</span> <span class='ocrx_word' id='word_1_183' title='bbox 1360 2228 1437 2299; x_wconf 81' lang='grc' dir='ltr'><strong>τῷ</strong></span> <span class='ocrx_word' id='word_1_184' title='bbox 1470 2227 1728 2299; x_wconf 80' lang='grc' dir='ltr'>βελτίστῳ</span> 
     </span>
    </p>
   </div>
   <div class='ocr_carea' id='block_1_26' title="bbox 182 2314 1726 2397">
    <p class='ocr_par' dir='ltr' id='par_1_26' title="bbox 182 2314 1726 2397">
     <span class='ocr_line' id='line_1_26' title="bbox 182 2314 1726 2397; baseline -0.001 -20"><span class='ocrx_word' id='word_1_185' title='bbox 182 2325 272 2377; x_wconf 82' lang='grc' dir='ltr'><strong>τῶν</strong></span> <span class='ocrx_word' id='word_1_186' title='bbox 306 2325 621 2396; x_wconf 74' lang='grc' dir='ltr'>προφητῶν.</span> <span class='ocrx_word' id='word_1_187' title='bbox 661 2325 926 2389; x_wconf 83' lang='grc' dir='ltr'>Κάκεῖνος</span> <span class='ocrx_word' id='word_1_188' title='bbox 959 2324 1068 2397; x_wconf 79' lang='grc' dir='ltr'>γὰρ</span> <span class='ocrx_word' id='word_1_189' title='bbox 1104 2324 1160 2378; x_wconf 78' lang='grc' dir='ltr'><strong>έν</strong></span> <span class='ocrx_word' id='word_1_190' title='bbox 1204 2341 1307 2378; x_wconf 88' lang='grc' dir='ltr'>τινι</span> <span class='ocrx_word' id='word_1_191' title='bbox 1347 2322 1454 2377; x_wconf 89' lang='grc' dir='ltr'><strong>τῶν</strong></span> <span class='ocrx_word' id='word_1_192' title='bbox 1492 2314 1726 2393; x_wconf 77' lang='grc' dir='ltr'>ψαλμῶν</span> 
     </span>
    </p>
   </div>
   <div class='ocr_carea' id='block_1_27' title="bbox 184 2414 1724 2489">
    <p class='ocr_par' dir='ltr' id='par_1_27' title="bbox 184 2414 1724 2489">
     <span class='ocr_line' id='line_1_27' title="bbox 184 2414 1724 2489; baseline 0 -22"><span class='ocrx_word' id='word_1_193' title='bbox 184 2414 411 2487; x_wconf 84' lang='grc' dir='ltr'>ἀνυμνῶν</span> <span class='ocrx_word' id='word_1_194' title='bbox 436 2416 532 2469; x_wconf 88' lang='grc' dir='ltr'><strong>τὸν</strong></span> <span class='ocrx_word' id='word_1_195' title='bbox 553 2416 706 2483; x_wconf 82' lang='grc' dir='ltr'>Θεὸν,</span> <span class='ocrx_word' id='word_1_196' title='bbox 739 2416 834 2470; x_wconf 62' lang='grc' dir='ltr'><strong>κοιλ⁵</strong></span> <span class='ocrx_word' id='word_1_197' title='bbox 854 2417 950 2489; x_wconf 80' lang='grc' dir='ltr'><strong>τὴν</strong></span> <span class='ocrx_word' id='word_1_198' title='bbox 972 2417 1172 2485; x_wconf 77' lang='grc' dir='ltr'>ἄφατον</span> <span class='ocrx_word' id='word_1_199' title='bbox 1204 2414 1367 2468; x_wconf 77' lang='grc' dir='ltr'>αὐτοῦ</span> <span class='ocrx_word' id='word_1_200' title='bbox 1398 2414 1491 2469; x_wconf 70' lang='grc' dir='ltr'>καὶ</span> <span class='ocrx_word' id='word_1_201' title='bbox 1531 2416 1724 2485; x_wconf 77' lang='grc' dir='ltr'>ἀπεριο</span> 
     </span>
    </p>
   </div>
   <div class='ocr_carea' id='block_1_28' title="bbox 185 2498 1710 2578">
    <p class='ocr_par' dir='ltr' id='par_1_28' title="bbox 185 2498 1710 2578">
     <span class='ocr_line' id='line_1_28' title="bbox 185 2498 1710 2578; baseline -0.003 -19"><span class='ocrx_word' id='word_1_202' title='bbox 185 2505 351 2578; x_wconf 79' lang='grc' dir='ltr'>νόητον</span> <span class='ocrx_word' id='word_1_203' title='bbox 383 2504 750 2576; x_wconf 79' lang='grc' dir='ltr'>ἐξηγούμενος</span> <span class='ocrx_word' id='word_1_204' title='bbox 786 2504 1044 2574; x_wconf 87' lang='grc' dir='ltr'>δύναμιν,</span> <span class='ocrx_word' id='word_1_205' title='bbox 1080 2502 1230 2557; x_wconf 77' lang='grc' dir='ltr'>ταῦτ’</span> <span class='ocrx_word' id='word_1_206' title='bbox 1275 2498 1453 2569; x_wconf 80' lang='grc' dir='ltr'>εἶπεν,</span> <span class='ocrx_word' id='word_1_207' title='bbox 1495 2500 1531 2556; x_wconf 80' lang='grc' dir='ltr'><strong>ἀ</strong></span> <span class='ocrx_word' id='word_1_208' title='bbox 1585 2517 1710 2555; x_wconf 83' lang='grc' dir='ltr'>συν-</span> 
     </span>
    </p>
   </div>
   <div class='ocr_carea' id='block_1_29' title="bbox 186 2592 1727 2670">
    <p class='ocr_par' dir='ltr' id='par_1_29' title="bbox 186 2592 1727 2670">
     <span class='ocr_line' id='line_1_29' title="bbox 186 2592 1727 2670; baseline 0 -23"><span class='ocrx_word' id='word_1_209' title='bbox 186 2596 309 2666; x_wconf 65' lang='grc' dir='ltr'>ἡθως</span> <span class='ocrx_word' id='word_1_210' title='bbox 342 2597 706 2669; x_wconf 79' lang='grc' dir='ltr'>μελῳδοῦντες</span> <span class='ocrx_word' id='word_1_211' title='bbox 726 2595 1026 2670; x_wconf 79' lang='grc' dir='ltr'>γνωρίζετε</span> <span class='ocrx_word' id='word_1_212' title='bbox 1047 2613 1059 2625; x_wconf 91' lang='grc'><strong>·</strong></span> <span class='ocrx_word' id='word_1_213' title='bbox 1103 2597 1206 2650; x_wconf 73' lang='grc' dir='ltr'><strong>Ἐν</strong></span> <span class='ocrx_word' id='word_1_214' title='bbox 1225 2594 1568 2665; x_wconf 60' lang='grc' dir='ltr'>θαλάσσῃεή</span> <span class='ocrx_word' id='word_1_215' title='bbox 1587 2592 1727 2659; x_wconf 78' lang='grc' dir='ltr'>ὁδός</span> 
     </span>
    </p>
   </div>
   <div class='ocr_carea' id='block_1_30' title="bbox 187 2684 1729 2758">
    <p class='ocr_par' dir='ltr' id='par_1_30' title="bbox 187 2684 1729 2758">
     <span class='ocr_line' id='line_1_30' title="bbox 187 2684 1729 2758; baseline -0.001 -16"><span class='ocrx_word' id='word_1_216' title='bbox 187 2706 300 2754; x_wconf 85' lang='grc' dir='ltr'>σου,</span> <span class='ocrx_word' id='word_1_217' title='bbox 328 2691 425 2744; x_wconf 80' lang='grc' dir='ltr'>καὶ</span> <span class='ocrx_word' id='word_1_218' title='bbox 460 2693 525 2744; x_wconf 81' lang='grc' dir='ltr'>αἱ</span> <span class='ocrx_word' id='word_1_219' title='bbox 552 2691 734 2758; x_wconf 81' lang='grc' dir='ltr'>τρίόοι</span> <span class='ocrx_word' id='word_1_220' title='bbox 774 2705 890 2745; x_wconf 84' lang='grc' dir='ltr'><strong>σου</strong></span> <span class='ocrx_word' id='word_1_221' title='bbox 916 2690 987 2743; x_wconf 85' lang='grc' dir='ltr'><strong>ἐν</strong></span> <span class='ocrx_word' id='word_1_222' title='bbox 1024 2689 1201 2744; x_wconf 78' lang='grc' dir='ltr'>ὕδασι</span> <span class='ocrx_word' id='word_1_223' title='bbox 1229 2687 1500 2755; x_wconf 74' lang='grc' dir='ltr'>πολλοῖς,</span> <span class='ocrx_word' id='word_1_224' title='bbox 1533 2688 1630 2741; x_wconf 79' lang='grc' dir='ltr'>καὶ</span> <span class='ocrx_word' id='word_1_225' title='bbox 1654 2684 1729 2740; x_wconf 77' lang='grc' dir='ltr'>τὰ</span> 
     </span>
    </p>
   </div>
   <div class='ocr_carea' id='block_1_31' title="bbox 188 2776 1729 2851">
    <p class='ocr_par' dir='ltr' id='par_1_31' title="bbox 188 2776 1729 2851">
     <span class='ocr_line' id='line_1_31' title="bbox 188 2776 1729 2851; baseline -0.001 -18"><span class='ocrx_word' id='word_1_226' title='bbox 188 2783 307 2850; x_wconf 70' lang='grc' dir='ltr'>ἴχνη</span> <span class='ocrx_word' id='word_1_227' title='bbox 348 2799 461 2837; x_wconf 82' lang='grc' dir='ltr'><strong>σου</strong></span> <span class='ocrx_word' id='word_1_228' title='bbox 502 2784 577 2835; x_wconf 83' lang='grc' dir='ltr'><strong>οὺ</strong></span> <span class='ocrx_word' id='word_1_229' title='bbox 602 2782 1032 2851; x_wconf 76' lang='grc' dir='ltr'>γνωσθήσεται.</span> <span class='ocrx_word' id='word_1_230' title='bbox 1066 2784 1129 2834; x_wconf 86' lang='grc' dir='ltr'><strong>Ὃ</strong></span> <span class='ocrx_word' id='word_1_231' title='bbox 1163 2781 1340 2834; x_wconf 90' lang='grc' dir='ltr'>τοίνυν</span> <span class='ocrx_word' id='word_1_232' title='bbox 1368 2776 1512 2851; x_wconf 80' lang='grc' dir='ltr'>εἶχεν</span> <span class='ocrx_word' id='word_1_233' title='bbox 1578 2779 1607 2831; x_wconf 91' lang='lat'><strong>6</strong></span> <span class='ocrx_word' id='word_1_234' title='bbox 1638 2780 1729 2831; x_wconf 88' lang='grc' dir='ltr'><strong>Δε-</strong></span> 
     </span>
    </p>
   </div>
   <div class='ocr_carea' id='block_1_32' title="bbox 192 2873 1726 2946">
    <p class='ocr_par' dir='ltr' id='par_1_32' title="bbox 192 2873 1726 2946">
     <span class='ocr_line' id='line_1_32' title="bbox 192 2873 1726 2946; baseline 0.001 -22"><span class='ocrx_word' id='word_1_235' title='bbox 192 2875 370 2944; x_wconf 79' lang='grc' dir='ltr'>σπότης</span> <span class='ocrx_word' id='word_1_236' title='bbox 400 2878 457 2928; x_wconf 88' lang='grc' dir='ltr'><strong>ἐν</strong></span> <span class='ocrx_word' id='word_1_237' title='bbox 478 2877 595 2939; x_wconf 85' lang='grc' dir='ltr'>τοῖς</span> <span class='ocrx_word' id='word_1_238' title='bbox 621 2875 720 2944; x_wconf 81' lang='grc' dir='ltr'>τῆς</span> <span class='ocrx_word' id='word_1_239' title='bbox 753 2873 1000 2946; x_wconf 84' lang='grc' dir='ltr'>θεότητος</span> <span class='ocrx_word' id='word_1_240' title='bbox 1037 2874 1333 2945; x_wconf 76' lang='grc' dir='ltr'>ἐξαιρέτοις</span> <span class='ocrx_word' id='word_1_241' title='bbox 1355 2873 1726 2946; x_wconf 67' lang='grc' dir='ltr'>γνωρίσμιασι,</span> 
     </span>
    </p>
   </div>
   <div class='ocr_carea' id='block_1_33' title="bbox 196 2965 1727 3039">
    <p class='ocr_par' dir='ltr' id='par_1_33' title="bbox 196 2965 1727 3039">
     <span class='ocr_line' id='line_1_33' title="bbox 196 2965 1727 3039; baseline 0.001 -21"><span class='ocrx_word' id='word_1_242' title='bbox 196 2965 320 3019; x_wconf 72' lang='grc' dir='ltr'>τοῦτο</span> <span class='ocrx_word' id='word_1_243' title='bbox 342 2968 519 3020; x_wconf 85' lang='grc' dir='ltr'>κοινὸν</span> <span class='ocrx_word' id='word_1_244' title='bbox 541 2968 831 3037; x_wconf 80' lang='grc' dir='ltr'>ἐποιήσατο</span> <span class='ocrx_word' id='word_1_245' title='bbox 854 2966 989 3039; x_wconf 87' lang='grc' dir='ltr'>πρὸς</span> <span class='ocrx_word' id='word_1_246' title='bbox 1015 2966 1105 3021; x_wconf 82' lang='grc' dir='ltr'><strong>τὸν</strong></span> <span class='ocrx_word' id='word_1_247' title='bbox 1131 2965 1314 3020; x_wconf 80' lang='grc' dir='ltr'>δοῦλον</span> <span class='ocrx_word' id='word_1_248' title='bbox 1328 3006 1343 3032; x_wconf 91' lang='grc'><strong>,</strong></span> <span class='ocrx_word' id='word_1_249' title='bbox 1369 2966 1516 3033; x_wconf 80' lang='grc' dir='ltr'>ἀξιον</span> <span class='ocrx_word' id='word_1_250' title='bbox 1538 2965 1727 3038; x_wconf 84' lang='grc' dir='ltr'>κρίνας</span> 
     </span>
    </p>
   </div>
   <div class='ocr_carea' id='block_1_34' title="bbox 197 3058 768 3129">
    <p class='ocr_par' dir='ltr' id='par_1_34' title="bbox 197 3058 768 3129">
     <span class='ocr_line' id='line_1_34' title="bbox 197 3058 768 3129; baseline 0.002 -19"><span class='ocrx_word' id='word_1_251' title='bbox 197 3058 271 3128; x_wconf 72' lang='grc' dir='ltr'>τῆς</span> <span class='ocrx_word' id='word_1_252' title='bbox 294 3059 557 3129; x_wconf 77' lang='grc' dir='ltr'>τοσαύτης</span> <span class='ocrx_word' id='word_1_253' title='bbox 586 3058 768 3129; x_wconf 80' lang='grc' dir='ltr'>τιμῆς.</span> 
     </span>
    </p>
   </div>
   <div class='ocr_carea' id='block_1_35' title="bbox 244 3106 1799 3224">
    <p class='ocr_par' dir='ltr' id='par_1_35' title="bbox 244 3106 1799 3224">
     <span class='ocr_line' id='line_1_35' title="bbox 244 3106 1799 3224; baseline -0.002 -19"><span class='ocrx_word' id='word_1_254' title='bbox 244 3106 474 3224; x_wconf 55' lang='grc' dir='ltr'>Ξηλωτὸς</span> <span class='ocrx_word' id='word_1_255' title='bbox 499 3106 603 3223; x_wconf 47' lang='grc' dir='ltr'><strong>μέν</strong></span> <span class='ocrx_word' id='word_1_256' title='bbox 636 3106 745 3205; x_wconf 59' lang='grc' dir='ltr'><strong>ξῦξῖ</strong></span> <span class='ocrx_word' id='word_1_257' title='bbox 762 3150 854 3205; x_wconf 72' lang='grc' dir='ltr'><strong>καὶ</strong></span> <span class='ocrx_word' id='word_1_258' title='bbox 890 3150 1063 3221; x_wconf 88' lang='grc' dir='ltr'>μέγας</span> <span class='ocrx_word' id='word_1_259' title='bbox 1089 3149 1360 3221; x_wconf 84' lang='grc' dir='ltr'>Ἰωάννης,</span> <span class='ocrx_word' id='word_1_260' title='bbox 1383 3150 1474 3203; x_wconf 74' lang='grc' dir='ltr'>ἐπὶ</span> <span class='ocrx_word' id='word_1_261' title='bbox 1504 3147 1610 3202; x_wconf 90' lang='grc' dir='ltr'><strong>τῶν</strong></span> <span class='ocrx_word' id='word_1_262' title='bbox 1634 3146 1727 3203; x_wconf 80' lang='grc' dir='ltr'>τοῦ</span> <span class='ocrx_word' id='word_1_263' title='bbox 1754 3106 1799 3164; x_wconf 73' lang='lat' dir='ltr'><strong>c</strong></span> 
     </span>
    </p>
   </div>
   <div class='ocr_carea' id='block_1_36' title="bbox 195 3242 1727 3314">
    <p class='ocr_par' dir='ltr' id='par_1_36' title="bbox 195 3242 1727 3314">
     <span class='ocr_line' id='line_1_36' title="bbox 195 3242 1727 3314; baseline 0.001 -19"><span class='ocrx_word' id='word_1_264' title='bbox 195 3244 365 3314; x_wconf 76' lang='grc' dir='ltr'>Κυρίου</span> <span class='ocrx_word' id='word_1_265' title='bbox 392 3243 632 3314; x_wconf 86' lang='grc' dir='ltr'>στέρνων</span> <span class='ocrx_word' id='word_1_266' title='bbox 658 3242 1064 3313; x_wconf 79' lang='grc' dir='ltr'>ἀναπαυόμενος</span> <span class='ocrx_word' id='word_1_267' title='bbox 1082 3259 1096 3272; x_wconf 74' lang='grc' dir='ltr'>ο</span> <span class='ocrx_word' id='word_1_268' title='bbox 1130 3242 1303 3313; x_wconf 82' lang='grc' dir='ltr'>μέγας</span> <span class='ocrx_word' id='word_1_269' title='bbox 1330 3243 1423 3296; x_wconf 81' lang='grc' dir='ltr'>καὶ</span> <span class='ocrx_word' id='word_1_270' title='bbox 1456 3242 1727 3309; x_wconf 77' lang='grc' dir='ltr'>Ἰάκωϐος,</span> 
     </span>
    </p>
   </div>
   <div class='ocr_carea' id='block_1_37' title="bbox 194 3332 1731 3406">
    <p class='ocr_par' dir='ltr' id='par_1_37' title="bbox 194 3332 1731 3406">
     <span class='ocr_line' id='line_1_37' title="bbox 194 3332 1731 3406; baseline 0.002 -22"><span class='ocrx_word' id='word_1_271' title='bbox 194 3333 250 3396; x_wconf 65' lang='grc' dir='ltr'>ὣς</span> <span class='ocrx_word' id='word_1_272' title='bbox 277 3334 380 3398; x_wconf 80' lang='grc' dir='ltr'>υίὸς</span> <span class='ocrx_word' id='word_1_273' title='bbox 409 3334 500 3388; x_wconf 85' lang='grc' dir='ltr'>ὀνο</span> <span class='ocrx_word' id='word_1_274' title='bbox 509 3332 736 3404; x_wconf 79' lang='grc' dir='ltr'>μασθεὶς</span> <span class='ocrx_word' id='word_1_275' title='bbox 755 3333 981 3406; x_wconf 82' lang='grc' dir='ltr'>βροντῆς</span> <span class='ocrx_word' id='word_1_276' title='bbox 999 3351 1012 3364; x_wconf 88' lang='grc'>·</span> <span class='ocrx_word' id='word_1_277' title='bbox 1036 3333 1283 3405; x_wconf 86' lang='grc' dir='ltr'>λαμπρὸς</span> <span class='ocrx_word' id='word_1_278' title='bbox 1317 3335 1373 3386; x_wconf 91' lang='grc' dir='ltr'><strong>ἐν</strong></span> <span class='ocrx_word' id='word_1_279' title='bbox 1396 3336 1518 3398; x_wconf 80' lang='grc' dir='ltr'>ταῖς</span> <span class='ocrx_word' id='word_1_280' title='bbox 1542 3337 1731 3405; x_wconf 83' lang='grc' dir='ltr'>τιμαῖς</span> 
     </span>
    </p>
   </div>
   <div class='ocr_carea' id='block_1_38' title="bbox 194 3423 1729 3497">
    <p class='ocr_par' dir='ltr' id='par_1_38' title="bbox 194 3423 1729 3497">
     <span class='ocr_line' id='line_1_38' title="bbox 194 3423 1729 3497; baseline 0 -19"><span class='ocrx_word' id='word_1_281' title='bbox 194 3426 267 3478; x_wconf 68' lang='grc' dir='ltr'><strong>καὶ</strong></span> <span class='ocrx_word' id='word_1_282' title='bbox 289 3428 314 3478; x_wconf 90' lang='lat'><strong>6</strong></span> <span class='ocrx_word' id='word_1_283' title='bbox 335 3426 620 3489; x_wconf 79' lang='grc' dir='ltr'>Φίλιππος,</span> <span class='ocrx_word' id='word_1_284' title='bbox 647 3424 722 3488; x_wconf 84' lang='grc' dir='ltr'><strong>ὡς</strong></span> <span class='ocrx_word' id='word_1_285' title='bbox 754 3425 904 3496; x_wconf 88' lang='grc' dir='ltr'><strong>παρά</strong></span> <span class='ocrx_word' id='word_1_286' title='bbox 934 3424 1028 3478; x_wconf 79' lang='grc' dir='ltr'>τοῦ</span> <span class='ocrx_word' id='word_1_287' title='bbox 1062 3425 1200 3478; x_wconf 85' lang='grc' dir='ltr'>Πνεύ</span> <span class='ocrx_word' id='word_1_288' title='bbox 1211 3442 1378 3495; x_wconf 87' lang='grc' dir='ltr'>ματος</span> <span class='ocrx_word' id='word_1_289' title='bbox 1409 3423 1729 3497; x_wconf 78' lang='grc' dir='ltr'>ἁρπασθεὶς,</span> 
     </span>
    </p>
   </div>
   <div class='ocr_carea' id='block_1_39' title="bbox 197 3514 1732 3587">
    <p class='ocr_par' dir='ltr' id='par_1_39' title="bbox 197 3514 1732 3587">
     <span class='ocr_line' id='line_1_39' title="bbox 197 3514 1732 3587; baseline 0.001 -20"><span class='ocrx_word' id='word_1_290' title='bbox 197 3515 333 3585; x_wconf 65' lang='grc' dir='ltr'>ἡνίκα</span> <span class='ocrx_word' id='word_1_291' title='bbox 355 3517 444 3571; x_wconf 83' lang='grc' dir='ltr'><strong>τὸν</strong></span> <span class='ocrx_word' id='word_1_292' title='bbox 469 3515 705 3570; x_wconf 78' lang='grc' dir='ltr'>Αἰθίοπα</span> <span class='ocrx_word' id='word_1_293' title='bbox 738 3514 873 3586; x_wconf 85' lang='grc' dir='ltr'>πρὸς</span> <span class='ocrx_word' id='word_1_294' title='bbox 898 3514 994 3586; x_wconf 75' lang='grc' dir='ltr'>τὴν</span> <span class='ocrx_word' id='word_1_295' title='bbox 1039 3514 1332 3583; x_wconf 83' lang='grc' dir='ltr'>ἐπίγνωσιν</span> <span class='ocrx_word' id='word_1_296' title='bbox 1356 3514 1452 3568; x_wconf 83' lang='grc' dir='ltr'>τοῦ</span> <span class='ocrx_word' id='word_1_297' title='bbox 1484 3514 1732 3587; x_wconf 82' lang='grc' dir='ltr'>Σωτῆρος</span> 
     </span>
    </p>
   </div>
   <div class='ocr_carea' id='block_1_40' title="bbox 198 3606 1731 3679">
    <p class='ocr_par' dir='ltr' id='par_1_40' title="bbox 198 3606 1731 3679">
     <span class='ocr_line' id='line_1_40' title="bbox 198 3606 1731 3679; baseline 0.001 -20"><span class='ocrx_word' id='word_1_298' title='bbox 198 3612 662 3679; x_wconf 71' lang='grc' dir='ltr'>εμυσταγώγησενσ</span> <span class='ocrx_word' id='word_1_299' title='bbox 713 3606 825 3661; x_wconf 88' lang='grc' dir='ltr'>ἀλλ’</span> <span class='ocrx_word' id='word_1_300' title='bbox 871 3607 1021 3678; x_wconf 80' lang='grc' dir='ltr'>ὅμως</span> <span class='ocrx_word' id='word_1_301' title='bbox 1074 3609 1121 3660; x_wconf 89' lang='grc' dir='ltr'><strong>οί</strong></span> <span class='ocrx_word' id='word_1_302' title='bbox 1174 3608 1374 3671; x_wconf 84' lang='grc' dir='ltr'>πάντες</span> <span class='ocrx_word' id='word_1_303' title='bbox 1433 3607 1731 3679; x_wconf 72' lang='grc' dir='ltr'>ὑποχωρείι-</span> 
     </span>
    </p>
   </div>
   <div class='ocr_carea' id='block_1_41' title="bbox 203 3688 1732 3771">
    <p class='ocr_par' dir='ltr' id='par_1_41' title="bbox 203 3688 1732 3771">
     <span class='ocr_line' id='line_1_41' title="bbox 203 3688 1732 3771; baseline 0 -22"><span class='ocrx_word' id='word_1_304' title='bbox 203 3714 343 3753; x_wconf 80' lang='grc' dir='ltr'>ιωσαν</span> <span class='ocrx_word' id='word_1_305' title='bbox 377 3700 592 3771; x_wconf 86' lang='grc' dir='ltr'>Πέτρῳ,</span> <span class='ocrx_word' id='word_1_306' title='bbox 627 3688 722 3751; x_wconf 81' lang='grc' dir='ltr'>καὶ</span> <span class='ocrx_word' id='word_1_307' title='bbox 757 3696 1093 3769; x_wconf 84' lang='grc' dir='ltr'>δευτερεύειν</span> <span class='ocrx_word' id='word_1_308' title='bbox 1120 3696 1570 3769; x_wconf 73' lang='grc' dir='ltr'>ὁμολογείτωσαν,</span> <span class='ocrx_word' id='word_1_309' title='bbox 1603 3696 1732 3750; x_wconf 79' lang='grc' dir='ltr'>ὃταν</span> 
     </span>
    </p>
   </div>
   <div class='ocr_carea' id='block_1_42' title="bbox 200 3779 1743 3862">
    <p class='ocr_par' dir='ltr' id='par_1_42' title="bbox 200 3779 1743 3862">
     <span class='ocr_line' id='line_1_42' title="bbox 200 3779 1743 3862; baseline -0.002 -19"><span class='ocrx_word' id='word_1_310' title='bbox 200 3790 341 3860; x_wconf 68' lang='grc' dir='ltr'>ἡτῶν</span> <span class='ocrx_word' id='word_1_311' title='bbox 385 3789 744 3862; x_wconf 83' lang='grc' dir='ltr'>χαρισμάτων</span> <span class='ocrx_word' id='word_1_312' title='bbox 791 3779 1075 3860; x_wconf 84' lang='grc' dir='ltr'>σύγκρισις</span> <span class='ocrx_word' id='word_1_313' title='bbox 1127 3787 1395 3859; x_wconf 76' lang='grc' dir='ltr'>δοκιμάζῃ</span> <span class='ocrx_word' id='word_1_314' title='bbox 1422 3788 1512 3841; x_wconf 86' lang='grc' dir='ltr'><strong>τὸν</strong></span> <span class='ocrx_word' id='word_1_315' title='bbox 1542 3798 1743 3859; x_wconf 59' lang='grc' dir='ltr'>προτιέ</span> 
     </span>
    </p>
   </div>
   <div class='ocr_carea' id='block_1_43' title="bbox 201 3881 1734 3956">
    <p class='ocr_par' dir='ltr' id='par_1_43' title="bbox 201 3881 1734 3956">
     <span class='ocr_line' id='line_1_43' title="bbox 201 3881 1734 3956; baseline -0.001 -20"><span class='ocrx_word' id='word_1_316' title='bbox 201 3883 411 3956; x_wconf 85' lang='grc' dir='ltr'>μότερον.</span> <span class='ocrx_word' id='word_1_317' title='bbox 468 3882 824 3954; x_wconf 85' lang='grc' dir='ltr'>Ἀναθεωρῶν</span> <span class='ocrx_word' id='word_1_318' title='bbox 879 3881 937 3936; x_wconf 82' lang='grc' dir='ltr'>δὲ</span> <span class='ocrx_word' id='word_1_319' title='bbox 986 3882 1163 3935; x_wconf 86' lang='grc' dir='ltr'>πάντα</span> <span class='ocrx_word' id='word_1_320' title='bbox 1213 3881 1282 3936; x_wconf 82' lang='grc' dir='ltr'>τὰ</span> <span class='ocrx_word' id='word_1_321' title='bbox 1341 3881 1462 3936; x_wconf 86' lang='grc' dir='ltr'>καθ’</span> <span class='ocrx_word' id='word_1_322' title='bbox 1507 3881 1734 3936; x_wconf 77' lang='grc' dir='ltr'>ἕκαστον</span> 
     </span>
    </p>
   </div>
   <div class='ocr_carea' id='block_1_44' title="bbox 202 3972 1734 4049">
    <p class='ocr_par' dir='ltr' id='par_1_44' title="bbox 202 3972 1734 4049">
     <span class='ocr_line' id='line_1_44' title="bbox 202 3972 1734 4049; baseline -0.001 -22"><span class='ocrx_word' id='word_1_323' title='bbox 202 3976 276 4029; x_wconf 70' lang='grc' dir='ltr'><strong>καὶ</strong></span> <span class='ocrx_word' id='word_1_324' title='bbox 302 3977 685 4049; x_wconf 84' lang='grc' dir='ltr'>σκοπούμενος,</span> <span class='ocrx_word' id='word_1_325' title='bbox 719 3974 958 4048; x_wconf 82' lang='grc' dir='ltr'>εὑρίσκω</span> <span class='ocrx_word' id='word_1_326' title='bbox 1000 3972 1091 4027; x_wconf 87' lang='grc' dir='ltr'><strong>τὸν</strong></span> <span class='ocrx_word' id='word_1_327' title='bbox 1133 3973 1299 4045; x_wconf 77' lang='grc' dir='ltr'>ἄνδρα</span> <span class='ocrx_word' id='word_1_328' title='bbox 1339 3973 1527 4028; x_wconf 81' lang='grc' dir='ltr'>τοῦτον</span> <span class='ocrx_word' id='word_1_329' title='bbox 1556 3972 1647 4026; x_wconf 81' lang='grc' dir='ltr'><strong>ἐπί</strong></span> <span class='ocrx_word' id='word_1_330' title='bbox 1674 3989 1734 4026; x_wconf 88' lang='grc' dir='ltr'><strong>τε</strong></span> 
     </span>
    </p>
   </div>
   <div class='ocr_carea' id='block_1_45' title="bbox 204 4063 1737 4137">
    <p class='ocr_par' dir='ltr' id='par_1_45' title="bbox 204 4063 1737 4137">
     <span class='ocr_line' id='line_1_45' title="bbox 204 4063 1737 4137; baseline 0 -20"><span class='ocrx_word' id='word_1_331' title='bbox 204 4064 285 4117; x_wconf 79' lang='grc' dir='ltr'><strong>τῶν</strong></span> <span class='ocrx_word' id='word_1_332' title='bbox 311 4067 535 4137; x_wconf 80' lang='grc' dir='ltr'>λογικῶν</span> <span class='ocrx_word' id='word_1_333' title='bbox 564 4066 878 4133; x_wconf 78' lang='grc' dir='ltr'>διαλέξεων,</span> <span class='ocrx_word' id='word_1_334' title='bbox 906 4064 1001 4119; x_wconf 74' lang='grc' dir='ltr'>καὶ</span> <span class='ocrx_word' id='word_1_335' title='bbox 1025 4063 1133 4117; x_wconf 91' lang='grc' dir='ltr'><strong>τῶν</strong></span> <span class='ocrx_word' id='word_1_336' title='bbox 1166 4064 1483 4137; x_wconf 79' lang='grc' dir='ltr'>πρακτικῶν</span> <span class='ocrx_word' id='word_1_337' title='bbox 1513 4066 1737 4136; x_wconf 89' lang='grc' dir='ltr'>ἐνεργη-</span> 
     </span>
    </p>
   </div>
   <div class='ocr_carea' id='block_1_46' title="bbox 205 4156 1736 4232">
    <p class='ocr_par' dir='ltr' id='par_1_46' title="bbox 205 4156 1736 4232">
     <span class='ocr_line' id='line_1_46' title="bbox 205 4156 1736 4232; baseline 0.001 -21"><span class='ocrx_word' id='word_1_338' title='bbox 205 4157 386 4225; x_wconf 77' lang='grc' dir='ltr'>μάτων,</span> <span class='ocrx_word' id='word_1_339' title='bbox 428 4161 633 4232; x_wconf 84' lang='grc' dir='ltr'>ὁμοίως</span> <span class='ocrx_word' id='word_1_340' title='bbox 682 4156 955 4228; x_wconf 89' lang='grc' dir='ltr'>πανταχοῦ</span> <span class='ocrx_word' id='word_1_341' title='bbox 1006 4157 1366 4229; x_wconf 88' lang='grc' dir='ltr'>προπηδῶντα</span> <span class='ocrx_word' id='word_1_342' title='bbox 1412 4157 1520 4211; x_wconf 81' lang='grc' dir='ltr'><strong>τῶν</strong></span> <span class='ocrx_word' id='word_1_343' title='bbox 1560 4157 1736 4213; x_wconf 75' lang='grc' dir='ltr'>ἄλλων</span> 
     </span>
    </p>
   </div>
   <div class='ocr_carea' id='block_1_47' title="bbox 205 4249 1736 4323">
    <p class='ocr_par' dir='ltr' id='par_1_47' title="bbox 205 4249 1736 4323">
     <span class='ocr_line' id='line_1_47' title="bbox 205 4249 1736 4323; baseline 0.002 -21"><span class='ocrx_word' id='word_1_344' title='bbox 205 4250 427 4322; x_wconf 72' lang='grc' dir='ltr'>μαθητῶν</span> <span class='ocrx_word' id='word_1_345' title='bbox 459 4253 556 4306; x_wconf 75' lang='grc' dir='ltr'>καὶ</span> <span class='ocrx_word' id='word_1_346' title='bbox 591 4249 1064 4323; x_wconf 82' lang='grc' dir='ltr'>προεξαλλόμενον,</span> <span class='ocrx_word' id='word_1_347' title='bbox 1090 4250 1184 4303; x_wconf 73' lang='grc' dir='ltr'>καὶ</span> <span class='ocrx_word' id='word_1_348' title='bbox 1241 4249 1469 4319; x_wconf 68' lang='grc' dir='ltr'>κατόπιν</span> <span class='ocrx_word' id='word_1_349' title='bbox 1507 4250 1736 4320; x_wconf 83' lang='grc' dir='ltr'>ἀφιέντα</span> 
     </span>
    </p>
   </div>
   <div class='ocr_carea' id='block_1_48' title="bbox 204 4338 1385 4412">
    <p class='ocr_par' dir='ltr' id='par_1_48' title="bbox 204 4338 1385 4412">
     <span class='ocr_line' id='line_1_48' title="bbox 204 4338 1385 4412; baseline 0.007 -23"><span class='ocrx_word' id='word_1_350' title='bbox 204 4340 305 4403; x_wconf 71' lang='grc' dir='ltr'>τοὺς</span> <span class='ocrx_word' id='word_1_351' title='bbox 325 4341 381 4395; x_wconf 85' lang='grc' dir='ltr'><strong>τὸ</strong></span> <span class='ocrx_word' id='word_1_352' title='bbox 404 4343 535 4396; x_wconf 75' lang='grc' dir='ltr'>αὐτὸ</span> <span class='ocrx_word' id='word_1_353' title='bbox 564 4341 658 4395; x_wconf 79' lang='grc' dir='ltr'>τοῦ</span> <span class='ocrx_word' id='word_1_354' title='bbox 695 4340 808 4410; x_wconf 82' lang='grc' dir='ltr'>βίου</span> <span class='ocrx_word' id='word_1_355' title='bbox 840 4338 1049 4394; x_wconf 86' lang='grc' dir='ltr'>στάδιον</span> <span class='ocrx_word' id='word_1_356' title='bbox 1078 4339 1385 4412; x_wconf 84' lang='grc' dir='ltr'>τρέχοντας.</span> 
     </span>
    </p>
   </div>
   <div class='ocr_carea' id='block_1_49' title="bbox 1837 491 3400 564">
    <p class='ocr_par' dir='ltr' id='par_1_49' title="bbox 1837 491 3400 564">
     <span class='ocr_line' id='line_1_49' title="bbox 1837 491 3400 564; baseline -0.004 -16"><span class='ocrx_word' id='word_1_357' title='bbox 1837 510 1985 550; x_wconf 86' lang='lat' dir='ltr'><strong>mare</strong></span> <span class='ocrx_word' id='word_1_358' title='bbox 2012 495 2057 527; x_wconf 81' lang='grc'><strong>⁸⁷</strong></span> <span class='ocrx_word' id='word_1_359' title='bbox 2086 513 2099 549; x_wconf 91' lang='lat'><em>:</em></span> <span class='ocrx_word' id='word_1_360' title='bbox 2127 495 2170 551; x_wconf 89' lang='lat' dir='ltr'><strong>is</strong></span> <span class='ocrx_word' id='word_1_361' title='bbox 2203 505 2379 550; x_wconf 84' lang='lat' dir='ltr'><strong>tamen</strong></span> <span class='ocrx_word' id='word_1_362' title='bbox 2410 506 2554 549; x_wconf 86' lang='lat' dir='ltr'><strong>terra</strong></span> <span class='ocrx_word' id='word_1_363' title='bbox 2602 493 2951 564; x_wconf 73' lang='lat' dir='ltr'><strong>gradiebatur</strong></span> <span class='ocrx_word' id='word_1_364' title='bbox 2986 493 3062 548; x_wconf 92' lang='lat' dir='ltr'><strong>uti</strong></span> <span class='ocrx_word' id='word_1_365' title='bbox 3092 491 3400 546; x_wconf 86' lang='lat' dir='ltr'><strong>hominibus</strong></span> 
     </span>
    </p>
   </div>
   <div class='ocr_carea' id='block_1_50' title="bbox 1834 574 3398 655">
    <p class='ocr_par' dir='ltr' id='par_1_50' title="bbox 1834 574 3398 655">
     <span class='ocr_line' id='line_1_50' title="bbox 1834 574 3398 655; baseline -0.006 -13"><span class='ocrx_word' id='word_1_366' title='bbox 1834 580 2201 655; x_wconf 73' lang='lat' dir='ltr'><strong>coittparatum</strong></span> <span class='ocrx_word' id='word_1_367' title='bbox 2227 597 2309 640; x_wconf 89' lang='lat' dir='ltr'><strong>est</strong></span> <span class='ocrx_word' id='word_1_368' title='bbox 2331 628 2345 649; x_wconf 98' lang='lat'><strong>,</strong></span> <span class='ocrx_word' id='word_1_369' title='bbox 2373 601 2493 641; x_wconf 91' lang='lat' dir='ltr'><strong>cum</strong></span> <span class='ocrx_word' id='word_1_370' title='bbox 2525 601 2677 655; x_wconf 76' lang='lat' dir='ltr'><strong>aqua:</strong></span> <span class='ocrx_word' id='word_1_371' title='bbox 2702 585 2827 641; x_wconf 91' lang='lat' dir='ltr'><strong>hinc</strong></span> <span class='ocrx_word' id='word_1_372' title='bbox 2857 574 3081 639; x_wconf 14' lang='lat' dir='ltr'><strong>i&#39;ndte’ad</strong></span> <span class='ocrx_word' id='word_1_373' title='bbox 3126 597 3187 638; x_wconf 91' lang='lat' dir='ltr'><strong>se</strong></span> <span class='ocrx_word' id='word_1_374' title='bbox 3224 596 3398 637; x_wconf 81' lang='lat' dir='ltr'><strong>reces-</strong></span> 
     </span>
    </p>
   </div>
   <div class='ocr_carea' id='block_1_51' title="bbox 1832 674 3429 749">
    <p class='ocr_par' dir='ltr' id='par_1_51' title="bbox 1832 674 3429 749">
     <span class='ocr_line' id='line_1_51' title="bbox 1832 674 3429 749; baseline -0.004 -15"><span class='ocrx_word' id='word_1_375' title='bbox 1832 679 2049 734; x_wconf 78' lang='lat' dir='ltr'><strong>sissent.</strong></span> <span class='ocrx_word' id='word_1_376' title='bbox 2078 677 2301 749; x_wconf 76' lang='lat' dir='ltr'><strong>Magnus</strong></span> <span class='ocrx_word' id='word_1_377' title='bbox 2337 678 2464 733; x_wconf 87' lang='lat' dir='ltr'><strong>item</strong></span> <span class='ocrx_word' id='word_1_378' title='bbox 2489 677 2648 734; x_wconf 83' lang='lat' dir='ltr'><strong>Jesus</strong></span> <span class='ocrx_word' id='word_1_379' title='bbox 2671 677 2758 733; x_wconf 91' lang='lat' dir='ltr'><strong>ille</strong></span> <span class='ocrx_word' id='word_1_380' title='bbox 2786 678 2901 747; x_wconf 84' lang='lat' dir='ltr'><strong>ejus</strong></span> <span class='ocrx_word' id='word_1_381' title='bbox 2931 690 3233 741; x_wconf 86' lang='lat' dir='ltr'><strong>successor,</strong></span> <span class='ocrx_word' id='word_1_382' title='bbox 3258 674 3398 743; x_wconf 85' lang='lat' dir='ltr'><strong>quod</strong></span> <span class='ocrx_word' id='word_1_383' title='bbox 3416 674 3429 683; x_wconf 70' lang='grc'><em>”</em></span> 
     </span>
    </p>
   </div>
   <div class='ocr_carea' id='block_1_52' title="bbox 1830 751 3399 838">
    <p class='ocr_par' dir='ltr' id='par_1_52' title="bbox 1830 751 3399 838">
     <span class='ocr_line' id='line_1_52' title="bbox 1830 751 3399 838; baseline -0.006 -14"><span class='ocrx_word' id='word_1_384' title='bbox 1830 769 2118 824; x_wconf 71' lang='lat' dir='ltr'><strong>Iordanem</strong></span> <span class='ocrx_word' id='word_1_385' title='bbox 2170 783 2330 838; x_wconf 82' lang='lat' dir='ltr'><strong>supra</strong></span> <span class='ocrx_word' id='word_1_386' title='bbox 2376 768 2538 822; x_wconf 87' lang='lat' dir='ltr'><strong>etiam</strong></span> <span class='ocrx_word' id='word_1_387' title='bbox 2571 769 2716 838; x_wconf 80' lang='lat' dir='ltr'><strong>ripas</strong></span> <span class='ocrx_word' id='word_1_388' title='bbox 2751 751 3112 822; x_wconf 76' lang='lat' dir='ltr'><strong>exundantem</strong></span> <span class='ocrx_word' id='word_1_389' title='bbox 3149 761 3399 818; x_wconf 88' lang='lat' dir='ltr'><strong>transmi-</strong></span> 
     </span>
    </p>
   </div>
   <div class='ocr_carea' id='block_1_53' title="bbox 1832 855 3397 930">
    <p class='ocr_par' dir='ltr' id='par_1_53' title="bbox 1832 855 3397 930">
     <span class='ocr_line' id='line_1_53' title="bbox 1832 855 3397 930; baseline -0.004 -16"><span class='ocrx_word' id='word_1_390' title='bbox 1832 862 1968 916; x_wconf 86' lang='lat' dir='ltr'><strong>serit</strong></span> <span class='ocrx_word' id='word_1_391' title='bbox 2002 860 2093 914; x_wconf 72' lang='grc'><strong>⁸⁸2</strong></span> <span class='ocrx_word' id='word_1_392' title='bbox 2134 874 2321 914; x_wconf 88' lang='lat' dir='ltr'><strong>verum</strong></span> <span class='ocrx_word' id='word_1_393' title='bbox 2367 862 2411 914; x_wconf 88' lang='lat' dir='ltr'><strong>is</strong></span> <span class='ocrx_word' id='word_1_394' title='bbox 2452 876 2687 930; x_wconf 85' lang='lat' dir='ltr'><strong>quoque.</strong></span> <span class='ocrx_word' id='word_1_395' title='bbox 2738 861 2961 930; x_wconf 84' lang='lat' dir='ltr'><strong>perinde</strong></span> <span class='ocrx_word' id='word_1_396' title='bbox 3004 874 3067 913; x_wconf 87' lang='lat' dir='ltr'><strong>ac</strong></span> <span class='ocrx_word' id='word_1_397' title='bbox 3108 870 3256 912; x_wconf 87' lang='lat' dir='ltr'><strong>mare</strong></span> <span class='ocrx_word' id='word_1_398' title='bbox 3284 855 3397 909; x_wconf 67' lang='lat' dir='ltr'><strong>Ilu-</strong></span> 
     </span>
    </p>
   </div>
   <div class='ocr_carea' id='block_1_54' title="bbox 1835 939 3396 1023">
    <p class='ocr_par' dir='ltr' id='par_1_54' title="bbox 1835 939 3396 1023">
     <span class='ocr_line' id='line_1_54' title="bbox 1835 939 3396 1023; baseline -0.004 -16"><span class='ocrx_word' id='word_1_399' title='bbox 1835 956 2011 1017; x_wconf 89' lang='lat' dir='ltr'><strong>hrum,</strong></span> <span class='ocrx_word' id='word_1_400' title='bbox 2043 954 2277 1021; x_wconf 90' lang='lat' dir='ltr'><strong>seipsum</strong></span> <span class='ocrx_word' id='word_1_401' title='bbox 2309 955 2577 1019; x_wconf 79' lang='lat' dir='ltr'><strong>dividens,</strong></span> <span class='ocrx_word' id='word_1_402' title='bbox 2607 954 2958 1023; x_wconf 88' lang='lat' dir='ltr'><strong>iuhibensque</strong></span> <span class='ocrx_word' id='word_1_403' title='bbox 2975 939 3396 1015; x_wconf 26' lang='lat' dir='ltr'><strong>ﬂuentium-ter-</strong></span> 
     </span>
    </p>
   </div>
   <div class='ocr_carea' id='block_1_55' title="bbox 1834 1035 3395 1115">
    <p class='ocr_par' dir='ltr' id='par_1_55' title="bbox 1834 1035 3395 1115">
     <span class='ocr_line' id='line_1_55' title="bbox 1834 1035 3395 1115; baseline -0.004 -16"><span class='ocrx_word' id='word_1_404' title='bbox 1834 1062 1944 1099; x_wconf 89' lang='lat' dir='ltr'><strong>ram</strong></span> <span class='ocrx_word' id='word_1_405' title='bbox 1974 1046 2169 1100; x_wconf 87' lang='lat' dir='ltr'><strong>nudam</strong></span> <span class='ocrx_word' id='word_1_406' title='bbox 2202 1046 2599 1100; x_wconf 89' lang='lat' dir='ltr'><strong>transmittenti</strong></span> <span class='ocrx_word' id='word_1_407' title='bbox 2630 1044 2842 1115; x_wconf 90' lang='lat' dir='ltr'><strong>populo,</strong></span> <span class='ocrx_word' id='word_1_408' title='bbox 2872 1035 3031 1113; x_wconf 83' lang='lat' dir='ltr'><strong>quam</strong></span> <span class='ocrx_word' id='word_1_409' title='bbox 3065 1040 3395 1105; x_wconf 86' lang='lat' dir='ltr'><strong>incederent,</strong></span> 
     </span>
    </p>
   </div>
   <div class='ocr_carea' id='block_1_56' title="bbox 1832 1130 3395 1206">
    <p class='ocr_par' dir='ltr' id='par_1_56' title="bbox 1832 1130 3395 1206">
     <span class='ocr_line' id='line_1_56' title="bbox 1832 1130 3395 1206; baseline -0.001 -19"><span class='ocrx_word' id='word_1_410' title='bbox 1832 1137 2077 1205; x_wconf 72' lang='lat' dir='ltr'><strong>praebuit.</strong></span> <span class='ocrx_word' id='word_1_411' title='bbox 2118 1135 2305 1191; x_wconf 89' lang='lat' dir='ltr'><strong>Nullus</strong></span> <span class='ocrx_word' id='word_1_412' title='bbox 2332 1130 2463 1206; x_wconf 81' lang='lat' dir='ltr'><strong>vero</strong></span> <span class='ocrx_word' id='word_1_413' title='bbox 2502 1151 2732 1205; x_wconf 81' lang='lat' dir='ltr'><strong>unquam</strong></span> <span class='ocrx_word' id='word_1_414' title='bbox 2787 1136 3024 1191; x_wconf 87' lang='lat' dir='ltr'><strong>virorum</strong></span> <span class='ocrx_word' id='word_1_415' title='bbox 3070 1147 3310 1204; x_wconf 79' lang='lat' dir='ltr'><strong>gressum</strong></span> <span class='ocrx_word' id='word_1_416' title='bbox 3339 1130 3395 1185; x_wconf 89' lang='lat' dir='ltr'><strong>in</strong></span> 
     </span>
    </p>
   </div>
   <div class='ocr_carea' id='block_1_57' title="bbox 1830 1225 3396 1296">
    <p class='ocr_par' dir='ltr' id='par_1_57' title="bbox 1830 1225 3396 1296">
     <span class='ocr_line' id='line_1_57' title="bbox 1830 1225 3396 1296; baseline -0.002 -16"><span class='ocrx_word' id='word_1_417' title='bbox 1830 1244 1965 1296; x_wconf 88' lang='lat' dir='ltr'><strong>aqua</strong></span> <span class='ocrx_word' id='word_1_418' title='bbox 2006 1229 2139 1282; x_wconf 81' lang='lat' dir='ltr'><strong>fixit.</strong></span> <span class='ocrx_word' id='word_1_419' title='bbox 2181 1228 2289 1282; x_wconf 85' lang='lat' dir='ltr'><strong>Nec</strong></span> <span class='ocrx_word' id='word_1_420' title='bbox 2328 1228 2471 1281; x_wconf 83' lang='lat' dir='ltr'><strong>enim</strong></span> <span class='ocrx_word' id='word_1_421' title='bbox 2506 1230 2606 1286; x_wconf 82' lang='lat' dir='ltr'><strong>hoc</strong></span> <span class='ocrx_word' id='word_1_422' title='bbox 2640 1229 2725 1283; x_wconf 82' lang='lat' dir='ltr'><strong>lex</strong></span> <span class='ocrx_word' id='word_1_423' title='bbox 2756 1238 2961 1281; x_wconf 65' lang='lat' dir='ltr'><strong>natura:</strong></span> <span class='ocrx_word' id='word_1_424' title='bbox 2996 1225 3176 1288; x_wconf 85' lang='lat' dir='ltr'><strong>habet,</strong></span> <span class='ocrx_word' id='word_1_425' title='bbox 3208 1232 3264 1278; x_wconf 89' lang='lat' dir='ltr'><strong>ut</strong></span> <span class='ocrx_word' id='word_1_426' title='bbox 3293 1225 3396 1277; x_wconf 77' lang='lat' dir='ltr'><strong>lut-</strong></span> 
     </span>
    </p>
   </div>
   <div class='ocr_carea' id='block_1_58' title="bbox 1830 1319 3396 1391">
    <p class='ocr_par' dir='ltr' id='par_1_58' title="bbox 1830 1319 3396 1391">
     <span class='ocr_line' id='line_1_58' title="bbox 1830 1319 3396 1391; baseline -0.004 -16"><span class='ocrx_word' id='word_1_427' title='bbox 1830 1321 1970 1376; x_wconf 86' lang='lat' dir='ltr'><strong>mida</strong></span> <span class='ocrx_word' id='word_1_428' title='bbox 2021 1320 2288 1391; x_wconf 83' lang='lat' dir='ltr'><strong>tluidaque</strong></span> <span class='ocrx_word' id='word_1_429' title='bbox 2320 1322 2619 1376; x_wconf 83' lang='lat' dir='ltr'><strong>substantia</strong></span> <span class='ocrx_word' id='word_1_430' title='bbox 2693 1321 2904 1390; x_wconf 81' lang='lat' dir='ltr'><strong>corpori</strong></span> <span class='ocrx_word' id='word_1_431' title='bbox 2955 1319 3126 1375; x_wconf 88' lang='lat' dir='ltr'><strong>solido</strong></span> <span class='ocrx_word' id='word_1_432' title='bbox 3171 1332 3233 1372; x_wconf 90' lang='lat' dir='ltr'><strong>ac</strong></span> <span class='ocrx_word' id='word_1_433' title='bbox 3276 1329 3396 1386; x_wconf 84' lang='lat' dir='ltr'><strong>pre-</strong></span> 
     </span>
    </p>
   </div>
   <div class='ocr_carea' id='block_1_59' title="bbox 1829 1404 3395 1477">
    <p class='ocr_par' dir='ltr' id='par_1_59' title="bbox 1829 1404 3395 1477">
     <span class='ocr_line' id='line_1_59' title="bbox 1829 1404 3395 1477; baseline -0.005 -9"><span class='ocrx_word' id='word_1_434' title='bbox 1829 1413 1992 1468; x_wconf 87' lang='lat' dir='ltr'><strong>menti</strong></span> <span class='ocrx_word' id='word_1_435' title='bbox 2019 1414 2255 1469; x_wconf 84' lang='lat' dir='ltr'><strong>resistat.</strong></span> <span class='ocrx_word' id='word_1_436' title='bbox 2294 1414 2482 1469; x_wconf 87' lang='lat' dir='ltr'><strong>Putem</strong></span> <span class='ocrx_word' id='word_1_437' title='bbox 2514 1429 2665 1477; x_wconf 85' lang='lat' dir='ltr'><strong>vero,</strong></span> <span class='ocrx_word' id='word_1_438' title='bbox 2702 1404 3073 1467; x_wconf 85' lang='lat' dir='ltr'><strong>universorum</strong></span> <span class='ocrx_word' id='word_1_439' title='bbox 3107 1409 3293 1463; x_wconf 80' lang='lat' dir='ltr'><strong>herum</strong></span> <span class='ocrx_word' id='word_1_440' title='bbox 3331 1420 3395 1461; x_wconf 89' lang='lat' dir='ltr'><strong>ac</strong></span> 
     </span>
    </p>
   </div>
   <div class='ocr_carea' id='block_1_60' title="bbox 1832 1502 3395 1576">
    <p class='ocr_par' dir='ltr' id='par_1_60' title="bbox 1832 1502 3395 1576">
     <span class='ocr_line' id='line_1_60' title="bbox 1832 1502 3395 1576; baseline -0.006 -16"><span class='ocrx_word' id='word_1_441' title='bbox 1832 1507 2150 1571; x_wconf 90' lang='lat' dir='ltr'><strong>Dominum,</strong></span> <span class='ocrx_word' id='word_1_442' title='bbox 2199 1522 2359 1576; x_wconf 86' lang='lat' dir='ltr'><strong>supra</strong></span> <span class='ocrx_word' id='word_1_443' title='bbox 2395 1508 2609 1560; x_wconf 91' lang='lat' dir='ltr'><strong>modum</strong></span> <span class='ocrx_word' id='word_1_444' title='bbox 2637 1514 2765 1560; x_wconf 90' lang='lat' dir='ltr'><strong>tunc</strong></span> <span class='ocrx_word' id='word_1_445' title='bbox 2798 1502 3164 1574; x_wconf 77' lang='lat' dir='ltr'><strong>praefervens,</strong></span> <span class='ocrx_word' id='word_1_446' title='bbox 3202 1512 3395 1554; x_wconf 82' lang='lat' dir='ltr'><strong>accen-</strong></span> 
     </span>
    </p>
   </div>
   <div class='ocr_carea' id='block_1_61' title="bbox 1829 1590 3395 1669">
    <p class='ocr_par' dir='ltr' id='par_1_61' title="bbox 1829 1590 3395 1669">
     <span class='ocr_line' id='line_1_61' title="bbox 1829 1590 3395 1669; baseline -0.006 -15"><span class='ocrx_word' id='word_1_447' title='bbox 1829 1614 2055 1669; x_wconf 90' lang='lat' dir='ltr'><strong>sumque</strong></span> <span class='ocrx_word' id='word_1_448' title='bbox 2090 1598 2190 1653; x_wconf 84' lang='lat' dir='ltr'><strong>viri</strong></span> <span class='ocrx_word' id='word_1_449' title='bbox 2232 1597 2559 1653; x_wconf 85' lang='lat' dir='ltr'><strong>desiderium</strong></span> <span class='ocrx_word' id='word_1_450' title='bbox 2602 1597 2959 1659; x_wconf 87' lang='lat' dir='ltr'><strong>admiratum,</strong></span> <span class='ocrx_word' id='word_1_451' title='bbox 3001 1609 3069 1648; x_wconf 78' lang='lat' dir='ltr'><strong>ex</strong></span> <span class='ocrx_word' id='word_1_452' title='bbox 3118 1591 3264 1659; x_wconf 78' lang='lat' dir='ltr'><strong>cujus</strong></span> <span class='ocrx_word' id='word_1_453' title='bbox 3291 1590 3395 1645; x_wconf 88' lang='lat' dir='ltr'><strong>im-</strong></span> 
     </span>
    </p>
   </div>
   <div class='ocr_carea' id='block_1_62' title="bbox 1830 1686 3395 1761">
    <p class='ocr_par' dir='ltr' id='par_1_62' title="bbox 1830 1686 3395 1761">
     <span class='ocr_line' id='line_1_62' title="bbox 1830 1686 3395 1761; baseline -0.008 -15"><span class='ocrx_word' id='word_1_454' title='bbox 1830 1704 1951 1761; x_wconf 77' lang='lat' dir='ltr'><strong>petu</strong></span> <span class='ocrx_word' id='word_1_455' title='bbox 1988 1690 2312 1746; x_wconf 79' lang='lat' dir='ltr'><strong>exclamavit</strong></span> <span class='ocrx_word' id='word_1_456' title='bbox 2343 1691 2548 1755; x_wconf 87' lang='lat' dir='ltr'><strong>dicens,</strong></span> <span class='ocrx_word' id='word_1_457' title='bbox 2575 1689 2713 1743; x_wconf 68' lang='lat' dir='ltr'><strong>Juba</strong></span> <span class='ocrx_word' id='word_1_458' title='bbox 2742 1694 2821 1742; x_wconf 76' lang='lat' dir='ltr'><strong>me</strong></span> <span class='ocrx_word' id='word_1_459' title='bbox 2853 1688 3023 1742; x_wconf 82' lang='lat' dir='ltr'><strong>venire</strong></span> <span class='ocrx_word' id='word_1_460' title='bbox 3055 1686 3122 1738; x_wconf 81' lang='lat' dir='ltr'><strong>ad</strong></span> <span class='ocrx_word' id='word_1_461' title='bbox 3163 1692 3212 1736; x_wconf 74' lang='lat' dir='ltr'><strong>te</strong></span> <span class='ocrx_word' id='word_1_462' title='bbox 3241 1696 3395 1751; x_wconf 82' lang='lat' dir='ltr'><strong>super</strong></span> 
     </span>
    </p>
   </div>
   <div class='ocr_carea' id='block_1_63' title="bbox 1832 1772 3393 1850">
    <p class='ocr_par' dir='ltr' id='par_1_63' title="bbox 1832 1772 3393 1850">
     <span class='ocr_line' id='line_1_63' title="bbox 1832 1772 3393 1850; baseline -0.006 -16"><span class='ocrx_word' id='word_1_463' title='bbox 1832 1782 2112 1850; x_wconf 82' lang='lat' dir='ltr'><strong>aquam”,</strong></span> <span class='ocrx_word' id='word_1_464' title='bbox 2160 1789 2323 1836; x_wconf 65' lang='lat' dir='ltr'><strong>tanta;</strong></span> <span class='ocrx_word' id='word_1_465' title='bbox 2368 1780 2513 1838; x_wconf 88' lang='lat' dir='ltr'><strong>illius</strong></span> <span class='ocrx_word' id='word_1_466' title='bbox 2566 1778 2871 1834; x_wconf 83' lang='lat' dir='ltr'><strong>dilectionis</strong></span> <span class='ocrx_word' id='word_1_467' title='bbox 2916 1792 2977 1831; x_wconf 90' lang='lat' dir='ltr'><strong>ac</strong></span> <span class='ocrx_word' id='word_1_468' title='bbox 3013 1773 3134 1830; x_wconf 86' lang='lat' dir='ltr'><strong>lidei</strong></span> <span class='ocrx_word' id='word_1_469' title='bbox 3179 1772 3393 1837; x_wconf 83' lang='lat' dir='ltr'><strong>merito,</strong></span> 
     </span>
    </p>
   </div>
   <div class='ocr_carea' id='block_1_64' title="bbox 1834 1864 3391 1943">
    <p class='ocr_par' dir='ltr' id='par_1_64' title="bbox 1834 1864 3391 1943">
     <span class='ocr_line' id='line_1_64' title="bbox 1834 1864 3391 1943; baseline -0.008 -14"><span class='ocrx_word' id='word_1_470' title='bbox 1834 1890 2025 1929; x_wconf 88' lang='lat' dir='ltr'><strong>novam</strong></span> <span class='ocrx_word' id='word_1_471' title='bbox 2076 1874 2223 1929; x_wconf 88' lang='lat' dir='ltr'><strong>illam</strong></span> <span class='ocrx_word' id='word_1_472' title='bbox 2280 1890 2341 1929; x_wconf 87' lang='lat' dir='ltr'><strong>ac</strong></span> <span class='ocrx_word' id='word_1_473' title='bbox 2390 1873 2693 1928; x_wconf 85' lang='lat' dir='ltr'><strong>mirabilem</strong></span> <span class='ocrx_word' id='word_1_474' title='bbox 2752 1871 2978 1943; x_wconf 75' lang='lat' dir='ltr'><strong>gratiam</strong></span> <span class='ocrx_word' id='word_1_475' title='bbox 3038 1864 3391 1929; x_wconf 83' lang='lat' dir='ltr'><strong>concessisse,</strong></span> 
     </span>
    </p>
   </div>
   <div class='ocr_carea' id='block_1_65' title="bbox 1833 1955 3398 2037">
    <p class='ocr_par' dir='ltr' id='par_1_65' title="bbox 1833 1955 3398 2037">
     <span class='ocr_line' id='line_1_65' title="bbox 1833 1955 3398 2037; baseline -0.009 -15"><span class='ocrx_word' id='word_1_476' title='bbox 1833 1965 1985 2037; x_wconf 85' lang='lat' dir='ltr'><strong>cujus</strong></span> <span class='ocrx_word' id='word_1_477' title='bbox 2015 1965 2206 2022; x_wconf 84' lang='lat' dir='ltr'><strong>Petrus</strong></span> <span class='ocrx_word' id='word_1_478' title='bbox 2231 1967 2382 2021; x_wconf 88' lang='lat' dir='ltr'><strong>solus</strong></span> <span class='ocrx_word' id='word_1_479' title='bbox 2413 1966 2562 2020; x_wconf 83' lang='lat' dir='ltr'><strong>visus</strong></span> <span class='ocrx_word' id='word_1_480' title='bbox 2607 1973 2690 2020; x_wconf 87' lang='lat' dir='ltr'><strong>est</strong></span> <span class='ocrx_word' id='word_1_481' title='bbox 2722 1974 2921 2033; x_wconf 77' lang='lat' dir='ltr'><strong>capax,</strong></span> <span class='ocrx_word' id='word_1_482' title='bbox 2949 1959 3094 2025; x_wconf 84' lang='lat' dir='ltr'><strong>omni</strong></span> <span class='ocrx_word' id='word_1_483' title='bbox 3128 1965 3272 2012; x_wconf 91' lang='lat' dir='ltr'><strong>retro</strong></span> <span class='ocrx_word' id='word_1_484' title='bbox 3298 1955 3398 2010; x_wconf 87' lang='lat' dir='ltr'><strong>ho-</strong></span> 
     </span>
    </p>
   </div>
   <div class='ocr_carea' id='block_1_66' title="bbox 1835 2046 3395 2121">
    <p class='ocr_par' dir='ltr' id='par_1_66' title="bbox 1835 2046 3395 2121">
     <span class='ocr_line' id='line_1_66' title="bbox 1835 2046 3395 2121; baseline -0.009 -7"><span class='ocrx_word' id='word_1_485' title='bbox 1835 2059 2036 2115; x_wconf 89' lang='lat' dir='ltr'><strong>minum</strong></span> <span class='ocrx_word' id='word_1_486' title='bbox 2081 2059 2429 2115; x_wconf 84' lang='lat' dir='ltr'><strong>successione</strong></span> <span class='ocrx_word' id='word_1_487' title='bbox 2472 2058 2538 2112; x_wconf 89' lang='lat' dir='ltr'><strong>ab</strong></span> <span class='ocrx_word' id='word_1_488' title='bbox 2584 2056 2791 2110; x_wconf 85' lang='lat' dir='ltr'><strong>Adamo</strong></span> <span class='ocrx_word' id='word_1_489' title='bbox 2828 2053 2895 2107; x_wconf 88' lang='lat' dir='ltr'><strong>ad</strong></span> <span class='ocrx_word' id='word_1_490' title='bbox 2936 2065 3106 2121; x_wconf 90' lang='lat' dir='ltr'><strong>usque</strong></span> <span class='ocrx_word' id='word_1_491' title='bbox 3159 2046 3395 2104; x_wconf 84' lang='lat' dir='ltr'><strong>novissi-</strong></span> 
     </span>
    </p>
   </div>
   <div class='ocr_carea' id='block_1_67' title="bbox 1831 2130 3397 2220">
    <p class='ocr_par' dir='ltr' id='par_1_67' title="bbox 1831 2130 3397 2220">
     <span class='ocr_line' id='line_1_67' title="bbox 1831 2130 3397 2220; baseline -0.008 -16"><span class='ocrx_word' id='word_1_492' title='bbox 1831 2166 1997 2206; x_wconf 90' lang='lat' dir='ltr'><strong>mum.</strong></span> <span class='ocrx_word' id='word_1_493' title='bbox 2041 2149 2183 2206; x_wconf 81' lang='lat' dir='ltr'><strong>Vera</strong></span> <span class='ocrx_word' id='word_1_494' title='bbox 2222 2150 2485 2220; x_wconf 88' lang='lat' dir='ltr'><strong>siquidem</strong></span> <span class='ocrx_word' id='word_1_495' title='bbox 2536 2163 2599 2204; x_wconf 88' lang='lat' dir='ltr'><strong>ac</strong></span> <span class='ocrx_word' id='word_1_496' title='bbox 2649 2130 2933 2218; x_wconf 87' lang='lat' dir='ltr'><strong>peculiaris</strong></span> <span class='ocrx_word' id='word_1_497' title='bbox 2984 2143 3101 2206; x_wconf 88' lang='lat' dir='ltr'><strong>Dei,</strong></span> <span class='ocrx_word' id='word_1_498' title='bbox 3147 2136 3397 2196; x_wconf 83' lang='lat' dir='ltr'><strong>miraculi</strong></span> 
     </span>
    </p>
   </div>
   <div class='ocr_carea' id='block_1_68' title="bbox 1831 2237 3396 2312">
    <p class='ocr_par' dir='ltr' id='par_1_68' title="bbox 1831 2237 3396 2312">
     <span class='ocr_line' id='line_1_68' title="bbox 1831 2237 3396 2312; baseline -0.006 -13"><span class='ocrx_word' id='word_1_499' title='bbox 1831 2243 2160 2312; x_wconf 86' lang='lat' dir='ltr'><strong>ejuscemodi</strong></span> <span class='ocrx_word' id='word_1_500' title='bbox 2207 2242 2489 2309; x_wconf 81' lang='lat' dir='ltr'><strong>exhibitio,</strong></span> <span class='ocrx_word' id='word_1_501' title='bbox 2540 2249 2739 2296; x_wconf 85' lang='lat' dir='ltr'><strong>creatae</strong></span> <span class='ocrx_word' id='word_1_502' title='bbox 2781 2237 3134 2309; x_wconf 83' lang='lat' dir='ltr'><strong>abjectionem</strong></span> <span class='ocrx_word' id='word_1_503' title='bbox 3188 2241 3396 2289; x_wconf 62' lang='lat' dir='ltr'><strong>natura</strong></span> 
     </span>
    </p>
   </div>
   <div class='ocr_carea' id='block_1_69' title="bbox 1832 2323 3396 2404">
    <p class='ocr_par' dir='ltr' id='par_1_69' title="bbox 1832 2323 3396 2404">
     <span class='ocr_line' id='line_1_69' title="bbox 1832 2323 3396 2404; baseline -0.008 -14"><span class='ocrx_word' id='word_1_504' title='bbox 1832 2336 2152 2391; x_wconf 91' lang='lat' dir='ltr'><strong>immensum</strong></span> <span class='ocrx_word' id='word_1_505' title='bbox 2177 2348 2466 2404; x_wconf 87' lang='lat' dir='ltr'><strong>superans,</strong></span> <span class='ocrx_word' id='word_1_506' title='bbox 2490 2331 2942 2403; x_wconf 87' lang='lat' dir='ltr'><strong>quemadmodum</strong></span> <span class='ocrx_word' id='word_1_507' title='bbox 2964 2327 3128 2384; x_wconf 89' lang='lat' dir='ltr'><strong>etiam</strong></span> <span class='ocrx_word' id='word_1_508' title='bbox 3161 2323 3396 2395; x_wconf 86' lang='lat' dir='ltr'><strong>prophe-</strong></span> 
     </span>
    </p>
   </div>
   <div class='ocr_carea' id='block_1_70' title="bbox 1833 2417 3398 2499">
    <p class='ocr_par' dir='ltr' id='par_1_70' title="bbox 1833 2417 3398 2499">
     <span class='ocr_line' id='line_1_70' title="bbox 1833 2417 3398 2499; baseline -0.009 -16"><span class='ocrx_word' id='word_1_509' title='bbox 1833 2439 2006 2483; x_wconf 89' lang='lat' dir='ltr'><strong>tarum</strong></span> <span class='ocrx_word' id='word_1_510' title='bbox 2038 2427 2244 2499; x_wconf 80' lang='lat' dir='ltr'><strong>Optimo</strong></span> <span class='ocrx_word' id='word_1_511' title='bbox 2273 2425 2461 2481; x_wconf 84' lang='lat' dir='ltr'><strong>Davidi</strong></span> <span class='ocrx_word' id='word_1_512' title='bbox 2481 2424 2656 2481; x_wconf 88' lang='lat' dir='ltr'><strong>visum</strong></span> <span class='ocrx_word' id='word_1_513' title='bbox 2693 2432 2796 2480; x_wconf 89' lang='lat' dir='ltr'><strong>est.</strong></span> <span class='ocrx_word' id='word_1_514' title='bbox 2836 2421 2967 2476; x_wconf 71' lang='lat' dir='ltr'><strong>Nam</strong></span> <span class='ocrx_word' id='word_1_515' title='bbox 2994 2429 3049 2475; x_wconf 86' lang='lat' dir='ltr'><strong>et</strong></span> <span class='ocrx_word' id='word_1_516' title='bbox 3070 2417 3159 2474; x_wconf 89' lang='lat' dir='ltr'><strong>ille</strong></span> <span class='ocrx_word' id='word_1_517' title='bbox 3184 2417 3239 2472; x_wconf 89' lang='lat' dir='ltr'><strong>in</strong></span> <span class='ocrx_word' id='word_1_518' title='bbox 3262 2428 3398 2485; x_wconf 87' lang='lat' dir='ltr'><strong>quo-</strong></span> 
     </span>
    </p>
   </div>
   <div class='ocr_carea' id='block_1_71' title="bbox 1832 2500 3471 2592">
    <p class='ocr_par' dir='ltr' id='par_1_71' title="bbox 1832 2500 3471 2592">
     <span class='ocr_line' id='line_1_71' title="bbox 1832 2500 3471 2592; baseline -0.01 -14"><span class='ocrx_word' id='word_1_519' title='bbox 1832 2523 1951 2578; x_wconf 87' lang='lat' dir='ltr'><strong>dam</strong></span> <span class='ocrx_word' id='word_1_520' title='bbox 2012 2519 2223 2592; x_wconf 87' lang='lat' dir='ltr'><strong>psalmo</strong></span> <span class='ocrx_word' id='word_1_521' title='bbox 2282 2520 2450 2575; x_wconf 92' lang='lat' dir='ltr'><strong>Deum</strong></span> <span class='ocrx_word' id='word_1_522' title='bbox 2509 2517 2770 2585; x_wconf 86' lang='lat' dir='ltr'><strong>laudans,</strong></span> <span class='ocrx_word' id='word_1_523' title='bbox 2830 2516 3083 2585; x_wconf 85' lang='lat' dir='ltr'><strong>ejusque,</strong></span> <span class='ocrx_word' id='word_1_524' title='bbox 3146 2500 3396 2568; x_wconf 82' lang='lat' dir='ltr'><strong>sermone</strong></span> <span class='ocrx_word' id='word_1_525' title='bbox 3465 2502 3471 2507; x_wconf 74' lang='grc'>’</span> 
     </span>
    </p>
   </div>
   <div class='ocr_carea' id='block_1_72' title="bbox 1830 2599 3392 2682">
    <p class='ocr_par' dir='ltr' id='par_1_72' title="bbox 1830 2599 3392 2682">
     <span class='ocr_line' id='line_1_72' title="bbox 1830 2599 3392 2682; baseline -0.009 -16"><span class='ocrx_word' id='word_1_526' title='bbox 1830 2610 1976 2666; x_wconf 90' lang='lat' dir='ltr'><strong>omni</strong></span> <span class='ocrx_word' id='word_1_527' title='bbox 2019 2625 2084 2665; x_wconf 90' lang='lat' dir='ltr'><strong>ac</strong></span> <span class='ocrx_word' id='word_1_528' title='bbox 2115 2610 2350 2682; x_wconf 80' lang='lat' dir='ltr'><strong>cegitatu</strong></span> <span class='ocrx_word' id='word_1_529' title='bbox 2374 2607 2631 2678; x_wconf 79' lang='lat' dir='ltr'><strong>majorem</strong></span> <span class='ocrx_word' id='word_1_530' title='bbox 2665 2605 2961 2677; x_wconf 87' lang='lat' dir='ltr'><strong>potentiam</strong></span> <span class='ocrx_word' id='word_1_531' title='bbox 2987 2615 3267 2663; x_wconf 89' lang='lat' dir='ltr'><strong>enarrans,</strong></span> <span class='ocrx_word' id='word_1_532' title='bbox 3289 2599 3392 2654; x_wconf 84' lang='lat' dir='ltr'><strong>ista</strong></span> 
     </span>
    </p>
   </div>
   <div class='ocr_carea' id='block_1_73' title="bbox 1831 2689 3397 2772">
    <p class='ocr_par' dir='ltr' id='par_1_73' title="bbox 1831 2689 3397 2772">
     <span class='ocr_line' id='line_1_73' title="bbox 1831 2689 3397 2772; baseline -0.008 -16"><span class='ocrx_word' id='word_1_533' title='bbox 1831 2702 1985 2765; x_wconf 81' lang='lat' dir='ltr'><strong>dixit,</strong></span> <span class='ocrx_word' id='word_1_534' title='bbox 2010 2717 2129 2771; x_wconf 74' lang='lat' dir='ltr'><strong>qua:</strong></span> <span class='ocrx_word' id='word_1_535' title='bbox 2152 2716 2430 2772; x_wconf 85' lang='lat' dir='ltr'><strong>promore</strong></span> <span class='ocrx_word' id='word_1_536' title='bbox 2461 2698 2803 2755; x_wconf 86' lang='lat' dir='ltr'><strong>modulantes</strong></span> <span class='ocrx_word' id='word_1_537' title='bbox 2830 2695 2981 2750; x_wconf 90' lang='lat' dir='ltr'><strong>scitis</strong></span> <span class='ocrx_word' id='word_1_538' title='bbox 3011 2712 3023 2746; x_wconf 91' lang='lat'>:</span> <span class='ocrx_word' id='word_1_539' title='bbox 3057 2692 3123 2746; x_wconf 89' lang='lat' dir='ltr'><strong>In</strong></span> <span class='ocrx_word' id='word_1_540' title='bbox 3154 2690 3289 2745; x_wconf 84' lang='lat' dir='ltr'><strong>mari</strong></span> <span class='ocrx_word' id='word_1_541' title='bbox 3313 2689 3397 2745; x_wconf 78' lang='lat' dir='ltr'><strong>via</strong></span> 
     </span>
    </p>
   </div>
   <div class='ocr_carea' id='block_1_74' title="bbox 1831 2776 3393 2860">
    <p class='ocr_par' dir='ltr' id='par_1_74' title="bbox 1831 2776 3393 2860">
     <span class='ocr_line' id='line_1_74' title="bbox 1831 2776 3393 2860; baseline -0.008 -13"><span class='ocrx_word' id='word_1_542' title='bbox 1831 2776 1941 2857; x_wconf 88' lang='lat' dir='ltr'><strong>tua,</strong></span> <span class='ocrx_word' id='word_1_543' title='bbox 1975 2803 2020 2847; x_wconf 89' lang='lat' dir='ltr'><strong>et</strong></span> <span class='ocrx_word' id='word_1_544' title='bbox 2050 2794 2249 2847; x_wconf 69' lang='lat' dir='ltr'><strong>semita:</strong></span> <span class='ocrx_word' id='word_1_545' title='bbox 2293 2802 2399 2847; x_wconf 73' lang='lat' dir='ltr'><strong>tua:</strong></span> <span class='ocrx_word' id='word_1_546' title='bbox 2436 2792 2490 2845; x_wconf 78' lang='lat' dir='ltr'><strong>in</strong></span> <span class='ocrx_word' id='word_1_547' title='bbox 2519 2790 2667 2860; x_wconf 82' lang='lat' dir='ltr'><strong>aquis</strong></span> <span class='ocrx_word' id='word_1_548' title='bbox 2703 2777 2882 2842; x_wconf 79' lang='lat' dir='ltr'><strong>multis</strong></span> <span class='ocrx_word' id='word_1_549' title='bbox 2906 2827 2922 2852; x_wconf 94' lang='lat'><strong>,</strong></span> <span class='ocrx_word' id='word_1_550' title='bbox 2966 2794 3016 2840; x_wconf 79' lang='lat' dir='ltr'><strong>et</strong></span> <span class='ocrx_word' id='word_1_551' title='bbox 3057 2782 3276 2852; x_wconf 57' lang='lat' dir='ltr'><strong>uestigia</strong></span> <span class='ocrx_word' id='word_1_552' title='bbox 3303 2792 3393 2835; x_wconf 79' lang='lat' dir='ltr'><strong>tua</strong></span> 
     </span>
    </p>
   </div>
   <div class='ocr_carea' id='block_1_75' title="bbox 1832 2869 3467 2952">
    <p class='ocr_par' dir='ltr' id='par_1_75' title="bbox 1832 2869 3467 2952">
     <span class='ocr_line' id='line_1_75' title="bbox 1832 2869 3467 2952; baseline -0.01 -14"><span class='ocrx_word' id='word_1_553' title='bbox 1832 2900 1935 2939; x_wconf 84' lang='lat' dir='ltr'><strong>non</strong></span> <span class='ocrx_word' id='word_1_554' title='bbox 1963 2890 2339 2952; x_wconf 72' lang='lat' dir='ltr'><strong>cognoscentur</strong></span> <span class='ocrx_word' id='word_1_555' title='bbox 2359 2882 2426 2934; x_wconf 71' lang='grc' dir='ltr'><strong>θ’.</strong></span> <span class='ocrx_word' id='word_1_556' title='bbox 2452 2879 2604 2947; x_wconf 84' lang='lat' dir='ltr'><strong>Quod</strong></span> <span class='ocrx_word' id='word_1_557' title='bbox 2643 2880 2822 2948; x_wconf 88' lang='lat' dir='ltr'><strong>itaque</strong></span> <span class='ocrx_word' id='word_1_558' title='bbox 2849 2874 3108 2930; x_wconf 87' lang='lat' dir='ltr'><strong>Dominus</strong></span> <span class='ocrx_word' id='word_1_559' title='bbox 3141 2874 3195 2927; x_wconf 90' lang='lat' dir='ltr'><strong>in</strong></span> <span class='ocrx_word' id='word_1_560' title='bbox 3226 2869 3394 2925; x_wconf 90' lang='lat' dir='ltr'><strong>deita-</strong></span> <span class='ocrx_word' id='word_1_561' title='bbox 3464 2946 3467 2949; x_wconf 14' lang='grc' dir='ltr'>ν</span> 
     </span>
    </p>
   </div>
   <div class='ocr_carea' id='block_1_76' title="bbox 1834 2961 3393 3043">
    <p class='ocr_par' dir='ltr' id='par_1_76' title="bbox 1834 2961 3393 3043">
     <span class='ocr_line' id='line_1_76' title="bbox 1834 2961 3393 3043; baseline -0.009 -15"><span class='ocrx_word' id='word_1_562' title='bbox 1834 2976 1902 3029; x_wconf 84' lang='lat' dir='ltr'><strong>tis</strong></span> <span class='ocrx_word' id='word_1_563' title='bbox 1945 2974 2245 3030; x_wconf 87' lang='lat' dir='ltr'><strong>rationibus</strong></span> <span class='ocrx_word' id='word_1_564' title='bbox 2289 2973 2522 3043; x_wconf 87' lang='lat' dir='ltr'><strong>propriis</strong></span> <span class='ocrx_word' id='word_1_565' title='bbox 2558 2972 2779 3036; x_wconf 87' lang='lat' dir='ltr'><strong>habuit,</strong></span> <span class='ocrx_word' id='word_1_566' title='bbox 2805 2970 2909 3025; x_wconf 89' lang='lat' dir='ltr'><strong>hoc</strong></span> <span class='ocrx_word' id='word_1_567' title='bbox 2937 2982 3059 3022; x_wconf 90' lang='lat' dir='ltr'><strong>cum</strong></span> <span class='ocrx_word' id='word_1_568' title='bbox 3081 2979 3272 3029; x_wconf 80' lang='lat' dir='ltr'><strong>servo,</strong></span> <span class='ocrx_word' id='word_1_569' title='bbox 3302 2961 3393 3017; x_wconf 87' lang='lat' dir='ltr'><strong>tali</strong></span> 
     </span>
    </p>
   </div>
   <div class='ocr_carea' id='block_1_77' title="bbox 1833 3062 2808 3134">
    <p class='ocr_par' dir='ltr' id='par_1_77' title="bbox 1833 3062 2808 3134">
     <span class='ocr_line' id='line_1_77' title="bbox 1833 3062 2808 3134; baseline -0.005 -15"><span class='ocrx_word' id='word_1_570' title='bbox 1833 3066 2060 3134; x_wconf 79' lang='lat' dir='ltr'><strong>dignaus</strong></span> <span class='ocrx_word' id='word_1_571' title='bbox 2092 3065 2316 3128; x_wconf 87' lang='lat' dir='ltr'><strong>honore,</strong></span> <span class='ocrx_word' id='word_1_572' title='bbox 2336 3067 2629 3118; x_wconf 81' lang='lat' dir='ltr'><strong>commune</strong></span> <span class='ocrx_word' id='word_1_573' title='bbox 2661 3062 2808 3117; x_wconf 87' lang='lat' dir='ltr'><strong>fecit.</strong></span> 
     </span>
    </p>
   </div>
   <div class='ocr_carea' id='block_1_78' title="bbox 1884 3144 3394 3223">
    <p class='ocr_par' dir='ltr' id='par_1_78' title="bbox 1884 3144 3394 3223">
     <span class='ocr_line' id='line_1_78' title="bbox 1884 3144 3394 3223; baseline -0.008 -15"><span class='ocrx_word' id='word_1_574' title='bbox 1884 3145 2096 3209; x_wconf 84' lang='lat' dir='ltr'><strong>Beatus</strong></span> <span class='ocrx_word' id='word_1_575' title='bbox 2121 3153 2341 3223; x_wconf 89' lang='lat' dir='ltr'><strong>quidem</strong></span> <span class='ocrx_word' id='word_1_576' title='bbox 2366 3165 2591 3221; x_wconf 81' lang='lat' dir='ltr'><strong>magnus</strong></span> <span class='ocrx_word' id='word_1_577' title='bbox 2613 3148 2867 3213; x_wconf 82' lang='lat' dir='ltr'><strong>Joannes,</strong></span> <span class='ocrx_word' id='word_1_578' title='bbox 2897 3144 2987 3217; x_wconf 87' lang='lat' dir='ltr'><strong>qui</strong></span> <span class='ocrx_word' id='word_1_579' title='bbox 3015 3157 3176 3214; x_wconf 87' lang='lat' dir='ltr'><strong>supra</strong></span> <span class='ocrx_word' id='word_1_580' title='bbox 3205 3150 3394 3211; x_wconf 87' lang='lat' dir='ltr'><strong>pectus</strong></span> 
     </span>
    </p>
   </div>
   <div class='ocr_carea' id='block_1_79' title="bbox 1838 3234 3392 3315">
    <p class='ocr_par' dir='ltr' id='par_1_79' title="bbox 1838 3234 3392 3315">
     <span class='ocr_line' id='line_1_79' title="bbox 1838 3234 3392 3315; baseline -0.011 -14"><span class='ocrx_word' id='word_1_581' title='bbox 1838 3246 2048 3304; x_wconf 89' lang='lat' dir='ltr'><strong>Domini</strong></span> <span class='ocrx_word' id='word_1_582' title='bbox 2076 3244 2339 3315; x_wconf 81' lang='lat' dir='ltr'><strong>requievit</strong></span> <span class='ocrx_word' id='word_1_583' title='bbox 2362 3244 2430 3308; x_wconf 70' lang='grc' dir='ltr'>ἰς</span> <span class='ocrx_word' id='word_1_584' title='bbox 2456 3255 2679 3309; x_wconf 77' lang='lat' dir='ltr'><strong>magnus</strong></span> <span class='ocrx_word' id='word_1_585' title='bbox 2695 3253 2908 3309; x_wconf 90' lang='lat' dir='ltr'><strong>quoque</strong></span> <span class='ocrx_word' id='word_1_586' title='bbox 2922 3236 3173 3297; x_wconf 74' lang='lat' dir='ltr'><strong>Iacobus,</strong></span> <span class='ocrx_word' id='word_1_587' title='bbox 3198 3234 3392 3301; x_wconf 84' lang='lat' dir='ltr'><strong>quippe</strong></span> 
     </span>
    </p>
   </div>
   <div class='ocr_carea' id='block_1_80' title="bbox 1830 3325 3390 3411">
    <p class='ocr_par' dir='ltr' id='par_1_80' title="bbox 1830 3325 3390 3411">
     <span class='ocr_line' id='line_1_80' title="bbox 1830 3325 3390 3411; baseline -0.012 -16"><span class='ocrx_word' id='word_1_588' title='bbox 1830 3341 1920 3411; x_wconf 92' lang='lat' dir='ltr'><strong>qui</strong></span> <span class='ocrx_word' id='word_1_589' title='bbox 1951 3338 2171 3394; x_wconf 89' lang='lat' dir='ltr'><strong>tonitrui</strong></span> <span class='ocrx_word' id='word_1_590' title='bbox 2210 3337 2352 3391; x_wconf 82' lang='lat' dir='ltr'><strong>ﬁlius</strong></span> <span class='ocrx_word' id='word_1_591' title='bbox 2386 3325 2689 3404; x_wconf 24' lang='lat' dir='ltr'><strong>appellatus.</strong></span> <span class='ocrx_word' id='word_1_592' title='bbox 2723 3334 2793 3386; x_wconf 86' lang='lat' dir='ltr'><strong>sit</strong></span> <span class='ocrx_word' id='word_1_593' title='bbox 2822 3332 2903 3396; x_wconf 83' lang='grc'><strong>⁹³;</strong></span> <span class='ocrx_word' id='word_1_594' title='bbox 2943 3327 3233 3398; x_wconf 84' lang='lat' dir='ltr'><strong>praeclarus</strong></span> <span class='ocrx_word' id='word_1_595' title='bbox 3263 3326 3390 3379; x_wconf 88' lang='lat' dir='ltr'><strong>item</strong></span> 
     </span>
    </p>
   </div>
   <div class='ocr_carea' id='block_1_81' title="bbox 1831 3417 3391 3500">
    <p class='ocr_par' dir='ltr' id='par_1_81' title="bbox 1831 3417 3391 3500">
     <span class='ocr_line' id='line_1_81' title="bbox 1831 3417 3391 3500; baseline -0.01 -12"><span class='ocrx_word' id='word_1_596' title='bbox 1831 3420 2248 3488; x_wconf 86' lang='lat' dir='ltr'><strong>honestantibus</strong></span> <span class='ocrx_word' id='word_1_597' title='bbox 2290 3429 2463 3500; x_wconf 89' lang='lat' dir='ltr'><strong>ipsum</strong></span> <span class='ocrx_word' id='word_1_598' title='bbox 2502 3422 2799 3481; x_wconf 79' lang='lat' dir='ltr'><strong>honoribus</strong></span> <span class='ocrx_word' id='word_1_599' title='bbox 2837 3423 3148 3491; x_wconf 86' lang='lat' dir='ltr'><strong>Philippus,</strong></span> <span class='ocrx_word' id='word_1_600' title='bbox 3189 3427 3249 3472; x_wconf 92' lang='lat' dir='ltr'><strong>ut</strong></span> <span class='ocrx_word' id='word_1_601' title='bbox 3300 3417 3391 3488; x_wconf 92' lang='lat' dir='ltr'><strong>qui</strong></span> 
     </span>
    </p>
   </div>
   <div class='ocr_carea' id='block_1_82' title="bbox 1832 3508 3466 3593">
    <p class='ocr_par' dir='ltr' id='par_1_82' title="bbox 1832 3508 3466 3593">
     <span class='ocr_line' id='line_1_82' title="bbox 1832 3508 3466 3593; baseline -0.009 -14"><span class='ocrx_word' id='word_1_602' title='bbox 1832 3508 2017 3593; x_wconf 86' lang='lat' dir='ltr'><strong>raptus</strong></span> <span class='ocrx_word' id='word_1_603' title='bbox 2043 3522 2214 3578; x_wconf 82' lang='lat' dir='ltr'><strong>fuerit</strong></span> <span class='ocrx_word' id='word_1_604' title='bbox 2254 3537 2283 3576; x_wconf 91' lang='lat' dir='ltr'><strong>a</strong></span> <span class='ocrx_word' id='word_1_605' title='bbox 2317 3520 2557 3591; x_wconf 80' lang='lat' dir='ltr'><strong>Spiritu,</strong></span> <span class='ocrx_word' id='word_1_606' title='bbox 2596 3534 2715 3573; x_wconf 91' lang='lat' dir='ltr'><strong>cum</strong></span> <span class='ocrx_word' id='word_1_607' title='bbox 2749 3514 3059 3584; x_wconf 66' lang='lat' dir='ltr'><strong>Ethiopem</strong></span> <span class='ocrx_word' id='word_1_608' title='bbox 3096 3509 3392 3566; x_wconf 66' lang='lat' dir='ltr'><strong>Saluatoris</strong></span> <span class='ocrx_word' id='word_1_609' title='bbox 3460 3521 3466 3527; x_wconf 83' lang='lat'><strong><em>‘</em></strong></span> 
     </span>
    </p>
   </div>
   <div class='ocr_carea' id='block_1_83' title="bbox 1832 3604 3392 3678">
    <p class='ocr_par' dir='ltr' id='par_1_83' title="bbox 1832 3604 3392 3678">
     <span class='ocr_line' id='line_1_83' title="bbox 1832 3604 3392 3678; baseline -0.009 -10"><span class='ocrx_word' id='word_1_610' title='bbox 1832 3613 2076 3669; x_wconf 83' lang='lat' dir='ltr'><strong>notitiam</strong></span> <span class='ocrx_word' id='word_1_611' title='bbox 2102 3613 2288 3669; x_wconf 87' lang='lat' dir='ltr'><strong>docuit</strong></span> <span class='ocrx_word' id='word_1_612' title='bbox 2303 3612 2385 3678; x_wconf 85' lang='grc'><strong>⁹³;</strong></span> <span class='ocrx_word' id='word_1_613' title='bbox 2413 3625 2603 3665; x_wconf 88' lang='lat' dir='ltr'><strong>omnes</strong></span> <span class='ocrx_word' id='word_1_614' title='bbox 2629 3607 2973 3664; x_wconf 84' lang='lat' dir='ltr'><strong>nihilominus</strong></span> <span class='ocrx_word' id='word_1_615' title='bbox 2997 3605 3156 3661; x_wconf 89' lang='lat' dir='ltr'><strong>Petro</strong></span> <span class='ocrx_word' id='word_1_616' title='bbox 3177 3604 3392 3667; x_wconf 90' lang='lat' dir='ltr'><strong>cedant,</strong></span> 
     </span>
    </p>
   </div>
   <div class='ocr_carea' id='block_1_84' title="bbox 1831 3685 3396 3778">
    <p class='ocr_par' dir='ltr' id='par_1_84' title="bbox 1831 3685 3396 3778">
     <span class='ocr_line' id='line_1_84' title="bbox 1831 3685 3396 3778; baseline -0.007 -16"><span class='ocrx_word' id='word_1_617' title='bbox 1831 3722 1999 3778; x_wconf 79' lang='lat' dir='ltr'><strong>seque</strong></span> <span class='ocrx_word' id='word_1_618' title='bbox 2032 3707 2311 3763; x_wconf 84' lang='lat' dir='ltr'><strong>fateantur</strong></span> <span class='ocrx_word' id='word_1_619' title='bbox 2342 3703 2627 3766; x_wconf 88' lang='lat' dir='ltr'><strong>secundos,</strong></span> <span class='ocrx_word' id='word_1_620' title='bbox 2657 3703 2700 3757; x_wconf 92' lang='lat' dir='ltr'><strong>si</strong></span> <span class='ocrx_word' id='word_1_621' title='bbox 2732 3685 3214 3769; x_wconf 17' lang='lat' dir='ltr'><strong>modo&#39;gratiarum</strong></span> <span class='ocrx_word' id='word_1_622' title='bbox 3246 3712 3396 3751; x_wconf 87' lang='lat' dir='ltr'><strong>com-</strong></span> 
     </span>
    </p>
   </div>
   <div class='ocr_carea' id='block_1_85' title="bbox 1832 3778 3397 3870">
    <p class='ocr_par' dir='ltr' id='par_1_85' title="bbox 1832 3778 3397 3870">
     <span class='ocr_line' id='line_1_85' title="bbox 1832 3778 3397 3870; baseline -0.008 -16"><span class='ocrx_word' id='word_1_623' title='bbox 1832 3801 2042 3870; x_wconf 87' lang='lat' dir='ltr'><strong>paratio</strong></span> <span class='ocrx_word' id='word_1_624' title='bbox 2074 3798 2301 3859; x_wconf 87' lang='lat' dir='ltr'><strong>honoris</strong></span> <span class='ocrx_word' id='word_1_625' title='bbox 2350 3795 2721 3867; x_wconf 75' lang='lat' dir='ltr'><strong>prtelationem</strong></span> <span class='ocrx_word' id='word_1_626' title='bbox 2755 3778 3079 3862; x_wconf 77' lang='lat' dir='ltr'><strong>probaverit.</strong></span> <span class='ocrx_word' id='word_1_627' title='bbox 3133 3788 3397 3845; x_wconf 81' lang='lat' dir='ltr'><strong>Universa</strong></span> 
     </span>
    </p>
   </div>
   <div class='ocr_carea' id='block_1_86' title="bbox 1834 3882 3396 3963">
    <p class='ocr_par' dir='ltr' id='par_1_86' title="bbox 1834 3882 3396 3963">
     <span class='ocr_line' id='line_1_86' title="bbox 1834 3882 3396 3963; baseline -0.009 -15"><span class='ocrx_word' id='word_1_628' title='bbox 1834 3907 1969 3948; x_wconf 87' lang='lat' dir='ltr'><strong>sane</strong></span> <span class='ocrx_word' id='word_1_629' title='bbox 1998 3890 2273 3963; x_wconf 76' lang='lat' dir='ltr'><strong>sigillatim</strong></span> <span class='ocrx_word' id='word_1_630' title='bbox 2319 3888 2692 3963; x_wconf 88' lang='lat' dir='ltr'><strong>contemplans</strong></span> <span class='ocrx_word' id='word_1_631' title='bbox 2722 3896 2882 3957; x_wconf 84' lang='lat' dir='ltr'><strong>atque</strong></span> <span class='ocrx_word' id='word_1_632' title='bbox 2911 3883 3285 3947; x_wconf 88' lang='lat' dir='ltr'><strong>considerans,</strong></span> <span class='ocrx_word' id='word_1_633' title='bbox 3314 3882 3396 3934; x_wconf 82' lang='lat' dir='ltr'><strong>vi-</strong></span> 
     </span>
    </p>
   </div>
   <div class='ocr_carea' id='block_1_87' title="bbox 1836 3974 3393 4053">
    <p class='ocr_par' dir='ltr' id='par_1_87' title="bbox 1836 3974 3393 4053">
     <span class='ocr_line' id='line_1_87' title="bbox 1836 3974 3393 4053; baseline -0.008 -13"><span class='ocrx_word' id='word_1_634' title='bbox 1836 4000 1955 4040; x_wconf 90' lang='lat' dir='ltr'><strong>rum</strong></span> <span class='ocrx_word' id='word_1_635' title='bbox 1998 3984 2142 4040; x_wconf 90' lang='lat' dir='ltr'><strong>hunc</strong></span> <span class='ocrx_word' id='word_1_636' title='bbox 2182 3980 2528 4053; x_wconf 87' lang='lat' dir='ltr'><strong>deprehendo</strong></span> <span class='ocrx_word' id='word_1_637' title='bbox 2560 3994 2682 4035; x_wconf 90' lang='lat' dir='ltr'><strong>cum</strong></span> <span class='ocrx_word' id='word_1_638' title='bbox 2716 3979 2771 4033; x_wconf 91' lang='lat' dir='ltr'><strong>in</strong></span> <span class='ocrx_word' id='word_1_639' title='bbox 2808 3983 3118 4033; x_wconf 86' lang='lat' dir='ltr'><strong>sermonum</strong></span> <span class='ocrx_word' id='word_1_640' title='bbox 3155 3974 3393 4044; x_wconf 83' lang='lat' dir='ltr'><strong>disputa-</strong></span> 
     </span>
    </p>
   </div>
   <div class='ocr_carea' id='block_1_88' title="bbox 1839 4064 3397 4143">
    <p class='ocr_par' dir='ltr' id='par_1_88' title="bbox 1839 4064 3397 4143">
     <span class='ocr_line' id='line_1_88' title="bbox 1839 4064 3397 4143; baseline -0.008 -12"><span class='ocrx_word' id='word_1_641' title='bbox 1839 4076 2099 4139; x_wconf 85' lang='lat' dir='ltr'><strong>tionibus,</strong></span> <span class='ocrx_word' id='word_1_642' title='bbox 2137 4084 2251 4130; x_wconf 89' lang='lat' dir='ltr'><strong>tum</strong></span> <span class='ocrx_word' id='word_1_643' title='bbox 2282 4074 2337 4129; x_wconf 93' lang='lat' dir='ltr'><strong>in</strong></span> <span class='ocrx_word' id='word_1_644' title='bbox 2371 4064 2595 4143; x_wconf 86' lang='lat' dir='ltr'><strong>operum</strong></span> <span class='ocrx_word' id='word_1_645' title='bbox 2627 4070 2954 4142; x_wconf 88' lang='lat' dir='ltr'><strong>patratione,</strong></span> <span class='ocrx_word' id='word_1_646' title='bbox 2980 4068 3179 4138; x_wconf 89' lang='lat' dir='ltr'><strong>ubique</strong></span> <span class='ocrx_word' id='word_1_647' title='bbox 3208 4065 3397 4122; x_wconf 58' lang='lat' dir='ltr'><strong>‘similio</strong></span> 
     </span>
    </p>
   </div>
   <div class='ocr_carea' id='block_1_89' title="bbox 1836 4160 3398 4243">
    <p class='ocr_par' dir='ltr' id='par_1_89' title="bbox 1836 4160 3398 4243">
     <span class='ocr_line' id='line_1_89' title="bbox 1836 4160 3398 4243; baseline -0.007 -19"><span class='ocrx_word' id='word_1_648' title='bbox 1836 4179 1919 4224; x_wconf 92' lang='lat' dir='ltr'><strong>ter</strong></span> <span class='ocrx_word' id='word_1_649' title='bbox 1982 4167 2191 4238; x_wconf 88' lang='lat' dir='ltr'><strong>reliquo</strong></span> <span class='ocrx_word' id='word_1_650' title='bbox 2240 4163 2625 4243; x_wconf 84' lang='lat' dir='ltr'><strong>discipulorum</strong></span> <span class='ocrx_word' id='word_1_651' title='bbox 2680 4162 2848 4218; x_wconf 88' lang='lat' dir='ltr'><strong>choro</strong></span> <span class='ocrx_word' id='word_1_652' title='bbox 2899 4160 3278 4232; x_wconf 70' lang='lat' dir='ltr'><strong>praesilientem</strong></span> <span class='ocrx_word' id='word_1_653' title='bbox 3334 4172 3398 4214; x_wconf 83' lang='lat' dir='ltr'><strong>ac</strong></span> 
     </span>
    </p>
   </div>
   <div class='ocr_carea' id='block_1_90' title="bbox 1836 4255 3399 4332">
    <p class='ocr_par' dir='ltr' id='par_1_90' title="bbox 1836 4255 3399 4332">
     <span class='ocr_line' id='line_1_90' title="bbox 1836 4255 3399 4332; baseline -0.006 -17"><span class='ocrx_word' id='word_1_654' title='bbox 1836 4262 2259 4332; x_wconf 69' lang='lat' dir='ltr'><strong>przesultantem,</strong></span> <span class='ocrx_word' id='word_1_655' title='bbox 2279 4258 2533 4327; x_wconf 87' lang='lat' dir='ltr'><strong>idemque</strong></span> <span class='ocrx_word' id='word_1_656' title='bbox 2549 4256 2671 4311; x_wconf 68' lang='lat' dir='ltr'><strong>vita</strong></span> <span class='ocrx_word' id='word_1_657' title='bbox 2687 4255 2919 4313; x_wconf 88' lang='lat' dir='ltr'><strong>stadium</strong></span> <span class='ocrx_word' id='word_1_658' title='bbox 2956 4260 3235 4309; x_wconf 88' lang='lat' dir='ltr'><strong>currentes</strong></span> <span class='ocrx_word' id='word_1_659' title='bbox 3260 4265 3399 4321; x_wconf 85' lang='lat' dir='ltr'><strong>pone</strong></span> 
     </span>
    </p>
   </div>
   <div class='ocr_carea' id='block_1_91' title="bbox 1840 4350 2253 4418">
    <p class='ocr_par' dir='ltr' id='par_1_91' title="bbox 1840 4350 2253 4418">
     <span class='ocr_line' id='line_1_91' title="bbox 1840 4350 2253 4418; baseline -0.012 -13"><span class='ocrx_word' id='word_1_660' title='bbox 1840 4350 2253 4418; x_wconf 85' lang='lat' dir='ltr'><strong>relinquentem.</strong></span> 
     </span>
    </p>
   </div>
   <div class='ocr_carea' id='block_1_92' title="bbox 272 4404 1750 4506">
    <p class='ocr_par' dir='ltr' id='par_1_92' title="bbox 272 4404 1732 4504">
     <span class='ocr_line' id='line_1_92' title="bbox 272 4404 1732 4504; baseline 0.005 -22"><span class='ocrx_word' id='word_1_661' title='bbox 272 4431 593 4503; x_wconf 80' lang='grc' dir='ltr'>Ἑρωτῶντος</span> <span class='ocrx_word' id='word_1_662' title='bbox 634 4404 742 4504; x_wconf 81' lang='grc' dir='ltr'><strong>γάρ</strong></span> <span class='ocrx_word' id='word_1_663' title='bbox 776 4449 905 4485; x_wconf 85' lang='grc' dir='ltr'>ποτε</span> <span class='ocrx_word' id='word_1_664' title='bbox 941 4430 1035 4485; x_wconf 82' lang='grc' dir='ltr'>τοῦ</span> <span class='ocrx_word' id='word_1_665' title='bbox 1079 4404 1285 4503; x_wconf 56' lang='grc' dir='ltr'>Κυρίου</span> <span class='ocrx_word' id='word_1_666' title='bbox 1332 4434 1459 4497; x_wconf 75' lang='grc' dir='ltr'>τοὺς</span> <span class='ocrx_word' id='word_1_667' title='bbox 1496 4433 1732 4502; x_wconf 81' lang='grc' dir='ltr'>δώδεκα,</span> 
     </span>
    </p>
   </div>
   <div class='ocr_carea' id='block_1_93' title="bbox 1836 4404 3399 4506">
    <p class='ocr_par' dir='ltr' id='par_1_93' title="bbox 1909 4404 3399 4506">
     <span class='ocr_line' id='line_1_93' title="bbox 1909 4404 3399 4506; baseline -0.006 -13"><span class='ocrx_word' id='word_1_668' title='bbox 1909 4404 2272 4493; x_wconf 71' lang='lat' dir='ltr'><strong>Percontaute</strong></span> <span class='ocrx_word' id='word_1_669' title='bbox 2304 4435 2451 4491; x_wconf 87' lang='lat' dir='ltr'><strong>enim</strong></span> <span class='ocrx_word' id='word_1_670' title='bbox 2487 4436 2809 4506; x_wconf 89' lang='lat' dir='ltr'><strong>quandoque</strong></span> <span class='ocrx_word' id='word_1_671' title='bbox 2838 4404 3071 4488; x_wconf 87' lang='lat' dir='ltr'><strong>Domino</strong></span> <span class='ocrx_word' id='word_1_672' title='bbox 3090 4447 3156 4488; x_wconf 81' lang='lat' dir='ltr'><strong>ex</strong></span> <span class='ocrx_word' id='word_1_673' title='bbox 3191 4430 3399 4486; x_wconf 86' lang='lat' dir='ltr'><strong>duode-</strong></span> 
     </span>
    </p>
   </div>
   <div class='ocr_carea' id='block_1_94' title="bbox 207 4524 1736 4600">
    <p class='ocr_par' dir='ltr' id='par_1_94' title="bbox 207 4524 1736 4600">
     <span class='ocr_line' id='line_1_94' title="bbox 207 4524 1736 4600; baseline 0.004 -25"><span class='ocrx_word' id='word_1_674' title='bbox 207 4524 284 4575; x_wconf 72' lang='grc' dir='ltr'>καὶ</span> <span class='ocrx_word' id='word_1_675' title='bbox 319 4527 612 4600; x_wconf 77' lang='grc' dir='ltr'>ἀπόπειραν</span> <span class='ocrx_word' id='word_1_676' title='bbox 652 4526 992 4598; x_wconf 84' lang='grc' dir='ltr'>ποιουμένου,</span> <span class='ocrx_word' id='word_1_677' title='bbox 1039 4526 1187 4591; x_wconf 81' lang='grc' dir='ltr'>ὅπως</span> <span class='ocrx_word' id='word_1_678' title='bbox 1234 4527 1415 4598; x_wconf 83' lang='grc' dir='ltr'>έχουσι</span> <span class='ocrx_word' id='word_1_679' title='bbox 1460 4527 1736 4600; x_wconf 79' lang='grc' dir='ltr'>πληροφο-</span> 
     </span>
    </p>
   </div>
   <div class='ocr_carea' id='block_1_95' title="bbox 211 4608 1733 4689">
    <p class='ocr_par' dir='ltr' id='par_1_95' title="bbox 211 4608 1733 4689">
     <span class='ocr_line' id='line_1_95' title="bbox 211 4608 1733 4689; baseline 0.003 -23"><span class='ocrx_word' id='word_1_680' title='bbox 211 4612 311 4681; x_wconf 82' lang='grc' dir='ltr'>ρίας</span> <span class='ocrx_word' id='word_1_681' title='bbox 349 4617 438 4669; x_wconf 77' lang='grc' dir='ltr'>καὶ</span> <span class='ocrx_word' id='word_1_682' title='bbox 481 4615 708 4688; x_wconf 85' lang='grc' dir='ltr'>γνώμης</span> <span class='ocrx_word' id='word_1_683' title='bbox 753 4616 886 4687; x_wconf 71' lang='grc' dir='ltr'>περὶ</span> <span class='ocrx_word' id='word_1_684' title='bbox 932 4610 1033 4686; x_wconf 81' lang='grc' dir='ltr'>τῆς</span> <span class='ocrx_word' id='word_1_685' title='bbox 1069 4608 1148 4679; x_wconf 89' lang='grc' dir='ltr'><strong>είς</strong></span> <span class='ocrx_word' id='word_1_686' title='bbox 1186 4616 1345 4669; x_wconf 84' lang='grc' dir='ltr'>αὐτὸν</span> <span class='ocrx_word' id='word_1_687' title='bbox 1385 4617 1733 4689; x_wconf 77' lang='grc' dir='ltr'>ὑπολήψεως,</span> 
     </span>
    </p>
   </div>
   <div class='ocr_carea' id='block_1_96' title="bbox 210 4698 1741 4781">
    <p class='ocr_par' dir='ltr' id='par_1_96' title="bbox 210 4698 1741 4781">
     <span class='ocr_line' id='line_1_96' title="bbox 210 4698 1741 4781; baseline 0.007 -26"><span class='ocrx_word' id='word_1_688' title='bbox 210 4705 287 4758; x_wconf 65' lang='grc' dir='ltr'>’καὶ</span> <span class='ocrx_word' id='word_1_689' title='bbox 318 4708 619 4763; x_wconf 76' lang='grc' dir='ltr'>κελεύουσιν</span> <span class='ocrx_word' id='word_1_690' title='bbox 642 4710 689 4741; x_wconf 78' lang='grc'>⁸⁸</span> <span class='ocrx_word' id='word_1_691' title='bbox 716 4709 903 4781; x_wconf 79' lang='grc' dir='ltr'>σαφῶς</span> <span class='ocrx_word' id='word_1_692' title='bbox 929 4698 1123 4774; x_wconf 77' lang='grc' dir='ltr'>εἰπεῖν,</span> <span class='ocrx_word' id='word_1_693' title='bbox 1155 4710 1276 4763; x_wconf 84' lang='grc' dir='ltr'>τίνα</span> <span class='ocrx_word' id='word_1_694' title='bbox 1303 4709 1548 4778; x_wconf 90' lang='grc' dir='ltr'>λέγουσιν</span> <span class='ocrx_word' id='word_1_695' title='bbox 1577 4710 1741 4765; x_wconf 85' lang='grc' dir='ltr'>αὑτὸν</span> 
     </span>
    </p>
   </div>
   <div class='ocr_carea' id='block_1_97' title="bbox 212 4789 1737 4875">
    <p class='ocr_par' dir='ltr' id='par_1_97' title="bbox 212 4789 1737 4875">
     <span class='ocr_line' id='line_1_97' title="bbox 212 4789 1737 4875; baseline 0.009 -30"><span class='ocrx_word' id='word_1_696' title='bbox 212 4789 326 4851; x_wconf 75' lang='grc' dir='ltr'>εἶναι</span> <span class='ocrx_word' id='word_1_697' title='bbox 343 4817 356 4830; x_wconf 91' lang='grc'><strong>·</strong></span> <span class='ocrx_word' id='word_1_698' title='bbox 390 4802 495 4854; x_wconf 88' lang='grc' dir='ltr'><strong>τῶν</strong></span> <span class='ocrx_word' id='word_1_699' title='bbox 535 4802 709 4857; x_wconf 80' lang='grc' dir='ltr'>ἄλλων</span> <span class='ocrx_word' id='word_1_700' title='bbox 761 4803 1017 4856; x_wconf 78' lang='grc' dir='ltr'>ἁπάντων</span> <span class='ocrx_word' id='word_1_701' title='bbox 1065 4802 1336 4873; x_wconf 81' lang='grc' dir='ltr'>σιωπῆσαι</span> <span class='ocrx_word' id='word_1_702' title='bbox 1381 4796 1737 4875; x_wconf 85' lang='grc' dir='ltr'>βουλομένων,</span> 
     </span>
    </p>
   </div>
   <div class='ocr_carea' id='block_1_98' title="bbox 214 4891 1740 4966">
    <p class='ocr_par' dir='ltr' id='par_1_98' title="bbox 214 4891 1740 4966">
     <span class='ocr_line' id='line_1_98' title="bbox 214 4891 1740 4966; baseline 0.003 -18"><span class='ocrx_word' id='word_1_703' title='bbox 214 4891 291 4943; x_wconf 75' lang='grc' dir='ltr'><strong>καὶ</strong></span> <span class='ocrx_word' id='word_1_704' title='bbox 314 4892 686 4966; x_wconf 87' lang='grc' dir='ltr'>βραδυνόντων,</span> <span class='ocrx_word' id='word_1_705' title='bbox 718 4897 813 4951; x_wconf 75' lang='grc' dir='ltr'><strong>καὶ</strong></span> <span class='ocrx_word' id='word_1_706' title='bbox 855 4895 1199 4960; x_wconf 82' lang='grc' dir='ltr'>δεικνύντων,</span> <span class='ocrx_word' id='word_1_707' title='bbox 1228 4897 1303 4962; x_wconf 86' lang='grc' dir='ltr'><strong>ὡς</strong></span> <span class='ocrx_word' id='word_1_708' title='bbox 1334 4896 1423 4950; x_wconf 88' lang='grc' dir='ltr'><strong>διά</strong></span> <span class='ocrx_word' id='word_1_709' title='bbox 1448 4914 1589 4962; x_wconf 89' lang='grc' dir='ltr'>τινος</span> <span class='ocrx_word' id='word_1_710' title='bbox 1620 4900 1740 4951; x_wconf 85' lang='grc' dir='ltr'>ἐπι-</span> 
     </span>
    </p>
   </div>
   <div class='ocr_carea' id='block_1_99' title="bbox 217 4981 1739 5058">
    <p class='ocr_par' dir='ltr' id='par_1_99' title="bbox 217 4981 1739 5058">
     <span class='ocr_line' id='line_1_99' title="bbox 217 4981 1739 5058; baseline 0.003 -25"><span class='ocrx_word' id='word_1_711' title='bbox 217 4981 450 5051; x_wconf 78' lang='grc' dir='ltr'>σκέψεως,</span> <span class='ocrx_word' id='word_1_712' title='bbox 478 4987 913 5058; x_wconf 73' lang='grc' dir='ltr'>τὴνξὰπόκρισιν·</span> <span class='ocrx_word' id='word_1_713' title='bbox 951 4984 1166 5050; x_wconf 80' lang='grc' dir='ltr'>ἀνοίξας</span> <span class='ocrx_word' id='word_1_714' title='bbox 1206 4985 1267 5037; x_wconf 83' lang='grc' dir='ltr'><strong>τὸ</strong></span> <span class='ocrx_word' id='word_1_715' title='bbox 1314 4984 1739 5057; x_wconf 81' lang='grc' dir='ltr'>στόματαχέως</span> 
     </span>
    </p>
   </div>
   <div class='ocr_carea' id='block_1_100' title="bbox 214 5070 1740 5149">
    <p class='ocr_par' dir='ltr' id='par_1_100' title="bbox 214 5070 1740 5149">
     <span class='ocr_line' id='line_1_100' title="bbox 214 5070 1740 5149; baseline 0.007 -29"><span class='ocrx_word' id='word_1_716' title='bbox 214 5070 239 5121; x_wconf 78' lang='lat'><strong>6</strong></span> <span class='ocrx_word' id='word_1_717' title='bbox 261 5071 339 5126; x_wconf 83' lang='grc' dir='ltr'><strong>τὸν</strong></span> <span class='ocrx_word' id='word_1_718' title='bbox 374 5073 617 5147; x_wconf 82' lang='grc' dir='ltr'>ζώπυρον</span> <span class='ocrx_word' id='word_1_719' title='bbox 655 5080 748 5131; x_wconf 76' lang='grc' dir='ltr'>ἐπὶ</span> <span class='ocrx_word' id='word_1_720' title='bbox 786 5078 889 5148; x_wconf 81' lang='grc' dir='ltr'>τῆς</span> <span class='ocrx_word' id='word_1_721' title='bbox 923 5076 1100 5149; x_wconf 78' lang='grc' dir='ltr'>ψυχῆς</span> <span class='ocrx_word' id='word_1_722' title='bbox 1146 5076 1328 5149; x_wconf 86' lang='grc' dir='ltr'>φέρων</span> <span class='ocrx_word' id='word_1_723' title='bbox 1356 5076 1457 5147; x_wconf 78' lang='grc' dir='ltr'><strong>τῆς</strong></span> <span class='ocrx_word' id='word_1_724' title='bbox 1508 5077 1740 5141; x_wconf 83' lang='grc' dir='ltr'>πίστεως</span> 
     </span>
    </p>
   </div>
   <div class='ocr_carea' id='block_1_101' title="bbox 218 5160 1744 5241">
    <p class='ocr_par' dir='ltr' id='par_1_101' title="bbox 218 5160 1744 5241">
     <span class='ocr_line' id='line_1_101' title="bbox 218 5160 1744 5241; baseline 0.002 -22"><span class='ocrx_word' id='word_1_725' title='bbox 218 5160 456 5234; x_wconf 73' lang='grc' dir='ltr'>ἄνθρακα,</span> <span class='ocrx_word' id='word_1_726' title='bbox 504 5163 549 5238; x_wconf 82' lang='grc' dir='ltr'>ᾧ</span> <span class='ocrx_word' id='word_1_727' title='bbox 598 5170 692 5223; x_wconf 73' lang='grc' dir='ltr'><strong>καὶ</strong></span> <span class='ocrx_word' id='word_1_728' title='bbox 741 5170 968 5233; x_wconf 82' lang='grc' dir='ltr'>Ἡσαΐας</span> <span class='ocrx_word' id='word_1_729' title='bbox 1025 5169 1287 5241; x_wconf 87' lang='grc' dir='ltr'>πρότερον</span> <span class='ocrx_word' id='word_1_730' title='bbox 1338 5167 1611 5239; x_wconf 77' lang='grc' dir='ltr'>ἐκαθάρθη</span> <span class='ocrx_word' id='word_1_731' title='bbox 1673 5168 1744 5222; x_wconf 91' lang='grc' dir='ltr'><strong>τά</strong></span> 
     </span>
    </p>
   </div>
   <div class='ocr_carea' id='block_1_102' title="bbox 220 5254 1742 5333">
    <p class='ocr_par' dir='ltr' id='par_1_102' title="bbox 220 5254 1742 5333">
     <span class='ocr_line' id='line_1_102' title="bbox 220 5254 1742 5333; baseline -0.005 -13"><span class='ocrx_word' id='word_1_732' title='bbox 220 5254 379 5327; x_wconf 73' lang='grc' dir='ltr'>χείλη,</span> <span class='ocrx_word' id='word_1_733' title='bbox 423 5261 520 5332; x_wconf 80' lang='grc' dir='ltr'>τὴν</span> <span class='ocrx_word' id='word_1_734' title='bbox 586 5262 858 5333; x_wconf 88' lang='grc' dir='ltr'>μακαρίαν</span> <span class='ocrx_word' id='word_1_735' title='bbox 923 5261 1137 5332; x_wconf 88' lang='grc' dir='ltr'>ἐκείνην</span> <span class='ocrx_word' id='word_1_736' title='bbox 1188 5260 1283 5314; x_wconf 74' lang='grc' dir='ltr'>καὶ</span> <span class='ocrx_word' id='word_1_737' title='bbox 1336 5260 1482 5331; x_wconf 83' lang='grc' dir='ltr'>σαφῆ</span> <span class='ocrx_word' id='word_1_738' title='bbox 1530 5259 1742 5329; x_wconf 86' lang='grc' dir='ltr'>ἀληθῶς</span> 
     </span>
    </p>
   </div>
   <div class='ocr_carea' id='block_1_103' title="bbox 226 5338 1742 5427">
    <p class='ocr_par' dir='ltr' id='par_1_103' title="bbox 226 5338 1742 5427">
     <span class='ocr_line' id='line_1_103' title="bbox 226 5338 1742 5427; baseline 0.006 -29"><span class='ocrx_word' id='word_1_739' title='bbox 226 5344 357 5415; x_wconf 75' lang='grc' dir='ltr'>ῥῆσιν</span> <span class='ocrx_word' id='word_1_740' title='bbox 384 5354 795 5427; x_wconf 86' lang='grc' dir='ltr'>καθωμολόγησε</span> <span class='ocrx_word' id='word_1_741' title='bbox 815 5372 827 5384; x_wconf 94' lang='grc'>·</span> <span class='ocrx_word' id='word_1_742' title='bbox 863 5354 946 5408; x_wconf 85' lang='grc' dir='ltr'><strong>Σὺ</strong></span> <span class='ocrx_word' id='word_1_743' title='bbox 978 5350 1037 5407; x_wconf 81' lang='grc' dir='ltr'>εἷ</span> <span class='ocrx_word' id='word_1_744' title='bbox 1058 5358 1089 5407; x_wconf 86' lang='grc' dir='ltr'><em>ὀ</em></span> <span class='ocrx_word' id='word_1_745' title='bbox 1120 5338 1371 5423; x_wconf 80' lang='grc' dir='ltr'>Χριστὸς</span> <span class='ocrx_word' id='word_1_746' title='bbox 1401 5355 1433 5406; x_wconf 87' lang='grc' dir='ltr'><strong>ό</strong></span> <span class='ocrx_word' id='word_1_747' title='bbox 1478 5352 1608 5427; x_wconf 54' lang='grc' dir='ltr'>Υίιζς</span> <span class='ocrx_word' id='word_1_748' title='bbox 1632 5352 1742 5407; x_wconf 76' lang='grc' dir='ltr'>τοῦ</span> 
     </span>
    </p>
   </div>
   <div class='ocr_carea' id='block_1_104' title="bbox 227 5437 1744 5518">
    <p class='ocr_par' dir='ltr' id='par_1_104' title="bbox 227 5437 1744 5518">
     <span class='ocr_line' id='line_1_104' title="bbox 227 5437 1744 5518; baseline 0.003 -25"><span class='ocrx_word' id='word_1_749' title='bbox 227 5437 351 5493; x_wconf 84' lang='grc' dir='ltr'><strong>Θεοῦ</strong></span> <span class='ocrx_word' id='word_1_750' title='bbox 383 5444 483 5499; x_wconf 79' lang='grc' dir='ltr'>τοῦ</span> <span class='ocrx_word' id='word_1_751' title='bbox 512 5445 740 5514; x_wconf 72' lang='grc' dir='ltr'>ζῶντος.</span> <span class='ocrx_word' id='word_1_752' title='bbox 770 5447 906 5501; x_wconf 83' lang='grc' dir='ltr'>Τίνα</span> <span class='ocrx_word' id='word_1_753' title='bbox 935 5445 999 5500; x_wconf 84' lang='grc' dir='ltr'>ἄν</span> <span class='ocrx_word' id='word_1_754' title='bbox 1030 5463 1114 5510; x_wconf 88' lang='grc' dir='ltr'><strong>τις</strong></span> <span class='ocrx_word' id='word_1_755' title='bbox 1162 5446 1294 5518; x_wconf 79' lang='grc' dir='ltr'>πρὸς</span> <span class='ocrx_word' id='word_1_756' title='bbox 1323 5444 1481 5511; x_wconf 82' lang='grc' dir='ltr'>ἀξίαν</span> <span class='ocrx_word' id='word_1_757' title='bbox 1506 5443 1614 5497; x_wconf 86' lang='grc' dir='ltr'><strong>τῶν</strong></span> <span class='ocrx_word' id='word_1_758' title='bbox 1659 5444 1744 5498; x_wconf 78' lang='grc' dir='ltr'>λόο</span> 
     </span>
    </p>
   </div>
   <div class='ocr_carea' id='block_1_105' title="bbox 1838 4520 3403 4595">
    <p class='ocr_par' dir='ltr' id='par_1_105' title="bbox 1838 4520 3403 4595">
     <span class='ocr_line' id='line_1_105' title="bbox 1838 4520 3403 4595; baseline -0.004 -14"><span class='ocrx_word' id='word_1_759' title='bbox 1838 4527 1964 4591; x_wconf 87' lang='lat' dir='ltr'><strong>cim,</strong></span> <span class='ocrx_word' id='word_1_760' title='bbox 1999 4539 2062 4581; x_wconf 82' lang='lat' dir='ltr'><strong>ac</strong></span> <span class='ocrx_word' id='word_1_761' title='bbox 2094 4524 2336 4595; x_wconf 86' lang='lat' dir='ltr'><strong>periculo</strong></span> <span class='ocrx_word' id='word_1_762' title='bbox 2364 4525 2646 4593; x_wconf 87' lang='lat' dir='ltr'><strong>probante,</strong></span> <span class='ocrx_word' id='word_1_763' title='bbox 2677 4534 2735 4579; x_wconf 88' lang='lat' dir='ltr'><strong>ut</strong></span> <span class='ocrx_word' id='word_1_764' title='bbox 2763 4523 2839 4579; x_wconf 92' lang='lat' dir='ltr'><strong>illi</strong></span> <span class='ocrx_word' id='word_1_765' title='bbox 2863 4524 2932 4579; x_wconf 90' lang='lat' dir='ltr'><strong>de</strong></span> <span class='ocrx_word' id='word_1_766' title='bbox 2962 4524 3077 4593; x_wconf 91' lang='lat' dir='ltr'><strong>ipso</strong></span> <span class='ocrx_word' id='word_1_767' title='bbox 3104 4520 3403 4592; x_wconf 66' lang='lat' dir='ltr'><strong>opinionis,</strong></span> 
     </span>
    </p>
   </div>
   <div class='ocr_carea' id='block_1_106' title="bbox 1838 4615 3400 4687">
    <p class='ocr_par' dir='ltr' id='par_1_106' title="bbox 1838 4615 3400 4687">
     <span class='ocr_line' id='line_1_106' title="bbox 1838 4615 3400 4687; baseline -0.004 -14"><span class='ocrx_word' id='word_1_768' title='bbox 1838 4617 2003 4687; x_wconf 88' lang='lat' dir='ltr'><strong>inque</strong></span> <span class='ocrx_word' id='word_1_769' title='bbox 2036 4632 2099 4672; x_wconf 86' lang='lat' dir='ltr'><strong>ea</strong></span> <span class='ocrx_word' id='word_1_770' title='bbox 2135 4617 2476 4673; x_wconf 87' lang='lat' dir='ltr'><strong>certitudinis</strong></span> <span class='ocrx_word' id='word_1_771' title='bbox 2497 4626 2656 4687; x_wconf 88' lang='lat' dir='ltr'><strong>atque</strong></span> <span class='ocrx_word' id='word_1_772' title='bbox 2679 4616 2842 4671; x_wconf 89' lang='lat' dir='ltr'><strong>animi</strong></span> <span class='ocrx_word' id='word_1_773' title='bbox 2873 4616 3173 4681; x_wconf 84' lang='lat' dir='ltr'><strong>baberent;</strong></span> <span class='ocrx_word' id='word_1_774' title='bbox 3202 4615 3400 4686; x_wconf 86' lang='lat' dir='ltr'><strong>juben-</strong></span> 
     </span>
    </p>
   </div>
   <div class='ocr_carea' id='block_1_107' title="bbox 1841 4706 3401 4781">
    <p class='ocr_par' dir='ltr' id='par_1_107' title="bbox 1841 4706 3401 4781">
     <span class='ocr_line' id='line_1_107' title="bbox 1841 4706 3401 4781; baseline -0.003 -17"><span class='ocrx_word' id='word_1_775' title='bbox 1841 4718 2001 4778; x_wconf 89' lang='lat' dir='ltr'><strong>teque</strong></span> <span class='ocrx_word' id='word_1_776' title='bbox 2036 4720 2093 4762; x_wconf 87' lang='lat' dir='ltr'><strong>ut</strong></span> <span class='ocrx_word' id='word_1_777' title='bbox 2130 4709 2277 4762; x_wconf 85' lang='lat' dir='ltr'><strong>clare</strong></span> <span class='ocrx_word' id='word_1_778' title='bbox 2307 4710 2600 4773; x_wconf 90' lang='lat' dir='ltr'><strong>edicerent,</strong></span> <span class='ocrx_word' id='word_1_779' title='bbox 2633 4722 2794 4777; x_wconf 83' lang='lat' dir='ltr'><strong>quem</strong></span> <span class='ocrx_word' id='word_1_780' title='bbox 2822 4721 2943 4781; x_wconf 85' lang='lat' dir='ltr'><strong>eum</strong></span> <span class='ocrx_word' id='word_1_781' title='bbox 2979 4706 3251 4774; x_wconf 85' lang='lat' dir='ltr'><strong>dicerent;</strong></span> <span class='ocrx_word' id='word_1_782' title='bbox 3277 4717 3401 4760; x_wconf 88' lang='lat' dir='ltr'><strong>cum</strong></span> 
     </span>
    </p>
   </div>
   <div class='ocr_carea' id='block_1_108' title="bbox 1843 4798 3398 4868">
    <p class='ocr_par' dir='ltr' id='par_1_108' title="bbox 1843 4798 3398 4868">
     <span class='ocr_line' id='line_1_108' title="bbox 1843 4798 3398 4868; baseline -0.004 -14"><span class='ocrx_word' id='word_1_783' title='bbox 1843 4814 2032 4854; x_wconf 84' lang='lat' dir='ltr'><strong>mones</strong></span> <span class='ocrx_word' id='word_1_784' title='bbox 2073 4798 2264 4868; x_wconf 91' lang='lat' dir='ltr'><strong>reliqui</strong></span> <span class='ocrx_word' id='word_1_785' title='bbox 2300 4799 2499 4855; x_wconf 86' lang='lat' dir='ltr'><strong>vellent</strong></span> <span class='ocrx_word' id='word_1_786' title='bbox 2539 4808 2723 4855; x_wconf 89' lang='lat' dir='ltr'><strong>tacere</strong></span> <span class='ocrx_word' id='word_1_787' title='bbox 2756 4814 2820 4854; x_wconf 91' lang='lat' dir='ltr'><strong>ac</strong></span> <span class='ocrx_word' id='word_1_788' title='bbox 2854 4806 3265 4861; x_wconf 88' lang='lat' dir='ltr'><strong>cunctarentur,</strong></span> <span class='ocrx_word' id='word_1_789' title='bbox 3298 4808 3398 4865; x_wconf 57' lang='lat' dir='ltr'><strong>pa-</strong></span> 
     </span>
    </p>
   </div>
   <div class='ocr_carea' id='block_1_109' title="bbox 1842 4886 3403 4965">
    <p class='ocr_par' dir='ltr' id='par_1_109' title="bbox 1842 4886 3403 4965">
     <span class='ocr_line' id='line_1_109' title="bbox 1842 4886 3403 4965; baseline -0.006 -16"><span class='ocrx_word' id='word_1_790' title='bbox 1842 4894 2057 4965; x_wconf 90' lang='lat' dir='ltr'><strong>Iamque</strong></span> <span class='ocrx_word' id='word_1_791' title='bbox 2087 4894 2401 4964; x_wconf 65' lang='lat' dir='ltr'><strong>praeferrent</strong></span> <span class='ocrx_word' id='word_1_792' title='bbox 2433 4892 2702 4963; x_wconf 83' lang='lat' dir='ltr'><strong>parturire</strong></span> <span class='ocrx_word' id='word_1_793' title='bbox 2735 4889 2930 4944; x_wconf 87' lang='lat' dir='ltr'><strong>animis</strong></span> <span class='ocrx_word' id='word_1_794' title='bbox 2963 4886 3141 4956; x_wconf 88' lang='lat' dir='ltr'><strong>aliqua</strong></span> <span class='ocrx_word' id='word_1_795' title='bbox 3172 4887 3403 4942; x_wconf 76' lang='lat' dir='ltr'><strong>medita-</strong></span> 
     </span>
    </p>
   </div>
   <div class='ocr_carea' id='block_1_110' title="bbox 1848 4977 3401 5054">
    <p class='ocr_par' dir='ltr' id='par_1_110' title="bbox 1848 4977 3401 5054">
     <span class='ocr_line' id='line_1_110' title="bbox 1848 4977 3401 5054; baseline -0.005 -17"><span class='ocrx_word' id='word_1_796' title='bbox 1848 4985 1992 5039; x_wconf 88' lang='lat' dir='ltr'><strong>tione</strong></span> <span class='ocrx_word' id='word_1_797' title='bbox 2027 4984 2155 5054; x_wconf 89' lang='lat' dir='ltr'><strong>quid</strong></span> <span class='ocrx_word' id='word_1_798' title='bbox 2207 4982 2513 5053; x_wconf 85' lang='lat' dir='ltr'><strong>responsuri</strong></span> <span class='ocrx_word' id='word_1_799' title='bbox 2562 4991 2767 5047; x_wconf 89' lang='lat' dir='ltr'><strong>essent,</strong></span> <span class='ocrx_word' id='word_1_800' title='bbox 2806 4978 2988 5034; x_wconf 84' lang='lat' dir='ltr'><strong>statim</strong></span> <span class='ocrx_word' id='word_1_801' title='bbox 3024 4977 3274 5047; x_wconf 79' lang='lat' dir='ltr'><strong>aperiens</strong></span> <span class='ocrx_word' id='word_1_802' title='bbox 3316 4988 3401 5039; x_wconf 86' lang='lat' dir='ltr'><strong>os,</strong></span> 
     </span>
    </p>
   </div>
   <div class='ocr_carea' id='block_1_111' title="bbox 1845 5068 3405 5147">
    <p class='ocr_par' dir='ltr' id='par_1_111' title="bbox 1845 5068 3405 5147">
     <span class='ocr_line' id='line_1_111' title="bbox 1845 5068 3405 5147; baseline -0.004 -16"><span class='ocrx_word' id='word_1_803' title='bbox 1845 5079 1938 5147; x_wconf 89' lang='lat' dir='ltr'><strong>qui</strong></span> <span class='ocrx_word' id='word_1_804' title='bbox 1970 5081 2149 5131; x_wconf 85' lang='lat' dir='ltr'><strong>vivum</strong></span> <span class='ocrx_word' id='word_1_805' title='bbox 2174 5088 2570 5145; x_wconf 79' lang='lat' dir='ltr'><strong>acCensumque</strong></span> <span class='ocrx_word' id='word_1_806' title='bbox 2595 5074 2716 5128; x_wconf 83' lang='lat' dir='ltr'><strong>fidei</strong></span> <span class='ocrx_word' id='word_1_807' title='bbox 2745 5073 3033 5128; x_wconf 87' lang='lat' dir='ltr'><strong>carbonem</strong></span> <span class='ocrx_word' id='word_1_808' title='bbox 3061 5070 3242 5125; x_wconf 87' lang='lat' dir='ltr'><strong>animo</strong></span> <span class='ocrx_word' id='word_1_809' title='bbox 3268 5068 3405 5124; x_wconf 82' lang='lat' dir='ltr'><strong>fere-</strong></span> 
     </span>
    </p>
   </div>
   <div class='ocr_carea' id='block_1_112' title="bbox 1848 5160 3403 5244">
    <p class='ocr_par' dir='ltr' id='par_1_112' title="bbox 1848 5160 3403 5244">
     <span class='ocr_line' id='line_1_112' title="bbox 1848 5160 3403 5244; baseline -0.006 -20"><span class='ocrx_word' id='word_1_810' title='bbox 1848 5171 1963 5236; x_wconf 87' lang='lat' dir='ltr'><strong>bat,</strong></span> <span class='ocrx_word' id='word_1_811' title='bbox 1993 5184 2100 5238; x_wconf 92' lang='lat' dir='ltr'><strong>quo</strong></span> <span class='ocrx_word' id='word_1_812' title='bbox 2130 5178 2187 5225; x_wconf 91' lang='lat' dir='ltr'><strong>et</strong></span> <span class='ocrx_word' id='word_1_813' title='bbox 2218 5168 2371 5237; x_wconf 90' lang='lat' dir='ltr'><strong>prius</strong></span> <span class='ocrx_word' id='word_1_814' title='bbox 2399 5167 2549 5223; x_wconf 70' lang='lat' dir='ltr'><strong>Isaiae</strong></span> <span class='ocrx_word' id='word_1_815' title='bbox 2575 5166 2716 5244; x_wconf 83' lang='lat' dir='ltr'><strong>labia</strong></span> <span class='ocrx_word' id='word_1_816' title='bbox 2740 5165 2991 5219; x_wconf 89' lang='lat' dir='ltr'><strong>mundata</strong></span> <span class='ocrx_word' id='word_1_817' title='bbox 3015 5162 3262 5226; x_wconf 83' lang='lat' dir='ltr'><strong>fuissent,</strong></span> <span class='ocrx_word' id='word_1_818' title='bbox 3289 5160 3403 5215; x_wconf 80' lang='lat' dir='ltr'><strong>bea-</strong></span> 
     </span>
    </p>
   </div>
   <div class='ocr_carea' id='block_1_113' title="bbox 1849 5252 3403 5330">
    <p class='ocr_par' dir='ltr' id='par_1_113' title="bbox 1849 5252 3403 5330">
     <span class='ocr_line' id='line_1_113' title="bbox 1849 5252 3403 5330; baseline -0.006 -14"><span class='ocrx_word' id='word_1_819' title='bbox 1849 5271 1958 5316; x_wconf 90' lang='lat' dir='ltr'><strong>tam</strong></span> <span class='ocrx_word' id='word_1_820' title='bbox 2017 5261 2165 5315; x_wconf 90' lang='lat' dir='ltr'><strong>illam</strong></span> <span class='ocrx_word' id='word_1_821' title='bbox 2218 5275 2283 5316; x_wconf 86' lang='lat' dir='ltr'><strong>ac</strong></span> <span class='ocrx_word' id='word_1_822' title='bbox 2331 5261 2490 5330; x_wconf 89' lang='lat' dir='ltr'><strong>plane</strong></span> <span class='ocrx_word' id='word_1_823' title='bbox 2539 5258 2876 5330; x_wconf 85' lang='lat' dir='ltr'><strong>perspicuam</strong></span> <span class='ocrx_word' id='word_1_824' title='bbox 2927 5255 3187 5325; x_wconf 60' lang='lat' dir='ltr'><strong>praeclare</strong></span> <span class='ocrx_word' id='word_1_825' title='bbox 3241 5252 3403 5307; x_wconf 88' lang='lat' dir='ltr'><strong>edidit</strong></span> 
     </span>
    </p>
   </div>
   <div class='ocr_carea' id='block_1_114' title="bbox 1850 5341 3405 5409">
    <p class='ocr_par' dir='ltr' id='par_1_114' title="bbox 1850 5341 3405 5409">
     <span class='ocr_line' id='line_1_114' title="bbox 1850 5341 3405 5409; baseline -0.007 -2"><span class='ocrx_word' id='word_1_826' title='bbox 1850 5353 2249 5409; x_wconf 81' lang='lat' dir='ltr'><strong>confessionem</strong></span> <span class='ocrx_word' id='word_1_827' title='bbox 2298 5373 2311 5407; x_wconf 90' lang='lat'><strong>:</strong></span> <span class='ocrx_word' id='word_1_828' title='bbox 2363 5352 2442 5406; x_wconf 90' lang='lat' dir='ltr'><strong>Tu</strong></span> <span class='ocrx_word' id='word_1_829' title='bbox 2476 5370 2530 5408; x_wconf 79' lang='lat' dir='ltr'><strong>es</strong></span> <span class='ocrx_word' id='word_1_830' title='bbox 2564 5351 2805 5408; x_wconf 74' lang='lat' dir='ltr'><strong>Christus</strong></span> <span class='ocrx_word' id='word_1_831' title='bbox 2850 5341 3024 5403; x_wconf 72' lang='lat' dir='ltr'><strong>Filius</strong></span> <span class='ocrx_word' id='word_1_832' title='bbox 3066 5345 3161 5402; x_wconf 79' lang='lat' dir='ltr'><strong>Dei</strong></span> <span class='ocrx_word' id='word_1_833' title='bbox 3207 5346 3306 5400; x_wconf 70' lang='lat' dir='ltr'><strong>rivi</strong></span> <span class='ocrx_word' id='word_1_834' title='bbox 3337 5344 3405 5397; x_wconf 69' lang='lat'><strong>“.</strong></span> 
     </span>
    </p>
   </div>
   <div class='ocr_carea' id='block_1_115' title="bbox 1853 5436 3406 5516">
    <p class='ocr_par' dir='ltr' id='par_1_115' title="bbox 1853 5436 3406 5516">
     <span class='ocr_line' id='line_1_115' title="bbox 1853 5436 3406 5516; baseline -0.007 -16"><span class='ocrx_word' id='word_1_835' title='bbox 1853 5446 2105 5512; x_wconf 62' lang='lat' dir='ltr'><strong>Quaenam</strong></span> <span class='ocrx_word' id='word_1_836' title='bbox 2137 5447 2259 5516; x_wconf 87' lang='lat' dir='ltr'><strong>quis</strong></span> <span class='ocrx_word' id='word_1_837' title='bbox 2294 5461 2391 5514; x_wconf 92' lang='lat' dir='ltr'><strong>pro</strong></span> <span class='ocrx_word' id='word_1_838' title='bbox 2422 5446 2612 5501; x_wconf 90' lang='lat' dir='ltr'><strong>hormu</strong></span> <span class='ocrx_word' id='word_1_839' title='bbox 2650 5444 2910 5515; x_wconf 78' lang='lat' dir='ltr'><strong>dignitate</strong></span> <span class='ocrx_word' id='word_1_840' title='bbox 2947 5441 3257 5500; x_wconf 79' lang='lat' dir='ltr'><strong>verborum,</strong></span> <span class='ocrx_word' id='word_1_841' title='bbox 3293 5436 3406 5490; x_wconf 87' lang='lat' dir='ltr'><strong>ido-</strong></span> 
     </span>
    </p>
   </div>
   <div class='ocr_carea' id='block_1_116' title="bbox 287 5639 1750 5719">
    <p class='ocr_par' dir='ltr' id='par_1_116' title="bbox 287 5645 1750 5719">
     <span class='ocr_line' id='line_1_116' title="bbox 287 5645 1750 5719; baseline 0.016 -29"><span class='ocrx_word' id='word_1_842' title='bbox 287 5645 329 5675; x_wconf 71' lang='grc'>⁸⁸</span> <span class='ocrx_word' id='word_1_843' title='bbox 361 5650 438 5704; x_wconf 67' lang='lat' dir='ltr'><strong>lo&quot;</strong></span> <span class='ocrx_word' id='word_1_844' title='bbox 470 5654 792 5719; x_wconf 65' lang='grc' dir='ltr'>κελεύοντος,</span> <span class='ocrx_word' id='word_1_845' title='bbox 866 5657 910 5688; x_wconf 75' lang='grc'><strong>⁸⁷</strong></span> <span class='ocrx_word' id='word_1_846' title='bbox 945 5656 1107 5710; x_wconf 69' lang='grc' dir='ltr'>Εχοιί.</span> <span class='ocrx_word' id='word_1_847' title='bbox 1148 5669 1258 5715; x_wconf 66' lang='lat' dir='ltr'><strong>XIV,</strong></span> <span class='ocrx_word' id='word_1_848' title='bbox 1287 5654 1375 5706; x_wconf 59' lang='grc'><strong>21.</strong></span> <span class='ocrx_word' id='word_1_849' title='bbox 1451 5654 1496 5685; x_wconf 67' lang='grc'><strong>⁸⁸</strong></span> <span class='ocrx_word' id='word_1_850' title='bbox 1523 5652 1633 5709; x_wconf 66' lang='lat' dir='ltr'><strong>JUS.</strong></span> <span class='ocrx_word' id='word_1_851' title='bbox 1675 5670 1750 5714; x_wconf 65' lang='lat' dir='ltr'><strong>&quot;Is</strong></span> 
     </span>
    </p>
   </div>
   <div class='ocr_carea' id='block_1_117' title="bbox 1836 5639 3401 5719">
    <p class='ocr_par' dir='ltr' id='par_1_117' title="bbox 1836 5639 3401 5711">
     <span class='ocr_line' id='line_1_117' title="bbox 1836 5639 3401 5711; baseline -0.003 -6"><span class='ocrx_word' id='word_1_852' title='bbox 1836 5655 1878 5706; x_wconf 71' lang='grc'><strong>5.</strong></span> <span class='ocrx_word' id='word_1_853' title='bbox 1938 5652 1983 5684; x_wconf 77' lang='grc'><strong>⁸³</strong></span> <span class='ocrx_word' id='word_1_854' title='bbox 2013 5651 2195 5705; x_wconf 83' lang='lat' dir='ltr'><strong>Matth.</strong></span> <span class='ocrx_word' id='word_1_855' title='bbox 2225 5666 2331 5708; x_wconf 67' lang='grc' dir='ltr'>ειν.</span> <span class='ocrx_word' id='word_1_856' title='bbox 2358 5650 2448 5705; x_wconf 72' lang='grc'><strong>9-8.</strong></span> <span class='ocrx_word' id='word_1_857' title='bbox 2524 5649 2570 5681; x_wconf 81' lang='grc'><strong><em>’⁸</em></strong></span> <span class='ocrx_word' id='word_1_858' title='bbox 2602 5648 2745 5704; x_wconf 82' lang='lat' dir='ltr'><strong>Psal.</strong></span> <span class='ocrx_word' id='word_1_859' title='bbox 2775 5661 2955 5711; x_wconf 73' lang='lat' dir='ltr'><strong>Lxxst,</strong></span> <span class='ocrx_word' id='word_1_860' title='bbox 2983 5645 3074 5699; x_wconf 74' lang='lat'><strong>9.0.</strong></span> <span class='ocrx_word' id='word_1_861' title='bbox 3169 5642 3212 5674; x_wconf 82' lang='lat'><strong>&quot;</strong></span> <span class='ocrx_word' id='word_1_862' title='bbox 3251 5639 3401 5700; x_wconf 75' lang='lat' dir='ltr'><strong>Joatt.</strong></span> 
     </span>
    </p>
   </div>
   <div class='ocr_carea' id='block_1_118' title="bbox 234 5720 1565 5782">
    <p class='ocr_par' dir='ltr' id='par_1_118' title="bbox 234 5720 1565 5782">
     <span class='ocr_line' id='line_1_118' title="bbox 234 5720 1565 5782; baseline 0 -8"><span class='ocrx_word' id='word_1_863' title='bbox 234 5724 335 5777; x_wconf 63' lang='grc' dir='ltr'><strong>ῐιιι.</strong></span> <span class='ocrx_word' id='word_1_864' title='bbox 360 5720 440 5776; x_wconf 64' lang='grc'><strong>25.</strong></span> <span class='ocrx_word' id='word_1_865' title='bbox 512 5726 556 5756; x_wconf 78' lang='grc'><strong>’³</strong></span> <span class='ocrx_word' id='word_1_866' title='bbox 591 5727 775 5782; x_wconf 74' lang='lat' dir='ltr'><strong>Matth.</strong></span> <span class='ocrx_word' id='word_1_867' title='bbox 812 5742 894 5782; x_wconf 80' lang='lat' dir='ltr'><strong>ut.</strong></span> <span class='ocrx_word' id='word_1_868' title='bbox 936 5728 1017 5780; x_wconf 84' lang='grc' dir='ltr'><strong>Π.</strong></span> <span class='ocrx_word' id='word_1_869' title='bbox 1093 5726 1139 5757; x_wconf 75' lang='grc'><strong>’³</strong></span> <span class='ocrx_word' id='word_1_870' title='bbox 1177 5726 1298 5777; x_wconf 74' lang='lat' dir='ltr'><strong>Act.</strong></span> <span class='ocrx_word' id='word_1_871' title='bbox 1334 5739 1425 5776; x_wconf 89' lang='lat' dir='ltr'><strong>\lll</strong></span> <span class='ocrx_word' id='word_1_872' title='bbox 1478 5724 1565 5777; x_wconf 77' lang='lat'><strong>59.</strong></span> 
     </span>
    </p>
   </div>
   <div class='ocr_carea' id='block_1_119' title="bbox 1666 5721 2197 5785">
    <p class='ocr_par' dir='ltr' id='par_1_119' title="bbox 1666 5721 2197 5785">
     <span class='ocr_line' id='line_1_119' title="bbox 1666 5721 2197 5785; baseline 0 -8"><span class='ocrx_word' id='word_1_873' title='bbox 1666 5725 1718 5782; x_wconf 43' lang='lat'><strong>’5</strong></span> <span class='ocrx_word' id='word_1_874' title='bbox 1753 5723 1938 5779; x_wconf 77' lang='lat' dir='ltr'><strong>Matth.</strong></span> <span class='ocrx_word' id='word_1_875' title='bbox 1972 5737 2081 5785; x_wconf 70' lang='lat' dir='ltr'><strong>n&#39;t,</strong></span> <span class='ocrx_word' id='word_1_876' title='bbox 2113 5721 2197 5777; x_wconf 82' lang='lat' dir='ltr'><strong>l6.</strong></span> 
     </span>
    </p>
   </div>
  </div>
