3856 6274
433 230 538 289 279

424 364 558 408 neus
590 352 810 406 maximi
845 356 1210 425 apostolorum
1257 361 1526 435 interpres
1558 367 1801 439 cllcctus,

424 440 534 496 rari
561 444 774 511 possit?
805 443 995 503 Videte
1017 451 1164 505 enim
1199 455 1430 523 primum
1466 468 1522 512 ut
1553 460 1622 514 sit
1654 477 1833 518 sermo
1861 466 1995 520 nihil

423 534 726 602 superﬂuus
756 552 821 593 ac
845 538 1048 607 brevis,
1079 560 1375 613 paucarum
1404 550 1699 607 dictionum
1727 555 1994 611 exclama-

424 624 591 692 tione,
627 642 812 683 rerum
849 632 1324 692 innumerabilium
1367 656 1792 716 magnarumque
1822 649 1991 704 virtu-

423 725 530 772 tem
581 736 881 788 exponens.
933 724 1124 784 Omnis
1178 731 1377 802 quippe
1428 733 1519 790 hic
1574 738 1698 792 talis
1753 741 1990 809 optimus

417 825 617 878 sermo,
633 816 787 885 cujus
806 828 891 875 εει
913 818 1109 876 decens
1131 822 1353 892 locutio,
1381 841 1480 882 nec
1503 829 1810 887 redundans
1831 848 1991 889 sensu

418 904 546 959 exili
590 921 655 963 ac
691 910 937 977 modico;
973 924 1163 970 contra
1207 931 1357 984 vero,
1395 919 1486 988 qui
1523 923 1808 978 verborum
1841 927 1990 982 brevi

418 1007 676 1051 contextu
720 999 885 1055 multa
928 1005 1217 1074 signiticet,
1250 1010 1316 1063 ad
1354 1010 1529 1066 instar
1566 1014 1718 1084 grani
1754 1016 1988 1085 sinapis;

417 1090 559 1155 quod
591 1091 830 1160 quidem,
858 1105 915 1149 ut
944 1099 1193 1154 manibus
1226 1110 1413 1158 teneas
1450 1118 1791 1178 spectesquc,
1827 1112 1990 1167 miui-
2022 1140 2033 1151 ι

418 1194 562 1234 mum
606 1191 689 1236 est
714 1222 730 1247 ,
774 1196 832 1238 ut
866 1196 1042 1241 autem
1085 1191 1165 1245 ori
1200 1207 1263 1246 ac
1301 1193 1497 1265 linguae
1525 1200 1850 1269 admoveas,
1891 1220 1991 1276 gu-

416 1281 657 1341 stesque,
690 1276 888 1331 animal
919 1287 1092 1334 totum
1122 1298 1148 1333 a
1183 1286 1410 1351 pedibus
1440 1288 1503 1342 ad
1535 1301 1698 1358 caput
1730 1295 1795 1348 ad
1831 1311 1986 1362 suum

416 1365 584 1419 trahit
604 1367 861 1437 calorem.
888 1370 966 1425 Tu
992 1390 1045 1428 es
1085 1376 1325 1433 Christus
1367 1379 1546 1437 Filius
1568 1383 1663 1439 Dei
1687 1389 1811 1443 vivi.
1842 1390 1989 1446 Unus

415 1458 504 1514 hic
536 1476 717 1518 sermo
763 1467 829 1518 ad
869 1467 959 1521 Dei
1004 1483 1067 1522 ac
1098 1467 1396 1529 Salvatoris
1443 1478 1614 1532 nostri
1658 1482 1985 1549 agnitionem

413 1553 722 1617 conforens,
754 1558 858 1612 duo
899 1559 1012 1614 haec
1061 1563 1413 1634 intelligentia
1456 1572 1677 1640 respicit
1720 1587 1784 1629 ac
1825 1588 1985 1631 sensu

412 1642 575 1699 habet
606 1663 620 1699 :
653 1663 823 1702 unum
863 1652 1080 1719 quidem
1110 1656 1254 1725 quod
1286 1660 1351 1713 ad
1382 1662 1611 1728 primam
1635 1675 1842 1735 spectat
1869 1669 1982 1723 dei-

415 1733 540 1787 tatis
567 1738 1001 1808 generationem,
1034 1760 1228 1815 nempe
1278 1747 1508 1807 Verbum
1542 1733 1683 1823 quod
1732 1758 1786 1811 in

410 1824 550 1893 cipio
579 1842 794 1895 semper
826 1843 927 1897 est,
957 1844 1011 1888 et
1038 1849 1122 1891 est
1167 1842 1308 1907 apud
1340 1843 1576 1909 Patrem,
1607 1863 1672 1902 ac
1708 1850 1848 1906 Deus
1877 1863 1978 1921 est,

411 1916 486 1969 uti
523 1932 621 1970 nos
655 1935 882 1989 magnus
914 1922 1151 1981 Joannes
1191 1928 1281 1982 ille
1323 1930 1601 2003 theologus
1648 1938 1851 2007 docuit,
1883 1916 1978 1997 ceu

410 2009 632 2078 spongia
662 2012 905 2083 quaedam
934 2014 1207 2097 Unigeniti
1240 2037 1304 2076 ac
1336 2023 1616 2083 Dominico
1646 2034 1851 2097 pectori
1879 2035 1979 2089 ad-

409 2099 614 2168 iacens,
647 2118 710 2156 ac
745 2105 870 2160 inde
895 2094 1124 2166 occulta:
1159 2115 1443 2183 sapientiae
1475 2123 1839 2190 cognitionem
1871 2137 1983 2180 tra-

414 2190 571 2261 hens,
618 2196 848 2252 alterum
886 2216 1016 2257 vero
1069 2204 1213 2273 quod
1265 2208 1333 2262 ad
1382 2212 1566 2267 carnis
1598 2219 1978 2283 meonouiiam,

408 2301 571 2354 quam
598 2288 771 2345 bonus
804 2292 941 2348 Deus
968 2300 1289 2366 assumpsit,
1318 2311 1515 2357 nostrae
1536 2320 1597 2359 se
1624 2306 1979 2365 imbecillitati

412 2378 700 2436 inclinans.
752 2382 1222 2455 Operapretium
1268 2407 1399 2462 ergo
1450 2396 1521 2449 sit
1576 2401 1978 2467 responsionem

412 2473 788 2542 contemplari,
842 2487 900 2530 ut
947 2480 1095 2534 brevi
1133 2497 1386 2541 sermone
1427 2494 1494 2543 ac
1537 2492 1726 2558 paucis
1779 2498 1977 2564 verbis,

409 2564 645 2616 omnium
665 2578 917 2622 accurate
945 2569 1270 2628 intellectum
1296 2580 1485 2647 paucis
1501 2580 1877 2654 declaraverit,
1896 2598 1979 2644 at-

410 2669 517 2723 que
544 2656 611 2709 ab
644 2659 991 2717 inferioribus
1023 2665 1185 2721 ducto
1216 2671 1443 2727 exordio
1469 2674 1537 2728 ad
1567 2677 1817 2733 sublimia
1846 2697 1981 2752 quo-

411 2761 515 2815 que
537 2748 814 2819 sigillatim
843 2755 1082 2810 animum
1115 2760 1446 2819 subvexerit.

481 2929 559 2983 Tu
598 2948 651 2985 es
686 2933 945 2989 Christus.
979 2935 1085 2993 Isto
1117 2944 1472 2999 oeconomiam
1505 2947 1763 3017 declarat,
1799 2968 1863 3008 ac
1886 2955 1979 3013 Dei

410 3021 464 3076 iu
492 3038 657 3079 carne
683 3028 1076 3095 apparitionem
1107 3032 1381 3091 edisserit.
1417 3036 1526 3094 Nec
1555 3042 1699 3096 enim
1731 3044 1981 3102 Christus

415 3130 612 3169 nonieu
641 3128 725 3172 est
759 3123 1082 3188 prateterni,
1111 3128 1206 3180 sed
1232 3132 1603 3198 augendarum
1637 3138 1825 3205 gratia:
1850 3140 1984 3195 indi~

411 3208 575 3263 catio.
618 3209 976 3275 Quamobrem
1021 3218 1186 3271 etiam
1228 3220 1488 3279 Dominus
1528 3238 1717 3283 noster
1763 3248 1885 3286 cum
1927 3234 1981 3288 id

409 3301 629 3354 omnino
664 3305 987 3372 susceperit,
1030 3318 1087 3361 ut
1132 3310 1296 3367 homo
1335 3314 1507 3383 ﬁeret,
1544 3320 1757 3390 aliaque
1800 3328 1979 3381 omnia

414 3396 714 3459 Spectantia
750 3396 816 3449 ad
849 3411 1094 3465 carnem,
1127 3417 1233 3457 una
1265 3419 1482 3476 quoque
1518 3415 1747 3483 suscipit
1786 3424 1842 3470 ut
1881 3433 1982 3488 ap-

409 3483 640 3553 pelletur
676 3486 946 3555 Christus,
984 3501 1239 3563 tanquam
1269 3498 1522 3557 inuuctus
1548 3504 1602 3557 in
1634 3522 1838 3576 regem,
1874 3483 1981 3565 non

415 3575 537 3631 oleo
568 3593 773 3646 cornu,
807 3583 884 3638 uti
925 3584 1144 3641 Samuel
1175 3588 1473 3661 Davidque,
1505 3610 1569 3650 ac
1609 3575 1863 3666 deinceps
1892 3604 1981 3657 alii

410 3669 689 3735 homines;
721 3675 814 3728 sed
856 3673 1091 3745 Spiritus
1119 3683 1454 3751 operatione,
1493 3702 1590 3757 per
1623 3705 1784 3759 quam
1817 3696 1981 3750 etiam

413 3760 723 3819 Dominicus
747 3765 857 3836 (41)
885 3768 974 3825 ille
1004 3772 1163 3828 homo
1180 3774 1282 3845 (sic
1306 3778 1448 3832 enim
1475 3781 1626 3836 multi
1648 3783 1877 3841 libenter
1902 3786 1984 3843 Je-

414 3867 533 3908 sum
561 3856 859 3931 appellant)
896 3861 1134 3919 mirabili
1163 3870 1422 3938 quadam,
1466 3888 1712 3945 novaque
1746 3894 1811 3933 ac
1841 3880 1983 3936 inso-

410 3947 508 4002 lita
540 3950 750 4006 ratione
777 3952 832 4006 in
870 3951 1105 4026 Virginis
1133 3967 1288 4015 utero
1328 3975 1620 4035 conceptus
1648 3966 1770 4024 fuit.
1800 3967 1982 4028 Iesum

306 4106 315 4113 _
413 4054 578 4109 porro
596 4044 880 4102 confessus
903 4049 1074 4103 nostri
1092 4065 1254 4108 causa
1275 4051 1478 4110 factum
1501 4057 1795 4128 hominem,
1821 4063 1985 4120 baud-

415 4144 685 4202 quaquam
722 4134 836 4191 illic
866 4152 1175 4197 sermonem
1207 4145 1516 4202 terminavit
1545 4166 1559 4203 :
1588 4151 1717 4221 quin
1740 4153 1848 4209 imo
1874 4158 1983 4227 spi-

413 4222 557 4279 ritali
588 4218 734 4280 scala
781 4225 949 4285 Jacob
996 4232 1052 4285 in
1097 4233 1297 4290 caelum
1341 4218 1733 4308 conscendens,
1782 4218 1984 4317 Deique

417 4312 674 4384 Verbum,
700 4321 844 4388 quod
867 4331 990 4377 erat
1017 4323 1069 4379 in
1098 4327 1386 4398 principio,
1411 4333 1827 4404 contemplatus,
1858 4312 1985 4408 pro-

411 4408 588 4476 priam
624 4409 701 4465 illi
736 4427 1032 4485 veramque
1076 4417 1394 4486 dignitatem
1424 4424 1688 4495 adiungit,
1728 4426 1824 4483 Dei
1876 4429 1980 4484 vivi

410 4503 609 4559 Filium
634 4507 931 4577 appellans.
966 4510 1236 4569 Accurate
1266 4528 1398 4574 vero
1428 4517 1536 4586 hic,
1572 4533 1635 4575 ac
1665 4535 1770 4576 non
1798 4522 1937 4578 alius
1962 4540 1977 4578 :

412 4598 569 4666 isque
598 4598 715 4668 ipse
744 4611 945 4657 rectam
977 4605 1223 4676 nihilque
1258 4612 1500 4679 perversi
1534 4612 1824 4670 habentem
1856 4615 1981 4671 ﬁdei

411 4689 695 4747 confessus
720 4694 985 4763 regulam,
1015 4698 1329 4769 cunctisque
1357 4703 1512 4758 nobis
1540 4704 1835 4761 iuviolabili
1865 4708 1982 4779 lege

411 4784 634 4840 tradens
663 4786 885 4855 pietatis
898 4802 1231 4858 sermonem,
1257 4794 1398 4849 haud
1427 4797 1715 4855 indonatus
1739 4800 1890 4866 abiit,
1916 4817 1982 4858 ac

411 4880 530 4931 sine
558 4879 781 4946 praemio
814 4898 825 4933 :
859 4882 989 4950 quin
1022 4883 1208 4950 pctius
1238 4886 1306 4940 ab
1332 4901 1398 4942 eo
1420 4888 1611 4944 beatus
1642 4906 1980 4961 nuncupatus

410 4970 513 5039 qui.
535 4971 735 5027 eximie
758 4974 949 5028 beatus
973 4985 1076 5039 est,
1109 4976 1231 5032 ﬁdei
1263 4987 1415 5048 petra
1443 4982 1762 5051 appellatur,
1790 4983 1982 5039 funda-

412 5070 762 5135 mentumque
789 5080 856 5121 ac
885 5068 1031 5123 basis
1060 5069 1157 5124 Dei
1188 5069 1462 5127 Ecclesia.
1493 5075 1705 5145 Accipit
1739 5092 1866 5132 vero
1887 5096 1984 5147 per

410 5156 829 5223 promissionem
861 5161 1045 5218 claves
1090 5165 1262 5234 regni,
1301 5165 1525 5236 ejusque
1566 5179 1842 5237 portarum
1879 5172 1983 5227 elli-

406 5247 551 5304 citur
596 5250 868 5319 dominus,
915 5270 974 5310 ut
1017 5260 1228 5327 aperiat
1268 5261 1464 5330 quibus
1490 5264 1739 5332 voluerit,
1769 5267 1983 5323 claudat

407 5353 539 5395 vero
567 5343 766 5412 quibus
788 5343 913 5414 jure
938 5348 1250 5405 claudenda:
1287 5354 1431 5419 sint;
1463 5355 1775 5422 plane'vero
1807 5361 1976 5429 pollu-

411 5425 480 5481 tis
508 5442 573 5483 ac
601 5430 865 5500 profanis,
911 5449 974 5489 ac
1019 5450 1139 5491 eam
1187 5442 1505 5509 negantibus
1550 5448 1974 5517 confessionem,

477 5571 525 5604 ⁸⁸
549 5572 677 5644 Leg.
715 5576 1015 5633 καλεῖσθαι.
1095 5581 1138 5612 ’⁸
1179 5582 1305 5654 ch.
1366 5586 1741 5660 ἀδιάστροφον.

1702 256 1761 312 S.
1804 258 2076 315 ASTERll
2112 264 2413 327 AMASENI

3568 304 3701 361 230

1831 374 1999 427 demi-
2028 384 2073 437 Δ
2103 398 2213 449 γων
2254 386 2455 442 τούτων
2499 392 2847 466 θαυμάσειεν,
2896 402 3208 473 ἀξιόπιστος
3251 410 3533 483 γενόμενος
3591 420 3702 490 ἐρα

2099 477 2301 544 μηνεὺς
2341 480 2434 533 τοῦ
2484 486 2741 554 μεγίστου
2796 492 2904 545 τῶν
2944 496 3286 567 ἀποστόλων;
3333 503 3522 576 Ὀρᾶτε
3573 510 3702 581 γὰρ

2096 569 2333 640 πρῶτον,
2373 574 2521 640 ὅπως
2562 580 2852 654 ἀπέριττός
2876 589 2905 640 6
2933 588 3091 660 λόγος
3118 595 3213 647 καὶ
3258 569 3537 669 σύντόμος,
3581 569 3616 653 “ἐ

2093 662 2334 732 φωνήσει
2383 665 2611 742 βραχείᾳ
2655 676 2863 745 μυρίων
2901 684 3242 754 πραγμάτων
3283 690 3376 742 καὶ
3417 662 3699 760 μεγάλων

2092 749 2320 853 δέναμιν
2351 757 2717 832 ἐκτιθέμενος.
2754 768 2870 833 Πᾶς
2896 749 3005 844 γάρ
3028 749 3189 844 λόγος
3229 772 3384 845 οὗτος
3417 749 3696 853 ἀριστος,

2091 837 2261 917 οὗπερ
2293 849 2505 921 ἀνήκει,
2542 856 2633 909 καὶ
2665 857 2740 930 μὴ
2774 837 3038 938 περιρρεῃ
3157 837 3475 941 ᾦράσιςνὲπέ
3503 837 3697 953 όλ-ίγέρ

2093 939 2335 1011 πενιχρῷ
2348 941 2425 1014 τῷ
2448 946 2698 1017 νοήματι·
2728 954 3037 1012 τούναντίον
3060 959 3139 1025 δὲ,
3167 939 3369 1034 πλῆθος
3416 939 3700 1040 πραγμά-

2089 1044 2199 1083 των
2237 1032 2295 1085 ἐν
2330 1033 2665 1113 βραχυλογίᾳ
2696 1047 2958 1123 σημαίνῃ,
2990 1052 3132 1106 κατὰ
3156 1032 3555 1128 τὴν-ὁμοίωσιν⁷
3577 1032 3690 1118 τοῦ

2090 1121 2291 1178 κόκκου
2319 1128 2411 1181 τοῦ
2445 1131 2673 1203 νάπυος·
2700 1137 2758 1201 ὂς
2794 1121 3118 1212 μικρότατος
3158 1121 3258 1219 μέν
3295 1121 3461 1219 ἔστιν,
3501 1157 3561 1209 ἐν
3601 1157 3694 1228 τῷ

2090 1219 2405 1287 κρατεῖσθαι
2438 1225 2528 1277 καὶ
2557 1225 2874 1295 βλέπεσθαι’
2912 1235 2961 1287 εἰ
3002 1235 3059 1289 δὲ
3103 1243 3463 1315 προσαγάγῃς
3502 1219 3691 1301 αὑτὸν

2089 1310 2155 1379 τῇ
2191 1311 2441 1384 αἰσθήσει
2477 1318 2569 1371 τοῦ
2618 1322 2907 1393 στόματος,
2951 1329 3070 1383 ὅλον
3114 1330 3174 1384 τὸ
3217 1310 3450 1396 ζῶονῖεκ
3488 1338 3691 1395 ποδῶν

2090 1399 2172 1461 είς
2206 1402 2466 1475 κεφαλὴν,
2509 1409 2645 1480 πρὸς
2673 1414 2771 1483 τὴν
2798 1417 3002 1471 οἰκείαν
3037 1414 3186 1475 εἷλκε
3223 1423 3554 1499 θερμότητα.
3587 1429 3688 1486 Σὺ

2088 1488 2145 1541 εἶ
2183 1492 2436 1561 Χριστὸς
2473 1500 2506 1550 ό
2547 1500 2676 1566 Υἱὸς
2717 1504 2823 1557 τοῦ
2872 1507 3021 1561 Θεοῦ
3067 1510 3173 1564 τοῦ
3205 1488 3687 1588 ζώκτος.”’Λπαξ

2088 1577 2244 1649 λόγος
2275 1585 2303 1636 6
2335 1588 2599 1644 συντελῶν
2634 1593 2770 1664 πρὸς
2799 1596 2900 1667 τὴν
2937 1599 3231 1670 ἐπίγνωσιν
3259 1605 3351 1659 τοῦ
3384 1577 3518 1662 ﬁdem)
3576 1577 3687 1665 καί

2089 1674 2341 1749 Σωτῆρος
2385 1684 2562 1754 ἡμῶν,
2595 1688 2733 1759 πρὸς
2763 1690 2856 1746 δύο
2887 1696 3058 1750 ταῦτα
3094 1702 3187 1753 καὶ
3238 1702 3523 1776 θεωρεῖται
3576 1708 3686 1761 καὶ

1831 1760 1982 1828 prin-
2016 1749 2057 1804 Β
2090 1768 2377 1839 στρέφεται
2395 1749 2505 1830 ’Πέν
2540 1749 2658 1847 μὲν,
2753 1781 2853 1852 τῆς
2885 1749 3186 1857 ἀρχεγόνουψ
3543 1799 3686 1869 ἥτις

2089 1862 2235 1918 ἐστὶν
2261 1866 2289 1917 6
2316 1866 2373 1918 ὲν
2405 1868 2545 1941 ἀρχῇ
2576 1873 2747 1941 Λόγος
2779 1876 2854 1931 ὢν
2894 1880 3002 1946 ἀεὶ,
3042 1884 3135 1936 καὶ
3164 1887 3301 1959 πρὸς
3324 1862 3414 1943 τόν
3442 1862 3683 1963 Πατέρα

2087 1950 2181 2018 ὢν,
2214 1956 2308 2009 καὶ
2355 1958 2490 2023 Θεὸς
2541 1962 2639 2028 ὢν,
2688 1966 2870 2032 καθὼς
2919 1973 3063 2041 ἡμᾶς
3111 1977 3140 2028 6
3189 1950 3363 2047 μέγας
3412 1950 3682 2052 θεολόγος

2100 2044 2350 2119 Ἰωάννης
2378 2051 2404 2102 ὲ
2411 2068 2481 2121 μυ
2490 2054 2741 2129 σταγώγη
2752 2075 2860 2131 σεν,
2878 2056 2987 2116 οἷον
3019 2044 3254 2136 σπογγιά
3272 2044 3354 2134 τις
3379 2070 3455 2141 τῷ
3474 2044 3681 2145 στήθει

2087 2135 2182 2189 τοῦ
2209 2138 2546 2208 Μονογενοῦς
2572 2150 2994 2221 παρακείμενος,
3023 2158 3274 2212 κάκεῖθεν
3305 2160 3539 2229 ἑλκύσας
3565 2165 3679 2235 τῆς

2087 2231 2475 2303 κεκρυμμένης
2505 2237 2696 2306 σοφίας
2728 2241 2826 2312 τὴν
2870 2244 3101 2313 γνῶσιν·
3135 2247 3320 2321 ἕτερον
3355 2252 3430 2320 δὲ,
3469 2254 3532 2307 τὸ
3564 2231 3677 2326 τῆς

2086 2319 2415 2391 οἰκονομίας,
2463 2327 2528 2397 ἢν
2577 2328 2778 2398 ἀγαθὸς
2833 2334 2861 2386 6
2896 2335 3028 2399 Θεὸς
3072 2319 3676 2411 πρὺςσυγκατάὃασίν

2086 2403 2187 2474 τῆς
2214 2407 2499 2474 ἀσθενείας
2527 2415 2684 2485 ἡμῶν
2710 2420 3049 2487 κατεδέξατο.
3088 2427 3269 2494 ’Ἄξιον
3309 2431 3486 2485 τοίνυν
3523 2434 3672 2488 θεω-

2091 2496 2252 2566 ρῆσαι
2289 2499 2386 2571 τὴν
2420 2504 2732 2573 ἀπόκρισιν,
2770 2511 2916 2576 ὅπως
2950 2516 3007 2567 ἐν
3041 2515 3373 2593 βραχυλογία
3412 2523 3506 2575 καὶ
3547 2524 3671 2578 ὀλι-

2087 2595 2465 2665 γορημοσύνῃ,
2507 2599 2723 2654 πάντων
2789 2604 3031 2677 ἀκριϐῶς
3093 2613 3150 2662 ἐν
3185 2611 3349 2684 ὀλίγῳ
3395 2615 3494 2685 τὴν
3543 2618 3671 2672 διά-

2088 2698 2236 2738 νοιαν
2275 2688 2677 2761 παρεδήλωσεν,
2719 2694 3024 2768 ἀρξάμενος
3064 2702 3169 2755 ἀπὸ
3205 2704 3312 2758 τῶν
3354 2707 3523 2770 κάτω,
3570 2710 3674 2764 καὶ

2087 2778 2224 2849 πρὸς
2270 2778 2339 2832 τὰ
2395 2781 2573 2853 ὑψηλά
2622 2786 2763 2841 κατά
2821 2789 2985 2861 μέρος
3045 2794 3335 2865 ἀναγαγὼν
3392 2798 3492 2871 τὴν
3542 2801 3670 2855 διὰ·

2086 2888 2254 2930 νοιαν.
2672 2948 2678 2955 ,

2160 2969 2242 3020 Σὺ
2282 2965 2341 3022 εἷ
2363 2974 2395 3024 ὀ
2427 2972 2699 3040 Χριστός.
2736 2975 2907 3030 Τοῦτο
2936 2980 3033 3051 τῆς
3059 2984 3371 3055 οίκονομίας
3401 2986 3668 3057 δήλωσις,

2089 3060 2185 3112 καὶ
2238 3062 2337 3131 τῆς
2385 3064 2651 3135 ὲνσάρκου
2724 3066 3040 3137 θεοφανείας
3109 3074 3389 3153 ἐξήγησις.
3429 3076 3489 3130 Ὀ
3553 3080 3667 3153 γάρ

2090 3149 2368 3225 [Χριστὸς]
2402 3156 2501 3208 οὐκ
2528 3154 2672 3209 ἔστιν
2698 3156 2866 3229 όνομα
2892 3161 2985 3214 τοῦ
3018 3147 3367 3234 προαιωνίοιδ,
3400 3167 3539 3220 ἀλλά

2087 3245 2195 3298 τῶν
2241 3248 2543 3319 χρωμένων
2608 3251 2828 3323 χάριτος
2887 3256 3127 3326 μήνυμα.
3176 3258 3267 3311 Διὸ
3316 3261 3415 3312 καὶ
3455 3260 3670 3332 Κύριος

2089 3338 2244 3408 ἡμῶν
2288 3340 2717 3412 καταδεξάμενος
2751 3344 2886 3408 ὅλως
2931 3347 2993 3399 τὸ
3037 3346 3321 3418 ἄνθρωπος
3375 3351 3670 3418 γενέσθαι,

2091 3433 2185 3485 καὶ
2216 3436 2282 3486 τὰ
2309 3432 2443 3487 ἄλλα
2475 3434 2653 3489 πάντα
2696 3437 2798 3491 ὃσα
2830 3439 3120 3510 στρέφεται
3156 3442 3282 3514 περὶ
3321 3443 3426 3513 τὴν
3455 3442 3665 3514 σάρκα,

2092 3522 2550 3593 συγκαταδὲχεται
2592 3527 2684 3579 καὶ
2730 3528 2971 3583 καλεῖται
3004 3530 3049 3561 ’⁸
3092 3531 3339 3602 χρισθεὶς
3377 3534 3455 3597 είς
3504 3533 3668 3603 βασι-

2088 3614 2205 3680 λέα,
2233 3616 2294 3668 οὐ
2324 3616 2399 3687 τῷ
2428 3616 2590 3690 ἐλαίῳ
2613 3619 2707 3672 τοῦ
2735 3621 2983 3692 κέρατος,
3022 3623 3095 3686 ὡς
3129 3624 3401 3696 Σαμουὴλ,
3441 3627 3537 3679 καὶ
3563 3631 3671 3680 Δα-

2090 3704 2194 3769 6ὶδ,
2223 3706 2317 3759 καὶ
2349 3708 2397 3760 oi
2428 3708 2661 3781 καθεξῆς
2699 3710 2993 3784 ἄνθρωποι,
3018 3714 3154 3768 ἀλλά
3182 3719 3248 3788 τῇ
3285 3717 3536 3788 ἐνεργείᾳ
3570 3717 3669 3773 τοῦ

2088 3796 2426 3868 Πνεύματος,
2459 3799 2583 3852 καθ’
2606 3801 2672 3871 ἣν
2701 3803 2793 3855 καὶ
2823 3806 2850 3856 6
2880 3805 3157 3875 Κυριακὸς
3202 3806 3490 3879 ἄνθρωπος
3549 3807 3669 3881 (οὖς-

2088 3907 2165 3944 τω
2216 3891 2326 3963 γὰρ
2363 3894 2471 3956 τοῖς
2504 3894 2715 3958 πολλοῖς
2761 3896 2911 3964 φίλον
2959 3900 3390 3971 προσαγορεύειν
3421 3902 3512 3955 τὸν
3563 3903 3669 3974 Ἰη-

2092 3982 2238 4055 σοῦν)
2281 3983 2609 4056 θαυμαστῶς
2648 3987 2852 4060 ἐκυήθη
2882 3989 2975 4042 καὶ
3018 3992 3338 4062 παραδόξως
3377 3997 3435 4047 ἐν
3459 3998 3526 4066 τῇ
3560 4013 3666 4065 γα-

2092 4082 2213 4154 στρὶ
2248 4084 2349 4154 τῆς
2388 4085 2682 4156 Παρθένου.
2719 4086 3086 4160 Ὀμολογήσας
3117 4090 3175 4143 δὲ
3206 4091 3295 4145 τὸν
3330 4091 3540 4164 Ἰησοῦν
3572 4094 3666 4148 τὸν

2091 4173 2229 4247 ὑπὲρ
2262 4175 2417 4247 ἡμῶν
2451 4178 2739 4249 γενόμενον
2783 4179 3089 4252 ἄνθρωπον,
3121 4183 3223 4236 οὐκ
3252 4183 3447 4256 ἔστησε
3498 4186 3665 4257 μέχρι

2087 4264 2277 4319 τούτου
2303 4265 2458 4335 λόγον
2474 4283 2487 4297 ·
2516 4268 2652 4323 ἀλλά
2677 4269 2763 4322 διὰ
2788 4271 2886 4342 τῆς
2914 4271 3182 4344 κλίμακος
3211 4272 3305 4328 τοῦ
3341 4275 3535 4331 Ἰακὼὸ
3562 4278 3665 4347 τῆς

2089 4357 2286 4429 νοητῆς
2314 4359 2450 4430 πρὸς
2480 4359 2571 4415 τὸν
2599 4361 2829 4434 οὐρανὸν
2873 4363 3100 4429 ἀναϐὰς,
3132 4366 3227 4420 καὶ
3264 4367 3555 4438 γενόμενος
3602 4370 3663 4421 ἐν

2016 4468 2059 4523 ι)
2090 4451 2293 4523 θεωρίᾳ
2321 4451 2415 4504 τοῦ
2445 4452 2503 4506 ὲν
2533 4453 2675 4524 ἀρχῇ
2707 4453 2840 4506 Θεοῦ
2869 4455 3062 4524 Λόγου,
3108 4457 3463 4530 προστίθησιν
3511 4457 3663 4529 αὐτῷ

2080 4542 2142 4594 τὸ
2178 4541 2455 4611 ἐξαίρετον
2498 4542 2592 4596 καὶ
2636 4543 2886 4615 ἀληθινὸν
2936 4545 3172 4620 ἀξίωμα,
3224 4550 3352 4604 Υίὸν
3396 4551 3492 4605 τοῦ
3523 4552 3659 4606 Θεοῦ

2081 4631 2527 4703 προσαγορεύσας
2568 4634 2661 4687 τοῦ
2705 4634 2925 4701 ζῶντος.
2969 4639 3237 4713 Ἀκριϐῶς
3270 4642 3329 4697 δὲ
3367 4639 3520 4710 οὗτος
3562 4644 3660 4700 καὶ

2079 4723 2177 4794 οὐχ
2205 4723 2420 4792 ἕτεροςο
2455 4724 2615 4789 αὐτός
2662 4742 2721 4779 τε
2760 4728 3098 4803 ὁμολογήσας
3130 4732 3222 4786 τὸν
3256 4734 3387 4805 εὺθῆ
3421 4735 3514 4788 τὸν
3541 4735 3658 4790 διά-

2081 4830 2312 4886 στροφον
2338 4817 2385 4849 ⁹⁶
2412 4818 2612 4872 κανόνα
2639 4818 2739 4888 τῆς
2764 4820 3021 4889 πίστεως,
3054 4823 3150 4877 καὶ
3193 4826 3359 4880 πᾶσιν
3387 4827 3519 4898 ἡμῖν
3548 4844 3653 4879 πα-

2084 4907 2276 4979 ραδοὺς
2303 4909 2394 4962 τὸν
2432 4910 2531 4980 τῆς
2563 4911 2844 4977 εὐσεϐείας
2872 4912 3052 4983 λόγον,
3083 4917 3438 4989 ἀπαράϐατον
3469 4919 3653 4990 νόμον,

2080 4999 2181 5052 οὐκ
2218 5000 2447 5071 ἄμισθος
2479 5002 2712 5075 ἀπῆλθε,
2756 5006 2877 5060 οὐδὲ
2920 5007 3224 5080 ἀγέραστος
3245 5025 3261 5040 ο
3295 5010 3567 5081 μακάριος
3594 5008 3652 5063 δὲ

2080 5091 2400 5163 όνομασοε“ις
2445 5095 2598 5167 παρά
2639 5097 2734 5152 τοῦ
2782 5098 2950 5163 ὅντως
2984 5100 3275 5172 μακαρίου,
3327 5102 3507 5173 πέτρα
3553 5120 3654 5156 κα·

2081 5182 2253 5238 λεῖται
2293 5186 2392 5255 τῆς
2443 5188 2712 5254 πίστεως,
2762 5193 2857 5245 καὶ
2908 5191 3182 5263 θεμέλιος,
3227 5195 3321 5248 καὶ¹
3370 5194 3654 5267 ὑποϐάθρα

2081 5275 2179 5346 τῆς
2233 5277 2373 5330 κατά
2415 5278 2546 5333 Θεὸν
2591 5281 2938 5353 Ἐκκλησίας.
2981 5285 3263 5356 Λαμϐἀνει
3308 5286 3367 5341 δὲ
3419 5286 3507 5341 διὰ
3552 5286 3653 5357 τῆς

2080 5370 2427 5440 ὑποσχέσεως
2462 5373 2564 5443 τῆς
2612 5374 2887 5444 βασιλείας
2933 5376 3032 5441 τὰς
3079 5377 3263 5446 κλεῖς,
3315 5379 3411 5435 καὶ
3463 5379 3650 5455 κύριος

2080 5462 2289 5530 γίνεται
2318 5464 2427 5519 τῶν
2459 5467 2674 5538 ἐκείνης
2707 5468 2911 5534 πυλῶν,
2944 5469 3085 5525 ὥστε
3115 5471 3290 5557 αὐτὰς
3332 5474 3651 5545 ἀπανοίγειν

432 5698 443 5710 ’
480 5704 593 5776 (41)
650 5708 815 5768 Caute
872 5714 1143 5776 hominem
1196 5720 1532 5784 Dominicum
1575 5730 1838 5802 appellat,
1875 5734 1975 5808 “uti
2017 5737 2179 5793 etiam
2212 5737 2399 5811 Grcg.,
2432 5750 2566 5797 orat.
2603 5742 2689 5797 51.

1510 6188 1829 6236 Arni.
