3856 6274
109 325 184 381 ιιι
424 314 433 319 ·
959 320 1247 379 ιιοιιιιιΑ
1285 304 1419 380 Vm.
1458 320 1531 379 ιιι
1567 320 1668 378 ss.
1704 320 1993 381 PETRUM
2025 321 2115 379 er
2153 321 2461 381 PAULUM.

3230 320 3340 379 282

110 439 167 503 οἷς
198 440 259 494 ἂν
288 437 486 504 ἐθέλοι,
513 439 611 493 καὶ
644 433 847 495 κλείειν
870 432 956 504 οἷς
990 440 1062 495 ἀν
1085 440 1300 496 δίκαιον
1321 436 1411 512 ἦν,
1440 439 1664 514 πάντως

1779 442 1921 512 sujus
1949 457 2081 513 ergo
2109 442 2246 512 ipse,
2282 451 2539 511 tanquam
2570 440 2793 498 sedulus
2824 453 3140 511 gnavusque
3166 441 3341 495 bono.

109 536 149 589 ἢ
175 535 277 596 τοῖς
321 531 593 605 βεϐήλοις,
625 533 722 587 καὶ
748 532 1009 603 ἀνιέροις,
1037 534 1134 588 καὶ
1167 536 1282 600 τοῖς
1310 533 1663 607 ἀρνουμένοις

111 626 183 680 τὴν
206 624 495 695 ὁμολογίαν
523 624 762 696 ἐκείνην,
785 624 855 679 δι’
882 624 952 696 ἦν
974 624 1160 691 αὐτὸς,
1184 625 1262 689 ὡς
1292 624 1525 698 ἀκριϐὴς
1551 624 1663 679 τῶν

119 720 427 792 Ἑκκλησιῶν
450 721 497 754 ’⁷
532 721 758 791 ἀγαθῶν
788 722 1001 793 φύλαξ,
1038 725 1349 778 ἐπιστατεῖν
1398 727 1520 788 ταῖς
1553 723 1664 777 είσ-

112 813 223 876 όδοις
239 813 336 884 τῆς
360 811 638 882 βασιλείας
663 813 889 887 ἐτάχθη.
919 814 1097 873 Ὢτοῦ
1127 802 1295 885 ζόφου
1320 814 1416 868 καὶ
1442 814 1661 886 ἀχλύος,

114 904 307 975 ἦπολλή
336 904 567 976 κέχυται
590 905 698 977 πρὸ
730 904 840 960 τῶν
876 905 1239 978 ἀνθρωπικῶν
1259 906 1577 978 ὀφθαλμῶν,
1595 906 1664 959 δι’

115 996 165 1067 ip
190 996 244 1049 οὗ
277 995 568 1066 βλέπουσιν
598 999 647 1051 οἱ
681 998 949 1069 αίρετικοὶ
984 998 1094 1052 τῶν
1130 997 1392 1069 Πατέρων
1417 998 1487 1051 τὰ
1518 997 1662 1069 ἴχνη,

116 1088 209 1141 σι’δᾶ
234 1087 469 1159 βαδίζειν
502 1087 740 1160 ἐκείνην,
770 1090 838 1163 ἢν
871 1089 1098 1162 έτριψαν
1126 1090 1235 1144 τῶν
1277 1089 1593 1144 ἀποστόλων
1616 1092 1665 1145 oi

116 1181 275 1245 τόδεςί
326 1182 463 1237 Ἰδοὺ
512 1181 624 1253 γάρ
671 1182 883 1255 Πέτρος
926 1184 955 1236 ό
1002 1185 1123 1237 κατ’
1171 1182 1402 1254 ἐκλογὴν
1446 1183 1668 1253 γνήσιος

118 1274 188 1327 τοῦ
206 1274 435 1345 Χριστοῦ
458 1274 730 1348 μαθητὴς,
753 1275 783 1329 ὁ
812 1274 1088 1347 πανταχοῦ
1118 1275 1217 1348 τὴν
1241 1275 1464 1348 πρώτην
1488 1275 1667 1346 ψῆφον

118 1367 190 1420 καὶ
228 1367 330 1421 τῶν
365 1367 547 1439 τιμῶν
595 1369 689 1422 καὶ
725 1368 835 1424 τῶν
875 1369 1317 1441 κατορθωμάτων
1349 1368 1665 1439 δεξάμενος,

118 1459 139 1511 ὁ
165 1458 318 1529 μέγας
352 1461 562 1525 ἐκεῖνος
588 1462 617 1515 ὁ
648 1461 811 1525 πάνυ,
840 1453 902 1515 οὗ
934 1461 997 1514 τὸ
1038 1461 1196 1525 κλέος
1241 1462 1425 1514 πᾶσαν
1467 1462 1564 1531 τὴν
1592 1460 1670 1514 οἰ-

119 1553 352 1623 κουμένην
402 1552 744 1624 ἐπλήρωσεν,
791 1553 1104 1617 κελευσθεὶς
1155 1554 1349 1615 εἰπεῖν,
1392 1552 1541 1616 ὅπως
1582 1550 1672 1605 δο-

121 1642 240 1707 ξάζει
270 1645 392 1716 περὶ
429 1644 526 1698 τοῦ
576 1644 712 1697 Θεοῦ
747 1645 841 1698 καὶ
886 1644 1140 1716 Σωτῆρος
1186 1644 1365 1716 ήμῶν,
1410 1645 1512 1697 οὐκ
1564 1643 1672 1697 ἀπὸ

123 1740 301 1808 μακρᾶς
338 1755 490 1802 τινος
530 1736 733 1810 ήρξατο
778 1737 1077 1810 περινοίας,
1106 1738 1229 1792 οὐδὲ
1258 1738 1456 1795 κύκλον
1476 1737 1675 1792 ,συλλο-

1769 549 1885 587 rum
1912 532 2174 589 Ecclesia:
2212 543 2418 601 custos,
2450 535 2605 604 regni
2632 534 2790 590 ostiis
2816 535 3105 604 praefectus
3130 534 3250 587 fuit.
3292 530 3341 590 0

1763 624 2017 680 nebulam
2043 638 2107 679 ac
2136 624 2422 694 caliginem
2447 624 2594 679 illam
2622 626 2909 695 plurimam
2930 625 3180 679 humanis
3201 623 3340 678 oﬂu-

1765 731 1882 774 sam
1907 716 2104 780 oculis,
2128 731 2234 787 qua
2258 717 2616 785 prohibentur
2643 716 2883 772 haeretici
2909 714 3131 770 Patrum
3156 715 3342 770 videre

1766 810 2023 880 vestigia;
2069 823 2133 863 ac
2176 823 2341 879 quam
2375 809 2738 878 apostolorum
2779 810 2942 880 pedes
2983 809 3125 863 viam
3177 808 3343 862 trive-

1766 912 1912 969 runt,
1940 901 2211 957 incedere!
2241 902 2378 957 Ecce
2401 916 2636 971 namque
2656 902 2853 957 eximia
2873 901 3106 971 quadam
3130 901 3342 954 ratione

1767 997 2018 1051 sincerus
2046 995 2137 1050 ille
2161 994 2365 1049 Christi
2390 994 2688 1064 discipulus
2706 993 2936 1059 Petrus;
2965 993 3341 1063 ille,inquam,

1767 1087 2006 1159 primum
2035 1087 2254 1156 ubique,
2290 1095 2402 1140 tum
2430 1086 2572 1155 quod
2605 1086 2672 1139 ad
2701 1085 2935 1140 honores
2963 1093 3193 1153 spectat,
3230 1092 3343 1136 tum

1767 1181 1911 1252 quod
1964 1181 2030 1234 ad
2088 1180 2286 1235 merita
2325 1179 2509 1253 fereps
2546 1176 2891 1250 sutl‘ragium,
2931 1177 3019 1231 ille
3053 1175 3344 1231 admodum

1771 1287 2038 1342 magnus,
2068 1272 2221 1343 cujus
2257 1272 2422 1327 decus
2456 1270 2767 1325 universum
2800 1268 3039 1339 implevit
3072 1276 3341 1322 terrarum

1767 1366 1958 1422 orbem
1983 1407 1998 1432 ,
2029 1366 2216 1436 jussus
2243 1365 2458 1419 edicere
2484 1372 2545 1418 ut
2571 1364 2638 1417 de
2672 1361 2783 1416 Deo
2812 1377 2877 1417 ac
2903 1362 3184 1417 Salvatore
3214 1375 3338 1415 sen-

1772 1457 1890 1523 tiat,
1925 1473 2029 1512 non
2054 1473 2083 1510 a
2116 1457 2258 1526 longi
2288 1454 2568 1525 cujusdam
2593 1453 2887 1508 commenti
2908 1453 3124 1508 vafritie
3146 1451 3338 1521 etrapit,

1773 1564 1875 1605 nec
1913 1548 2349 1620 syllogismorum
2391 1561 2683 1615 rerumque
2715 1540 2922 1601 circulo
2958 1546 3186 1600 vallatus
3216 1560 3343 1617 per-

1772 1645 2012 1700 contanti
2048 1644 2353 1713 respondit,
2390 1645 2465 1698 uti
2500 1659 2642 1699 nunc
2678 1643 2921 1699 solemne
2967 1634 3166 1698 habent
3222 1657 3346 1713 gra-

1774 1752 1870 1793 ves
1898 1736 1974 1793 illi
2001 1737 2270 1801 rhetores,
2299 1737 2462 1806 inque
2488 1738 2666 1792 verbis
2694 1739 2905 1805 positae,
2939 1736 3060 1791 fidei
3084 1737 3345 1800 artiﬁces,

120 1829 297 1901 γισμῶν
343 1831 439 1884 καὶ
495 1830 841 1901 πραγμάτων
886 1829 1382 1902 περιϐαλλόμενος,
1436 1830 1670 1902 ἀπεκρί-

1779 1831 1868 1886 sed
1903 1829 2068 1884 corde
2101 1830 2357 1899 simplici,
2385 1831 2719 1884 succinctam
2746 1830 3030 1884 veritatem
3065 1830 3346 1899 exposuit;

122 1940 220 1974 νατο
244 1922 374 1993 πρὸς
404 1920 507 1993 τὴν
534 1920 748 1986 πεῦσιν,
780 1918 969 1994 ῶσπερ
999 1921 1063 1992 δὴ
1093 1920 1187 1975 νῦν
1213 1923 1383 1977 ποιεῖν
1416 1921 1670 1976 εἰώθασιν

121 2012 157 2064 οἱ
182 2011 326 2065 δεινοὶ
363 2012 624 2082 σοφισταὶ
656 2011 751 2065 καὶ
780 2011 1087 2083 τεχνολόγοι
1114 2011 1219 2083 τῆς
1251 2012 1519 2076 πίστεωςο
1554 2012 1669 2066 ἀλλ’

123 2105 165 2156 ἐν
184 2104 425 2176 ἁπλότητι
452 2104 702 2176 καρδίας,
727 2101 989 2175 σύντομον
1013 2103 1228 2170 ἐξέθετο
1252 2106 1352 2176 τήν
1378 2104 1667 2176 ἀλήθειαν·

124 2194 167 2247 ού
206 2195 287 2248 τὸν
336 2195 635 2266 ἀγέννητον
686 2194 997 2260 διαστείλας
1040 2195 1119 2267 τῷ
1168 2196 1444 2267 γεννητῷ,
1496 2197 1556 2250 οὐ
1602 2196 1672 2251 τὰ

127 2286 225 2357 περὶ
251 2287 429 2357 ὁμοίου
461 2288 559 2340 καλ⁸
597 2287 851 2359 ἀνομοίου
879 2286 1282 2360 λεπτολογήσας
1309 2288 1668 2361 ἐμπλήκτως,

125 2378 217 2431 οὐδὲ
243 2379 342 2433 τῶν
374 2380 519 2452 ὑπὲρ
558 2379 735 2434 πάντα
766 2377 966 2432 οὐσιῶν
995 2379 1530 2452 πολυπραγμονήσας
1557 2379 1675 2433 δια-

128 2471 282 2541 φορὰν,
309 2464 427 2524 οὐδὲ
459 2471 563 2542 τὴν
607 2471 916 2544 ἀμέτρητον
960 2469 1189 2542 θεότητα
1239 2472 1516 2543 μετρήσας
1548 2470 1673 2525 συλο

129 2559 384 2633 λογισμοῖς,
421 2558 512 2617 οἷα
546 2562 611 2634 δὴ
652 2563 721 2616 τά
759 2562 966 2635 Ἀρείου
997 2563 1246 2631 παίγνια,
1278 2562 1373 2616 καὶ
1405 2562 1473 2616 τά
1503 2561 1672 2616 Εύνο-

134 2649 228 2721 μίσυ
266 2654 772 2725 παρεγχειρήματα.
819 2650 1160 2724 Ζηλώσωμεν
1207 2652 1407 2717 τοίνυν,
1449 2645 1496 2705 ὦ
1535 2653 1675 2724 Χρι-

133 2745 299 2799 στιανοὶ
326 2739 418 2817 (ὧν
458 2745 666 2808 πίστις,
701 2743 762 2797 οὐ
796 2744 1087 2813 πολυλογία
1119 2744 1182 2798 τὸ
1216 2742 1552 2816 γνώρισμα),
1579 2744 1673 2798 τὸν

137 2836 273 2903 ἁλιέα,
315 2839 402 2893 τὸν
450 2837 804 2910 ἀπερίεργον,
834 2837 927 2892 τὸν
961 2839 1025 2891 ἐκ
1049 2836 1355 2909 Βηθσαῖδᾶς
1379 2837 1635 2907 γένοντα⁶
1658 2878 1671 2904 ,

136 2928 178 2980 τὸ
200 2930 389 3001 πρῶτον
415 2932 675 3003 θήρευμα
702 2929 795 2984 τοῦ
832 2928 1092 3002 Χριστοῦ.
1138 2929 1544 3002 Μελετήσωμεν
1584 2929 1676 2984 λέ-

136 3035 250 3087 γειν’
277 3022 354 3076 Σὺ
381 3018 440 3077 εἴ
465 3025 501 3077 ό
536 3022 789 3091 Χριστὸς
820 3024 854 3076 ό
889 3020 1022 3087 Υἱὸς
1062 3020 1170 3075 τοῦ
1213 3020 1361 3074 Θεοῦ
1393 3020 1499 3074 τοῦ
1540 3019 1676 3082 ζῶν-

138 3128 243 3179 τος·
267 3114 329 3168 τὰ
356 3115 411 3169 δέ
442 3114 672 3171 πλείονα
698 3114 904 3169 τούτων
932 3113 1153 3184 ἀφιέναι
1184 3115 1298 3178 τοῖς
1326 3112 1673 3186 λογομάχοις,

138 3195 194 3258 ὧν
213 3203 310 3277 ιρις
334 3207 391 3260 τὸ
417 3206 604 3279 ἔργον,
634 3207 728 3260 καὶ
757 3206 817 3260 τὸ
848 3205 999 3270 τέλος
1028 3204 1291 3259 ἀπώλεια.

188 3292 313 3369 ’Δρα
350 3294 440 3354 οὖν
476 3299 581 3371 μὲν
633 3300 792 3373 μέχρι
824 3299 933 3353 τῶν
978 3297 1276 3369 λεχθέντων
1317 3298 1531 3354 ἵσταται
1581 3300 1676 3354 τοῦ

138 3387 387 3444 ἀποστόλου
437 3391 512 3446 τά
565 3390 855 3462 θαύματα;
919 3390 953 3460 ἢ
1021 3392 1130 3444 πᾶν
1178 3388 1677 3458 τοὺναντίον,ὀύδὲ

139 3474 302 3551 ἦρχθαι
345 3483 633 3556 δοκοῦμεν,
682 3485 735 3538 εί
774 3502 857 3548 τις
902 3485 1013 3547 τοῖς
1059 3483 1371 3555 εἰρημένοις
1421 3502 1678 3559 παραμε-

140 3573 261 3645 τροίη
283 3575 348 3630 τά
385 3576 664 3631 λείποντα.
702 3575 841 3630 Ἀλλ’
868 3574 979 3645 ἐγὼ
1017 3575 1088 3629 τά
1122 3575 1300 3629 ’πολλὰ
1328 3579 1394 3649 τῇ
1438 3576 1682 3651 ὑμετέρᾳ

142 3664 300 3729 γνώσει
353 3667 666 3724 καταλιπὼν
716 3667 856 3742 (ίστε
904 3668 1016 3742 γάρ
1066 3669 1159 3722 τὸν
1209 3670 1417 3740 Πέτρον
1466 3671 1562 3724 καὶ
1611 3670 1681 3724 τὰ

143 3755 330 3825 ἐκείνου,
362 3760 462 3816 κᾶν
495 3762 687 3839 μηδεὶς
714 3763 958 3817 ἐπαινεῖν
997 3760 1087 3815 τὸν
1133 3761 1301 3834 ἀνδρα
1339 3762 1681 3837 προέληται),

147 3850 281 3921 μικρὰ
307 3855 427 3926 περὶ
452 3856 553 3927 τῆς
584 3854 943 3919 ἀναπαύσεως
973 3854 1138 3910 αὐτοῦ
1173 3858 1347 3909 εἰπεῖν
1381 3856 1665 3927 βούλομαι,

146 3939 362 4009 Italarum;
391 3948 454 3999 ἐκ
484 3946 591 4018 τῆς
623 3946 727 4018 γῆς
754 3949 835 4011 εἰς
866 3948 958 4002 τὸν
992 3948 1219 4021 οὐρανὸν
1253 3947 1591 4021 μετῴκησεν,
1615 3950 1682 4003 ἵν’

147 4031 236 4086 ἐκεῖ
261 4036 345 4090 τοῦ
376 4038 554 4105 λέγειν
592 4038 906 4111 παύσωμαι,
936 4040 1064 4094 ἔνθα
1105 4042 1358 4107 κάκεῖνος
1402 4042 1496 4096 τὸν
1546 4042 1681 4113 βίον.

156 4121 200 4176 '0
228 4127 309 4196 μὲν
334 4126 422 4183 οὖν
450 4131 645 4204 Σωτὴρ
679 4132 840 4203 ήμῶν
884 4132 1048 4204 ήνίκα
1081 4131 1304 4205 ἔμελλεν
1334 4133 1583 4202 ἁγιάζειν
1608 4133 1687 4206 τῷ

148 4216 409 4294 αὐθαιρέτῳ
450 4221 669 4296 θανάτῳ
688 4225 756 4288 ’⁸,
796 4223 986 4299 ῶσπερ
1022 4225 1143 4280 τινὰ
1184 4225 1512 4298 παραθήκην
1543 4225 1687 4291 ἐξαί-

150 4325 289 4378 Ρετον,
330 4315 426 4388 τὴν
478 4315 711 4370 καθόλου
766 4317 862 4371 κα)⁸
909 4319 1293 4390 οίκουμενικὴν
1320 4356 1334 4366 ι.
1356 4318 1688 4390 Ἐκκλησίαν

150 4398 288 4474 τούτῳ
322 4405 395 4477 τῷ
438 4407 596 4479 ἀνδρὶ
643 4409 1035 4480 παρατίθεται,
1081 4409 1265 4482 τρίτον
1308 4407 1473 4464 αύτοῦ
1524 4408 1690 4463 πυθό-

153 4506 277 4559 μενος
313 4497 387 4566 τὸ,
416 4499 619 4566 Φιλεῖς
658 4517 765 4571 pe;
813 4502 900 4566 Ὠς
928 4502 989 4555 δὲ
1032 4504 1153 4565 ταῖς
1197 4503 1496 4573 ἐρωτήσεσι
1546 4501 1689 4573 μάλα

154 4585 400 4660 προθύμως
433 4593 755 4667 ίσαρίθμους
792 4594 891 4660 τὰς
924 4594 1216 4666 ὁμολογίας
1259 4594 1540 4668 προέθετο,
1574 4594 1691 4649 ἔλα-

154 4671 227 4728 6εν
252 4679 333 4734 τὸν
371 4685 570 4758 κόσμον
601 4689 682 4752 είς
712 4686 1053 4758 ἐπιμέλειαν,
1094 4687 1170 4751 ὡς
1220 4687 1345 4757 μίαν
1378 4686 1577 4759 ἀγέλην
1609 4682 1691 4754 εἷς

157 4769 324 4843 ποιμὴν
343 4814 358 4838 ,
382 4776 648 4843 ἀκούσας’
682 4779 882 4834 Βόσκε
915 4778 991 4833 τὰ
1022 4779 1202 4848 ἀρνία
1238 4797 1358 4851 μου
1377 4797 1393 4813 ⁹
1424 4780 1517 4836 καὶ
1560 4797 1688 4852 σχε-

156 4854 225 4910 δὸν
257 4860 359 4917 ἀνθ’
384 4866 574 4923 ἐαυτοῦ
620 4869 711 4923 τὸν
759 4870 1083 4925 πιστότατον
1132 4870 1380 4943 μαθητήν
1414 4872 1615 4926 ἐδωκεν
1658 4872 1689 4926 ό

157 4946 321 5022 Κύριος
362 4961 470 5024 τοῖς
505 4961 864 5033 προσηλύτοις
917 4962 1159 5035 πατέρα,
1209 4963 1305 5017 καὶ
1355 4963 1545 5034 νομέα,
1592 4963 1689 5018 καὶ

160 5042 428 5118 παιδευτὴν.
469 5052 686 5126 Ταύτης
715 5054 892 5125 τοίνυν
933 5054 1173 5118 ἀκούσας
1214 5055 1311 5125 τῆς
1345 5054 1552 5125 φωνῆς,
1583 5055 1687 5108 οὐκ

160 5129 204 5184 ἔν
229 5137 441 5215 ῥᾳθυμίᾳ
465 5147 557 5200 τὸν
599 5147 712 5218 βίον
747 5147 961 5219 ἔζησεν,
999 5148 1121 5202 ούδέ
1166 5148 1420 5220 ήγάπησε
1453 5148 1551 5220 τὴν
1586 5148 1691 5215 ἔξω

161 5226 376 5286 κινδύνων
415 5235 590 5309 ζωήνο
622 5238 762 5293 ἀλλά
798 5240 978 5294 πᾶσαν
1020 5240 1119 5312 τὴν
1165 5239 1491 5312 οἰκουμένην
1531 5258 1689 5315 περι-

164 5318 347 5385 νοστῶν,
384 5324 471 5380 τὸν
524 5327 756 5400 Χριστὸν
800 5330 912 5393 τοῖς
956 5326 1357 5397 τυφλώττουσιν
1411 5328 1691 5383 ἀπεκάλυ-

168 5418 288 5473 πτεν,
320 5416 436 5480 τοὺς
471 5418 570 5488 μὲν
613 5418 998 5491 πλανωμένους
1042 5418 1276 5488 ὁδηγῶν,
1316 5420 1443 5483 τοὺς
1471 5418 1528 5472 δὲ
1562 5436 1687 5488 γευ-

170 5500 388 5569 σαμένους
402 5508 499 5579 τῆς
530 5510 808 5589 εύσεύείας
832 5512 912 5544 ³⁵·
943 5513 1058 5575 τοῖς
1092 5510 1307 5584 ἐχθροῖς
1348 5512 1683 5583 μαχόμενος,

1776 1926 2200 1994 haudquaquam
2269 1924 2568 1993 ingenitum
2619 1932 2806 1978 contra
2861 1922 3102 1992 genitum
3155 1922 3349 1976 distin-

1773 2032 1946 2087 guens
1975 2034 1991 2072 :
2024 2017 2091 2072 de
2116 2016 2205 2082 iis,
2240 2029 2362 2085 qum
2386 2014 2455 2069 ad
2483 2014 2660 2069 simile
2694 2029 2759 2069 ac
2789 2014 3052 2071 dissimile
3081 2022 3349 2084 spectant,

1772 2107 2142 2179 nequidquam
2179 2117 2361 2163 emota
2397 2116 2580 2163 mente
2631 2106 2820 2162 frivola
2873 2107 3156 2177 disputans
3190 2125 3206 2162 :
3252 2120 3354 2163 nec

1771 2214 1905 2256 vero
1942 2200 2400 2265 substantiarum,
2438 2214 2560 2269 qua
2597 2200 2778 2255 omnia
2819 2210 3117 2269 superant,
3159 2199 3353 2255 diStin-

1772 2290 2015 2346 ctionem
2038 2290 2309 2346 curiosius
2334 2290 2640 2361 indagans;
2669 2305 2767 2346 nec
2787 2292 2999 2346 demum
3031 2291 3352 2348 immensam

1775 2381 2028 2437 deitatem
2062 2381 2389 2451 syllogismis
2434 2383 2708 2449 metiens,
2758 2382 2934 2451 qualia
2988 2382 3188 2438 habent
3236 2383 3354 2440 Arii

1775 2474 2010 2541 ludicra,
2045 2475 2404 2546 Eunomiiqne
2448 2491 2614 2546 prava
2656 2477 2961 2532 conamina.
3012 2476 3356 2532 Emulemur

1775 2568 1978 2639 itaque,
2009 2583 2043 2623 o
2065 2565 2358 2623 Christiani
2403 2567 2668 2639 (quorum
2704 2568 2859 2634 fides,
2892 2579 3021 2625 nota
3068 2579 3152 2625 est
3178 2585 3242 2625 ac
3265 2572 3352 2625 in-

1774 2658 1948 2730 signe,
1983 2672 2090 2714 non
2126 2658 2410 2714 verborum
2444 2656 2764 2729 elliuentia),
2799 2661 3125 2729 piscatorem
3163 2660 3311 2713 illum
3333 2702 3350 2728 ,

1774 2748 1929 2803 illum
1967 2749 2305 2819 simplicem,
2350 2749 2501 2805 illum
2533 2748 2824 2806 Bethsaida
2866 2761 3048 2806 ortum
3073 2795 3089 2818 ,
3123 2752 3355 2821 primam

1776 2842 1926 2898 llam
1959 2842 2159 2898 Christi
2189 2844 2551 2899 venationem.
2581 2844 2909 2900 Studeamus
2934 2845 3116 2899 dicere
3142 2862 3155 2898 :
3192 2842 3273 2899 Tu
3300 2859 3354 2898 es

1783 2934 2029 2991 Christus
2070 2933 2244 2991 Filius
2281 2936 2378 2990 Dei
2416 2938 2556 3001 vivi;
2593 2936 2676 2991 his
2717 2946 2894 2991 autem
2931 2937 3123 3007 plura,
3163 2951 3357 3007 pugna:

1778 3025 2067 3082 verborum
2095 3029 2433 3084 studentibus
2456 3029 2768 3095 dimittere;
2794 3044 3025 3098 quorum
3043 3044 3198 3098 opus,
3224 3044 3357 3084 con-

1781 3119 1982 3188 tentio;
2016 3120 2141 3175 linis
2171 3129 2371 3188 autem,
2403 3122 2675 3177 interitus.

1848 3304 2062 3376 Ergone
2088 3303 2370 3369 hactenus,
2405 3306 2566 3375 inque
2592 3306 2753 3362 dictis
2788 3305 2948 3360 linem
2976 3304 3182 3359 habent
3221 3318 3354 3373 apo-

1781 3398 1907 3454 stoli
1953 3398 2255 3452 miracula?
2289 3400 2416 3468 quin
2452 3400 2611 3468 plane
2646 3413 2823 3462 secus,
2853 3413 2922 3453 ne
2951 3397 3166 3468 quidem
3203 3397 3356 3450 vide-

1780 3507 1905 3546 mur
1931 3491 2244 3558 incmpisse,
2264 3500 2323 3545 ut
2341 3492 2462 3560 quis
2482 3506 2605 3546 cum
2631 3491 2814 3555 dictis,
2842 3506 2960 3560 qua:
2986 3488 3191 3558 reliqua
3210 3499 3356 3553 sunt,

1785 3592 2089 3653 comparet.
2110 3582 2225 3654 Ego
2248 3582 2598 3637 nihilominus
2619 3583 2876 3653 pleraque
2895 3590 3087 3637 vestrae
3118 3582 3360 3636 scientia:

1783 3676 2101 3745 permittens
2133 3677 2321 3747 (scitis
2365 3676 2508 3731 enim
2542 3675 2784 3741 Petrum,
2840 3690 2904 3730 ac
2950 3690 3040 3730 res
3071 3673 3239 3739 Petri,
3275 3685 3360 3728 ta-

1784 3768 1941 3823 metsi
1977 3783 2136 3823 nemo
2156 3767 2330 3822 virum
2362 3768 2582 3824 laudare
2628 3768 2680 3821 in
2723 3768 2963 3821 animum
3006 3762 3353 3834 induxerit),

1785 3873 1957 3929 pauca
1987 3861 2233 3927 quamam
2267 3858 2388 3912 volo
2418 3860 2599 3913 dicere
2628 3859 2694 3912 de
2728 3858 2847 3928 ejus
2891 3858 3103 3928 requie,
3133 3864 3299 3927 utque
3329 3871 3362 3912 e

1788 3959 1934 4003 terra
1968 3949 2021 4002 in
2056 3949 2253 4004 caelum
2288 3949 2639 4016 migraverit,
2677 3960 2734 4003 ut
2770 3948 2877 4004 illic
2912 3950 3109 4004 faciam
3147 3948 3361 4003 dicendi

1789 4040 1977 4108 linem,
2008 4041 2098 4095 ubi
2132 4041 2219 4095 ille
2249 4042 2373 4096 vita:
2400 4042 2559 4095 linem
2591 4041 2822 4110 accepit.
2851 4041 2983 4096 Cum
3016 4056 3146 4111 ergo
3174 4041 3366 4096 Salva-

1792 4142 1899 4197 tor,
1935 4143 2131 4204 sponte
2160 4144 2439 4203 assumpta
2486 4146 2661 4188 morte
2704 4134 2998 4188 humanum
3029 4149 3201 4205 genus
3230 4148 3363 4187 san-
3450 4204 3455 4209 ξ

1787 4222 2122 4276 ctilicaturus
2147 4233 2313 4290 esset,
2337 4238 2433 4277 ceu
2466 4225 2734 4292 peculiare
2756 4225 3026 4294 quoddam
3059 4224 3362 4294 depositum

1787 4328 1852 4367 ac
1895 4314 2197 4383 peculium,
2242 4315 2604 4370 universalem
2666 4331 2731 4370 ac
2775 4314 2908 4370 orbe
2958 4324 3069 4370 toto
3113 4314 3364 4370 dill‘usam

1786 4403 1907 4460 viro
1942 4403 2070 4460 huic
2106 4407 2454 4462 commendat
2499 4407 2824 4468 Ecclesiam,
2860 4407 2948 4462 ubi
2984 4408 3146 4462 tertio
3194 4407 3367 4462 inter-

1719 4535 1764 4591 Β
1792 4507 2060 4568 rogasset,
2093 4498 2246 4564 illud,
2282 4501 2444 4554 Amas
2489 4516 2570 4553 me
2598 4499 2650 4553 l?
2679 4499 2924 4568 Cumque
2954 4501 3018 4564 is,
3058 4499 3224 4555 multa
3252 4499 3367 4552 ala-

1790 4590 1989 4645 critate
2018 4591 2249 4661 singulis
2270 4592 2793 4663 interrogationibus
2819 4594 3038 4648 totidem
3068 4594 3365 4663 professio-

1787 4696 1887 4736 nes
1920 4681 2238 4750 adiecisset,
2276 4685 2464 4740 mundi
2506 4702 2693 4739 cttrattt
2745 4685 2982 4754 accepit;
3017 4684 3163 4741 velut
3198 4700 3365 4739 unum

1786 4789 2029 4846 gregem,
2066 4792 2205 4833 untts
2236 4786 2468 4847 pastor;
2504 4778 2703 4847 quibus
2732 4779 2934 4833 audivit
2963 4795 2977 4832 :
3009 4776 3175 4831 Pasce
3199 4794 3365 4848 agnos

1784 4881 1926 4920 meo:
1942 4868 1965 4899 ¹
1989 4883 2005 4934 ;
2038 4865 2258 4938 fereque
2279 4869 2361 4923 sui
2386 4871 2502 4924 loco
2524 4870 2672 4924 dedit
2695 4871 2953 4927 Dominus
2991 4870 3364 4927 ﬁdelissimum

1786 4954 2135 5027 discipulum,
2176 4957 2229 5011 in
2258 4968 2494 5027 patrem,
2522 4968 2904 5030 pastoremque
2931 4974 2994 5014 ac
3023 4962 3364 5031 magistrum,

1788 5046 1877 5113 iis,
1910 5049 2001 5118 qui
2032 5059 2217 5106 essent
2247 5050 2525 5105 accessuri
2551 5052 2617 5106 ad
2651 5052 2997 5108 (idem..Cum
3035 5054 3218 5124 itaque
3244 5069 3366 5111 eam

1786 5153 1977 5194 vocem
2005 5142 2267 5207 audisset,
2297 5140 2713 5212 haudquaquam
2738 5145 2965 5214 segnitie
2987 5146 3154 5199 vitam
3185 5147 3369 5200 tradu-

1786 5228 2017 5283 cendam
2044 5230 2196 5285 duxit
2220 5246 2235 5296 ;
2268 5245 2370 5286 nec
2399 5231 2585 5287 dilexit
2611 5233 2793 5289 vivere
2821 5241 2976 5289 extra
3002 5234 3367 5305 periculorum

1788 5321 1962 5376 aleam
2014 5340 2029 5376 :
2075 5326 2204 5393 quin
2276 5326 2590 5381 universum
2651 5312 3077 5398 circumquaque
3131 5328 3370 5382 lustrans

1796 5424 2067 5469 terrarum
2092 5416 2304 5482 orbem,
2332 5419 2493 5474 cmcis
2522 5419 2800 5476 Christum
2830 5420 3140 5487 revelabat;
3166 5421 3233 5475 iis
3262 5420 3368 5475 dux

1793 5506 2019 5565 ell'ectus
2049 5508 2139 5579 qui
2169 5511 2519 5580 exerrabant,
2547 5528 2641 5570 eos
2665 5528 2969 5586 provocans
2993 5514 3084 5584 qui
3112 5513 3368 5584 pietatem

1005 5672 1022 5691 υ

223 5700 367 5793 ilo:
404 5709 750 5793 τῶνιτῶνινςι
788 5713 1309 5793 ἐκκληςςιαστι-κ-ῶν.Δ
1348 5714 1579 5793 fficiam
1612 5714 1676 5771 τὸ⁴

1779 5714 2047 5788 νορωπον,
2074 5715 2297 5787 velquid
2323 5716 2517 5774 simile.
2595 5718 2639 5751 ”
2680 5717 2866 5790 Suppl.
2904 5717 2990 5774 ισ.
3022 5718 3367 5793 προτρέπειν,

175 5768 363 5841 velquid
390 5780 576 5838 simile.
649 5783 857 5843 ‘Joau.
882 5768 1212 5851 sinis-17.
1262 5768 1310 5818 ‘1
1346 5784 1476 5842 ibid.
1511 5785 1599 5842 ts.
