3824 6270
475 322 578 379 ³285

475 449 815 510 gustassent,
854 443 1038 499 hostes
1077 445 1416 515 impugnans,
1459 448 1749 502 consolans
1789 450 2044 506 domesti—
2071 455 2119 511 Α

476 549 596 596 eos,
635 537 1042 601 persecutiones
1083 539 1382 600 sustinens,
1423 553 1702 594 carcerum
1744 543 2044 596 molestiam

475 624 680 689 ferens,
700 626 886 680 multis
912 629 1083 681 modis
1103 627 1376 696 Evangelii
1394 646 1556 683 causa
1577 631 1813 698 pericula
1833 633 2041 686 adiens.

548 712 811 768 Processu
838 717 1035 770 deinde
1069 718 1347 785 temporis,
1384 721 1568 771 urbem
1599 721 1799 788 regiam
1834 730 2043 788 petens,

476 803 604 857 inde
648 808 713 858 ad
754 822 970 874 regnum
1021 809 1280 860 excurrit.
1330 807 1468 860 Nero
1499 809 1641 861 enim
1674 811 1724 862 iu
1759 811 1891 863 iram
1923 827 2047 877 pro-

474 907 722 960 vocatus,
756 899 833 949 uti
866 898 993 948 olim
1026 896 1265 950 Herodes
1299 899 1348 950 in
1402 899 1706 964 Palaestina,
1739 915 1856 954 cum
1885 899 2044 954 Chri-

474 995 614 1040 stum
640 1003 816 1055 regem
855 989 990 1058 magi
1019 991 1433 1051 annuntiarent;
1459 992 1580 1044 aliis
1602 992 1814 1059 quidem
1845 993 2044 1061 spretis

475 1078 862 1146 suppliciorum
910 1082 1216 1148 generibus,
1252 1080 1358 1134 lata
1402 1084 1670 1136 sententia
1712 1092 1793 1136 ter
1830 1085 2043 1138 beatum

475 1171 778 1239 apostolum
826 1171 963 1242 aﬂigi
1017 1173 1166 1226 cruci
1222 1175 1488 1235 decernit,
1526 1185 1581 1228 nt
1619 1176 1810 1229 nedum
1853 1175 2046 1231 Petrus

476 1278 625 1316 mare
657 1263 909 1333 gradiens
949 1265 1231 1318 Dominum
1284 1265 1623 1330 imitaretur,
1664 1282 1846 1320 verum
1879 1267 2042 1320 etiam

477 1353 530 1406 in
581 1353 723 1422 ligno
761 1370 1067 1422 suspensus.
1108 1357 1391 1425 Tanquam
1446 1358 1792 1412 nihilominus
1827 1360 2045 1414 humilis

476 1445 826 1515 Sapiensque,
859 1448 943 1500 vel
969 1447 1020 1500 in
1053 1448 1172 1516 ipso
1204 1450 1521 1503 certaminis
1545 1459 1784 1517 tempore
1809 1465 1873 1504 ac
1902 1451 2042 1504 lucta

477 1549 598 1588 cum
631 1537 821 1590 mortis
850 1537 1066 1604 pa'vore,
1101 1551 1438 1608 perspectum
1473 1541 1676 1594 habens
1701 1543 1826 1609 quid
1863 1542 2045 1596 Domi-

477 1642 604 1679 num
639 1628 778 1681 inter
810 1643 873 1683 ac
902 1615 1120 1682 servum
1158 1629 1472 1696 interesset,
1506 1647 1670 1685 unum
1705 1634 1835 1702 quid
1871 1635 2040 1689 bene-

477 1718 582 1770 lIcii
611 1717 730 1771 loco
758 1717 825 1771 ab
851 1719 1096 1774 hostibus
1123 1722 1352 1791 rogavit,
1380 1735 1446 1775 ne
1473 1723 1684 1778 scilicet
1708 1724 1895 1778 eadem
1921 1741 2042 1780 cum

479 1809 706 1864 Domino
737 1811 902 1879 ligura
938 1810 1214 1881 afﬁgerent
1242 1814 1407 1883 ligno,
1439 1815 1531 1868 sed
1563 1830 1718 1870 verso
1753 1816 1818 1869 ad
1845 1824 2043 1871 terram
2077 1795 2120 1852 Β

477 1902 652 1970 capite
687 1901 1067 1970 crueitigereut
1129 1903 1282 1957 Haud
1318 1905 1517 1975 quippe
1557 1922 1654 1976 par
1686 1921 1832 1972 esse,
1869 1918 1928 1962 ut
1960 1909 2045 1962 vel

478 1994 528 2046 in
565 2005 766 2058 morte,
809 1995 1040 2064 azquales
1070 2000 1212 2051 servi
1254 1997 1583 2070 Dotninique
1628 2011 1806 2070 partes
1841 2013 2041 2057 essent.

480 2085 644 2151 Dixit,
675 2101 738 2140 ac
768 2089 875 2141 voti
911 2103 1134 2157 compos
1164 2089 1388 2146 eﬂ‘ectus
1415 2104 1518 2158 ρει,
1548 2097 1833 2166 crucisque
1870 2098 2046 2151 medio

477 2179 543 2230 ad
573 2193 694 2231 eum
724 2179 878 2242 abiit,
913 2182 1002 2248 qui
1035 2183 1362 2248 crucifixus,
1396 2188 1694 2240 resurrexit
1729 2207 1740 2241 :
1780 2189 1892 2258 ipse
1922 2191 2045 2257 qui-

479 2269 604 2322 dem
643 2269 886 2340 martyrii
933 2286 1133 2326 corona
1183 2275 1450 2341 donatus;
1509 2278 1664 2332 nobis
1712 2288 1889 2332 autem
1947 2281 2045 2334 ha-

478 2375 664 2415 rumce
697 2360 1054 2417 festivitatum
1086 2365 1280 2432 gaudia
1317 2366 1646 2436 relinquens.

547 2535 674 2592 Hzec
703 2553 802 2592 nos
833 2553 1050 2608 quoque
1075 2540 1195 2605 tibi,
1221 2556 1254 2597 ο
1283 2541 1507 2598 charum
1533 2559 1597 2600 ac
1621 2560 1834 2602 sacrum
1862 2555 2044 2618 caput,

477 2641 576 2695 pro
623 2641 808 2683 nOStra
858 2629 1000 2683 virili
1055 2631 1312 2688 facultate
1369 2635 1654 2690 tnultarum
1693 2639 2045 2707 gratulatoria

478 2719 734 2773 virtutum
764 2731 1148 2792 gestorumque
1176 2726 1444 2781 reddenda
1475 2729 1780 2784 habuimus.
1813 2731 2048 2800 Tempus

478 2827 609 2867 vero
634 2823 742 2877 est,
774 2825 831 2868 ut
855 2817 920 2868 ad
945 2817 1176 2887 pugilem
1207 2818 1435 2874 alterum
1486 2836 1787 2877 sermonem
1818 2839 2048 2879 conver-

481 2911 684 2971 tamus,
720 2905 787 2960 ad
820 2916 942 2972 tuae,
980 2908 1219 2976 inquam,
1257 2911 1471 2966 virtutis
1498 2914 1701 2968 socium
1730 2915 1876 2970 illum
1909 2915 2045 2969 Tar-

478 3010 690 3050 sensem
727 3015 740 3050 :
769 3013 914 3064 eum,
943 3003 1182 3068 inquam,
1229 3003 1318 3070 qui
1349 3003 1562 3058 diverso
1593 3005 1810 3074 quidem
1839 3004 2042 3077 suppli-

478 3089 549 3143 cii
579 3105 775 3160 genere
797 3129 812 3153 ,
853 3106 1039 3145 verum
1074 3108 1180 3146 uno
1212 3094 1508 3165 eodemque
1535 3096 1750 3165 pietatis
1781 3099 1911 3166 fine,
1943 3116 2043 3154 una

479 3194 654 3241 tecum
681 3188 746 3240 ad
774 3188 1053 3242 Christum
1091 3189 1364 3257 profectus
1397 3201 1498 3246 est.

550 3276 746 3332 Paulus
772 3279 858 3332 ille
887 3279 1239 3345 admirabilis,
1265 3298 1465 3336 canora
1497 3283 1584 3336 illa
1610 3284 1881 3356 Evangelii
1902 3289 2046 3354 tuba,

484 3369 635 3437 prius
659 3371 875 3437 quidem
901 3370 1132 3425 acerbus
1163 3372 1592 3428 Christianorum
1619 3377 1815 3443 hostis,
1846 3390 2050 3449 postre-

484 3472 629 3509 mum
666 3473 794 3511 vero
826 3458 1150 3512 fortissimus
1182 3461 1434 3516 Ecclesiae
1476 3478 1756 3533 patronus,
1794 3470 2050 3538 apostolis

481 3548 700 3618 quidem
742 3551 1019 3603 recentior
1052 3553 1235 3620 gratia:
1267 3563 1420 3621 partu
1449 3556 1650 3619 editus,
1684 3574 1749 3612 ac
1783 3561 2052 3627 posterior

483 3649 726 3709 tempore
753 3640 955 3695 Christi
983 3642 1262 3712 discipulis
1292 3659 1575 3713 accensus,
1612 3648 1750 3702 idem
1781 3649 2052 3705 nihilomi-

483 3747 584 3786 nus
618 3733 841 3799 probata
881 3734 1101 3799 virtute,
1141 3745 1198 3790 ut
1227 3753 1292 3790 ne
1322 3737 1449 3806 quid
1485 3738 1718 3806 amplius
1751 3741 1949 3808 dicam,
1989 3759 2052 3797 ac

484 3821 762 3876 duodecim
819 3822 1032 3876 illorum
1082 3840 1249 3880 canos
1293 3827 1494 3894 pudore
1541 3815 1798 3894 alliciam,
1852 3829 2052 3900 Moysis

483 3911 728 3980 arqualis,
762 3914 1042 3968 aemulator
1071 3916 1306 3982 fervens,
1331 3929 1386 3970 ut
1419 3920 1540 3987 quis
1570 3920 1729 3985 alius,
1764 3920 1897 3991 legis
1923 3937 2050 3991 pro-

483 4005 867 4075 pugnaculum,
900 4006 1110 4063 Veteris
1140 4009 1470 4064 Testamenti
1506 4011 1668 4067 turris
1697 4012 1848 4066 firma
1879 4028 1943 4068 ac
1975 4014 2054 4067 iu-

485 4111 781 4162 concussa;
821 4099 992 4152 donec
1027 4104 1254 4152 mutavit
1304 4100 1565 4168 animum,
1617 4103 1819 4173 grande
1863 4118 2050 4157 eorum

485 4188 784 4256 periculum
839 4191 932 4258 qui
984 4190 1260 4245 Christum
1312 4193 1686 4262 loquerentur;
1733 4204 2055 4264 nostrosque

487 4277 680 4344 ubique
730 4280 966 4332 terrebat
1021 4295 1086 4334 ac
1139 4281 1189 4334 in
1245 4279 1421 4351 fugam
1456 4283 1682 4350 agebat;
1727 4297 1852 4336 vere
1895 4283 2050 4350 juxta

485 4369 882 4436 przedictionem
909 4369 1097 4435 Jacob,
1129 4371 1404 4440 Benjamin
1437 4374 1589 4440 lupus
1622 4389 1786 4443 rapax
1820 4374 1870 4439 ⁸,
1910 4374 2052 4443 opti-

2073 3136 2117 3194 C

1756 325 1812 387 S.
1855 330 2130 388 ASTERII
2167 331 2469 388 AMASENI

3616 326 3743 382 281

2144 451 2271 513 τοὺς
2303 448 2536 522 οἰκείους
2562 447 2919 518 παρακαλῶν,
2945 444 3198 515 διωγμῶν
3243 445 3586 516 ἀνεχόμενος,
3630 446 3744 514 φέ-

2151 557 2256 609 ρων
2284 539 2552 612 ἀχθηδόνα
2585 538 2991 610 δεσμωτηρίων,
3030 537 3380 608 πολυτρόπως
3407 537 3500 591 τοῦ
3544 539 3744 608 Εὐαγ-

2147 630 2330 698 γελίου
2361 628 2813 701 προκινδυνεύων.

2216 721 2424 791 Χρόνου
2451 720 2508 772 δὲ
2540 720 2837 791 προϊόντος,
2875 719 2976 790 τὴν
3011 717 3392 790 βασιλεύουσαν
3425 716 3582 769 πόλιν
3612 715 3742 768 τῶν

2145 809 2445 881 ἀνθρώπων
2473 808 2674 872 λαϐὼν,
2701 808 2910 861 ἐκεῖθεν
2938 810 3030 862 ἐπὶ
3069 808 3166 879 τὴν
3197 807 3469 878 βασιλείαν
3493 807 3742 877 ἀνέδρα-

2149 917 2268 972 μεν.
2320 899 2756 972 Ἀναρῥιπισθεὶς
2811 900 2921 972 γὰρ
2970 887 3000 952 ό
3043 900 3232 972 Νέρων
3280 901 3358 960 είς
3403 899 3592 969 ὀργὴν,
3650 897 3740 961 ὣς

2147 1011 2274 1048 ποτε
2307 994 2450 1047 κατά
2479 993 2576 1064 τὴν
2602 993 2963 1064 Παλαιστίνην
2996 993 3260 1064 Ἡρώδης,
3290 991 3452 1062 ἡνίκα
3493 989 3746 1060 βασιλέα

2144 1086 2235 1138 τὸν
2285 1085 2520 1155 Χριστὸν
2565 1086 2615 1137 οἱ
2657 1086 2819 1155 μάγοι
2871 1084 3206 1158 διήγγελλον,
3254 1083 3570 1156 ὑπερϐαίνει
3622 1082 3740 1152 μὲν

2145 1178 2270 1240 τοὺς
2306 1177 2498 1238 ἄλλους
2542 1176 2649 1228 τῶν
2690 1177 2963 1230 κολάσεων
2997 1177 3248 1246 τρόπους,
3278 1175 3499 1244 ψηφίζει
3531 1175 3589 1228 δὲ
3630 1173 3744 1226 τὸν.

2144 1269 2540 1340 τρισμακάριον
2574 1267 2990 1338 προσηλωθῆναι
3025 1266 3261 1339 σταυρῷ,
3306 1268 3390 1319 ἵνα
3439 1267 3511 1337 μὴ
3557 1265 3739 1336 μόνον

2146 1359 2390 1422 πεζεύων
2422 1359 2694 1412 θάλασσαν
2729 1359 2934 1430 Πέτρος
2977 1359 3067 1412 τὸν
3111 1359 3385 1428 Δεσπότην
3435 1361 3733 1428 μιμεῖται,

2145 1453 2277 1507 ἀλλὰ
2312 1453 2404 1507 καὶ
2437 1454 2528 1506 ἐπὶ
2561 1452 2718 1519 ξύλου
2757 1452 3120 1523 κρεμάμενος.
3150 1454 3358 1522 Ὅμως,
3381 1452 3454 1515 ὼς
3483 1450 3743 1522 εὐλαϐὴς

2145 1541 2240 1594 καὶ
2255 1541 2415 1611 σοφὸς
2431 1542 2532 1594 κάν
2546 1542 2624 1612 τῷ
2652 1541 2828 1613 καιρῷ
2850 1543 2947 1611 τῆς
2964 1542 3222 1611 ἀγωνίας,
3240 1542 3413 1605 εἰδὼς,
3432 1541 3510 1607 τίς
3531 1543 3740 1610 διαφο-

2148 1633 2218 1704 ρά
2241 1633 2444 1704 Κυρίου
2465 1633 2600 1703 πρὸς
2617 1631 2822 1698 δοῦλον,
2861 1633 2990 1704 μίαν
3021 1633 3188 1704 ᾔτησε
3208 1633 3359 1704 παρά
3370 1632 3476 1686 τῶν
3505 1631 3740 1702 ἐχθρῶν

2147 1728 2323 1798 χάριν,
2351 1728 2482 1798 μήτι
2509 1743 2571 1793 γε
2601 1728 2657 1779 ὲν
2687 1725 2856 1796 ὁμοίῳ
2889 1725 2966 1796 τῷ
2995 1728 3228 1797 σχήματι
3261 1725 3336 1796 τῷ
3367 1725 3506 1796 ξύλῳ
3551 1742 3740 1796 προσ-

2147 1819 2394 1886 αγαγεῖν,
2432 1815 2568 1869 ἀλλά
2601 1815 2699 1887 τὴν
2747 1815 2987 1886 κεφαλὴν
3019 1815 3096 1886 τῷ
3134 1815 3408 1886 προσγείῳ
3438 1814 3596 1886 μέρει
3625 1814 3738 1867 τοῦ

2149 1905 2383 1979 σταυροῦ
2441 1907 2922 1978 προσηλώσαντας.
2972 1907 3046 1958 Ui:
3097 1905 3205 1976 γὰρ
3270 1905 3439 1970 ἀξιον,
3484 1903 3607 1956 οὐδὲ
3671 1905 3740 1956 ἐν

2147 1999 2307 2055 πάθει
2340 1997 2447 2052 τῶν
2490 2001 2618 2053 ῐσων
2651 2000 2742 2052 τὸν
2774 1998 2954 2051 δοῦλον
2982 1996 3058 2068 τῷ
3095 1996 3336 2067 Δεσπότῃ
3378 1997 3578 2066 τυχεῖν.
3622 1988 3736 2048 Εἶ-

2147 2109 2266 2157 πεν,
2311 2093 2405 2146 καὶ
2449 2090 2641 2161 ἔτυχεν
2673 2083 2747 2144 ὧν
2793 2090 3064 2151 ἐϐούλετο,
3097 2089 3189 2142 καὶ
3220 2089 3306 2142 διά
3344 2087 3436 2140 τοῦ
3482 2085 3742 2159 σταυροῦ

2148 2184 2282 2254 πρὸς
2309 2185 2399 2236 τὸν
2443 2183 2824 2255 σταυρωθέντα
2863 2182 2956 2236 καὶ
2996 2181 3302 2236 ἀναστάντα
3331 2179 3590 2250 ἀπῆλθεν,
3621 2181 3736 2234 αὖ·

2145 2275 2236 2338 τὸς
2284 2276 2380 2345 μὲν
2427 2275 2517 2328 τὸν
2565 2273 2660 2326 τοῦ
2715 2274 3014 2345 μαρτυρίου
3067 2271 3472 2342 ἀναδησάμενος
3513 2269 3735 2339 στέφα-

2147 2385 2257 2431 νον,
2297 2369 2428 2438 ἡμῖν
2464 2367 2520 2420 δὲ
2547 2365 2754 2421 τούτων
2783 2365 2892 2419 τῶν
2929 2363 3130 2437 ἑορτῶν
3158 2359 3470 2416 καταλιπὼν
3514 2361 3614 2425 τάς
3649 2363 3740 2416 αι-

2146 2461 2286 2522 τίας.

2219 2550 2404 2604 Ταῦτά
2455 2567 2534 2604 σοι
2567 2550 2660 2604 καὶ
2712 2551 2873 2620 ἡμεῖς
2915 2547 3056 2602 κατά
3098 2546 3344 2618 δύναμιν,
3378 2542 3423 2601 ὦ
3451 2544 3578 2617 φίλη
3625 2544 3737 2598 καὶ

2151 2645 2271 2716 ἱερὰ
2307 2643 2539 2713 κεφαλὴ,
2579 2641 2686 2695 τῶν
2720 2639 2927 2694 πολλῶν
2969 2639 3401 2710 κατορθωμάτων
3436 2638 3740 2693 ἀπεδώκα-

2151 2754 2250 2807 μεν
2291 2736 2652 2806 χαριστήρια·
2687 2733 2805 2804 ὦρα
2853 2731 2908 2784 δὲ
2955 2731 3162 2794 λοιπὸν,
3193 2730 3279 2782 ἐπ’
3317 2730 3473 2785 ἄλλον
3512 2730 3737 2796 ἀγωνι-

2150 2827 2278 2898 στὴν
2305 2827 2502 2898 τρέψαι
2542 2827 2630 2878 τὸν
2659 2824 2832 2893 λόγον,
2859 2824 2949 2877 τὸν
2981 2824 3152 2877 κοινὸν
3180 2824 3201 2854 ⁸
3229 2823 3326 2894 τῆς
3367 2820 3731 2893 σῆςιάρετῆς,

2147 2918 2238 2972 τὸν
2267 2917 2502 2988 Ταρσέα,
2533 2916 2622 2968 τὸν
2653 2915 2888 2986 διαφόρῳ
2931 2915 3028 2985 μὲν
3067 2914 3248 2985 τρόπῳ
3281 2914 3376 2983 τῆς
3416 2911 3732 2983 τιμωρίας,

2149 3013 2229 3064 ἐνὶ
2254 3011 2308 3062 δὲ
2346 3009 2529 3078 σκοπῷ
2558 3009 2656 3079 τῆς
2692 3007 2969 3071 εὐσεϐείας
3009 3009 3146 3078 μετά
3186 3005 3278 3059 σοῦ
3321 3004 3456 3076 πρὸς
3483 3005 3736 3076 Χριστὸν

2147 3095 2314 3150 ἀναλύ
2323 3113 2510 3150 σαντα.

2222 3276 2433 3340 Παῦλος
2471 3277 2500 3329 ὁ
2529 3274 2890 3344 θεσπέσιος,ή
2929 3272 3306 3344 μεγαλόφωνος
3333 3271 3424 3324 τοῦ
3470 3270 3732 3338 Εὐάγγε-

2148 3372 2279 3425 λίου·
2305 3369 2558 3436 σάλπιγξ,
2588 3370 2616 3421 ὁ
2651 3368 2911 3439 πρότερον
2941 3366 3038 3436 μὲν
3069 3365 3262 3437 πικρὸς
3287 3363 3552 3434 δυσμενὴς
3585 3361 3739 3434 Χρι-

2152 3461 2400 3526 στιανῶν,
2447 3460 2795 3532 ἰσχυρότατος
2837 3458 2893 3511 δὲ
2925 3458 3228 3510 τελευταῖον
3260 3457 3356 3526 τῆς
3396 3454 3738 3523 Ἐκκλησίας

2153 3556 2471 3626 συνήγορος,
2502 3551 2766 3623 νεώτερος
2814 3551 2912 3621 μὲν
2951 3549 3215 3620 ὲπετέχθη
3248 3552 3359 3611 τοῖς
3403 3546 3738 3611 ἀποστόλοις

2150 3645 2302 3716 παρὰ
2329 3645 2430 3714 τῆς
2468 3646 2720 3715 χάριτος’
2765 3643 2858 3695 καὶ
2901 3642 2980 3713 τῷ
3022 3642 3196 3712 χρόνῳ
3224 3640 3473 3711 δεύτερος
3508 3635 3575 3710 ἦν
3612 3638 3740 3694 τῶν

2153 3733 2408 3805 μαθητῶν
2446 3732 2540 3785 τοῦ
2569 3731 2826 3802 Χριστοῦ,
2861 3730 2971 3794 ἴσος
3002 3731 3056 3782 δὲ
3096 3730 3235 3784 κατὰ
3279 3730 3340 3782 τὺ
3379 3729 3595 3800 δόκιμον
3621 3729 3739 3799 τῆς

2151 3827 2373 3895 ἀρετῆς,
2409 3826 2495 3878 ἵνα
2524 3826 2687 3896 μηδὲν
2717 3826 2852 3878 εἴπω
2887 3824 3066 3890 πλέον,
3118 3824 3209 3895 τὴν
3246 3823 3438 3877 πολιὰν
3473 3823 3742 3894 ἐρυθριά-

2153 3933 2254 3980 σας
2287 3915 2395 3968 τῶν
2423 3913 2648 3980 δώδεκα,
2682 3913 2926 3985 ζηλωτὴς
2965 3912 3022 3964 δὲ
3063 3911 3263 3983 θερμὸς
3295 3910 3390 3963 τοῦ
3422 3910 3738 3976 Μωῦσέως,

2151 4007 2307 4078 εἴπερ
2346 4025 2429 4070 τις
2458 4007 2660 4077 ἕτερος,
2688 4008 2861 4075 τεῖχος
2906 4003 2990 4057 τοῦ
3019 4003 3205 4072 νόμου,
3244 4001 3452 4073 πύργος
3482 4001 3578 4071 τῆς
3607 4001 3736 4053 Πα-

2152 4099 2309 4162 λαιᾶς
2349 4098 2624 4170 Διαθήκης
2657 4097 2923 4169 καρτερὸς
2956 4095 3049 4149 καὶ
3081 4095 3362 4156 ἄσειστοςο
3395 4092 3487 4146 καὶ
3531 4092 3740 4162 μέχρις

2153 4187 2212 4246 οῦ
2261 4191 2361 4262 τὴν
2416 4190 2639 4262 γνώμην
2676 4189 3050 4260 ἀμετάϐλητον
3086 4183 3249 4256 εἶχεν,
3292 4186 3464 4256 μέγας
3508 4184 3738 4254 ὑπῆρχε

2154 4283 2394 4347 κίνδυνος
2438 4282 2546 4336 τῶν
2583 4283 2672 4336 τὸν
2705 4282 2935 4353 Χριστὸν
2967 4281 3287 4343 λαλούντων,
3318 4279 3409 4331 καὶ
3447 4275 3738 4344 πανταχοῦ

2153 4377 2387 4431 διεπτόει
2424 4378 2548 4440 τοὺς
2593 4375 2889 4446 ἡμετέρους
2922 4375 3015 4427 καὶ
3055 4372 3489 4442 ἐφυγάδευσενν·
3523 4369 3736 4432 ὅντως,

487 4476 604 4514 mos
635 4477 875 4530 quosque
921 4461 1056 4518 Novi
1107 4463 1439 4520 TeSIamenti
1482 4466 1797 4522 discernens
1850 4482 1912 4522 ac
1944 4467 2047 4520 dis-

2166 4469 2299 4522 κατά
2335 4468 2435 4539 τὴν
2479 4468 2779 4538 πρόρρησιν
2812 4465 2906 4518 τοῦ
2947 4464 3160 4525 Ἰακὼϐ,
3198 4462 3496 4532 Βενιαμήν
3531 4461 3739 4517 ,λύκος

487 4565 715 4623 pergens
740 4569 953 4624 greges.

556 4736 688 4803 Quia
705 4753 829 4792 vero
860 4739 1022 4792 etiam
1056 4740 1226 4793 sancti
1262 4739 1518 4808 Stephani
1549 4740 1781 4796 fabulam
1815 4743 2036 4808 luserat,

491 4833 769 4898 adhucque
802 4848 994 4888 cruore
1026 4835 1239 4889 ftedatis
1286 4835 1531 4889 manibus
1577 4833 1896 4888 Damascum
1933 4849 2055 4901 per-

487 4925 679 4993 gebat,
736 4929 1268 4996 persecutionemque
1314 4927 1709 4995 persecutioni,
1768 4942 1831 4980 ac
1882 4927 2057 4980 caules

487 5017 721 5071 caedibus
777 5027 1018 5083 nectere,
1081 5027 1356 5086 totumque
1415 5018 1671 5072 radicitus
1734 5016 2058 5072 Christiani-

489 5123 686 5172 smum,
723 5110 954 5177 primum
987 5110 1250 5165 hactenus
1287 5108 1564 5164 florentem
1597 5120 1796 5170 ortum,
1825 5109 2056 5163 evellere

490 5203 807 5271 satagebat;
849 5219 961 5256 rem
1000 5203 1139 5258 Deus
1181 5203 1347 5272 probe
1391 5203 1556 5267 vidit,
1595 5203 1848 5255 nimirum
1899 5201 2050 5265 fore,

489 5305 548 5349 ut
577 5295 719 5350 acris
752 5296 919 5350 hostis
945 5312 1007 5350 ac
1029 5297 1253 5362 validus,
1283 5297 1529 5358 generosi
1558 5295 1791 5363 pectoris
1815 5310 1874 5350 ac
1902 5295 2057 5348 fortis

489 5389 652 5442 animi
699 5386 1001 5458 eﬂiceretur
1031 5391 1235 5444 amicus
1272 5408 1285 5442 :
1323 5389 1606 5458 subitoque
1643 5388 2058 5458 eircumfulgens

489 5477 710 5544 lumine,
748 5455 1020 5545 percellit,
1053 5494 1113 5533 ac
1146 5482 1211 5533 ad
1251 5455 1602 5533 humilitatem
1635 5484 1931 5539 convertit,
1975 5480 2056 5532 in-

491 5580 651 5622 cusso
676 5567 889 5635 quidem
926 5569 1118 5622 timore
1149 5583 1178 5622 a
1209 5585 1371 5624 cursu
1402 5568 1698 5636 cohibens;
1721 5567 2056 5624 llammantcs

566 5766 590 5799 ³
627 5766 759 5821 Gen.
789 5783 933 5827 thx.
962 5766 1048 5820 9.7.
1077 5763 1147 5804 J‘
1190 5766 1572 5832 Legmowwvév
1597 5803 1606 5812 -

2156 4559 2374 4627 ἅρπαξ,
2413 4559 2743 4630 σπαράσσων
2778 4558 2878 4628 τῆς
2913 4558 3056 4619 Νέας
3099 4557 3370 4628 Διαθήκης
3411 4556 3532 4616 τοὺς
3576 4553 3739 4624 ἀμεί-

2154 4668 2300 4714 νους,
2333 4650 2428 4704 καὶ
2465 4649 2774 4722 σκορπίζων
2800 4649 2869 4702 τὰ
2900 4649 3141 4719 ποίμνια.

2240 4741 2461 4812 Ἐπειδὴ
2503 4741 2559 4794 δὲ
2589 4741 2764 4795 καὶτὸ
2794 4741 2977 4813 δρᾶμα
3013 4739 3070 4792 τὸ
3113 4737 3253 4792 κατά
3286 4737 3376 4790 τὸν
3409 4736 3559 4804 ἆγιον
3597 4735 3738 4786 Στέο

2157 4852 2321 4904 φανον
2357 4833 2732 4905 ἐξειργάσατο,
2763 4834 2856 4886 καὶ
2888 4833 2983 4895 τὰς
3011 4835 3198 4903 χεῖρας
3228 4830 3362 4900 ἔχων
3395 4829 3473 4882 ἔτι
3501 4829 3715 4898 μεμολυ

2159 4927 2360 4998 σμένας
2383 4926 2458 4997 τῷ
2475 4927 2664 4996 αἵματι
2682 4965 2697 4988 ,
2716 4926 2814 4994 τὴν
2834 4925 2926 4977 ἐπὶ
2944 4925 3228 4995 Δαμασκὸν
3247 4924 3484 4993 ἔτρεχεν,
3501 4921 3737 4992 διωγμῷ

2157 5018 2396 5089 διωγμὸν
2425 5018 2520 5071 καὶ
2550 5018 2744 5086 ,φόνοις
2767 5017 2971 5098 φόνους
3014 5015 3243 5085 συνάψαι
3267 5015 3608 5086 βουλόμενος,
3635 5017 3737 5067 καὶ

2159 5109 2471 5163 ἀνασπάσαι
2509 5109 2599 5162 τὸν
2651 5107 3075 5180 Χριστιανισμὸν
3106 5107 3416 5179 πρόρριζον,
3461 5107 3586 5178 ἄρτι
3629 5109 3738 5179 τὴν

2160 5199 2382 5272 πρώτην
2415 5199 2678 5254 ἀνθοῦντα
2709 5203 2881 5271 φυήψ
2915 5196 3051 5254 εἶδεν
3085 5199 3261 5262 καλῶς
3293 5201 3321 5251 ό
3353 5198 3484 5282 βεὸς
3514 5198 3681 5268 ἡμῶν
3709 5199 3739 5250 ὃ

2163 5291 2486 5363 πεποίηκεν,
2519 5293 2602 5344 ὅτι
2628 5293 2656 5344 ό
2688 5291 2902 5363 ἰσχυρὸς
2930 5291 3116 5362 ἐχθρὸς
3144 5290 3322 5362 γένητ’
3358 5291 3423 5344 ἂν
3455 5291 3545 5342 καὶ
3577 5289 3737 5358 φίλος

2161 5386 2406 5454 γενναῖος
2425 5401 2440 5416 ’
2475 5385 2569 5437 καὶ
2597 5384 2944 5455 περιλάμψας
2974 5385 3134 5436 αὐτὸν
3177 5383 3437 5451 αἰφνίδιον
3457 5381 3531 5451 τῷ
3566 5383 3734 5449 φωτὶ,

2161 5475 2527 5546 καταπλήττει
2558 5475 2652 5527 καὶ
2680 5474 3004 5545 μεταϐάλλει
3029 5473 3163 5545 πρὸς
3189 5473 3573 5543 ταπεινότητα,
3602 5476 3732 5543 στήο

2166 5583 2261 5630 σας
2301 5567 2398 5637 μὲν
2437 5564 2529 5619 τοῦ
2572 5565 2772 5638 δρόμου
2805 5565 2892 5621 aia
2928 5564 3020 5618 τὸν
3053 5563 3238 5634 φόϐον,
3284 5563 3410 5628 τοὺς
3441 5562 3498 5616 δὲ
3534 5562 3595 5616 τὸ
3630 5581 3736 5616 πυ-

1715 5768 1843 5837 Leg.
1885 5768 2215 5835 εφυείὰδευεχ
