3824 6270
108 279 221 335 335

1004 275 1286 333 HOMILIA
1328 277 1464 334 VIII.
1508 277 1576 334 IN
1611 276 1711 335 SS.
1748 277 2035 337 PETRUM
2069 279 2158 335 ET
2195 279 2505 341 PAULUM.

106 396 288 468 ριὶιδες
315 393 417 448 καὶ
456 393 746 466 θυμοειδὲς
775 393 1071 465 βλέποντας
1093 395 1410 468 ὀφθαλμοὺς
1438 397 1708 469 σωφρονί-
1737 434 1747 461 λ

1809 412 1940 455 vero
1977 413 2043 454 se
2076 399 2213 454 iram
2253 400 2527 471 spirantes
2555 401 2773 469 oculos,
2799 403 2988 461 oll'usis
3031 402 3269 460 tenebris
3290 419 3387 460 ca-

108 505 217 550 m
236 486 320 557 τῷ
346 486 556 558 σκότῳ,
584 486 922 559 Τιμωρεϊται
936 487 993 540 δὲ
1011 487 1195 552 αὑτὸν,
1211 489 1273 542 οὐ
1303 488 1444 561 μετὰ
1471 489 1704 561 σιωπῆς,

104 579 251 632 ἀλλὰ
294 579 394 633 καὶ
420 579 582 649 λόγον
616 579 697 651 τῷ
729 579 878 651 ἔργῳ
910 579 1270 653 προσέθηκεν,
1306 581 1479 635 εἰπὼν
1511 583 1707 654 ἐκείνῳ

101 671 171 723 τὸ
213 670 649 743 γεγραμμένον⁸
691 670 909 735 Σαῦλε,
952 672 1171 737 tat-2.18,
1223 673 1282 726 τι
1320 690 1398 743 με
1436 672 1705 740 deducere;

102 763 395 830 Σιληρόν
441 778 543 818 σοι
584 762 736 833 πρὸς
766 763 985 832 κέντρα
1016 763 1317 825 λακτίζειν
1336 779 1349 793 ·
1377 765 1477 837 οὐχ
1504 765 1580 830 ὡς
1607 767 1707 820 αὐ-

102 854 204 915 tt‘s;
245 852 475 924 χρῄζων
515 853 619 924 τῆς
661 853 1065 925 διαλέξεως(τί
1089 856 1198 928 γὰρ
1231 856 1338 910 ἔδει
1375 856 1569 927 λόγων,
1596 858 1705 913 τῶν

102 945 467 1017 πραγμάτων
492 945 852 1016 ἀρκούντων),
888 946 1008 1001 ἀλλ’
1039 948 1127 1002 ἵνα
1151 948 1424 1020 πρόφασιν
1448 948 1580 1021 ὲνδῷ
1607 948 1702 1003 τοῦ

101 1039 391 1110 ἕψεται
414 1040 515 1094 καὶ⁵
546 1040 761 1107 μαθεῖν,
798 1040 881 1094 ὅτι
905 1042 933 1094 ό
952 1028 1305 1114 νομιζόμενος
1325 1042 1581 1099 τεθνάναι
1609 1044 1704 1098 καὶ

101 1131 327 1185 κεῖσθαι
376 1133 642 1206 Χριστὸς,
684 1132 775 1205 ζῇ,
809 1135 906 1188 καὶ
940 1133 1001 1199 ἐξ
1039 1135 1287 1207 οὐρανῶν
1329 1135 1700 1207 ἐπιφαίνεται.

101 1223 278 1277 Οὖδὲν
306 1224 367 1278 δὲ
409 1219 527 1279 οἷον
572 1226 713 1282 αὐτὰ
742 1227 812 1281 τὰ
853 1227 1075 1298 ῥήματα
1117 1227 1481 1300 παραθέσθαι,
1507 1230 1578 1285 τὰ
1606 1229 1702 1285 τοῦ

110 1316 377 1387 Ἑϐραίου
406 1317 578 1372 λύκου
609 1318 710 1391 τὴν
742 1319 912 1392 θήραν
945 1321 1077 1391 ἡμῖν
1108 1319 1471 1392 ὲξηγούμενα.

188 1408 242 1460 '0
277 1409 352 1462 δὲ
395 1410 642 1477 Σαῦλος
662 1410 747 1464 ἔτι
771 1410 1048 1480 ἐμπνέων
1071 1410 1329 1479 ἀπειλῆς
1360 1412 1457 1465 καί
1486 1413 1699 1482 φόνου.

113 1501 473 1573 Ὑπογράφει
500 1519 590 1573 μοι
623 1504 651 1556 ό
700 1502 858 1572 λόγος
896 1503 1064 1577 ἄνδρα
1089 1502 1245 1575 θυμῷ
1270 1504 1608 1576 ῥηγνύμενον
1638 1505 1704 1559 ὲκ

102 1597 206 1666 τῆς
236 1594 639 1667 προλαϐούσης
674 1597 1012 1667 μιαιφονίας,
1050 1595 1130 1649 ἔτι
1161 1597 1537 1651 πνευστιῶντα
1566 1597 1703 1668 μετὰ

102 1688 203 1750 τὰς
224 1687 340 1742 τῶν
373 1688 546 1742 λίθων
577 1687 760 1760 βολὰς,
790 1688 1029 1760 ὕφαιμον
1058 1689 1155 1743 καὶ
1184 1688 1374 1761 ἄγριον
1410 1689 1696 1760 βλέποντα,

102 1774 215 1831 οἷον
245 1779 577 1849 ἐπάναγκες
608 1779 698 1835 τὸν
728 1780 917 1850 φονέα,
948 1778 1193 1849 σώζοντα
1221 1780 1287 1834 τὰ
1317 1781 1377 1833 ὲν
1409 1781 1575 1852 ἀρχῇ.
1601 1781 1703 1852 τῆς
1734 1768 1774 1822 Β

102 1870 198 1923 τοῦ
248 1872 611 1944 πατριάρχου
655 1872 993 1945 προφητείας
1023 1871 1091 1926 τὰ
1142 1870 1406 1943 σύμὸολα.
1467 1872 1702 1936 Ἐκεῖνος

104 1965 237 2033 γὰρ,
264 1963 470 2035 ἐπειδὴ
510 1962 772 2034 τελευτᾷν
802 1961 1046 2034 ἔμελλεν,
1084 1962 1349 2017 πάντοθεν
1378 1962 1505 2026 τοὺς
1537 1961 1700 2016 αὑτοῦ

104 2056 309 2120 παῖδας
346 2056 692 2127 περιστήσας
722 2057 788 2127 τῇ
821 2054 1011 2128 κλίνῃ,
1048 2053 1321 2126 Πνεύματι
1364 2056 1701 2127 προηγόρευ-

106 2167 220 2205 σεν.
264 2148 436 2202 Οὕτω
488 2147 620 2216 γοῦν
661 2147 755 2202 τὸν
826 2147 1026 2202 Ἰούδαν
1072 2146 1330 2216 εὐλογῶν,
1370 2147 1564 2218 ἐκείνῳ
1605 2147 1703 2219 μὲν

103 2243 417 2311 διελέγετο.
470 2241 847 2313 ἀλληγορικῶς
887 2240 945 2293 δὲ
982 2239 1190 2312 ὕμνησε
1222 2240 1314 2293 τὸν
1356 2239 1450 2293 ἀπ’
1493 2239 1701 2294 ἐκείνου

104 2337 377 2407 Χριστόν.
422 2335 584 2406 Ἑξῆς
628 2335 685 2388 δὲ
720 2336 832 2398 τοῖς
864 2335 1006 2387 ’πᾶσι
1042 2332 1592 2406 προμαντευσάμενος
1634 2333 1703 2387 τὰ

105 2434 185 2493 εἰς
217 2429 488 2500 ὕστερον,
523 2427 832 2481 τελευταῖον
865 2423 1030 2498 ἦλθεν
1055 2428 1150 2481 ἐπὶ
1178 2427 1271 2481 τὸν
1304 2426 1596 2499 Βενιαμὴν,
1625 2426 1703 2490 ὡς

106 2525 202 2576 καὶ
230 2522 313 2593 τῷ
356 2520 540 2594 χρόνῳ
578 2520 868 2591 νεώτερον·
920 2518 1079 2589 δῆθεν
1131 2518 1231 2589 μὲν
1279 2517 1416 2590 πρὸς
1461 2518 1551 2572 τὸν
1590 2518 1704 2572 υἱὸν

108 2615 444 2686 ἐφθέγγετο,
479 2613 557 2684 τῷ
586 2612 699 2666 ὄντι
725 2612 783 2666 δὲ
805 2612 897 2665 τὸν
929 2611 1141 2666 Παῦλον
1168 2612 1481 2683 ἐσήμαινεν,
1510 2614 1574 2665 ὲκ
1604 2612 1704 2683 τῆς

108 2707 313 2778 ςυλῆς,
349 2706 431 2769 ὡς
470 2704 738 2775 ἔγνωμεν,
768 2703 871 2774 τῆς
907 2702 1117 2757 ἐκείνου
1145 2703 1471 2772 κατάγοντα.
1506 2705 1705 2757 Βενια-

108 2803 237 2870 pqr
262 2800 469 2865 λύκος
493 2798 713 2866 ἅρπαξ,
741 2795 822 2863 τῷ
846 2796 1000 2866 πρωῒ
1036 2795 1253 2859 ἔδεται,
1286 2795 1385 2850 καὶ
1407 2798 1494 2862 εὶς
1532 2794 1704 2849 ἐσπέ-

109 2912 225 2962 {ar
253 2891 549 2947 διαδώσει
587 2889 841 2961 τροφήν.
880 2890 945 2943 Τί
972 2892 1089 2944 ἐστι
1117 2889 1178 2943 τὸ
1203 2888 1515 2961 λεγόμενον,
1545 2890 1703 2961 ἐρευ-

112 2986 451 3058 νησεώμεθαο
485 2986 518 3056 ἢ
567 2984 721 3038 τοῦτο
754 2984 990 3050 πάντως,
1024 2984 1107 3037 ὅτι
1166 2982 1234 3037 τὰ
1274 2981 1468 3054 πρῶτα
1508 2980 1703 3052 φαγών

1810 492 2038 563 stigans.
2069 491 2229 548 Punit
2255 504 2434 550 autem
2459 510 2565 551 non
2592 496 2831 562 silentio,
2854 512 3041 553 verum
3057 498 3219 552 etiam
3242 498 3384 553 facto

1812 597 2121 639 sermonem
2152 584 2421 654 adiunxit,
2455 586 2643 643 dicens
2675 586 2749 641 illi
2776 588 2919 656 quod
2954 589 3214 656 scriptum
3249 597 3333 642 est
3363 605 3379 642 :

1808 671 1992 741 Saule,
2024 674 2211 739 Soule,
2258 676 2384 745 quid
2416 692 2497 731 me
2525 678 2846 748 persequeris
2867 678 2893 732 ζ)
2932 677 3137 731 Durum
3177 688 3252 731 est
3284 677 3383 730 tibi

1807 777 1993 822 contra
2043 768 2314 822 stimulum
2357 768 2636 824 calcitrare
2674 770 2741 825 ἐ
2781 784 2887 824 non
2948 780 3200 840 tanquam
3245 783 3383 838 opus

1809 860 2032 916 haberet
2057 859 2308 915 conferre
2341 875 2668 916 sermonem.
2694 860 2832 926 Quid
2861 861 3003 915 enim
3036 862 3215 916 verbis
3246 875 3383 930 opus

1807 967 1928 1007 cum
1967 967 2053 1008 res
2074 951 2417 1008 sumcerent?
2443 968 2628 1007 verum
2652 962 2708 1007 ut
2735 954 3007 1022 quaerendi
3037 953 3381 1008 occasionem

1806 1045 2074 1114 praeberet
2115 1055 2279 1115 alque
2329 1045 2607 1105 discendi.
2655 1046 2866 1114 ipsum,
2901 1046 2990 1111 qui
3027 1054 3272 1099 mortuus
3316 1057 3383 1098 ae

1807 1138 1972 1193 humo
1996 1138 2246 1193 conditus
2272 1139 2583 1209 putabatur,
2613 1138 2892 1194 Cbristmn
2925 1138 3126 1200 vivere,
3158 1144 3322 1206 atque
3349 1150 3381 1190 e

1803 1229 1958 1284 caelis
2005 1244 2287 1299 apparere.
2324 1230 2525 1284 Verum
2575 1238 2793 1299 prastat
2834 1228 2972 1298 ipsa,
3027 1228 3224 1297 quibus
3268 1225 3379 1294 lupi

1804 1320 2012 1376 Hebraei
2043 1331 2263 1391 captura
2298 1331 2604 1382 enarratur,
2642 1321 2800 1374 verba
2830 1334 3147 1389 proponere.

1878 1412 2075 1469 Saulus
2100 1428 2292 1473 autem
2318 1412 2491 1466 adhuc
2519 1414 2726 1481 spirans
2754 1414 3015 1466 minarum
3049 1422 3098 1465 et
3137 1410 3297 1466 cautis
3334 1409 3377 1464 '.

1807 1508 2052 1563 Delineat
2084 1522 2283 1572 sermo,
2324 1507 2522 1571 virum,
2573 1508 2649 1560 ira
2692 1520 2754 1560 se
2796 1520 2827 1559 a
2860 1504 3182 1574 praecedenti
3232 1502 3382 1559 cado

1807 1610 2177 1670 rumpentem;
2208 1614 2351 1671 aegre
2373 1601 2550 1655 adhuc
2576 1609 2695 1669 post
2718 1599 2898 1668 jactus
2926 1598 3159 1668 lapidum
3177 1597 3377 1652 ducen.

1809 1705 1916 1750 tem
1961 1694 2244 1763 spiritum,
2302 1706 2447 1747 saevo
2496 1706 2561 1747 ac
2609 1691 2748 1746 truci
2803 1698 3023 1760 aspectu
3066 1688 3375 1751 hominem,

1804 1786 2017 1856 qualem
2063 1801 2186 1843 eum
2240 1786 2562 1856 oportebat,
2592 1784 2683 1853 qui
2724 1785 2896 1854 prima
2938 1780 3233 1853 prophetiae
3278 1796 3377 1850 pa-

1805 1881 2055 1937 triarchae
2088 1880 2330 1949 symbols
2365 1876 2767 1934 retineretullle
2793 1876 2937 1931 enim
2970 1874 3130 1930 morti
3158 1873 3378 1944 propin-

1802 1989 1961 2043 quus,
1994 1988 2116 2028 eum
2155 1971 2293 2027 ﬁlios
2337 1970 2476 2026 lecto
2532 1970 2768 2039 undique
2797 1969 3154 2023 circumstare
3183 1964 3379 2034 jussis—

1803 2077 1908 2134 set,
1938 2065 2140 2135 Spiritu
2172 2062 2533 2135 prophetavit.
2575 2060 2666 2115 Sic
2705 2061 2888 2130 itaque
2929 2057 3254 2113 benedicens
3278 2053 3372 2111 Ju-

1802 2162 1947 2228 dam,
1979 2159 2124 2215 illum
2162 2157 2379 2229 quidem
2416 2154 2807 2224 alloquebatur,
2842 2166 3050 2214 verum,
3096 2158 3149 2204 ut
3179 2148 3380 2217 allego-

1803 2255 1941 2309 riam
1968 2262 2202 2322 spectes,
2228 2248 2505 2305 Christum
2548 2246 2829 2309 laudabat,
2874 2242 2964 2313 qui
3006 2257 3073 2298 ex
3111 2256 3177 2296 eo
3208 2240 3370 2296 foret.

1804 2345 1940 2400 Tum
1981 2359 2108 2399 vero
2144 2342 2371 2412 reliquis
2409 2339 2660 2396 omnibus
2690 2335 3010 2391 vaticinatus
3040 2332 3243 2398 futura,
3281 2345 3380 2400 po-

1803 2450 2007 2495 stremo
2035 2437 2101 2492 ad
2144 2435 2425 2505 Beniamin
2447 2477 2464 2497 ,
2500 2444 2756 2501 tanquam
2789 2438 2950 2484 aetate
2974 2425 3251 2495 juniorem
3288 2439 3379 2479 ve—

1803 2529 1919 2594 nit,
1982 2544 2047 2587 ae
2076 2543 2207 2582 sane
2247 2526 2416 2582 ﬁlium
2464 2524 2679 2593 quidem
2726 2521 3135 2590 alloquebatur;
3190 2529 3379 2571 revera

1802 2630 1985 2679 autem
2036 2620 2356 2691 designabat
2390 2618 2613 2674 Paulum
2640 2657 2655 2681 ,
2684 2630 2844 2685 quem
2883 2612 3130 2669 novimus
3169 2624 3236 2664 es
3262 2608 3382 2676 ejus

1805 2714 1949 2770 tribu
1982 2713 2420 2770 descendentem.
2468 2710 2749 2780 Bsnjamin
2796 2708 2949 2776 lupus
2983 2719 3188 2772 rapax,
3227 2716 3384 2757 mane

1802 2807 2027 2862 comedit
2062 2815 2110 2861 et
2141 2807 2211 2858 ad
2239 2820 2501 2874 uesperam
2543 2802 2822 2856 distribuet
2860 2815 3005 2855 escas
3032 2797 3076 2848 ".
3109 2794 3378 2862 Exquire-

1804 2914 1925 2955 mus
1951 2899 2079 2968 quid
2113 2897 2239 2951 illud
2267 2897 2453 2965 utique
2478 2895 2623 2958 velit,
2653 2909 2805 2947 mane
2823 2890 3116 2952 comedens,
3146 2888 3248 2941 hoc
3271 2894 3379 2950 est,

1804 3000 2141 3061 persecutor,
2166 2990 2257 3059 qui
2282 2990 2335 3042 in
2355 2988 2529 3042 caedes
2544 2988 2784 3039 intentus
2800 2993 2916 3038 erat
2935 3001 2951 3049 ;
2979 2979 3233 3035 fundebat
3256 2992 3380 3031 san—

115 3080 432 3149 (τουτέστι,
471 3075 689 3145 διώξας,
726 3075 1014 3147 φονεύσας,
1053 3075 1249 3145 ἐκχέας
1279 3074 1504 3144 αἵματα,
1538 3088 1702 3143 σκορ-
1727 3112 1747 3166 (

1809 3086 2021 3156 guinem
2042 3123 2058 3147 ,
2093 3083 2242 3137 velut
2267 3094 2482 3151 gregem
2508 3076 2804 3132 Ecclesiam
2850 3072 3053 3128 Christi
3097 3069 3379 3137 disperge-

116 3174 279 3236 κτίσας
302 3172 388 3234 ὡς
408 3169 611 3240 ἀγέλην
632 3167 732 3240 τὴν
770 3168 1136 3239 Ἐκκλησίαν),
1156 3166 1462 3220 τελευταῖον
1488 3165 1703 3233 ἐγένετο
1738 3161 1747 3166 ’

1809 3180 1900 3234 bat
1935 3195 1948 3232 :
1986 3179 2160 3232 bonus
2193 3175 2409 3229 demum
2449 3170 2627 3226 factus
2671 3178 2756 3225 est
2802 3175 3017 3237 pastor,
3051 3161 3380 3232 abjectoque

113 3266 315 3334 νομεὺς
346 3264 445 3317 καὶ
478 3260 682 3333 ποιμὴν
708 3260 933 3329 ἀγαθὸς,
964 3258 1302 3330 ἀποθέμενος
1331 3256 1421 3311 τὸν
1447 3255 1701 3327 διώκτην,

116 3357 203 3408 καὶ
227 3352 609 3422 ἐνδυσάμενος
634 3351 726 3403 τὸν
759 3349 1055 3403 ἀπόστολον
1081 3365 1094 3379 ⁸
1127 3351 1262 3403 πᾶσι
1293 3348 1350 3402 δὲ
1384 3348 1462 3412 ὡς
1499 3346 1703 3419 τροφὴν

114 3448 394 3517 διανέμων
446 3445 538 3498 τὸν
583 3443 769 3514 νόμον,
823 3443 919 3495 καὶ
961 3440 1060 3514 τὴν
1111 3442 1273 3511 ἁγίαν
1317 3443 1447 3512 ἡμῖν
1501 3439 1703 3511 ταύτην

119 3538 492 3611 ἱδρυσάμενος
519 3534 828 3608 τράπεζαν.
872 3534 937 3588 Ἦ
969 3533 1078 3606 γὰρ
1106 3532 1198 3587 τοῦ
1237 3532 1443 3604 Κυρίου
1475 3530 1704 3602 δύναμις

117 3632 370 3701 τοιαύτη,
411 3627 786 3698 ἀφοπλιζουσα
821 3625 915 3680 τοῦ
950 3625 1124 3697 θυμοῦ
1161 3626 1256 3679 καὶ
1284 3625 1391 3678 τῶν
1428 3623 1704 3678 δυσσεδῶν

121 3723 411 3797 νοημάτων
437 3720 564 3783 τοὺς
596 3716 1006 3784 στασιάζοντας,
1036 3715 1421 3787 προσαγομένη
1444 3715 1502 3768 δὲ
1532 3714 1706 3786 εὐμη-

119 3822 324 3884 χάνως,
364 3812 463 3866 καὶ
499 3810 918 3876 τιθασσεύουσα,
955 3810 1050 3864 καὶ
1090 3808 1340 3881 πρόϐατα
1369 3808 1553 3879 ἥμερα
1585 3807 1704 3861 ἀντὶ

122 3906 331 3978 θηρίων
360 3903 668 3957 δακνόντων
693 3900 1058 3977 ἐργαζομένη.
1108 3901 1231 3955 Ἐπὶ
1263 3899 1491 3964 τούτοις,
1516 3899 1570 3951 τί
1599 3915 1704 3968 φη-

126 4014 201 4051 ς;ν
238 4000 277 4069 ἡ
322 3996 546 4068 Γραφή;
602 3997 686 4049 ὅτι
753 3993 1114 4065 Προσελθὼν
1142 3991 1223 4058 τῷ
1262 3991 1539 4063 ἀρχιερεῖ,
1568 3990 1708 4061 ᾐτή-

124 4108 272 4145 σατο
308 4091 450 4157 παρ’
489 4087 677 4142 αὐτοῦ
712 4087 1039 4154 ἐπιστολὰς
1072 4088 1163 4153 εὶς
1201 4085 1522 4157 Δαμασκὸν
1556 4084 1707 4153 πρὸς

125 4184 227 4249 τὰς
274 4181 659 4251 συναγωγὰς,
697 4180 858 4248 ὅπως
890 4179 1035 4247 τοὺς
1079 4179 1474 4249 Χριστιανοὺς
1514 4178 1705 4251 ἀγάγῃ

124 4274 189 4328 ἐν
225 4272 654 4343 Ἰερουσαλήμ.

194 4369 262 4420 Ὦ
300 4366 453 4438 μάχη
503 4366 597 4419 καὶ
632 4364 866 4437 διαφορὰ
903 4363 1221 4430 ἐπιστολῶν,
1258 4363 1368 4419 τῶν
1401 4364 1523 4419 τότε
1555 4364 1707 4437 παρὰ

1809 3274 1954 3343 quod
1987 3280 2106 3326 erat
2130 3265 2517 3339 persecutoris,
2543 3262 2843 3333 apostolum
2869 3258 3076 3325 induit;
3111 3253 3381 3310 universis

1802 3380 1934 3421 vero
1977 3375 2231 3433 tanquam
2263 3376 2422 3417 escas
2472 3359 2644 3426 legem
2684 3351 2999 3415 distribuit,
3043 3358 3206 3418 atque
3241 3348 3382 3400 hanc

1804 3458 1962 3515 nobis
1991 3470 2202 3511 sacram
2234 3467 2481 3509 mensam
2509 3449 2706 3521 posuit.
2734 3445 2883 3503 Talis
2909 3442 3109 3514 quippe
3139 3454 3202 3493 ac
3233 3446 3379 3492 tanta

1807 3551 2023 3608 exsistit
2051 3551 2143 3605 Dei
2174 3550 2369 3613 virtus,
2399 3555 2458 3601 ut
2491 3546 2570 3599 ira
2601 3541 2894 3612 impiisque
2923 3533 3255 3607 eogitatihus
3279 3544 3378 3587 ceu

1807 3642 1978 3698 armis
2016 3638 2306 3697 seditiosos
2335 3634 2530 3698 nudet,
2558 3632 2821 3700 facileque
2848 3627 3079 3681 adducat
3111 3634 3272 3691 atque
3304 3620 3381 3676 ci-

1806 3744 1984 3799 curet,
2013 3749 2076 3787 ac
2106 3738 2416 3785 mansuetas
2442 3740 2571 3781 oves
2592 3763 2607 3788 ,
2637 3737 2734 3792 pro
2760 3719 2950 3774 bestiis
2979 3729 3161 3770 morsu
3192 3712 3380 3767 luden-

1812 3825 1977 3891 tibus,
2004 3821 2213 3876 reddat.
2236 3817 2375 3886 Quid
2405 3813 2469 3868 ad
2504 3815 2619 3868 bace
2642 3806 2961 3878 Scriptura?
2990 3802 3275 3868 Accedens,
3299 3799 3381 3855 inv

1809 3917 1946 3987 quit,
1981 3915 2049 3970 ad
2083 3912 2370 3983 principem
2391 3906 2747 3969 sacerdotum,
2776 3901 2921 3971 petiit
2953 3897 3018 3952 ab
3048 3911 3107 3951 eo
3133 3892 3379 3985 epistolas

1803 4010 1861 4064 in
1894 4008 2215 4063 Damascum
2243 4004 2312 4058 ad
2338 4014 2666 4074 synagogas,
2706 4004 2765 4050 ut
2796 3991 3127 4072 Christianos
3168 3987 3378 4042 duceret

1804 4102 1861 4155 in
1901 4095 2260 4154 Hierusalem.

1878 4367 1924 4425 Ο
1953 4379 2129 4440 pugna
2160 4372 2326 4434 atque
2349 4359 2662 4424 discrimen,
2691 4367 2900 4419 earum,
2921 4362 3057 4421 quas
3084 4356 3212 4401 tunc
3242 4342 3382 4398 Pau-

127 4460 340 4514 Παύλου
357 4456 730 4528 ζητουμένων,
747 4456 959 4511 καὶτῶν
975 4455 1042 4522 ἃς
1059 4457 1149 4511 τὸν
1161 4456 1396 4529 Χριστὸν
1409 4456 1709 4526 καταγγέλ-
1737 4459 1747 4513 l

1809 4460 1894 4517 lus
1937 4457 2200 4531 epistolas
2251 4452 2601 4526 requirebat,
2642 4460 2972 4514 earumque,
3008 4455 3145 4512 quas
3194 4447 3380 4531 postea

129 4553 227 4605 λων
254 4551 489 4622 ὕστερον
512 4549 784 4621 ἔγραψενί
813 4551 879 4603 Δί
905 4550 1003 4622 μὲν
1036 4549 1298 4621 ἐδέσμουν
1319 4550 1705 4621 Χριστιανοὺς,

130 4645 182 4694 αἱ
206 4643 263 4696 δὲ
292 4642 397 4705 τὰς
427 4637 648 4704 ἁλύσεις
680 4640 777 4704 τὰς
823 4641 965 4714 ὑπὲρ
993 4639 1232 4714 Χριστοῦ
1264 4641 1600 4715 περιέθηκαν
1629 4642 1710 4715 τῷ

130 4735 325 4810 διώκτῃ
363 4734 593 4799 πολλὰς,
624 4734 719 4789 καὶ
749 4733 995 4806 βαρείας,
1034 4736 1127 4789 καὶ⁵
1154 4734 1398 4806 χαλεπάς
1429 4737 1671 4804 ἐνεγκεῖν
1691 4752 1705 4766 ·

133 4830 284 4882 κάκεῖ
329 4827 439 4898 μὲν
479 4825 818 4898 ἐγέγραπτο·
862 4826 1075 4891 Παῦλος
1122 4827 1392 4899 Ἐϐραῖος,
1422 4827 1516 4881 τοῦ
1544 4829 1709 4899 νόμου
1753 4854 1757 4865 ι

136 4921 467 4992 προστάτης,
504 4917 698 4990 ἐχθρὸς
727 4918 820 4973 τοῦ
852 4918 1108 4992 σταυροῦ,
1142 4918 1237 4973 τοῦ
1264 4919 1595 4990 Εὐαγγελίου
1617 4938 1710 4974 πο-

96 5010 345 5084 ἏλέμῑοΨ
397 5012 455 5063 έν
505 5010 561 5063 δὲ
619 5012 742 5075 ταῖς
785 5011 1275 5084 μεταγενεστέραις
1335 5011 1706 5077 Ἐπιστολαϊςο

112 5060 373 5170 1Πιέιῆῦλῖος·
389 5101 613 5169 δοῦλος
635 5060 827 5171 Ἰηόνοζῦ
838 5060 1115 5171 Χρίστοῦι.
1134 5060 1295 5157 ﬂuido
1311 5120 1325 5169 ;
1339 5103 1599 5175 Πρόσχες·
1615 5060 1708 5157 τόῦ

137 5194 568 5268 ἐσταυρωμένον.
597 5195 662 5248 ’Ὠ
687 5196 783 5249 τοῦ
811 5196 1115 5268 θαύματοςί
1144 5198 1211 5251 '0
1237 5196 1345 5269 πρὸ
1366 5196 1545 5265 ὀλίγου
1568 5196 1708 5250 livet-

137 5288 230 5353 δας,
274 5289 378 5343 νῦν
418 5288 615 5359 γέγονε
665 5289 960 5362 καύχημα·
1004 5290 1188 5344 καὶτὸ
1240 5289 1705 5361 ὲξουθενούμενον,

139 5387 204 5452 ὡς
234 5390 366 5456 δόξα
396 5390 638 5461 σήμερον
684 5389 1102 5461 μνημονεύεται.
1135 5389 1325 5452 Οὐδεὶς
1359 5387 1466 5461 γὰρ
1493 5387 1701 5453 δοξοκό-

142 5492 230 5542 εοος
290 5477 391 5530 καὶ
424 5477 672 5549 γαυριῶν
717 5478 968 5558 βασιλεὺς
1019 5480 1193 5544 οὕτως
1229 5478 1602 5550 ὲνεπόμπευσε
1638 5481 1706 5550 τῇ

144 5568 459 5640 αριφανείᾳ
490 5570 594 5641 τῆς
624 5570 819 5643 ἀρχῆς,
854 5571 933 5637 ὡς
975 5571 1189 5637 Παῦλος
1229 5571 1311 5646 τῷ
1352 5571 1572 5646 σταυρῷ
1613 5572 1708 5626 καὶ

1806 4528 2081 4609 Christum
2109 4546 2472 4610 annuntians,
2506 4538 2756 4611 scripsit!
2788 4536 2895 4593 Illa:
2928 4533 3146 4606 quidem
3180 4528 3381 4584 vincie-

1809 4648 1939 4701 bant
1985 4643 2362 4705 Christianos;
2416 4640 2500 4694 ba:
2544 4645 2746 4698 autem,
2785 4631 3006 4694 multas,
3058 4636 3380 4698 gravesque,

1808 4748 1973 4809 atque
2017 4736 2276 4792 molestas
2298 4741 2524 4789 catenas
2544 4727 2749 4785 Christi
2778 4740 2939 4780 causa
2960 4718 3234 4783 ferendas,
3260 4730 3385 4786 per-

1806 4829 2045 4886 secutori
2095 4828 2428 4899 iniecerunt;
2475 4833 2638 4893 atque
2682 4823 2735 4876 in
2785 4819 2889 4875 illis
2933 4815 3193 4899 scriptum
3240 4817 3383 4875 erat,

1809 4922 2009 4978 Paulus
2054 4920 2314 4977 Hebraeus
2371 4918 2506 4989 legis
2549 4914 2839 4978 defensor,
2884 4909 3136 4965 inimicus
3174 4894 3381 4968 'crucis,

1806 5014 2085 5084 Evangelii
2123 5014 2327 5079 hostis;
2361 5012 2413 5066 in
2460 5005 2857 5081 posterioribus
2887 5012 3066 5058 autem
3093 4995 3379 5067 Epistolis:

1807 5105 2010 5160 Paulus
2021 5121 2196 5160 seruus
2217 5103 2344 5160 Iesu
2361 5102 2555 5159 Christi
2571 5100 2615 5153 ⁸.
2640 5094 2964 5167 Cuiusnam?
2989 5107 3139 5162 rogo.
3164 5088 3382 5158 Utique.

1815 5195 2082 5249 cruciﬁxi.
2108 5194 2154 5251 Ο
2183 5194 2538 5250 miraculum!
2566 5191 2720 5258 Quod
2763 5188 2921 5260 paulo
2953 5196 3077 5241 ante
3123 5183 3383 5252 probrum

1814 5287 1939 5353 fuit,
1968 5304 2111 5344 nunc
2138 5287 2278 5343 facta
2308 5298 2390 5343 est
2413 5285 2696 5357 gloriatio;
2731 5282 2981 5353 quodque
3004 5274 3382 5347 spernebatur,

1816 5382 2001 5451 gloriae
2030 5380 2191 5436 hodie
2224 5380 2378 5436 titulo
2424 5386 2778 5433 memoratur.
2809 5372 2994 5428 Nullus
3030 5369 3173 5424 enim
3202 5365 3386 5451 gloria:

1818 5474 2007 5529 avidus
2036 5489 2099 5529 ac
2126 5472 2389 5544 superbus
2432 5485 2526 5525 rex
2545 5509 2562 5535 ,
2592 5468 2803 5537 imperii
2837 5466 2972 5519 adeo
2997 5476 3058 5517 se
3083 5456 3388 5530 splendori-

1817 5565 1917 5621 bus
1947 5564 2171 5636 jactavit
2206 5580 2271 5622 ac
2308 5563 2520 5630 extulit,
2561 5568 2725 5632 atque
2751 5556 2954 5613 Paulus
2983 5565 3144 5611 cruce
3186 5559 3244 5606 ct
3277 5547 3386 5604 cla-

207 5750 229 5782 ⁸
265 5748 382 5803 Act.
417 5766 496 5812 ts.
528 5750 580 5808 4.
663 5749 684 5780 ⁸
723 5749 847 5806 ibid.
882 5752 909 5811 ,l
943 5764 1062 5816 sua.
1197 5748 1329 5807 Gen.
1372 5767 1520 5818 χιιι,
1551 5752 1645 5807 27.
1723 5754 1744 5785 ⁸

1809 5753 1940 5806 tom.
1978 5766 2016 5818 ι,
2052 5750 2105 5804 l.
