3856 6274
435 252 544 317 ΞΒἹ
1715 260 1772 317 S.
1813 261 2092 319 ASTERII
2130 263 2432 321 AMASENI
3617 264 3751 320 238

443 377 559 443 vis;
585 389 678 445 qui
705 387 769 430 se
788 373 1043 430 omnibus
1072 372 1315 431 vinetum
1349 373 1617 432 scriberet
1638 376 1664 410 '
1698 393 1713 431 :
1747 380 2028 449 magisque
2055 433 2061 443 ,

2171 383 2241 445 οἷς
2262 381 2435 452 ἥλοις,
2461 395 2688 453 γράφων
2708 379 2900 435 ἐαυτὸν
2930 380 3063 434 πᾶσι
3090 377 3396 457 δεσμώτην,
3424 378 3526 433 καὶ
3556 378 3756 435 πλέον

441 467 552 524 sibi
578 467 693 537 ipse
719 463 871 521 ferro
894 464 1158 536 placeret,
1192 481 1357 537 quam
1382 466 1576 538 puella:
1608 469 1807 524 mundo
1837 484 2022 524 aureo.

2171 473 2206 543 ᾧ
2237 473 2440 544 σιδήρῳ
2470 472 2889 545 καλλυνόμενος,
2926 470 2960 542 ἢ
2994 473 3051 527 ai
3089 470 3250 544 κόραι
3289 469 3369 543 τῷ
3414 470 3756 543 κοσμοῦντι

2128 567 2337 640 χρυσῷ.

2213 660 2544 730 Ἐξίιίφνης
2568 676 2632 713 τε
2662 657 3115 730 περιήστραψεν
3139 661 3326 716 αὐτὸν
3356 660 3481 731 φῶς
3504 662 3580 716 ἐκ
3619 661 3752 717 τοῦ

2132 753 2415 821 οὐρανοῦ.
2451 751 2551 806 Διὰ
2581 752 2635 806 τί
2662 754 2723 805 οὐ
2753 752 3002 821 φαίνεται
3029 752 3177 823 αύτῷ
3204 754 3261 806 ἐν
3291 756 3472 826 μορφῇ
3504 754 3752 827 ἀνθρὼ-

2134 863 2262 908 που,
2299 843 2491 914 ὥσπερ
2537 843 2631 897 καὶ
2662 843 2921 916 Στεφάνῳ
2963 845 3028 897 ἐκ
3071 843 3163 898 τοῦ
3206 844 3459 917 ούρανοῦ,
3511 846 3640 899 ἀλλ’
3678 848 3751 899 ἐν

2134 935 2267 990 εῖδει
2296 936 2487 1009 πυρὸς,
2523 937 2557 1008 ἢ
2599 937 2805 1006 φωτός;
2833 937 2957 991 Ὅτι
2988 938 3247 1010 Στεφάνῳ
3274 939 3392 1008 μὲν,
3419 938 3495 1004 ὡς
3529 938 3750 1010 τελείῳ

2136 1030 2232 1084 καὶ
2258 1030 2422 1083 εἰδότι
2451 1029 2623 1101 τὸτῆς
2653 1029 3123 1102 ἐνανθρωπήσεως
3159 1033 3477 1104 μυστήριον.
3499 1031 3603 1085 καὶ
3634 1049 3748 1102 μη-

2136 1122 2225 1177 δὲν
2266 1121 2622 1194 βλαπτομένῳ
2666 1124 2731 1176 ἐκ
2769 1122 2871 1194 τῆς
2910 1123 3188 1188 εὐτελείας
3231 1123 3334 1194 τῆς
3386 1122 3511 1177 καθ’
3550 1125 3745 1195 ἡμᾶς,

458 1225 609 1271 recte
635 1229 693 1270 se
719 1228 781 1269 ea
815 1212 988 1267 forma
1010 1212 1268 1275 ostendit,
1296 1225 1401 1279 qua
1438 1211 1492 1265 in
1526 1213 1726 1266 coelum
1755 1210 2038 1267 ascendis-

2171 1212 2319 1276 αλῶς
2370 1211 2546 1276 οὕτως
2599 1211 2791 1266 ἐαυτὸν
2842 1211 3165 1281 ἐπεδείκνυ,
3234 1213 3425 1287 ὥσπερ
3483 1210 3584 1268 οὖν
3640 1215 3752 1267 καὶ

458 1317 583 1362 set:
615 1305 784 1359 Paulo
808 1314 1018 1370 autem,
1055 1313 1114 1358 ut
1144 1303 1236 1371 qui
1280 1303 1402 1358 ideo
1437 1302 1623 1359 Jesum
1674 1303 1841 1359 nollet
1869 1303 2038 1358 Deum

2171 1305 2372 1376 ινῆλθεν
2406 1306 2498 1359 ἐπὶ⁵
2541 1306 2633 1359 τὸν
2666 1305 2930 1378 οὐρανόν·
2966 1306 3163 1378 Παύλῳ
3213 1306 3292 1370 δέ,
3333 1307 3409 1371 ὠς
3446 1306 3539 1361 διά
3568 1307 3750 1361 τοῦτο

461 1399 772 1469 appellare,
819 1395 960 1466 quod
1009 1396 1062 1449 in
1111 1409 1343 1465 corpore
1396 1394 1465 1449 ad
1526 1410 1623 1451 nos
1690 1396 2038 1462 advenisset,

2171 1399 2219 1472 ιὴ
2244 1399 2660 1472 καταδεχομένῳ
2682 1399 2816 1453 Θεὸν
2845 1398 3135 1470 ὀνομάζειν
3155 1399 3245 1454 τὸν
3282 1398 3515 1471 Ἰησοῦν,
3535 1400 3747 1472 ἐπειδὴ

466 1491 880 1561 haudquaquam
931 1496 1155 1560 apparet
1197 1487 1395 1551 homo,
1437 1496 1497 1540 ut
1528 1503 1596 1543 ne
1643 1488 1840 1544 inﬁdeli
1870 1489 2040 1543 offen-

2172 1510 2201 1546 ν
2233 1491 2445 1564 σίῦματι
2476 1492 2810 1564 παρεγένετο
2853 1492 2993 1565 πρὸς
3026 1492 3194 1563 ἡμᾶς,
3238 1491 3301 1545 οὐ
3342 1490 3603 1562 φαίνεται
3636 1491 3749 1545 ἄν-

430 1583 674 1639 ἐἰοιιειιι
730 1591 957 1652 augeat,
1013 1580 1108 1637 sed
1160 1578 1341 1647 potius
1390 1580 1442 1632 in
1490 1579 1718 1651 fulguris
1762 1582 1944 1652 specie
1978 1597 2044 1637 ac

2171 1601 2381 1658 ιρωπος,
2418 1586 2508 1640 ἵνα
2555 1584 2629 1657 μὴ
2674 1584 2945 1657 βεϐαιώσῃ
2989 1584 3205 1656 ἀπίστῳ
3252 1585 3312 1638 τὸ
3360 1585 3745 1656 πρόσκομμαθ

466 1675 627 1744 ignis,
656 1688 762 1744 quo
808 1688 838 1728 a
877 1675 997 1744 lege
1024 1684 1079 1729 et
1108 1673 1292 1744 Moyse
1318 1689 1438 1729 eam
1472 1675 1772 1744 pertrahat.
1810 1672 1947 1729 Nam
1988 1683 2043 1731 et

2171 1676 2281 1730 ιλλὰ
2329 1675 2529 1747 μᾶλλον
2563 1677 2621 1729 ἐν
2668 1675 2782 1748 ἰδέα
2833 1675 3120 1747 ἀστραπῆς
3167 1675 3261 1728 καὶ
3312 1674 3520 1746 πυρὸς,
3562 1673 3638 1727 ἶν’
3674 1676 3750 1730 ἐκ

466 1738 576 1819 illic
603 1738 743 1820 idem
777 1764 892 1835 ipse
927 1738 1065 1820 heus
1104 1738 1269 1836 Mopsi
1302 1738 1590 1837 apparens,
1624 1765 1676 1819 in
1709 1767 1832 1837 igne
1858 1765 2043 1836 loqnea

2171 1768 2242 1822 τοῦ
2264 1738 2430 1841 νόμου
2467 1738 2885 1835 καὶκΜωῦσέως
2923 1738 3088 1821 αὐτὸν
3126 1738 3517 1838 ἐφελκύσηταιξ
3553 1767 3749 1820 Κάκεῖ

470 1859 652 1923 batur,
685 1875 749 1914 ac
777 1875 902 1915 cum
934 1859 1107 1928 legem
1134 1859 1289 1914 daret
1314 1861 1367 1914 in
1397 1867 1580 1915 monte
1608 1858 1760 1923 Sina,
1792 1861 1901 1931 igni
1933 1859 2048 1915 col-

2171 1859 2263 1933 [ὰρ
2295 1862 2324 1915 ὁ
2363 1860 2526 1925 αὐτὸς
2567 1855 2721 1924 οὗτος
2759 1859 2912 1923 Θεὸς,
2946 1858 3024 1931 τῷ
3053 1860 3280 1913 Μωῦσεῖ
3304 1859 3648 1930 ἐμφανίζων,
3681 1861 3748 1913 ἐν

468 1951 705 2007 lustrans
731 1951 1037 2020 Hebraeum,
1071 1951 1282 2007 tabulas
1326 1953 1375 2008 ei
1415 1954 1469 2006 in
1502 1967 1694 2006 manus
1725 1950 1909 2007 dabat.
1941 1952 2048 2006 Ita-

2171 1954 2287 2025 τυρὶ
2332 1952 2509 2007 ἐλάλει
2531 1969 2544 1983 '
2564 1952 2671 2007 καὶ
2691 1953 2783 2006 τὸν
2805 1953 2968 2024 νόμον
2992 1952 3167 2015 διδοὺς
3184 1954 3277 2006 ἐπὶ
3301 1949 3393 2005 τοῦ
3420 1954 3574 2018 Σινᾱ,
3602 1952 3749 2023 πυρὶ

469 2057 576 2112 que
621 2045 897 2115 perfundit
950 2044 1192 2112 lumine,
1245 2054 1304 2099 ut
1357 2059 1537 2099 rerum
1598 2053 1727 2099 tunc
1781 2059 1845 2099 ac
1892 2045 2050 2100 modo

474 2146 754 2209 gestarum
792 2135 1132 2191 similitudini
1157 2135 1417 2204 adjiciens
1444 2135 1715 2201 animum;
1755 2149 1877 2191 sese
1906 2134 2051 2190 velut

470 2246 539 2286 ex
586 2227 819 2300 quadam
866 2227 1134 2283 oblivione
1177 2237 1449 2292 excitans,
1504 2224 1747 2296 ejusdem
1797 2226 2054 2296 potentiae

475 2321 686 2377 divinas
711 2320 1077 2391 apparitiones
1098 2329 1373 2391 agnoscat.
1398 2319 1558 2373 Mittit
1581 2328 1763 2373 autem
1789 2318 2051 2387 fulgorem

475 2410 542 2465 de
561 2410 721 2473 celo,
747 2418 807 2464 ut
836 2424 905 2464 ne
929 2407 1040 2477 iam
1067 2409 1266 2464 Paulus
1290 2408 1471 2464 animo
1493 2422 1719 2465 versans
1741 2407 2051 2465 Bethlehem

476 2514 540 2554 ac
572 2498 880 2564 Galilaeam,
927 2498 1093 2553 filium
1134 2499 1348 2555 Davidis
1395 2513 1460 2554 ac
1503 2498 1780 2554 hominem
1823 2499 2056 2568 appellet

473 2590 784 2658 Christum,
835 2606 900 2647 ac
942 2591 989 2646 si
1017 2606 1122 2662 qua
1156 2591 1263 2646 alia
1319 2592 1540 2646 nomina
1571 2600 1699 2647 sunt
1727 2591 1795 2647 ad
1828 2604 2054 2647 (econo-

478 2684 642 2739 miam
667 2683 1002 2752 spectantia;
1038 2683 1214 2754 palam
1268 2697 1394 2739 vero
1432 2684 1724 2748 doceatur,
1757 2698 1883 2738 cum
1917 2682 2057 2738 Deus

479 2771 533 2827 in
575 2771 731 2827 caelis
773 2780 955 2838 esset,
1002 2771 1131 2828 inde
1162 2771 1228 2828 ad
1276 2787 1374 2829 nos
1408 2773 1653 2840 venisse,
1708 2774 1852 2829 unde
1892 2774 2055 2830 etiam

480 2875 625 2917 nunc
649 2869 897 2932 apparet.

521 658 591 716 Et
625 661 801 716 subito
828 661 1179 731 circumfulsil
1221 678 1338 717 eum
1363 662 1458 717 luo:
1482 662 1547 717 de
1581 661 1728 718 mlo.
1755 662 1949 733 Quidni
1980 664 2031 720 ei

443 768 674 824 apparet
717 756 771 810 in
805 756 978 810 forma
1011 755 1249 810 hominis
1272 795 1289 820 ,
1340 755 1418 810 uti
1451 756 1734 826 Stephano
1777 756 1844 812 de
1893 758 2032 815 coelo

451 850 724 918 apparuit,
755 850 848 904 sed
880 850 933 903 in
982 849 1125 918 ignis
1169 848 1350 917 specie
1381 858 1543 917 atque
1574 849 1833 904 luminis?
1857 848 2032 906 Nimi—

457 957 597 1007 rum,
636 941 915 1010 Stephano
947 942 1190 1011 quidem,
1223 951 1478 1012 tanquam
1519 942 1609 1011 qui
1641 941 1913 1008 perfectus
1949 959 2035 1000 es-

452 1042 561 1098 set,
597 1034 872 1101 probeque
910 1029 1306 1085 lncarnationis
1336 1030 1654 1100 mysterium
1687 1039 1908 1097 nosset,
1935 1045 2036 1085 nec

457 1125 641 1179 damni
677 1123 882 1194 aliquid
907 1138 972 1177 ex
1001 1123 1237 1177 humana
1278 1120 1486 1175 vilitate
1514 1130 1835 1191 accepturus
1867 1130 2034 1189 esset,

2152 2044 2526 2115 καταλάμπων
2575 2045 2665 2097 τὸν
2722 2044 3002 2116 Ἐϐραίον,
3042 2043 3337 2116 ἐνεχείριζε
3377 2045 3476 2108 τὰς
3518 2045 3747 2109 πλάκας

2152 2137 2320 2209 αύτῷ.
2355 2137 2721 2210 Περιαυγάζει
2745 2138 2923 2192 τοίνυν
2952 2137 3135 2203 αὐτὸν,
3160 2140 3248 2192 ἵνα
3274 2138 3363 2192 τὸν
3389 2139 3513 2191 νοῦν
3538 2137 3746 2192 ἐπιϐα-

2152 2230 2259 2285 λὼν
2302 2231 2410 2284 τῶν
2437 2231 2559 2285 τότε
2589 2231 2897 2303 γενομένων
2926 2234 2992 2309 τῇ
3032 2232 3311 2304 ὁμοιότητι
3341 2233 3437 2286 καὶ
3476 2231 3595 2292 νῦν,
3648 2233 3748 2285 καὶ

2153 2323 2347 2395 ὥσπερ
2379 2326 2443 2377 ἐκ
2488 2323 2657 2395 λήθης
2696 2325 2841 2388 τινὸς
2886 2324 3078 2379 ἐαυτὸν
3125 2325 3457 2395 άφυπνίσας,
3490 2327 3745 2399 γνωρίσῃ

2154 2415 2256 2485 τῆς
2289 2417 2419 2487 μιᾶς
2443 2414 2729 2487 δυνάμεως
2753 2417 2880 2471 ὄντα
2909 2418 2979 2471 τὰ
3004 2418 3292 2488 θεοφάνια·
3331 2417 3653 2472 ἀποστέλλει
3682 2417 3745 2471 δὲ

2158 2505 2219 2571 ἐξ
2251 2506 2484 2579 ούρανοῦ
2511 2507 2608 2579 τὴν
2636 2507 2829 2579 αύγὴν,
2860 2508 2948 2561 ἴνα
2982 2509 3178 2579 μηκέτι
3210 2509 3338 2581 περὶ
3362 2508 3461 2580 τὴν
3488 2508 3745 2581 Βηθλεέμ

2158 2599 2253 2651 καὶ
2283 2598 2381 2670 τὴν
2410 2597 2704 2653 Γαλιλαίαν
2734 2600 3100 2671 στρεφόμενος
3121 2603 3187 2672 τῇ
3219 2600 3427 2671 διανοίᾳ
3445 2603 3472 2654 ό
3500 2599 3743 2664 Παῦλος,

2157 2690 2276 2744 υἱὸν
2299 2689 2394 2744 τοῦ
2429 2691 2592 2745 Δαϐὶδ
2629 2692 2872 2765 ὀνομάζῃ
2902 2692 2994 2746 τὸν
3036 2692 3273 2764 Χριστὸν
3305 2693 3398 2746 καὶ
3430 2692 3743 2765 ἄνθρωπον,

2158 2781 2256 2836 καὶ
2279 2782 2457 2836 πάντα
2485 2782 2554 2836 τὰ
2590 2781 2747 2846 ἄλλα,
2774 2781 2843 2836 τά
2873 2785 2972 2854 τῆς
3010 2783 3323 2853 οἰκονομίας
3351 2781 3624 2853 ὀνόματα·
3658 2780 3742 2833 δι-

2157 2874 2329 2948 δαχθῆ
2360 2875 2417 2929 δὲ
2446 2874 2652 2945 σαφῶς,
2677 2876 2758 2929 ὅτι
2792 2874 2925 2939 Θεὸς
2957 2874 3034 2928 ὢν
3064 2875 3300 2942 ἄνωθεν,
3331 2873 3559 2944 ἀφίκετο
3600 2874 3741 2946 πρὸς

2160 2960 2328 3031 ἡμᾶς,
2359 2960 2481 3014 ὅθεν
2508 2962 2602 3013 καὶ
2627 2959 2721 3015 νῦν
2753 2958 3117 3031 ἐπιφαίνεται.

553 3039 688 3097 Tum
712 3042 863 3097 clare
884 3042 1033 3097 addit
1059 3060 1073 3097 :
1104 3040 1219 3113 Ego
1249 3059 1366 3099 sum
1395 3040 1579 3100 Iesus.
1612 3043 1823 3101 Nomen
1871 3047 2060 3116 utique

2230 3049 2364 3108 Εἶτα
2414 3052 2738 3125 προστίθησι
2781 3053 2997 3123 σαφῶςδ
3039 3052 3180 3122 Ἐγώ
3206 3054 3323 3122 ειμι
3368 3051 3638 3121 Ἰησοῦς·
3673 3049 3739 3105 τὸ

479 3129 620 3199 ejus,
655 3147 762 3202 qua
793 3148 853 3189 se
888 3134 1046 3189 nobis
1093 3133 1403 3203 inclinavit,
1433 3135 1788 3206 dejectionis,
1809 3148 1870 3194 ut
1897 3138 2058 3195 ﬁdem

2171 3147 2262 3219 τῆς
2304 3145 2767 3215 συγκαταϐόισεως
2811 3146 3013 3218 ὄνομα·
3069 3146 3157 3200 ἵνα
3197 3142 3470 3217 βεϐαιώσῃ
3512 3142 3610 3216 τὴν
3638 3143 3739 3215 τῆς

481 3232 698 3278 astruat
747 3223 1175 3290 Incarnationis,
1228 3225 1294 3279 ad
1342 3240 1505 3295 quam
1554 3227 2065 3284 scandalizabantur

481 3311 674 3369 Judaei.
729 3314 843 3384 Ego
902 3315 992 3369 ille
1036 3330 1179 3380 sum,
1234 3329 1396 3385 quem
1448 3317 1739 3374 credebatis
1794 3317 2062 3389 colaphis,

485 3420 648 3474 quem
704 3403 1083 3476 flagellabatis,
1142 3422 1301 3476 quem
1342 3406 1622 3462 docebatis
1681 3423 1747 3464 ac
1810 3410 2065 3465 traheba-

488 3499 559 3553 tis
597 3515 610 3551 :
660 3500 820 3553 modo
860 3498 1077 3568 quidem
1141 3500 1206 3553 ad
1267 3498 1550 3567 Caipham,
1610 3508 1793 3568 postea
1839 3514 1969 3556 vero
1997 3500 2066 3555 ad

487 3588 752 3653 Pilatum;
781 3602 941 3658 quem
969 3587 1185 3644 assidue
1210 3587 1347 3642 fabri
1378 3587 1545 3642 filium
1573 3589 1884 3653 vocabatis;
1904 3603 2066 3657 quem

489 3681 718 3736 mortuis
759 3679 1150 3744 accensebatis,
1221 3694 1415 3748 magno
1476 3681 1586 3735 risu
1652 3694 1748 3736 eos
1793 3681 2069 3750 excipien-

492 3781 572 3829 tes
611 3787 672 3827 ac
717 3770 1106 3841 explodentes,
1148 3772 1239 3841 qui
1297 3770 1656 3840 pradicarent
1711 3772 2070 3829 resurrectio-

489 3879 636 3921 nem.
694 3864 788 3919 Ille
838 3864 997 3919 modo
1038 3879 1160 3919 cum
1213 3862 1422 3932 loquar,
1474 3877 1581 3918 non
1635 3876 1905 3932 appareo;
1944 3877 2068 3918 cum

491 3957 690 4021 adsim,
719 3970 825 4010 non
865 3955 1052 4010 videor
1079 3975 1094 4009 ε
1126 3954 1365 4008 animum
1396 3952 1737 4020 illuminans,
1764 3951 1939 4008 oculis
1971 3951 2079 4007 οῖς

492 4049 659 4103 fundo
696 4047 965 4102 tenebras.
989 4046 1161 4101 Crede
1183 4061 1314 4117 ergo
1344 4045 1507 4101 etiam
1543 4044 1819 4116 Stephano
1853 4060 1939 4101 me
1971 4058 2070 4115 ap-

494 4143 738 4212 paruisse
771 4140 837 4207 “,
867 4139 1083 4208 quando
1119 4139 1164 4194 is
1194 4139 1245 4193 id
1278 4138 1428 4195 vobis
1464 4139 1650 4194 dicens
1689 4140 1911 4194 minime
1950 4153 2072 4193 cre-

492 4232 745 4289 debatur.
784 4230 989 4285 Durum
1019 4245 1151 4301 ergo
1182 4230 1274 4285 tibi
1314 4241 1389 4285 est
1416 4242 1598 4284 contra
1642 4230 1915 4285 stimulum
1955 4229 2067 4284 cal-

491 4325 709 4381 citrare.
734 4322 1022 4378 Stimulum
1053 4323 1222 4387 dicit,
1253 4322 1437 4378 clavos
1481 4322 1678 4379 crucis.
1708 4321 2073 4390 Quemadmo-

2167 3237 2499 3311 σαρκώσεως
2525 3239 2736 3304 πίστιν,
2755 3239 2893 3311 πρὸς
2911 3240 2979 3311 ἢν
3009 3239 3253 3293 Ἰουδαῖοι
3275 3237 3734 3301 ἐσκανδαλίζοντο.

2176 3329 2320 3400 Ἐγώ
2345 3332 2463 3402 είμι
2494 3329 2813 3396 ἐκεῖνος,’ὸν
2854 3327 3201 3402 ἐρραπίζετε,
3227 3327 3287 3381 ὃν
3317 3325 3731 3399 ἐφραγελλοῦτε,

2165 3424 2223 3480 δν
2246 3424 2455 3479 εἰλκετε
2482 3426 2577 3480 καὶ
2598 3425 2844 3498 ἐφέρετε,
2870 3424 2963 3480 νῦν
2995 3424 3092 3496 μὲν
3122 3424 3257 3495 πρὸς
3276 3425 3554 3494 Καϊάφαν.
3580 3421 3735 3475 bare-

2171 3536 2262 3590 ρον
2301 3519 2359 3573 δὲ
2398 3518 2535 3591 πρὸς
2566 3520 2833 3575 unam-
2867 3518 2926 3571 ὃν
2967 3517 3290 3573 άπεκαλεῖτε
3338 3515 3575 3587 συνεχῶς
3620 3515 3737 3569 υἱὸν

2166 3610 2262 3665 τοῦ
2292 3610 2561 3678 τέκτονος,
2597 3610 2655 3664 ὃν
2683 3612 2743 3664 ἐν
2765 3612 2876 3675 τοῖς
2901 3613 3116 3683 νεκροῖς
3149 3609 3456 3681 ἠριθμεῖτε,
3486 3607 3740 3679 γελῶντες

2172 3703 2387 3775 μεγάλα
2412 3702 2549 3773 πρὸς
2562 3703 2690 3767 τοὺς
2719 3703 3090 3776 κηρύττοντας
3108 3701 3208 3774 τὴν
3229 3701 3544 3756 ἀνάστασιν.
3579 3701 3735 3753 Ἐκεῖ-

2169 3814 2259 3862 νος
2304 3796 2399 3851 νῦν
2436 3796 2636 3860 λαλῶν,
2667 3798 2730 3851 ού
2775 3796 3074 3869 φαίνομαιο
3117 3794 3329 3867 παρὼν,
3370 3795 3469 3866 οὐχ
3500 3793 3737 3867 ὁρῶμαι*

2170 3890 2418 3962 φωτίζων
2436 3891 2636 3963 ψυχὴν,
2654 3891 2948 3963 ὀφθαλμοῖς
2973 3891 3193 3960 ἐπάγων
3216 3890 3282 3922 ¹⁰”
3309 3888 3624 3959 τυφλότητα.
3648 3886 3739 3939 Πί-

2174 3999 2395 4037 στευσον
2422 3978 2537 4047 οὖν,
2568 3983 2651 4036 ὅτι
2685 3983 2782 4037 καὶ
2814 3980 3073 4052 Στεφάνῳ
3108 3979 3431 4052 ἐφαινόμην,
3474 3978 3559 4031 ὅτε
3591 3975 3739 4029 τοῦτο

2171 4075 2344 4145 λέγων
2370 4075 2506 4148 πρὸς
2533 4076 2679 4147 ὑμᾶς
2731 4075 3029 4143 ἡπιστεῖτο.
3061 4072 3337 4143 Σκληρὸν
3360 4068 3456 4126 οὖν
3483 4086 3578 4125 σοι
3598 4068 3739 4139 πρὸς

2172 4168 2391 4237 κέντρα
2416 4166 2732 4230 λακτίζειν.
2761 4167 2980 4239 Κέντρα
3015 4167 3187 4236 λέγει,
3222 4164 3315 4219 τοῦ
3357 4163 3589 4235 σταυροῦ
3620 4163 3739 4227 τοὺς

2172 4256 2356 4326 ἥλους.
2409 4256 2497 4320 Ὧς
2532 4256 2642 4329 γὰρ
2672 4258 2701 4311 ὁ
2737 4257 2940 4328 σιδήρῳ
2971 4255 3292 4329 τεθηγμένῳ
3329 4254 3737 4329 ἐνρηγνύμενος,

2173 4350 2274 4404 οὐκ
2318 4352 2525 4404 ἐκεῖνον
2559 4350 2859 4422 διαφθείρει
2889 4391 2904 4417 ,
2939 4351 2957 4422 (
2984 4351 3102 4416 πῶς
3140 4351 3250 4423 γὰρ
3290 4350 3383 4405 τὸν
3425 4351 3682 4422 σκληρόν;
3713 4349 3733 4424 )

493 4416 623 4471 dum
652 4416 796 4471 enim
842 4415 933 4485 qui
971 4423 1130 4470 acuto
1181 4412 1328 4470 ferro
1372 4414 1653 4484 impingit,
1689 4415 1821 4471 nihil
1850 4414 2061 4486 quidem

2173 4443 2365 4497 ἐαυτὸν
2404 4443 2463 4496 δέ
2512 4412 2837 4517 τιτρωσκειο
2886 4412 3030 4499 οὕτω
3079 4412 3172 4498 καί
3261 4444 3401 4516 πρὸς
3439 4412 3578 4498 Θεὸν.
3599 4412 3740 4513 φιλο,-

492 4508 875 4573 lzditferrum,
912 4507 1023 4579 (qui
1047 4508 1212 4574 enim,
1244 4522 1366 4563 cum
1392 4508 1465 4563 sit
1493 4510 1683 4563 durum
1705 4521 1770 4563 ac
1800 4507 2078 4580 resistat?)

488 4613 556 4656 se
602 4609 784 4653 autem
826 4598 944 4667 ipse
984 4597 1235 4654 vulnerat
1284 4617 1297 4653 :
1342 4597 1423 4656 sic
1451 4599 1617 4655 etiam
1653 4598 1746 4666 qui
1797 4598 2077 4653 contendit

492 4714 619 4755 cum
660 4697 789 4763 Deo,
820 4697 965 4752 ultro
999 4697 1103 4752 sibi
1138 4696 1421 4751 interitum
1450 4703 1729 4766 provocat.
1757 4691 1877 4749 Jam
1923 4708 2074 4763 ergo,

418 4790 426 4797 ’
497 4792 656 4850 stude
693 4791 873 4861 sapias
898 4805 963 4845 ac
989 4787 1299 4845 emendari:
1320 4828 1337 4853 ,
1364 4787 1612 4858 visuque,
1644 4803 1673 4839 κ
1711 4785 1944 4840 mirabili
1978 4784 2078 4841 illo

500 4866 726 4956 fulgore,
755 4882 977 4945 amisso.
1014 4895 1158 4936 nunc
1189 4894 1311 4935 cum
1343 4878 1538 4949 primis
1566 4876 1840 4948 iatellige,
1869 4876 2077 4946 idcirco

499 4977 742 5034 induisse
761 4990 845 5030 me
868 4988 1085 5044 corpus,
1115 4987 1182 5028 ac
1212 4972 1484 5028 hominem
1514 4970 1716 5027 factum
1745 4982 1889 5035 esse,
1912 4980 1976 5026 ut
2005 4985 2075 5028 ne

499 5084 706 5133 omnes,
727 5066 883 5123 nudae
901 5066 1021 5121 velo
1040 5063 1225 5120 deitati
1248 5069 1687 5123 consuescentes,
1708 5060 1837 5117 caeci
1860 5060 2073 5117 flerent.

571 5160 667 5218 His
692 5159 767 5215 ita
804 5156 977 5228 gestis
999 5156 1300 5226 dictisque,
1332 5169 1400 5210 en
1425 5153 1526 5210 tibi
1560 5151 1760 5209 Paulus
1779 5167 1942 5209 manu
1973 5151 2075 5207 du-

504 5258 747 5320 cebatur,
782 5247 1086 5309 miserabile
1110 5245 1480 5319 Spectaculum
1529 5262 1543 5301 :
1579 5244 1708 5315 quin
1733 5244 1844 5300 imo
1875 5242 2075 5314 jucun-

501 5348 653 5414 dum,
685 5344 992 5415 meritoque
1033 5340 1216 5398 laztitia
1264 5338 1503 5395 alliciens
1550 5337 1813 5393 animum.
1853 5334 2080 5391 Vinctus

502 5448 586 5496 est
616 5439 813 5508 lupus,
851 5435 1151 5505 castigatus
1193 5441 1400 5504 raptor,
1439 5429 1595 5487 ferox
1634 5427 2077 5494 mansuefactus;

503 5531 626 5588 lene
669 5529 955 5587 incedebat
1011 5527 1167 5583 velox
1200 5525 1293 5582 ille
1324 5538 1550 5589 cursor;
1583 5521 1879 5591 discipulus
1908 5519 2081 5576 addu-

574 5759 598 5793 '
637 5758 864 5815 Philem.
898 5757 953 5815 9.
1034 5756 1078 5791 ι’
1114 5757 1236 5813 Act.
1267 5769 1364 5825 vn,
1394 5752 1483 5811 55.
1585 5753 1628 5786 ιο
1667 5752 1753 5809 τον.
1786 5748 1999 5820 ἐπάγω.

2174 4536 2389 4602 νεικῶν,
2419 4536 2742 4610 αὐθαίρετον
2767 4539 3066 4593 ἐπισπᾶται
3089 4538 3182 4593 τὸν
3202 4537 3445 4607 ὸλεθρον.
3468 4536 3737 4608 Σωφρόνη-

2177 4645 2269 4682 σον
2296 4624 2390 4683 οὖν
2417 4629 2510 4683 τοῦ
2556 4630 2770 4700 λοιποῦ,
2813 4631 2907 4685 καὶ
2936 4631 3034 4703 τὴν
3067 4631 3191 4702 ὄψιν
3228 4629 3499 4693 ἀπολέσας
3528 4627 3612 4682 διὰ
3644 4631 3738 4699 τῆς

2176 4712 2498 4786 θαυμαστῆς
2530 4715 2894 4788 λαμπηδόνος,
2931 4715 3026 4771 νῦν
3058 4715 3295 4789 μάλιστα
3317 4716 3530 4788 νόησον,
3554 4715 3630 4768 ὅτι
3655 4714 3739 4770 διὰ

2173 4806 2332 4862 τοῦτο
2357 4808 2694 4880 ἐνεδυσάμην
2724 4809 2906 4881 σῶμα,
2928 4811 3022 4864 καὶ
3045 4810 3312 4882 ἐγενόμην
3335 4808 3432 4863 ἄνθ
3441 4825 3633 4881 ρωπος,
3654 4807 3736 4862 ἵνα

2178 4900 2255 4974 μὴ
2293 4902 2495 4966 πάντες
2531 4901 2908 4972 τυφλωθῶσιν,
2947 4905 2995 4957 οἱ
3031 4905 3213 4977 γυμνῇ
3252 4900 3735 4974 παραπετάσματος

2178 4992 2636 5064 προσομιλοῦντες
2659 4980 2894 5066 θεότητὶ

2247 5145 2471 5204 Ταῦταο
2498 5150 2595 5205 καὶ
2632 5149 3142 5223 χειραγωγούμενος
3201 5152 3232 5205 ό
3262 5151 3474 5216 Παῦλος
3515 5152 3737 5223 ἀπήγετο

2180 5242 2414 5297 ἐλεεινὸν
2430 5242 2637 5314 θέαμα,
2665 5241 2867 5313 μᾶλλον
2885 5244 2940 5299 δέ
2966 5244 3157 5319 χάριεν
3176 5245 3272 5299 καὶ
3298 5244 3562 5316 θυμηδίας
3580 5241 3731 5310 ἄξιον.

2190 5336 2381 5408 Ἐδέθη
2412 5337 2441 5389 ό
2465 5334 2655 5402 λύκος,
2701 5338 3078 5410 ἐσωφρονίσθη
3130 5340 3158 5392 ό
3191 5338 3400 5410 ἅρπαξ.
3435 5335 3676 5410 ἡμερώθη
3708 5338 3735 5390 ὁ

2178 5430 2390 5503 ἄγριος,
2421 5428 2636 5495 ἐϐάδιζε
2662 5430 2854 5503 πράως
2885 5433 2913 5486 ὁ
2962 5431 3200 5504 τρέχων
3235 5433 3482 5503 ἀπήγετο
3516 5430 3735 5503 μαθητὴς

2180 5523 2210 5577 ὸ
2236 5520 2345 5575 τῶν
2390 5519 2653 5592 μαθητῶν
2683 5520 2976 5592 τύραννος·
3006 5522 3170 5593 ἧγετυ
3207 5526 3351 5577 πιεῖν
3374 5521 3471 5577 τοῦ
3505 5521 3652 5577 ἄλλον
3682 5519 3734 5574 τὸ
