3856 6274
112 313 217 371 289

982 313 1265 373 HOMILIA
1304 314 1436 372 Vill.
1472 313 1540 372 IN
1581 316 1681 372 SS.
1719 312 2001 370 PETRUM
2040 317 2126 372 ET
2165 315 2476 376 PAULUM.

3253 321 3366 380 «ιθο

109 430 247 504 αἷμα
277 433 308 486 ὁ
336 431 415 504 τῷ
459 431 651 503 αῐματι
692 431 963 503 Στεφάνου
1008 434 1417 506 μεμολυσμένος
1447 435 1546 500 τὰς
1578 438 1690 506 χεῖ-

1792 435 2036 498 cehatur,
2070 435 2454 505 discipulorum
2496 445 2777 507 tyrannus;
2810 437 3107 494 ducebatur
3134 438 3362 496 alterius

111 542 227 596 ρας.
282 525 410 577 Ἐπὶ
440 527 592 596 τρεῖς
625 525 683 578 δὲ
716 525 928 598 ἡμέρας
962 525 1261 580 διετέλεσεν
1294 527 1352 579 ἐν
1389 527 1683 600 τυφλότητι

111 618 234 682 ζῶν.
277 619 390 672 Καὶ
421 618 566 688 μάλα
593 618 836 682 είκότως.
880 619 939 671 '0
963 619 1070 689 γὰρ
1102 620 1182 683 είς
1207 619 1306 691 τὴν
1344 619 1550 690 Τριάδα
1577 619 1688 672 δια-

112 709 359 779 μαρτὼν,
393 710 620 775 δικαίως
651 710 940 782 ἰσάριθμον
983 711 1347 784 κατεδικάσθη
1379 713 1477 784 τὴν
1509 729 1685 783 τιμω-

110 803 252 872 ρίαν.
1191 818 1213 846 ο

172 892 340 947 Οὕτω
379 893 480 963 μὲν
517 888 612 948 οὖν
643 895 672 948 ό
705 893 991 960 Θεσπέσιος
1047 897 1484 968 ἐμυσταγωγήθη
1546 898 1686 970 πρὸς

106 981 199 1052 τὴν
246 981 559 1036 εὐσέϐειαν.
607 983 824 1055 Ἐπειδὴ
865 985 923 1038 δὲ
965 985 1064 1056 τῆς
1102 987 1357 1058 ἀληθείας
1399 987 1683 1057 ἐγεύσατο,

108 1076 199 1126 καὶ
237 1073 333 1128 διὰ
368 1075 470 1146 τῆς
501 1075 694 1148 πείρας
728 1075 955 1147 ἐμαθεν,
992 1080 1075 1132 ὅτι
1103 1078 1169 1152 ζῇ
1207 1083 1236 1133 ό
1281 1082 1546 1152 Χριστὸς,
1590 1083 1686 1136 καὶ

104 1168 272 1232 ἐστιν,
305 1168 400 1221 καὶ
431 1167 704 1237 βασιλεύει
733 1168 840 1221 τῶν
864 1170 1021 1235 ὅλων,
1049 1171 1173 1224 οῦτε
1201 1172 1258 1225 δέ
1285 1172 1496 1246 ἐφθάρη
1532 1174 1685 1246 παρὰ

103 1259 194 1311 τοῦ
238 1259 497 1324 Θανάτου,
530 1258 652 1312 οὔτε
684 1261 894 1332 ἐκλάπη
927 1261 1078 1333 παρά
1106 1263 1215 1316 τῶν
1263 1263 1552 1334 μαθητῶν·
1583 1282 1681 1318 τα-

102 1350 242 1420 χέως
273 1353 337 1404 ἐκ
376 1350 470 1404 τοῦ
503 1352 665 1422 νόμου
704 1353 1147 1424 μεταταξάμενος
1176 1354 1312 1426 πρὸς
1341 1356 1402 1408 τὸ
1441 1357 1684 1426 Εὐαγγέ-

101 1443 234 1504 λιον,
264 1445 406 1496 πᾶσι
437 1444 771 1514 κατήγγελλε
804 1445 936 1498 Θεὸν
962 1446 1052 1498 τὸν
1079 1447 1333 1520 Χριστὸν,
1361 1448 1419 1501 δν
1440 1447 1567 1518 χθὲς
1589 1449 1684 1502 καὶ

101 1535 299 1605 πρώην
335 1536 595 1606 ἐλοιδόρει
632 1540 750 1601 ταῖς
786 1537 1174 1609 βλασφημίαις,
1215 1541 1309 1593 καὶ
1340 1541 1578 1604 τοιοῦτος
1614 1537 1682 1612 ἦν

104 1628 420 1698 σύμμαχος,
444 1624 554 1692 οἷος
572 1630 664 1683 καὶ
687 1630 944 1701 πολέμιος
965 1647 978 1658 ·
1004 1632 1223 1703 ἰσχυρὸς
1246 1633 1354 1704 γάρ
1373 1633 1678 1706 ἀμφότερα.

110 1719 338 1791 Ἀθρόον
364 1719 421 1772 δέ
447 1722 538 1774 καὶ
562 1721 838 1791 ἀδοκήτως
866 1721 1120 1775 εἰσελθὼν
1140 1725 1219 1786 είς
1237 1724 1336 1787 τὰς
1363 1727 1680 1796 συναγωγάς

1787 525 2016 580 bibitum
2048 529 2390 596 sanguinem,
2421 529 2510 598 qui
2545 527 2805 597 Stephani
2856 531 3120 600 sanguine
3168 547 3364 589 manus

1787 617 2090 686 polluisset.
2128 619 2325 674 Mansit
2356 630 2534 674 autem
2570 621 2636 674 ad
2679 631 2787 676 tres
2815 623 2930 676 dies
2964 638 3159 678 caecus.
3193 623 3363 679 Plane

1785 709 1980 764 merito
2014 728 2028 763 :
2066 712 2156 779 qui
2189 711 2332 765 enim
2381 710 2435 764 in
2469 710 2792 766 Trinitatem
2841 724 3155 784 peccasset.
3193 717 3362 772 trium

1782 797 1905 868 jure
1933 799 2141 856 dierum
2171 800 2358 854 debuit
2391 814 2546 869 piena
2583 801 2760 870 plecti.

1857 890 2011 947 Hunc
2050 893 2438 946 sanemodum
2489 893 2822 948 admirabilis
2869 894 2957 949 ille
2991 896 3056 950 ad
3102 898 3356 965 pietatem

1784 985 2032 1040 eruditus
2077 993 2182 1038 est.
2232 982 2332 1038 Ubi
2360 997 2540 1038 autem
2571 987 2848 1042 veritatem
2881 997 3178 1055 gustasset,
3218 989 3363 1043 didi-

1783 1076 2053 1144 cissetque
2115 1076 2446 1146 experientia
2507 1077 2784 1133 Christum
2852 1080 3068 1146 vivere,
3132 1095 3365 1149 esseque

1786 1183 1849 1223 ac
1881 1169 2258 1222 universorum
2294 1169 2596 1234 dominari;
2634 1183 2732 1224 nec
2760 1185 2791 1224 a
2825 1181 2998 1225 morte
3036 1171 3202 1226 fuisse
3237 1187 3359 1226 cor-

1787 1271 2041 1328 ruptum;
2075 1273 2236 1314 autve
2263 1261 2560 1324 discipulos
2596 1276 2717 1317 eum
2754 1261 2956 1316 furatos
2989 1278 3131 1326 esse,
3170 1263 3354 1318 statim

1788 1368 1816 1404 a
1855 1353 1972 1422 lege
1997 1355 2063 1407 ad
2090 1354 2435 1423 Evangelium
2468 1356 2881 1424 transmigrans,
2911 1355 3176 1410 universis
3195 1356 3357 1410 Chri-

1783 1453 1947 1508 stum,
1979 1459 2138 1513 quem
2170 1460 2338 1514 nuper
2355 1444 2736 1514 blasphemans
2760 1447 3010 1500 convitiis
3031 1447 3355 1516 limpetebat,

1787 1535 1951 1589 Deum
1991 1536 2343 1588 annuntiabat
2385 1554 2400 1588 :
2440 1546 2686 1604 eratque,
2735 1537 2908 1606 qualis
2955 1537 3143 1592 fuisset
3164 1538 3352 1603 hostis,

1783 1629 1906 1680 talis
1932 1609 2118 1681 socius
2154 1642 2219 1680 ac
2251 1628 2559 1681 auxiliator.
2605 1627 2848 1697 Utroque
2884 1629 3135 1682 nimirum
3167 1639 3359 1698 potens

1784 1730 1946 1787 atque
1992 1719 2280 1772 robustior.
2318 1717 2584 1772 Continuo
2630 1727 2807 1772 autem
2848 1734 2912 1772 ac
2953 1719 3228 1787 inopinato
3274 1719 3356 1772 in-

101 1812 424 1882 Δαμασκοῦ,
447 1812 542 1865 τοῦ
566 1813 732 1883 νόμον
761 1814 854 1866 καὶ¹
882 1814 992 1868 τῶν
1021 1815 1316 1887 προφητῶν
1347 1817 1678 1888 ἐδημηγόρει

1783 1825 2002 1879 gressus
2029 1810 2080 1864 in
2111 1826 2414 1882 synagogas
2444 1811 2723 1875 Damasci,
2773 1811 2902 1879 legis
2937 1810 3102 1865 libros
3133 1827 3195 1865 ac
3225 1826 3354 1879 pro-

99 1903 228 1965 τοὺς
255 1901 472 1970 λόγους,
490 1903 549 1956 ού
576 1903 742 1974 νόμου
766 1904 1070 1975 κρατύνων,
1095 1906 1209 1959 ἀλλ’
1237 1908 1330 1960 ἀπ’
1357 1908 1566 1962 ἐκείνου
1589 1909 1680 1962 τὸν

98 1995 341 2067 Χριστὸν
378 1995 715 2067 συγκροτῶν,
752 1997 846 2050 καὶ
893 1998 1199 2070 συγκρίνων
1231 2001 1344 2062 τοῖς
1377 2001 1680 2071 γινομένοις

99 2088 395 2158 πράγμασι
428 2087 526 2152 τὰς
550 2088 1011 2160 προσαγορεύσεις
1035 2089 1143 2142 τῶν
1171 2089 1450 2162 μαθητῶν,
1481 2092 1574 2144 καὶ
1593 2093 1682 2146 διά

99 2182 263 2251 νόμου
298 2184 465 2251 νόμον
493 2181 791 2234 ἐκϐάλλων.
829 2182 1041 2254 Ὠσπερ
1079 2178 1172 2236 οὖν
1205 2185 1297 2236 καὶ
1334 2185 1461 2257 περὶ
1487 2184 1677 2238 ἐαυτοῦ

101 2291 287 2344 φησιν,
322 2273 656 2327 ἐπιστέλλων
689 2275 978 2345 Ῥωμαίοις
998 2293 1010 2305 ·
1047 2274 1194 2346 Ἐγὼ
1219 2275 1330 2346 γὰρ
1350 2276 1448 2330 διὰ
1468 2278 1674 2346 νόμου,

99 2368 260 2435 νόμῳ
321 2366 654 2421 ἀπέθανον
697 2367 1008 2432 τουτέστιν,
1058 2368 1192 2420 ’Λπὸ
1223 2369 1332 2420 τῶν
1371 2369 1679 2422 Μωσαῖκῶν

100 2461 448 2531 γραμμάτων
490 2459 794 2531 ὁδηγηθεὶς,
832 2460 1077 2530 ἐπέγνων
1106 2461 1204 2531 τὴν
1229 2459 1321 2514 τοῦ
1346 2461 1676 2530 Εὐαγγελίου

102 2551 407 2606 εὐσέϐειαν.
459 2551 763 2622 Ἐκπληξις
808 2550 903 2607 οὖν
953 2548 1063 2623 εἶχε
1102 2553 1202 2623 τὴν
1240 2554 1550 2624 Δαμασκὸν,
1583 2555 1678 2608 καὶ

103 2644 300 2704 πάντες
332 2641 470 2713 πρὸς
508 2643 732 2705 ἐαυτοὺς
774 2641 1076 2709 ἐξεθείαζον
1097 2657 1111 2670 ·
1147 2642 1332 2710 Δεῦτε,
1356 2643 1549 2697 θεᾶσθε
1585 2645 1676 2697 τὸν

103 2735 320 2805 Ταρσέα
362 2733 634 2804 Ἐϐραίον,
661 2735 750 2786 τὸν
779 2733 871 2786 τοῦ
898 2733 1150 2804 πατρῴου
1173 2734 1336 2805 νόμου
1357 2733 1545 2800 ζέοντα
1569 2753 1676 2806 μα-

104 2824 288 2895 θητὴν,
317 2825 550 2896 σφοδρὸν
567 2825 661 2878 τοῦ
701 2825 874 2896 Ἰησοῦ
898 2827 1216 2898 συνήγορον,
1243 2827 1337 2880 καὶ
1361 2826 1494 2880 Θεὸν
1516 2827 1677 2882 αὑτὸν

102 2916 496 2976 ἀνακαλοῦντα,
519 2917 615 2970 καὶ
641 2919 705 2970 ἐκ
731 2917 841 2971 τῶν
863 2919 1148 2990 ἡμετέρων
1169 2918 1512 2990 γραμμάτων
1538 2920 1675 2972 ἀπο-

99 3011 410 3075 δεικνύντα,
434 3011 515 3064 ὅτι
544 3005 696 3075 οὗτός
723 3011 868 3064 ἐστιν
893 3014 921 3064 ὁ
944 3014 1064 3065 κατ’
1096 3012 1430 3081 ἐπαγγελίαν
1459 3013 1672 3085 Σωτήρ.

99 3102 223 3164 Δέος
271 3096 369 3155 οὖν
419 3099 494 3171 μὴ
529 3101 708 3154 πᾶσαν
759 3101 1062 3173 μεταπείσῃ
1111 3103 1209 3171 τὴν
1241 3100 1418 3163 πόλιν,
1465 3099 1540 3171 μὴ
1581 3101 1675 3154 καὶ

96 3195 214 3247 ὅλον
251 3191 346 3245 τὸν
373 3192 548 3262 δῆμον
590 3193 862 3262 ἐπάγηται
899 3193 994 3245 καὶ
1029 3193 1312 3265 ἀποστήσῃ
1349 3192 1444 3246 τοῦ
1483 3193 1668 3264 νόμου.

97 3285 205 3336 Καὶ
249 3283 364 3354 γάρ
402 3285 518 3336 ἐστι
563 3283 661 3353 τῆς
708 3281 746 3334 Γ
753 3283 930 3354 ραςρῆς
973 3284 1235 3355 ἀσκητὴς,
1279 3285 1374 3338 καὶ
1416 3284 1505 3336 τὸν
1549 3283 1674 3336 νοῦν

93 3376 241 3440 ὀξὺς,
267 3375 367 3428 καὶ
398 3373 594 3444 γοργὸς
621 3373 710 3426 τὸν
748 3373 924 3442 λόγον,
961 3374 1055 3428 καὶ
1083 3374 1173 3427 τὸν
1199 3376 1399 3447 τρόπον
1430 3375 1672 3445 εὐμήχα-

93 3485 201 3532 νος,
258 3466 359 3519 καὶ
411 3465 543 3518 πολὺ
585 3463 921 3535 κεκτημένος
959 3463 1020 3518 τὸ
1070 3466 1412 3532 ἀξιόπιστονο
1458 3466 1552 3535 ἀφ’
1598 3460 1674 3518 ὧν

94 3558 342 3630 ἀκριϐῶς
370 3555 529 3619 εἰδὼς
555 3555 624 3609 τά
653 3557 919 3628 ἡμέτερα,
949 3558 1050 3610 οὐκ
1078 3557 1272 3629 ἀγνοίᾳ
1297 3558 1444 3611 δοκεῖ
1470 3558 1674 3612 πλανᾶ-

94 3649 239 3712 σθαι,
278 3649 420 3701 ἀλλὰ
462 3649 755 3720 δοκιμασίᾳ.
789 3650 884 3702 καὶ
914 3648 1090 3720 κρίσει
1123 3650 1183 3702 τὸ
1217 3649 1417 3720 ἀληθὲς
1445 3651 1674 3722 εὑρηκέ-

93 3756 199 3794 ναι.
244 3740 344 3802 Εἰς
383 3740 586 3811 ταύτην
611 3738 710 3810 τὴν
740 3740 1049 3811 ἀμηχανίαν
1075 3739 1295 3794 ἐνέὸαλε
1321 3741 1471 3795 πόλιν
1505 3741 1674 3810 μεγά-

93 3830 220 3900 λην,
273 3831 451 3902 δῆμον
501 3831 954 3900 πολυάνθρωπον,
1005 3832 1219 3903 πρῶτον
1263 3832 1357 3886 τοῦ
1421 3835 1672 3901 γενναίου

97 3923 447 3996 προσηλύτου
472 3925 540 3993 κή
551 3940 735 3994 ρυγμα
752 3940 765 3953 °
791 3925 885 3976 καὶ
912 3923 1071 3976 πλέον
1087 3925 1210 3977 τότε
1240 3925 1530 3996 Δαμασκὸς
1548 3927 1675 3978 ἐτα-

96 4015 347 4085 ράττετο,
396 4015 427 4087 ἦ
471 4015 666 4087 πρώην
711 4017 758 4068 οἱ
807 4017 864 4068 ἐν
907 4015 1298 4089 Ἱεροσολύμοις
1331 4017 1670 4088 Χριστιανοὶ,

93 4109 258 4179 ἡνίκα
285 4109 557 4177 Στέφανον
582 4109 791 4171 Παῦλος
822 4107 1086 4172 ἐλίθαζεν.
1130 4112 1218 4174 Ὦς
1245 4111 1355 4181 γὰρ
1380 4113 1430 4164 οί
1462 4111 1674 4183 θαυμα-

95 4199 209 4251 στοὶ
250 4199 362 4251 τῶν
412 4199 680 4270 ἀριστέων
720 4201 854 4252 ὃπου
893 4198 939 4250 δ’
978 4200 1041 4252 ἂν
1083 4199 1509 4270 μετατάξωνται,
1558 4203 1677 4254 ἐκεῖ

93 4292 190 4361 τὴν
218 4291 380 4360 νίκην
421 4293 767 4361 μετάγουσιν,
797 4289 969 4353 οὕτως
992 4293 1020 4344 ό
1047 4291 1329 4355 θεσπέσιος
1365 4293 1503 4364 ἀνὴρ
1528 4293 1674 4346 ἐκεί-

94 4401 217 4447 νους
257 4383 478 4446 πάντως
513 4384 684 4436 ἐποίει
709 4382 997 4454 μεγάλους,
1037 4380 1118 4448 οἷς
1158 4385 1255 4456 τὴν
1295 4385 1488 4438 ἐαυτοῦ
1528 4403 1672 4458 παρ-

95 4479 206 4546 εἶχε
251 4476 448 4545 ῥοπήν.

165 4734 325 4790 Οῦτω
376 4735 554 4788 τοίνυν
585 4735 964 4805 ’καταγγείλας
1002 4739 1060 4791 ἐν
1107 4741 1173 4810 τῇ
1221 4738 1437 4811 Φοινίκῃ
1482 4741 1542 4794 τὸ
1573 4741 1671 4795 eo.

99 4827 372 4896 αγγέλιον,
416 4828 508 4879 καὶ
555 4827 621 4880 τὰ
670 4827 859 4900 πρῶτα
908 4829 1197 4899 σπέρματα
1233 4830 1334 4900 τῆς
1375 4832 1676 4903 ἀποστολῆς

98 4923 212 4995 ἐκεῖ
254 4919 716 4989 καταϐαλόμενος,
763 4919 888 4972 ἔνθα
931 4921 1025 4972 καὶ
1064 4921 1225 4984 αὐτὸς
1279 4923 1551 4994 ἐφωτίσθη
1606 4925 1671 4994 τῇ

96 5011 315 5079 γνώσει,
360 5007 525 5081 ἦλθεν
556 5010 637 5073 είς
664 5009 761 5080 τὴν
801 5011 1174 5083 Ἰερουσαλὴμ,
1223 5011 1372 5076 ξένον
1412 5016 1521 5076 τοῖς
1559 5015 1676 5067 ἐκεῖ

96 5105 189 5158 καὶ
217 5103 382 5157 καλὸν
419 5102 614 5172 θέαμα.
642 5085 704 5154 Οἱ
748 5103 847 5173 μὲν
878 5104 988 5175 γάρ
1027 5105 1445 5175 προπέμψαντες
1488 5107 1670 5171 αὑτὸν,

98 5201 188 5252 καὶ
218 5199 402 5261 δόντες
443 5198 512 5251 τὰ
541 5200 596 5251 ἐν
625 5197 772 5268 μέσῳ
808 5198 1111 5268 συμϐάντα,
1159 5197 1482 5269 θεασάμενοι
1520 5199 1672 5271 πρῶ-

97 5307 206 5351 τον,
240 5291 412 5360 ἡδέως
445 5307 505 5342 τε
534 5285 692 5352 εἶδον,
720 5291 815 5342 καὶ
842 5289 1085 5360 ἀπῄτουν
1107 5287 1205 5359 την
1242 5289 1434 5360 θήραν,
1472 5289 1675 5360 πλῆθος

99 5380 437 5452 Χριστιανῶν
475 5380 772 5450 δεσμωτῶν
815 5380 1131 5443 ἐλπίσαντες
1164 5381 1411 5450 ὄψεσθαι,
1444 5383 1537 5435 καὶ
1567 5382 1675 5435 τῶν

101 5473 303 5525 πολλῶν
337 5473 684 5543 ὑποσχέσεων
713 5471 998 5543 ζητοῦντες
1028 5473 1089 5526 τὸ
1116 5472 1296 5544 ἔργον.
1335 5473 1484 5526 Ἐπεὶ
1513 5473 1567 5526 δὲ
1595 5473 1678 5527 λό-

99 5581 192 5633 γου
239 5565 627 5637 προὸαίνοντος
679 5557 838 5636 εὖρον
889 5565 1102 5620 Παῦλον
1145 5566 1236 5621 τὸν
1278 5565 1501 5632 Σαῦλον,
1549 5584 1674 5620 συν·

178 5770 214 5798 ³⁸
251 5768 371 5823 Gal.
410 5783 467 5834 ll,
506 5769 586 5824 i9.

1783 1903 2065 1971 pltetarum
2095 1919 2191 1972 pro
2247 1904 2508 1957 concione
2535 1904 2873 1972 exponebat,
2912 1918 3016 1956 non
3047 1905 3265 1972 quidem
3299 1914 3358 1956 ut

1781 1993 1948 2060 legem
1983 1996 2350 2058 conﬁrmaret,
2383 1995 2475 2049 sed
2504 2006 2619 2049 uta
2651 1996 2769 2065 lege
2795 1997 3066 2050 Christum
3096 1997 3354 2066 praulica-

1780 2097 1882 2149 ret,
1915 2102 2237 2156 comparans
2270 2103 2392 2141 cum
2438 2088 2506 2142 iis
2532 2104 2650 2157 qua:
2675 2101 3014 2156 gererentur,
3045 2091 3346 2158 discipulo-

1780 2192 1896 2230 rum
1931 2192 2234 2242 sermones,
2258 2191 2322 2231 ac
2356 2178 2587 2248 denique
2614 2194 2708 2248 per
2733 2180 2922 2248 legem,
2953 2181 3120 2250 legem
3166 2182 3353 2235 exclu.

1779 2267 1932 2332 dens,
1973 2268 2048 2320 uti
2086 2267 2198 2337 ipse
2230 2268 2296 2322 de
2344 2269 2522 2338 seipso
2552 2270 2626 2323 ait
2654 2271 2720 2325 ad
2756 2271 3028 2326 Romanos
3060 2274 3299 2330 scribens
3333 2294 3350 2331 :

1778 2357 1892 2426 Ego
1935 2360 2069 2412 enim
2105 2375 2196 2428 per
2230 2360 2426 2428 legem,
2457 2361 2557 2428 legi
2596 2375 2831 2417 mortuus
2874 2381 2988 2418 sum
3017 2365 3080 2431 ¹¹,
3115 2367 3216 2421 hoc
3245 2378 3352 2434 est,

1777 2451 2102 2520 scriptorum
2138 2466 2231 2518 per
2267 2451 2478 2523 Moysen
2525 2455 2716 2520 ductu,
2759 2457 3118 2526 evangelicum
3162 2463 3354 2528 agnovi

1777 2543 2051 2612 pietatem.
2091 2541 2290 2612 Stupor
2331 2558 2461 2613 ergo
2499 2543 2819 2600 Damascum
2856 2549 3102 2614 tenebat,
3137 2553 3355 2606 univer-

1777 2633 1931 2702 sique
1965 2644 2212 2702 portento
2242 2636 2417 2690 simile
2447 2651 2510 2690 ac
2540 2637 2778 2691 divinum
2821 2640 2949 2708 quid
2995 2644 3133 2710 apud
3164 2659 3222 2697 se
3266 2659 3356 2698 ce-

1778 2722 2063 2780 lebrabant
2097 2743 2108 2778 :
2144 2726 2370 2792 Venite,
2402 2727 2578 2782 videte
2611 2727 2896 2782 Hebraeum
2933 2731 3081 2785 illum
3115 2734 3354 2790 Tarsen.

1777 2831 1926 2884 sem,
1972 2816 2270 2872 ferventem
2325 2818 2474 2872 illum
2527 2828 2768 2888 paterna
2819 2819 2954 2890 legis
3003 2824 3350 2892 discipulum,

1777 2923 1954 2963 acrem
1974 2907 2101 2963 Jesu
2134 2919 2438 2978 patronum,
2463 2924 2698 2979 eumque
2726 2910 2891 2966 Deum
2924 2916 3303 2982 prazilicantem
3333 2935 3350 2973 :

1777 3011 1941 3070 atque
1969 3017 2000 3056 e
2035 3002 2333 3070 Scriptnris
2376 3002 2610 3066 nostris,
2644 3002 2980 3059 Salvatorem
3015 3007 3186 3075 ipsum
3209 3049 3224 3072 ,
3258 3012 3349 3078 qui

1778 3093 2081 3162 promissus
2105 3104 2208 3158 est,
2244 3095 2583 3163 probantem.
2622 3093 2806 3163 Itaque
2833 3096 3127 3165 periculum
3152 3109 3254 3164 est,
3285 3115 3353 3156 ne

1778 3187 1830 3240 in
1859 3187 2188 3240 contrariam
2227 3185 2558 3240 sententiam
2598 3196 2762 3240 totam
2792 3189 3025 3242 abducat
3055 3192 3348 3258 civitatem,

1777 3291 1844 3332 ne
1874 3286 1927 3329 et
1949 3277 2200 3345 populum
2232 3277 2538 3331 universum
2571 3277 2792 3343 alliciat,
2818 3289 2980 3347 atque
3003 3294 3030 3332 a
3058 3279 3170 3350 lege
3191 3296 3350 3335 aver-

1775 3377 1870 3421 tat.
1901 3368 2110 3437 Quippe
2139 3369 2191 3421 in
2219 3369 2514 3438 Scripturis
2541 3379 2791 3424 versatus
2827 3381 2928 3434 est,
2952 3382 3142 3441 estque
3167 3375 3352 3430 subtili

1777 3459 1990 3529 ingenio
2015 3499 2030 3523 ,
2066 3461 2178 3514 acri
2211 3475 2459 3514 sermone
2481 3501 2496 3526 ,
2531 3461 2769 3516 moribus
2799 3461 2994 3530 facilis,
3027 3465 3351 3533 plurimum-

1773 3567 1880 3621 que
1905 3554 1972 3605 ad
1995 3552 2152 3605 (idem
2177 3561 2503 3605 momentum
2536 3553 2740 3608 habens
2769 3573 2781 3608 :
2809 3563 2950 3625 quod
2982 3558 3236 3612 nimirum
3266 3575 3353 3616 res

1774 3656 1990 3699 nostras
2020 3645 2260 3714 apprime
2281 3645 2460 3700 sciens
2491 3661 2595 3700 non
2630 3647 2930 3715 ignorantia
2962 3651 3132 3721 decipi
3167 3652 3353 3706 videa.

1776 3745 1882 3800 tur,
1923 3738 2019 3793 sed
2057 3739 2372 3806 probatione
2413 3754 2476 3793 ac
2511 3739 2714 3806 judicio
2747 3741 3038 3808 invenisse,
3085 3746 3229 3814 quod
3274 3763 3350 3802 ret

1774 3840 1942 3894 esset,
1967 3846 2031 3885 ac
2061 3831 2380 3896 veritatem;
2407 3831 2458 3884 in
2493 3840 2697 3885 tantam
2724 3833 2905 3902 utique
2935 3837 3258 3891 anxietatem
3288 3853 3354 3894 ac

1776 3926 2073 3992 angustias,
2101 3939 2347 3995 magnam
2375 3924 2610 3992 conjecit
2637 3927 2943 3981 civitatem:
2974 3929 3223 3998 populum
3251 3947 3352 3985 nu-

1776 4028 2068 4074 merosum,
2096 4015 2265 4081 prima
2294 4015 2795 4088 strenniproselytze
2814 4018 3140 4086 praedicatio,
3158 4023 3354 4092 major-

1776 4121 1880 4174 que
1913 4117 2038 4162 tunc
2062 4107 2383 4162 Damascum
2421 4108 2652 4163 habebat
2681 4110 2916 4166 turbatio
2940 4151 2955 4176 ,
2988 4127 3148 4181 quam
3181 4130 3354 4185 nuper

1777 4197 2167 4269 Hierosolymis
2209 4201 2533 4255 constitutos
2578 4201 2954 4267 Christianos,
2997 4219 3118 4258 cum
3152 4204 3352 4262 Paulus

1777 4291 2112 4362 Stephanum
2137 4293 2417 4361 lapidaret.
2445 4293 2906 4360 Quemadmodum
2934 4297 3075 4350 enim
3108 4297 3208 4351 viri
3245 4299 3352 4352 for-

1779 4385 2007 4439 titudine
2036 4385 2291 4452 praecipui
2317 4400 2380 4437 ac
2407 4385 2702 4450 mirabiles,
2733 4386 2816 4438 cui
2847 4401 2906 4440 se
2933 4386 3238 4440 addixerint
3261 4403 3352 4441 ur-

1777 4476 1911 4537 dini,
1944 4490 2046 4528 una
2081 4474 2153 4527 illi
2184 4475 2464 4528 victoriam
2492 4476 2750 4530 addicunt
2778 4495 2793 4542 ;
2824 4478 2904 4530 sic
2929 4485 2984 4530 et
3006 4478 3090 4530 vir
3114 4479 3353 4543 divinus,

1781 4581 2004 4636 magnos
2042 4566 2264 4619 omnino
2296 4581 2390 4621 eos
2443 4569 2761 4634 praestabat,
2797 4569 2994 4638 quibus
3026 4584 3181 4624 suum
3231 4586 3351 4626 mo-

1783 4663 2020 4706 mentum
2055 4653 2393 4720 cmitulisset,
2422 4670 2484 4710 ac
2516 4657 2773 4711 auxilium
2804 4668 3110 4726 priestaret.

1853 4743 1945 4798 Sic
1979 4744 2162 4814 itaque
2192 4746 2482 4816 prmdicato
2507 4747 2558 4801 in
2589 4747 2866 4804 Pluenicia
2895 4751 3204 4820 Evangelio,
3239 4761 3352 4821 prt-

1781 4835 1989 4904 misque
2019 4836 2126 4890 illic
2157 4838 2488 4906 apostolatus
2506 4839 2669 4910 jactis
2689 4843 3008 4907 seminibus,
3036 4844 3120 4898 ubi
3155 4853 3210 4899 et
3239 4844 3353 4914 ipse

1778 4928 2018 4982 scientiae
2041 4927 2219 4984 lumen
2241 4931 2555 5001 accepisset,
2590 4933 2920 4989 Hierusalem
2954 4935 3125 5005 petiit,
3153 4952 3355 4992 novum

1779 5018 2168 5089 pulchrumque
2217 5022 2268 5074 in
2327 5037 2389 5076 ea
2440 5023 2748 5080 constitutis
2782 5029 2914 5082 urbe
2963 5029 3356 5097 spectaculum.

1777 5111 1875 5176 Qui
1899 5113 2044 5166 enim
2075 5113 2466 5181 praemiserant.
2503 5130 2566 5170 ac
2608 5118 2839 5181 vincula,
2871 5121 3065 5189 quibus
3094 5121 3356 5176 Christia-

1775 5217 1877 5256 nos
1924 5203 2186 5275 alligaret,
2243 5209 2501 5274 portanda
2560 5209 2837 5276 dederant,
2883 5227 3004 5265 cum
3058 5213 3352 5278 nescirent,

1773 5309 1892 5362 qua:
1926 5297 2098 5352 media
2137 5298 2489 5362 accidissent,
2520 5303 2695 5370 primo
2721 5315 2962 5372 aspectu,
3007 5303 3242 5372 jucunde
3275 5307 3356 5360 vi-

1775 5386 1991 5455 derunt,
2022 5390 2366 5461 prtedamque
2418 5394 2717 5464 exigentes,
2750 5395 2981 5449 vinctam
3011 5396 3354 5452 Christiano-

1780 5493 1898 5531 rum
1922 5479 2315 5536 multitudinem
2334 5498 2394 5539 se
2414 5484 2625 5540 visuros
2651 5487 2962 5555 sperabant,
2982 5502 3204 5558 remque
3222 5488 3353 5542 mul-

1783 5578 1957 5627 tarum
2004 5572 2213 5629 illarum
2239 5576 2691 5646 pollicitationum
2740 5579 3110 5650 requirebant.
3152 5578 3350 5637 Verum
