3824 6270
528 325 621 380 291

1795 327 1854 385 S.
1894 328 2176 388 ASTEBII
2211 329 2516 390 AMASENI

3660 338 3756 394 292

528 438 614 490 ubi
651 450 902 505 processu
930 437 1216 500 sermonis.
1239 435 1483 504 Saulum,
1502 437 1724 496 Paulum
1761 440 2079 497 invenerunt

2203 442 2510 511 αμείψαντα
2541 444 2606 514 τῇ
2640 442 2828 514 κλήσει
2860 443 2958 516 τὴν
2985 443 3230 518 γνώμην,
3275 445 3372 501 καὶ¹
3413 446 3506 502 τοῦ
3539 449 3754 520 Χριστοῦ

526 527 614 593 qui
647 542 746 577 una
787 541 910 580 cum
943 526 1296 596 appellatione
1325 528 1563 582 animum
1609 540 1891 595 mutasset,
1934 529 2098 585 Chri-

526 617 702 684 stique
733 617 980 672 effectum
1008 633 1244 686 servum,
1274 635 1338 673 ac
1383 621 1644 688 apostolis
1665 621 1784 676 aliis
1815 621 2099 676 ferventio-

528 722 641 760 rem
669 707 1012 778 discipulum,
1067 709 1298 777 primum
1332 710 1549 778 quidem
1584 711 1766 779 jocqu
1792 725 1857 765 ac
1890 713 2097 766 irrisio-

527 815 649 854 nem
677 801 920 855 arbitrati
947 812 1073 856 sunt
1109 819 1227 869 qua:
1262 803 1571 858 dicerentur
1610 821 1625 858 :
1657 814 1712 857 at
1747 806 1833 859 ubi
1865 807 2098 872 proban-

524 899 607 945 tes
624 901 876 956 mentem,
897 893 1225 947 invenissent
1241 896 1471 950 sermoni
1496 907 1896 968 congruentem,
1929 912 2095 952 unum

525 980 629 1034 sibi
686 984 788 1037 hoc
820 983 1029 1037 consilii
1095 984 1363 1053 reliquum
1417 997 1760 1054 putaverunt,
1805 996 1864 1040 ut
1916 988 2097 1043 adole-

523 1083 762 1126 scentem
803 1074 1106 1142 perderent,
1141 1084 1394 1143 tanquam
1431 1075 1543 1130 fieri
1575 1093 1677 1131 non
1705 1088 1906 1144 posset,
1936 1088 1992 1131 nt
2024 1079 2096 1132 vi-

524 1173 681 1218 vente
735 1163 901 1220 Paulo
959 1176 1119 1235 atque
1173 1167 1459 1236 loquente,
1501 1167 1844 1224 Hebrmorum
1909 1171 2094 1241 religio

524 1269 706 1324 sospes
731 1259 885 1312 foret.
916 1255 1081 1328 quue
1104 1259 1276 1328 palam
1302 1269 1470 1315 totum
1498 1272 1646 1316 retro
1668 1273 1876 1334 tempus
1895 1269 2092 1335 proba-

521 1349 619 1401 vit.

593 1441 726 1494 Cum
766 1442 910 1495 enim
945 1463 948 1482 ι
980 1442 1132 1497 multi
1187 1443 1467 1510 hactenus,
1531 1448 1745 1502 tametsi
1797 1447 2092 1505 Christiani

522 1540 697 1594 erant,
752 1531 892 1584 haud
947 1543 1163 1599 possent
1215 1549 1348 1604 pure
1380 1551 1445 1590 ex
1476 1535 1753 1599 Evangelii
1796 1553 1985 1594 norma
2015 1542 2094 1595 vi-

522 1634 670 1684 vere,
703 1623 795 1675 sed
835 1623 1096 1678 haberent
1125 1625 1176 1678 in
1205 1636 1488 1697 utramque
1515 1641 1742 1698 partem,
1768 1646 1831 1685 ac
1861 1632 2094 1701 quando-

521 1729 625 1782 que
650 1716 810 1769 etiam
839 1727 1121 1772 uterentur
1150 1719 1585 1788 circumcisione,
1617 1732 1677 1777 ut
1722 1724 1904 1794 aliqua
1936 1738 2091 1795 parte

2197 533 2402 596 δοῦλον,
2439 535 2534 588 καὶ
2564 537 2673 589 τῶν
2699 537 2872 591 ἄλλων
2894 538 3209 603 ἀποστόλων
3242 539 3493 612 μαθητὴν
3525 541 3748 614 θερμότ-

2200 641 2292 694 ρον
2311 641 2324 654 ·
2358 624 2424 678 τὰ
2451 626 2551 696 μὲν
2580 627 2792 699 πρῶτα,
2824 629 3044 682 παιδιὰν
3078 631 3171 683 καὶ¹
3210 631 3412 702 χλεύην
3440 634 3660 702 ἡγοῦντο
3694 635 3748 690 τὰ

2196 715 2483 786 λεγόμενα·
2517 718 2637 772 ἐπεὶ
2683 719 2739 772 δὲ
2782 720 3174 790 δοκιμάσαντες
3209 717 3369 796 εὗρον
3405 724 3746 793 ὁμολογοῦσαν

2194 808 2260 877 τῇ
2294 810 2443 878 φωνῇ
2484 808 2582 879 τὴν
2611 809 2855 881 γνώμην,
2890 809 2948 863 ἒν
2983 810 3371 864 ἐϐουλεύσαντο
3417 812 3591 882 μόνον,
3623 814 3752 878 ὅπως

2195 899 2224 950 ὁ
2287 899 2564 962 νεανίσκος
2619 901 2905 954 ἀπόλοιτο’
2967 901 3044 966 ὼς
3101 903 3202 956 οὐκ
3273 903 3394 957 ὲνὸν
3469 899 3603 957 εἶναι
3665 907 3750 976 τὴν

2207 987 2472 1060 Ἐϐραίων
2513 990 2810 1062 θρησκείαν
2849 995 2943 1047 καὶ
2983 995 3360 1066 χρηματίζειν,
3393 996 3591 1060 ζῶντος
3623 999 3752 1052 IIotti-

2194 1079 2284 1134 λου
2315 1082 2409 1135 καὶ
2438 1082 2826 1154 φθεγγομένου.
2865 1087 2976 1140 Καὶ
3007 1086 3163 1141 τοῦτο
3194 1088 3384 1159 σαφῶς
3422 1088 3586 1155 ἔδειξε
3631 1091 3752 1162 σύμ-

2194 1191 2302 1238 πας
2324 1176 2352 1228 ὁ
2375 1175 2594 1246 ὕστερον
2621 1176 2834 1247 χρόνος.

2265 1440 2386 1492 Ἔτι
2415 1437 2523 1510 γὰρ
2549 1438 2656 1492 τῶν
2683 1437 2915 1500 πολλῶν,
2945 1441 2992 1492 εί
3035 1440 3126 1492 καὶ
3159 1439 3407 1511 ὑπῆρχον
3437 1441 3745 1512 Χριστιανοὶ,

2190 1529 2292 1582 οὐκ
2340 1529 2652 1600 ἀρκούντων
2703 1529 2958 1600 καθαρῶς
3003 1529 3101 1601 ζῇν
3131 1531 3270 1583 κατά
3309 1532 3371 1583 τὸ
3421 1532 3745 1600 Εὐαγγέλιον,

2193 1620 2306 1673 ἀλλ’
2369 1621 2863 1692 ἀμφοτεριζόντων,
2923 1622 3016 1674 καί
3071 1640 3171 1676 που
3234 1624 3330 1677 καὶ
3384 1626 3448 1695 τῇ
3501 1629 3742 1696 περιτομῇ

2193 1713 2650 1784 προσχρωμένων,
2723 1714 2788 1766 ἶν’
2839 1715 2902 1766 ἐκ
2958 1713 3153 1785 μέρους
3223 1717 3592 1787 κεχαρισμένα
3651 1722 3743 1780 τοῖς

520 1820 640 1874 quae
671 1804 870 1861 Judaﬁs
896 1819 1046 1878 grata
1097 1822 1280 1865 essent
1308 1823 1648 1882 praestantes,
1693 1817 1882 1887 eisque
1910 1818 2079 1873 indul-

2203 1803 2475 1874 Ἑϐραίοις
2503 1805 2799 1868 ποιοῦντες,
2821 1805 2912 1859 τὸν
2940 1804 3108 1876 θυμὸν
3135 1807 3315 1860 αὐτῶν
3338 1807 3738 1878 ἐκμειλίξωνται·

520 1907 724 1964 gentes,
757 1913 943 1952 eorum
966 1902 1251 1957 delinirent
1279 1903 1436 1960 iram.
1472 1904 1629 1962 Solus
1654 1908 1742 1962 hic
1772 1910 2090 1979 imperculsa

521 1999 720 2053 mente,
779 1991 910 2044 nihil
945 1993 1228 2048 remissum
1262 2010 1325 2050 ac
1375 2011 1483 2052 non
1511 2011 1822 2055 accuratum
1869 2003 2087 2071 docuit;

520 2086 612 2132 sed
638 2079 781 2134 clara
838 2097 968 2137 voce
997 2095 1158 2152 atque
1192 2086 1392 2142 diserte
1429 2105 1458 2142 a
1490 2091 1754 2161 principio
1783 2109 2088 2152 sermonem

519 2167 848 2233 praedicavit.
902 2169 1093 2250 quue,
1139 2176 1385 2243 provexit
1440 2177 1702 2236 libertatis
1761 2197 1972 2251 sensus,
2032 2197 2092 2242 ut

514 2271 640 2310 cum
669 2257 953 2326 aliquando
999 2247 1220 2329 Galatae,
1272 2281 1393 2320 cum
1450 2271 1663 2338 pr0pria
1716 2272 1816 2343 ipsi
1850 2247 2085 2344 levitate,

518 2357 630 2402 tum
657 2352 1037 2418 magistrorum
1070 2357 1412 2427 negligentia,
1443 2361 1508 2414 ad
1534 2362 1666 2433 legis
1687 2367 2086 2425 observantiam

515 2438 716 2493 reversi
746 2451 950 2506 essent,
987 2445 1218 2500 mirabili
1248 2451 1314 2502 ad
1344 2463 1438 2504 eos
1465 2453 1664 2521 scripta
1700 2457 1947 2525 epistola,
1983 2477 2088 2530 qua

517 2531 568 2584 in
601 2532 838 2588 novitate
862 2535 1183 2592 Chrisdana:
1211 2540 1335 2593 vita:
1377 2541 1626 2610 pietatem
1655 2549 1852 2603 sectari
1878 2566 1941 2606 ac
1966 2553 2090 2608 reli-

513 2624 724 2694 gionem
748 2627 925 2682 colere
951 2629 1202 2698 duceret;
1232 2647 1352 2686 cum
1388 2635 1503 2704 ipso
1535 2641 1903 2707 apostolorum
1935 2646 2086 2714 prin-

512 2718 632 2789 cipe
679 2720 867 2775 horum
926 2723 1213 2779 occasione
1246 2740 1570 2794 congressus
1620 2731 1692 2787 sit
1732 2752 1747 2788 :
1795 2750 1858 2789 ac
1891 2738 2087 2807 ubique

513 2809 729 2866 Petrum
761 2814 1206 2882 reprehendebat,
1234 2832 1472 2891 cumque
1509 2836 1574 2877 eo
1609 2825 1948 2894 velitabatur,
1985 2846 2085 2885 ceu

511 2915 600 2968 eo,
637 2903 728 2972 qui
759 2917 997 2959 veterum
1029 2923 1150 2972 usu,
1193 2923 1258 2967 ac
1285 2925 1470 2966 eorum
1501 2929 1621 2982 quae
1653 2916 1848 2971 abolita
1882 2931 2082 2990 essent,

514 3008 710 3048 novam
734 2995 1162 3053 Christianorum
1217 3005 1459 3058 turbaret
1495 3005 1905 3077 institutionem,
1949 3013 2084 3068 nihil

2194 1896 2353 1966 μόνος
2380 1893 2532 1961 οὗτος
2556 1897 2959 1969 ἀκαταπλήκτῳ
2993 1899 3322 1970 φρονήματι,
3351 1901 3499 1954 οὐδὲν
3527 1901 3741 1971 ὑφειμέ-

2191 2008 2281 2044 νον
2313 1991 2576 2058 ὲδίδαξεν·
2610 1991 2745 2044 ἀλλὰ
2785 1992 3000 2062 καθαρᾷ
3027 1995 3090 2062 τῇ
3128 1995 3281 2063 φωνῇ
3318 1993 3520 2048 ἄνωθεν
3562 1994 3647 2047 τὸν
3670 1995 3738 2048 λό-

2189 2100 2284 2150 γον
2316 2084 2638 2154 ὲκήρυσσεν,
2672 2085 2764 2136 καὶ
2791 2086 2870 2146 εἰς
2898 2082 3149 2137 τοσοῦτόν
3177 2100 3242 2152 γε
3265 2084 3475 2156 προύϐη
3500 2085 3586 2138 τοῦ
3612 2086 3738 2139 ἐλευ-

2191 2174 2367 2245 θερίου
2409 2178 2779 2247 φρονήματος,
2817 2176 2956 2229 ὥστε
2986 2177 3120 2230 ποτὲ
3155 2176 3257 2247 μὲν
3284 2179 3554 2242 Γαλατῶν,
3585 2179 3736 2252 οἰκείᾳ

2189 2267 2482 2338 κουφότητι
2504 2269 2596 2321 καὶ
2618 2269 2880 2343 ὀλιγωρία
2910 2269 3016 2324 τῶν
3036 2271 3418 2334 διδασκόντων,
3444 2274 3520 2336 είς
3542 2272 3630 2344 τὴν
3653 2291 3734 2326 κα-

2187 2357 2256 2412 τὰ
2287 2356 2447 2428 νόμον
2476 2357 2982 2428 παλινδρομούντων
3008 2359 3169 2432 ζωὴν,
3202 2362 3304 2432 τὴν
3333 2361 3633 2434 θαυμαστὴν
3662 2364 3732 2415 αὐ·

2186 2451 2298 2512 τοῖς
2331 2450 2555 2521 γράφων
2577 2450 2861 2521 ἐπιστολὴν
2890 2451 2977 2520 (δι’
3006 2447 3072 2522 ἧς
3100 2454 3155 2504 ἐν
3183 2453 3462 2523 καινότητι
3493 2455 3584 2524 τῆς
3615 2455 3731 2507 κατᾶ

2190 2540 2420 2612 Χριστὸν
2462 2542 2736 2606 πολιτείας
2785 2542 3025 2596 εὐσεϐεῖν
3051 2545 3266 2614 ,αὐτοὺς
3317 2546 3411 2598 καὶ
3443 2546 3732 2618 θρησκεύειν

2188 2634 2412 2700 ἐδίδαξε,
2453 2622 2649 2706 μηκέτι
2680 2636 3010 2706 προσχόντας
3032 2639 3144 2700 τοῖς
3163 2639 3487 2710 γράμμασιν
3512 2643 3616 2702 τοῖς
3643 2640 3731 2692 ἀπὸ

2186 2724 2293 2800 τῶν
2316 2725 2532 2780 λιθίνων
2563 2727 2828 2798 πλακῶν),
2865 2730 3173 2801 συνεπλάκη
3211 2732 3304 2787 διὰ
3325 2732 3432 2785 τῶν
3455 2731 3730 2802 λεγομένων

2187 2815 2334 2886 αὐτῷ
2381 2816 2458 2886 τῷ
2500 2817 2780 2889 κορυφαίῳ
2813 2819 2919 2872 τῶν
2959 2820 3296 2886 ἀποστόλων,
3346 2825 3437 2877 καὶ
3483 2823 3728 2892 πανταχοῦ

2186 2907 2596 2980 καθαπτόμενος
2632 2911 2897 2965 διετέλεσε
2924 2914 3019 2968 καὶ
3054 2915 3347 2987 ἁψιμαχῶν
3375 2917 3507 2989 πρὸς
3533 2916 3614 2970 τὸν
3641 2917 3729 2970 Πέο

2184 3015 2332 3068 τρον,
2364 2999 2438 3064 ὼς
2471 2999 2568 3072 τὴν
2609 3001 2737 3055 νέαν
2779 3002 3130 3058 ὲπιθολοῧντα
3165 3007 3462 3072 πολιτείαν,
3485 3009 3546 3078 τῇ
3586 3022 3725 3077 προσο

513 3087 777 3142 reveritus
827 3088 974 3144 senis
1001 3105 1186 3156 canos,
1221 3103 1379 3149 autve
1407 3099 1736 3165 apostolatus
1769 3107 2079 3174 pratrogati-

2186 3094 2375 3161 χρήσει
2403 3091 2508 3144 τῶν
2536 3093 2780 3147 παλαιῶν
2812 3095 2905 3148 καὶ
2937 3096 3306 3166 πεπαυμένων
3333 3098 3620 3168 δογμάτων·
3648 3099 3725 3148 καὶ

511 3191 656 3242 vam,
690 3177 778 3232 ubi
829 3180 1000 3234 creari
1052 3182 1345 3250 periculum
1375 3187 1585 3243 veritati
1645 3191 1868 3247 vidisset
1901 3212 1914 3248 :
1947 3196 2079 3264 quin

509 3266 714 3323 Calatis
739 3271 954 3338 quidem
988 3275 1251 3329 acerrime
1277 3277 1508 3345 restitit;
1544 3278 1760 3334 Petrum
1790 3296 1917 3337 vero
1959 3283 2078 3339 ere;

509 3358 609 3413 bro
638 3361 834 3428 arguit,
871 3377 1029 3430 quam
1062 3363 1258 3420 licebat
1279 3369 1531 3436 maxime,
1562 3370 1864 3428 libertatem
1885 3375 2081 3432 decore

508 3464 571 3504 ac
588 3453 844 3506 modestia
864 3464 1186 3524 temperans.
1205 3459 1283 3514 Ac
1313 3461 1510 3532 ubique
1537 3464 1754 3532 quidem
1779 3469 2078 3535 praeﬁean-

506 3542 577 3595 do
606 3555 671 3596 ac
687 3545 960 3602 suadendo
974 3562 1192 3617 operam
1215 3553 1444 3620 ponebat
1463 3571 1476 3606 :
1493 3555 1634 3624 quod
1652 3557 1698 3610 si
1717 3572 1844 3612 vero
1866 3561 2080 3626 quando

506 3635 668 3688 etiam
708 3635 761 3690 in
801 3639 1024 3706 perditis
1061 3643 1304 3699 moribus
1333 3659 1632 3717 pravosque
1662 3649 1907 3707 homines
1941 3653 2076 3707 ins-i—

508 3726 661 3792 deus,
683 3743 845 3798 grave
874 3730 1074 3800 aliquid
1092 3748 1280 3802 passus
1297 3745 1459 3803 esset,
1480 3737 1565 3791 vel
1592 3739 1865 3807 coniectus
1882 3743 1933 3796 in
1957 3758 2078 3798 car-

507 3830 710 3881 cerem,
735 3818 818 3872 vel
845 3819 1159 3877 verberibus
1193 3822 1438 3892 affectus,
1472 3828 1557 3882 vel
1591 3831 1860 3898 appetitus
1887 3832 2078 3903 lapidi-

505 3905 606 3961 bus
631 3907 1064 3979 ,haudquaquam
1087 3927 1238 3968 suam
1264 3914 1407 3969 illam
1430 3915 1760 3973 alacritatem
1785 3923 1854 3976 ob
1877 3924 2075 3978 malum

503 4011 688 4052 casum
720 3999 900 4055 amisit
929 4019 944 4055 :
971 4006 1100 4071 quin
1127 4005 1394 4061 modicum
1421 4007 1638 4074 cedens,
1672 4027 1864 4068 rursus
1893 4014 2076 4072 hostes

502 4089 715 4154 adibat;
746 4107 1071 4164 versansque
1090 4110 1366 4152 sermones
1384 4114 1530 4164 suos,
1559 4102 1787 4174 felixque
1807 4109 1980 4162 modis
2002 4109 2078 4162 in-

499 4182 780 4238 veniendis
797 4187 989 4254 quibus
1015 4188 1337 4258 adoriretur,
1363 4207 1426 4248 ac
1443 4208 1502 4249 se
1518 4195 1672 4252 facile
1691 4200 1979 4257 admodum
1999 4205 2076 4259 iu-

498 4273 801 4331 cidentibus
823 4287 1002 4346 aptum
1028 4295 1365 4351 comparans,
1387 4300 1604 4355 prorsus
1624 4288 1824 4354 abibat,
1852 4292 1933 4346 vel
1959 4311 2076 4349 ont-

499 4365 675 4433 mbus,
701 4369 799 4436 ,νει
838 4370 1080 4437 pluribus
1107 4375 1158 4430 in
1202 4389 1354 4430 suam
1400 4380 1722 4436 sententiam
1764 4391 2068 4454 pertractis.

2181 3183 2303 3236 οὐδὲ
2344 3183 2440 3254 τὴν
2492 3184 2680 3238 πολιὰν
2730 3187 2927 3258 ᾐδέσθη
2959 3188 3052 3241 τοῦ
3086 3189 3360 3260 γέροντος,
3394 3190 3512 3243 οὐτε
3558 3189 3618 3242 τὰ
3643 3189 3722 3257 ﬁt,

2181 3277 2483 3347 ἀποστολῆς
2507 3279 2786 3347 πρεσϐεῖα,
2817 3281 2905 3334 ὅτε
2928 3277 3033 3335 εἶδε
3060 3283 3476 3337 κινδυνεύουσαν
3503 3283 3592 3355 τὴν
3617 3283 3721 3351 ἀλή-
3776 3341 3777 3344 η

2181 3369 2351 3424 θειαν.
2405 3369 2564 3424 Ἀλλά
2618 3371 2728 3425 τῶν
2773 3374 2870 3444 μὲν
2913 3374 3166 3428 Γαλατῶν
3210 3377 3566 3446 κατεξανέστη
3609 3392 3720 3443 σφο-

2179 3459 2340 3531 δρῶς,
2392 3461 2500 3516 τῶν
2552 3463 2593 3495 ¹⁸
2641 3463 2699 3516 δὲ
2748 3463 3008 3530 πολλάκις
3057 3465 3311 3538 ἑπληξεν,
3344 3469 3418 3532 ὡς
3475 3468 3607 3538 ἐνῆν,
3637 3466 3721 3538 τὴν

2180 3553 2493 3626 παρρησίαν
2541 3555 2841 3629 εὐπρεπείᾳ
2890 3559 3147 3631 κεράσας.
3195 3561 3309 3615 Καὶ
3349 3558 3607 3629 πανταχοῦ
3639 3559 3720 3627 μὲν
3776 3617 3777 3623 η

2178 3646 2400 3700 διετέλει
2452 3646 2624 3716 λέγων
2663 3649 2758 3702 κα)⁵
2794 3649 3015 3704 πείθων·
3063 3654 3112 3705 εἰ
3151 3652 3208 3706 δέ
3245 3671 3346 3706 που
3375 3654 3470 3729 καί.
3495 3653 3718 3720 πονηροῖς

2178 3739 2365 3810 ⁴ἤθεσιν
2402 3740 2637 3810 ἐντυχὼν
2671 3741 2873 3796 ἔπαθέν
2898 3762 2949 3797 τι
2973 3744 3162 3810 δεινὸν,
3202 3746 3236 3817 ἢ
3277 3746 3626 3816 δεσμωτήριον
3655 3742 3718 3792 οἱ·

2178 3831 2432 3903 κὴσας,ἢ
2478 3832 2746 3904 μάστιγας
2771 3834 3027 3907 λαϐὼν,ἢ
3063 3836 3228 3901 λίθοις
3263 3837 3493 3908 βληθεὶς,
3523 3834 3577 3888 οὐ
3615 3848 3718 3884 κατ·
3776 3872 3777 3900 ;

2178 3923 2365 3979 έλυσεν
2415 3925 2514 3995 τὴν
2560 3925 2866 3998 προθυμίαν
2913 3927 3044 4000 [διὰ]
3089 3929 3188 4001 τὴν
3220 3929 3512 3999 γενομένην
3544 3927 3716 3978 ἀποτυ-

2177 4015 2319 4085 χίανο
2372 4015 2510 4071 ἀλλὰ
2571 4017 2764 4090 μικρὸν
2821 4018 3101 4083 διαλιπὼν,
3173 4021 3338 4074 πάλιν
3393 4018 3573 4090 ἤγγιζε
3622 4016 3716 4074 τοῖς

2175 4102 2408 4174 ἐχθροῖς,
2461 4104 2556 4159 καὶ
2600 4107 2726 4170 τοὺς
2776 4107 2954 4161 αὐτῶν
3007 4109 3363 4181 ἀναστρέφων
3401 4109 3596 4176 λόγους,
3637 4103 3715 4154 καὶ

2175 4194 2300 4258 τοὺς
2322 4195 2557 4266 τρόπους
2575 4197 2685 4251 τῶν
2714 4199 3105 4272 ἐπιχειρήσεων
3129 4201 3475 4272 ἐξευρίσκων,
3503 4193 3713 4264 εὐμηχά·
3776 4230 3777 4236 η

2175 4303 2280 4348 νως
2310 4285 2366 4338 δὲ
2393 4286 2512 4339 λίαν
2547 4287 2682 4358 πρὸς
2717 4289 2816 4352 τὰς
2838 4291 3212 4360 ἐμπιπτούσας
3249 4292 3434 4364 χρείας
3471 4287 3711 4359 μεθαρμοο
3775 4324 3777 4330 τ

2176 4373 2422 4445 ξάμενος,
2472 4377 2690 4441 πάντως
2735 4380 2900 4450 ἀπῄει
2954 4383 3163 4446 πείσας,
3211 4383 3245 4454 ἦ
3292 4384 3510 4442 πάντας,
3548 4373 3712 4446 ἢτούς
3775 4437 3777 4446 4

499 4453 651 4527 Saepe
672 4461 816 4514 enim
838 4477 958 4517 cum
981 4467 1343 4524 acerbissimis
1372 4469 1539 4540 plagis
1567 4475 1801 4542 acceptis
1823 4477 2069 4535 iuventus

2186 4466 2419 4529 πολλούς.
2453 4468 2718 4534 Πολλάκις
2741 4471 2846 4544 γὰρ
2874 4473 3114 4544 εὑρεθεὶς
3143 4453 3282 4543 μετά
3312 4471 3518 4542 πληγὰς
3547 4463 3710 4536 ἀνηκέο

495 4559 638 4603 esset
665 4552 732 4615 ¹¹,
793 4553 954 4622 inque
989 4556 1137 4611 urbis
1167 4557 1310 4613 illius
1343 4561 1615 4642 suburbiis
1655 4564 1878 4635 ejectus,
1902 4584 2063 4638 quam

495 4639 773 4693 erudiebat
799 4647 864 4693 ad
898 4644 1149 4710 pietatem
1171 4689 1186 4712 ,
1215 4649 1342 4716 quin
1374 4659 1428 4704 et
1452 4639 1548 4720 pro
1579 4664 1790 4710 mortuo
1810 4672 1920 4726 pra:
1947 4674 2064 4713 ma-

495 4734 665 4781 lorum
697 4733 961 4799 gravitate
988 4735 1223 4802 habitus,
1250 4741 1507 4808 postridie
1547 4743 1720 4800 forum
1759 4757 1970 4817 petens.
1999 4766 2064 4806 ac

493 4818 770 4873 dexteram
801 4826 1150 4892 protendens,
1209 4842 1302 4883 eos
1354 4830 1545 4886 iterum
1585 4835 1833 4906 docebat,
1871 4840 1964 4909 qui
1993 4840 2060 4895 ad

495 4911 684 4962 mortis
715 4909 857 4978 ipsas
911 4911 1092 4968 fauces
1125 4915 1477 4974 adduxissent
1505 4936 1522 4975 :
1562 4921 1642 4976 sic
1671 4923 1807 4978 nihil
1831 4929 2060 4983 curabat

491 5013 710 5068 corpus,
741 4999 971 5069 fortique
1008 5006 1190 5061 animo
1240 5011 1293 5063 in
1338 5026 1585 5081 supernae
1611 5016 1910 5073 vocationis
1936 5033 2060 5074 sco-

493 5108 616 5158 pum
648 5093 947 5160 intendens,
1003 5099 1339 5167 decertabat,
1361 5104 1587 5160 subinde
1612 5109 1935 5178 provincias,
1969 5127 2059 5167 ur-

491 5188 585 5237 bes
614 5183 842 5239 subiude
892 5197 1125 5254 mutans,
1158 5201 1298 5246 terra
1349 5195 1617 5252 desudans
1650 5197 1860 5256 labores
1889 5213 2057 5272 atque

489 5275 808 5343 certamina,
857 5279 1133 5337 accinctus
1181 5284 1247 5337 ad
1282 5287 1450 5342 maris
1506 5291 1760 5358 pericula,
1811 5293 1957 5348 clare
1994 5310 2058 5350 ac

490 5368 690 5424 diserte
711 5385 873 5428 orans
903 5375 969 5429 ad
998 5375 1289 5432 frementes
1332 5380 1573 5450 populos,
1598 5381 1871 5450 judicibus
1898 5385 2052 5442 iratis

488 5461 849 5530 satisfaciens,
878 5464 1131 5524 Hebrzeos
1155 5473 1222 5526 ad
1251 5471 1452 5526 Christi
1492 5475 1817 5544 agnitionem
1843 5493 1873 5530 a
1902 5475 2054 5533 Scri-

487 5552 663 5617 pturis
688 5553 964 5625 inducens,
991 5575 1124 5628 quas
1171 5561 1245 5616 illi
1275 5563 1328 5616 in
1370 5565 1544 5632 pretio
1580 5566 1839 5622 haberent
1865 5585 1880 5634 ;
1904 5567 2053 5624 Grat-

558 5764 604 5798 ⁸³
626 5765 747 5821 Act.
783 5784 891 5832 xvr,
922 5770 992 5823 2?.
1017 5791 1135 5842 sqq.
1219 5778 1258 5808 ³³
1287 5779 1408 5850 ch.
1446 5782 1554 5838 τόν.

2175 4575 2352 4622 στους,
2387 4560 2480 4613 καὶ
2523 4562 2700 4632 ῥιφεὶς
2741 4565 2799 4617 ὲν
2840 4565 3185 4635 προαστείοις
3225 4567 3326 4637 τῆς
3358 4565 3556 4624 πόλεως
3589 4554 3709 4610 ὲκεί-

2170 4669 2290 4722 νης,
2323 4653 2387 4723 ἣν
2419 4654 2795 4725 ἐμυσταγώγει
2829 4658 2964 4728 πρὸς
2994 4659 3090 4730 τὴν
3121 4661 3424 4721 εὐσέϐειαν,
3467 4648 3708 4725 νομισθεὶς
3775 4691 3777 4698 .

2167 4747 2223 4799 δὲ
2259 4749 2350 4800 καὶ
2375 4749 2623 4804 τεθνάναι
2661 4751 2748 4805 διὰ
2772 4752 2833 4805 τὸ
2868 4752 3096 4823 μέγεθος
3128 4754 3236 4807 τῶν
3264 4752 3468 4815 δεινῶν,
3489 4751 3550 4819 τῇ
3575 4747 3705 4797 ὕστε’
3776 4809 3777 4814 η

2169 4841 2299 4911 ραία
2322 4841 2420 4912 τὴν
2448 4842 2652 4915 ἀγορὰν
2684 4844 3024 4910 καταλαϐὼν,
3061 4845 3153 4897 καὶ
3187 4845 3285 4917 τὴν
3314 4841 3492 4908 δεξιὰν
3519 4830 3705 4907 προτεί-

2165 4949 2281 4995 νας.
2319 4933 2480 4986 πάλιν
2509 4934 2783 4988 ἐδίδασκεν
2803 4937 2926 5000 τοὺς
2958 4938 3124 5006 ἐγγὺς
3153 4937 3454 5006 ἀγαγόντας
3479 4927 3702 4984 θανάτου·

2162 5024 2335 5088 οὕτως
2366 5025 2518 5078 οὐδὲν
2543 5027 2689 5097 αὐτῷ
2721 5028 2815 5081 τοῦ
2853 5028 3101 5099 σώματος
3140 5029 3378 5101 ἔμελλεν
3401 5025 3530 5095 πρὸς
3556 5019 3606 5072 δὲ
3626 5014 3704 5116 τόν

2164 5117 2366 5170 σκοπὸν
2397 5116 2612 5186 βλέπων
2647 5119 2746 5188 τῆς
2778 5120 2890 5173 ἄνω
2931 5121 3195 5191 κλήσεως,
3239 5115 3496 5190 καρτερὸς
3526 5113 3700 5179 ἡγωνί·
3775 5163 3778 5192 τ

2161 5208 2302 5273 ζετο,
2338 5208 2522 5278 χώραν
2570 5211 2633 5262 ὲκ
2680 5211 2861 5282 χώρας
2900 5212 3162 5282 ἀμείϐων,
3206 5212 3356 5265 πόλιν
3398 5209 3458 5262 ἐκ
3497 5201 3700 5258 πόλεως,

2160 5302 2272 5362 τοῖς
2301 5303 2442 5353 κατὰ
2487 5302 2590 5371 γῆν
2628 5303 2810 5366 πόνοις
2850 5303 3104 5368 ὲναθλῶν,
3135 5305 3270 5377 πρὸς
3301 5303 3423 5362 τοὺς
3454 5293 3698 5351 κινδύνους
3776 5375 3777 5378 η

2161 5393 2284 5455 τοὺς
2344 5393 2409 5445 ἐκ
2462 5393 2732 5466 θαλάττης
2785 5397 3278 5468 παραταττόμενος,
3345 5392 3474 5463 πρὸς
3521 5386 3697 5480 δήμμοιςς
3775 5445 3777 5472 ἲ

2160 5485 2530 5554 φρεμένοντας
2553 5489 2570 5507 ⁶
2597 5486 2906 5558 ρητορεύων
2924 5487 3126 5555 σαφῶς,
3145 5487 3418 5545 δικασταῖς
3445 5474 3677 5572 ὁργιξςλμξ

2157 5596 2263 5642 νοις
2298 5580 2750 5653 ἀπολογούμενος·
2799 5582 3082 5654 Ἐϐραίους
3117 5584 3320 5651 ἐνάγων
3357 5578 3433 5639 εἰς
3468 5571 3559 5625 τῂν
3588 5568 3690 5617 έπί’
3774 5628 3777 5636 η
