3856 6274
116 331 206 390 293
927 292 1231 389 CHOMILIA
1271 332 1402 390 vm.
1445 333 1516 389 IN
1550 325 1652 391 ss.
1695 333 1980 394 PETRUM
2019 335 2107 392 ET
2143 334 2461 394 PAULUM.

3237 340 3345 397 294

116 467 291 519 γνωσιν
309 449 403 504 τοῦ
424 451 683 523 Χριστοῦ,
709 452 798 508 διὰ
830 454 937 509 τῶν
966 456 1097 528 παρ’
1130 456 1315 520 αὐτοῖς
1336 454 1656 526 τιμωμένων

1764 469 1858 509 cos
1882 456 2120 510 externis
2151 471 2214 511 ac
2246 455 2485 527 profanis
2515 454 2775 512 doctrinis
2815 452 3121 518 inﬂectens,
3145 468 3208 509 ac
3239 470 3343 510 na.

116 542 430 614 γραμμάτων
449 561 465 575 ·
495 544 763 616 Ἕλληνας
793 550 907 615 τοῖς
934 548 1132 614 ἔξωθεν
1162 548 1428 602 δυσωπῶν
1455 547 1658 616 λόγοις,

116 636 321 698 καὶτοῖς
353 635 624 707 ἀγράφοις
655 637 841 709 νόμοις
879 639 980 711 τῆς
1015 638 1258 708 φύσεως·
1303 640 1663 710 Χριστιανοὺς

118 726 340 798 βεὸαιῶν·
371 728 745 799 προσηλύτους
785 730 1104 803 οἰκοδομῶν,
1146 730 1242 785 καὶ
1289 730 1502 802 τρέφων
1547 732 1663 795 τοῖς

117 821 416 892 προσφόροις
442 822 788 893 διδάγμασιν,
816 824 892 888 ὡς
919 820 1214 897 φυτουργοὶ
1257 825 1327 879 τὰ
1357 824 1525 896 νεαρὰ
1553 824 1663 881 τῶν

118 914 288 982 φυτῶν,
332 918 398 985 τῇ
441 916 741 987 συμμέτρῳ
792 917 887 971 καὶ
930 917 1269 990 πεφεισμένῃ
1302 917 1409 973 τῶν
1455 917 1661 972 ὑδάτων

117 1005 336 1075 ἐπιρροῇ.
377 1008 441 1057 ὐ
482 1006 540 1059 δὲ
587 1007 819 1076 μάλιστα
859 1008 1131 1063 δείκνυσιν
1172 1008 1339 1064 αὑτοῦ
1370 1010 1470 1081 τὴν
1498 1012 1557 1066 ὲν
1581 1010 1663 1065 λό-

115 1113 209 1164 γοις
237 1097 404 1167 ἰσχὺν,
437 1097 867 1168 καταμάθωμεν.

179 1188 407 1257 Ἀθῆναι,
441 1188 596 1252 πόλις
642 1190 790 1242 ἐστὶν
826 1190 1217 1263 προκαθημένῃ
1263 1190 1362 1262 τῆς
1417 1191 1656 1262 Ἀχαιίας,

116 1280 242 1333 ἑστία
281 1279 472 1348 λόγων,
523 1279 598 1343 ὡς
651 1283 912 1351 προεῖπον
956 1280 1125 1352 αὐτὴν
1171 1283 1220 1335 οί
1262 1283 1656 1354 εὐφημοῦντες,

118 1371 264 1439 σοφῶν
288 1372 497 1442 ἀνδρῶν
526 1371 619 1424 καὶ
643 1372 752 1425 τῶν
784 1374 840 1425 ὲν
868 1372 1046 1441 λόγοις
1075 1374 1292 1437 ζώντων
1318 1374 1547 1428 παλαιὸν
1567 1378 1660 1448 ἐρ-

115 1465 397 1534 γαστήριον.
441 1465 594 1517 Ἐπεὶ
611 1466 790 1519 τοίνυν
810 1467 838 1518 ό
865 1463 1070 1528 Παῦλος
1099 1465 1160 1518 τὸ
1197 1464 1487 1537 Ἰλλυρικὸν
1513 1465 1659 1520 ἀπαν

114 1556 409 1628 διαδραμών,
440 1558 535 1612 καὶ
565 1558 841 1630 πανταχοῦ
874 1559 1035 1632 ῥίψας
1060 1560 1187 1624 τοὺς
1214 1560 1518 1632 σπινθῆρας
1558 1562 1658 1633 τῆς

116 1649 334 1715 πίστεως,
366 1650 463 1714 οὓς
500 1652 561 1704 τὸ
591 1652 816 1723 Πνεῦμα
850 1651 1184 1722 παμλαὸὼν
1216 1653 1534 1725 ἀνερῤίπιζε
1563 1656 1659 1709 καὶ

115 1740 384 1806 ἀσϐέστους
408 1744 615 1815 ἐτήρει,
635 1738 768 1814 ἦλθε
797 1744 938 1798 κατὰ
961 1745 1063 1815 τὴν
1090 1745 1278 1817 χρείαν
1292 1746 1390 1817 τῆς
1406 1747 1654 1820 περιόδου

115 1832 333 1903 καὶπρὸς
355 1835 484 1898 τοὺς
513 1835 705 1903 σοφοὺς
742 1836 1074 1907 Ἀθηναίους.
1100 1839 1340 1910 Πρᾶγμα
1363 1834 1433 1911 ἦν
1453 1840 1657 1911 πολλῆς

116 1922 348 1995 μερίμνης
392 1924 566 1989 ἄξιον,
616 1925 732 1991 πῶς
770 1926 836 1980 ἂν
878 1930 908 1982 ό
953 1930 1328 2001 σκηνορῤάφος
1366 1934 1491 1996 τοὺς
1527 1934 1658 2004 περὶ

114 2014 221 2068 θεοῦ
266 2016 456 2085 λόγους
509 2018 738 2082 ἐκείνοις
783 2019 1240 2093 δημηγορήσειεν,
1286 2026 1400 2088 τοῖς
1447 2025 1657 2092 ἀξιοῦσι

115 2106 229 2160 κατὰ
254 2109 498 2162 παιδείαν
526 2110 743 2164 πάντων
769 2109 886 2181 άμα
917 2110 1220 2182 βασιλεύειν
1243 2113 1565 2187 ἀνθρώπων.
1597 2117 1658 2169 '0

113 2197 157 2250 δὲ
188 2200 392 2269 μεγέθει
435 2201 674 2272 φύσεως,
720 2203 815 2255 καὶ
843 2202 1055 2275 πλούτῳ
1078 2203 1178 2275 τῆς
1210 2204 1415 2259 ἄνωθεν
1448 2205 1658 2279 δωρεᾶς

115 2288 461 2362 ἐπαιρόμενος,
488 2293 591 2363 οὐχ
626 2293 722 2347 ’ἐνα
758 2293 867 2348 τῶν
890 2295 1204 2366 ὖποστέγων
1228 2297 1406 2369 δόμων
1430 2299 1659 2353 κατέλα-

115 2378 205 2447 ϐεν,
250 2383 364 2436 οὐδὲ
417 2386 507 2455 ἐφ’
547 2386 664 2451 ὲνδς
704 2387 1069 2459 ἐργαστηρίου
1117 2390 1366 2457 καθίσας,
1421 2391 1657 2458 διάλεξιν

118 2474 391 2549 ἐποιήσατο,
428 2479 510 2543 ὡς
538 2479 797 2536 εἰώθεσαν
830 2480 924 2535 καὶ
949 2483 999 2534 οί
1028 2481 1233 2553 πρῶτοι
1258 2483 1366 2539 τῶν
1389 2485 1519 2557 παρ’
1557 2486 1656 2539 αὐ-

116 2570 203 2630 τοῖς
250 2569 552 2640 φιλοσόφων
608 2575 844 2627 συνεῖναι
889 2577 1002 2638 τοῖς
1044 2575 1434 2646 πλησιάζουσιν
1454 2594 1469 2609 ⁸
1519 2577 1657 2632 ἀλλὰ

118 2658 225 2728 πρὸς
257 2660 343 2714 τὸν
370 2658 615 2733 ’Δρειον’
630 2663 803 2732 πάγον
844 2664 1193 2736 ἀναδραμὼν,
1223 2665 1350 2720 ἔνθα
1391 2662 1459 2738 ἦν
1493 2667 1656 2741 βουλή

118 2749 289 2823 σκληρὰ
317 2753 410 2806 καὶ
444 2753 729 2823 ἐπίφοϐος,
758 2759 878 2820 ταῖς
904 2760 1149 2825 φονικαῖς
1181 2759 1359 2821 δίκαις
1405 2759 1658 2826 δικάζου-

119 2855 183 2893 σα·
210 2843 368 2915 εὑρὼν
405 2844 463 2898 δὲ
504 2845 706 2916 πλῆθος
731 2848 849 2900 ἐκεῖ
882 2847 1289 2919 συνειλεγμένον
1327 2850 1484 2912 πολὺ,
1525 2838 1662 2916 στᾶς’

117 2928 404 3005 ἐδημηγόρει
464 2934 610 3005 ὑπὲρ
657 2935 782 2997 τοὺς
823 2934 1017 2999 ἐθάδας
1062 2937 1318 3008 ῥήτορας,
1365 2939 1491 3003 τοὺς
1531 2938 1652 2993 καθ’

118 3023 289 3095 ἡμέραν
329 3027 459 3100 παρ’
500 3027 681 3092 αὐτοῖς
721 3027 1175 3100 ἀγωνιζομένους.
1212 3028 1406 3084 Λαϐὼν
1453 3030 1511 3084 δὲ
1554 3028 1656 3104 τὴν

119 3112 257 3228 ῗρχὴν
301 3116 359 3181 ἐξ
396 3118 847 3189 ἐπιγράμματος,
900 3118 1037 3190 ὅπερ
1068 3114 1136 3190 ἦν
1182 3120 1652 3193 ἐγκεκολαμμένον
1680 3167 1725 3228 c

119 3204 271 3279 βωμῷ,
325 3210 585 3263 κάκεῖθεν
639 3211 824 3272 αὐτοῖς
886 3210 1213 3283 εὐαφόρμως
1256 3212 1348 3265 τὸν
1382 3213 1655 3282 ἄγνωστον

118 3301 438 3368 λαταγγείλας
473 3300 634 3365 Θεὸν,
681 3303 775 3357 καὶ
808 3300 1096 3373 σύμπαντα
1148 3302 1409 3372 τὸνλόγον
1457 3320 1657 3374 συμπε-

117 3390 409 3463 ρανάμενος,
443 3392 704 3449 τοσοῦτον
766 3394 974 3466 ἀπέσχε
1029 3393 1125 3448 τοῦ
1188 3395 1264 3459 ὡς
1304 3394 1518 3467 ἰδιώτης
1555 3397 1655 3467 τῆς

116 3478 276 3544 ἔξωθεν
305 3484 502 3553 σοφίας
534 3484 856 3556 διαμαρτεῖν
881 3501 934 3536 τι
958 3485 1087 3557 περὶ
1122 3485 1249 3548 τοὺς
1271 3483 1480 3553 λόγους,
1514 3483 1655 3539 ὥστε

116 3570 186 3622 τὸν
205 3579 484 3647 κορυφαῖον
514 3574 629 3631 τῶν
672 3577 1071 3648 Ἀρεοπαγιτῶν
1095 3576 1185 3631 τὸν
1209 3577 1505 3642 Διονύσιον,
1539 3577 1656 3649 ἅμα

120 3662 197 3730 μὲν
233 3670 292 3738 τῇ
328 3669 549 3738 γυναικὶ
580 3666 771 3732 πείσας
803 3668 1121 3739 μετέστησε,
1150 3670 1244 3723 καὶ
1278 3668 1372 3722 τοῦ
1417 3669 1653 3741 Χριστοῦ

119 3757 368 3825 εἰργάσατο
398 3760 612 3824 δοῦλον,
653 3760 711 3828 ἐξ
752 3761 868 3824 ἑνὸς
911 3760 1120 3833 βωμοῦ,
1170 3762 1265 3816 καὶ
1308 3762 1508 3835 μικροῦ
1537 3764 1656 3816 ὲπι-

120 3849 421 3922 γράμματος,
460 3853 674 3908 πολλῶν
701 3854 1017 3925 ἀποστήσας
1051 3854 1270 3927 βωμῶν.

170 4108 427 4168 Κατελθὼν
489 4116 551 4170 δὲ
615 4115 839 4188 νικητὴς
909 4115 1117 4171 ἐκεῖθεν
1140 4156 1156 4180 ,
1226 4116 1356 4172 ἔνθα
1422 4118 1654 4189 μάλιστα

120 4200 265 4271 ίσχυεν
282 4206 310 4258 ὀ
334 4207 628 4279 πολεμικὸς
662 4208 770 4260 τῶν
816 4207 1080 4280 Ἐλλήνων
1107 4207 1332 4280 δαίμων,
1363 4210 1571 4263 ἐκεῖθεν
1598 4210 1654 4263 δὲ

121 4296 318 4363 μεταϐὰς
343 4302 478 4370 πρὸς
500 4302 604 4370 τὴν
631 4301 849 4369 γείτονα
870 4301 1025 4355 πόλιν
1048 4301 1145 4371 τὴν
1172 4296 1456 4373 Κόρινθον,
1490 4298 1654 4357 οὖσαν

118 4385 195 4456 τῆς
227 4389 432 4460 ’Δχαϊας
458 4392 812 4463 μητρόπολιν,
847 4394 941 4446 καὶ
992 4392 1230 4464 λαλήσας
1278 4395 1336 4446 ὲν
1378 4396 1499 4458 ταῖς
1528 4410 1655 4446 συν-

1767 555 1901 600 turze
1932 546 2137 616 legibus
2169 562 2272 601 non
2311 547 2549 616 scriptis,
2602 546 2933 601 conﬁrmans
2983 545 3340 610 Christianos,

1763 638 2066 709 proselytas
2113 650 2168 695 et
2225 639 2315 709 qui
2377 640 2497 694 tldei
2554 637 2920 695 accessissem
2957 637 3250 701 aedificans,
3280 652 3345 691 ac

1762 731 2018 800 congruis
2045 730 2307 785 doctrinis
2337 730 2508 796 alens,
2537 730 2615 785 uti
2671 740 2882 785 satores
2934 726 3171 784 novellas
3194 729 3343 798 plan-

1767 831 1870 889 tas,
1909 825 2189 878 moderato
2236 839 2298 879 ac
2333 824 2597 893 castigato
2628 838 2891 892 aquarum
2928 821 3129 876 inﬂnxu
3162 822 3346 875 fovent

1762 929 1826 970 ac
1850 924 2115 971 recreant.
2170 914 2320 983 Quod
2361 930 2490 970 vero
2544 914 2660 981 ejus
2712 914 2947 969 maxime
2970 914 3081 966 vim
3128 912 3343 969 dicendi

1764 1006 2026 1070 ostendit,
2054 1004 2108 1060 id
2139 1021 2267 1060 vero
2290 1005 2678 1075 perdiscamus.

1833 1185 2079 1253 Athena},
2103 1185 2236 1242 urbs
2280 1194 2364 1242 est
2387 1186 2608 1241 Achaiae
2635 1184 2918 1256 primaria,
2968 1186 3339 1244 doctrinarum

1762 1279 1936 1343 sedes,
1975 1279 2052 1332 uti
2105 1278 2233 1333 olim
2285 1279 2622 1334 laudatorum
2675 1293 2774 1336 ore
2814 1280 3011 1335 meruit
3056 1280 3341 1346 celebrari,

1765 1370 2003 1423 virorum
2028 1371 2355 1439 sapientum,
2388 1386 2452 1425 ac
2476 1370 2781 1425 litterarum
2830 1372 3118 1426 colentium
3141 1372 3337 1433 studia.

1760 1465 1979 1534 antiqua
2005 1463 2240 1519 ollicina.
2277 1463 2412 1530 Quia
2457 1460 2591 1535 ergo"
2620 1463 2819 1520 Paulus
2856 1474 3023 1519 totum
3068 1464 3339 1536 Illyricum

1760 1568 2107 1622 percurrens,
2160 1568 2226 1608 ac
2284 1552 2487 1623 ubique
2542 1568 2804 1625 spargens
2862 1555 3134 1612 scintillas
3191 1557 3337 1622 ﬁdei,

1759 1660 1897 1716 quas
1936 1661 2139 1716 anapex
2169 1643 2404 1716 Spiritus
2444 1647 2718 1702 excitabat
2747 1646 2813 1713 ",
2846 1648 3101 1718 vivasque
3128 1663 3341 1719 semper

1761 1739 2052 1806 servabat,
2106 1739 2416 1794 necessario
2447 1739 2677 1793 circuitu
2727 1739 2793 1793 ad
2825 1739 3096 1809 sapientes
3123 1755 3341 1810 quoque
3380 1744 3387 1761 ‘

1692 1812 1734 1870 Β
1760 1832 2120 1888 Athenienses
2151 1842 2410 1889 venerat:
2440 1847 2526 1888 res
2553 1843 2669 1887 erat
2696 1832 2861 1888 multa
2896 1834 3054 1904 digna
3083 1834 3342 1890 sollicitu-

1762 1925 1885 1979 dine
1920 1942 1935 1980 :
1973 1939 2077 1994 qua
2104 1939 2231 1980 vero
2259 1924 2468 1981 ratione
2497 1926 2761 1981 coriarius
2783 1927 2963 1993 homo,
3000 1943 3097 1996 pro
3120 1929 3340 1983 concio-

1762 2029 1829 2069 ne
1872 2015 1939 2069 de
1994 2017 2103 2071 Deo
2158 2017 2430 2086 apud'eos
2464 2027 2717 2071 oraturus
2753 2026 2918 2084 esset,
2967 2018 3056 2087 qui
3086 2020 3341 2075 universo

1761 2106 1921 2161 simul
1953 2107 2191 2163 humano
2219 2109 2427 2179 generi,
2456 2119 2517 2165 ut
2575 2110 2934 2166 eruditionem
2966 2121 3198 2181 spectes,
3244 2113 3342 2167 do-

1762 2201 1956 2256 minari
1989 2200 2195 2257 vellent
2221 2201 2245 2255 ?
2267 2201 2358 2257 llle
2407 2202 2755 2259 nihilominus
2780 2203 2943 2259 animi
2975 2219 3037 2259 ac
3056 2203 3197 2274 genii
3226 2218 3340 2259 nta-

1758 2293 2059 2365 gnitudine,
2090 2295 2419 2364 supernique
2437 2294 2563 2350 doni
2593 2294 2763 2350 fretus
2788 2295 3017 2363 divitiis,
3040 2310 3144 2351 non
3175 2311 3336 2349 unam

1759 2387 1998 2456 aliquam
2061 2388 2218 2456 petiit
2257 2387 2700 2459 subtegulaneam
2757 2389 3000 2453 domum,
3059 2397 3219 2443 autve
3281 2388 3339 2443 in

1758 2482 1991 2548 quadam
2021 2479 2231 2536 olIicina
2270 2480 2484 2547 sedens,
2533 2481 2807 2549 disputare
2856 2480 3040 2549 coepit,
3068 2479 3339 2548 quomodo

1760 2575 1925 2629 etiam
1961 2574 2119 2644 primi
2154 2589 2217 2628 ac
2265 2573 2518 2643 praecipui
2567 2574 2707 2643 apud
2728 2587 2822 2628 eos
2848 2573 3175 2643 phil050plti,
3214 2588 3337 2627 cum

1759 2667 1845 2731 iis,
1889 2666 1979 2736 qui
2012 2667 2292 2736 propiores
2352 2665 2593 2732 adibant,
2634 2678 2997 2720 consuescere
3057 2664 3336 2732 solebant;

1756 2760 1850 2814 sed
1872 2761 1936 2814 ad
1972 2760 2146 2828 ipsum
2206 2758 2546 2828 Areopagum
2600 2772 2917 2822 excurrens,
2968 2757 3060 2811 ubi
3117 2772 3339 2813 severus

1756 2853 1975 2920 quidam
2005 2867 2069 2907 ac
2094 2852 2449 2908 formidabilis
2479 2861 2719 2914 senatus,
2746 2850 3001 2920 capitales
3035 2865 3226 2905 causas
3252 2850 3337 2920 ju-

1732 2942 1965 3010 'dicans,
1994 2945 2237 3008 sedebat,
2289 2945 2616 3015 inventaque
2648 2942 2778 3011 ,illic
2837 2942 3063 2996 collecta
3119 2940 3338 3011 c0piosa

1757 3036 2101 3092 multitudine
2131 3045 2307 3098 stans,
2340 3034 2555 3105 publica
2601 3032 2867 3088 concione
2899 3039 3184 3086 consuetos
3213 3044 3335 3084 ora-

1759 3138 1902 3183 tores
1935 3128 2209 3194 vincebat,
2229 3142 2457 3199 quorum
2494 3126 2632 3196 apud
2683 3139 2776 3180 eos
2805 3124 3125 3193 eloquentiae
3156 3130 3332 3177 certa-

1760 3221 1904 3275 mina
1956 3218 2194 3289 quotidie
2245 3227 2422 3275 erant.
2484 3216 2655 3272 Ducto
2687 3224 2864 3270 autem
2899 3213 3124 3269 exordio
3153 3214 3220 3267 ab
3249 3212 3333 3267 in-

1756 3311 2075 3385 scriptione.
2104 3325 2224 3380 quae
2249 3310 2405 3365 altari
2440 3308 2708 3378 insculpta
2741 3316 2880 3373 erat,
2916 3305 3139 3375 ejusque
3173 3320 3333 3360 occav

1755 3405 1910 3460 sione
1941 3406 2182 3475 ignotum
2214 3403 2301 3463 eis,
2328 3402 2493 3456 Deum
2538 3409 2837 3470 opportune
2893 3398 3246 3462 annuntians,
3273 3412 3334 3452 ac

1756 3499 1972 3551 demum
2009 3504 2120 3550 tota
2181 3493 2426 3549 absoluta
2483 3492 2750 3558 oratione,
2805 3499 3012 3544 tantum
3070 3489 3222 3543 abest
3277 3496 3335 3544 ut

1755 3589 1919 3643 idiota
1950 3587 2038 3643 ille
2066 3602 2131 3642 ac
2159 3588 2327 3650 rudis,
2366 3587 2509 3657 quod
2561 3585 2629 3640 ad
2678 3593 2958 3641 externam
3010 3582 3332 3653 sapientiam

1755 3688 1980 3750 spectat,
2004 3678 2207 3749 aliquid
2272 3678 2502 3734 dicendo
2549 3676 2878 3747 peccaverit,
2913 3676 3154 3729 utetiam
3179 3689 3333 3729 sena-

1755 3783 1842 3827 tus
1870 3771 2132 3842 ejusmodi
2156 3769 2454 3841 principem
2504 3769 2842 3839 Dionysium,
2881 3782 2990 3822 una
3022 3782 3143 3821 cum
3168 3781 3334 3822 uxor:

1760 3862 1925 3919 dictis
1951 3862 2385 3933 acquiescentcm
2421 3861 2775 3926 converterit,
2805 3875 2869 3914 ac
2888 3858 3089 3914 Christi
3114 3874 3334 3915 servum

1752 3953 2100 4022 σπείρει-ἥκοι)
2126 3969 2231 4009 uno
2247 3953 2404 4009 altari
2430 3968 2494 4008 ac
2515 3967 2677 4023 parva
2702 3952 2935 4023 quadam
2964 3950 3334 4022 inscriptione,

1703 4046 1717 4057 '
1758 4062 1787 4101 a
1824 4045 2121 4102 multorum
2150 4045 2414 4115 religione
2438 4044 2691 4099 altarium
2714 4052 2986 4098 avertens.

1823 4137 1954 4194 Inde
1981 4152 2113 4194 vero
2148 4138 2324 4193 victor
2371 4136 2608 4201 rediens,
2655 4134 2747 4191 ubi
2779 4135 3012 4190 maxime
3040 4133 3194 4190 fortis
3217 4140 3334 4188 erat

1754 4228 1983 4285 bellicus
2035 4228 2318 4301 gentilium
2382 4229 2614 4290 daemon,
2640 4241 2705 4284 ac
2733 4227 2858 4282 inde
2882 4226 2949 4280 ad
2976 4226 3209 4280 vicinam
3241 4240 3332 4279 ur-

1754 4323 1877 4378 bem
1900 4322 2220 4378 Corinthum
2278 4321 2571 4386 transiens,
2602 4314 2819 4374 Achaiae
2855 4317 3213 4388 metropolim,
3252 4315 3332 4370 lo-
3408 4383 3425 4399 .

1754 4429 2034 4486 qnensque
2067 4415 2123 4469 in
2176 4414 2469 4486 synagogis
2508 4412 2810 4469 doctrinam
2854 4410 3169 4477 salutarem,
3200 4408 3332 4465 abiit

118 4483 321 4546 ατωγαῖς
343 4481 402 4535 τὸ
433 4484 702 4555 σωτήριον
723 4483 978 4553 δίδαγμα,
1002 4482 1173 4554 ᾤχετο
1201 4484 1350 4553 ἄγων
1380 4485 1653 4557 προσήλυ-

1762 4481 2010 4577 adjuncto
2049 4481 2222 4575 ﬁdei;
2253 4481 2358 4562 non
2389 4481 2507 4561 uno
2539 4503 2720 4573 aliquo
2760 4516 2792 4557 e
2825 4502 3027 4569 multis,
3063 4493 3158 4557 seu
3187 4502 3331 4575 vulgi

117 4582 204 4629 ιον,
230 4570 317 4643 οὐχ
339 4574 435 4628 ἕνα
465 4575 579 4627 τῶν
612 4574 843 4638 πολλῶν,
865 4576 986 4629 οὐδὲ
1019 4577 1126 4629 τῶν
1150 4578 1533 4649 ἐπιτυχόντων,
1560 4580 1654 4634 ἀλ-

117 4653 171 4710 λὰ
194 4661 334 4717 αὐτὸν
356 4665 446 4718 τὸν
477 4667 946 4738 ἀρχισυνάγωγον,
979 4671 1114 4739 μετά
1142 4670 1237 4724 τοῦ
1271 4672 1473 4737 παντὸς
1503 4672 1653 4745 πλή-

118 4747 219 4816 θῡυς
233 4755 322 4827 τῆς
341 4759 538 4825 οίκίαςο
566 4759 663 4814 καὶ
689 4762 920 4829 νικήσας
954 4761 1063 4815 ἀπὸ
1084 4764 1327 4835 κορυφῆς
1348 4764 1438 4818 τὸν
1463 4766 1648 4836 νόμον,

118 4843 194 4895 καὶ
218 4851 507 4917 μεγαλύνας
533 4852 625 4905 τὸν
653 4853 903 4924 σταυρὸν,
937 4852 1014 4917 ώς
1044 4854 1243 4925 ὑψηλὸν
1264 4857 1539 4927 τρόπαιον,
1566 4858 1650 4911 οὖ-

117 4948 179 4986 1w
208 4941 446 5013 κάκείνην
479 4944 663 5014 ἀφῆκε
690 4946 788 5017 τὴν
816 4946 991 5011 πόλιν,
1024 4947 1102 5019 τῷ
1125 4949 1344 5020 Χριστῷ
1372 4950 1651 5021 ὑποκύψα-

120 5043 214 5082 σαν.
237 5033 334 5087 Τοῦ
357 5037 411 5090 δὲ
438 5039 632 5109 χρόνου
662 5039 960 5110 προϊόντος,
992 5042 1086 5095 καὶ
1112 5041 1207 5095 τοῦ
1241 5040 1401 5110 λόγου
1429 5042 1526 5114 τῆς
1550 5046 1658 5097 εὑ·-

120 5121 299 5190 σεϐείας
320 5132 774 5201 προσκόπτοντος,
805 5131 995 5204 ῶσπερ
1026 5150 1111 5197 τις
1142 5136 1445 5206 στρατηγὸς
1482 5136 1654 5190 διετέ-

119 5209 198 5264 λει·
225 5220 629 5293 προσκτώμενος
666 5223 744 5294 τῷ
795 5224 1008 5296 βασιλεῖ
1040 5225 1164 5280 καθ’
1194 5226 1407 5298 ἡμέραν
1449 5229 1653 5298 πόλεις,

121 5303 297 5373 κώμας,
323 5312 543 5382 ἀγροὺς.
584 5314 904 5371 ὑποκόπτων
941 5317 1011 5372 τὰ
1045 5318 1213 5391 νεῦρα
1260 5321 1354 5374 τοῦ
1390 5322 1656 5395 πρότερον

121 5401 403 5467 κρατοῦντος
429 5408 714 5478 τυράννου.

174 5490 427 5565 Μετῆλθεν
455 5495 549 5553 οὖν
583 5501 645 5555 ὲκ
676 5502 938 5575 Κορίνθου
974 5504 1110 5576 πρὸς
1137 5504 1236 5577 τὴν
1280 5505 1388 5560 τῶν
1422 5507 1654 5561 Πισίδων

148 5574 292 5650 ὠραν,
324 5583 435 5642 εἶτα
457 5590 559 5661 τήν
583 5574 883 5647 Λυκαονίαν
912 5574 1126 5660 καὶτὰς
1152 5574 1252 5667 τῆς
1283 5596 1522 5668 Φρυγίας
1550 5598 1648 5652 πό·

182 5775 342 5838 “Act.
371 5804 495 5856 χιιι,
527 5792 594 5846 16
617 5805 767 5867 seqq.
846 5796 890 5827 ¹⁸
912 5798 1031 5852 Act.
1066 5812 1217 5863 XVIII.
1248 5795 1302 5852 8ο

1756 4599 2008 4668 homine,
2039 4613 2229 4654 verum
2280 4596 2522 4668 principe
2581 4597 2697 4668 ipso
2725 4594 3025 4667 Synagogm
3065 4610 3188 4650 cum
3221 4604 3331 4650 tota

1757 4692 1917 4746 domo
1947 4689 2014 4755 “,
2072 4699 2235 4755 atque
2290 4703 2320 4743 a
2357 4688 2563 4742 vertice
2615 4686 2743 4755 legis
2799 4687 2993 4751 victor,
3063 4699 3333 4754 cruceque

1754 4779 1993 4845 sublimi,
2032 4779 2206 4835 instar
2247 4777 2433 4846 tropaei
2474 4777 2762 4848 magniﬁce
2810 4777 2972 4840 elata,
3007 4773 3086 4829 sic
3118 4788 3334 4843 quoque

1754 4871 1900 4927 illam
1929 4871 2148 4943 reliquit
2169 4870 2440 4927 civitatem
2464 4869 2679 4926 Christo
2700 4884 2759 4925 se
2781 4858 3148 4924 inclinantem.
3173 4864 3333 4920 Tem-

1755 4964 1906 5034 poris
1941 4975 2122 5021 autem
2174 4978 2452 5036 processu,
2486 4977 2552 5018 ac
2575 4963 2793 5033 pietatis
2835 4977 3086 5017 sermone
3116 4973 3332 5031 promo-

1759 5068 1942 5124 vente,
1977 5058 2122 5114 velut
2156 5058 2263 5113 dux
2308 5057 2526 5127 quidam
2560 5054 2785 5110 ell'ectus
2812 5062 2916 5117 est,
2966 5052 3081 5123 regi
3111 5052 3165 5105 in
3194 5050 3329 5113 dies.

1758 5154 1943 5217 urbes,
1973 5151 2189 5223 oppida,
2236 5165 2396 5221 agros
2447 5148 2761 5221 acquirens;
2829 5161 3023 5204 nervos
3071 5160 3136 5202 ac
3170 5144 3331 5200 robur

1757 5244 1910 5315 prius
1940 5241 2268 5299 dominantis
2293 5241 2508 5314 tyranni
2546 5241 2848 5297 succidens.

1825 5506 1961 5561 Tum
2009 5522 2139 5564 vero
2180 5506 2444 5564 Corintho
2496 5507 2713 5564 transiit
2765 5505 3061 5569 Pisidiam,
3102 5503 3329 5572 deinqne

1752 5597 2077 5671 Lycaoniam
2110 5616 2173 5654 ac
2214 5599 2458 5674 Phrygia)
2497 5602 2657 5656 nrbes
2688 5610 2899 5670 petens,
2935 5612 3000 5652 ac
3027 5595 3150 5651 inde
3191 5594 3329 5650 invi-
