3856 6274
424 263 559 323 295ι

1691 249 1753 307 S.
1790 246 2065 306 ASTERII
2103 244 2410 305 AMASENI

3624 245 3783 303 296

425 394 553 437 sens
583 328 802 439 Asiam,
827 370 1281 444 postmodumqne
1328 365 1718 431 Macedoniam,
1764 380 2006 421 commu-

2152 379 2222 428 εις
2261 362 2605 432 καταλαϐὼν,
2650 363 2905 417 κάκεῖθεν
2937 362 3034 434 τὴν
3080 360 3267 416 ’Δσίαν
3310 361 3778 434 ἐπισκεψάμε-

431 474 515 528 nis
557 478 676 527 erat
696 468 844 523 orbis
888 475 1154 521 terrarum
1187 466 1377 518 doctor
1405 476 1423 515 :
1455 476 1637 517 coram
1671 460 1886 529 quidem
1911 473 2007 527 po.

426 566 561 619 sitos
589 575 841 616 sermone
871 558 1088 627 iuvans,
1124 557 1377 610 absentes
1401 568 1530 609 vero
1556 561 1880 608 convertens
1914 565 2009 621 per

429 651 720 723 Epistolas.
753 650 912 707 Solus
937 650 1026 702 ille
1056 658 1164 711 est,
1195 646 1350 715 cujus
1377 650 1650 715 nunquam
1682 659 1856 713 genua
1884 657 2007 696 cum

428 760 642 813 semper
681 743 784 797 iter
821 750 1002 809 ageret
1037 748 1167 794 sunt
1194 737 1425 802 lassata;
1459 751 1522 791 ac
1552 750 1651 791 nec
1688 734 1863 804 lingua
1901 742 2011 787 tor—

431 836 567 904 puit,
621 832 764 886 nulla
810 832 994 901 requie
1034 832 1100 883 ad
1151 829 1333 884 hostes
1373 841 1442 882 ac
1487 829 1692 880 amicos
1739 821 2011 894 Evangelii

431 925 687 996 mysteria
715 939 1001 978 enarratis.
1031 921 1111 976 Ac
1161 921 1380 990 quidem
1438 919 1560 973 talis
1607 916 1808 971 Paulus
1869 915 2013 984 Quod

438 1027 646 1087 Spectat
674 1019 741 1071 ad
769 1016 1107 1079 doctrinam;
1141 1013 1282 1083 quod
1310 1021 1492 1065 autem
1534 1013 1601 1064 ad
1640 1009 1898 1079 reliquam
1935 1009 2015 1062 vi-

433 1119 504 1164 ta:
545 1108 956 1178 philosOpliiam,
993 1106 1171 1175 qualis
1220 1104 1393 1174 rogo?
1426 1104 1520 1173 qui
1561 1116 1774 1172 semper
1798 1101 2017 1171 iugiter-

433 1217 541 1271 quc
582 1202 839 1255 doctrina:
878 1200 1146 1263 assiduus,
1195 1213 1259 1252 ac
1302 1195 1596 1266 Evangelio
1638 1195 1902 1258 serviens,
1949 1208 2016 1248 ne

435 1309 628 1363 panem
678 1292 893 1361 quidem
948 1291 1014 1344 ab
1069 1290 1249 1358 aliquo
1302 1290 1473 1359 gratis
1526 1286 1846 1353 referebat;
1884 1286 2013 1355 quin

438 1387 670 1441 interdiu
715 1386 930 1455 quidem
976 1384 1235 1437 adversus
1273 1390 1562 1437 sexcentos
1604 1381 1785 1434 hostes
1834 1388 2011 1433 certa-

436 1495 560 1533 men
590 1479 837 1542 habebat,
875 1485 1034 1529 noctu
1073 1489 1220 1541 vero,
1266 1473 1604 1542 scalpellum,
1640 1470 1932 1539 pellesque,
1954 1485 2017 1523 ac

439 1572 573 1625 artis
626 1573 877 1625 versabat
932 1583 1089 1636 opus,
1140 1575 1199 1620 ut
1253 1579 1524 1619 annonam
1581 1563 1705 1616 inde
1773 1577 1839 1616 ac
1894 1561 2017 1614 Viue

440 1670 799 1713 cunmmatum
850 1667 1087 1726 pararet,
1140 1665 1198 1710 ut
1242 1654 1375 1708 nihil
1408 1668 1466 1707 se
1508 1668 1724 1723 gravem
1757 1651 2019 1721 praaberet

2108 473 2220 519 νος.
2245 452 2365 510 εἶτα
2392 456 2491 527 τὴν
2522 455 2883 517 Μακεδονίαν,
2913 455 3091 519 κοινὸς
3115 451 3185 526 ἦν
3215 456 3318 527 τῆς
3359 458 3525 509 οικου
3538 455 3779 527 μένης

2108 546 2444 610 διδάσκαλος,
2486 547 2614 610 τοὺς
2656 546 2753 617 μὲν
2784 546 3093 617 ὁρωμένους
3119 547 3228 600 ἀπὸ
3258 545 3519 619 γλώττης
3572 544 3779 614 ὡφε-

2108 636 2238 701 λῶν,
2271 636 2488 700 τοὺςκδὲ
2530 637 2766 701 ἀπόντας
2802 636 2892 691 διὰ
2923 636 3033 690 τῶν
3071 637 3371 692 ἐπιστολῶν
3428 635 3772 709 ἐπιστρέ-

2112 744 2244 799 φωψ
2295 729 2457 800 μόνου
2492 728 2550 782 δὲ
2590 729 2822 792 ἐκείνου,
2853 729 2916 783 οὐ
2944 730 3073 797 γόνυ
3097 730 3335 800 ἔκαμνεν
3367 730 3585 783 ὁδεῦον
3619 728 3766 794 ἀεὶ,

2111 823 2173 876 οὐ
2206 822 2420 891 γλῶττα
2450 824 2673 893 ὲνάρκα.
2711 823 2849 897 πρὸς
2878 823 3107 895 ἐχθροὺς
3138 824 3232 877 καὶ
3254 824 3440 894 φίλους
3468 822 3771 877 ἀνελλι-

2113 914 2231 978 πῶς
2262 913 2535 979 διεξιοῦσα
2571 913 2666 968 τοῦ
2698 916 3029 985 Εύαγγελίου
3060 917 3352 990 μυστήρια.
3404 917 3598 971 Ἀλλὰ
3635 916 3769 991 τὴν

2117 1008 2215 1079 μὲν
2246 1007 2593 1062 διδασκαλίαν
2632 1008 2892 1072 τοιοῦτος’
2924 1009 3023 1081 τὴν
3048 1009 3105 1063 δὲ
3132 1009 3297 1082 ἀλλην
3321 1009 3415 1063 τοῦ
3450 1009 3598 1080 βίου
3640 1027 3764 1077 φι-

2113 1100 2390 1170 λοσοφίαν,
2417 1096 2531 1163 οἷος
2554 1098 2874 1171 ἀνθρωποςς
2917 1101 3029 1153 Ἀεὶ
3052 1101 3149 1155 καὶ
3177 1103 3418 1172 συνεχῶς
3447 1101 3540 1173 τῷ
3573 1101 3766 1170 λόγῳ

2115 1190 2562 1264 προσκαρτερῶν,
2616 1192 2712 1246 καὶ
2756 1191 2836 1262 τῷ
2884 1193 3200 1264 Εὑαγγελίῳ
3243 1193 3543 1255 δουλεύων,
3601 1192 3762 1247 οὐδὲ

2113 1285 2282 1353 ἄρτου
2308 1284 2518 1355 δωρεὰν
2552 1284 2702 1356 παρά
2725 1301 2871 1348 τινος
2893 1284 3197 1355 ἐκομίζετο·
3230 1284 3345 1339 ἀλλ’
3377 1285 3583 1357 ἡμέρα.
3630 1285 3763 1356 μὲν

2114 1371 2229 1446 εἶχε
2276 1375 2370 1428 τὸν
2413 1375 2600 1444 ἀγῶνα
2636 1375 2729 1428 τὸν
2778 1375 2912 1447 πρὸς
2951 1376 3177 1447 μυρίους
3223 1378 3469 1450 ἐχθροὺς,
3504 1378 3635 1444 νὺξ
3683 1380 3754 1433 δὲ

2115 1469 2212 1539 τὴν
2242 1468 2459 1539 σμίλην,
2513 1470 2603 1522 καὶ
2641 1468 2709 1521 τὰ
2741 1471 2936 1540 σκύτη,
2979 1470 3071 1523 καὶ
3112 1469 3209 1540 τὴν
3242 1472 3350 1524 ἀπὸ
3378 1473 3475 1543 τῆς
3502 1471 3754 1543 τέχνης

2117 1562 2403 1631 ἐργασίανθ
2447 1561 2513 1612 ἶν’
2538 1560 2745 1613 ἐκεῖθεν
2782 1560 2883 1632 ἔχῃ
2915 1561 3006 1613 τὸν
3039 1562 3403 1632 ἐπισιτισμὸν,
3439 1562 3750 1634 φαίνηται

2116 1650 2174 1704 δὲ
2198 1652 2363 1704 πᾶσιν
2395 1650 2706 1721 ἀνεπαχθὴς
2731 1651 3047 1716 ἀπόστολος,
3079 1651 3351 1716 ἀδάπανος
3381 1652 3605 1725 κῆρυξ,
3638 1642 3759 1706 καῖ

439 1752 767 1820 apostolum,
798 1760 854 1801 ut
883 1748 1288 1819 praedicatorem
1317 1744 1522 1813 absque
1557 1753 1794 1813 sumptu,
1828 1743 1920 1812 qui
1947 1740 2013 1797 ad

2152 1741 2308 1815 ,έχρις
2334 1741 2497 1813 ἄρτου
2524 1740 2633 1792 τῶν
2657 1740 2974 1807 ξενιζόντων
2997 1740 3338 1811 φειδόμενος.

442 1858 610 1913 usque
639 1858 829 1911 panem
872 1841 1173 1912 hospitibus
1218 1847 1483 1909 parceret.

486 1936 674 1989 ~llnnc
714 1949 810 1988 nos
854 1946 1183 1996 sermonem,
1224 1928 1556 1992 sacerdOtes,
1589 1927 1895 1992 audiamus,
1927 1927 2019 1996 qui

443 2032 639 2087 nedum
673 2026 1090 2097 comparticipes
1110 2037 1296 2078 sumus
1327 2021 1609 2085 altaribus,
1635 2035 1821 2075 verum
1855 2019 2033 2074 etiam-

446 2124 514 2178 ah
541 2122 649 2175 illis
682 2120 875 2174 divites
901 2130 1110 2177 smnus,
1135 2129 1199 2168 ac
1223 2114 1275 2167 in
1303 2113 1514 2168 deliciis
1540 2113 1780 2180 agimus;
1808 2126 2023 2167 sacras-

445 2228 551 2283 que
576 2209 883 2272 facultates,
914 2216 1152 2261 nostram
1188 2206 1426 2275 ipsorum
1464 2204 1863 2274 possessionem
1889 2202 2023 2256 laci-

446 2322 601 2370 mus;
627 2304 853 2374 quique.
884 2300 1088 2355 Christi
1118 2313 1283 2352 causa
1317 2296 1592 2364 subjectis,
1623 2304 1877 2364 tauquam
1908 2309 2025 2350 ser-

448 2397 530 2451 vis
560 2395 797 2467 graviter
835 2394 1202 2460 imperamus,
1252 2388 1394 2442 haud
1442 2387 1600 2456 plane
1639 2384 2023 2449 sacerdotium,

448 2487 746 2544 dominatio
775 2493 890 2549 est;
919 2482 1048 2552 quin
1078 2482 1276 2550 potius,
1309 2488 1367 2533 ut
1387 2478 1510 2549 quis
1538 2476 1824 2547 intelligat,
1855 2476 2026 2532 servi-

451 2590 558 2635 tus.
589 2577 702 2632 Non
732 2576 1083 2643 magistratus
1120 2570 1443 2625 auctoritate
1471 2570 1818 2625 decernentis
1849 2569 2029 2638 digni-

452 2681 572 2735 tas,
624 2668 717 2723 sed
754 2668 1011 2721 modesta).
1048 2680 1113 2717 ac
1144 2663 1422 2731 castigatae
1456 2661 1878 2743 dispensationis
1922 2662 2027 2715 mi-

451 2763 723 2819 nistratio.
750 2759 937 2814 Nonne
965 2767 1284 2828 potestatem
1308 2754 1543 2809 habebat
1563 2754 1780 2810 divinus
1807 2753 2026 2821 Paulus,

453 2867 515 2911 ut
541 2871 607 2911 ex
643 2854 817 2909 sacris
864 2852 1217 2905 manducaret
1270 2848 1583 2916 hiberetque
1634 2847 1710 2914 ¹⁶;
1754 2862 1819 2901 ac
1859 2848 2033 2902 modi-

455 2963 579 3004 cum
633 2946 762 3017 quid
814 2942 1067 3014 stipendii
1128 2940 1392 3004 laborum,
1450 2940 1516 2993 ad
1583 2940 1847 3009 corporis,
1887 2938 2030 3009 quod

2191 1920 2391 1975 Τοῦτον
2418 1920 2508 1976 τὸν
2539 1920 2716 1989 λόγον,
2749 1923 2935 1993 ἱερεῖς,
2977 1922 3325 1993 ἀκούσωμεν,
3369 1926 3418 1978 οί
3453 1924 3533 1998 μὴ
3581 1942 3746 1997 συμ-

2124 2014 2467 2086 μεριζόμενοι
2523 2016 2635 2079 τοῖς
2696 2014 3102 2087 θυσιαστηρίοις
3155 2016 3351 2087 μόνον,
3415 2017 3564 2073 ἀλλὰ
3631 2019 3743 2073 καὶ

2123 2105 2480 2169 πλουτοῦντες
2506 2107 2602 2159 ἀπ’
2628 2106 2851 2161 ἐκείνων
2878 2108 2973 2160 καὶ
2998 2107 3334 2178 τρυφῶντες,
3365 2109 3460 2163 καὶ
3494 2109 3609 2182 τὴν
3648 2111 3738 2163 ἱε-

2126 2199 2228 2272 ράν
2259 2200 2577 2271 περιουσίαν
2600 2199 2731 2253 ίδιον
2757 2201 2943 2271 κτῆμα
2965 2201 3295 2273 ποιούμενοι,
3332 2202 3428 2256 καὶ
3460 2206 3584 2268 τοῖς
3619 2203 3740 2257 ὐπ-

2122 2296 2309 2365 ηκόοις
2328 2292 2415 2347 διὰ
2444 2291 2537 2346 τὸν
2566 2293 2801 2362 Χριστὸν
2828 2288 2916 2346 οἷα
2942 2292 3149 2358 δούλοις
3178 2295 3452 2367 φορτικῶς
3483 2296 3741 2351 ἐπιτάτ-

2124 2403 2328 2450 τοντες.
2359 2386 2473 2440 Οὐκ
2504 2384 2658 2438 ἔστιν
2696 2385 2947 2457 ίεροσύνη
2978 2386 3286 2453 δεσποτεία,
3331 2387 3468 2441 ἀλλὰ
3508 2388 3737 2460 μᾶλλον

2125 2478 2203 2549 τῷ
2235 2476 2468 2531 συνιέντι
2492 2477 2728 2531 δουλεία’
2758 2478 2860 2531 οὐκ
2885 2479 3210 2561 ἀρχοντικῆς
3234 2478 3525 2543 αὐθαδείας
3556 2479 3736 2547 ἀξίω-

2131 2587 2228 2643 μα,
2284 2569 2399 2622 ἀλλ’
2463 2567 2726 2632 εὐλαϐοὖς
2778 2569 3092 2641 οἰκονομίας
3140 2571 3406 2627 διακονία.
3458 2570 3557 2643 Μὴ
3620 2571 3733 2626 οὐκ

2130 2663 2285 2733 ἔσχεν
2311 2662 2559 2727 ἐξουσίαν
2599 2664 2629 2715 ὁ
2675 2662 2961 2727 θεσπέσιος
3007 2663 3220 2727 Παῦλος
3264 2663 3465 2718 ἐσθίειν
3497 2665 3602 2719 καὶ
3634 2663 3733 2718 πί-

2130 2771 2244 2809 νειν
2274 2754 2382 2807 ἀπὸ
2408 2754 2515 2806 τῶν
2550 2753 2730 2825 ἱερῶν,
2755 2755 2847 2808 καὶ
2880 2755 3074 2827 μικρὸν
3101 2753 3233 2825 γοῦν
3268 2755 3574 2827 λαμϐάνειν
3609 2754 3726 2809 τῶν

2134 2844 2343 2916 μυρίων
2369 2844 2544 2898 πόνων
2569 2845 2760 2916 γέρας,
2795 2848 2875 2910 είς
2900 2845 3200 2917 θεραπείαν
3237 2847 3580 2918 τυπτομένου
3621 2846 3725 2900 τοῦ

2135 2935 2385 3009 σώματος
2437 2938 2557 2991 καθ’
2587 2938 2839 3009 ἡμέραν;
2887 2940 3027 2993 Ἀλλ’
3057 2940 3159 2993 οὐκ
3204 2941 3476 3011 ἐχρήσατο
3527 2943 3598 3012 τῇ
3631 2939 3722 3005 ἐξα

456 3039 698 3111 quotidie
743 3036 1071 3098 caedebatur,
1120 3032 1419 3089 fomentum
1460 3046 1523 3086 ac
1568 3047 1775 3096 curam,
1821 3031 2032 3097 accipe-

2152 3030 2311 3101 ιυσία,
2352 3029 2441 3083 ἵνα
2465 3029 2631 3101 μηδὲν
2669 3030 2762 3083 ἐπὶ
2791 3031 2894 3102 γῆς
2933 3030 3133 3097 λαϐὼν,
3167 3032 3345 3086 πάντα
3384 3033 3444 3086 ὲν
3467 3035 3588 3098 τοῖς
3624 3032 3722 3087 ού·-

458 3106 584 3186 ret?
613 3128 963 3197 Nequaquam
1009 3134 1189 3179 tamen
1233 3138 1363 3178 usus
1390 3132 1475 3178 est
1501 3133 1785 3192 potestate,
1817 3132 1876 3177 ut
1897 3121 2031 3176 nihil

2152 3123 2314 3184 ›ανοῖς
2355 3120 2629 3193 ἀποθήσῃ.
2665 3122 2757 3175 Διὸ
2795 3123 2888 3175 καὶ
2925 3121 3034 3175 τῶν
3061 3122 3200 3195 ὑπὲρ
3231 3121 3519 3195 ἄνθρωπον
3552 3123 3724 3195 ἡξιὼ-

460 3223 514 3277 in
547 3232 689 3275 terra
720 3217 1020 3286 accipiens,
1054 3215 1237 3270 omnia
1278 3213 1330 3267 in
1367 3214 1523 3269 caelis
1554 3224 1860 3285 reponeret.
1896 3213 2039 3280 Qua-

459 3315 681 3385 propter
716 3311 904 3374 etiam,
936 3324 1061 3363 cum
1090 3309 1267 3363 adhuc
1291 3308 1443 3362 carni
1483 3306 1823 3378 corruptibili
1851 3307 2035 3378 alliga-

464 3415 551 3460 tus
577 3410 740 3461 esset,
772 3399 1066 3467 majoribus
1106 3412 1264 3467 quam
1295 3412 1393 3466 pro
1423 3397 1656 3450 humana
1705 3398 1917 3452 ratione
1941 3398 2040 3452 do-

463 3498 549 3552 nis
574 3505 762 3549 auctus
796 3500 914 3555 est,
960 3499 1123 3560 atque
1159 3498 1217 3543 ut
1262 3489 1524 3543 honorum
1568 3490 1896 3553 futurorum,
1941 3489 2041 3543 ho-

462 3599 767 3655 norumque
805 3598 919 3639 aevo
947 3582 1036 3636 illo
1069 3580 1429 3650 repositorum
1466 3581 1688 3635 arrham
1736 3581 2036 3650 pignusque

461 3685 829 3739 cunvertetur,
856 3674 1155 3729 assumitur
1182 3685 1355 3741 usque
1382 3671 1449 3726 ad
1491 3671 1709 3725 tertium
1737 3671 1930 3727 cadum
1953 3673 1996 3703 ³⁷
2022 3689 2036 3727 :

463 3771 811 3839 visionesque
836 3779 1073 3822 nostram
1093 3764 1394 3820 mortalium
1422 3775 1624 3819 sortem
1655 3773 2043 3833 exsuperantes

463 3864 645 3929 videt,
669 3878 733 3916 ac
761 3859 925 3915 verba
955 3872 1155 3913 arcana
1177 3858 1348 3921 audit,
1380 3866 1441 3910 ut
1460 3858 1536 3910 ait
1564 3857 1698 3925 ipse,
1731 3871 2041 3925 quanquam

466 3954 522 4010 id
558 3953 802 4006 modeste
851 3964 1039 4020 agens,
1094 3964 1161 4003 ac
1208 3948 1531 4003 necessitate
1570 3948 1903 4018 compulsus,
1951 3963 2044 4002 Ca-

465 4060 709 4116 vensque
734 4044 933 4114 ubique
955 4041 1198 4113 gloriari,
1233 4055 1411 4112 exque
1434 4039 1864 4112 praecellentihus
1887 4042 2043 4095 donis

466 4138 579 4193 suis
607 4152 725 4192 sese
753 4135 966 4191 ell‘erre.
1000 4132 1071 4189 Ut
1120 4142 1298 4187 tamen
1343 4147 1530 4187 eorum
1576 4146 1768 4186 sensus
1810 4132 2044 4199 compri-

470 4241 603 4294 mat,
638 4237 1037 4296 componatque
1077 4225 1143 4280 ad
1193 4225 1541 4289 modestiam,
1588 4222 1680 4293 qui
1710 4238 1807 4293 pro
1833 4223 2043 4292 exiguis

2134 3210 2224 3282 θη,
2264 3211 2345 3265 ἐτι
2371 3214 2436 3282 τῇ
2471 3211 2685 3284 φθαρτῇ
2714 3211 3098 3283 συνδεδεμένος
3132 3213 3317 3285 σαρκί.
3355 3214 3463 3267 Καὶ
3495 3214 3586 3268 ἴνα
3610 3214 3726 3268 τῶν

2140 3302 2440 3373 μελλόντων
2472 3302 2713 3371 ἀγαθῶν,
2759 3302 2856 3356 καὶ
2894 3302 3003 3355 τῶν
3052 3304 3170 3356 ἐκεῖ
3209 3304 3384 3375 τιμῶν
3420 3306 3727 3377 ἀρραϐῶνα

2138 3392 2392 3464 θεάσητε,
2442 3394 2881 3464 ἀναλαμϐάνεται
2937 3394 3035 3466 μὲν
3079 3395 3207 3468 ἄχρι
3247 3396 3431 3468 τρίτου
3460 3398 3723 3469 ούρανοῦ,

2142 3484 2327 3555 βλέπει
2380 3486 2439 3539 δὲ
2470 3486 2739 3550 ὀπτασίας
2778 3487 3213 3559 ύπερδαινούσας
3250 3487 3343 3542 τὸν
3372 3488 3559 3543 ἐνθάδε
3598 3490 3725 3559 κλῆο

2145 3594 2256 3649 ρον,
2283 3578 2470 3633 ἀκούει
2511 3579 2569 3632 δὲ
2600 3580 2862 3651 ῥημάτων
2903 3581 3178 3652 ἀρρήτων,
3211 3581 3287 3646 ὡς
3334 3581 3495 3647 αὐτός
3533 3600 3723 3655 φησιν,

2146 3672 2242 3726 καὶ
2267 3671 2440 3725 ταῦτα
2465 3673 2790 3744 μετριάζων,
2816 3673 2909 3727 καὶ
2934 3672 2994 3738 ἐξ
3017 3674 3282 3745 ἀνάγκης,
3312 3675 3724 3749 ἀποδιδράσκων

2148 3762 2425 3837 πανταχοῦ
2468 3764 2530 3817 τὸ
2572 3765 3029 3837 μεγαλαυχεῖσθαι
3059 3768 3151 3820 καὶ
3181 3768 3562 3839 ἐμπομπεύειν
3617 3770 3723 3833 τοῖς

2153 3857 2302 3922 ίδίοις
2332 3857 2816 3931 πλεονεκτήμασιν.
2851 3860 2971 3914 Ἵνα
2993 3860 3050 3913 δὲ
3089 3860 3414 3932 φρονήματα
3440 3861 3720 3916 καταστεί-

2148 3950 2215 4024 λῃ
2270 3952 2379 4006 τῶν
2438 3954 2532 4006 ἐπὶ
2587 3956 2803 4025 μικροῖς
2855 3953 3191 4025 φυσωμένων
3252 3955 3608 4027 χαρίσμασιν,
3666 3954 3720 4019 ἐξ

2149 4042 2395 4114 ἀνάγκης
2430 4042 2586 4112 ὀλίγα
2626 4043 2736 4098 τῶν
2777 4043 2991 4099 οἰκείων
3038 4049 3402 4117 παραγυμνοῖ,
3434 4049 3528 4102 καὶ
3551 4047 3722 4101 ταῦτα

2149 4134 2323 4203 ἑτέρῳ
2353 4133 2632 4207 προσώπῳ
2654 4135 2918 4209 περιθεὶς,
2953 4136 3047 4189 καὶ
3073 4137 3262 4209 πόρρω
3286 4137 3385 4209 τῆς
3408 4139 3537 4212 περὶ
3561 4137 3720 4194 αὐτὸν

2149 4225 2405 4290 ὑπονοίας
2438 4227 2761 4297 ἀπαγαγών.

403 4342 417 4359 ·
468 4322 629 4377 donis
656 4319 1129 4389 inﬂantur,.pauca
1155 4332 1221 4371 ex
1257 4316 1370 4371 suis
1406 4316 1553 4370 velut
1617 4324 1842 4371 coactus
1903 4316 2119 4386 operit:
2162 4333 2260 4373 nec
2298 4320 2348 4372 id
2395 4319 2552 4374 aliter
2590 4336 2751 4389 quam
2800 4330 3077 4391 assumpta
3115 4321 3205 4377 illa
3259 4338 3512 4394 persona,
3562 4335 3719 4398 atque

468 4429 685 4471 onmem
714 4417 779 4468 de
808 4428 867 4466 se
891 4413 1004 4482 ipse
1032 4408 1391 4478 suspicionem
1422 4406 1705 4462 amoliens.

543 4505 688 4562 Sane
715 4505 930 4575 quidem
982 4502 1123 4557 Elias
1179 4500 1269 4555 ille
1310 4496 1622 4566 Thesbites,
1667 4513 1734 4554 eo
1783 4496 1930 4567 quod
1985 4498 2039 4551 in
2072 4501 2119 4557 D

468 4600 651 4672 specie
680 4597 821 4668 ignei
852 4609 1042 4651 currus
1081 4594 1133 4647 in
1178 4592 1346 4646 altum
1394 4592 1687 4646 subvectus
1714 4590 1806 4652 sit,
1848 4589 2049 4658 ubique

472 4691 813 4755 decantatur,
858 4702 923 4742 ac
978 4685 1200 4740 multam
1252 4683 1448 4738 smculo
1481 4681 1890 4737 admirationem
1924 4680 2050 4736 reli-

470 4784 610 4854 quit.
664 4781 956 4848 Quonsque
1002 4788 1180 4832 autem
1244 4775 1589 4846 pervenerit,
1646 4788 1824 4829 sermo
1874 4772 2050 4829 nullus

473 4875 744 4945 exposuit.
787 4869 924 4925 Fors
947 4870 1092 4924 enim
1145 4868 1309 4922 etiam
1366 4867 1634 4922 modicum
1686 4881 1715 4919 a
1754 4874 1896 4919 terra
1949 4864 2053 4919 ela-

473 4978 563 5024 tus
601 4981 630 5019 a
662 4964 861 5017 virtute
908 4968 1102 5030 agente
1142 4957 1343 5028 ipsum,
1374 4955 1451 5012 illi
1488 4957 1604 5011 loco
1654 4955 1896 5010 redditus
1943 4964 2050 5019 est,

471 5077 582 5134 quo
607 5070 726 5116 erat
748 5055 1079 5111 domicilium
1140 5055 1445 5108 habiturus.
1481 5055 1550 5107 At
1584 5052 1734 5107 Pauli
1765 5052 2051 5107 translatio

474 5157 633 5225 longe
655 5147 918 5207 illustrior
951 5146 1054 5201 luit
1087 5155 1251 5215 atque
1282 5145 1569 5208 celebrior,
1605 5147 1860 5214 adjuncto
1882 5146 2048 5201 etiam

476 5248 654 5303 medio
691 5244 757 5299 ad
785 5242 928 5313 quod
981 5256 1149 5310 usque
1190 5239 1434 5295 sublatus
1471 5240 1571 5294 fuit
1604 5256 1618 5292 :
1653 5256 1775 5293 nam
1807 5254 1929 5294 cum
1963 5253 2050 5294 δυο

476 5348 619 5409 ptem
650 5336 994 5392 celebrentur
1016 5332 1161 5398 cwli,
1201 5346 1388 5399 parum
1434 5331 1588 5387 abest
1618 5341 1677 5385 ut
1717 5347 1782 5385 ne
1813 5331 2046 5385 medimu

470 5427 755 5486 assecutus
788 5427 881 5482 sit.
914 5424 1033 5480 Jam
1068 5425 1198 5479 mihi
1233 5424 1439 5479 llebrati
1469 5439 1688 5479 sensum
1721 5424 2048 5493 deprimant,

467 5534 729 5592 magnum
765 5516 897 5589 quid
927 5518 993 5575 de
1022 5515 1206 5587 Moyse
1244 5515 1560 5585 gloriantes,
1592 5518 1736 5587 quod
1775 5517 1921 5572 solus
1955 5533 2050 5572 us-

550 5718 596 5750 “
626 5749 638 5771 ι
665 5717 788 5773 Cor.
823 5732 899 5779 ιι,
923 5716 979 5771 Δ.

2224 4494 2413 4559 Ἠλίας
2444 4495 2544 4566 μὲν
2582 4490 2676 4550 οὖν
2713 4497 2742 4550 ό
2768 4496 3055 4568 Θεσϐίτης,
3081 4496 3270 4569 ἐπειδὴ
3297 4501 3357 4553 ὲν
3393 4502 3507 4574 ἰδέα
3544 4503 3719 4577 ἅρμα-

2151 4606 2244 4653 τος
2281 4589 2507 4661 πυρίνου
2547 4591 2628 4653 εἰς
2665 4590 2727 4642 τὸ
2761 4589 2894 4659 ὕψος
2936 4590 3167 4662 ἀνήχθη,
3198 4591 3383 4663 ᾄδεται
3428 4594 3715 4668 πανταχοῦ,

2156 4682 2251 4735 καὶ
2290 4682 2422 4735 πολὺ
2462 4680 2555 4735 τοῦ
2594 4681 2869 4751 θαύματος
2916 4680 2992 4752 τῷ
3027 4681 3127 4753 βίῳ
3164 4684 3448 4739 κατέλιπε·
3480 4689 3640 4760 μέχρι
3664 4689 3715 4744 δὲ

2158 4775 2324 4829 πόσου
2352 4774 2617 4845 ἔφθασεν,
2647 4774 2822 4837 οὐδεὶς
2859 4776 3170 4847 ἡρμήνευσε
3200 4775 3377 4843 λόγος.
3416 4778 3588 4850 Τυχὺν
3617 4781 3713 4854 γάρ

2157 4869 2253 4923 καὶ
2280 4868 2459 4937 ὀλίγον
2501 4867 2601 4954 τῇς
2630 4867 2734 4938 γῆς
2767 4866 3026 4939 ἐπαρθεὶς
3054 4866 3204 4941 παρά
3238 4869 3338 4940 τῆς
3368 4871 3603 4944 ἀγούσης
3628 4875 3713 4929 δυ-

2155 4959 2391 5031 νάμεως,
2417 4958 2652 5029 ἀπεδόθη
2674 4958 2751 5029 τῷ
2768 4958 2938 5029 τόπῳ,
2967 4956 3024 5011 ὃν
3055 4957 3243 5029 ἔλαχεν
3267 4965 3554 5017 κατοικεῖν.
3584 4963 3712 5017 Παύ-

2155 5050 2249 5104 λου
2279 5051 2336 5103 es
2360 5053 2393 5120 ἡ
2429 5050 2739 5121 μετάθεσις,
2788 5053 2881 5107 ἐπὶ
2925 5054 3086 5108 πλέον
3128 5057 3343 5125 ἐγένετο
3377 5055 3712 5129 λαμπροτέρα

2156 5145 2252 5198 καὶ
2280 5141 2530 5215 εὐκλεὴς,
2564 5145 2962 5216 προσκειμένου
2991 5147 3085 5201 καὶ
3122 5148 3216 5202 τοῦ
3248 5149 3469 5221 μέτρου,
3495 5149 3575 5218 ἐφ’
3603 5151 3711 5203 ὅσον

2153 5235 2385 5307 ἀνήχθη.
2420 5236 2590 5290 Ἐπτά
2622 5237 2731 5310 γὰρ
2760 5239 3007 5311 οὐρανῶν
3030 5239 3323 5311 ᾀδομένων,
3350 5240 3546 5314 μικροῦ
3586 5240 3708 5294 δέον-

2150 5347 2244 5393 τος
2298 5330 2525 5400 άφίκετο
2570 5330 2665 5385 τοῦ
2699 5333 2944 5403 ἡμίσεος.
2985 5334 3094 5387 Καί
3131 5352 3221 5406 μοι
3264 5335 3450 5389 λοιπὸν
3495 5333 3707 5405 Ἑϐραῖοι

2155 5422 2609 5477 καταϐαλὲτωσαν
2672 5424 2766 5479 τοῦ
2823 5428 3189 5498 φρονήματος,
3232 5428 3325 5481 ἐπὶ
3385 5427 3464 5499 τῷ
3518 5427 3704 5495 Μωῦσῇ

2161 5514 2301 5587 μέγα
2323 5515 2663 5588 φρονοῦντες,
2698 5515 2780 5571 ὃτι
2807 5517 2965 5589 μόνος
2996 5518 3101 5584 ἕως
3122 5518 3220 5589 τῆς
3252 5517 3498 5591 κορυφῆς
3528 5516 3701 5589 ἔφθασε
