3856 6274
118 279 244 338 297

1031 280 1317 338 HOMILIA
1357 282 1490 340 Vlll.
1535 283 1602 339 IN
1642 284 1744 341 SS.
1783 284 2074 343 PETRUM
2111 289 2201 345 ET
2242 288 2555 346 PAULUM.

3303 290 3410 350 298

120 403 234 456 τοῦ
267 403 419 468 Σινᾶ,
448 404 541 458 καὶ
578 405 732 470 ἐντὸς
773 405 987 474 ἐγένετο
1030 402 1125 458 τοῦ
1159 405 1361 474 γνόφου
1387 406 1484 460 καὶ
1508 407 1616 462 τῶν
1640 425 1725 461 vso
1752 459 1759 470 ,

1840 424 1932 480 que
1962 410 2031 466 ad
2064 412 2323 468 verticem
2374 412 2506 469 Sina
2553 414 2896 483 pervenerit,
2933 414 3183 485 intraque
3224 413 3411 484 caligi-

125 494 276 565 φῶν.
303 493 524 559 Παῦλος
555 497 655 569 μὲν
681 499 710 550 6
743 498 894 569 ἐμὸς,
920 498 1041 551 ἀντὶ
1065 498 1166 569 μὲν
1191 498 1371 570 ὅρους⁹
1398 500 1534 571 πρὸς
1564 501 1727 573 ούρα-

124 589 230 641 νὸν
259 587 513 657 ἀνῆλθεν·
546 590 669 643 ἀντὶ
692 588 748 643 δὲ
780 589 1028 660 νεφέλης,
1064 590 1320 645 ἐπέκεινα
1345 591 1440 646 τοῦ
1471 592 1613 663 ὑπὲρ
1637 594 1726 647 νέ-

126 697 272 749 φους
319 679 483 750 ἀέρος
536 679 756 751 ἤλασεν.
813 680 924 734 Καὶ
970 680 1114 752 μάλα
1143 681 1390 746 εἰκότως.
1432 684 1579 738 Ἔδει
1618 686 1726 759 γὰρ

123 770 228 823 τὸν
291 770 439 824 κατὰ
508 771 742 842 Χριστὸν
811 771 1123 845 ἄνθρωπον,
1190 774 1449 829 τοσοῦτον
1505 776 1726 847 νικῆσαι

121 862 399 931 Μωῦσέα,
451 865 576 918 ὅσον
629 864 690 918 τὸ
736 864 1073 936 Εὐαγγέλιον
1129 866 1447 938 ὑπερϐαίνει
1502 868 1595 923 τὸν
1641 868 1727 922 νό-

129 971 256 1025 μον.

91 1102 101 1117 _.
219 1046 310 1100 Ἐν
331 1047 390 1100 δὲ
415 1050 536 1112 ταῖς
561 1046 908 1118 θεοφανείαις
935 1052 1031 1105 καὶ
1057 1055 1170 1119 τοῖς
1196 1033 1349 1126 παρὰ
1369 1051 1505 1107 Θεοῦ
1537 1052 1729 1106 λαλου-

129 1139 346 1209 μένοις,
394 1139 491 1193 καὶ
538 1139 683 1205 ὅπως
735 1139 1020 1211 δεδεμένος
1072 1144 1284 1206 ἐλύετο,
1347 1146 1441 1200 καὶ
1502 1139 1728 1217 ἀθυμῶν

126 1231 542 1309 ἐττερῤὡννυτο,
571 1230 722 1304 ῦπαρ
744 1234 839 1287 καὶ
871 1235 1006 1307 όναρ
1033 1236 1181 1306 αὐτῷ
1210 1236 1306 1290 τοῦ
1334 1236 1470 1291 Θεοῦ
1513 1253 1729 1309 χρημα-

130 1306 403 1385 τίζοντος,
433 1322 489 1375 τί
519 1321 600 1375 δεῖ
623 1323 717 1376 καὶ
728 1322 928 1393 λέγειν,
953 1326 1115 1380 ὁπότε
1143 1327 1263 1380 οὐδὲ
1287 1328 1449 1391 αὐτὸς
1605 1306 1730 1382 ἐαυ-

131 1409 230 1463 τοῦ
254 1410 419 1483 χάριν
448 1411 792 1483 ἀπέκρυψεν,
827 1414 966 1469 ἀλλὰ
1002 1421 1170 1471 πᾶσιν
1198 1418 1335 1491 ὁμοῦ
1396 1419 1584 1488 σαφῶς
1618 1420 1728 1473 ἀπ-

128 1502 433 1572 εκάλυψεν,
461 1503 633 1558 εἰπών
652 1520 666 1533 ο
700 1507 773 1560 El
811 1505 1072 1583 δοκιμὴν
1103 1507 1325 1577 ζητεῖτε
1368 1509 1475 1565 τοῦ
1491 1511 1561 1565 ἐν
1592 1511 1725 1582 ἐμοὶ

130 1593 482 1661 λαλοῦντος
491 1596 771 1664 Χριστοῦ;
782 1598 842 1651 Οἱ
865 1586 966 1669 μὲν
980 1598 1089 1672 γὰρ
1104 1599 1253 1655 ἄλλοι
1264 1600 1509 1668 τῶν,εῖτε
1526 1619 1733 1675 προφη-

130 1686 269 1749 τῶν,
282 1687 396 1740 εἴτε
413 1687 729 1742 ἀποστόλων
761 1690 1183 1763 ἐμπροθέσμους
1201 1688 1346 1764 εἶχον
1368 1694 1462 1747 καὶ
1474 1693 1730 1766 χρονικὰς

1828 517 1950 557 nem
1987 518 2052 560 ac
2081 505 2250 560 nubes
2270 507 2586 576 penetrarit.
2615 506 2766 563 Meus
2792 521 2925 563 sane
2948 506 3173 574 Paulus,
3208 507 3411 562 montis

1827 594 2041 663 quidem
2077 594 2215 662 loco,
2250 597 2317 650 ad
2364 597 2559 652 ctelum
2594 598 2870 654 ascendit:
2924 598 3046 655 loco
3097 607 3276 653 autem
3310 613 3410 652 ne-

1828 684 1985 752 bula,
2028 701 2189 756 supra
2236 702 2419 747 aerem
2469 689 2707 745 nubibus
2751 689 3035 746 celsiorem
3084 689 3280 745 evasit.
3328 689 3410 744 Ac

1827 775 1989 844 plane
2029 778 2249 833 merito.
2283 777 2519 836 Decebat
2546 781 2689 835 enim
2725 780 2927 836 Christi
2977 782 3251 836 hominem
3285 790 3409 834 tan-

1831 880 1943 922 tum
1987 868 2208 940 Moysen
2243 885 2525 943 superare,
2555 882 2760 943 quanto
2802 871 3146 946 Evangelium
3181 871 3406 944 praecel-

1828 958 1894 1014 lit
1927 959 2122 1033 legem.

1908 1050 1965 1105 In
1996 1052 2193 1107 divinis
2222 1061 2402 1107 autem
2442 1052 2869 1133 apparitionibus
2892 1096 2907 1118 ,
2943 1054 3143 1126 Deique
3181 1055 3250 1110 ad
3282 1070 3406 1112 eum

1830 1143 2196 1210 sermonibus,
2221 1153 2386 1216 utque
2421 1144 2637 1200 vinctus
2669 1146 3084 1213 solveretur,-ac
3115 1149 3287 1205 tristis
3316 1152 3409 1205 de-

1831 1235 2080 1304 fectuque
2139 1237 2322 1293 animo
2363 1240 2810 1294 corroboraretur
2836 1280 2853 1304 ,
2904 1244 3262 1310 respondente
3298 1243 3407 1298 Deo

1831 1344 1955 1385 cum
1981 1330 2032 1383 in
2068 1330 2272 1401 vigilia,
2302 1339 2411 1385 tum
2449 1330 2503 1386 in
2533 1332 2762 1397 somnis,
2791 1335 2915 1403 quid
2940 1336 3218 1391 enimvero
3242 1336 3405 1392 etiam

1831 1424 1965 1492 opus
2003 1422 2201 1489 dicere,
2228 1438 2350 1479 cum
2382 1439 2481 1480 nec
2511 1424 2601 1480 ille
2645 1425 2757 1494 ipse
2801 1428 3027 1496 gratiam
3071 1428 3217 1482 illam
3253 1443 3407 1483 suam

1831 1515 2046 1571 silentio
2080 1516 2362 1586 presserit,
2392 1517 2487 1571 sed
2519 1517 2680 1572 simul
2701 1518 2954 1574 omnibus
2980 1519 3179 1590 liquido
3202 1520 3409 1577 revela-

1831 1606 1992 1669 verit,
2043 1606 2265 1662 dicens:
2308 1606 2393 1661 An
2448 1607 2856 1674 experimentum
2906 1609 3143 1680 quwritis
3168 1609 3282 1679 ejus
3310 1610 3407 1681 qui

1831 1696 2066 1767 loquitur
2103 1697 2157 1751 in
2180 1714 2259 1752 me
2297 1696 2540 1753 Christus
2579 1698 2660 1753 ⁸θῖ
2705 1699 2810 1754 Alii
2860 1701 3075 1771 quidem
3130 1716 3252 1756 cum
3283 1716 3406 1772 pro-

128 1776 237 1842 τὰς
254 1777 467 1833 ἄνωθεν
494 1780 811 1850 ἐνεργείαςο
865 1780 964 1835 καὶ
1015 1782 1149 1835 ποτὲ
1183 1783 1283 1861 ιιέν
1314 1784 1499 1848 αὐτοῖς
1551 1778 1717 1856 συνῆν

1840 1786 2023 1857 phetaz,
2057 1796 2168 1841 tum
2216 1786 2468 1856 apostoli,
2518 1788 2682 1844 certis
2710 1790 3027 1858 quibusdam
3078 1793 3409 1862 temporibus

133 1868 203 1922 τὺ
220 1871 405 1934 Θεῖον,
429 1871 561 1924 ποτέ
584 1871 641 1925 δὲ
672 1872 766 1926 καὶ
780 1872 840 1926 οὐ
861 1875 1066 1946 παρῆν.
1093 1875 1151 1928 Ὀ
1172 1875 1230 1929 δὲ
1245 1874 1532 1940 θεσπέσιος
1548 1869 1724 1942 οὗτος,

135 1961 339 2033 ῶσπερ
361 1958 510 2026 ἅπαξ
537 1962 663 2026 ναὸς
691 1961 769 2015 ῶν
800 1961 1079 2035 ἐξαίρετος
1108 1964 1207 2018 τοῦ
1240 1965 1376 2019 Θεοῦ
1404 1966 1731 2039 ἀποκληρω-

134 2054 260 2118 θεὶς
297 2054 449 2124 αὐτῷ
495 2053 631 2126 πρὸς
669 2053 966 2126 ἐνοίκησιν,
1018 2055 1193 2120 οὕτως
1238 2058 1328 2111 ἀεὶ
1374 2057 1465 2111 τὸν
1496 2060 1730 2129 Χριστὸν

133 2143 281 2218 εἶχε,
307 2148 406 2200 καὶ
432 2146 628 2219 βουλῆς
650 2148 903 2220 εὑρετὴν,
935 2150 1031 2204 καὶ
1054 2149 1228 2219 λόγων
1263 2149 1601 2217 διδάσκαλον,
1637 2153 1732 2205 καὶ

134 2239 407 2311 συνεργὸν
449 2238 558 2292 τῶν
601 2239 968 2312 πραγμάτων.
1008 2240 1121 2295 Καὶ
1162 2242 1408 2314 Ἰωάννης
1440 2242 1539 2312 μὲν
1577 2245 1607 2296 6
1636 2240 1729 2297 τοῦ

134 2332 432 2387 Ζεϐεδαίου
474 2331 646 2403 μέγας
695 2332 895 2398 ἔδοξεν,
936 2334 1019 2387 ὅτι
1066 2332 1220 2405 παρὰ
1246 2335 1374 2398 τοὺς
1406 2334 1597 2398 ἄλλους
1627 2352 1732 2405 μα-

133 2423 317 2496 θητας
348 2423 568 2496 θαρρῶν
593 2423 673 2495 τῷ
692 2424 905 2497 Κυρίῳ,
930 2425 1023 2479 ἐπὶ
1069 2424 1164 2479 τοῦ
1193 2426 1422 2499 στήθους
1448 2425 1614 2480 αὑτοῦ
1640 2429 1734 2481 άν-

136 2517 425 2571 επαύετο·
461 2516 557 2572 καὶ
601 2516 691 2572 διὰ
725 2516 886 2572 τοῦτο
921 2516 1159 2589 μάλιστα
1191 2518 1347 2590 παρὰ
1368 2520 1534 2574 πᾶσίν
1580 2523 1729 2575 ἐστιν

135 2608 414 2680 ἀοίδιμος.
442 2600 612 2674 υῦτος
636 2610 714 2674 δὲ,
751 2609 873 2674 πῶς
900 2610 1004 2664 οὐκ
1036 2610 1103 2664 ἂν
1131 2611 1226 2665 καὶ
1264 2611 1406 2683 ὑπὲρ
1448 2610 1734 2685 ἄνθρωπον

134 2699 431 2772 νομισθείη
460 2699 709 2767 δικαίως,
741 2700 799 2765 ὃς
822 2717 909 2770 γε,
935 2701 997 2755 οὐ
1023 2701 1116 2755 τὸν
1148 2703 1208 2756 ἐν
1237 2700 1450 2773 σώματι
1494 2701 1730 2774 Ἰησοῦν,

136 2792 283 2848 ἀλλὰ
307 2792 404 2847 τὸν
423 2793 636 2864 ⁸γυμνὸν
655 2793 758 2866 τῆς
790 2793 994 2866 σαρκὸς
1053 2793 1226 2863 Λόγον
1252 2793 1376 2848 καθ’
1401 2794 1616 2866 ἡμέραν
1640 2795 1734 2848 ἀν-

139 2886 375 2951 έπαυεν,
392 2884 588 2950 σκεῦος
612 2884 911 2959 εὔχρηστον
938 2887 1034 2941 καὶ
1052 2887 1292 2960 καθαρὸν
1313 2888 1505 2942 ἑαυτὸν
1526 2886 1606 2959 τῷ
1630 2890 1735 2961 Δη-

141 2976 404 3049 μιουργῷ
442 2979 831 3050 καταστήσας;
865 2980 1046 3050 Ἔχων
1088 2980 1146 3035 δὲ
1180 2979 1353 3034 πολλὰ
1398 2980 1494 3034 καὶ
1539 2997 1738 3035 παντο-

138 3069 293 3124 δαπὰ
325 3069 530 3139 λέγειν,
576 3070 676 3123 ὅσα
705 3072 736 3123 6
770 3070 1061 3136 θεσπέσιος
1108 3064 1263 3135 οὗτος
1313 3071 1494 3126 πάντα
1524 3072 1620 3124 τὸν
1645 3071 1736 3126 κό-

141 3179 285 3234 σμον
313 3160 586 3215 παιδεύων
618 3157 736 3215 εἷπε
769 3162 866 3216 καὶ
895 3161 1149 3235 ἔπραξεν,
1178 3163 1271 3216 ἐπὶ
1289 3163 1396 3235 γῆς
1421 3162 1516 3216 καὶ
1537 3161 1736 3216 θαλάσ-

140 3270 273 3325 σης,
330 3255 391 3307 ἐν
452 3254 841 3325 δικαστηρίοις,
889 3256 948 3308 ἐν
999 3254 1250 3326 ἀγοραῖς,
1305 3257 1363 3309 ἐν
1407 3255 1622 3327 δήμοις,
1666 3257 1733 3309 ἐν

139 3341 464 3415 ἀγορεῦσιν,
492 3344 549 3396 ἐν
568 3344 760 3408 αὐλαῖς
782 3343 1068 3415 βασιλέων,
1096 3344 1237 3399 ἑκὼν
1271 3346 1584 3418 ὑπερϐαίνω
1597 3345 1734 3416 πρὸς

139 3435 209 3489 τὸ
236 3434 465 3507 πλῆθος.
497 3434 634 3490 Οὔτε
661 3435 771 3509 γάρ
793 3437 1118 3510 συγγραφὴν
1144 3436 1461 3513 προύθέμην
1508 3435 1743 3507 πονῆσαι

140 3526 257 3582 τῶν
294 3527 494 3598 ἐκείνῳ
544 3526 1020 3600 κατωρθωμένων,
1060 3529 1151 3584 ῖνα
1189 3528 1351 3601 λείπῃ
1391 3528 1579 3600 μηδὲν,
1623 3527 1742 3582 ἀλλ’

82 3646 83 3651 η
144 3618 883 3692 εὐφημίανιὼεργάσασθαι,
940 3620 1034 3673 καὶ
1060 3619 1282 3693 ταύτην,
1315 3619 1400 3689 ἐφ’
1429 3620 1553 3673 ὅσον
1574 3620 1610 3691 ἠ
1633 3618 1742 3690 ἐμὴ

143 3709 385 3782 δύναμις
422 3711 734 3779 ἐξικνεῖται.
778 3711 927 3776 Ἐνὸς
972 3711 1031 3765 δὲ
1069 3711 1233 3784 μόνου
1276 3711 1372 3765 τοῦ
1426 3711 1740 3765 τελευταίου

152 3802 444 3875 μνησθεὶς,
474 3804 810 3858 καταπαύσω
840 3804 932 3858 τὸν
962 3803 1144 3874 λόγον.

1831 1895 1895 1941 ac
1927 1881 2214 1936 momentis
2266 1881 2516 1937 deﬁnitas
2542 1882 2812 1938 habebant
2837 1898 3099 1955 supernas
3136 1885 3408 1956 operatio-

1831 1985 1949 2037 nes,
1980 1985 2045 2025 ac
2076 1970 2232 2025 modo
2289 1970 2396 2026 illis
2456 1971 2693 2026 divinum
2742 1972 2930 2028 aderat
2966 1973 3197 2040 Numen,
3249 1976 3411 2033 modo

1830 2060 1992 2115 etiam
2027 2060 2232 2116 aberat.
2279 2061 2379 2118 Hic
2410 2072 2589 2117 autem
2620 2063 2702 2118 vir
2746 2064 3102 2131 admirabilis,
3152 2077 3407 2137 tanquam

1832 2152 1998 2207 semel
2040 2151 2134 2208 Dei
2164 2153 2439 2221 peculiare
2465 2152 2720 2222 templum
2752 2154 2852 2223 ipsi
2894 2155 2960 2208 ad
2999 2155 3406 2212 inhabitandam

1832 2243 2098 2299 delectum
2132 2244 2586 2315 destinatumque,
2616 2246 2696 2301 sic
2724 2261 2938 2316 semper
2974 2248 3206 2304 habebat
3247 2247 3412 2306 Chri-

1832 2344 1998 2400 stum,
2035 2351 2159 2391 cum
2185 2337 2393 2394 consilii
2425 2338 2782 2404 inventorem,
2809 2352 2920 2393 tum
2950 2355 3261 2396 sermonum
3293 2358 3412 2398 ma-

1833 2425 2096 2495 gistrum,
2146 2435 2257 2482 tum
2292 2429 2524 2500 denique
2558 2420 2787 2501 operum
2827 2431 3149 2502 adiutorem.
3179 2433 3259 2489 Ac
3283 2435 3409 2506 qui-

1834 2519 1955 2573 dem
1977 2515 2217 2575 Joannes
2243 2520 2487 2576 Zebedazl
2516 2520 2658 2576 illius
2688 2537 2913 2592 magnus
2955 2524 3104 2581 visus
3131 2535 3237 2591 est,
3264 2527 3411 2596 quod

1832 2607 2025 2677 majori
2083 2624 2198 2680 prae
2251 2610 2531 2681 discipulis
2590 2612 2709 2667 aliis
2747 2612 2815 2691 ad
2855 2612 3136 2671 Dominum
3191 2616 3409 2685 ﬁducia,

1834 2695 1998 2771 supra
2025 2702 2143 2772 ejus
2169 2712 2358 2773 pectus
2390 2703 2697 2759 recubuerit
2726 2705 2769 2740 "
2795 2721 2810 2758 :
2849 2704 3201 2773 quamobrem
3232 2707 3411 2763 maxi-

1836 2809 1924 2850 me
1951 2794 2095 2863 apud
2123 2807 2313 2850 omnes
2345 2795 2522 2871 clarus
2552 2796 2780 2851 habetur
2827 2807 2988 2867 atque
3016 2796 3267 2855 celebris.
3311 2798 3413 2856 Hic
3451 2784 3456 2789 ’

1837 2894 2042 2953 autem,
2076 2885 2169 2956 qui
2198 2900 2308 2941 non
2333 2885 2458 2954 jure
2486 2887 2721 2942 humana
2757 2887 2931 2958 major
2954 2889 3267 2947 conditione
3308 2891 3411 2947 ha-

1836 2979 2049 3043 beatur,
2092 2977 2184 3048 qui
2211 2978 2465 3033 nimirum
2499 2995 2606 3034 non
2658 2979 2837 3035 Jesum
2888 2981 2942 3035 in
2996 2983 3278 3052 corpore,
3315 2984 3427 3051 setL

1838 3071 2040 3126 nudum
2063 3056 2226 3126 carne
2254 3069 2486 3125 Verbum
2514 3071 2754 3140 quotidie
2778 3070 3047 3137 reﬁceret,
3071 3087 3170 3129 vas
3193 3088 3254 3129 se
3279 3072 3413 3129 utile

1839 3178 1903 3218 ac
1926 3163 2182 3217 mundum
2205 3172 2468 3234 praeStans
2488 3161 2799 3219 Cooditori?
2822 3164 3088 3220 Caeterum
3117 3178 3238 3219 cum
3258 3165 3412 3236 plura

1841 3268 1905 3309 ac
1940 3253 2119 3308 omnis
2145 3255 2360 3324 generis
2387 3252 2536 3308 varia
2559 3253 2691 3308 mihi
2749 3254 2977 3311 dicenda
3012 3257 3207 3322 forent,
3264 3270 3413 3326 quaa-

1837 3357 2051 3414 cunque
2081 3343 2335 3398 nimirum
2358 3344 2439 3397 vir
2462 3343 2551 3399 hic
2571 3345 2785 3401 divinus
2815 3347 3070 3402 mundum
3098 3347 3412 3405 universum

1843 3434 2064 3501 docens,
2091 3434 2228 3489 dixit
2254 3433 2506 3505 fecitque,
2536 3444 2676 3490 terra
2700 3437 2902 3506 pariter
2924 3452 2988 3493 ac
3015 3430 3207 3505 mari;
3240 3439 3295 3496 in
3323 3438 3415 3513 ju-
3451 3436 3464 3445 “

1844 3523 2000 3580 diciis
2028 3538 2094 3578 ac
2117 3521 2493 3587 tribunalibus,
2539 3523 2592 3577 in
2622 3522 2777 3592 foris,
2818 3525 2871 3580 in
2900 3527 3133 3598 populis,
3170 3528 3225 3584 in
3277 3544 3411 3585 con-

1844 3616 2109 3681 ciouibus,
2149 3615 2203 3670 in
2233 3629 2418 3685 regum
2439 3614 2601 3681 aulis,
2635 3627 2825 3686 sponte
2850 3628 3115 3687 praetereo
3152 3633 3265 3689 pne
3294 3619 3416 3676 illo-

1842 3722 1961 3763 rum
1992 3714 2138 3761 tanta
2158 3703 2520 3760 multitudine.
2542 3702 2652 3760 Nec
2671 3706 2814 3761 enim
2843 3709 3192 3764 constitutum
3215 3707 3414 3778 habeo,

1842 3805 1904 3851 ut
1935 3809 2115 3850 rerum
2150 3792 2218 3847 ab
2240 3808 2305 3849 eo
2326 3793 2583 3864 prteclare
2635 3804 2909 3867 gestarum
2963 3800 3413 3855 commentarium

148 3896 496 3961 elucubrem,
544 3898 615 3952 ita
641 3907 699 3951 ut
729 3896 863 3952 nibil
899 3898 1063 3962 desit,
1086 3896 1180 3952 sed
1210 3905 1268 3951 ut
1295 3906 1579 3952 contexam
1627 3891 2027 3955 laudationem;
2085 3900 2335 3955 eamque,
2367 3900 2468 3955 pro
2522 3886 2661 3941 virili
2713 3893 2923 3943 tantum
2980 3904 3097 3946 mea
3134 3889 3412 3947 facultate.

148 3987 425 4055 Quocirca
451 3987 538 4041 ubi
561 4003 725 4041 unum
758 3988 1019 4042 duntaxat
1038 3994 1371 4057 postremum
1388 4001 1731 4058 suggessero,
1773 3981 1967 4038 faciam
1989 3978 2200 4033 dicendi
2230 3976 2411 4033 ﬁnem.

237 4077 462 4149 Ἐπειδὴ
494 4077 605 4149 γὰρ
633 4078 815 4131 πᾶσαν
849 4075 1217 4148 ἐκπεριελθὼν
1245 4077 1343 4147 τὴν
1393 4075 1740 4147 οἰκουμένην,

1911 4067 2199 4137 Postquam
2220 4066 2364 4122 enim
2395 4065 2701 4121 universum
2728 4066 3147 4138 circumquaque
3176 4068 3428 4128 lustrans,

150 4171 251 4225 καὶ
276 4169 393 4233 θεὶς
421 4170 517 4223 ἐπὶ
542 4169 645 4239 τῆς
668 4169 888 4241 λυχνίας
912 4168 1005 4222 τὸν
1032 4168 1211 4238 λόγον,
1249 4168 1424 4240 μέγαν
1446 4166 1620 4237 ἀνῆψε
1639 4165 1742 4236 τῆς

1840 4160 2135 4235 οιιιειιιηοο
2161 4172 2465 4214 sermonem
2493 4174 2656 4228 super
2685 4158 3062 4214 candelabrum
3086 4174 3314 4230 ponens,
3341 4162 3418 4217 in-

149 4260 523 4332 εύαγγελικῆς
573 4260 829 4331 γνώσεως
879 4260 973 4346 τδν
1023 4260 1252 4332 πυρσὸν,
1321 4260 1549 4331 ἀφίκετο
1602 4256 1742 4329 πρὸς

1840 4260 2051 4324 gentem
2074 4248 2394 4320 evangelica
2409 4248 2729 4312 cognitionis
2750 4262 2814 4302 ac
2824 4246 3062 4302 scientiae
3083 4249 3418 4307 accendisset

161 4349 498 4420 Ῥωμαίους,
523 4349 600 4414 ὡς
618 4338 1010 4420 βασιλεύουσαν
1032 4350 1206 4418 πόλιν,
1232 4351 1319 4405 ἵνα
1339 4351 1464 4414 τοὺς
1486 4347 1742 4422 κρατοῦνο

1843 4343 2043 4413 ignem,
2077 4339 2327 4407 Romam,
2345 4338 2550 4410 regiam
2573 4339 2760 4393 urbem
2788 4338 2941 4407 petit,
2958 4347 3016 4392 ut
3036 4339 3416 4397 universorum

150 4457 260 4504 τας
319 4439 431 4497 τῶν
499 4441 719 4496 πάντων
784 4442 883 4496 ἀνθ
889 4440 1087 4514 ρώπων
1147 4441 1480 4513 μυσταγωγή
1488 4457 1587 4504 σας
1648 4439 1746 4492 καὶ

154 4533 379 4597 πείσας,
421 4532 519 4585 καὶ
557 4532 900 4604 κτησάμενος
939 4533 1209 4605 μαθητὰς,
1247 4535 1312 4586 ἐκ
1346 4532 1440 4586 τοῦ
1466 4530 1749 4602 περιόντος

154 4629 274 4690 τοῖς
290 4625 475 4688 ἄλλοις
501 4623 807 4695 ἀνθρώποις
836 4625 1217 4697 προσομιλοίη.
1237 4624 1428 4696 Εὐρὼν
1454 4623 1511 4676 δὲ
1539 4623 1634 4676 καὶ
1657 4621 1749 4674 τὸν

158 4718 372 4787 Πέτρον
396 4717 535 4778 ἐκεῖ,
564 4715 665 4785 τῆς
693 4716 864 4788 αὐτῆς
894 4717 1135 4788 ἐργάτην
1167 4715 1422 4786 σπουδῆς,
1460 4714 1556 4768 καὶ
1596 4713 1749 4785 ἱεράν

158 4825 284 4863 τινα
304 4809 404 4861 καὶ
434 4807 617 4861 ἔνθεον
658 4807 923 4880 ξυνωρίδα
960 4807 1310 4880 ζευξάμενος,
1333 4810 1391 4860 ἐν
1408 4808 1750 4874 συναγωγαῖς

161 4901 290 4966 τοὺς
320 4901 430 4955 ὑπὸ
454 4900 618 4973 νόμον
637 4900 973 4965 ἐπαίδευσεν,
1002 4902 1061 4955 ἐν
1096 4901 1326 4972 ἀγοραῖς
1348 4899 1474 4961 τοὺς
1503 4896 1749 4960 ἐθνικοὺς

162 4992 511 5064 προπκτᾶτο
526 5008 541 5022 ’
572 4993 667 5046 καῖ
691 4991 935 5056 ποικίλος
957 4987 1027 5063 ἦν
1046 4991 1156 5044 τῶν
1177 4990 1398 5059 ἀγαθῶν
1414 4986 1750 5052 διδάσκαλος,

161 5082 303 5137 Θεοῦ
326 5081 531 5151 γνῶσιν
563 5082 880 5152 ἐμφανίζων
900 5084 1000 5154 τὴν
1023 5081 1271 5153 καθαρὰν
1305 5079 1401 5132 καὶ
1438 5076 1750 5148 άκίὸδηλον,

163 5175 366 5246 ἠθικῆς
406 5174 612 5247 ἀρετῆς
652 5174 882 5238 κανόνας
934 5172 1276 5244 θεσμοθετῶν
1319 5170 1605 5243 ἀκριϐεῖς,
1647 5170 1754 5222 άπ-

165 5267 412 5321 ελαύνων
460 5267 652 5339 πόρῤω
681 5266 789 5320 τῶν
821 5263 1124 5335 ἀνθρώπων
1159 5263 1377 5336 χορείας
1406 5261 1499 5315 καὶ
1534 5259 1704 5333 μέθην
1728 5300 1743 5325 ,

167 5361 261 5416 καὶ
281 5362 467 5413 πᾶσαν
491 5360 593 5430 τὴν
616 5358 914 5413 ἀκόλαστον
941 5357 1293 5430 ἡδυπάθειαν,
1390 5354 1623 5425 μάλιστα
1651 5354 1749 5407 καὶ

165 5453 226 5505 τὸ
249 5450 458 5522 πλῆθος
492 5449 659 5515 ἅπαν,
692 5451 787 5505 καὶ
818 5452 848 5504 ὁ
877 5449 998 5503 τότε
1028 5448 1280 5519 βασιλεὺς
1311 5446 1567 5517 ἐνείχετο.
1591 5443 1746 5498 Καθ-

167 5542 345 5616 ήψατο
367 5542 481 5615 γάρ
505 5541 752 5615 σφοδρῶς
792 5539 887 5597 τοῦ
923 5540 1176 5606 Νέρωνος
1205 5542 1241 5612 ἠ
1275 5539 1374 5611 τῆς
1401 5538 1630 5610 ἀρίστης
1653 5535 1750 5591 καὶ

246 5745 289 5781 "
315 5745 357 5801 ll
396 5742 524 5800 Cor.
561 5759 679 5807 xm,
709 5743 763 5798 5.
841 5742 884 5773 "
914 5739 1068 5796 Joan.
1100 5753 1221 5806 xm,
1252 5736 1344 5794 25.

421 5839 699 5901 Ριτιιοι..
733 5835 853 5897 Gn.
903 5834 1029 5897 XL.

1844 4431 2088 4487 dominos
2125 4431 2357 4494 docens,
2409 4442 2473 4484 ac
2524 4429 2577 4482 in
2608 4428 2929 4483 sententiam
2982 4442 3203 4497 cogens,
3253 4429 3419 4502 inque

1846 4520 2138 4591 discipulos
2185 4521 2454 4583 obtinens,
2507 4534 2572 4573 ex
2619 4518 2912 4573 abundanti
2956 4518 3264 4575 hominibus
3290 4521 3417 4576 reli-

1848 4614 1971 4683 quis
1999 4611 2442 4681 congrederetur;
2468 4609 2600 4665 Cum
2625 4617 2805 4663 autem
2843 4608 2953 4664 illic
2999 4624 3214 4680 quoque
3260 4625 3416 4683 ηερε-

1849 4707 2010 4763 rlsset
2052 4702 2297 4770 Petrum,
2338 4702 2391 4756 in
2443 4701 2585 4758 idem
2615 4701 2794 4757 studio
2831 4701 3229 4758 incumbentem
3256 4716 3415 4774 Opus,

1850 4808 2171 4865 sacramque
2217 4793 2506 4865 quamdam
2559 4808 2623 4849 ac
2652 4793 2890 4849 divinam
2918 4793 3095 4865 bigam
3133 4794 3415 4864 copulatis,

1849 4903 1944 4945 eos
1971 4886 2065 4958 qui
2105 4896 2261 4941 erant
2295 4887 2395 4941 sub
2435 4885 2572 4955 lege,
2599 4885 2653 4940 in
2693 4887 2981 4957 synagogis
3006 4886 3254 4954 docebat,
3282 4903 3415 4959 gen-

1851 4982 1972 5038 tiles
2006 4982 2058 5035 in
2090 4980 2222 5035 foris
2248 4979 2578 5044 lucrabatur,
2601 4993 2666 5033 ac
2694 4979 2879 5037 varius
2909 4978 3126 5050 quidam
3154 4981 3417 5037 bonorum

1851 5075 2043 5130 doctor
2068 5080 2206 5141 erat,
2238 5086 2427 5144 puram
2461 5070 2554 5127 Dei
2584 5071 2963 5141 sinceramque
3006 5073 3289 5129 scientiam
3328 5073 3421 5129 de-

1852 5166 2087 5230 clarans,
2115 5163 2334 5220 moralis
2355 5162 2573 5219 virtutis
2597 5174 2881 5219 accuratas
2900 5156 3123 5235 regulas.
3144 5165 3416 5229 sanciens,

1854 5256 2083 5312 choreas
2116 5270 2179 5311 ac
2206 5255 2548 5321 ebrietatem,
2574 5270 2896 5326 omnemque
2918 5254 3186 5311 luxuriam
3216 5271 3282 5312 ac
3308 5264 3423 5311 tur-

1853 5328 1985 5418 pem.
2014 5346 2363 5417 voluptatem,
2391 5348 2480 5402 cui
2514 5347 2766 5411 maxime,
2806 5362 2929 5403 cum
2970 5347 3123 5418 plebs
3144 5349 3419 5413 universa,

1856 5450 1966 5493 tum
1999 5438 2046 5495 is
2081 5438 2172 5510 qui
2202 5452 2382 5494 rerum
2410 5438 2736 5509 potiebatur,
2769 5436 2933 5492 dediti
2966 5448 3142 5504 erant,
3191 5440 3259 5493 ab
3316 5440 3424 5494 bu-

1855 5546 2010 5587 mana
2033 5530 2219 5602 procul
2242 5530 2631 5589 consuetudine
2649 5528 2936 5600 depellens.
2956 5528 3205 5585 Graviter
3225 5532 3423 5605 quiope

3062 5816 3143 5886 ’10
