3856 6274
415 315 521 372 Ξ99

1698 312 1755 368 S.
1796 312 2072 370 ASTERII
2107 310 2410 372 AMASENI

3593 316 3739 375 300

417 436 687 493 Neronem
734 435 1051 508 perstrinxit
1097 435 1315 508 optimae
1349 443 1618 503 castaeque
1649 435 1736 490 illa
1770 450 1985 492 conver-

2102 436 2378 510 σώφρονος
2422 437 2693 503 πολιτείας
2740 435 3016 511 εἰσαγωγή
3039 453 3052 470 °
3104 439 3197 494 καὶ
3240 438 3402 493 πλέον
3432 438 3736 512 ἀλγήσας

417 529 645 584 sationis
671 528 988 596 insinuatio,
1037 526 1231 597 majori
1264 543 1295 581 a
1351 524 1672 581 labefactata
1725 524 2000 595 voluptate

423 619 674 675 aﬂ‘ectum
702 618 912 684 dolore,
940 616 1105 688 quam
1138 619 1183 674 si
1210 617 1440 689 imperio
1469 610 1583 685 ipso
1614 614 1801 686 pulsus
1825 624 1992 671 esset.

416 711 631 767 Etenim
689 720 808 767 erat
864 718 924 766 ut
954 710 1092 766 alius
1135 708 1258 780 quis
1296 707 1508 764 subtilis
1556 706 1888 775 voluptatum
1918 704 2000 759 in-

417 808 609 860 ven‘tor
631 815 791 873 atque
820 802 1040 869 artifex,
1071 801 1277 857 deliciis
1302 809 1514 869 captus,
1550 812 1616 853 ac
1637 797 1888 852 tibiarum
1940 811 1998 851 se

418 904 580 950 cantu
612 910 864 951 recreans
890 910 905 947 :
935 895 1158 965 ignavus
1205 891 1489 961 mollisque
1518 904 1582 946 ac
1614 887 1994 954 eﬂeminatus;

419 995 722 1042 scortorum
751 999 975 1056 praeses,
1015 1000 1122 1041 non
1172 998 1268 1039 rex
1292 984 1555 1039 virorum.
1591 978 1706 1048 Qua
1738 978 1882 1035 enim
1912 993 1992 1033 ra~

420 1078 567 1131 tione
604 1076 833 1131 aliorum
869 1074 1257 1137 dominaretur,
1291 1071 1382 1142 qui
1406 1086 1473 1126 ne
1507 1070 1609 1126 sibi
1639 1069 1859 1138 quidem
1894 1070 1997 1122 ima

418 1184 609 1239 perure
632 1156 838 1222 sciret?
865 1166 927 1221 Id
954 1180 1117 1220 unum
1147 1163 1371 1220 curabat
1395 1178 1458 1218 ac
1488 1160 1749 1217 sollicitus
1774 1160 1988 1231 agebat,

420 1268 479 1313 ut
510 1258 721 1329 pietatis
749 1272 811 1312 ac
845 1255 1112 1312 castitatis
1152 1256 1443 1311 doctorem
1485 1267 1552 1308 ex
1583 1252 1719 1307 urbe
1775 1253 1994 1307 exscin-

419 1352 590 1406 derct.
621 1351 700 1404 Ac
720 1365 847 1405 vero
872 1347 1097 1405 Herodis
1121 1347 1403 1403 aemulatus
1430 1346 1692 1409 animum,
1720 1345 2005 1426 apostolos

417 1443 471 1497 in
501 1456 774 1497 carcerem
807 1440 988 1507 tradit,
1009 1440 1087 1494 uti
1122 1439 1211 1495 ille
1233 1437 1521 1499 Joannem,
1552 1437 1866 1506 habensque
1907 1437 1993 1491 al-

420 1535 588 1587 terius
613 1534 780 1587 instar
806 1531 1144 1596 llerodiadis,
1174 1528 1500 1601 impudicam
1539 1543 1602 1583 ac
1628 1528 1813 1583 veneri
1838 1543 1993 1583 man-

418 1626 650 1696 cipatam
697 1624 1048 1690 voluntatem,
1078 1622 1221 1677 Petri
1261 1636 1326 1676 ac
1356 1619 1510 1676 Pauli
1541 1628 1872 1689 quaerentem
1903 1635 1995 1677 ca-

419 1724 538 1787 put,
590 1716 849 1787 martyrio
902 1716 1093 1771 ambos
1129 1713 1445 1779 coronavit;
1489 1711 1719 1768 alterum
1777 1713 1991 1784 quidem

2097 529 2198 601 τῆς
2231 529 2427 600 ηδονῆς
2457 529 2878 601 καταλυόμενος,
2905 529 2938 601 ἢ
2973 530 3027 583 εί
3059 547 3143 593 τις
3191 528 3469 600 βασιλείας
3504 531 3731 600 αὐτῆς

2099 620 2440 687 ὲξεϐάλλετο.
2495 622 2606 676 Καὶ
2637 621 2746 694 γὰρ
2768 618 2859 694 ἦν,
2889 621 3048 693 εἴπερ
3082 638 3167 686 τις
3195 622 3383 686 ἄλλος,
3417 623 3727 695 σοφιστὴς

2100 709 2323 781 ἡδονῶν,
2351 709 2572 783 τρυφῶν
2602 710 2697 765 κα)⁴
2723 709 3178 782 καταυλούμενος,
3223 710 3357 782 βλὰξ
3397 713 3493 766 καὶ
3522 711 3719 783 θηλυο

2097 801 2271 873 δρίας,
2296 803 2507 874 πορνῶν
2536 802 2850 873 ἐπιστάτης,
2897 803 2957 855 οὐ
2983 801 3232 873 βασιλεὺς
3275 802 3504 872 ἀνδρῶν.
3557 800 3720 866 Πῶς

2097 893 2207 965 γὰρ
2230 893 2296 948 ἂν
2326 894 2528 965 ἑτέρων
2558 893 2860 966 ἐκράτησεν
2902 895 2930 947 ὁ
2958 895 3132 966 ἀρχὴν
3155 891 3320 947 αὐτοῦ
3345 893 3420 965 μὴ
3444 892 3668 964 μαθών
3692 908 3713 959 ;

2094 985 2242 1040 Μίαν
2261 984 2408 1038 ἔθετο
2435 984 2707 1055 φροντίδα,
2738 985 2885 1048 ὅπως
2916 985 2983 1038 ἂν
3008 983 3236 1054 ἐκκόψαι
3254 986 3319 1037 ἐκ
3342 984 3443 1055 τῆς
3465 984 3715 1049 πόλεως

2096 1076 2189 1130 τὸν
2215 1074 2315 1146 τῆς
2339 1074 2618 1139 εὐσεϐείας
2660 1075 2751 1128 καὶ
2799 1073 3153 1146 σωφροσύνης
3184 1074 3523 1129 διδάσκαλον.
3573 1075 3713 1129 Καὶ

2096 1162 2344 1236 ζηλώσας
2392 1166 2484 1219 τὸν
2522 1165 2769 1238 Ἡρώδην
2814 1166 2914 1238 τῆς
2972 1164 3220 1237 γνώμης,
3283 1166 3485 1235 ἀπάγει
3552 1165 3711 1231 τοὺς

2095 1259 2426 1322 ἀποστόλους
2450 1261 2528 1323 είς
2542 1260 2932 1331 δεσμωτήριον,
2954 1258 3031 1323 ῶς
3049 1258 3140 1312 τὸν
3163 1258 3417 1330 Ἰωάννην
3436 1261 3701 1326 ἐκεῖνος,

2095 1349 2232 1420 ἔχων
2259 1348 2315 1402 δὲ
2344 1348 2467 1403 καθ’
2491 1347 2785 1419 ὁμοιότητα
2813 1348 2981 1419 ἄλλην
3028 1345 3361 1417 Ἡρωδιάδα,
3406 1344 3504 1418 τὴν
3546 1346 3707 1400 ἀκό-

2093 1443 2286 1498 λαστον
2315 1443 2409 1496 καὶ
2438 1443 2722 1513 φιλήδονον
2750 1440 2995 1512 γνώμην,
3028 1440 3128 1511 τὴν
3163 1438 3430 1510 ζητοῦσαν
3459 1440 3705 1511 Πέτρου

2093 1535 2189 1588 καὶ
2234 1534 2443 1589 Παύλου
2481 1535 2580 1608 τὴν
2625 1533 2899 1606 κεφαλὴν,
2944 1531 3285 1603 ἀμφοτέρους
3329 1531 3563 1602 ἀνέδησε
3596 1530 3696 1601 τῷ

2095 1628 2343 1700 στεφάνῳ
2382 1627 2475 1682 τοῦ
2514 1627 2846 1701 μαρτυρίου,
2890 1626 2983 1681 τὸν
3032 1627 3130 1697 μὲν
3187 1625 3266 1695 τῷ
3310 1621 3449 1695 ξύλῳ
3503 1636 3694 1694 προσ-

2097 1719 2337 1790 ηλώσας,
2365 1718 2459 1773 τοῦ
2497 1720 2554 1773 δὲ
2574 1718 2788 1773 Παύλου
2826 1717 2923 1790 τὴν
2974 1716 3213 1788 κεφαλὴν
3247 1714 3511 1786 ἐκτεμὼν,
3541 1716 3696 1785 ἡμῖν

420 1808 638 1879 aﬂigens
671 1808 816 1878 ligno
840 1846 857 1869 ,
887 1806 1035 1862 Pauli
1063 1821 1192 1862 vero
1218 1806 1486 1862 cervicem
1514 1803 1856 1869 abscindens,
1889 1820 1985 1860 no-

2093 1810 2186 1865 καὶ
2211 1810 2289 1882 τῷ
2319 1811 2510 1881 κόσμῳ
2533 1808 2848 1864 καταλιπὼν
2874 1808 2933 1861 τὸ
2965 1807 3075 1861 τῶν
3118 1806 3288 1876 ἁγίων
3309 1806 3499 1872 πάθος,
3533 1820 3691 1859 arav-

418 1901 611 1970 hisque
639 1915 701 1955 ac
722 1901 974 1955 universo
1005 1898 1225 1963 mundo,
1255 1896 1445 1953 festam
1472 1894 1649 1949 lucem
1678 1907 1842 1966 atque
1864 1911 1995 1951 con-

419 1998 662 2053 ventum,
699 2002 763 2042 ac
799 1996 960 2042 tantas
983 1995 1360 2055 argumentum
1418 1983 1805 2053 solemuitatis,
1860 2001 1990 2042 san-

418 2088 630 2136 ctorum
664 2079 968 2148 passionem
998 2078 1329 2148 relinquens.

489 2167 615 2224 Haec
643 2167 819 2232 nobis,
852 2175 936 2223 ter
959 2182 1054 2223 vos
1075 2170 1242 2235 beati,
1267 2185 1444 2225 annua
1474 2168 1561 2225 lex
1594 2182 1881 2225 recurrens
1912 2175 1996 2222 at-

420 2259 565 2324 tulit,
593 2273 688 2313 vos
710 2257 928 2328 quidem
950 2258 1149 2328 ubique
1180 2273 1278 2315 ceu
1302 2260 1451 2315 orbis
1472 2273 1788 2316 communes
1814 2258 1991 2311 athle-

420 2363 503 2407 tas
520 2351 823 2423 prmdicans
851 2365 865 2403 :
909 2360 1193 2421 vestroque
1213 2352 1441 2417 honore,
1470 2352 1749 2407 hominum
1783 2360 1993 2405 mentes

421 2442 488 2495 ad
536 2441 756 2499 meliora
783 2454 1132 2509 componens.
1170 2439 1398 2497 Virtutis
1437 2443 1634 2512 quippe
1666 2441 1837 2496 honor
1880 2439 1995 2508 plu-

420 2537 557 2590 rium
605 2544 859 2604 provocat
906 2535 1301 2590 aemulationem
1338 2553 1352 2589 :
1398 2537 1449 2591 in
1477 2535 1693 2592 Christo
1730 2534 1854 2591 Jesu
1887 2535 1992 2591 Do-

419 2625 567 2681 mino
611 2632 820 2690 nostro,
868 2623 951 2678 cui
1018 2621 1188 2693 gloria
1237 2639 1301 2679 ac
1356 2622 1725 2694 imperiumin
1765 2620 1981 2678 saecula.

417 2718 608 2773 Amen.

1160 2805 1253 2861 IX.

630 2896 701 2952 In
734 2905 971 2951 sanctum
1013 2905 1297 2966 martyrem
1321 2891 1550 2949 Phocam
1591 2894 1726 2966 (42).

436 3015 457 3045 ”
490 3030 718 3116 Pulchra
745 3068 829 3113 est
872 3073 936 3113 ac
980 3057 1130 3113 utilis
1161 3056 1382 3113 honesta
1428 3054 1726 3112 colentibus
1775 3063 1989 3111 sancto-

420 3167 538 3209 rum
562 3148 842 3207 memoria.
871 3146 1079 3204 Nedum
1110 3150 1255 3204 euim
1285 3161 1400 3214 eos,
1423 3147 1516 3218 qui
1540 3145 1754 3202 virtutis
1780 3161 1844 3201 ac
1874 3146 1988 3217 pie-
2013 3140 2057 3200 C

488 3332 601 3406 (42)
632 3332 708 3409 Eli
772 3330 906 3409 Reg.
954 3333 1072 3386 cod.
1100 3330 1314 3409 emend.
1345 3343 1411 3385 ex
1441 3330 1499 3385 P.
1530 3327 1694 3385 Sirm.
1727 3337 1979 3409 autogra-

414 3398 547 3472 plto.
575 3398 648 3444 4—
670 3403 816 3457 Duos
844 3398 1074 3465 Phocas,
1108 3402 1310 3472 ambos
1327 3410 1381 3455 et
1411 3410 1699 3472 martyres,
1726 3398 1981 3472 et_Sino-

420 3469 487 3542 pe
533 3473 813 3537 oriundos,
866 3472 1094 3527 alterum
1139 3469 1516 3542 hortulanum.
1557 3469 1725 3542 'cnjus
1783 3469 1983 3525 festum

421 3539 558 3611 apud
589 3542 807 3612 Latinos
854 3550 1044 3612 agatur
1090 3554 1149 3595 ιιι
1176 3539 1627 3612 NonasMartias,
1657 3540 1884 3612 alterum
1917 3554 1986 3595 ex

422 3607 692 3680 piscatore
727 3607 1056 3682 episcopum,
1116 3608 1467 3682 cuju§_pri_die
1517 3609 1639 3664 ldus
1680 3607 1888 3682 Iulias;
1917 3623 1982 3664 ac

419 3677 512 3750 qui
565 3682 724 3737 ambo
761 3677 917 3750 apud
965 3677 1193 3750 Graecos:
1232 3677 1309 3733 Ξῖ
1357 3677 1659 3750 Septembr.
1709 3678 1978 3750 colantur,

422 3747 662 3816 pluribus
693 3747 852 3804 tradit
884 3748 1146 3804 Baronius
1177 3749 1229 3803 in
1258 3758 1370 3803 not.
1412 3750 1478 3801 ad
1507 3748 1780 3818 Martyrol.
1811 3747 1970 3805 Rom.

421 3822 489 3876 14
510 3821 655 3877 Julii.
693 3820 891 3889 Sicque
932 3819 1087 3889 plane
1135 3819 1363 3889 diversis
1385 3818 1575 3873 diebus
1597 3817 1734 3886 apud
1756 3817 1978 3889 Latinos

420 3892 715 3960 cousignati
766 3887 1051 3960 habentur,
1090 3903 1154 3942 ac
1185 3888 1734 3960 distinguunt_t}razci
1783 3887 1856 3960 22
1886 3889 1974 3960 illa

419 3959 469 4016 Se
492 3957 770 4031 pteinhris,
809 3958 1110 4031 pecularius
1154 3957 1487 4031 celebrantes
1519 3958 1718 4031 Phoce:
1738 3958 1975 4031 episcopi

419 4027 766 4101 ac'tnartyris
815 4029 1027 4092 festum,
1063 4028 1131 4101 in,
1164 4028 1318 4101 cujus
1350 4028 1607 4101 honorem
1636 4027 1869 4084 oﬂicium
1894 4027 1978 4084 to-

423 4114 530 4155 tum
562 4099 915 4171 compositum
951 4107 1055 4171 est,
1092 4100 1357 4171 simulque
1389 4099 1703 4171 memoriam
1750 4106 1975 4168 agentes

422 4172 612 4227 Pltocae
641 4168 860 4225 alterius
891 4184 957 4224 ex
992 4168 1273 4224 hortulano
1304 4168 1836 4239 martyris,iuuorum
1860 4183 1975 4222 ant-

422 4243 611 4296 lmrum
637 4256 724 4296 res
746 4240 800 4295 in
833 4238 1137 4310 Synaxario
1173 4237 1397 4310 seorsim
1426 4237 1884 4310 complectuntur;
1909 4253 1974 4294 ac

421 4313 673 4383 pleraque
713 4312 822 4383 hic!
846 4307 913 4366 ab
944 4309 1157 4383 Asterio
1198 4309 1431 4383 ascripta
1466 4307 1975 4383 Phoctchortulano

423 4377 703 4449 iuirac‘ula,
740 4381 980 4435 tribuunt
1017 4379 1097 4449 illi
1127 4379 1398 4448 episcopo,
1432 4392 1589 4449 quem
1615 4378 1734 4435 ideo
1763 4377 1976 4449 θαυμαο

418 4451 647 4521 τουργόν
674 4447 902 4521 vocant,
938 4464 1043 4521 non
1077 4447 1311 4521 PhOcam
1342 4447 1704 4521 hortulanum,
1736 4459 1793 4503 ut
1818 4447 1977 4521 plane

420 4514 642 4575 necesse
670 4521 739 4577 sit
767 4514 932 4573 fuisse
975 4519 1248 4573 Asterium
1291 4518 1522 4572 nominis
1556 4514 1983 4588 aequivocatione
2015 4514 2058 4571 D

421 4592 723 4656 deceptum,
759 4603 822 4643 ac
853 4590 902 4644 ei
936 4588 1216 4653 accidisse,
1239 4588 1381 4658 quod
1418 4588 1678 4658 Gregorio
1706 4588 1903 4643 accidit
1925 4590 1980 4643 in

419 4660 711 4730 Cypriano,
752 4659 999 4730 eumdem
1043 4657 1258 4713 facienti
1310 4657 1632 4730 Cyprianum
1676 4673 1890 4730 magum
1928 4668 1982 4712 et

421 4728 743 4799 Cyprianum
793 4729 1121 4798 episcopum,
1157 4744 1292 4799 quos
1331 4728 1511 4783 vetera
1557 4743 1647 4799 ac_
1670 4728 1979 4783 fidelissima

421 4797 763 4854 monumenta
804 4797 1042 4853 diversos
1098 4797 1217 4853 esse
1257 4807 1543 4854 testantur.
1606 4797 1780 4867 thue
1831 4799 1902 4850 ita
1950 4813 1979 4850 a

419 4868 552 4923 viris
584 4870 769 4933 tantis,
809 4883 909 4923 nec
950 4868 1083 4922 adeo
1123 4869 1342 4933 dissitis,
1383 4868 1485 4923 ista
1533 4879 1746 4937 peccata
1788 4868 1897 4922 sint
1925 4884 1981 4921 ιιι

420 4949 729 4994 sanctorum
765 4938 1008 5002 historia,
1044 4939 1170 5006 quid
1205 4940 1398 4994 mirum
1442 4938 1591 5003 plura
1628 4937 1879 5005 deinceps
1907 4940 1979 4992 si-

422 5008 534 5063 mili
556 5024 741 5066 crrore
765 5011 818 5063 in
844 5009 988 5071 aliis,
1009 5024 1071 5062 ac
1089 5009 1156 5061 ah
1184 5009 1303 5063 aliis
1326 5007 1701 5062 remotioribus
1726 5008 1982 5075 peccati?

420 5079 522 5146 Qui
569 5080 822 5149 ascripsit
868 5077 1079 5149 titulum
1114 5077 1279 5149 Regio
1319 5077 1439 5131 cod.
1475 5092 1542 5132 ex
1572 5092 1679 5149 quo
1704 5076 1982 5149 peculiare

419 5146 728 5214 exordium,
751 5150 989 5217 illudque
1031 5146 1493 5218 plane'oruatutu,
1529 5147 1761 5218 edjtnus.
1795 5146 1984 5214 appel-

421 5220 582 5275 lando
608 5215 1002 5344 ἱερομάρξυρα,
1032 5215 1207 5273 ’νωθῆ
1244 5215 1812 5297 episcopumPhocam
1839 5218 1984 5271 indi-

421 5291 579 5344 cavit.
607 5289 785 5344 Potuit
854 5292 1017 5344 hocas
1040 5288 1353 5343 hortulanus
1374 5287 1572 5340 Astern
1592 5294 1748 5341 aetate
1770 5288 1842 5340 ita
1867 5288 1984 5342 cla-

420 5291 579 5344 cavit.
607 5286 785 5344 Potuit
804 5286 1017 5344 Phocas
1040 5286 1353 5343 hortulanus
1374 5286 1572 5340 Asterii
1592 5294 1748 5341 aetate
1770 5288 1842 5340 ita
1867 5288 1984 5342 cla-

421 5376 563 5424 rere,
597 5375 660 5414 ac
704 5360 901 5415 celebri
927 5360 1061 5413 adeo
1099 5357 1352 5411 memoria
1381 5355 1433 5409 in
1464 5355 1635 5410 Ponto
1662 5355 1883 5421 habere,
1926 5365 1986 5411 ut

418 5431 726 5500 episcopum
756 5427 1352 5500 Phocamapudplures
1375 5426 1663 5500 Asiaticos,
1697 5427 1984 5500 ipsumque

419 5496 556 5554 adeo
596 5500 892 5565 Asterium,
922 5496 1199 5553 uiruscari't
1230 5496 1407 5566 :quod
1449 5496 1502 5566 in
1554 5496 1985 5555 aliis.accidisse

418 5570 642 5633 scimus,
673 5579 730 5624 ut
768 5566 821 5624 in
850 5569 908 5624 S.
942 5568 1002 5624 P.
1028 5567 1093 5624 N.
1125 5565 1425 5631 Dominico,
1450 5565 1672 5637 ejusque
1696 5567 1982 5637 cognomi-

420 5654 487 5692 ne
518 5640 795 5693 Dominico
820 5654 851 5693 a
873 5639 986 5693 Silo
1017 5652 1081 5694 eo
1109 5637 1419 5706 antiquiori,
1459 5636 1513 5690 in
1545 5635 1865 5706 quibusdam
1898 5635 1984 5692 io-

414 5708 495 5762 cis
527 5709 813 5776 llispanize.
843 5709 993 5775 Quod
1028 5709 1101 5762 ait
1127 5705 1406 5773 Barunius,
1440 5705 1655 5776 passum
1684 5722 1805 5763 esse
1844 5705 1985 5762 Pho-

411 5791 534 5832 cam
567 5778 904 5833 hortulanum
934 5778 1251 5843 Antiochiae,
1300 5793 1403 5832 non
1446 5778 1681 5847 Sinope;
1721 5786 1984 5847 putataue

2094 1903 2310 1974 ήγυριν,
2345 1903 2440 1957 καὶ
2483 1901 2750 1967 τοσαύτης
2781 1902 2973 1973 ἑορτῆς
3014 1901 3291 1973 ἀφορμήν.

2164 2163 2348 2219 Ταῦτα
2372 2165 2528 2235 ἡμῖν,
2564 2157 2610 2218 ὦ
2647 2162 3058 2236 τρισμακάριοι,
3096 2162 3326 2233 ἤνεγκεν
3373 2160 3403 2212 ὁ
3449 2158 3684 2230 ὲτήσιος

2094 2257 2275 2328 νόμος,
2306 2256 2451 2327 ὑμᾶς
2479 2254 2579 2326 μὲν
2616 2254 3008 2327 ἀνακηρύττων
3033 2251 3310 2323 πανταχοῦ
3335 2250 3410 2315 ὡς
3450 2249 3679 2313 κοινοὺς

2092 2349 2191 2419 τῆς
2222 2346 2546 2417 οἰκουμένης
2564 2345 2823 2418 ἀθλητὰς,
2860 2343 3085 2415 βελτιῶν
3117 2342 3177 2396 δὲ
3198 2342 3297 2406 τὰς
3323 2340 3431 2395 τῶν
3452 2339 3678 2413 ἀνθρὼο

2095 2456 2212 2492 πων
2252 2438 2477 2511 γνώμας
2510 2437 2601 2492 διὰ
2632 2438 2734 2510 τῆς
2777 2436 3050 2509 ὑμετέρας
3091 2434 3279 2506 τιμῆς.
3326 2433 3522 2506 Ἀρετὴ
3556 2432 3677 2503 γὰρ

2092 2529 2403 2601 τιμωμένη,
2434 2528 2661 2591 πολλοὺς
2705 2527 2909 2599 ἐγείρει
2947 2526 3082 2598 πρὸς
3123 2522 3318 2596 ζῆλον·
3358 2525 3414 2577 ὲν
3441 2522 3676 2595 Χριστῷ

2104 2616 2279 2689 Ἰησοῦ
2310 2616 2389 2688 τῷ
2412 2616 2602 2689 Κυρίῳ
2631 2615 2787 2687 ήμῶν
2804 2656 2818 2681 ,
2850 2609 2895 2683 ᾧ
2922 2616 2955 2685 ὴ
2982 2613 3128 2681 δόξα,
3159 2613 3335 2667 καὶτὸ
3361 2612 3562 2685 κράτος
3585 2614 3675 2676 εἰς

2090 2710 2215 2774 τοὺς
2257 2707 2475 2773 αἰῶνας.
2524 2708 2714 2781 Ἀμήν.

2843 2802 2920 2856 Θ.

2244 2893 2557 2964 Ἐγᾱιώμιον
2581 2897 2668 2960 εἱς
2684 2893 2853 2964 ἅγιον
2878 2896 3266 2962 ἱερομαρτυρα
3288 2888 3517 2945 Φωκᾶν.

2158 3051 2312 3124 Καλὴ
2344 3053 2438 3106 καὶ¹
2469 3051 2827 3123 συμφέρουσα
2860 3052 2972 3115 τοῖς
2998 3049 3356 3121 ἀσκουμένοις
3393 3050 3461 3103 τὰ
3488 3067 3661 3104 σπου-

2088 3142 2233 3213 δαῖα,
2275 3145 2383 3200 τῶν
2421 3145 2591 3214 ἁγίων
2624 3146 2657 3217 ἡ
2698 3145 2906 3217 μνήμη.
2954 3145 3030 3197 Οὐ
3076 3144 3188 3216 γὰρ
3234 3143 3379 3215 λόγῳ
3415 3143 3661 3199 παιδεύει

2082 3328 2468 3400 εισιοοιιίειεσιιιιΔ
2513 3325 2671 3400 Rom.
2711 3321 3089 3400 Martyrologio
3124 3341 3183 3381 ιιι
3225 3325 3408 3382 Nonas
3456 3324 3657 3400 Hartii,

2083 3396 2232 3455 nullo
2268 3398 2426 3453 modo
2457 3397 2508 3451 in
2542 3396 2773 3450 Phocam
2816 3396 3180 3460 hortulanum,
3209 3412 3275 3452 ac
3299 3411 3458 3463 quem
3498 3396 3653 3455 Aste-

2084 3470 2200 3525 rius
2248 3468 2505 3533 celebrat,
2554 3475 2648 3520 aut
2678 3468 2838 3521 etiam
2880 3465 3053 3522 Graeci
3089 3467 3271 3522 colunt
3297 3465 3369 3520 22
3410 3466 3653 3535 Septem.

2087 3539 2337 3609 quadrat.
2366 3540 2445 3592 Ac
2472 3537 2633 3609 plane
2661 3535 2827 3609 alios
2846 3537 2918 3592 sit
2956 3535 3126 3609 Syrus
3140 3536 3251 3609 _ille
3282 3546 3487 3607 martyr
3507 3536 3653 3592 Pho-

2087 3605 2179 3665 cas
2209 3607 2438 3663 Romani
2467 3606 2831 3678 Martyrologii
2854 3621 2926 3678 ac
2950 3605 3109 3678 Greg.
3139 3605 3437 3671 Turonen.,
3475 3621 3525 3678 c.
3560 3609 3653 3673 99,

2086 3694 2116 3733 a
2160 3678 2368 3733 duobus
2402 3677 2642 3731 Ponticis
2676 3691 2740 3730 ac
2771 3677 3043 3740 Asiaticis,
3064 3676 3210 3746 quos
3252 3686 3459 3730 tantum
3498 3676 3651 3734 (ἴα-ω-

2084 3749 2188 3815 cia,
2213 3757 2273 3802 ut
2300 3748 2640 3818 peculiariter
2671 3760 2819 3818 suos,
2849 3763 2912 3802 ac
2942 3748 2994 3801 in
3032 3746 3649 3818 direcesigConstinopo-

2084 3818 2249 3874 litana
2281 3816 2487 3887 passos.
2510 3817 2610 3887 sibi
2633 3816 2889 3887 colendos
2917 3819 3202 3885 acceperit.
3218 3816 3480 3887 iExcepto
3503 3819 3647 3874 enim

2085 3885 2326 3955 nomine,
2362 3887 2493 3943 nihil
2523 3885 2717 3943 Phoce:
2735 3886 2811 3958 illi
2840 3902 2959 3942 cum
2987 3887 3183 3958 duplici
3210 3885 3435 3942 Pontico
3465 3903 3524 3942 ac
3558 3887 3645 3943 Si.

2069 3960 2331 4028 ,nopensi,
2380 3958 2613 4012 maxime
2645 3972 2764 4011 cum
2801 3957 3083 4011 hortulano
3126 3966 3328 4020 nostro.
3365 3972 3647 4014 commune

2085 4029 2351 4093 invenias,
2380 4043 2478 4082 nec
2509 4028 2705 4091 locum,
2734 4042 2832 4082 nec
2856 4028 3068 4097 modum
3096 4029 3382 4097 passionis,
3403 4042 3500 4081 nec
3528 4029 3644 4084 vitae

2086 4098 2415 4161 institutum,
2446 4114 2543 4152 nec
2582 4097 2862 4153 miracula.
2912 4096 3471 4167 Verha’Martyrologii
3500 4109 3640 4166 sunt,

2082 4183 2144 4223 ac
2176 4168 2619 4237 Gregoriiicitati,
2647 4182 2771 4237 cap.
2793 4167 2886 4220 illo
2913 4166 2981 4222 99
3012 4167 3086 4221 De
3107 4168 3275 4236 gloria
3311 4166 3642 4237 martyrum:

2079 4238 2369 4293 Antiochia
2410 4236 2621 4292 Natalis
2646 4236 2930 4308 siphara:
2964 4239 3230 4308 martyris,
3254 4240 3343 4308 qui
3366 4236 3478 4304 post
3506 4238 3639 4290 mul-

2084 4318 2182 4373 tas,
2210 4326 2337 4377 quas
2360 4324 2450 4372 pro
2478 4309 2683 4361 nomine
2704 4306 3059 4374 Redemptoris
3091 4306 3275 4374 passus
3301 4316 3375 4361 est
3401 4307 3637 4375 injurias,

2080 4380 2306 4448 qualiter
2333 4380 2397 4432 de
2423 4378 2642 4448 antiquo
2673 4378 2763 4431 illo
2793 4386 3025 4448 serpente
3053 4378 3465 4446 triumphaverit,
3494 4377 3637 4433 hodie

2081 4446 2283 4517 quoque
2313 4446 2517 4517 populi:
2540 4446 2600 4501 eo
2626 4447 2879 4517 miraculo
2901 4447 3220 4510 declaratur,
3250 4448 3388 4517 quod
3431 4449 3480 4501 si
3503 4449 3631 4517 quis-

2083 4515 2225 4585 piam
2261 4536 2292 4571 (ι
2314 4515 2570 4586 serpente
2623 4533 2826 4571 morsus
2853 4515 3031 4584 fuerit,
3066 4528 3120 4571 ut
3148 4515 3371 4585 januaut
3413 4515 3634 4572 basilica:

2083 4590 2330 4657 martyris
2362 4588 2850 4657 credens_attigerit,
2880 4589 3146 4655 confestim
3180 4597 3429 4641 evacuata
3457 4589 3632 4642 uirtute

2082 4654 2260 4710 veneni
2302 4668 2541 4711 sanatur.
2578 4654 2723 4710 Nihil
2768 4657 2958 4710 horum
2979 4654 3069 4710 vel
3095 4657 3363 4720 Asterius,
3398 4657 3481 4711 vel
3508 4657 3634 4712 alius

2083 4728 2390 4797 quisquam.
2424 4736 2647 4795 excepto
2689 4727 2916 4780 Barouio
2955 4726 3249 4786 divinante.
3285 4743 3347 4781 ac
3372 4728 3534 4797 ,Surio
3568 4742 3632 4782 ex

2084 4798 2174 4850 illo
2214 4796 2572 4862 exscribente,
2619 4797 2672 4849 in
2721 4797 3038 4851 alterutrum
3081 4797 3311 4851 Phocam
3364 4796 3631 4852 Ponticum

2084 4868 2231 4931 dicit,
2291 4883 2521 4934 cumque
2565 4867 2718 4936 plura
2774 4867 3031 4921 miracula
3076 4867 3335 4931 referant,
3375 4870 3628 4935 quoruodo

2083 4951 2177 4991 eos
2213 4946 2355 4991 tanta
2414 4938 2500 4991 illa
2552 4937 2743 5005 virtus,
2767 4937 2993 5005 pellendi
3033 4952 3255 5002 venena,
3305 4938 3413 4992 sola
3465 4938 3625 4995 latuit.

2083 5022 2241 5079 quam
2267 5023 2424 5060 unam
2454 5007 2514 5061 in
2553 5005 2689 5079 Syro
2726 5004 2904 5079 Phoca
2934 5008 3244 5079 Gregorius,
3280 5023 3343 5062 ac
3373 5008 3623 5079 Martyro-

2085 5076 2280 5147 logium
2315 5078 2539 5147 Roman:
2570 5076 2641 5130 ita
2674 5076 3020 5146 praedicavit?
3061 5076 3184 5130 Mihi
3221 5091 3352 5147 ergo
3390 5076 3524 5133 alius
3553 5088 3628 5147 est

2087 5144 2292 5200 Pliocas
2322 5146 2408 5201 ille
2438 5162 2466 5199 a
2505 5144 2760 5210 Ponticis,
2799 5162 2897 5201 nec
2926 5147 2970 5200 si
3003 5148 3129 5216 quid
3167 5144 3416 5202 Asterius
3451 5144 3626 5200 confu-

2085 5218 2182 5279 dit,
2220 5217 2272 5269 itt
2314 5231 2383 5286 eo
2438 5217 2705 5286 putandus
2731 5227 2813 5270 est
2845 5216 3171 5280 confudisse,
3200 5219 3294 5272 sed
3332 5217 3381 5271 in
3412 5219 3521 5272 suis
3547 5217 3626 5271 Si-

2086 5285 2447 5356 nopensibus.
2470 5285 2718 5356 EpiscOpi
2776 5286 3029 5354 reliquias
3062 5288 3221 5340 tradit
3248 5288 3366 5341 Ado
3393 5287 3444 5340 in
3477 5286 3625 5342 Chro-

2084 5355 2200 5409 nico
2234 5371 2321 5409 an.
2353 5355 2476 5421 101,
2513 5354 2772 5410 Viennam
2821 5356 2987 5409 fuisse
3026 5358 3331 5422 translatas,
3360 5371 3425 5412 ac
3458 5358 3509 5410 iu
3536 5358 3625 5413 SS.

2082 5425 2457 5493 Apostolorum
2497 5424 2714 5480 basilica
2766 5427 3055 5481 collocatas
3084 5443 3099 5479 :
3124 5444 3228 5481 non
3257 5438 3438 5481 tamen
3466 5440 3628 5483 narrat

2085 5510 2191 5565 quo
2233 5497 2283 5551 id
2323 5506 2559 5567 tempore
2597 5507 2802 5567 gestum
2830 5498 2922 5561 sit,
2952 5498 3046 5551 sed
3087 5506 3291 5551 tantum
3332 5497 3497 5552 refert
3521 5512 3623 5565 pas-

2085 5580 2203 5621 sum
2239 5566 2434 5622 illustri
2472 5568 2730 5636 martyrio
2764 5568 3094 5636 temporibus
3132 5567 3370 5636 Trajani.
3396 5568 3537 5633 Quod
3564 5572 3620 5622 de

2083 5647 2201 5692 arte
2236 5638 2352 5706 ejus
2394 5637 2768 5707 gubernatoris
2817 5651 2917 5707 seu
2949 5638 3161 5692 nautica
3206 5651 3333 5707 ante
3362 5639 3622 5707 episcopa-

2087 5716 2195 5779 tum
2252 5705 2452 5779 habent
2499 5707 2668 5779 ipsius
2727 5716 2847 5761 acta
2896 5705 3084 5779 Latina
3130 5710 3268 5779 apud
3313 5705 3542 5773 Petrum,
3576 5719 3622 5779 et

2087 5776 2242 5845 alios,
2287 5779 2358 5833 sit
2388 5776 2532 5834 forte
2562 5778 2815 5845 allictum,
2843 5790 2907 5831 ex
2944 5778 3108 5831 tuulta
3155 5778 3239 5831 illa
3283 5787 3556 5832 nautarum
3574 5777 3621 5832 iu
