3856 6274
196 349 305 406 301

1363 342 1642 400 ηοιιιωιι
1677 341 1768 397 ιχ.
1804 340 1870 396 IN
1905 339 1965 398 S.
1998 341 2304 401 PHOCAM.

3330 344 3441 404 50‘!

197 463 367 534 μόνον
400 464 524 527 τοὺς
557 459 958 532 ἐπιθυμοῦντας
985 461 1184 533 ἀρετῆς
1209 461 1305 514 καὶ
1324 461 1626 529 εὐσεϐείας,
1645 459 1780 516 ἀλλά

1908 462 2010 518 alis
2048 462 2316 518 desiderio
2371 470 2621 517 tenemur
2647 503 2662 528 ,
2705 475 2954 516 sermone
3010 461 3208 524 erudit,
3250 475 3436 516 verum

194 555 417 618 καὶτὰς
445 553 670 626 πράξεις
697 552 806 605 τῶν
834 551 1173 623 βεϐιωκότων
1201 551 1378 625 ὀρθῶς
1413 555 1662 626 ἐναργεῖς
1690 553 1773 606 δι-

194 645 505 707 δασκάλους
526 642 830 714 προτίθησι.
857 643 948 696 Διὸ
968 645 1061 696 καὶ
1082 645 1110 695 ὁ
1133 643 1335 714 Κύριος
1356 643 1533 715 ἡμῶν,
1553 645 1650 708 τὰς
1667 644 1775 698 τῶν

196 739 442 810 ἀρίστων
491 735 928 807 κατορθωμάτων
987 737 1265 808 ὑποθήκας
1307 737 1524 800 διδοὺς.
1575 736 1771 808 φησίνο

204 833 318 896 ’ος
341 829 393 881 δ’
427 828 504 882 ἂν
536 827 759 896 ποιήσῃ
795 828 894 883 καὶ
927 827 1138 895 διδάξῃ
1160 869 1174 885 .
1205 823 1384 892 οὗτος
1422 827 1609 898 μέγας
1639 831 1779 892 κλη-

201 923 485 988 Οιὶσεταιο
533 922 627 974 καὶ
663 919 930 990 ἀλλαχοῦ·
969 919 1268 989 Λαμψάτω
1317 920 1382 973 τὸ
1435 920 1561 989 φῶς
1612 920 1779 990 ὑμῶν

199 1017 549 1084 ἔμπροσθεν
586 1012 704 1067 τῶν
737 1011 1089 1080 ἀνθρώπων,
1124 1010 1282 1077 ὅπως
1312 1011 1484 1065 ἴδωσι
1510 1011 1582 1065 τὰ
1623 1012 1781 1067 καλά

200 1109 373 1176 ἔργα,
397 1108 495 1161 καὶ
521 1105 826 1170 δοξάσωσι
845 1105 953 1158 τὸν
978 1102 1210 1171 Πατέρα
1236 1101 1402 1173 ὑμῶν
1431 1103 1538 1157 τὸν
1564 1105 1633 1157 ἐν
1657 1104 1781 1170 τοῖς

204 1192 508 1260 οἰφανοῒς.
557 1193 622 1248 Ἢ
655 1193 762 1264 γὰρ
793 1190 983 1262 λογικὴ
1016 1191 1316 1256 παίδευσις,
1347 1193 1446 1259 τῆς
1476 1192 1781 1263 πρακτικῆς

207 1287 492 1357 ἐνεργείας
536 1285 711 1356 ἥττων
737 1287 832 1338 καὶ
881 1284 1242 1356 ἀσθενεστέρα
1294 1284 1639 1349 διδάσκαλος·
1691 1285 1785 1338 καὶ

209 1381 323 1450 ὅσῳ
347 1379 446 1449 τῆς
480 1378 648 1447 ἀκοῆς
680 1378 779 1447 τὴν
819 1376 941 1446 ὄψιν
973 1375 1372 1446 ἀκριϐεστέραν
1401 1372 1536 1430 εἷναί
1571 1393 1748 1447 φαμεν
1767 1417 1781 1441 ,
1802 1401 1828 1420 κ

208 1469 454 1539 τοσούτῳ
493 1467 888 1539 διωμολόγηται
931 1465 1022 1518 τοῦ
1072 1465 1229 1534 λόγου
1281 1465 1378 1536 τὴν
1421 1466 1617 1536 πρᾶξιν
1652 1483 1786 1537 κραο

210 1565 348 1615 τεῖν.
396 1560 552 1614 υύτω
587 1559 686 1624 τὰς
733 1559 1043 1629 ἐπιστήμας
1098 1555 1468 1628 μανθάνομεν·
1504 1556 1646 1609 οὕτω
1689 1555 1787 1619 τὰς

212 1656 412 1726 τέχνας
447 1652 898 1724 ἐκπαιδευόμεθα,
931 1651 1074 1722 λόγῳ
1102 1651 1363 1722 πρότερον
1390 1650 1524 1720 πρὸς
1560 1649 1658 1719 τὴν
1689 1649 1790 1719 μά-

216 1748 378 1819 θησιν
422 1746 775 1816 ἐναγόμενοι,
815 1739 933 1797 εἶτα
977 1743 1119 1813 χειρὶ
1162 1743 1254 1794 καὶ
1297 1741 1462 1813 πείρᾳ
1495 1741 1594 1812 τὴν
1635 1742 1790 1810 ἀμοι-

1876 553 2039 609 etiam
2060 567 2246 608 eorum
2283 554 2375 623 qui
2404 562 2548 609 recte
2582 553 2829 607 vixerunt
2855 552 3114 617 actiones,
3148 553 3442 621 locupletes

1876 646 2164 717 magistros
2203 646 2472 715 producit.
2510 647 2714 701 Idcirco
2753 645 2920 699 etiam
2974 647 3230 700 Dominus
3263 657 3443 700 noster

1879 738 2213 808 egregiorum
2233 753 2452 808 operum
2479 740 2798 794 documenta
2837 739 3055 794 tradens
3081 756 3096 793 :
3139 738 3245 804 Qui
3269 749 3441 793 autem

1880 827 2080 897 fecerit,
2105 828 2298 897 inquit,
2334 839 2381 882 et
2401 829 2660 891 docuerit,
2689 829 2772 881 hic
2797 845 3016 896 nragnus
3044 831 3314 883 vocabitur
3345 832 3390 862 "
3426 850 3439 890 ;

1880 933 1936 976 et
1977 921 2102 976 alibi
2139 937 2153 973 :
2187 921 2384 974 Luceat
2415 922 2508 974 tuo:
2528 933 2694 975 vestra
2723 938 2898 975 coram
2918 924 3237 989 hominibus,
3287 935 3341 977 ut
3372 927 3449 978 vi.

1882 1015 2041 1068 deant
2067 1029 2223 1082 opera
2251 1023 2420 1068 vestra
2457 1014 2630 1074 bona,
2678 1025 2725 1067 et
2768 1014 3056 1083 gloriﬁcent
3102 1015 3318 1070 Patrem
3367 1035 3451 1070 ve-

1883 1113 2049 1158 strum
2071 1104 2161 1175 qui
2185 1105 2240 1158 in
2265 1105 2403 1158 uelis
2423 1114 2500 1160 est
2517 1105 2582 1158 “.
2617 1105 2865 1159 Doctrina
2891 1107 3034 1160 enim
3063 1122 3180 1175 quae
3201 1123 3451 1161 sermone

1885 1193 2152 1260 consistit,
2186 1193 2408 1249 inferior
2440 1194 2862 1264 imbecilliorque
2905 1197 3034 1250 reali
3090 1197 3271 1263 operis
3296 1198 3453 1252 exliiv

1886 1285 2108 1352 bitione,
2139 1285 2390 1354 magistra
2416 1286 2656 1351 exsistit;
2720 1300 2785 1340 ac
2828 1299 3028 1355 quanto
3067 1289 3239 1342 visum
3267 1289 3450 1341 auditu

1889 1377 2176 1431 certiorem
2210 1377 2458 1441 dicimus,
2499 1383 2650 1429 tanto
2691 1375 2856 1446 liquet
2897 1379 3160 1432 actionem
3203 1393 3453 1432 sermone

1885 1467 2152 1537 potiorem
2215 1483 2358 1524 esse.
2396 1467 2450 1524 In
2493 1470 2635 1524 hunc
2667 1470 2879 1524 modum
2920 1472 3173 1526 scientias
3225 1472 3458 1525 addisci-

1891 1577 2034 1628 mus,
2058 1562 2112 1616 in
2143 1562 2285 1616 hunc
2313 1564 2528 1618 modmn
2578 1565 2868 1618 edocemnr
2901 1574 3046 1618 artes
3067 1604 3084 1627 ,
3112 1575 3170 1618 ut
3201 1565 3456 1618 nimirum

1893 1653 2041 1719 prius
2069 1665 2322 1706 sermone
2355 1653 2421 1707 ad
2444 1654 2783 1722 disciplinam
2826 1655 3207 1722 provehamur,
3241 1665 3459 1725 tumque

1895 1759 2054 1796 manu
2088 1759 2150 1797 ac
2178 1745 2532 1813 experientia,
2569 1745 2854 1801 obscuram
2891 1762 3009 1800 eam
3046 1747 3348 1802 ﬁrmemus.
3380 1749 3460 1804 Ac

215 1817 351 1910 δράν
380 1838 427 1868 ³⁸
474 1836 848 1908 κρατύνοντες.
898 1837 1010 1889 Καὶ
1045 1833 1214 1888 πολλά
1261 1834 1359 1903 μὲν
1401 1834 1430 1885 ὁ
1475 1832 1794 1904 γεωμέτρης

1908 1844 2165 1904 geometra
2215 1835 2452 1902 quidem,
2498 1837 2661 1889 multa
2707 1837 2759 1890 in
2815 1835 2950 1890 libro
2984 1838 3151 1904 posita
3187 1853 3370 1905 opera,
3399 1853 3462 1892 ac

219 1933 352 2002 περὶ
378 1930 476 2002 τὴν
511 1928 688 2000 βίϐλον
719 1925 932 1998 καμὼν,
968 1927 1062 1980 καὶ
1094 1925 1402 1998 πληρωθεὶς
1428 1926 1578 1994 παρά
1605 1923 1696 1978 τοῦ
1719 1925 1795 1977 δι-

218 2021 492 2076 δασκάλου
536 2020 633 2092 τὴν
665 2021 868 2092 ἀκοὴν,
905 2019 1004 2072 ούκ
1044 2017 1220 2081 ἄλλως
1263 2015 1633 2088 καταλήψεται
1681 2016 1794 2068 ’τῶν

223 2114 486 2170 ποικίλων
514 2113 824 2185 ³σχημάτων
869 2111 966 2183 τὴν
1001 2111 1226 2181 δύναμιν
1247 2149 1262 2173 ,
1299 2109 1364 2163 ἂν
1397 2110 1470 2180 μὴ
1504 2107 1794 2179 καταμάθῃ

223 2207 295 2261 τά
324 2207 544 2278 κέντρα,
574 2207 669 2260 καὶ
693 2205 792 2269 τὰς
819 2203 1084 2276 γραμμὰς
1106 2243 1121 2266 ,
1155 2201 1250 2255 καὶ⁸
1279 2201 1406 2264 τοὺς
1437 2199 1670 2264 κύκλους
1704 2202 1797 2253 ἐπὶ

225 2301 320 2353 τοῦ
370 2300 615 2364 πίνακος.
653 2299 726 2354 Ού
775 2295 954 2368 μέντοι
989 2295 1115 2349 οὐδὲ
1158 2294 1250 2347 τὸν
1281 2292 1643 2363 ἀστρονομίας
1681 2294 1798 2344 ἐπι-

227 2391 550 2463 θυμήσαντα
572 2433 588 2456 ,
623 2393 651 2444 ὁ
685 2389 840 2458 λόγος
873 2388 1031 2460 μόνον
1065 2385 1309 2442 παιδεύει
1337 2386 1398 2440 τὸ
1429 2384 1800 2455 σπουδαζόμεο

229 2500 350 2546 νον,
380 2481 446 2536 ἂν
483 2482 558 2552 μὴ
597 2479 692 2552 τὴν
734 2482 970 2550 σφαῖραν
1006 2477 1154 2549 αύτῷ
1194 2477 1544 2548 περιδινήσας
1577 2477 1801 2546 ἐπιστη-

237 2573 412 2642 μόνως
437 2575 466 2626 ὁ
490 2569 799 2640 παιδευτὴς,
818 2572 930 2632 τοῖς
946 2567 1242 2638 ὀφθαλμοῖς
1269 2565 1490 2638 παραδῷ
1519 2564 1611 2618 τοῦ
1636 2565 1798 2618 πόλου

231 2664 330 2734 τὴν
357 2663 593 2733 κίνησιν.
633 2661 743 2715 Καὶ
765 2663 794 2714 ὁ
825 2659 1006 2731 ἰατρὸς
1037 2659 1114 2722 δὲ,
1143 2657 1314 2711 πολλά
1343 2657 1422 2728 τῷ
1453 2656 1800 2727 Ἱπποκράτει

233 2754 428 2826 καμὼν
475 2753 571 2807 καὶ
610 2754 719 2816 τοῖς
770 2750 947 2814 ἄλλοις
994 2748 1362 2819 καθηγηταῖς,
1416 2747 1802 2816 ἀνεπιστήμων

233 2849 352 2901 ἐστὶ
381 2845 744 2915 θεραπευτής,
770 2844 897 2914 πρὶν
920 2842 986 2896 ἂν
1019 2840 1155 2912 πρὸς
1177 2841 1302 2904 τοὺς
1329 2837 1554 2901 πολλοὺς
1583 2837 1806 2908 βαδίσας

233 2935 570 3010 ἀρρώστους,
607 2934 733 3006 παρ’
770 2931 948 2986 αὐτῶν
986 2931 1130 3002 μάθῃ
1155 2929 1264 2984 τῶν
1297 2928 1594 2982 νοσούντων
1630 2927 1691 2980 τὸ
1718 2927 1806 2980 θε-

237 3029 517 3104 ραπεύειν.
545 3027 700 3084 Ούτω
725 3026 788 3098 δὴ
819 3025 911 3080 καὶ
942 3027 1104 3096 ἡμεῖς
1131 3026 1179 3076 οί
1207 3022 1444 3094 μαθηταὶ
1463 3021 1568 3075 τῶν
1599 3020 1802 3092 μαρτύ-

238 3141 369 3196 ρων,
403 3121 502 3186 τὰς
539 3120 765 3193 πράξεις
797 3118 906 3172 τῶν
953 3116 1236 3189 καρτερῶν
1282 3114 1522 3186 ἀνδρῶν.
1561 3114 1665 3185 πρὸ
1705 3113 1806 3183 τῆς

235 3213 528 3285 ὁμολογίας
557 3211 903 3272 διδασκάλους
939 3207 1270 3278 ποιούμενοι,
1304 3205 1639 3276 μανθάνομεν
1677 3203 1804 3274 ἄχρι

236 3307 347 3361 τῶν
381 3307 626 3377 ἐσχάτων
663 3302 920 3356 κινδύνων
953 3300 1238 3370 φυλάττειν
1273 3296 1549 3352 εὐσέϐειαν
1576 3334 1590 3358 ,
1637 3294 1806 3358 αὐτὰς

237 3399 338 3460 τὰς
366 3397 518 3466 ίεράς
546 3394 716 3465 θήκας
740 3391 917 3446 αὐτῶν
945 3389 1192 3459 καθάπερ
1222 3387 1418 3457 στήλας
1446 3383 1809 3457 προσϐλέπον-

237 3509 354 3554 τες,
378 3491 669 3561 γράμμασι
695 3483 1131 3556 κεχαραγμένας,
1160 3483 1254 3536 καὶ
1280 3478 1542 3552 δηλούσας
1566 3475 1808 3547 ἀκριϐῶς

237 3582 336 3637 τοῦ
371 3580 669 3654 μαρτυρίου
695 3578 790 3650 τὴν
818 3577 1074 3646 ἀγωνίαν.

313 3677 525 3745 Ὠσπερ
558 3673 614 3726 δὲ
643 3674 694 3724 oi
723 3669 1109 3742 πλησιάζοντες
1133 3671 1200 3740 τῇ
1230 3666 1352 3740 δρυῒ
1381 3669 1443 3736 τῇ
1471 3661 1738 3734 Μαμϐρῆ,
1773 3662 1808 3732 ἢ

242 3767 324 3838 τῷ
353 3765 600 3836 σπηλαίῳ
624 3763 702 3834 τῷ
730 3761 940 3832 ὼνητῷ,
970 3763 1106 3832 ὅπερ
1150 3758 1388 3832 Ἐφραῖμ
1413 3760 1456 3788 ’ί
1496 3759 1524 3810 ὁ
1553 3757 1809 3818 Χετταῖος

245 3861 328 3923 είς
365 3859 544 3929 ταφὴν
585 3857 683 3928 τῆς
717 3855 932 3927 Σάρρας
964 3853 1212 3915 ἀπέδοτο,
1251 3851 1379 3905 ἔνθα
1408 3849 1472 3920 δὴ
1521 3849 1615 3901 καὶ
1651 3847 1812 3909 αὐτὸς

249 3955 350 4007 σὺν
370 3953 487 4014 τοῖς
504 3951 688 4005 παισὶν
706 3950 737 4002 ὁ
759 3946 1100 4019 πατριάρχης
1121 3945 1425 4006 ἀπόκειται,
1453 3941 1652 4005 εύθέως
1677 3939 1815 4010 μετά

249 4042 349 4112 τῆς
381 4040 508 4104 θέας
535 4039 646 4092 τῶν
679 4038 879 4102 τόπων,
922 4037 980 4092 ἐν
1011 4037 1121 4098 τοῖς
1147 4033 1428 4104 λογισμοῖς
1467 4031 1817 4086 ἀνανεοῦνται

250 4133 350 4205 τὴν
385 4131 717 4202 φαντασίαν,
758 4129 849 4182 καὶ
888 4127 1142 4197 βλέπουσι
1181 4129 1245 4197 τῇ
1275 4123 1481 4194 διανοίᾳ
1511 4123 1600 4176 τὸν
1628 4121 1816 4180 πιστὸν

255 4224 636 4294 πατριάρχην,
679 4222 778 4293 τὴν
831 4219 1082 4291 ἀπαρχὴν
1125 4217 1224 4287 τῆς
1269 4215 1581 4279 εὐσεϐείας,
1615 4213 1713 4285 τὴν
1759 4213 1818 4265 ἐν

255 4317 452 4387 ἐκείνῳ
481 4314 780 4386 περιτομήν
806 4331 820 4343 ο
843 4311 1144 4382 λογίζονται
1181 4309 1238 4362 δὲ
1271 4309 1366 4362 καὶ⁸
1399 4307 1523 4370 τοὺς
1555 4306 1654 4376 τῆς
1679 4305 1817 4358 ὲκεί-

331 4433 378 4463 ¹⁰
408 4430 535 4498 Leg.
599 4427 866 4499 ἀμυδρὰν.
939 4424 1132 4496 “Leg.
1177 4421 1407 4494 Ἐφρών.

260 4519 417 4566 nm,
439 4501 475 4554 ἓ
505 4516 624 4570 sqq.

1499 4420 1548 4456 ¹¹
1573 4419 1761 4474 Matth.
1826 4433 1879 4485 ν,
1944 4417 2032 4472 19.
2107 4419 2154 4452 ¹³
2180 4419 2308 4473 ibid.
2347 4417 2433 4472 16.

1896 1943 2055 1983 aures
2106 1943 2356 1982 sermone
2392 1927 2636 1998 magistri
2667 1928 2848 1997 plenas
2876 1929 3100 1994 habens,
3134 1929 3274 1983 hami
3307 1930 3463 1984 aliter

1897 2022 2162 2074 variarum
2206 2022 2494 2089 ﬁgurarum
2531 2021 2640 2073 vim
2675 2030 3028 2088 percepturus
3059 2021 3148 2084 sit,
3176 2037 3336 2090 quam
3371 2025 3462 2076 ubi

1897 2122 2092 2181 puncta
2150 2127 2214 2168 ac
2253 2113 2444 2176 lineas,
2493 2112 2830 2181 circulosque
2878 2114 2934 2167 in
2963 2114 3154 2168 tabella
3189 2115 3459 2171 didicerit.

1896 2203 1965 2258 At
1989 2219 2159 2274 neque
2186 2205 2531 2260 astronomia:
2573 2205 2897 2259 desiderium
2936 2207 3259 2274 habentem,
3293 2210 3466 2263 nudus

1897 2309 2076 2350 sermo
2137 2295 2470 2364 disciplinam
2523 2295 2802 2359 docuerit;
2875 2309 2940 2349 ac
3015 2296 3116 2350 nisi
3165 2298 3461 2363 erudiens,

1898 2388 2085 2442 scienti
2118 2396 2233 2441 arte
2262 2385 2473 2456 globum
2495 2401 2677 2440 coram
2715 2401 2956 2451 versans,
3003 2387 3130 2456 ipsis
3159 2390 3329 2444 oculis
3364 2393 3468 2459 poli

1901 2489 2102 2533 motum
2135 2477 2460 2533 exhibuerit.
2509 2477 2746 2532 Medicus
2785 2479 3035 2548 denique,
3073 2481 3282 2534 tametsi
3317 2480 3468 2536 labo-

1902 2570 1977 2624 ris
2013 2569 2299 2639 plurimum
2331 2569 2383 2622 in
2410 2567 2751 2638 Hippocrate,
2773 2583 2836 2623 ac
2861 2569 3082 2638 reliquis
3099 2571 3318 2626 medica:
3339 2573 3470 2628 artis

1903 2663 2212 2717 doctoribus
2241 2662 2444 2732 posuit,
2485 2662 2634 2715 rudis
2686 2670 2769 2716 est
2817 2661 2950 2717 artis
2987 2663 3252 2728 curandi,
3301 2665 3472 2719 donec

1902 2751 2082 2820 plures
2115 2752 2359 2806 inﬁrmos
2399 2752 2656 2818 invisens,
2695 2754 2763 2807 ab
2790 2753 3008 2822 aegrotis
3063 2753 3192 2821 ipsis
3245 2755 3473 2813 sanandi

1904 2845 2120 2898 modum
2142 2843 2412 2899 didicerit.
2457 2843 2550 2899 Sic
2578 2859 2676 2899 nos
2709 2858 2942 2914 quoque,
2984 2845 3226 2914 discipuli
3272 2855 3474 2916 marty-

1905 2952 2046 3001 rum,
2075 2935 2296 2991 fortium
2330 2937 2569 2992 virorum
2601 2937 2866 3001 actiones,
2919 2937 3302 3008 magisuorum
3355 2937 3475 2994 loco

1907 3027 2064 3082 nobis
2114 3035 2240 3081 ante
2270 3025 2624 3082 confessionis
2657 3041 2883 3096 agonem
2917 3037 3234 3098 statuentes,
3286 3029 3353 3083 ad
3383 3044 3451 3084 ex

1910 3127 2078 3172 trema
2105 3131 2276 3187 usque
2311 3117 2564 3187 pericula,
2605 3118 2855 3184 pietatem
2879 3133 3097 3172 servare
3138 3120 3426 3173 edocemnr
3455 3135 3474 3176 :

1911 3208 2002 3277 qui
2030 3207 2283 3262 nimirum
2305 3215 2490 3264 sacros
2510 3223 2696 3263 eorum
2728 3209 2932 3264 loculos
2952 3224 3015 3263 ac
3037 3209 3305 3279 sepulcra,
3331 3209 3478 3267 velut

1913 3301 2194 3356 columnas
2243 3300 2440 3356 litteris
2471 3301 2790 3369 insculptas,
2822 3316 2886 3356 ac
2931 3302 3176 3374 martyrii
3205 3311 3478 3362 certamen

1915 3402 2167 3451 accurate
2193 3394 2502 3464 prodentes,
2527 3404 2886 3454 asoectemus.

1989 3659 2446 3727 Quemadmodum
2487 3669 2666 3714 autem
2703 3659 2793 3729 qui
2819 3659 3088 3714 accedunt
3125 3660 3191 3713 ad
3223 3674 3482 3730 quercum

1917 3753 2154 3808 Mambre
2183 3753 2253 3818 ",
2278 3751 2362 3807 vel
2385 3751 2452 3806 ad
2475 3762 2774 3822 coemptam
2804 3769 3044 3822 specum,
3075 3767 3234 3822 quam
3263 3749 3482 3820 Eplnron

1918 3845 2190 3901 Chettaaus
2210 3844 2518 3899 vendiditin
2558 3843 2707 3900 Sarae
2748 3846 3076 3915 sepulturam
3117 3844 3193 3906 “.
3219 3857 3324 3913 quo
3365 3842 3484 3900 loco

1921 3936 2036 4005 ipse
2060 3952 2182 3992 cum
2213 3936 2339 3992 ﬁliis
2364 3937 2667 4006 patriarcha
2687 3937 2852 4006 jacet,
2876 3938 3059 3992 statim
3087 3950 3210 3990 cum
3238 3935 3480 3990 locorum

1921 4039 2161 4099 aspectu,
2189 4030 2389 4085 animis
2417 4029 2701 4099 imaginem
2735 4037 3018 4091 renovant,
3044 4042 3108 4082 ac
3151 4036 3331 4082 mente
3355 4042 3485 4081 con.

1921 4130 2138 4176 tuentur
2157 4121 2369 4176 ﬁdelem
2397 4121 2757 4190 patriarcbam
2783 4136 2798 4184 ;
2830 4119 3096 4188 primitias
3122 4117 3240 4172 illas
3267 4118 3484 4187 religio-

1921 4213 2035 4278 nis;
2064 4213 2294 4281 primam
2318 4213 2371 4267 in
2411 4228 2476 4268 eo
2502 4212 3000 4273 circumcisionem;
3033 4211 3126 4264 sed
3167 4219 3222 4264 et
3245 4223 3359 4272 eos,
3392 4209 3485 4278 qui

1921 4303 1990 4358 ab
2014 4302 2100 4358 illa
2123 4305 2301 4360 radice
2321 4306 2710 4374 germinarunt,
2739 4304 2984 4359 surculos
3000 4302 3272 4373 cogitant;
3295 4315 3487 4370 nempe

2539 4418 2586 4451 “
2631 4417 2767 4473 Gen.
2797 4429 2956 4480 xvm,
3004 4415 3031 4469 1
3065 4429 3186 4485 sqq.
3266 4416 3313 4446 "
3345 4411 3484 4469 Gen.

264 4599 440 4666 ipsum
475 4586 1148 4666 devotione.creberrimis
1189 4586 1240 4638 in
1291 4599 1382 4666 eos
1425 4581 1701 4666 miraculis
1726 4596 1820 4633 au-
1845 4582 1899 4643 D
1924 4577 2168 4666 culorum
2205 4575 2352 4666 .ejus,
2492 4571 2864 4666 AsolJeti‘r'naris
2884 4569 3490 4666 disert-iniitimis-invo-

264 4653 347 4718 cf...
375 4682 392 4731 ;
430 4677 547 4731 qua
586 4661 1018 4731 rrl‘ertAslerius
1043 4657 1095 4711 in
1126 4672 1279 4731 snnm
1314 4654 1570 4731 Phocam,
1603 4668 1664 4703 ae
1691 4653 1816 4731 hur-

265 4723 529 4793 tula'nu'm,
558 4744 656 4784 nec
687 4730 767 4782 vel
803 4730 847 4782 si
875 4727 1081 4781 Phueas
1113 4727 1391 4793 episcopus
1421 4725 1592 4791 reipsa
1624 4723 1821 4790 guber-

269 4817 424 4860 nator
454 4803 575 4865 fuit,
607 4801 773 4866 liquet
805 4799 854 4851 in
892 4814 1012 4852 eum
1044 4797 1217 4866 potius
1253 4793 1552 4866 referenda,
1580 4793 1818 4866 quamin

265 4861 636 4946 εοόυοιιιίιιέξιιι
668 4861 1296 4946 Phoceu)hortulanum.
1350 4861 1822 4946 Sfinttts'devo'tis-

267 4931 434 4999 simus
464 4950 654 4995 nautas
676 4937 1164 5011 NicolaoMyrensi,
1193 4931 1825 5011 l’et_ro_Gonzales,.a_|ias

267 5016 477 5077 Telmo,
513 5012 680 5063 nostri
734 5001 1146 5062 Prmdica'torum
1186 5004 1412 5065 ordinis,
1461 5016 1524 5079 ac
1558 5001 1824 5079 similibus

268 5101 397 5141 vere
443 5070 1137 5148 θαλασσοθαυματουργοῖς,
1172 5070 1711 5148 ac_przese_ntissimis
1770 5070 1824 5123 in

271 5157 438 5210 maris
483 5153 735 5220 periculis
779 5142 1115 5222 t'utelar‘ibus,
1163 5145 1358 5222 quibus
1411 5142 1544 5222 nihil
1586 5153 1826 5222 unquam

269 5209 393 5282 cum
422 5209 650 5278 nautica
692 5232 977 5275 commune
1020 5209 1343 5278 intercessit,
1375 5212 1476 5266 nisi
1527 5209 1826 5282 spiritalem

270 5279 497 5351 velimus
534 5308 597 5347 ac
622 5293 941 5362 animorum.
967 5285 1139 5342 ϐπερὶ
1167 5279 1602 5362 etiamepiscopo
1622 5279 1829 5362 ilhocie

273 5349 517 5420 tribuunt
549 5361 807 5417 miracula
839 5373 966 5426 erga
1023 5349 1714 5426 nautasdexhiberi_'solita
1774 5349 1828 5403 in

271 5438 386 5503 ejus
415 5433 538 5488 festi
575 5429 769 5503 cilicio,
794 5421 989 5503 quibus
1025 5424 1360 5503 junioribus,
1395 5437 1459 5503 ac
1490 5421 1640 5503 plura
1668 5421 1830 5500 inter-

273 5492 398 5560 d'um
447 5505 500 5559 in
539 5492 918 5558 ecclesiasticis
959 5492 1071 5551 suis
1109 5496 1262 5549 libris
1291 5502 1480 5549 contra
1517 5492 1828 5560 historicam

277 5559 433 5628 ﬁdem
476 5573 842 5643 peccantibus,
885 5567 1024 5643 haud
1074 5564 1262 5643 lubens
1299 5563 1554 5643 majorem
1581 5559 1831 5643 adhibue-

278 5661 376 5698 l'llll
417 5629 596 5708 tid'em,
620 5657 779 5710 quant
812 5641 1045 5699 Asteria,
1071 5635 1323 5710 tribuenti
1365 5629 1558 5710 Phocis:
1584 5629 1828 5710 hortula-

278 5729 367 5768 no.
399 5701 593 5768 Putem
631 5701 899 5778 simplices
943 5717 1132 5761 nautas
1182 5706 1322 5758 haud
1370 5705 1444 5756 ita
1490 5701 1826 5778 distinxisse.

275 5799 340 5841 ac
365 5783 598 5843 Pbocam
641 5773 928 5854 martyrem
966 5778 1341 5848 Sinopensem,
1372 5788 1437 5830 ex
1486 5773 1624 5829 fama
1666 5773 1829 5828 mirah

1926 4663 2050 4703 care
2079 4647 2338 4717 cmpisse,
2361 4655 2518 4717 aucta
2563 4643 2756 4717 deinde
2783 4656 2850 4696 ex
2884 4642 3156 4717 miraculis
3183 4655 3377 4717 eorum
3405 4657 3490 4694 re-

1925 4719 2145 4789 ligione,
2168 4710 2289 4789 'sive
2320 4716 2458 4789 Deus
2486 4715 2571 4778 iis,
2604 4713 2836 4789 Phocam
2865 4712 3196 4789 cpiscomtm,
3230 4713 3340 4789 sive
3365 4710 3490 4763 hor-

1929 4780 2189 4849 tn'lanum,
2224 4785 2554 4839 clarissimos
2599 4785 2786 4837 ambos
2815 4780 3101 4852 martyres,
3143 4780 3490 4852 ejusdemque

1925 4858 2160 4914 civitatis
2186 4861 2328 4911 velut
2354 4865 2631 4924 patronos,
2663 4852 2892 4908 voluerit
2914 4850 3192 4924 honorare
3218 4867 3230 4902 :
3264 4867 3328 4905 ac
3353 4850 3491 4924 forte

1925 4931 2063 4983 idem
2096 4925 2314 4995 SinOpe,
2354 4921 2523 4992 atque
2558 4927 2840 4985 Caesareae,
2866 4922 3051 4995 vicina
3083 4921 3302 4995 civitate
3352 4921 3494 4995 acci-

1924 5000 2085 5064 derit,
2119 5008 2177 5051 ut
2197 4990 2338 5051 sicut
2370 4990 2477 5049 illic
2509 5003 2627 5065 post
2653 4991 3014 5065 Eupsychium
3043 4991 3310 5065 seniorem
3343 4990 3490 5065 cele-

1925 5059 2081 5122 brent
2105 5077 2419 5134 martyrem,
2453 5059 2589 5118 alter
2621 5059 3010 5134 celeberrimus
3045 5059 3488 5134 Eupsychiusul-

1928 5140 2057 5192 tima
2085 5127 2479 5206 persecutione,
2503 5150 2568 5188 ac
2600 5133 2700 5187 sub
2736 5129 2951 5206 Iuliano
2991 5127 3252 5200 martyrio
3297 5127 3494 5206 delun-

1925 5198 2349 5273 etusfenituit;
2378 5205 2456 5259 sic
2507 5217 2722 5273 quoque
2772 5200 2995 5273 Sinope,
3032 5198 3152 5269 post
3191 5198 3490 5273 _antiq_uum

1926 5269 2166 5334 Phocam
2199 5269 2542 5344 episcopum;
2563 5269 2772 5344 Ph’ocas
2804 5270 2944 5344 alter
2983 5269 3314 5344 martyrium
3344 5269 3489 5321 fet-e-

1927 5349 2021 5412 rit,
2043 5363 2202 5417 quem
2235 5338 2398 5409 Deus,
2428 5343 2865 5417 tametsi‘laieum
2890 5338 3490 5417 simplicem.achortti-

1927 5407 2132 5482 lanuin,
2159 5431 2258 5487 pro
2290 5407 2416 5487 vita:
2435 5429 2500 5468 ac
2523 5413 2789 5487 passionis
2821 5411 3040 5487 merito,
3068 5409 3364 5487 tantis‘iilis
3393 5407 3496 5460 mi-

1930 5479 2126 5544 raculis
2153 5479 2455 5551 i'llustrarit,
2488 5479 2694 5554 quanta
2718 5484 2780 5554 ei
2807 5480 3052 5554 Asterius
3094 5479 3311 5533 ascribit
3339 5492 3496 5554 {quae

1926 5570 2114 5630 postea
2153 5550 2612 5630 juitiores‘Graaci
2669 5552 2864 5630 Phoce:
2921 5551 3187 5630 episcopo
3225 5550 3501 5630 ascribere

1934 5620 2257 5694 maluerint;
2293 5627 2576 5683 celebriori
2605 5625 2876 5685 veteribus
2921 5620 3230 5684 hortulano,
3261 5629 3320 5679 ut
3362 5620 3506 5678 indi—

1937 5712 2062 5758 cant
2088 5702 2186 5758 ista
2223 5698 2442 5759 Asterii.
