3856 6274
320 352 428 410 303
473 310 479 316 ’

1588 345 1652 404 S.
1693 343 1971 405 ASTERII
2003 345 2309 410 AMASENI
2406 395 2414 404 .

3464 341 3570 400 504

325 470 495 536 Isaac,
525 469 730 535 Jacob;
764 482 829 523 ac
855 481 978 522 cum
1010 465 1250 522 virorum
1305 464 1702 531 recordatione,
1737 465 1902 523 totius

2013 480 2093 518 νου
2119 461 2277 535 ῥίζης
2301 461 2847 534 ἀποϐλαστήσαντας,
2870 462 2960 515 τὸν
2994 461 3196 527 Ἰσαὰκ,
3225 461 3316 515 τὸν
3353 457 3569 528 Ἰακὼϐ,

324 577 511 620 eorum
541 561 781 616 historiae
811 565 1140 629 spectatores
1189 556 1324 612 fiunt
1354 572 1369 613 :
1401 555 1482 610 sic
1509 564 1562 612 et
1590 570 1689 625 ego
1718 554 1898 618 hodie,

331 665 411 710 ter
430 654 570 710 beati
602 652 796 707 Phoce:
816 649 1123 705 venerabile
1157 647 1436 702 delubrum
1461 646 1676 712 adiens,
1702 661 1767 702 ex
1797 645 1898 701 loci

329 741 529 811 specie,
555 739 797 794 omnium
827 737 986 793 simul
1033 752 1151 807 quae
1176 736 1243 790 de
1273 735 1364 790 illo
1409 744 1558 805 gesta
1588 743 1898 802 narrantur,

329 832 590 889 memoria
644 829 871 900 repleor.
927 827 1096 883 Video
1130 827 1465 897 professione
1524 826 1896 888 hortulanum,

332 923 515 979 animo
571 920 893 990 simplicem,
928 918 1245 988 hospitalem
1273 959 1289 984 ,
1345 918 1632 973 maritima:
1665 917 1900 987 regionis

330 1008 586 1064 eximium
617 1008 798 1070 decus,
833 1007 886 1060 in
936 1006 1383 1062 mediterraneam
1418 1005 1740 1071 beneficum,
1772 1019 1898 1062 san-

330 1110 476 1157 ctum
531 1101 687 1156 illum
723 1109 1067 1165 sanctorum;
1124 1115 1191 1155 ac
1222 1099 1308 1162 iis,
1343 1099 1435 1169 qui
1487 1098 1691 1154 Christi
1739 1113 1899 1154 causa

329 1194 605 1252 consecuti
633 1203 763 1248 sunt
791 1192 1035 1260 gloriam,
1069 1191 1238 1262 gloria
1275 1191 1466 1260 potiori
1499 1199 1735 1246 auctum.

404 1375 517 1448 (45)
554 1372 722 1429 Sacer
760 1372 972 1442 quidem
1003 1380 1171 1425 estac
1189 1370 1403 1426 divinus
1429 1371 1708 1426 universus
1740 1381 1903 1438 gene-

333 1479 580 1524 rosorum
622 1479 684 1518 ac
707 1463 925 1518 fortium
973 1471 1270 1532 martyrum
1304 1460 1599 1531 catalogus,
1630 1459 1900 1530 passione,

331 1556 567 1612 debitam
595 1568 692 1624 pro
714 1553 966 1622 passione
989 1552 1225 1607 referens
1247 1551 1494 1622 gratiam,
1532 1566 1596 1606 ac
1617 1551 1899 1622 sanguine,

332 1663 432 1718 pro
458 1645 719 1716 sanguine
754 1644 986 1700 debitam
1017 1643 1256 1697 omnium
1287 1642 1551 1698 Salvatori
1575 1643 1787 1697 solvens
1815 1657 1900 1696 reo

331 1739 786 1794 munerationem.
839 1734 1038 1790 Verum
1105 1736 1157 1789 in
1212 1735 1297 1790 his
1355 1735 1508 1806 ipsis,
1542 1750 1648 1789 non
1688 1749 1790 1788 una
1822 1744 1904 1789 est

1999 556 2093 611 καὶ
2121 554 2258 627 μετὰ
2280 558 2380 627 τῆς
2416 555 2635 626 μνήμης
2662 554 2770 608 τῶν
2795 553 3020 625 ἀνδρῶν,
3060 554 3188 624 ὅλης
3223 553 3325 622 τῆς
3353 552 3439 605 ἐπ’
3474 551 3572 605 αύ-

1998 649 2125 711 τοὺς
2156 647 2396 720 ἱστορίας
2427 646 2664 715 γίνονται
2699 646 2886 699 θεαταί
2906 663 2920 676 ο
2950 644 3092 699 οὕτω
3124 643 3279 713 κάγὼ
3309 644 3568 715 σήμερον,

2001 741 2091 794 τὸν
2110 740 2290 810 τίμιον
2316 739 2480 810 σηκὸν
2502 737 2596 791 τοῦ
2618 736 3014 809 τρισμακαρίου
3039 737 3200 790 Φωκᾶ
3225 734 3566 797 καταλαϐὼν,

2001 834 2066 885 ἐκ
2095 829 2190 884 τοῦ
2218 829 2384 883 τόπου
2416 829 2729 901 πληροῦμαι
2765 830 2864 900 τῆς
2913 829 3135 900 μνήμης
3177 828 3398 882 πάντων
3431 826 3570 898 ὁμοῦ

2001 923 2109 976 τῶν
2157 923 2244 976 ἐπ’
2282 921 2431 991 αὐτῷ
2479 921 2787 991 λεγομένων
2832 920 3218 991 διηγημάτωνο
3259 919 3439 989 βλέπω
3479 919 3571 971 τὸν

2004 1013 2279 1087 κηπουρὸν
2305 1013 2367 1066 τὸ
2406 1013 2763 1085 ἐπιτήδευμα,
2794 1012 2886 1066 τὸν
2930 1012 3204 1066 ἄπλαστον
3239 1011 3337 1081 τὴν
3367 1009 3568 1080 ψυχὴν,

2001 1105 2094 1157 τὸν
2133 1103 2405 1172 φιλόξενον
2425 1143 2439 1166 ,
2467 1101 2559 1155 τὸν
2587 1101 2688 1171 τῆς
2719 1099 2992 1172 παραλίας
3020 1101 3320 1172 ἐξαίρετον,
3351 1100 3442 1154 τὸν
3471 1099 3572 1171 τῆς

2006 1193 2286 1265 μεσογείου
2314 1189 2628 1263 εὐεργέτην,
2656 1189 2765 1245 τῶν
2797 1190 2968 1259 ἁγίων
2996 1190 3088 1244 τὸν
3122 1192 3276 1261 ἆγιον
3296 1230 3312 1257 ,
3339 1191 3435 1246 καὶ
3463 1190 3574 1244 τῶν

2001 1281 2404 1351 δεδοξασμένων
2440 1278 2528 1333 διὰ
2559 1278 3182 1350 Χριστὸν⁶ἐνδοξότερον.

2084 1375 2248 1447 ’ἱερὸς
2300 1374 2397 1445 μὲν
2433 1372 2542 1444 γὰρ
2581 1373 2677 1426 καὶ
2721 1371 3005 1436 θεσπέσιος
3055 1373 3203 1435 ἅπας
3243 1373 3272 1425 ό
3310 1369 3418 1424 τῶν
3450 1387 3576 1438 γεν-

2003 1469 2165 1524 ναίων
2199 1465 2489 1539 μαρτύρων
2518 1459 2816 1534 κατάλογος
2834 1505 2849 1529 ,
2881 1463 3043 1518 πάθει
3075 1465 3174 1534 τὴν
3196 1463 3337 1535 ὑπὲρ
3366 1461 3575 1526 πάθους

2003 1559 2235 1622 ἀποδοὺς
2267 1556 2447 1628 χάριν,
2481 1556 2673 1627 αἵματι
2705 1556 2763 1609 δὲ
2790 1555 2887 1627 τὴν
2917 1555 3055 1627 ὑπὲρ
3085 1555 3314 1625 αἵματος
3338 1554 3417 1625 τῷ
3457 1555 3574 1606 Σω-

2002 1651 2128 1722 τῆρι
2155 1649 2262 1703 τῶν
2286 1649 2422 1702 ὅλων
2447 1647 2679 1720 ἀμοιϐὴν
2710 1646 3090 1718 ἐκπληρώσας.
3122 1648 3270 1719 Πλὴν
3302 1651 3362 1702 ἐν
3389 1647 3576 1710 αὐτοῖς

2003 1742 2240 1808 τούτοις,
2275 1741 2336 1794 οὐ
2375 1740 2473 1810 μία
2512 1739 2620 1792 τῶν
2665 1741 2884 1795 πάντων
2916 1741 2950 1811 ή
2985 1740 3133 1804 δόξα,
3186 1739 3307 1793 οὐδὲ
3354 1737 3488 1810 πρὸς
3515 1738 3576 1790 ἓν

333 1831 575 1886 omnium
615 1829 805 1900 gloria,
860 1843 962 1883 nec
1000 1843 1106 1882 una
1149 1842 1401 1883 mensura
1434 1830 1642 1884 cunctis
1677 1828 1902 1896 aequalia

2013 1832 2204 1904 μέτρον
2235 1832 2325 1884 ἴσα
2349 1831 2418 1884 τὰ
2451 1829 2590 1901 γέρα
2616 1833 2729 1894 τοῖς
2751 1832 2892 1894 ὅλοις
2921 1831 3405 1903 ἀποκεκλήρωται·
3438 1828 3575 1884 ἀλλὰ

335 1923 591 1979 attributa
621 1930 748 1977 sunt
773 1921 991 1991 praemia
1021 1938 1037 1975 :
1065 1920 1194 1989 quin
1230 1921 1462 1991 primum
1499 1933 1554 1977 et
1588 1921 1903 1983 secundum,

335 2029 403 2069 ne
423 2023 729 2070 sanctorum
757 2014 972 2082 quidem
999 2011 1183 2084 effugit
1210 2015 1505 2084 catalogus.
1538 2013 1706 2082 Hujus
1729 2023 1904 2067 autem

336 2106 439 2173 rei,
463 2114 521 2159 ut
543 2105 800 2171 arbitror,
831 2119 992 2158 causa
1019 2114 1122 2168 est,
1145 2105 1288 2174 quod
1321 2104 1392 2158 sit
1412 2104 1573 2174 iudex
1597 2113 1902 2168 accuratus,

335 2215 437 2254 nec
463 2197 754 2268 quidquam
785 2197 837 2252 in
873 2206 1077 2266 partem
1114 2196 1337 2250 alteram
1371 2195 1568 2250 inflecti
1601 2203 1782 2264 queat.
1823 2193 1909 2248 ln-

337 2302 520 2345 tnetnr
549 2289 692 2345 enim
723 2297 774 2343 et
806 2287 1188 2356 suppliciorum
1217 2285 1661 2356 magnitudinem,
1696 2294 1751 2339 et
1775 2283 1908 2338 tole-

338 2374 527 2438 rantia:
557 2381 916 2436 constantiam
944 2395 958 2444 ;
1001 2379 1427 2447 exatninansque
1460 2377 1776 2443 certamina,
1809 2390 1906 2444 pro

336 2473 651 2528 meritorum
675 2472 885 2526 ratione
919 2470 1135 2525 athletis
1162 2469 1434 2525 distribuit
1461 2468 1698 2538 praemia.
1724 2466 1906 2536 Neque

335 2579 465 2619 vero
490 2563 795 2618 mirandum
843 2572 946 2626 est,
985 2562 1057 2616 ita
1101 2578 1129 2615 τι
1182 2560 1582 2616 Deo'honorari
1627 2560 1892 2630 justitiam

336 2673 459 2712 cum
495 2671 560 2711 ne
602 2656 654 2710 in
685 2655 936 2711 humanis
965 2654 1178 2724 quidem
1221 2654 1576 2723 imperatores
1601 2666 1664 2707 ac
1707 2665 1908 2722 agone-

342 2751 523 2812 thetae,
563 2749 706 2802 viros
738 2745 928 2810 fortes,
973 2754 1066 2800 aut
1101 2746 1329 2817 pugiles,
1370 2744 1657 2815 aequaliter
1693 2745 1910 2800 univer-

337 2855 427 2896 sos
458 2838 726 2904 habeant;
773 2838 868 2894 sed
909 2838 1125 2907 cuique,
1185 2852 1282 2906 pro
1337 2837 1414 2892 rei
1457 2837 1716 2908 praeclare
1747 2846 1910 2906 gestae

339 2929 520 2992 modo,
553 2926 692 2985 dona
723 2943 963 2999 congrua
995 2932 1306 2984 decernant.

409 3019 535 3076 Haec
587 3029 769 3074 autem
827 3019 1100 3085 disserui,
1151 3034 1262 3090 quo
1287 3019 1484 3088 virum,
1541 3019 1631 3091 qui
1664 3020 1908 3077 hodierni

339 3121 637 3165 conventus
666 3108 820 3164 nobis
848 3109 1077 3179 praebuit
1107 3123 1352 3172 causam,
1382 3111 1566 3176 sociis,
1618 3125 1685 3165 ac
1717 3110 1908 3181 pugili-
1936 3170 1978 3193 η

340 3204 460 3270 bus,
501 3203 592 3272 qui
632 3174 864 3258 eosdem-
900 3201 1232 3256 desudarunt
1285 3217 1516 3273 agones,
1553 3174 1906 3258 illustriorem
1935 3174 1980 3232 (δ

336 3296 652 3361 ostendam;
702 3306 828 3348 nam
885 3291 977 3346 alii
1041 3292 1280 3362 quidem,
1313 3308 1487 3366 neque
1525 3294 1729 3350 'omnes
1774 3295 1909 3364 apud

339 3403 528 3443 omnes
561 3394 686 3441 sunt
716 3387 848 3454 noti,
873 3402 1047 3457 neque
1068 3387 1345 3442 hominum
1375 3401 1628 3442 sermone
1656 3388 1908 3442 virtutem

339 3479 666 3534 celebratam
697 3478 898 3532 habent
930 3494 944 3530 :
988 3478 1222 3533 Phocam
1276 3486 1456 3532 autem
1508 3492 1667 3533 nemo
1701 3487 1783 3532 est
1819 3477 1909 3547 qui

343 3573 594 3643 ignoret:
637 3569 732 3625 sed
777 3570 1045 3640 quomodo
1101 3569 1232 3624 solis
1288 3569 1471 3624 radius
1534 3568 1908 3624 universorum

341 3663 510 3718 oculis
555 3663 853 3730 explicatus
908 3669 1036 3717 est:
1099 3662 1173 3716 ita
1233 3661 1396 3715 etiam
1450 3659 1613 3731 hujus
1659 3662 1911 3730 martyris

343 3755 485 3809 fama
541 3755 778 3809 omnium
808 3768 968 3809 aures
995 3754 1417 3821 circumsonuit;
1447 3763 1608 3824 atque
1631 3762 1686 3809 ut
1725 3755 1911 3824 paucis

342 3847 540 3912 dicam,
559 3854 820 3916 quotquot
845 3845 1124 3900 Dominum
1148 3845 1421 3901 Christum
1440 3858 1720 3913 noverunt,
1751 3848 1910 3902 iidem

339 3953 556 4010 quoque
583 3939 699 4005 ejus
725 3947 988 3994 noverunt
1013 3939 1222 3994 fidelem
1249 3955 1489 3994 servum.
1517 3938 1711 3995 Verum
1742 3940 1912 3994 enitu-

346 4049 474 4089 vero
506 4033 727 4099 relictis,
767 4033 813 4087 si
843 4033 1071 4097 videtur,
1101 4047 1218 4101 quae
1247 4032 1334 4087 ille
1364 4049 1484 4089 cum
1507 4032 1628 4088 aliis
1666 4034 1910 4088 encomia

347 4126 508 4180 habet
532 4125 858 4190 communia,
891 4125 1120 4179 eximias
1151 4125 1408 4197 martyris
1458 4125 1678 4191 laudes,
1713 4137 1914 4198 marty-

347 4233 464 4272 rum
496 4218 802 4272 amantibus
835 4216 986 4272 vobis
1010 4216 1324 4272 recensebo.

419 4309 565 4365 Tulit
592 4311 774 4380 itaque
801 4317 1049 4366 sanctum
1085 4309 1228 4364 hunc
1269 4310 1465 4376 virum,
1527 4324 1798 4378 magnum,
1828 4309 1912 4362 in-

345 4418 536 4474 quam,
569 4403 697 4457 illud
747 4400 1182 4457 Christianorum
1216 4401 1580 4466 commodum,
1605 4402 1779 4456 vicina
1828 4399 1912 4455 Si-

347 4509 509 4566 nope,
557 4495 775 4564 antiqua
803 4495 993 4549 civitas
1018 4507 1082 4547 ac
1112 4501 1255 4559 nota,
1310 4491 1528 4547 fortium
1577 4495 1815 4548 virorum
1847 4508 1910 4548 ac
1944 4528 1988 4582 D

342 4587 784 4656 philosophorum
820 4584 991 4640 ferax.
1049 4583 1127 4639 Ne
1173 4584 1294 4654 quis
1321 4585 1463 4640 enim
1511 4586 1642 4640 mihi
1683 4586 1734 4640 in
1775 4601 1916 4656 prae-

347 4679 641 4734 sentiarum
671 4677 942 4734 diversam
966 4675 1280 4745 religionem
1309 4687 1556 4748 reputet;
1588 4679 1680 4734 sed
1716 4679 1766 4732 id
1800 4687 1914 4732 tan-

349 4785 482 4837 tum,
515 4786 641 4825 num
679 4769 901 4824 omniro
929 4768 1292 4825 studiosorum
1325 4771 1561 4824 virorum
1593 4769 1771 4825 nutrix
1801 4770 1914 4825 fue-

347 4866 416 4918 rit
444 4879 508 4919 ac
536 4877 751 4933 parens.
784 4860 826 4915 ν
852 4870 920 4917 ιω
941 4871 1118 4917 autem
1141 4861 1376 4917 studium
1417 4863 1466 4917 ei
1489 4871 1604 4918 erat
1633 4863 1772 4917 horti
1801 4863 1914 4916 cul-

349 4966 488 5022 tura,
523 4969 683 5025 quem
713 4953 786 5008 ibi
818 4962 944 5009 ante
974 4964 1186 5024 portam
1219 4953 1454 5009 civitatis
1487 4953 1538 5006 in
1566 4952 1750 5007 Isthmi
1773 4953 1911 5007 ostio

347 5049 647 5119 possidens,
669 5045 956 5117 diligenter
981 5045 1214 5111 colebat,
1247 5055 1306 5100 ut
1330 5045 1432 5100 sibi
1458 5060 1521 5098 ac
1550 5043 1912 5112 indigentibus

344 5146 488 5192 esset
512 5137 634 5192 vita:
660 5137 930 5193 solatium.
964 5135 1074 5191 Sed
1097 5147 1151 5189 et
1181 5134 1506 5203 hospitibus,
1560 5141 1808 5201 prompto
1848 5147 1913 5187 ac

347 5229 512 5284 alacri
535 5230 736 5295 animo,
766 5243 984 5300 parvam
1011 5243 1074 5282 ac
1105 5239 1390 5298 pauperem
1415 5224 1635 5279 domum
1668 5232 1909 5293 apertam

346 5319 581 5375 volebat.
609 5319 743 5375 Cum
768 5331 948 5376 autem
979 5320 1252 5375 habitaret
1290 5319 1345 5374 in
1374 5319 1458 5371 via
1505 5315 1738 5386 publica,
1786 5330 1909 5386 qua:

341 5409 724 5483 suppetebant,
773 5410 1183 5466 adventantibus
1239 5407 1542 5462 communia
1581 5407 1901 5478 promebat;

348 5519 412 5559 ac
439 5503 538 5558 Lot
571 5505 789 5561 ouidam
818 5503 1048 5568 medius,
1077 5518 1181 5557 non
1204 5501 1600 5557 Sodomitarum
1631 5502 1725 5557 sed
1748 5500 1905 5555 Sino-

2005 1919 2066 1973 τὸ
2086 1918 2300 1990 πρῶτον
2343 1919 2438 1972 καὶ
2463 1918 2732 1991 δεύτερον,
2761 1920 2879 1974 οὐδὲ
2912 1922 2940 1974 ό
2968 1920 3075 1975 τῶν
3112 1922 3280 1990 ἁγίων
3316 1920 3574 1990 ἐκφεύγει

2007 2012 2324 2081 κατάλογος.
2355 2013 2534 2066 Αἴτιον
2559 2012 2616 2065 δέ
2647 2007 2798 2084 οἶμαι
2842 2013 3056 2077 τούτου,
3087 2014 3149 2067 τὸ
3177 2013 3296 2068 λίαν
3331 2015 3573 2086 ἀπηκρι-

2007 2101 2249 2172 ϐωμένον
2269 2100 2362 2155 τοῦ
2383 2101 2569 2173 κριτοῦ
2593 2104 2687 2156 καὶ
2707 2102 3088 2175 ἀπρόσκλιτον.
3127 2103 3328 2176 Ἐφορᾷ
3346 2105 3454 2176 γὰρ
3481 2105 3578 2158 καὶ

2007 2193 2284 2265 τιμωριῶν
2315 2195 2539 2264 μεγέθη,
2575 2195 2670 2249 καὶ
2707 2197 2999 2268 καρτερίας
3028 2197 3325 2263 ἐνστάσεις,
3352 2200 3447 2250 καὶ
3475 2197 3570 2268 βα-

2012 2283 2242 2348 σανίζων
2285 2285 2355 2338 τὰ
2397 2285 2790 2356 ἀγωνίσματα,
2836 2287 2934 2350 τὰς
2971 2286 3106 2358 πρὸς
3153 2287 3310 2353 ἀξίαν
3341 2286 3577 2358 ἀμοιϐὰς

2008 2376 2251 2446 διανέμει
2277 2377 2391 2439 τοῖς
2420 2375 2698 2445 ἀθληταῖς.
2732 2378 2841 2430 Καὶ
2883 2376 3184 2448 παράδοξον
3214 2377 3484 2449 οὐδαμῶς,
3526 2378 3577 2430 εί

2009 2469 2160 2540 παρά
2195 2468 2330 2521 Θεοῦ
2360 2469 2502 2522 οὕτω
2523 2470 2746 2539 τιμᾶται
2772 2469 2832 2523 τὸ
2860 2469 3088 2533 δίκαιον,
3111 2470 3272 2523 ὁπότε
3314 2471 3408 2524 καὶ
3445 2469 3576 2541 παρ’

2007 2563 2140 2632 ἡμῖν
2188 2561 2482 2632 στρατηγοὶ
2514 2562 2608 2615 καὶ
2652 2560 2984 2631 ἀγωνοθέται
3030 2561 3129 2615 ούκ
3185 2562 3289 2615 ἴσοι
3336 2562 3574 2635 γίνονται

2007 2655 2118 2717 τοῖς
2155 2652 2486 2724 ἀριστεῦσιν,
2517 2653 2549 2724 ἢ
2581 2655 2694 2717 τοῖς
2720 2654 3077 2722 ἀγωνισταίς’
3110 2654 3245 2709 ἀλλὰ
3269 2655 3333 2726 δὴ
3361 2655 3575 2728 ἑκάστῳ

2009 2758 2149 2800 κατα
2171 2745 2235 2798 τὸ
2260 2745 2456 2817 μέτρον
2478 2744 2573 2799 τοῦ
2602 2745 3048 2819 κατορθώματος,
3082 2747 3180 2810 τὰς
3211 2746 3420 2818 δωρεὰς
3447 2747 3574 2801 ἀνα-

2008 2836 2269 2905 λογούσας
2293 2836 2698 2908 ἐπιψηφίζουσι.

2080 3011 2264 3067 Ταῦτα
2295 3013 2353 3066 δὲ
2391 3011 2624 3084 διῆλθον,
2653 3013 2741 3067 ἵνα
2774 3013 2952 3078 δείξω,
3003 3013 3079 3077 ὡς
3120 3015 3150 3066 ό
3176 3014 3414 3085 σήμερον
3447 3015 3579 3085 ἡμῖν

2010 3104 2304 3177 παρασχὼν
2341 3104 2432 3159 τοῦ
2463 3105 2722 3174 συλλόγου
2756 3109 2854 3177 τὴν
2895 3105 3170 3177 ἀφορμὴν,
3212 3106 3318 3159 τῶν
3350 3106 3579 3179 ἐταίρων

2010 3199 2106 3254 καὶ
2143 3198 2554 3268 συναγωνιστῶν
2579 3199 2695 3252 ἐστι
2721 3198 3197 3269 περιφανέστερος.
3230 3198 3292 3252 Ol
3338 3199 3436 3269 μὲν
3469 3197 3580 3270 γὰρ

2011 3290 2182 3355 ἄλλοι,
2208 3291 2268 3344 ού
2307 3291 2506 3354 πάντες
2540 3289 2688 3360 παρά
2720 3291 2856 3344 πᾶσι
2895 3288 3276 3361 γνωρίζονται,
3321 3291 3441 3344 ούδέ
3492 3289 3581 3360 βε-

2012 3383 2111 3454 ϐοη
2119 3383 2284 3453 μένην
2297 3382 2416 3454 ἔχου
2425 3400 2475 3436 σι
2498 3383 2596 3454 τὴν
2612 3381 2978 3454 ἀνδραγαθίαν
3002 3399 3015 3412 ·
3035 3384 3287 3436 Φωκᾶν²⁶
3313 3385 3412 3436 οὐκ
3435 3382 3582 3436 ἔστιν

2009 3474 2070 3539 ὃς
2096 3476 2298 3543 ἀγνοεῖ·
2319 3475 2432 3528 ἀλλ’
2454 3473 2641 3546 ὦσπρ
2667 3475 2822 3540 ἀκτὶς
2847 3477 2880 3547 ή
2901 3474 2994 3527 τοῦ
3018 3474 3166 3546 ἡλίου
3193 3476 3356 3528 πᾶσιν
3377 3474 3582 3545 ὀφθαλ-

2015 3569 2134 3638 μοῖς
2167 3567 2517 3638 ἐφήπλωται,
2559 3567 2698 3620 οὕτω
2737 3567 2832 3621 καὶ
2866 3569 2898 3638 ή
2937 3566 3030 3620 τοῦ
3069 3568 3343 3641 μάρτυρος
3385 3567 3578 3621 τούτου

2013 3659 2170 3730 φήμη
2235 3659 2414 3712 πᾶσαν
2467 3659 2637 3730 ἀκοὴν
2693 3660 3027 3731 περιήχησε·
3072 3661 3164 3713 καὶ
3202 3661 3291 3715 ἵνα
3345 3659 3582 3714 συνελὼν

2015 3749 2154 3803 είπω
2175 3791 2188 3812 ,
2217 3751 2333 3804 ὅσοι
2354 3751 2444 3804 τὸν
2489 3753 2761 3821 Δεσπότην
2801 3751 3105 3824 ἐγνώρισαν
3134 3751 3369 3823 Χριστὸν
3389 3792 3405 3818 ,
3434 3746 3582 3807 οῦτοι

2014 3843 2107 3895 καὶ
2138 3840 2228 3895 τὸν
2261 3842 2450 3895 πιστὸν
2479 3841 2663 3896 δοῦλον
2693 3839 2996 3913 ἐγνώρισαν
3017 3860 3033 3877 ο
3078 3843 3276 3914 μᾶλλον
3307 3843 3385 3908 δὲ,
3415 3845 3464 3896 εἰ
3491 3843 3581 3897 δο-

2014 3938 2118 3999 κεῖ,
2149 3936 2256 3988 τῶν
2286 3933 2479 3989 κοινῶν
2516 3936 2653 4006 πρὸς
2688 3937 2814 4000 τοὺς
2845 3935 3034 4000 ἄλλους
3062 3935 3350 4007 ἐγκωμίων
3375 3936 3583 4008 ἀφέμε-

2013 4043 2122 4093 νος,
2145 4025 2216 4079 τά
2233 4025 2485 4098 ἐξαίρετα
2508 4025 2602 4080 τοῦ
2635 4026 2910 4098 μάρτυρος
2957 4026 3272 4100 διηγήματα
3313 4029 3441 4100 ύμῖν
3467 4030 3581 4091 τοῖς

2014 4115 2372 4188 φιλομάρτυσι
2404 4116 2756 4188 διηγήσομαι.

2088 4313 2324 4382 Ἥνεγκε
2357 4313 2536 4368 τοίνυν
2576 4313 2668 4369 τὸν
2701 4314 2854 4383 ἅγιον
2897 4314 3065 4387 ἄνδρα
3093 4313 3281 4369 τοῦτον
3300 4357 3315 4382 ,
3350 4316 3406 4370 τὸ
3440 4315 3584 4388 μέγα

2017 4406 2356 4478 Χριστιανῶν
2391 4406 2602 4474 ὅφελος,
2631 4409 2664 4478 ή
2693 4409 2886 4476 γείτων
2910 4407 3148 4480 Σινώπη,
3194 4409 3349 4474 πόλις
3376 4410 3583 4482 ἀρχαία

2015 4499 2111 4552 καὶ
2147 4498 2454 4570 γνώριμος,
2497 4498 2726 4570 εὔπορος
2761 4500 3043 4572 καρτερῶν
3066 4502 3110 4534 ³⁷
3153 4503 3246 4556 καὶ
3275 4503 3585 4573 φιλοσόφων

2015 4591 2243 4662 ἀνδρῶν.
2279 4591 2371 4663 Μὴ
2402 4590 2510 4662 γάρ
2545 4591 2636 4662 μοί
2674 4609 2759 4656 τις
2790 4592 3086 4662 λογιζέσθω
3111 4593 3206 4647 νῦν
3231 4594 3292 4648 τὸ
3315 4594 3417 4664 τῆς
3447 4595 3584 4668 θρη-

2013 4681 2197 4745 σκείας
2221 4681 2495 4753 διάφορον,
2519 4682 2634 4736 ἀλλ’
2658 4685 2708 4736 εί
2740 4685 3041 4740 σπουδαίων
3061 4685 3197 4750 ὅλως
3221 4685 3430 4759 ἀνδρῶν
3457 4704 3584 4760 τρο-

2013 4771 2110 4841 φὸς
2133 4773 2225 4826 καὶ
2249 4775 2432 4845 μήτηρ
2449 4773 2682 4844 ἐδείχθη.
2717 4774 2998 4847 Ἐπιτήδευ
3007 4793 3081 4848 μα
3094 4775 3149 4830 δέ
3167 4776 3317 4847 αὑτῷ
3328 4777 3422 4830 τοῦ
3442 4777 3582 4848 βίου,

2015 4866 2189 4936 κήπου
2218 4865 2463 4937 γεωργία
2489 4867 2582 4920 καὶ
2612 4867 2930 4938 ἐπιμέλεια,
2955 4869 3122 4941 ὅνπερ
3141 4868 3306 4924 αὑτοῦ
3336 4886 3438 4923 που
3473 4869 3584 4944 πρὸ

2012 4955 2112 5026 τῆς
2145 4956 2321 5028 πύλης
2349 4956 2445 5011 τοῦ
2474 4957 2664 5022 ἄστεος
2702 4959 2795 5012 ἐπὶ
2816 4959 2908 5013 τοῦ
2940 4960 3206 5033 στόματος
3229 4960 3322 5015 τοῦ
3361 4961 3579 5033 ’ἰσθμοῦ

2009 5066 2174 5119 κεκτη
2183 5049 2360 5121 μένος,
2373 5051 2532 5121 ήσκει
2549 5051 2848 5120 φιλοστόνως
2857 5094 2869 5116 ,
2883 5052 3061 5123 ἐαυτῷ
3073 5052 3291 5117 καὶτοῖς
3305 5052 3583 5125 δεομένοις

2009 5139 2358 5212 παραμυθίαν
2380 5141 2475 5195 τοῦ
2501 5142 2638 5212 βίου.
2661 5141 2879 5212 Ἦνοιγε
2903 5144 2961 5197 δὲ
2983 5145 3078 5196 καὶ
3105 5147 3216 5208 τοῖς
3241 5143 3418 5211 ξένοις
3439 5144 3585 5215 μάλα

2011 5229 2303 5303 προθύμως
2348 5231 2448 5302 τὴν
2493 5233 2692 5304 μικρὰν
2727 5235 2821 5287 καὶ
2849 5234 3149 5305 πενομένην
3193 5235 3398 5288 ἐστίαν.
3452 5235 3584 5289 Ἐπ-

2009 5321 2171 5376 οικῶν
2197 5321 2253 5376 δὲ
2283 5325 2348 5394 τῇ
2378 5322 2654 5395 λεωφόρῳ,
2689 5323 2846 5377 κοινὰ
2872 5327 2985 5388 τοῖς
3005 5323 3328 5396 ἐπιδημοῦσι
3362 5323 3586 5394 προετί-

2015 5414 2095 5468 θει
2126 5416 2196 5471 τά
2231 5416 2394 5472 ὅντα·
2446 5418 2540 5470 καὶ
2570 5417 2733 5487 μέσος
2769 5418 2815 5449 ⁸⁸
2863 5413 2930 5488 ἦν
2963 5415 3108 5480 Λὼτ,
3153 5416 3217 5469 ού
3254 5415 3580 5486 Σοδομιτῶν,

2013 5502 2149 5559 ἀλλά
2180 5505 2488 5561 Σινωπέων.
2521 5505 2626 5560 Τοῦ
2659 5506 2715 5560 δέ
2743 5505 2935 5578 χρόνου
2963 5505 3334 5580 προελθόντος,
3365 5507 3462 5579 τὴν
3490 5507 3581 5564 ἐν·-

419 5646 465 5678 ²⁶
509 5645 660 5701 Deest
693 5655 872 5716 negat.
903 5647 955 5699 in
999 5643 1140 5699 Sirm
1207 5643 1408 5700 codice.
1490 5644 1534 5675 "
1569 5642 1732 5701 Sirm.
1767 5658 1898 5712 γενα

2013 5685 2018 5699 .
2094 5643 2140 5676 ³⁸
2163 5643 2326 5700 Sirm.
2352 5659 2487 5706 νεος.

422 5783 533 5854 (45)
578 5783 772 5838 Desunt.
795 5783 971 5837 omnia
995 5783 1275 5853 superiora
1320 5782 1371 5837 in
1391 5747 1730 5854 autographo
1755 5780 1820 5837 Il.
1847 5779 1908 5837 P.
1939 5779 2230 5847 Sirmundi,
2271 5789 2326 5838 et
2356 5778 2494 5850 apud
2534 5777 2775 5835 Surium.
