3856 6274
231 375 342 434 305

1367 382 1645 442 HOMILIA
1686 385 1776 442 IX.
1809 382 1878 438 IN
1908 381 1965 438 S.
2001 379 2298 436 PHOCAM.

3366 377 3472 435 306

227 491 393 564 τολὴν
433 483 592 565 εὗρεν
616 494 716 548 ούκ
750 494 1006 567 ἄμισθον·
1040 495 1148 550 ἀπὸ
1181 493 1291 569 γὰρ
1323 497 1623 566 φιλοξενίας
1653 498 1800 568 ἐκέρ-

1910 496 2151 568 pensium
2191 507 2327 554 erat.
2373 496 2541 553 Porro
2578 495 2838 567 temporis
2885 509 3164 565 processu,
3190 497 3331 551 haud
3364 512 3474 550 va-

226 584 356 638 δανε
397 584 491 638 τοῦ
529 583 792 649 ζωοποιοῦ
839 586 1068 642 θανάτου
1105 588 1205 660 τὴν
1233 589 1504 661 πρόφασιν
1526 605 1538 619 ο
1574 589 1695 644 ὃθεν
1748 588 1806 642 δὲ

229 679 330 730 καὶ
358 679 528 741 ὅπως,
577 679 770 750 μικρὸν
816 680 1175 745 ἀναλαϐόντος
1205 681 1495 736 ἀκούσατε.

304 933 413 986 Τοῦ
437 934 598 1002 λόγου
619 935 718 1006 τῆς
740 935 1020 1001 εὐσεϐείας
1041 935 1195 1008 ἡμῶν
1211 933 1694 1004 καταγγελθέντος,
1713 951 1806 990 και

226 1025 327 1080 τοῦ
360 1026 652 1080 Θεσπεσίου
677 1029 1030 1099 κηρύγματος
1059 1027 1197 1098 πρὸς
1228 1028 1409 1081 πᾶσαν
1451 1026 1618 1098 ἀκοὴν
1655 1026 1804 1094 ἐξελ-

226 1115 440 1178 ὂόντος,
481 1116 839 1186 γνωρίζοντος
870 1116 928 1169 δὲ
962 1117 1196 1187 Χριστὸν
1234 1118 1328 1170 καὶ
1357 1116 1427 1170 τὰ
1468 1115 1674 1169 ἐκείνου
1711 1133 1805 1187 μυ-

227 1209 432 1278 στήρια
457 1250 474 1272 ,
519 1208 827 1278 ἐφρύαξαν
865 1209 1034 1278 ἔθνη,
1064 1208 1206 1263 κατὰ
1231 1209 1324 1262 τὸν
1344 1207 1669 1280 Ψαλμῳδὸν,
1705 1209 1801 1262 καὶ

223 1305 286 1356 οι
304 1303 593 1368 βασιλεῖς
617 1303 713 1356 καὶ
734 1302 1019 1372 ἄρχοντες
1043 1302 1384 1373 συνήγοντο
1411 1301 1509 1356 ἐπὶ
1534 1301 1602 1354 τὸ
1635 1302 1798 1355 αὑτό·

226 1391 325 1445 καὶ
350 1393 403 1443 οἱ
433 1391 534 1463 τῆς
559 1392 768 1464 πλάνης
802 1392 920 1446 λαοὶ⁵
965 1393 1278 1464 ὠργίζοντο,
1312 1391 1405 1445 τοῦ
1450 1391 1624 1462 Ἰησοῦ
1651 1391 1804 1462 βασι-

224 1482 504 1546 λεύοντος.
559 1481 832 1553 Ἐζητεῑτο
865 1482 921 1535 δὲ
948 1483 1058 1545 πᾶς
1085 1480 1426 1551 Χριστιανὸς,
1459 1481 1534 1545 ὡς
1566 1479 1803 1550 κακοῦρ-

223 1592 347 1644 γος,
376 1575 471 1628 καὶ
499 1577 528 1628 6
555 1574 721 1644 ἐγγὺς
739 1573 1045 1639 ἐκολάζετο,
1071 1573 1165 1627 καὶ¹
1183 1574 1212 1626 6
1235 1572 1452 1644 μακρὰν
1470 1571 1798 1644 ἀνιχνεύετο.

222 1669 321 1720 Διὸ
345 1669 562 1731 Φωκᾶν,
595 1666 718 1720 οὔτε
747 1669 780 1739 ἡ
810 1667 1053 1721 εὐτέλεια
1083 1666 1179 1720 τοῦ
1209 1665 1638 1737 ἐπιτηδεύματος
1657 1707 1672 1730 ,
1707 1665 1802 1719 καὶ

221 1757 255 1809 6
278 1757 561 1828 κηπουρὸς
610 1756 876 1828 ἔκρυψεν·
919 1756 1054 1810 ἀλλὰ
1100 1756 1195 1810 καὶ
1241 1750 1423 1818 οὗτος,
1466 1755 1542 1819 ὼς
1580 1756 1799 1826 γνήσιος

1909 605 2067 644 cuum
2117 590 2363 646 mercede
2393 590 2704 645 mandatum
2763 590 2985 644 invenit.
3048 589 3285 645 Viviﬁcae
3328 591 3472 646 enim

1908 680 2099 736 mortis
2116 681 2352 746 occasio,
2381 695 2443 735 ex
2477 681 2840 752 hospitalitate
2869 681 3016 735 lucro
3050 681 3300 735 accessit.
3325 678 3474 735 Unde

1907 786 2060 835 vero,
2101 787 2166 826 ac
2231 787 2462 843 quonam
2510 773 2688 838 modo,
2729 773 2887 842 paulo
2937 772 3096 828 altius
3139 781 3470 842 repetentem

1907 863 2107 918 audite.

1975 956 2108 1012 Cum
2168 955 2490 1011 Christianae
2551 956 2768 1026 pietatis
2824 970 3074 1011 sermone
3135 955 3472 1019 annuntiato,

1905 1047 2085 1102 divina
2135 1047 2449 1116 praedicatio
2503 1049 2569 1103 ad
2619 1061 2831 1103 omnem
2865 1062 3049 1101 aurem
3077 1047 3288 1111 exiret,
3320 1045 3474 1101 Chri-

1904 1146 2155 1208 stumque
2179 1153 2243 1194 ac
2262 1138 2378 1208 ejus
2404 1139 2654 1209 mysteria
2682 1147 2806 1192 nota
2853 1137 3121 1204 redderet,
3153 1138 3475 1206 fremuerunt

1902 1241 2096 1301 gentes,
2123 1240 2180 1285 ut
2239 1231 2316 1286 ait
2355 1230 2661 1295 Psalmista,
2721 1247 2958 1300 regesque
3002 1247 3064 1284 ac
3110 1231 3369 1299 principes
3419 1230 3473 1283 in

1904 1338 2063 1376 unum
2087 1332 2427 1377 convenerunt
2448 1324 2525 1388 ³¹;
2554 1337 2616 1377 ac
2649 1321 2863 1377 Christo
2908 1330 3185 1391 regnante,
3225 1329 3472 1375 errantes

1903 1411 2084 1482 pepuli
2135 1412 2527 1469 irascebantur.
2588 1415 2940 1481 Quaerebatur
2996 1424 3174 1468 autem
3245 1411 3472 1482 quilibet

1902 1501 2262 1568 Christianus,
2291 1512 2543 1573 tanquam
2575 1504 2853 1559 maleﬁcus
2887 1519 2901 1555 :
2931 1518 2994 1557 ac
3019 1501 3106 1571 qui
3135 1517 3298 1573 prope
3329 1510 3470 1563 erat,

1903 1591 2253 1662 puniebatur;
2290 1593 2381 1661 qui
2420 1607 2549 1648 vero
2593 1592 2781 1662 procul
2830 1600 2972 1656 erat,
3026 1590 3468 1661 investigabatur.

1903 1681 2258 1750 Quamobrem
2293 1682 2523 1739 Phocam
2567 1698 2800 1754 quoque,
2844 1697 2913 1738 ne
2950 1681 3168 1752 quidem
3213 1681 3319 1736 vile
3356 1691 3471 1738 stu-

1903 1776 2069 1842 dium,
2093 1775 2470 1842 hortuianique
2503 1777 2739 1832 conditio
2764 1775 2956 1831 celavit
2985 1791 2998 1840 ;
3036 1775 3128 1830 sed
3164 1775 3209 1830 is
3234 1789 3470 1844 quoque,

224 1848 469 1921 μάλιστα
500 1848 594 1903 τοῦ
634 1847 872 1920 Χριστοῦ
907 1848 1144 1920 μύστης,
1175 1847 1437 1919 ἐμηνύθη.
1472 1849 1580 1901 Kal.
1613 1847 1676 1918 δὴ
1707 1846 1800 1901 καὶ¹

1908 1874 1960 1921 ut
1988 1880 2147 1923 verus
2201 1865 2401 1923 Christi
2435 1866 2767 1937 discipulus,
2826 1866 3175 1922 denuntiatus
3235 1874 3338 1922 cst.
3393 1865 3472 1920 Ac

220 1938 396 2013 ἦλθον
444 1944 533 1996 ἐπ’
587 1943 746 1998 αὐτὸν
801 1942 850 1996 οἱ
893 1940 987 1995 τοῦ
1046 1940 1308 2012 δυστήνου
1345 1939 1494 1994 τοῦδε
1540 1939 1656 2009 βίου
1708 1937 1804 1992 καὶ

225 2036 448 2108 ῥέοντος
489 2034 867 2096 κελευσθέντες
903 2035 1208 2102 ἀπαγαγεῖν
1241 2031 1403 2086 αὐτὸν
1431 2030 1671 2102 ἄκριτον,
1703 2030 1800 2084 ἁν-

222 2123 589 2194 απολόγητον.
616 2124 725 2177 Καὶ
750 2123 860 2193 γὰρ
872 2118 940 2193 ἦν
959 2121 1019 2176 τὸ
1045 2121 1296 2193 ἔγκλημα
1325 2121 1588 2188 τοιοῦτον,
1608 2121 1636 2175 ὃ
1661 2120 1802 2192 λαμ-

224 2215 348 2285 πρᾷ
372 2217 438 2285 τῇ
468 2216 618 2285 φωνῇ
663 2214 692 2267 6
719 2213 978 2282 γεννάδας
1007 2213 1378 2285 καθωμολόγει
1398 2228 1413 2242 ·
1446 2213 1540 2266 καὶ
1575 2213 1801 2284 μηδενὸς

221 2306 566 2378 ἐρωτῶντος,
595 2307 775 2378 ἔργοις
805 2309 849 2339 ²⁰
879 2308 1136 2361 ἐδείκνυε·
1171 2305 1569 2377 πυνθανομένου
1595 2305 1674 2372 δέ,
1705 2321 1801 2358 πε-

227 2396 477 2467 ριχαρῶς
510 2395 719 2460 ἐξεϐόα.

307 2575 586 2640 Ἑλθόντες
628 2575 758 2644 γοῦν
802 2576 851 2628 οἱ
888 2577 988 2647 τῆς
1029 2575 1237 2630 ἐκείνου
1277 2573 1548 2647 τιμωρίας
1589 2573 1796 2645 δήμιοι,

222 2667 320 2722 καὶ
352 2668 455 2737 τῆς
477 2667 751 2739 ἡμετέρας
797 2668 989 2740 ἑορτῆς
1019 2667 1181 2722 αῐτιοι
1199 2708 1214 2733 ,
1258 2667 1388 2738 παρ’
1418 2665 1566 2738 αὐτῷ
1589 2665 1667 2736 τῷ
1699 2665 1796 2736 ζη-

218 2758 472 2829 τουμένῳ
501 2758 805 2814 κατέλυσαν
823 2799 839 2823 ,
869 2758 992 2813 οὔτε
1023 2758 1400 2828 γινώσκοντες,
1432 2757 1554 2811 οὔτε
1590 2757 1694 2829 μὴν
1722 2774 1798 2826 γι-

219 2851 582 2920 νωσκόμενοι.
621 2852 711 2918 Ἐν
735 2852 1031 2923 άπορῤήτῳ
1059 2851 1116 2903 δὲ
1139 2851 1276 2915 τέως
1306 2846 1452 2921 εἶχον
1481 2849 1581 2920 τῆς
1612 2849 1799 2920 ἐπιδη-

221 2941 359 3012 μίας
383 2941 484 3012 τὴν
508 2942 800 3014 πρόφασιν,
827 2943 912 2996 ἵνα
933 2943 1194 3015 πρότερον
1219 2943 1622 3015 ἐκδιδαχθέντες
1647 2943 1798 3015 παρὰ

217 3035 335 3090 τῶν
367 3035 476 3103 ἔξω
508 3036 608 3106 τῆς
639 3035 865 3101 πόλεως,
899 3036 985 3101 τίς
1005 3039 1034 3090 6
1057 3039 1272 3101 Φωκᾶς,
1303 3038 1396 3090 καὶ
1424 3037 1544 3090 ὅποι
1570 3036 1793 3104 διάγων,

1901 1972 2032 2013 sane
2058 1958 2125 2013 ad
2149 1972 2273 2014 eum
2301 1967 2584 2023 venerunt,
2618 1959 2708 2028 qui
2739 1958 3083 2029 nullajudicii
3109 1958 3303 2023 forma,
3325 1955 3472 2012 nulla

1901 2048 2230 2116 defensione,
2262 2065 2292 2104 a
2320 2050 2513 2104 misera
2545 2049 2646 2106 hac
2683 2050 2933 2119 ﬁuxaque
2985 2049 3090 2103 vita
3135 2048 3274 2118 jussi
3321 2057 3475 2104 erant

1901 2140 2188 2196 abducere.
2227 2139 2359 2195 Nam
2389 2151 2508 2195 erat
2532 2140 2633 2195 tale
2658 2141 2863 2195 crimen
2892 2139 3026 2212 (44),
3056 2139 3197 2210 quod
3225 2139 3307 2193 vir
3333 2147 3473 2194 stre-

1900 2247 2038 2287 nuus
2059 2231 2205 2288 clara
2236 2246 2369 2287 voce
2395 2231 2744 2286 conﬁteretur
2768 2249 2782 2298 ;
2812 2231 3066 2302 nulloque
3084 2233 3470 2303 interrogante,

1897 2324 2150 2394 operibus
2201 2325 2485 2393 proderet;
2520 2323 2886 2393 interrogante
2918 2333 3097 2379 autem
3132 2322 3335 2394 aliquo,
3365 2323 3469 2378 im-

1899 2416 2118 2483 pensius
2143 2415 2384 2488 gaudens
2421 2415 2658 2472 clamore
2683 2413 2898 2470 efferret

1967 2575 2256 2633 Venientes
2281 2590 2411 2649 ergo
2436 2576 2580 2631 illius
2635 2576 2849 2631 lictores
2891 2575 3164 2646 supplicii,
3193 2575 3476 2645 nostrique

1897 2667 2019 2725 festi
2053 2679 2324 2735 auctores,
2382 2670 2522 2740 apud
2547 2683 2670 2723 eum
2721 2669 2924 2739 ipsum,
2974 2670 3064 2738 qui
3105 2669 3470 2738 quaerebatur,

1897 2761 2596 2830 diversatisunt,utneque
2654 2760 2692 2814 ii
2717 2769 3142 2830 cognoscerent,
3196 2775 3369 2829 neque
3403 2761 3472 2815 ab

1897 2853 1987 2909 illo
2009 2861 2483 2924 cognoscerentur.
2524 2851 2743 2907 Interim
2773 2867 2899 2907 vero
2955 2852 3220 2907 adventus
3253 2867 3470 2907 causam

1897 2945 2161 3012 celabant,
2194 2951 2254 2999 ut
2279 2959 2400 3000 cum
2433 2944 2584 3013 prius
2613 2941 2972 3011 accepissent,
2995 2957 3061 2996 ex
3089 2941 3156 2996 iis
3189 2941 3282 3010 qui
3317 2940 3471 2994 habi-

1900 3039 2084 3092 tabant
2116 3044 2270 3092 extra
2301 3035 2602 3097 civitatem,
2660 3034 2909 3104 quisnam
2953 3042 3096 3088 esset
3139 3033 3369 3095 Phocas,
3417 3041 3474 3084 et

217 3126 422 3198 ἀθρόον
447 3126 761 3191 ἐπιστάντες
782 3126 1138 3195 συλλάϐωσιν,
1159 3128 1236 3192 ὡς
1259 3130 1308 3182 οἱ
1342 3127 1578 3200 Ἐϐραῖοί
1600 3128 1644 3159 ³ο
1665 3144 1794 3181 ποτε

1908 3129 1987 3184 ubi
2015 3129 2253 3199 degeret,
2290 3137 2512 3196 repente
2552 3125 2885 3189 invadentes,
2920 3131 2980 3177 ut
3002 3123 3269 3192 quondam
3301 3120 3470 3178 Judaei

218 3191 390 3288 “Et;
414 3220 578 3289 κήπῳ
603 3218 742 3290 μετὰ
778 3218 947 3274 Ἰούδα
973 3221 1064 3274 τὸν
1091 3191 1314 3291 Κύριον.
1359 3191 1712 3293 Ἐλελὴθεσαν
1736 3219 1792 3273 δὲ

1908 3219 2032 3275 Iuda
2083 3191 2559 3276 duce'Doininum
2611 3217 2666 3270 in
2724 3216 2905 3276 horto.
2935 3191 3469 3284 comprehenderent.

218 3309 356 3362 εἴσω
371 3308 604 3362 δικτύων
628 3310 725 3380 τὴν
747 3310 919 3382 θήραν
943 3310 1177 3381 ἔχοντες,
1198 3313 1247 3365 οἱ
1271 3311 1430 3376 κύνες
1449 3310 1540 3366 τὸν
1561 3309 1796 3383 ἀρνειὸν,

217 3402 268 3452 οἱ
294 3399 453 3454 λύκοι
479 3400 572 3454 τὸν
594 3401 782 3472 ἀμνὸν,
803 3402 904 3472 τὴν
929 3401 1253 3474 περιστερὰν
1280 3403 1328 3455 οἱ
1350 3401 1680 3474 ἁρπακτικοὶ
1703 3401 1799 3455 καὶ

218 3493 622 3564 γαμψώνυχες·
671 3494 853 3558 καθὼς
887 3495 943 3549 δέ
975 3497 1004 3548 6
1040 3497 1323 3567 προφήτης
1361 3495 1588 3558 Ἡσαΐας
1629 3493 1795 3564 φησι·

220 3585 639 3640 Συνανεπαύετο
659 3589 776 3652 ταῖς
802 3587 1132 3660 παρδάλεσιν
1162 3590 1190 3641 6
1217 3587 1423 3659 ἔριφος,
1454 3588 1548 3642 καὶ
1574 3591 1686 3650 τοῖς
1708 3586 1800 3639 λύ-

220 3695 346 3741 κοις
376 3680 406 3732 6
437 3679 652 3750 ἀρνειὸς
678 3680 720 3712 ³⁸
753 3681 1125 3746 συνεϐόσκετο,
1146 3683 1240 3734 καὶ
1267 3681 1315 3733 οἱ
1345 3679 1557 3743 λέοντες
1583 3679 1700 3750 ἅμα
1723 3679 1800 3750 τῷ

223 3772 420 3843 μόσχῳ
450 3773 635 3843 κοινὴν
667 3768 810 3843 εἶχον
836 3773 934 3845 τὴν
965 3773 1192 3828 δίαιταν.
1240 3771 1457 3842 Ἐπειδὴ
1483 3773 1563 3838 δὲ,
1591 3767 1680 3826 οἷα
1711 3789 1800 3840 φι-

221 3863 311 3916 λεῖ
338 3863 622 3932 γίνεσθαι,
650 3864 898 3936 τράπεζα
928 3865 1022 3918 καὶ
1060 3863 1319 3936 συνήθεια
1350 3863 1411 3917 τὸ
1455 3863 1676 3934 θαρρεῖν
1709 3862 1802 3916 άλ-

218 3957 412 4029 ληλοις
437 3957 731 4028 παρέσχον,
751 3956 1134 4011 διεπυνθάνετο
1151 3959 1280 4028 παρ’
1306 3956 1486 4010 αὐτῶν
1513 3959 1541 4010 6
1571 3957 1799 4029 μάρτυς,

220 4049 372 4114 τίνες
405 4044 546 4115 εἷεν,
577 4050 670 4104 καὶ
695 4050 836 4113 τίνος
861 4049 1021 4121 χάριν
1049 4049 1147 4120 τὴν
1187 4048 1351 4102 αὐτοῦ
1384 4047 1538 4102 πόλιν
1576 4047 1802 4102 κατέλα-

221 4139 341 4192 ὅον.
375 4141 440 4193 Οἱ
471 4139 527 4193 δὲ
559 4139 657 4210 τὴν
679 4141 958 4212 πρόθυμον
983 4140 1227 4208 δεξίωσιν
1251 4141 1348 4194 καὶ
1377 4139 1689 4210 φιλοξενίαν,
1705 4138 1799 4193 τοῦ

220 4231 422 4305 ἀνδρὸς
477 4231 835 4299 αἰδεσθέντες,
877 4232 1062 4303 μηδενί
1106 4250 1166 4285 τε
1189 4233 1249 4285 τὸ
1281 4230 1674 4302 λεχθησόμενον
1716 4231 1803 4296 ἐξ·

221 4327 403 4377 ειπείν
438 4323 924 4394 παραγγείλαντες,
956 4322 1259 4395 ἐγνώρισαν
1285 4322 1538 4377 αὐτῶντὸ
1553 4323 1800 4396 ἀπόρρη-

219 4433 340 4480 τον,
375 4416 474 4470 καὶ
504 4416 563 4468 τὸ
606 4415 708 4486 τῆς
739 4415 1029 4485 ἐπιϐουλῆς
1055 4413 1440 4484 ἐξαγορεύουσι
1463 4414 1667 4486 δρᾶμα,
1718 4416 1801 4469 ὅτι

221 4509 420 4560 Φωκᾶν
475 4506 566 4559 ἐπὶ
601 4505 842 4577 τιμωρίᾳ
873 4505 1092 4577 ζητοῦσι
1133 4504 1351 4558 λαϐεῖν·
1383 4503 1506 4558 ὅθεν
1548 4505 1686 4576 πρὸς
1729 4508 1795 4577 τῇ

221 4597 522 4670 φιλοξενίᾳ,
550 4599 644 4650 καὶ
673 4597 876 4668 ταύτην
892 4594 1074 4666 ἠξίουν
1097 4596 1193 4666 τὴν
1205 4595 1522 4667 εὐεργεσίαν
1547 4594 1801 4666 προσθεῖ-

219 4711 332 4754 ναι,
364 4691 668 4760 συγκαμεῖν
691 4689 874 4752 αὐτοῖς
896 4690 975 4752 εἰς
1007 4688 1104 4759 τὴν
1131 4687 1299 4760 θήραν
1329 4687 1422 4741 τοῦ
1447 4687 1800 4758 ζητουμένου.

297 4786 572 4837 ,Ηκουσεν
607 4784 636 4835 6
659 4781 751 4835 τοῦ
777 4781 980 4853 Κυρίου
1009 4781 1282 4851 θεράπων,
1319 4781 1414 4834 καὶ
1447 4781 1706 4853 ἀτρέπτῳ
1731 4783 1799 4852 τῇ

219 4879 371 4951 ψυχῇ
417 4879 510 4933 τὸν
540 4877 696 4945 λόγον
723 4875 1032 4946 δεξάμενος,
1059 4875 1122 4928 ού
1153 4874 1404 4928 ταπεινόν
1431 4892 1481 4927 τι
1518 4876 1611 4928 καὶ
1640 4876 1802 4943 ἀγεν-

219 4973 313 5034 νὲς
369 4967 600 5034 ἔπαθεν,
661 4968 694 5038 ἦ
748 4965 1046 5037 ἐφθέγξατο
1072 4982 1086 4997 ·
1117 4965 1239 5019 οὐδὲ
1284 4964 1666 5028 ἀποδειλιάσας
1714 4965 1805 5019 τὸν

222 5063 493 5124 κίνδυνον,
539 5062 730 5130 φυγεῖν
775 5057 1162 5111 ἐϐουλεύσατο·
1207 5057 1302 5112 καὶ
1348 5056 1543 5121 ταῦτα,
1599 5056 1804 5127 πολλὴν

220 5157 366 5227 ἔχων
411 5155 509 5208 καὶ
556 5153 744 5208 ἄνετον
789 5152 1206 5222 ἀποδιδράσκειν
1243 5150 1343 5222 τὴν
1386 5150 1670 5216 ἐξουσίαν·
1722 5150 1804 5202 ὅτι

1898 3312 2404 3383 Ιθιιοιεὺεηιουιεῐη
2423 3325 2484 3364 se
2503 3310 2735 3378 pradam
2750 3306 2946 3362 habere
2961 3307 3100 3361 inter
3110 3307 3266 3374 retia;
3283 3321 3470 3374 canes,

1898 3403 2284 3474 ovem;lnpos,
2316 3418 2540 3473 agnum;
2572 3415 2794 3472 rapaces
2849 3413 2980 3455 aves
3027 3413 3092 3454 ac
3135 3413 3474 3470 uncungues,

1898 3494 2222 3550 columbam.
2252 3491 2323 3547 Ut
2349 3503 2526 3548 autem
2560 3490 2731 3547 Isaias
2759 3489 3019 3560 propheta
3048 3491 3125 3544 ait
3159 3488 3246 3545 ":
3279 3489 3476 3544 Haedus

1898 3600 2017 3640 cum
2052 3584 2220 3654 pardo
2251 3583 2564 3649 accubabat,
2599 3596 2875 3652 agnusque
2897 3597 3017 3636 cum
3049 3581 3186 3651 lupis
3212 3582 3474 3652 pasceba-

1898 3686 2008 3742 tur,
2037 3691 2101 3732 ac
2132 3675 2317 3731 leones
2355 3676 2515 3730 simul
2561 3689 2682 3731 cum
2721 3673 2890 3729 vitulo
2953 3686 3240 3728 commune
3288 3675 3476 3728 convi-

1899 3770 2044 3823 vium
2072 3768 2298 3823 inibant.
2334 3765 2468 3822 Cum
2501 3775 2704 3832 autem,
2731 3765 2808 3819 uti
2840 3765 3007 3819 moris
3039 3772 3142 3831 est,
3174 3777 3373 3819 mensae
3391 3779 3478 3818 so-

1900 3858 2068 3911 cietas
2121 3871 2186 3910 ac
2214 3855 2545 3911 consuetudo
2576 3855 2823 3909 ﬁduciam
2857 3854 3084 3909 invicem
3103 3863 3475 3924 generassent,

1901 3949 2108 4020 rogavit
2146 3964 2214 4003 ex
2246 3949 2328 4005 eis
2380 3956 2616 4019 martyr,
2646 3946 2867 4016 quinam
2923 3955 3127 4011 essent,
3159 3959 3225 4002 ac
3258 3960 3364 4016 qua
3413 3946 3479 4000 de

1902 4059 2062 4098 causa
2080 4042 2150 4098 ad
2170 4040 2288 4111 ejus
2318 4041 2596 4097 venissent
2620 4041 2914 4114 civitatem.
2969 4038 3051 4092 llli
3086 4052 3216 4094 vero
3245 4038 3477 4092 alacrem

1901 4133 2002 4189 viri
2027 4133 2424 4203 susceptionem
2464 4147 2528 4188 ac
2581 4132 3000 4202 hospitalitatem
3055 4130 3312 4194 reveriti,
3355 4144 3479 4185 cum

1902 4226 2308 4297 praecepissent,
2329 4241 2396 4282 ne
2425 4225 2568 4296 quod
2589 4225 2872 4280 auditurus
2895 4231 3016 4279 erat
3035 4223 3286 4292 cuiquam
3311 4236 3481 4277 enun-

1903 4319 2081 4385 tiaret,
2105 4319 2153 4372 ei
2184 4333 2446 4373 arcanum
2480 4315 2754 4387 aperiunt,
2781 4329 2846 4369 ac
2865 4313 3182 4369 insidiarum
3205 4324 3481 4382 exponunt

1905 4411 2138 4464 tabulam
2165 4449 2180 4475 ,
2213 4417 2272 4462 ut
2323 4407 2575 4463 nimirum
2623 4414 2867 4476 quaerant
2921 4416 3114 4474 capere
3148 4404 3478 4474 puniendum

1909 4501 2164 4556 Phocam.
2189 4499 2452 4566 Quocirca
2472 4499 2856 4569 hospitalitatis
2877 4496 3116 4562 cumulo,
3143 4497 3247 4552 hoc
3267 4511 3484 4568 quoque

1913 4589 2172 4646 beneﬁcio
2201 4590 2270 4644 ab
2311 4603 2380 4644 eo
2411 4587 2549 4644 allici
2580 4589 2864 4659 rogabant,
2915 4595 2975 4642 ut
3005 4587 3274 4656 captando
3321 4603 3480 4657 quem

1910 4683 2240 4751 qtnerebant,
2270 4696 2377 4736 una
2400 4680 2514 4750 ipse
2551 4692 2769 4750 operam
2797 4677 3071 4734 conferret
3095 4692 3270 4734 suam.

1975 4790 2194 4846 Audivit
2244 4789 2338 4845 Dei
2389 4804 2600 4856 servus,
2657 4789 2990 4860 immatoque
3025 4787 3210 4844 animo
3239 4786 3484 4842 auditum

1906 4895 2207 4936 sermonem
2236 4880 2560 4951 suscipiens,
2594 4879 2728 4934 nihil
2755 4881 3051 4949 abiectum,
3087 4893 3152 4934 ac
3191 4879 3334 4950 quod
3385 4892 3486 4947 pu-

1908 4971 2085 5028 sillum
2120 4972 2356 5028 animum
2393 4972 2678 5038 indicaret,
2736 4961 2928 5040 passus
2981 4979 3072 5026 aut
3120 4970 3331 5026 locutus
3357 4979 3485 5032 est;

1910 5080 2084 5135 neque
2117 5065 2353 5137 periculo
2380 5065 2672 5128 exterritus
2720 5066 2987 5134 spectavit
3044 5063 3269 5136 fugam;
3300 5063 3483 5130 idque,

1908 5155 2026 5227 ejus
2057 5157 2302 5214 ineundae
2343 5173 2590 5227 magnam
2627 5171 2692 5212 ac
2734 5157 2958 5213 liberam
3002 5157 3208 5212 habens
3253 5155 3486 5209 faculta-

285 5343 334 5376 "
366 5342 536 5396 Sirm.
569 5339 1039 5414 Beccélismﬁxxlq
1049 5356 1153 5414 μα,
1172 5339 1200 5391 ὃ
1231 5339 1550 5414 λαμπρᾷᾌτῇ
1571 5341 1789 5414 ’φωνῇλὸ
1808 5336 2276 5414 δράσας-καθωμη
2295 5335 2390 5414 καὶ
2422 5335 2648 5414 μηδενζζς
2673 5333 2774 5405 μὲν
2794 5333 3128 5406 ἐρωτῶντος,
3148 5329 3479 5403 τοίςέργοις.

224 5415 270 5448 ³³
299 5415 469 5469 Sirm.
513 5412 775 5467 Ἰουδαῖοι.
851 5410 894 5441 ³¹
935 5407 1100 5465 Siriil.
1131 5407 1320 5480 ἁμνόςζ
1392 5407 1610 5465 ³¹Ρέέιιζ
1642 5407 1753 5478 11,"!

301 5559 416 5630 (44)
459 5557 603 5630 Nam
637 5569 749 5630 erat
779 5526 880 5611 tale
910 5558 1126 5630 crimen,
1155 5555 1264 5610 Kal
1287 5555 1397 5624 γὰρ
1418 5551 1497 5630 ἦν
1517 5553 1585 5608 τὸ
1605 5555 1815 5630 gnra".

230 5625 637 5704 μα’τοροῦ-ζον.
671 5628 1035 5704 I’aqloAalileI:
1066 5627 1344 5704 Romanus
1387 5625 1556 5704 colle;
1595 5641 1658 5680 ac
1695 5625 1835 5704 _Sir_-e

1803 5427 1922 5482 sqq.

1996 5409 2040 5440 ³³
2062 5405 2294 5472 Ιεειίζιι,
2326 5409 2396 5472 6;
2423 5405 2548 5470 va,
2572 5405 2661 5459 ‘25.

1921 5550 2223 5616 sententia;
2268 5548 2410 5603 haud
2448 5548 2572 5602 item
2621 5560 2781 5616 quam
2815 5542 2964 5616 Surii
2998 5541 3269 5616 interpres
3313 5539 3495 5608 expri-

1923 5627 2040 5690 mit,
2068 5636 2186 5693 quae
2211 5609 2313 5693 nec
2339 5621 2454 5693 ipsa
2489 5609 2945 5693 satis-commoda
2975 5621 3058 5668 est
3087 5630 3100 5666 :
3135 5609 3347 5692 Crimen
3381 5616 3493 5687 erat

473 5678 603 5778 ’ᾑὲρι
848 5678 1132 5778 θ-εοσιέϐεια-
1153 5695 1318 5778 ἕζκλη
1328 5696 1477 5778 μα,ὃ
1497 5678 1725 5778 λαμπρᾷ

1921 5678 2284 5778 pietunguod
2319 5678 2463 5743 clara
2491 5703 2616 5771 .voce
2659 5685 3022 5778 conﬁtebatur,
3055 5699 3172 5736 cum
3203 5682 3292 5752 qui
3319 5678 3496 5778 omni?

233 5774 386 5846 φωνῇ
491 5765 718 5846 δράσας’
743 5765 1152 5846 καθωμολόγειι·
1184 5765 1395 5846 Religio
1439 5765 1815 5846 criuten'erut,

1924 5755 2065 5832 fecit.
2094 5755 2188 5818 Sic
2217 5762 2324 5815 alia
2363 5761 2560 5832 passim
2591 5765 2891 5832 occurrunt
2912 5755 3090 5810 minus
3123 5760 3402 5815 accurata,
3435 5755 3510 5807 ω.

236 5824 590 5912 ᾇιιοάἰιιιεὼτ
611 5824 756 5895 clara
782 5824 1484 5902 voce‘conlitebatur,éadem
1503 5824 1820 5915 cstomnitip
1924 5824 2120 5904 quibus
2150 5843 2325 5890 tamen
2355 5824 2517 5886 nolim
2545 5843 2662 5884 esse
2693 5824 2983 5881 morosior.
