3856 6274
328 259 432 322 307

1593 262 1650 318 S.
1693 257 1967 317 ASTERII
2004 258 2305 315 AMASENI

3450 250 3576 310 308

325 385 454 444 tem,
489 395 607 435 cum
636 379 671 434 ii
703 378 927 434 necdum
979 378 1200 444 scirent,
1236 392 1358 434 eum
1397 390 1517 434 esse
1554 391 1715 444 quem
1747 390 1924 446 quam

2029 377 2132 446 virts
2160 376 2317 448 δῆλος
2343 369 2409 446 ἦν
2449 372 2527 428 ἔτι
2562 370 2722 434 αὐτὸς
2765 371 2862 432 ὢν,
2890 370 2918 422 ὁ
2959 367 3086 438 παρ’
3121 365 3338 421 ἐκείνων
3368 365 3570 430 ἐπιζη-

325 483 508 528 rerent
538 489 552 526 :
581 480 768 526 contra
807 485 936 526 vero
983 471 1202 525 omnino
1243 471 1408 536 fecit;
1461 485 1518 525 se
1543 470 1754 525 fortiter
1799 482 1891 538 ge-

324 573 466 625 rere,
503 578 604 615 non
633 561 816 631 fugere
865 571 1127 616 statuens.
1164 561 1360 615 Eorum
1420 562 1605 631 itaque
1643 559 1891 630 precibus

323 656 533 718 annuit,
578 663 651 714 et,
707 655 840 724 Ego,
891 655 1082 722 inquit,
1115 655 1166 708 in
1199 655 1447 724 prtesenli
1499 653 1709 724 negotio
1737 653 1892 706 vobis

325 736 541 811 adjutor
577 757 708 808 ero;
746 743 866 796 novi
894 743 1036 796 enim
1082 744 1274 808 virum,
1306 752 1358 798 et
1411 743 1568 798 facile
1608 744 1890 812 quaesitam

325 835 612 888 inveniam.
642 833 750 888 Nec
794 843 952 889 erunt
983 835 1249 905 longiores
1301 849 1486 901 morae,
1528 836 1620 890 sed
1655 835 1740 889 die
1769 849 1891 889 cra-

324 925 463 979 stina
493 924 642 982 vobis
663 942 783 980 eum
815 924 1116 982 ostendam.
1163 925 1267 982 Vos
1314 934 1519 980 tantum
1558 927 1612 980 in
1635 925 1736 981 hoc
1771 941 1892 980 meo

328 1030 562 1085 paupere
612 1010 910 1072 diversorio
948 1017 1292 1085 requiescite.
1352 1015 1450 1071 Ubi
1495 1016 1576 1070 sic
1613 1016 1693 1070 eis
1745 1027 1894 1070 certo

328 1106 688 1172 promisisset,
718 1105 923 1162 duabus
951 1122 1008 1161 se
1032 1107 1192 1162 rebus
1213 1106 1490 1175 dispertit;
1525 1121 1714 1176 nempe
1748 1107 1893 1162 exci-

330 1198 538 1264 piendis
603 1207 712 1252 tota
753 1199 1084 1252 humanitate
1136 1199 1504 1262 occisoribus,
1548 1213 1611 1253 ac
1655 1199 1895 1268 parando

330 1291 596 1359 sepulcro.
649 1287 782 1344 Cum
816 1301 989 1343 autem
1033 1300 1272 1360 parasset
1330 1291 1549 1354 fossam,
1581 1300 1634 1346 et
1668 1307 1786 1361 qua:
1831 1295 1897 1347 ad

332 1381 661 1450 sepulturam
695 1391 847 1434 erant
874 1384 1197 1445 necessaria,
1218 1383 1283 1436 ad
1327 1398 1420 1438 eos
1459 1385 1713 1452 postridie
1744 1397 1900 1439 acce—

334 1475 498 1527 dens:
543 1471 854 1540 Diligenter,
906 1473 1110 1542 inquit,
1170 1475 1323 1529 vobis
1369 1474 1599 1543 quaesivi.
1644 1474 1896 1538 Phocam,

335 1562 650 1631 estquejam
681 1572 868 1631 parata
901 1563 1078 1630 praeda
1102 1604 1116 1626 ,
1143 1579 1206 1618 ac
1233 1564 1276 1618 si
1321 1564 1468 1620 lubet
1489 1607 1506 1632 ,
1543 1567 1899 1636 comprehen-

1992 465 2250 536 τούμενος
2271 481 2286 496 ·
2327 462 2461 517 ἀλλὰ
2501 463 2608 516 πᾶν
2637 459 2945 514 τούναντίον
2980 458 3156 510 ἑποίει
3175 495 3190 519 ,
3218 455 3572 527 ἀνδρίζεσθαι

1996 559 2214 630 μᾶλλον,
2235 557 2330 612 καὶ
2359 555 2480 626 οὐχὶ
2503 553 2723 624 φεύγειν
2753 550 3150 624 προῃρημένος.
3187 547 3401 618 Ἀμέλει
3425 546 3572 617 πρὸς

1991 650 2089 721 τήν
2119 650 2340 716 ἀξίωσιν
2363 645 2598 700 ἐπινεύει
2618 665 2631 676 ·
2661 643 2852 709 Κάγὼ,
2883 643 3066 713 φησιν,
3091 640 3218 710 ὑμῖν
3240 642 3318 701 εἰς
3343 637 3403 690 τὸ
3427 655 3571 707 προ-

1995 740 2240 810 κείμενον
2283 738 2640 810 συλλήψομαι.
2677 734 2934 790 Γινώσκω
2971 731 3081 802 γὰρ
3110 732 3199 784 τὸν
3238 730 3404 800 ἄνδρα
3425 768 3438 790 ,
3471 728 3574 780 καὶ

1998 833 2196 904 ῥᾳδίως
2229 830 2576 903 ἀναζητήσας
2613 829 2846 900 εὑρήσω·
2889 826 2990 878 οὑκ
3018 824 3098 886 εἰς
3125 820 3339 893 μακρὰν
3364 819 3420 872 δὲ
3446 819 3572 870 τοῦ-

1995 939 2106 985 τον,
2137 922 2270 976 ἀλλά
2295 924 2376 986 εἰς
2403 923 2503 993 τὴν
2531 921 2788 974 ἐπιοῦσαν
2816 918 2912 972 καὶ
2940 917 3119 978 αὑτοῖς
3143 915 3269 984 ὑμῖν
3289 909 3569 975 ἐπιδείξωο

2001 1014 2158 1084 μόνον
2205 1015 2363 1084 ὑμεῖς
2403 1014 2496 1066 ἑπὶ
2535 1013 2635 1083 τῆς
2675 1011 2938 1080 πενιχρᾶς
2976 1007 3183 1076 ταύτης
3234 1001 3576 1071 καταγωγῆς

1998 1105 2406 1160 ἀναπαύσασθε.
2459 1104 2614 1158 Οὕτω
2653 1101 2877 1172 βεϐαίαν
2928 1100 3111 1161 αὐτοῖς
3158 1093 3574 1164 ἐγγυησάμενος

1997 1198 2094 1268 τὴν
2121 1197 2430 1268 ὑπόσχεσιν,
2470 1195 2790 1268 πράγμασιν
2823 1192 3013 1246 ἑαυτὸν
3051 1185 3400 1258 καταμερίζει
3423 1185 3572 1247 δυσὶ,

1999 1292 2064 1360 τῇ
2091 1306 2150 1342 τε
2177 1287 2418 1353 δεξιώσει
2445 1287 2554 1340 τῶν
2583 1284 2774 1340 ἑαυτοῦ
2806 1284 3030 1354 φονέων,
3061 1281 3156 1334 καὶ
3183 1282 3248 1350 τῇ
3281 1275 3578 1348 ἑτοιμασίᾳ

2000 1383 2095 1436 τοῦ
2116 1382 2310 1452 τάφου.
2335 1381 2675 1454 Εὑτρεπίσας
2705 1379 2760 1432 δὲ
2783 1378 2845 1431 τό
2867 1395 2927 1430 τε
2959 1376 3173 1448 ὄρυγμα
3201 1373 3296 1426 καὶ
3339 1371 3408 1424 τὰ
3439 1369 3577 1439 περὶ

2001 1477 2173 1547 ταφὴν
2223 1476 2494 1543 ἀναγκαῖα
2515 1513 2531 1538 ,
2585 1468 2896 1542 προσελθὼν
2947 1469 3128 1529 αὐτοῖς
3165 1468 3229 1536 τῇ
3285 1461 3574 1532 ὑστεραίᾳ,

2014 1567 2318 1638 Ἐπιμελῶς
2364 1568 2512 1638 ὑμῖν,
2567 1565 2703 1636 ἔφη,
2743 1562 2834 1616 τὸν
2874 1561 3064 1614 Φωκᾶν
3099 1557 3434 1628 ὰνεζήτησα,
3474 1552 3580 1607 καὶ

336 1654 514 1708 datur.
544 1653 652 1708 lllis
688 1663 864 1708 autem
899 1668 1010 1723 prce
1035 1655 1228 1722 gaudio
1262 1656 1645 1723 quaerentibus,
1683 1657 1900 1712 ubinam

2029 1674 2216 1729 cotpov
2255 1657 2356 1728 ’ήδη
2386 1656 2444 1709 τὺ
2472 1655 2697 1726 θήραμα,
2718 1669 2732 1684 ο
2769 1653 2862 1706 καὶ
2888 1652 2936 1704 εί
2978 1650 3156 1715 δοκεῖ,
3193 1643 3574 1715 συλληφθήτω.

336 1740 421 1798 vir
451 1744 537 1800 ille
553 1754 696 1800 esset
723 1762 739 1797 :
769 1745 880 1800 Non
909 1748 1116 1817 procul,
1145 1749 1340 1818 inquit.
1369 1750 1463 1806 sed
1491 1750 1764 1807 vobiscum
1788 1763 1898 1815 est;

2029 1726 2130 1807 Γῶν
2159 1752 2216 1805 δὲ
2247 1726 2516 1805 είπόντων.
2539 1753 2603 1804 ἑκ
2640 1747 3028 1819 περιχαρείας·
3057 1743 3168 1798 Καὶ
3212 1739 3368 1793 ποῦιό
3396 1738 3577 1808 ἀνήρ;

337 1853 462 1890 nam
494 1847 547 1891 et
575 1853 674 1907 ego
704 1837 792 1892 ille
821 1839 934 1908 ipse
963 1854 1105 1894 sum.
1138 1839 1269 1895 Rem
1312 1840 1494 1910 itaque
1521 1842 1900 1912 exsequimini,

339 1929 586 2000 longique
610 1930 821 1991 itineris
847 1945 910 1984 ac
936 1931 1140 1987 laboris
1180 1947 1399 2001 scopum
1440 1933 1674 2003 implete.
1708 1934 1905 1992 Obstu-

343 2021 782 2086 pueruntanimis
815 2023 1082 2088 homines,
1125 2037 1298 2093 eoque
1319 2025 1522 2094 audito,
1549 2025 1904 2098 diriguerunt,

343 2107 508 2166 salem
538 2125 603 2165 ac
632 2127 867 2166 mensam
897 2113 1134 2178 reveriti,
1155 2114 1572 2186 munificumque
1595 2117 1650 2173 in
1679 2133 1906 2187 pauper-

348 2211 460 2258 tate
491 2203 795 2267 convivam.
824 2203 901 2257 Ad
947 2204 1062 2260 haec
1089 2219 1235 2271 vero,
1269 2205 1480 2263 animos
1512 2218 1571 2263 ut
1593 2223 1651 2265 se
1707 2209 1910 2265 interfi-

347 2299 532 2350 cerent
565 2296 941 2351 exhortatione
973 2297 1235 2362 addebat;
1274 2297 1602 2370 jubebatque
1635 2318 1702 2356 ne
1755 2304 1910 2372 quid-

347 2403 511 2457 quam
542 2388 882 2453 dubitarent;
912 2388 1120 2454 dicens,
1179 2405 1245 2444 ne
1278 2390 1392 2445 fore
1431 2392 1643 2461 quidem
1695 2393 1910 2449 illorum

349 2496 547 2534 manus
574 2481 792 2544 caedem,
838 2482 930 2535 sed
961 2496 1145 2536 eorum
1199 2482 1431 2550 facinus,
1492 2485 1582 2554 qui
1631 2488 1913 2556 praecepis-

351 2584 492 2627 sent.
537 2573 697 2637 Dixit,
722 2574 1010 2642 persuasit,
1038 2589 1230 2645 passus
1261 2584 1364 2642 est,
1394 2591 1459 2632 ac
1496 2579 1669 2647 capite
1706 2588 1916 2633 trunca-

355 2675 460 2731 tus,
491 2677 640 2736 grata
665 2665 776 2722 Deo
808 2665 981 2722 hostia
1014 2667 1228 2723 oblatus
1258 2681 1360 2724 eat.

427 2929 521 2986 Ab.
552 2944 618 2986 eo
663 2939 903 3000 tempore
935 2925 1327 3005 bactenusque,
1368 2933 1676 2991 columnam
1703 2951 1826 2994 eum
1857 2953 1920 2994 ac

359 3022 782 3079 sustentaculum
814 3023 927 3095 (45)
980 3023 1286 3081 divinarum
1315 3041 1411 3095 per
1439 3029 1624 3084 orbem
1654 3029 1920 3089 Ecclesia-

363 3133 504 3182 rum,
527 3131 560 3172 ο
582 3117 705 3181 viri,
733 3089 1022 3184 habemus;
1053 3127 1244 3188 estque
1284 3089 1374 3176 ille
1406 3129 1700 3192 martyrum
1733 3123 1923 3180 claris—
1946 3089 1990 3148 C

363 3210 552 3277 simus,
594 3208 801 3265 habens
832 3211 946 3280 ipse
976 3209 1178 3278 primas
1210 3220 1393 3282 partes
1416 3212 1560 3268 inter
1582 3215 1838 3284 optimos.
1878 3217 1927 3272 Is

364 3317 551 3357 omnes
577 3299 818 3358 conferto
845 3303 1059 3372 agmine
1078 3301 1145 3357 ad
1176 3317 1330 3358 suum
1365 3305 1534 3360 trahit
1558 3306 1888 3362 domicilium
1909 3347 1925 3373 ,

365 3400 596 3460 suntque
629 3391 798 3462 plenae
829 3391 929 3446 vite
960 3391 1186 3460 publicae
1224 3393 1290 3450 iis
1339 3395 1433 3464 qui
1485 3410 1553 3451 ex
1604 3412 1930 3469 unaquaque

369 3483 587 3552 regione
629 3482 694 3535 ad
749 3481 926 3538 locum
960 3484 1223 3540 orationis
1265 3487 1614 3542 contendunt.
1649 3490 1824 3558 Atque
1847 3501 1934 3546 est

367 3575 581 3644 quidem
619 3574 980 3643 magnificum.
1011 3576 1142 3631 illud
1191 3577 1469 3648 templum,
1511 3580 1598 3635 cui
1629 3581 1843 3650 obtigit,
1873 3591 1936 3636 ut

367 3675 770 3723 sacrosanctum
799 3667 1023 3722 haberet
1053 3669 1306 3741 martyris
1359 3685 1574 3742 corpus,
1626 3687 1811 3728 eorum
1840 3673 1934 3744 qui

377 3757 709 3827 afﬂiguntur,
739 3758 1034 3826 relaxatio;
1067 3775 1253 3816 eorum
1283 3762 1374 3831 qui
1411 3763 1613 3818 morbis
1662 3764 1932 3834 laborant,

370 3849 580 3905 ofﬁcina
614 3850 816 3905 medica
846 3867 861 3904 :
892 3865 1076 3906 eorum
1103 3853 1193 3922 qui
1227 3854 1492 3921 esuriunt,
1527 3869 1735 3923 mensa;
1765 3856 1936 3911 abun-

371 3942 590 3998 dantius
622 3942 765 3997 enim
803 3956 944 3996 nunc
990 3943 1085 3997 alit
1155 3942 1362 4000 Phocas
1418 3945 1725 4015 defunctus,
1773 3963 1932 4018 quam

373 4035 523 4104 prius
548 4033 745 4104 Ioseph
775 4036 829 4088 in
851 4033 1084 4106 Egypto
1101 4035 1274 4091 vivus.
1307 4035 1438 4091 Nam
1459 4037 1548 4092 ille
1576 4039 1789 4108 quidem
1820 4040 1936 4094 fru-

377 4138 624 4183 mentum
644 4128 985 4196 permutabat
1013 4130 1235 4197 pecunia
1257 4147 1272 4196 ;
1298 4129 1388 4184 hic
1407 4139 1609 4196 autem,
1646 4131 1815 4202 gratis
1840 4131 1941 4186 lar-

375 4222 519 4291 gitur
554 4220 854 4290 egentibus.
886 4220 977 4276 Sic
998 4221 1368 4276 mendicorum
1398 4236 1462 4276 ac
1487 4236 1741 4277 erronum
1772 4226 1940 4279 turba;

379 4313 446 4366 ad
477 4313 709 4383 Sinopes
739 4313 1022 4377 isthmum,
1053 4328 1151 4368 ceu
1183 4314 1248 4367 ad
1293 4328 1578 4368 commune
1606 4313 1819 4384 aliquod
1843 4329 1938 4384 pe-

2009 1846 2085 1898 Οὑ
2127 1845 2335 1917 πόρρω,
2376 1844 2561 1914 φησὶν,
2605 1841 2742 1894 ἀλλά
2779 1839 2897 1911 μεθ’
2939 1836 3092 1907 ὑμῶν
3115 1849 3129 1865 °
3159 1833 3321 1895 αὑτὸς
3353 1831 3409 1885 δὲ
3444 1831 3579 1900 ὑμῖν

2009 1931 2161 2002 οὗτος
2193 1935 2304 2005 ἑγώ
2328 1953 2340 1966 ·
2374 1936 2466 1988 καὶ
2495 1932 2770 2005 χρήσασθε
2801 1931 2880 2001 τῷ
2947 1928 3253 2001 πράγματι,
3310 1922 3404 1976 καὶ
3447 1920 3588 1988 πλη-

2015 2030 2222 2102 ρώσατε
2246 2029 2334 2081 τὸν
2400 2027 2500 2098 τῆς
2550 2022 2851 2096 ὁδοιπορίας
2899 2021 2992 2075 καὶ
3011 2017 3104 2072 τοῦ
3134 2015 3296 2070 πόνου
3353 2010 3580 2066 σκοπόν.

2025 2123 2372 2193 Ἐπλάγησαν
2402 2119 2499 2184 τὰς
2538 2117 2716 2189 ψυχὰς
2761 2117 2810 2168 οἱ
2841 2114 3147 2184 ἄνθρωποι,
3180 2109 3274 2163 καὶ
3307 2105 3443 2177 πρὸς
3477 2102 3585 2174 τὴν

2015 2215 2184 2286 ἀκοὴν
2204 2214 2588 2284 ἀπεπάτησαν,
2612 2211 2737 2274 τοὺς
2766 2208 2898 2270 ἃλας
2927 2208 3021 2260 καὶ
3054 2206 3153 2275 τὴν
3191 2199 3471 2274 τράπεζαν
3502 2197 3586 2250 αἶα

2015 2307 2308 2369 δεσθέντες,
2333 2305 2428 2359 καὶ
2457 2303 2548 2356 τὸν
2582 2304 2638 2355 ἑν
2678 2300 2836 2370 πενίᾳ
2864 2299 3139 2368 φιλότιμον
3179 2293 3482 2362 ἑστιάτορα.
3521 2287 3599 2339 '0

2016 2403 2072 2456 δὲ
2122 2400 2216 2454 καὶ
2259 2397 2337 2451 ἔτι
2369 2395 2668 2468 παρεκάλει
2707 2392 2842 2463 πρὸς
2875 2392 2972 2462 τὴν
2999 2390 3203 2460 τόλμαν
3236 2386 3335 2455 τῆς
3372 2381 3583 2452 ἀναιρέ-

2020 2510 2174 2557 σεως,
2212 2491 2305 2544 καὶ
2335 2488 2469 2560 μηδὲ
2506 2486 2642 2558 πρὸς
2680 2485 2851 2553 ὀλίγον
2892 2483 3160 2546 διστάζειν
3207 2475 3586 2538 ὲπεκελεύετο,

2018 2586 2220 2654 λέγων,
2258 2583 2332 2645 ώς
2363 2579 2471 2635 οὒτ’
2523 2579 2744 2632 ἐκείνων
2780 2575 2961 2647 χειρὸς
3003 2573 3252 2642 ὑφόνος,
3293 2567 3428 2624 ἀλλά
3472 2564 3585 2619 τῶν

2021 2673 2433 2747 προσταξάντων
2461 2672 2495 2742 ή
2532 2669 2890 2741 ἐπιχείρησις.
2917 2662 3102 2729 Εἶπεν,
3135 2664 3370 2726 ἔπεισεν,
3392 2657 3584 2722 ἔπαθε,

2021 2769 2114 2821 καὶ
2149 2764 2245 2837 τὴν
2274 2762 2514 2835 κεφαλὴν
2542 2760 2879 2832 ἀποτμηθεὶς
2899 2800 2914 2825 ,
2941 2758 3131 2828 ἱερεῖον
3166 2754 3244 2808 τώ
3267 2752 3385 2807 Θεῶ
3425 2767 3584 2820 κεχα-

2028 2858 2276 2928 ρισμένον
2306 2858 2610 2930 προσήχθη.

2096 2947 2295 3012 Στύλος
2326 2948 2376 2980 ⁸⁸
2419 2949 2512 3002 καὶ
2540 2947 2772 3018 ἔρεισμα
2808 2944 2914 2997 τῶν
2941 2941 3101 2995 θείων
3146 2939 3245 3010 τῆς
3269 2933 3589 3006 οἰκουμένης

2038 3040 2390 3112 Ἐκκλησιῶν,
2421 3037 2480 3106 ἑξ
2500 3039 2707 3093 ἑκείνου
2746 3036 2906 3109 μέχρι
2929 3033 3023 3088 τοῦ
3050 3032 3142 3086 νῦν
3161 3028 3588 3098 τοῦτονιὲχομενς

2027 3131 2303 3204 ἄνθρωποι
2326 3150 2340 3164 ο
2371 3133 2465 3186 καὶ
2498 3129 2790 3203 μαρτύρων
2835 3127 2982 3182 ἑστὶν
3014 3118 3165 3188 οὗτος
3201 3119 3594 3193 περιφανέστα-

2028 3242 2139 3289 τος,
2171 3226 2228 3278 ἑν
2249 3225 2362 3287 τοῖς
2388 3221 2633 3293 ἀρίστοις
2662 3219 2798 3291 ἔχων
2827 3218 2987 3281 αὐτὸς
3017 3215 3078 3269 τὸ
3109 3215 3393 3284 πρωτεῖον.
3426 3205 3595 3270 Οὗτος

2029 3316 2315 3387 ἐφέλκεται
2336 3313 2609 3384 πανδημεὶ
2632 3311 2840 3373 πάντας
2867 3307 3004 3380 πρὸς
3033 3306 3095 3360 τὸ
3115 3303 3306 3358 ἑαυτοῦ
3342 3298 3596 3366 καταγώα

2029 3425 2183 3478 γιον,
2227 3407 2322 3460 καὶ
2378 3405 2621 3476 πλήρεις
2662 3405 2718 3457 αἱ
2761 3401 3024 3471 λεωφόροι
3071 3397 3181 3451 τῶν
3224 3395 3316 3464 ἀφ’
3362 3392 3596 3461 ἑκάστης

2031 3498 2214 3572 χώρας
2242 3497 2378 3569 πρὸς
2407 3495 2497 3550 τὸν
2527 3495 2696 3549 τόπον
2728 3490 3096 3562 ἐπειγομένων
3137 3488 3236 3558 τῆς
3268 3481 3594 3556 προσευχῆς.

2035 3588 2192 3642 Ἔστι
2233 3587 2332 3658 μὲν
2372 3582 2465 3640 οὖν
2492 3587 2521 3640 ὁ
2549 3582 2971 3655 μεγαλοπρεπὴς
3000 3581 3204 3642 ἐκεῖνος
3242 3576 3391 3638 ναὸς.
3416 3575 3477 3637 ὃς
3505 3574 3595 3626 καὶ

2031 3682 2093 3736 τὸ
2121 3679 2266 3751 ἱερὸν
2298 3678 2441 3749 ἔχειν
2467 3676 2560 3731 τοῦ
2590 3676 2863 3748 μάρτυρος
2893 3670 3177 3742 ἐκληρώθη
3219 3667 3398 3738 σῶμα,
3421 3664 3596 3718 θλιὸοο

2039 3771 2216 3842 μένων
2265 3769 2468 3831 ἄνεσις,
2515 3764 2870 3835 κακουμένων
2906 3762 3173 3833 ἰατρεῖον,
3226 3755 3601 3828 λιμωττόντων

2034 3862 2302 3934 τράπεζα.
2344 3857 2738 3929 Δαψιλὲστερον
2769 3854 2877 3926 γὰρ
2908 3853 3097 3924 τρέφει
3143 3850 3334 3912 Φωκᾶς
3385 3845 3480 3901 νῦν
3515 3862 3612 3898 te-

2037 3952 2326 4024 λευτήσας,
2356 3951 2498 4021 ήπερ
2539 3951 2597 4002 ἑν
2637 3946 2898 4016 Αἰγύπτῳ
2928 3947 2957 3998 ὀ
2997 3941 3194 4013 Ἰωσὴφ
3230 3939 3290 3993 τὸ
3320 3937 3596 4010 πρότερον.

2051 4047 2288 4108 Ἐκεῖνος
2325 4043 2421 4114 μὲν
2455 4042 2565 4112 γὰρ
2594 4038 2855 4112 ἀργυρίου
2885 4037 2976 4090 τὸν
3001 4037 3142 4088 σῖτον
3166 4032 3417 4102 διένειμε·
3455 4024 3602 4093 οὗτος

2038 4138 2097 4192 δὲ
2149 4137 2350 4210 προῖκα
2387 4136 2500 4198 τοῖς
2535 4131 2813 4203 δεομένοις
2854 4129 3156 4200 χαρίζεται.
3193 4123 3348 4179 Οὕτω
3379 4119 3617 4190 πτωχῶν

2042 4233 2138 4286 καὶ
2169 4228 2538 4302 ἀλητευόντων
2571 4225 2713 4295 φῦλα
2751 4221 3075 4296 προστρέχει
3117 4219 3194 4290 τῷ
3225 4218 3324 4287 τῆς
3362 4213 3604 4284 Σινώπης

2047 4322 2252 4394 ἰσθμῷ,
2287 4321 2538 4391 καθάπερ
2580 4318 2686 4371 τινὶ
2716 4315 2878 4386 κοινῷ
2905 4313 3154 4385 ταμιείῳ.
3201 4310 3336 4363 Ἀλλ’
3370 4310 3483 4362 ἐκεῖ
3510 4306 3618 4376 μὲν.

381 4407 596 4462 uarium
633 4415 944 4464 accurrunt.
983 4403 1089 4460 Sed
1121 4405 1230 4460 illic
1265 4406 1480 4475 quidem
1529 4406 1630 4461 sic.
1665 4406 1721 4461 Si
1764 4418 1924 4464 auten

2049 4410 2242 4476 οὕτως.
2273 4412 2339 4466 Εἰ
2370 4410 2431 4464 δέ
2456 4421 2557 4463 που
2593 4407 2690 4462 καὶ
2715 4405 2947 4476 ἀλλαχοῦ
2979 4403 3064 4457 διὰ
3092 4401 3300 4473 μικρῶν
3322 4397 3603 4492 λειψῗάνωξ

378 4495 544 4554 etiam
568 4495 696 4550 alibi
725 4510 1025 4566 paucarum
1045 4495 1403 4564 reliquiarum
1427 4494 1788 4564 impertitione
1809 4498 1943 4570 (46),

481 4629 530 4662 ³⁸
564 4628 692 4701 Leg.
717 4627 925 4682 στύλον.

458 4771 569 4843 Q45)
610 4768 935 4843 Columnant
951 4787 1013 4825 ac
1044 4772 1474 4836 sustentaculum,
1506 4783 1611 4831 etc.
1644 4775 1736 4830 Sic
1780 4778 1944 4832 etiam

387 4841 733 4915 Sirmundus
771 4841 998 4915 margini
1055 4843 1398 4914 ascripserat,
1447 4846 1551 4915 leg.
1610 4846 1838 4912 στύλον·
1892 4857 1952 4903 ut

387 4929 495 4968 non
527 4911 881 4984 praecedentia
913 4911 1139 4979 referat,
1169 4911 1310 4981 quod
1351 4911 1526 4970 reddii
1553 4915 1832 4984 Lipomani
1865 4917 1951 4971 in-

385 4981 615 5057 terpres,
645 4981 885 5057 retinens
907 4996 1096 5057 vocem
1119 4984 1325 5049 στύλος,
1356 4987 1450 5041 sed
1480 4981 1778 5055 sequentia,
1810 4987 1952 5057 quod

386 5055 546 5124 plane
574 5062 684 5124 tota
710 5052 873 5122 exigit
893 5053 1034 5108 ratio
1064 5064 1368 5110 contextus.

456 5122 572 5198 (:46)
596 5120 1307 5198 APaucarum__rcliqttiarum_
1330 5126 1700 5198 impertitione,
1734 5125 1833 5183 διὰ
1856 5145 1952 5198 μι-

389 5191 901 5264 κρῶνίλειψάνων.
925 5191 1063 5247 Sunt
1082 5195 1195 5254 haec
1222 5191 1606 5264 pulcherrima,
1632 5213 1695 5252 ac
1714 5191 1954 5252 veterum

388 5262 443 5318 in‘
487 5278 674 5337 sacras
721 5262 975 5337 reliquias
1017 5262 1296 5334 religionis
1323 5266 1579 5335 prtnclara
1623 5278 1958 5337 argumenta,

391 5349 516 5389 cum
544 5333 625 5389 sic
654 5333 1013 5406 celebriorum
1057 5333 1350 5406 martyrum
1391 5351 1453 5390 ac
1489 5333 1796 5391 sanctorum
1831 5351 1964 5390 exu-

391 5408 518 5471 viis,
547 5419 613 5458 ex
641 5404 1020 5476 ugna‘Eccle‘sia
1068 5404 1300 5461 ditarent
1330 5406 1614 5476 plurimas,
1653 5421 1752 5476 nec
1802 5407 1962 5476 quid-

392 5483 554 5540 quam
601 5473 798 5542 prioris
848 5473 1126 5530 auferreut
1164 5473 1673 5530 autve'minuerent
1714 5475 1962 5540 divitias;

393 5559 556 5614 quam
595 5544 858 5598 hactenus
889 5546 941 5598 in
977 5546 1176 5599 nostris
1204 5547 1468 5613 vigentem
1500 5546 1645 5599 subit
1683 5544 1962 5614 gratulari,

394 5613 557 5682 idque
611 5617 845 5668 maxime
889 5616 1088 5670 recenti
1140 5617 1427 5670 admodum
1476 5630 1539 5668 ac
1586 5615 1838 5668 hesterno
1887 5615 1964 5667 rei

397 5682 681 5750 ejusmodi,
740 5697 912 5754 eoque
961 5687 1290 5754 domestico,
1347 5694 1466 5752 post
1523 5683 1628 5738 alia
1681 5684 1823 5755 haud
1889 5683 1964 5756 ita

2055 4500 2166 4559 οἷον
2218 4502 2474 4558 ἀποικίαν
2515 4500 2638 4558 τινὰ
2681 4497 3062 4571 μητροπόλεως
3113 4496 3141 4546 ὁ
3193 4493 3400 4564 μάρτυς
3435 4486 3616 4558 ἑαυτῷ.

2053 4790 2258 4842 vetera,
2310 4782 2626 4844 occurrente
2677 4768 2921 4844 exemplo
2943 4788 2973 4844 ἑ
2998 4767 3247 4844 nimirum
3272 4804 3289 4828 ,
3363 4762 3618 4844 illationis

2052 4833 2398 4917 reliquiarum
2430 4845 2486 4917 S.
2523 4833 2916 4917 ﬂaymundi'de
2942 4836 3253 4917 Penniafort
3287 4833 3607 4917 confessoris

2052 4903 2220 4974 nost'ri
2266 4915 2480 4973 Ordinis
2550 4903 3008 4970 Praedicatorum,
3066 4907 3122 4960 in
3185 4914 3424 4960 nostram
3481 4903 3610 4959 hanc

2053 4987 2110 5042 S.
2138 4987 2318 5042 Mariae
2344 4982 2684 5038 Annuntiataa
2705 4977 3027 5034 Parisiensis
3058 4990 3265 5030 sacram
3296 4974 3488 5038 eadem,
3519 4978 3608 5027 sub

2051 5057 2363 5129 praesentia,
2393 5068 2458 5108 ac
2487 5058 2917 5129 recognoscentes
2949 5046 3322 5129 illustrissimo
3343 5058 3443 5129 Aac
3470 5056 3610 5129 reve-

2053 5113 2375 5182 irendissimo
2417 5113 2671 5192 episcopo
2717 5115 3473 5195 blassiliensi,committentia.
3497 5113 3608 5192 illn-

2059 5197 2325 5254 strissimo
2375 5182 2937 5248 ac'revc'rendissimo
2982 5184 3294 5262 _Parisiensi
3363 5182 3608 5262 archiepi-

2060 5250 2244 5335 scopo,
2290 5263 2858 5335 turbaquejnnumera
2892 5257 3171 5335 utriusque
3199 5266 3362 5335 sexus
3390 5250 3609 5335 fidelium

2060 5320 2279 5399 ovante,
2311 5349 2395 5401 ac,
2434 5320 2575 5402 q'uod
2612 5332 2687 5384 alt
2718 5320 3202 5402 nosterAsterius,
3229 5320 3610 5402 factumlocum

2059 5386 2551 5459 noéii'diiii'navo
2585 5409 2735 5454 tanto
2772 5399 3012 5466 hospite,
3060 5391 3402 5461 καταγώγιον
3437 5391 3612 5466 ἑορτα-
3697 5386 3711 5395 ’

2062 5474 2284 5539 ζόντων,
2316 5472 2638 5544 epulantium
2663 5463 3025 5529 diversorium,
3048 5472 3381 5544 agnoscente
3409 5463 3610 5544 :iisque

2061 5530 2181 5600 cum
2216 5530 2421 5612 primis.
2460 5542 2555 5612 qui
2578 5549 2790 5610 ereptas
2830 5553 2868 5612 e_
2904 5530 3610 5612 mortis'faucibusproles,

2061 5599 2491 5682 praesentissimo.
2511 5610 2626 5682 ejus
2668 5599 2970 5682 patrocinii,
2993 5605 3295 5682 .haustique
3321 5599 3610 5682 pulvisculi,

2065 5673 2286 5755 perenni
2328 5673 2584 5755 miraculo
2605 5695 2635 5734 e
2659 5673 2830 5734 sancti
2858 5675 3103 5748 sepulcro
3131 5673 3421 5736 nascentis,
3454 5683 3614 5726 remo-
