3856 6274
199 361 310 418 515

1266 372 1551 432 HOMILIA
1586 379 1656 435 Χ.
1698 380 1764 436 ΙΝ
1806 381 1907 440 SS.
1947 384 2347 446 MARTYRES.

3329 399 3435 457 314

197 467 357 578 οὗτος
388 476 420 528 ό
450 475 647 548 κλῆρος
679 494 780 548 της
799 479 1102 551 ἁγορασίας
1129 486 1357 556 περιϊὼν
1394 492 1663 558 ἅπαντας,
1695 495 1768 547 δί-

1875 500 2156 568 emptionis
2189 505 2468 560 universos
2496 505 2704 571 obiens,
2725 504 2892 575 partis
2929 515 3226 576 emptorem
3251 511 3433 578 quoti-

196 567 332 622 δωσι
368 569 690 642 καθημέραν
727 571 823 642 τῆς
864 575 1080 646 μερίδος
1124 578 1214 631 τὸν
1248 580 1485 653 ὠνητήν.
1525 585 1768 641 Ἐπειδὰν

192 660 258 714 δὲ
280 661 451 731 ὅρμος
478 662 674 726 αὐτοὺς
701 663 1049 736 ὁποδέξηται,
1077 670 1172 722 καὶ
1195 671 1276 734 είς
1309 673 1413 743 γῆν
1442 675 1766 744 ἀφίκωνται,

195 749 486 822 μερίζεται
511 752 573 805 τὸ
608 754 871 826 ἀργύριον
906 761 1018 821 τοῖς
1049 761 1307 815 πεινῶσιο
1356 764 1570 839 τοῦτοή
1612 770 1770 841 μερὶς

190 841 292 894 τοῦ
313 844 498 909 Φωκᾶ,
525 848 772 916 πενήτων
797 850 1109 920 εὐεργεσία.

269 933 552 1004 Τεθήπασι
582 938 770 994 τοῦτον
793 943 888 994 καὶ
916 942 1156 1012 βασιλεῖς
1177 946 1769 1019 τὸν’καρτερικώτατον

193 1025 292 1118 καὶ
320 1029 589 1118 φιλόθεον,
607 1033 699 1086 καὶ
723 1033 1027 1104 φιλοτίμοις
1043 1039 1344 1109 κειμηλίοις
1364 1043 1767 1114 κατακοσμοῦσα.

188 1117 290 1171 τοῦ
320 1117 686 1190 περιϐλέπτου
727 1125 960 1198 πένητος
987 1129 1078 1182 τὸν
1114 1131 1262 1185 ναόν.
1305 1133 1671 1188 Φιλονεικοῦσι
1708 1137 1766 1189 δὲ

186 1211 242 1264 οἱ
299 1212 669 1284 ἐπιγινόμενοι
701 1219 830 1281 τοὺς
884 1221 1288 1293 πρεσϐυτέρους
1343 1225 1762 1297 ὑπερϐαλέσθαι.

188 1305 305 1357 Καὶ
354 1304 513 1359 οὔπω
560 1307 892 1381 θαυμαστὸν,
937 1315 986 1368 εί
1028 1314 1131 1385 τῆς
1165 1316 1451 1389 Ῥωμαίων
1473 1321 1766 1392 ἡγεμονίας

185 1396 388 1468 ἄνδρες
425 1399 788 1468 φιλευσεϐεῖς,
827 1405 1050 1478 θεσμοῖς
1087 1411 1184 1463 καὶ
1226 1410 1412 1482 νόμοις
1455 1412 1762 1484 σύντροφοι,

185 1488 367 1555 οὕτως
395 1490 642 1558 εὐλαϐῶς
664 1495 845 1568 ἔχουσι
876 1499 1005 1570 περὶ
1033 1502 1124 1556 τὸν
1155 1501 1459 1575 θεράποντα
1500 1503 1595 1557 τοῦ
1627 1505 1763 1575 Χρι-

186 1583 342 1651 ατοῦ,
373 1586 538 1639 ὁπότε
579 1589 676 1641 καὶ
715 1591 797 1653 είς
832 1589 1144 1665 βαρϐάρους
1170 1595 1308 1666 ἔφθη
1335 1596 1398 1649 τὸ
1430 1595 1643 1666 θαῦμα·
1669 1596 1765 1648 καὶ

185 1677 397 1742 πάντες
422 1681 472 1732 οἱ
497 1680 822 1751 ἀγριώτατοι
849 1683 1074 1752 Σκύθαι,
1114 1687 1226 1740 ὅσοι
1249 1687 1312 1758 δὴ
1338 1687 1437 1759 τὴν
1465 1687 1766 1757 ἀντιπέρας

180 1769 283 1822 τοῦ
329 1770 585 1834 Εὐξείνου
618 1773 820 1827 Πόντου
860 1776 1091 1848 ἤπειρον
1123 1779 1412 1850 νέμονται,
1460 1777 1763 1840 Μαιώτιδος

1871 591 1958 646 die
1987 595 2246 664 suggerit.
2283 591 2571 666 Postquam
2596 607 2774 652 autem
2806 614 2898 653 eos
2922 610 3109 668 portus
3132 602 3429 671 exceperit,

1871 685 2211 741 distribuitur
2248 687 2509 745 famelicis
2540 691 2762 746 collecta
2803 694 3024 760 pecunia
3064 711 3076 746 :
3113 693 3274 763 idque
3311 709 3436 763 pars

1868 777 2063 845 Phoca:
2110 791 2212 849 est,
2250 798 2546 854 pauperum
2571 785 2946 840 beneﬁcentia.

1942 955 2076 1010 Eum
2111 972 2324 1027 quoque
2371 975 2524 1029 reges
2571 962 2926 1026 admirantur,
2968 963 3058 1031 qui
3109 962 3433 1018 fortissimus

1868 1045 2280 1116 religiosusque‘
2314 1051 2623 1115 exstiterit,
2718 1052 3151 1122 suspiciendique
3184 1054 3431 1123 pauperis

1867 1139 2032 1192 aedem
2056 1153 2287 1208 sacram,
2322 1141 2592 1210 praeclaris
2617 1157 2680 1196 ac
2711 1143 3010 1212 magnificis
3039 1156 3305 1199 exornant
3333 1146 3431 1200 do-

1867 1227 2054 1282 nariis.
2091 1226 2453 1293 Contendunt,
2480 1231 2827 1300 quijuuiores
2850 1233 3131 1299 accedunt,
3163 1250 3423 1302 superare

1865 1329 2094 1375 veteres.
2135 1319 2241 1375 Nec
2263 1321 2375 1387 jam
2400 1325 2615 1389 mirum,
2644 1333 2704 1377 ut
2734 1324 2955 1378 Romani
3012 1325 3222 1395 imperii
3256 1327 3432 1380 homi-

1867 1425 1965 1466 nes
1999 1413 2093 1482 pii,
2124 1427 2351 1482 quormn
2407 1415 2517 1468 vita
2577 1416 2784 1486 regitur
2814 1417 3052 1471 moribus
3091 1429 3254 1489 atque
3301 1419 3433 1489 legi-

1865 1503 1985 1567 bus.
2012 1519 2182 1572 usque
2208 1505 2342 1560 adeo
2368 1504 2572 1561 Christi
2620 1505 2876 1561 famulum
2923 1520 3270 1574 venerentur,
3306 1527 3428 1564 cum

1865 1595 1933 1650 ad
1972 1595 2142 1666 usque
2172 1597 2432 1652 barbaros
2452 1599 2760 1669 pervenerit
2792 1599 3113 1664 admiratio;
3143 1600 3425 1654 ferissimi-

1865 1701 1968 1756 que
1997 1702 2186 1742 omnes
2239 1686 2476 1760 Scythm,
2534 1699 2816 1759 quotquot,
2885 1691 3138 1759 inquam,
3189 1693 3434 1748 habitant

1865 1777 2225 1832 continentem
2255 1793 2318 1832 ex
2341 1779 2569 1832 adverso
2599 1778 2784 1833 Pontis
2803 1779 2995 1833 Euxini
3019 1797 3034 1846 ;
3063 1781 3260 1835 accola:
3284 1783 3435 1837 lacus

182 1861 410 1932 λίμνης,
439 1863 532 1916 καὶ
563 1865 808 1935 ποταμοῦ
833 1867 1093 1931 Τανάϊδος
1118 1870 1420 1940 πρόσοικοι,
1453 1870 1567 1922 ὅσοι
1594 1885 1654 1920 τε
1672 1867 1765 1921 τὸν

1875 1865 2148 1934 Maeotidis,
2178 1884 2242 1924 ac
2269 1867 2413 1923 ﬂuvii
2444 1869 2721 1932 Tanaidis,
2761 1885 2824 1924 ac
2865 1871 3170 1940 quicunque
3195 1871 3437 1926 incolunt

182 1955 470 2026 Βόσπορον
497 1956 728 2022 οἰκοῦσι,
761 1960 857 2012 καὶ
893 1961 1020 2033 ἄχρι
1051 1963 1274 2026 Φάσιδος
1308 1961 1554 2033 ποταμοῦ
1585 1980 1765 2034 παρα-

180 2047 480 2114 τείνονται,
507 2050 707 2114 πάντες
753 2044 898 2106 οῦτοι
943 2051 1298 2125 δορυφοροῦσι
1346 2055 1424 2125 τῷ
1467 2052 1762 2125 κηπουρῷ’

180 2140 304 2201 τοῖς
367 2137 425 2191 δὲ
475 2140 640 2194 πᾶσιν
693 2140 841 2196 ἔθεσι
889 2143 986 2197 καὶ
1034 2143 1430 2216 ἐπιτηδεύμασι
1481 2143 1767 2206 διεστῶτες

182 2229 371 2299 ἡμῶν,
418 2231 499 2293 εἰς
541 2231 701 2284 τοῦτο
738 2233 897 2304 μόνον
938 2234 1322 2306 ὁμογνώμονες
1359 2235 1618 2303 γίνονται,
1665 2235 1764 2306 τὴν

181 2321 495 2392 ἀγριότητα
519 2323 629 2377 τῶν
653 2323 872 2395 τρόπων
895 2326 998 2380 ὐπὸ
1027 2327 1129 2397 τῆς
1167 2326 1424 2398 ἀληθείας
1470 2326 1562 2397 ἐξη
1573 2326 1767 2398 μερού-

188 2429 364 2482 μενοι.
419 2409 514 2478 Εἷς
578 2414 708 2484 γοῦν
739 2415 924 2487 ἄρχων
975 2415 1070 2471 καὶ
1131 2418 1383 2488 βασιλεὺς
1431 2418 1638 2472 ἐκεῖθεν
1674 2419 1766 2471 τὸν

186 2505 456 2572 στέφανον
487 2505 590 2576 τῆς
643 2507 886 2580 κεφαλῆς
913 2508 1268 2580 ἀποθέμενος,
1303 2511 1489 2582 χρυσῷ
1527 2511 1620 2564 καὶ
1671 2512 1765 2564 ἇν-

184 2595 308 2649 θεσι
337 2596 503 2650 λίθων
537 2599 1038 2672 περιλαμπόμενον,
1061 2603 1156 2656 καὶ
1183 2603 1276 2658 τὸν
1304 2602 1528 2676 Θώρακα
1555 2603 1647 2658 τὸν
1671 2621 1766 2657 πο-

182 2685 416 2756 λεμικὸν
448 2689 672 2753 ἀποδὺς,
746 2690 878 2755 ὕλας
924 2692 1117 2762 ἔχοντα
1172 2693 1402 2746 πλούτου
1454 2692 1764 2765 (ἀλαζονικὴ

183 2781 296 2852 γὰρ
339 2782 436 2834 καὶ
485 2780 832 2855 θρυπτομένη
879 2784 988 2837 τῶν
1047 2783 1337 2855 βαρϐάρων
1384 2787 1418 2854 ἡ
1446 2787 1763 2856 πανοπλία)’

183 2873 436 2944 ἐπεμψεν
475 2874 762 2946 ἀμφότερα
803 2875 1159 2947 ἀναθήματα,
1206 2874 1296 2929 διά
1342 2876 1438 2930 τοῦ
1491 2877 1767 2950 μάρτυρος

183 2967 262 3037 τῷ
289 2966 415 3037 Θεῷ
447 2967 542 3020 καὶ
564 2966 844 3037 δυνάμεως
861 2967 954 3020 καὶ
972 2965 1280 3039 ἀξιώματος
1299 2967 1640 3041 καθιερώσας
1666 2969 1768 3035 τὰς

183 3060 464 3130 ἀφορμάς,
501 3059 773 3131 Πρόδηλον
811 3059 940 3131 γὰρ,
984 3058 1060 3123 ὼς
1095 3062 1123 3114 ὁ
1177 3061 1273 3131 μὲν
1343 3061 1606 3131 στέφανος
1657 3064 1758 3133 τῆς

185 3151 472 3222 βασιλείας
501 3147 570 3222 ἦν
624 3153 1007 3224 χαριστήριονο
1050 3153 1080 3204 ό
1123 3151 1180 3205 δὲ
1215 3151 1417 3222 θώραξ,
1471 3153 1573 3224 τῆς
1623 3153 1764 3208 κατά

186 3245 467 3316 πολέμους
495 3245 696 3315 ἰσχύος.

255 3339 374 3402 Τάς
423 3337 482 3390 δὲ
535 3337 775 3409 συνεχῶς
807 3339 902 3393 ἐπὶ
936 3337 1149 3402 τούτοις
1181 3336 1580 3409 συμϐαινούσας
1613 3337 1766 3409 εὐερ-

185 3429 381 3498 γεσίας
408 3428 500 3481 διὰ
526 3427 634 3481 τῶν
660 3429 718 3481 ἐν
751 3429 1024 3501 ὀνείρασιν
1050 3427 1248 3498 ὄψεων,
1291 3431 1386 3483 καὶ
1424 3429 1511 3483 διὰ
1538 3428 1645 3482 τῶν
1681 3429 1767 3482 θε-

186 3520 460 3592 ραπειῶν,
495 3514 571 3574 ὧν
600 3521 650 3573 οἱ
684 3521 984 3592 κάμνοντες
1035 3520 1388 3585 ἀπολαύουσι,
1416 3521 1534 3585 πῶς
1576 3520 1641 3575 ἄν
1683 3538 1766 3586 τις

186 3615 282 3666 καὶ
311 3613 658 3684 διηγήσαιτο,
687 3613 950 3667 ἀδυνάτου
982 3613 1327 3678 καθεστῶτος
1364 3619 1484 3678 ταῖς
1529 3615 1767 3670 καθέκα-

188 3723 318 3760 στον
345 3707 656 3777 ἐνεργείαις
689 3708 979 3776 ἐπαφεῖναι
1017 3705 1108 3759 τὸν
1135 3706 1325 3776 λόγον;
1373 3707 1563 3778 Ἡμεῖς
1589 3707 1767 3760 τοίνυν
1799 3778 1802 3782 Α

186 3799 430 3852 ἐνταῦθα
463 3797 744 3870 λήξαντες,
779 3798 934 3862 δόξαν
961 3798 1040 3870 τῷ
1082 3798 1296 3870 Σωτῆρι
1354 3797 1731 3870 προσοίσωμεν
1751 3839 1766 3864 ,

186 3885 249 3944 οὗ
281 3890 464 3945 δοῦλοι
487 3891 670 3944 πιστοὶ
697 3891 965 3964 τοσαύτης
991 3891 1301 3963 ἠξιώθησαν
1331 3893 1550 3962 χάριτος
1572 3933 1587 3956 ,
1629 3891 1768 3944 ὥστε

189 3986 333 4056 πρὸς
365 3985 547 4038 πᾶσαν
575 3983 762 4055 χρείαν
792 3987 886 4038 καὶ
918 3987 1239 4058 περίστασιν
1259 4024 1273 4047 ,
1314 3983 1457 4038 κατά
1489 3984 1587 4055 τὴν
1606 3984 1772 4038 δοθεῖ-

191 4094 296 4130 σαν
326 4077 515 4138 αὐτοῖς
538 4075 766 4148 δωρεὰν,
804 4078 930 4142 τοὺς
951 4078 1276 4148 ὁμοδούλους
1311 4077 1616 4147 εὐεργετεῖν
1640 4094 1652 4106 ο
1679 4077 1772 4129 καὶ

190 4170 373 4225 ταῦτα
413 4169 550 4241 μετά
573 4169 672 4240 τὴν
696 4171 905 4224 ἐνθένδε
932 4168 1138 4240 ἄφιξιν,
1172 4171 1265 4224 καὶ
1285 4170 1375 4222 τὸν
1397 4169 1490 4223 τοῦ
1524 4169 1774 4240 σώματος

195 4263 512 4336 χωρισμόν⁸
550 4256 624 4316 ὧν
652 4265 686 4333 ἡ
720 4264 905 4334 μνήμη
942 4261 1080 4333 μετά
1105 4261 1199 4314 τοῦ
1233 4261 1395 4332 ἔργου
1419 4260 1537 4314 καθ’
1563 4259 1773 4332 ἡμέραν

189 4355 470 4426 διατρέχει
501 4355 682 4418 πόλεις
708 4355 800 4408 καὶ
826 4353 1038 4424 κώμας,
1068 4352 1344 4422 πανταχοῦ
1364 4353 1454 4406 τὸν
1485 4353 1774 4423 εὐεργέτην

194 4447 553 4520 κηρύσσουσα
588 4445 817 4518 Κύριον·
873 4438 918 4514 ᾧ
966 4445 1164 4517 πρέπει
1197 4447 1349 4498 πᾶσα
1387 4428 1579 4517 [δόξω
1634 4441 1772 4514 καὶ]

1868 1956 2227 2026 Bosphorum,
2261 1966 2316 2012 et
2363 1957 2428 2011 ad
2458 1956 2742 2012 Phasidem
2775 1973 2946 2029 usque
2983 1958 3202 2014 ﬂuvium
3247 1971 3436 2016 exten-

1868 2051 2110 2115 duntur;
2170 2064 2376 2117 omnes,
2431 2050 2672 2119 inquam,
2732 2050 2812 2116 bi,
2864 2052 3183 2122 obsequium
3252 2055 3432 2109 olitori

1866 2151 2123 2212 praestent
2154 2159 2169 2196 :
2205 2157 2435 2213 cumque
2488 2143 2731 2198 moribus
2778 2145 3030 2199 omnibus
3069 2161 3133 2200 ac
3177 2147 3374 2202 studiis
3405 2164 3434 2202 a

1866 2235 2021 2290 nobis
2049 2233 2323 2301 diﬁerant,
2349 2233 2453 2288 hac
2493 2249 2598 2289 una
2637 2249 2699 2290 re
2729 2235 2844 2290 sola
2888 2235 3042 2291 nobis
3067 2239 3435 2305 consentiunt,

1867 2334 1923 2380 υῑ
1951 2340 2137 2382 eorum
2195 2325 2382 2380 feritas
2435 2340 2646 2380 morum
2700 2341 2730 2381 3
2781 2325 3010 2382 veritate
3061 2342 3449 2386 mansuescat.‘

1867 2417 2020 2473 Unus
2044 2425 2191 2473 certe
2214 2417 2370 2471 illinc
2393 2417 2647 2487 princeps
2695 2432 2918 2488 rexque,
2944 2434 3199 2475 coronam
3247 2424 3436 2491 capitis

1865 2508 2161 2577 deponens,
2218 2523 2352 2564 auro
2398 2523 2462 2563 ac
2507 2523 2840 2579 gemmarum
2874 2509 3097 2567 ﬁoribus
3149 2513 3436 2582 magniﬁce

1864 2597 2249 2666 splendentem,
2275 2613 2588 2668 exuensque
2615 2599 2868 2668 pretiosae
2892 2603 3133 2656 materia:
3189 2603 3434 2659 bellicam

1863 2685 2084 2742 loricam
2108 2688 2326 2758 (quippe
2341 2687 2569 2758 superba
2601 2700 2684 2743 est
2704 2705 2765 2744 ac
2783 2689 3058 2746 luxuriosa
3083 2691 3436 2749 barbarorum

1865 2781 2186 2850 armatura),
2218 2789 2443 2849 utraque
2468 2781 2870 2846 misitdonaria,
2897 2784 3004 2838 Deo
3027 2798 3122 2850 per
3146 2795 3436 2855 martyrem

1865 2872 2117 2942 potentia:
2146 2888 2211 2928 ac
2238 2873 2517 2942 dignitatis
2552 2887 2878 2929 consecrans
2911 2887 3250 2944 argumenta.
3309 2877 3436 2932 Cla-

1865 2980 1986 3020 rum
2009 2965 2150 3020 enim
2174 2977 2277 3031 est,
2311 2966 2520 3021 misisse
2552 2982 2833 3032 coronam,
2888 2977 2946 3020 ut
2997 2982 3094 3035 pro
3121 2983 3284 3038 regno
3313 2983 3440 3038 gra-

1867 3055 1970 3110 tias
1991 3065 2178 3127 ageret
2203 3073 2216 3109 :
2256 3056 2477 3111 loricam
2509 3072 2659 3120 vero,
2690 3064 2749 3111 ut
2771 3072 2866 3126 pro
2892 3057 3091 3111 virtute
3118 3057 3330 3112 bellica.

1938 3345 2068 3412 Quae
2093 3354 2271 3398 autem
2299 3351 2513 3413 pr0pter
2534 3342 2646 3396 [nec
2679 3340 2935 3398 continue
2966 3340 3219 3396 eveniunt
3267 3341 3430 3395 bene-

1867 3437 1990 3493 ﬁcia
2021 3451 2116 3506 per
2153 3434 2390 3490 visiones
2440 3434 2491 3487 in
2546 3433 2774 3498 somnis,
2830 3447 2894 3488 ac
2943 3433 3272 3496 curationes,
3306 3447 3440 3500 quas

1868 3527 2054 3597 aegroti
2085 3533 2509 3596 consequuntur,
2542 3539 2650 3593 quo
2705 3524 2828 3592 quis
2888 3523 3048 3579 modo
3102 3524 3438 3590 narraverit‘,

1868 3635 1989 3676 cum
2020 3633 2200 3675 sermo
2227 3618 2293 3672 ad
2346 3616 2552 3687 singula
2608 3618 2868 3672 accedere
2913 3631 3020 3670 non
3073 3614 3285 3685 possit!
3335 3614 3442 3671 Nos

1869 3726 1996 3781 ergo
2044 3711 2131 3766 hic
2162 3710 2502 3772 desinentes,
2536 3708 2803 3764 Salvatori
2857 3708 3081 3776 gloriam
3115 3706 3440 3771 oﬁeremus,

1869 3804 2020 3873 cujus
2042 3803 2181 3860 servi
2214 3802 2398 3858 ﬁdeles
2424 3811 2629 3856 tantam
2654 3802 2880 3872 gratiam
2908 3809 3034 3855 sunt
3055 3799 3354 3862 consecuti,
3385 3807 3442 3851 ut

1873 3896 1923 3950 in
1951 3895 2096 3950 omni
2130 3893 2452 3948 necessitate
2481 3907 2544 3947 ac
2570 3908 2720 3957 casu,
2745 3905 2846 3958 pro
2895 3904 3156 3944 concesso
3197 3889 3276 3943 eis
3302 3889 3443 3943 dono

1873 3989 2146 4044 conservis
2179 3988 2292 4043 suis
2307 3985 2648 4041 benefaciant
2679 3999 2694 4034 :
2735 3983 2895 4052 idque
2912 3990 3194 4052 postquam
3227 3981 3293 4033 ab
3344 3979 3444 4034 bu—

1873 4083 2045 4136 manis
2086 4081 2447 4144 excesserint,
2485 4077 2798 4146 fuerintque
2851 4076 3082 4144 separati
3119 4091 3147 4128 a
3191 4087 3440 4142 corpore.

1874 4176 2109 4243 Quorum
2145 4172 2406 4227 memoria
2431 4169 2644 4236 efﬁcax,
2698 4168 2940 4238 quotidie
2986 4167 3286 4235 pervadens
3312 4166 3444 4219 civi-

1876 4276 2012 4322 tates
2062 4281 2128 4320 ac
2180 4265 2370 4326 vicos,
2435 4262 2635 4331 ubique
2693 4259 3095 4314 benefactorem
3155 4256 3442 4310 Dominum

1874 4358 2166 4430 praedicat:
2197 4370 2356 4426 quem
2381 4355 2536 4409 decet
2568 4353 2745 4406 omnis
2784 4351 2976 4422 gloria,
3013 4350 3206 4414 honor,
3249 4359 3303 4401 et
3343 4363 3445 4416 po-

1879 4459 2068 4512 testas,
2100 4463 2162 4503 ac
2193 4444 2608 4518 magniﬁcentia,
2636 4457 2780 4497 nunc
2807 4452 2863 4497 et
2914 4442 2968 4496 in
2997 4439 3190 4495 saecula
3221 4439 3444 4494 sacculo-

194 4542 353 4613 τιμὴ,
395 4541 490 4594 καὶ
517 4539 737 4610 κράτος,
775 4539 870 4592 καὶ
912 4537 1374 4610 μεγαλοπρέπεια,
1421 4535 1514 4591 νῦν
1566 4536 1662 4589 καὶ
1693 4537 1772 4598 είς
1805 4555 1850 4610 ι)
1878 4559 2016 4599 mm,
2048 4542 2241 4597 Amen,

194 4636 324 4698 τοὺς
355 4633 562 4696 αίῶνας
584 4632 690 4685 τῶν
721 4631 953 4688 αἰώνων.
998 4631 1193 4702 Ἀμήν.

964 4743 1020 4797 I'.

405 4858 731 4929 Ἔγκώμιον
761 4837 847 4924 είς
872 4857 1013 4924 τοὺς
1037 4857 1246 4927 ἁγιους
1260 4856 1588 4926 μάρτυρας.

273 4951 488 5016 Ἔστιν,
517 4951 593 5014 ώς
616 4950 810 5014 ἔοικεν,
834 4952 929 5004 καὶ
961 4949 1113 5022 παρά
1145 4951 1254 5003 τῶν
1273 4948 1476 5020 σφόδρα
1501 4946 1780 5019 δυσμενῶν

271 5186 400 5268 (49)-
429 5183 512 5268 Es
567 5181 811 5238 biblioth.
840 5267 843 5268 ν
873 5180 1173 5268 cardinal.“
1198 5179 1543 5268 Ctolnrnnzeng
1574 5197 1636 5268 ιιι
1666 5179 1773 5268 ri},

201 5248 554 5313 exscribente
581 5268 646 5307 ac
677 5255 1110 5308 communicante
1135 5251 1200 5306 ιι.
1225 5252 1288 5304 Ρ.
1318 5248 1431 5305 Jac.
1461 5249 1769 5305 Sirtnundo.

2635 4736 2693 4792 Χ.

2141 4853 2447 4909 Encomium
2481 4852 2534 4904 in
2568 4861 2773 4904 sanctos
2794 4857 3050 4920 martyres
3082 4847 3215 4920 (49).

1951 4949 2123 5015 Licet,
2153 4959 2211 5003 ut
2240 4948 2474 5012 videtur,
2505 4948 2666 5001 etlam
2705 4960 2735 4998 a
2775 4946 3121 4999 vehementer
3149 4941 3370 4997 infensis
3394 4949 3450 4995 et

1883 5180 1994 5235 fere
2021 5193 2117 5234 nos
2140 5180 2192 5231 in
2223 5176 2398 5244 capite
2419 5173 2780 5230 Kalendarum
2815 5170 3216 5244 Novembrium,
3254 5171 3449 5244 festum

1883 5249 2131 5307 Omnium
2187 5239 2507 5301 Sanctorum
2545 5265 2558 5300 :
2593 5260 2651 5300 re
2691 5253 2868 5298 tamen
2916 5256 3041 5298 vera
3085 5240 3227 5294 dicta
3257 5251 3360 5302 est,
3396 5239 3451 5292 in

202 5308 611 5400 :vOp—portune
643 5324 855 5400 tandem
894 5323 1183 5400 detectam,
1205 5337 1297 5400 lac
1337 5320 1774 5400 humanissime}
1817 5349 1835 5382 ι
1857 5383 1861 5386 λ
1885 5329 2059 5400 certos
2092 5318 2682 5400 quosdam_tnartyres,
2712 5330 2782 5400 ac
2820 5313 2966 5400 velut
2990 5308 3450 5400 ltfhis_ttlltil:il:e§:

205 5389 526 5454 doctissimo
583 5394 826 5461 perinde,
881 5408 946 5447 ac
1001 5391 1392 5448 humanissimo
1437 5389 1553 5444 viro
1603 5390 1667 5443 R.
1713 5389 1774 5443 P.

204 5469 412 5524 Iacobo
444 5464 738 5520 Sirmundo
769 5478 1106 5519 communem
1144 5463 1360 5523 factam,
1405 5475 1524 5514 cum
1553 5461 1640 5514 vix
1669 5475 1774 5513 non

208 5539 433 5610 prelum
467 5535 675 5610 Asterii
697 5534 901 5610 reliqua
924 5533 1253 5610 excudisset,
1279 5544 1386 5600 quo
1418 5530 1630 5610 tandem
1661 5530 1778 5584 loco

1884 5390 1937 5444 in
1979 5405 2082 5459 qua
2111 5379 2254 5442 'tunc
2286 5379 2552 5459 Asterius
2573 5395 2752 5456 egeret
2782 5401 2797 5438 :
2830 5398 2966 5452 quos
3012 5379 3099 5434 ille
3150 5379 3452 5459 praecipuos

1883 5448 2026 5514 inter
2059 5469 2320 5528 martyres
2354 5456 2577 5528 indicat,
2607 5448 2965 5528 'cumeo'rnm
2993 5448 3456 5528 κορυφαίουςααὶ

1885 5517 2216 5602 προστάταςξ
2240 5528 2358 5598 ipso
2379 5517 2810 5602 Statimlexordio
2841 5530 3018 5576 vocat.
3041 5517 3204 5600 Forte
3233 5517 3453 5572 excide-

213 5590 452 5664 {hinc
481 5590 877 5668 desiderabam,
923 5618 986 5658 ac
1014 5612 1138 5671 post
1173 5590 1367 5671 Phocae
1400 5601 1650 5671 martyris
1688 5615 1782 5671 en-
1882 5590 2012 5671 rt'tnt
2041 5590 2279 5671 nomina"
2299 5597 2513 5668 propria
2539 5597 2757 5671 illorum
2789 5601 3109 5671 martyrum,
3221 5602 3456 5671 quorum

213 5659 711 5744 Εὸῖίὶἰῶιῖίρὀέτεέ
751 5659 918 5729 licuit.
975 5659 1186 5727 Titulus
1228 5669 1442 5744 quidem
1485 5659 1786 5725 co'mmunis
1885 5670 1999 5724 haz‘c
2044 5659 2337 5744 Natalitiis
2374 5659 2618 5723 A'sterius
2647 5671 2892 5744 oraverat
2912 5659 2945 5727 ;'
2977 5659 3071 5744 vel
3101 5659 3460 5744 etiamﬁtno‘ta

216 5761 326 5816 est;
359 5740 684 5816 velut'dicta
724 5745 794 5801 sit
836 5745 890 5799 in
933 5753 1202 5816 martyres
1225 5740 1480 5816 absolute
1505 5754 1784 5816 ,_quorum_

1887 5749 2012 5794 sunt
2036 5741 2104 5795 ab
2133 5755 2220 5806 eo,
2247 5739 2338 5806 qui
2376 5747 2661 5793 tractatum
2701 5736 2803 5792 sibi
2838 5726 3078 5802 reposuit
3106 5743 3318 5806 ac__sute
3345 5726 3450 5782 Ec-

577 5799 950 5873 Pentecostcm
987 5799 1128 5870 diem
1159 5811 1429 5869 celebrem
1463 5799 1683 5873 habent,
1711 5809 1788 5866 uti
1888 5811 2085 5878 clesize,
2119 5799 2217 5881 pro
2249 5799 2336 5867 die
2363 5807 2498 5866 festo
2523 5808 2764 5865 onmium
2810 5799 3135 5874 martyrum.
3165 5799 3461 5856 Commen-
