3856 6274
358 285 465 346 515

1634 285 1696 342 δι
1734 283 2010 342 ASTEBII
2048 281 2361 339 AMASENI

3506 266 3630 331 διδ

357 401 793 475 implacabilibus
840 402 1100 470 inimicis,
1134 402 1347 460 lucrum
1382 402 1599 474 aliquod
1646 402 1728 456 vel
1762 404 1933 455 maxi-
1963 457 1967 468 ,

2074 402 2133 456 αὶ
2160 400 2529 455 ἀδιαλλάκτων
2558 397 2767 471 ἐχθρῶν
2794 395 3226 469 ὠφεληθῆναιτά
3249 390 3500 464 μέγιστα·
3522 395 3627 444 καὶ

361 510 512 548 mum
543 509 736 569 capere
768 512 782 550 :
811 509 875 550 ac
897 509 1018 549 cum
1050 495 1257 565 reliqua
1290 495 1412 549 vitae
1448 492 1784 564 experientia
1811 506 1942 560 pro-

364 584 477 649 hat,
509 593 623 639 tum
649 600 769 655 quae
793 589 953 641 modo
980 598 1105 642 sunt
1126 587 1417 643 celebrata.
1446 585 1558 639 Nisi
1586 584 1728 638 enim
1762 582 1946 638 diabo-

364 670 451 724 lus
475 670 814 727 Christianos
839 684 1156 743 persecutus
1183 683 1349 739 esset,
1379 688 1442 729 ac
1467 674 1728 728 adversus
1758 672 1946 726 Eccle-

366 759 503 813 siam
556 761 754 815 bellum
791 763 1140 832 suscepisset,
1178 762 1352 817 nullos
1378 762 1701 817 haberemus
1736 769 1948 831 marty-

369 849 598 904 res:iis
656 862 833 907 autem
871 869 975 908 non
1035 854 1395 921 exstantibus,
1453 863 1645 908 mmSIa
1699 866 1765 906 ac
1815 850 1949 905 nihil

370 937 560 993 hilaris
629 939 873 1010 festaque
923 930 1032 996 vita
1081 942 1235 996 nobis
1283 950 1572 1012 ageretur:
1610 939 1751 1007 Quid
1802 939 1947 994 enim

372 1029 705 1087 solemnibus
746 1034 896 1089 hisce
952 1034 1308 1089 conventibus
1366 1032 1672 1103 comparari
1734 1030 1949 1102 queat?

373 1119 581 1187 Quidve
632 1124 767 1178 adeo
813 1124 1121 1179 venerabile
1170 1140 1232 1179 ac
1290 1125 1632 1192 praeclarum,
1671 1138 1833 1194 quam
1889 1132 1952 1178 ut

373 1214 563 1268 urbem
583 1224 750 1270 totam
785 1216 1053 1272 moenibus
1086 1216 1286 1271 eii‘undi
1317 1217 1524 1279 videas,
1561 1226 1727 1286 atque
1763 1215 1829 1269 ad
1851 1228 1945 1268 sa-

379 1319 532 1358 crum
596 1306 771 1360 locum
837 1307 1168 1374 procedere,
1222 1323 1353 1377 pura
1412 1306 1522 1361 illic
1575 1305 1952 1362 sincerissime

374 1395 591 1463 pietatis
619 1398 871 1465 mysteria
906 1398 1338 1453 celebraturam?
1395 1398 1567 1453 Porro
1619 1413 1742 1453 vcra
1778 1398 1953 1467 pietas

376 1496 484 1553 est,
512 1498 571 1542 ut
604 1505 695 1544 eos
725 1491 1077 1546 veneratione
1104 1505 1169 1544 ac
1198 1491 1496 1547 honoribus
1526 1503 1944 1560 prosequamur,

376 1579 468 1645 qui
530 1579 655 1634 forti
694 1597 789 1650 pro
822 1583 1048 1638 Domino
1103 1583 1282 1638 animo
1320 1592 1591 1638 tormenta
1620 1580 1762 1650 passi
1806 1587 1952 1643 sunt,

376 1684 443 1724 ac
487 1673 772 1728 adversum
805 1675 998 1729 mortis
1032 1690 1361 1745 supremum
1396 1674 1687 1729 discrimen
1715 1671 1957 1727 decerta-

2044 493 2203 547 τοῦτο
2247 491 2534 554 δείκνυσιν,
2560 490 2596 560 ἦ
2627 506 2686 542 τε
2712 489 2844 561 άλλη
2877 488 2972 542 τοῦ
3007 488 3122 558 βίου
3169 488 3363 555 πεῖρα,
3406 480 3504 535 καὶ
3553 481 3634 533 τά

2046 584 2251 656 ἀρτίως
2276 581 2593 653 τελούμενα.
2621 582 2685 635 El
2710 580 2784 652 μὴ
2818 580 2927 652 γὰρ
2956 577 3173 645 ἐδίωξεν
3205 572 3569 646 Χριστιανοὺς
3598 571 3629 623 6

2045 673 2314 738 διάϐολος,
2350 672 2446 727 καὶ
2472 672 2564 724 τὸν
2590 670 2733 725 κατὰ
2755 670 2854 741 τῆς
2895 667 3218 740 Ἐκκλησίας
3241 666 3410 737 ήρατο
3461 661 3634 715 πόλε-

2050 784 2170 837 μον,
2227 766 2327 819 οὐκ
2373 765 2439 818 ἂν
2473 765 2690 836 εἴχομεν
2749 764 3071 834 μάρτυραςυ
3125 757 3417 832 μαρτύρων
3456 754 3515 808 δὲ
3545 752 3629 824 μὴ
3720 774 3727 780 ε

2047 860 2236 921 ὅντων,
2271 857 2592 929 σκυθρωπὸς
2615 856 2775 927 ἡμῶν
2801 858 2830 910 6
2852 855 2965 927 βίος
2995 854 3205 923 ἐγίνετο
3219 850 3314 904 καὶ
3347 849 3627 919 ἀνέορτος.

2048 950 2113 1005 Τί
2136 950 2244 1020 γάρ
2277 950 2530 1013 ἀντάξιον
2554 948 2759 1003 τούτων
2790 946 2897 1001 τῶν
2927 943 3324 1016 πανηγύρεων;
3364 942 3425 1018 ⁸τί
3452 940 3511 993 δὲ
3530 937 3630 993 οὖ-

2046 1057 2156 1103 τως
2193 1038 2393 1110 σεμνὸν
2434 1039 2526 1092 καὶ
2557 1039 2835 1107 πάγκαλον
2856 1077 2871 1101 ,
2913 1037 2990 1101 ὡς
3024 1035 3087 1089 τὸ
3119 1034 3274 1088 πόλιν
3300 1033 3429 1104 ὃλην
3472 1030 3629 1095 ἰδεῖν,

2054 1130 2305 1199 παγγενῆ
2340 1128 2679 1199 ὲκφοιτῶσαν
2700 1129 2793 1183 τοῦ
2822 1130 3032 1191 ἄστεος,
3066 1125 3210 1197 ἱερὸν
3235 1123 3291 1177 δὲ
3326 1122 3491 1176 τόπον
3518 1138 3631 1175 κα-

2051 1219 2522 1291 ταλαμϐάνουσαν,
2555 1219 2838 1283 εὐσεϐείας
2883 1217 3260 1291 ἀληθεστάτης
3300 1214 3475 1268 τελεῖν
3527 1231 3635 1266 κα-

2051 1309 2196 1382 θαρά
2219 1311 2495 1381 μυστήρια
2521 1328 2535 1374 ;
2569 1309 2837 1363 Εὑσέὸεια
2854 1309 2917 1369 ,δὲ
2950 1306 3175 1379 ἀληθὴς,
3204 1305 3266 1358 τὸ
3290 1304 3635 1377 προσκυνεῖν

2051 1418 2112 1455 τε
2135 1402 2232 1456 καὶ
2254 1403 2420 1474 τιμᾷν
2441 1402 2568 1466 τοὺς
2584 1401 2650 1455 δι’
2677 1402 2886 1455 ἐκεῖνον
2902 1400 3048 1472 πάθη
3077 1396 3360 1470 καρτερῶς
3383 1395 3636 1465 ἐνεγκόνο

2051 1509 2172 1557 τας,
2220 1493 2317 1546 καὶ
2360 1492 2875 1564 παρατεταγμένους
2923 1491 3062 1563 πρὸς
3093 1490 3186 1545 τὸν
3240 1489 3469 1559 ἔσχατον
3528 1484 3635 1539 τοῦ

2056 1580 2295 1636 θανάτου
2322 1582 2592 1637 κίνδυνον·
2619 1577 2694 1638 ὧν
2718 1585 3002 1655 κορυφαῖοι
3041 1582 3133 1637 καὶ
3170 1580 3469 1654 προστάται
3498 1594 3626 1647 τυγυ

2056 1673 2309 1745 χάνουσιν
2358 1675 2411 1727 οἱ
2446 1675 2684 1747 σήμερον
2704 1676 2853 1747 ἡμᾶς
2881 1674 3400 1747 δημαγωγήσαντες·
3435 1671 3634 1744 ἄνδρες

377 1772 605 1828 verunt;
662 1780 891 1833 quorum
935 1763 1207 1835 principes
1233 1774 1381 1828 sunt,
1421 1776 1486 1819 ac
1512 1764 1698 1829 duces,
1732 1761 1824 1831 qui
1853 1777 1952 1817 nos

2073 1765 2146 1821 ῑιά
2174 1764 2339 1820 καλὸν
2384 1765 2633 1830 θάνατον,
2683 1765 2939 1821 ἀθάνατοι
2957 1780 2974 1798 ο
3004 1765 3092 1819 διὰ
3132 1763 3193 1817 τὸ
3218 1762 3639 1834 καταφρονῆσαι

377 1848 539 1902 hodie
570 1851 621 1902 in
655 1853 969 1907 concionem
999 1861 1301 1916 vocarunt;
1355 1851 1455 1907 viri
1489 1851 1764 1918 nimirum,
1814 1865 1954 1920 pra:-

378 1940 540 1995 clarze
597 1945 786 1997 mortis
838 1944 997 1999 titulo
1045 1945 1412 2010 immortales;
1460 1944 1585 2000 vita:
1619 1951 1951 2011 contemptu,

380 2041 644 2101 perpetuo
674 2034 946 2102 viventes;
985 2035 1187 2105 quique
1235 2050 1459 2107 regnum
1511 2034 1774 2106 sanguine
1800 2048 1953 2089 com-

383 2125 664 2190 mutarint,
727 2140 793 2181 ac
843 2129 1025 2182 carnis
1078 2128 1304 2183 insidias
1334 2129 1389 2183 in
1420 2126 1739 2182 beneficium
1772 2135 1954 2181 verte—

382 2215 515 2269 rint.
548 2216 643 2272 Sic
695 2217 873 2287 plane,
909 2234 1029 2274 cum
1055 2221 1196 2276 bona
1234 2219 1486 2275 voluntas
1539 2218 1741 2289 aurigae
1788 2218 1959 2273 instar

382 2308 697 2374 praesederit
719 2308 921 2364 homini
946 2326 962 2377 ;
993 2311 1203 2381 sibique
1231 2309 1350 2379 ejus
1379 2308 1647 2379 appetitus
1680 2321 1869 2363 omnes
1895 2321 1961 2362 ac

384 2397 708 2463 agitationes
757 2399 1142 2471 subjugaverit,
1182 2416 1246 2457 ac
1294 2400 1440 2456 velut
1494 2398 1757 2463 habenas,
1791 2397 1959 2452 animi

385 2487 657 2556 cogitatus
718 2498 930 2546 attente
994 2493 1285 2562 sohrieque
1320 2489 1673 2561 pertenderit,
1700 2488 1964 2544 exstimu-

2054 1858 2218 1931 ζωῆς,
2245 1859 2445 1924 ζῶντες
2461 1859 2577 1913 ἀεί·
2606 1859 2701 1914 τοῦ
2720 1860 2951 1931 αἳματος
2979 1859 3077 1930 τὴν
3097 1856 3374 1928 βασιλείαν
3400 1852 3639 1919 ἀλλαξά-

2056 1965 2230 2020 μενοι,
2253 1948 2349 2002 καὶ
2365 1949 2465 2020 τὴν
2487 1948 2768 2003 ἐπίϐουλον
2790 1949 2969 2022 σάρκα
2997 1946 3292 2019 εὐεργέτην
3320 1945 3422 2016 τῆς
3455 1943 3639 2014 ψυχῆς

2055 2039 2448 2110 ἀποφήναντες.
2479 2039 2666 2104 υῦτως
2696 2041 3011 2112 προαίρεσις
3039 2039 3384 2111 άγαθὴ,ὃταν
3415 2036 3635 2108 ἡνιόχου

2057 2128 2213 2201 δίκην
2241 2128 2524 2199 ἐφεστῶσα
2598 2130 2677 2203 τῷ
2689 2131 2959 2204 ἀνθρώπῳ
2975 2148 2989 2164 ο
3022 2130 3291 2202 ὑποζεύξῃ
3310 2129 3367 2183 δὲ
3382 2129 3517 2200 αὐτῇ
3534 2127 3639 2192 τὰς

2058 2217 2236 2289 ὁρμὰς
2254 2220 2432 2285 πάσας
2453 2220 2547 2275 καὶ
2568 2221 2635 2275 τὰ
2667 2223 2976 2293 κινήματα,
3015 2222 3111 2276 καὶ⁵
3155 2220 3529 2293 προσεχόντως
3556 2218 3637 2281 ὡς

2060 2309 2217 2380 ἡνίας
2248 2311 2486 2384 διατείνῃ
2515 2313 2640 2377 τοὺς
2669 2313 2981 2385 λογισμοὺς,
3009 2314 3206 2386 ἀργίαν
3228 2311 3512 2376 νύττουσα,
3539 2310 3639 2364 καὶ

2062 2399 2298 2473 ὀξύτητα
2321 2403 2555 2477 ἄμετρον
2568 2405 2987 2460 άναστέλλουσα·
3016 2405 3115 2477 οὐχ
3145 2399 3256 2459 οἷόν
3279 2419 3338 2457 τε
3355 2399 3636 2471 ἄτακτονῆ

2073 2494 2408 2552 ἐπικίνδυνον
2433 2498 2690 2567 γενέσθαι
2713 2498 2808 2552 τοῦ
2837 2497 2949 2569 βίου
2983 2497 3074 2551 τὸν
3099 2497 3317 2569 δρόμον.

387 2576 553 2631 laudo
586 2579 877 2649 ignaviam,
907 2596 970 2637 ac
991 2582 1213 2637 nimiam
1241 2581 1612 2639 incitationem
1638 2579 1964 2648 cohibendo,
2001 2586 2187 2657 nequit
2216 2587 2330 2644 fieri
2361 2600 2420 2644 ut
2469 2593 2595 2645 vitae
2645 2606 2838 2648 cursus
2886 2589 3295 2660 incompositus,
3319 2603 3381 2643 ac
3404 2586 3640 2658 periculo

386 2667 706 2738 coniunctus
725 2674 970 2727 exsistat.

460 2763 649 2830 Itaque
682 2761 940 2817 habemus
979 2772 1270 2835 martyres,
1299 2764 1390 2833 qui
1424 2764 1620 2820 nedum
1651 2765 1775 2820 vita:
1803 2764 1970 2836 probe

390 2854 734 2910 instituendas
792 2854 1037 2925 magistri
1092 2856 1224 2924 sint,
1275 2857 1370 2911 sed
1421 2857 1514 2926 qui
1551 2857 1716 2912 etiam
1762 2856 1970 2926 peccati

2154 2765 2388 2836 Ἕχομεν
2434 2764 2613 2818 τοίνυν
2658 2765 2785 2831 τοὺς
2832 2765 3136 2837 μάρτυρας,
3182 2764 3244 2817 οὐ
3286 2762 3639 2819 διδασκάλους

2078 2854 2235 2925 μόνον
2281 2854 2491 2925 ἀγαθῆς
2523 2853 2815 2921 πολιτείας,
2863 2853 2999 2907 άλλά
3037 2852 3133 2906 καὶ
3173 2851 3514 2921 κατηγόρους
3539 2850 3639 2921 τῆς

391 2952 758 3000 accusatores.
819 2944 932 3012 Qua
982 2955 1158 3001 autem
1206 2953 1415 3018 martyr
1451 2946 1659 3003 ratione
1718 2956 1964 3014 accuset,

2075 2947 2367 3018 ἁμαρτίας.
2420 2946 2545 3010 Πῶς
2592 2946 2638 3000 δ’
2690 2944 2756 2999 ἂν
2808 2945 3020 3014 γένοιτο
3061 2944 3270 3015 μάρτυς
3317 2942 3639 3013 κατήγορος,

392 3049 460 3089 ac
484 3044 640 3090 vocet
661 3036 713 3090 in
736 3036 963 3103 crimen,
990 3036 1064 3091 ita
1087 3036 1301 3108 accipe:
1322 3036 1460 3092 Cum
1481 3037 1571 3093 ille
1592 3053 1690 3108 per
1713 3047 1971 3097 constan-

395 3125 527 3179 tiam
545 3124 787 3181 flamma:
810 3126 953 3197 ignis
983 3126 1156 3182 victor
1184 3128 1476 3195 exstiterit,
1497 3130 1685 3200 quidni
1728 3139 1784 3186 tu
1817 3130 1973 3185 luxu-

397 3217 534 3272 riam
566 3218 817 3273 castitate
857 3217 1079 3275 domas!
1103 3219 1239 3274 Cum
1279 3230 1490 3294 martyr
1538 3221 1742 3277 nullam
1768 3220 1974 3277 divitia-

395 3326 517 3367 rum
543 3324 608 3366 ac
634 3309 1012 3380 pecuniarum,
1063 3324 1198 3380 quas
1223 3310 1553 3380 dimittebat,
1582 3313 1848 3369 rationem
1876 3314 1973 3368 ha-

395 3400 608 3467 buerit,
656 3400 844 3471 quidni
895 3410 952 3455 tu
994 3399 1220 3469 iustitia:
1275 3417 1443 3459 causa
1494 3419 1698 3474 paucos
1726 3418 1975 3460 nummos

398 3491 739 3548 contemnis?
757 3491 891 3546 Cum
921 3500 1125 3565 martyr
1152 3492 1572 3565 nolueritgenus
1601 3510 1668 3550 ac
1715 3493 1974 3549 familiam

400 3583 684 3653 praelatum
725 3584 862 3650 Deo,
899 3585 992 3639 sed
1022 3586 1088 3639 ab
1132 3600 1325 3654 uxore,
1371 3586 1582 3654 liberis,
1622 3586 1976 3642 charissimus

400 3675 688 3745 abiunctus
722 3675 830 3741 sit;
870 3675 1054 3744 quidni
1088 3684 1145 3730 tu
1173 3675 1554 3746 impensiorem
1591 3677 1821 3748 castigas
1849 3676 1977 3732 alle-

402 3779 550 3823 ctum
582 3786 597 3823 :
627 3768 893 3838 quinimo,
925 3781 1145 3839 propter
1180 3770 1356 3841 aliqua
1384 3770 1476 3825 tibi
1508 3769 1648 3826 forte
1678 3769 1977 3825 necessitu-

402 3862 530 3919 dine
557 3860 879 3932 coniunctas
923 3858 1203 3932 personas,
1236 3861 1501 3931 justitiam
1543 3861 1852 3926 conculcas,
1882 3875 1981 3915 nec

406 3954 499 4008 Dei
541 3954 787 4009 timorem
830 3954 1090 4025 reputas?
1139 3954 1273 4010 Cum
1304 3962 1515 4025 martyr
1538 3952 1784 4008 Numinis
1810 3967 1978 4006 causa

407 4046 580 4114 ipsum
611 4046 822 4101 exuerit
855 4061 1084 4116 corpus,
1118 4046 1304 4116 quidni
1338 4042 1392 4101 lu
1420 4046 1505 4101 vel
1545 4044 1807 4100 modicam
1844 4043 1982 4098 tuui-

407 4155 549 4204 eam,
580 4152 687 4207 qua
744 4138 946 4193 nudum
1008 4149 1179 4209 tegas,
1238 4138 1574 4195 contemnis?
1604 4137 1730 4195 Haec
1761 4137 1859 4192 sibi
1913 4151 1978 4191 ex

409 4226 640 4286 adverso
664 4231 982 4300 composita,
1024 4238 1265 4285 nostram
1296 4232 1531 4300 arguunt
1556 4243 1769 4283 morum
1804 4227 1982 4297 pravi-

2075 3039 2338 3095 ἄκουσον.·
2368 3039 2433 3094 El
2468 3039 2674 3102 ἐκεῖνος
2706 3037 2926 3108 ἐνίκησε
2955 3036 3129 3108 φλόγα
3149 3033 3320 3107 πυρὸς
3351 3037 3418 3107 τῇ
3448 3051 3646 3106 καρτε-

2081 3130 2192 3202 ρίᾳ,
2225 3130 2289 3184 σὺ
2333 3129 2451 3195 πῶς
2491 3129 2748 3202 πορνείαν
2778 3128 2839 3181 οὐ
2877 3126 3142 3199 δαμάζεις
3185 3127 3252 3196 τῇ
3288 3124 3640 3196 σωφροσύνῃι

2077 3222 2188 3277 Είό
2217 3221 2425 3293 μάρτυς
2447 3219 2547 3275 οὐκ
2574 3219 2763 3291 ἐλέησε
2811 3217 3042 3273 πλοῦτον
3072 3216 3132 3271 ὃν
3175 3216 3324 3288 ἡφίει
3362 3216 3457 3269 καὶ
3506 3216 3643 3287 χρή-

2082 3331 2245 3385 ματα,
2270 3313 2357 3367 διὰ
2374 3313 2427 3367 τί
2453 3314 2517 3367 σὺ
2541 3312 2721 3384 ὀλίγου
2744 3313 2803 3366 οὐ
2825 3313 3186 3383 καταφρονεῖς
3208 3311 3471 3383 ἀργυρίου
3506 3310 3646 3382 ὑπὲρ

2078 3403 2452 3475 δικαιοσύνης;
2476 3404 2539 3457 Ei
2562 3406 2592 3458 6
2618 3403 2825 3475 μάρτυς
2844 3402 3000 3472 γένος
3022 3400 3156 3456 Θεοῦ
3176 3402 3237 3456 οὐ
3264 3401 3646 3475 προετίμησεν,

2080 3496 2193 3550 ἀλλ’
2234 3494 2540 3567 ἁπεζεύχθη
2580 3495 2859 3565 γυναικὸς,
2899 3495 3131 3560 παίδων,
3172 3493 3477 3567 φιλτάτων*
3532 3492 3650 3557 πῶς

2084 3588 2149 3640 σὺ
2177 3588 2236 3640 οὐ
2265 3587 2512 3652 κολάζεις
2547 3587 2647 3659 τὴν
2672 3586 3046 3658 προσπάθειαν
3070 3628 3085 3654 ,
3119 3587 3207 3641 διὰ
3251 3586 3309 3640 δὲ
3358 3586 3650 3658 πρόσωπα,

2083 3674 2244 3745 τυχὸν
2272 3675 2455 3745 σχέσιν
2484 3675 2620 3748 πρὸς
2647 3677 2706 3730 σὲ
2734 3676 3063 3751 οἰκειότητος
3084 3676 3296 3749 ἔχοντα,
3330 3676 3645 3749 ὑπερπηδᾷς

2084 3766 2143 3819 τὸ
2181 3766 2405 3833 δίκαιον,
2440 3766 2651 3821 καὶτοῦ
2697 3767 2832 3822 Θεοῦ
2861 3768 2951 3823 τὸν
2978 3768 3142 3838 φόϐον
3182 3768 3557 3842 παραλογίζῃ;
3588 3768 3651 3823 El

2084 3858 2114 3909 6
2148 3857 2357 3929 μάρτυς
2384 3856 2446 3910 τὸ
2477 3857 2634 3929 σῶμα
2679 3857 2765 3913 διά
2811 3857 2944 3913 Θεὸν
2974 3859 3282 3927 ἐξεδόσατο,
3332 3857 3449 3923 πῶς
3492 3856 3651 3921 αὐτὸς

2085 3949 2202 4013 ἑνὸς
2232 3949 2292 4003 οὐ
2323 3952 2689 4022 καταφρονεῖς
2716 3951 3037 4021 κειτωνίσκου
3064 3951 3144 4015 είς
3178 3950 3386 4019 σκέπην
3403 3946 3649 4019 γυμνοῦ;

2086 4038 2271 4094 Ταῦτα
2292 4040 2542 4113 ἀλλήλοις
2571 4039 3040 4114 ἁντεξεταζόμενα
3077 4041 3174 4112 τὴν
3217 4039 3494 4113 ἡμετέραν
3526 4037 3651 4090 δυσ-

2085 4132 2311 4204 τροπίαν
2360 4132 2590 4203 ἐλέγχει.
2634 4133 2703 4186 ’Ἡ
2748 4132 2926 4188 τοίνυν
2977 4134 3053 4197 ὼς
3109 4131 3464 4193 διδασκάλους
3530 4127 3654 4191 τοὺς

2089 4225 2279 4295 ἁγίους
2310 4225 2668 4297 αἰδεσθῶμεν,
2718 4226 2751 4298 ἢ
2794 4226 2869 4291 ὡς
2903 4226 3241 4297 κατηγόρους
3286 4219 3609 4294 φοϐηθῶμεν
3636 4236 3652 4249 ·

413 4331 604 4379 talem.
644 4322 736 4376 Vel
765 4337 893 4392 ergo
913 4330 1153 4389 sanctos,
1178 4331 1238 4377 ut
1264 4321 1554 4391 magistros
1584 4335 1931 4376 revereamur
1959 4334 1967 4383 ς

2088 4317 2350 4389 δείξωμεν
2378 4318 2434 4371 δὲ
2458 4318 2550 4371 τὸν
2590 4318 2797 4373 ἑαυτῶν
2844 4318 2956 4388 βίον
3003 4319 3113 4381 τοῖς
3162 4314 3491 4386 τιμωμένοις
3527 4311 3655 4364 ἀκό-

411 4413 499 4468 vel
535 4424 593 4468 ut
623 4423 968 4469 accusatores
1003 4417 1318 4481 timeamus;
1356 4413 1531 4483 iisque
1562 4412 1664 4484 ipsi
1700 4421 1989 4468 consenta-

2090 4404 2279 4459 λουθον
2301 4422 2315 4437 ·
2351 4405 2665 4478 πεισθῶμεν
2708 4407 2764 4460 δὲ
2812 4408 2907 4462 καὶ
2948 4408 3109 4477 ἡμεῖς
3136 4405 3307 4469 οὕτως
3339 4402 3478 4474 Θεῷ,
3506 4402 3581 4465 ὡς
3610 4402 3662 4459 οἱ

413 4519 574 4561 neam
629 4505 981 4561 exhibeamus
1012 4505 1222 4561 vivendi
1265 4505 1556 4571 rationem,
1606 4519 1744 4574 quos
1785 4503 1967 4558 honon

2088 4498 2232 4566 ἆγιοι
2252 4500 2371 4562 ταῖς
2392 4498 2629 4566 ἐντολαῖς
2645 4500 3073 4574 ὲπειθάρχησαν,
3096 4499 3191 4554 καὶ
3215 4498 3314 4562 τὰς
3330 4495 3663 4568 ἐπαγγελίας

414 4595 795 4665 prosequimur
821 4610 837 4647 :
869 4605 1030 4664 atque
1059 4595 1112 4649 in
1148 4608 1271 4649 eum
1294 4594 1456 4649 etiam
1478 4592 1695 4649 modum
1726 4593 1834 4647 Deo
1857 4592 1991 4648 obe-

414 4687 649 4753 diamus,
675 4687 726 4740 in
752 4701 912 4755 quem
947 4687 1020 4741 illi
1054 4687 1570 4756 obtemperaverunt
1606 4684 1899 4750 mandatis,
1926 4699 1989 4738 ac

417 4779 681 4848 promissa
709 4779 940 4834 firmiter
978 4787 1353 4845 speraverunt.

489 4868 626 4939 Spes
673 4884 910 4940 namque
959 4867 1285 4939 spiritalium
1310 4869 1789 4938 bonorum,prooa
1813 4868 1998 4925 admo-

2090 4590 2320 4662 βεϐαίως
2351 4593 2604 4665 ἤλπισαν.

2174 4856 2374 4928 ’Δγαθὴ
2406 4856 2514 4927 γὰρ
2543 4855 2747 4925 σφόδρα
2778 4853 3098 4917 διδασκαλος
3130 4849 3379 4924 ανδρείας
3410 4849 3505 4903 καὶ
3534 4863 3664 4918 καρο

416 4960 546 5016 dum
574 4939 908 5017 fortitudinis
938 4975 1003 5015 ac
1038 4960 1338 5017 tolerantiae
1363 4961 1575 5018 exsistit
1600 4959 1844 5027 doctrix;
1877 4974 1967 5032 qua

2089 4951 2276 5024 τερίας
2302 4952 2335 5022 ἡ
2365 4948 2474 5003 τῶν
2523 4946 2742 5017 ἀγαθῶν
2797 4945 2906 5000 τῶν
2957 4944 3163 5016 νοητῶν
3194 4942 3347 5005 ἐλπίς
3367 4959 3380 4973 ·
3436 4941 3556 5011 ἥτις
3590 4939 3667 5032 ,ὡς

419 5053 698 5121 nimirum,
733 5052 883 5110 velut
912 5052 1164 5109 idoneum
1215 5053 1431 5123 pignus,
1470 5062 1728 5123 certaque
1753 5052 1990 5107 arrhabo

2094 5044 2345 5114 ἐνέχυρον
2369 5040 2677 5107 ἀξιόπιστον
2697 5039 2791 5092 καὶ
2814 5036 3071 5109 ἀρραϐὼν
3101 5032 3345 5106 ἀσφαλὴς
3377 5031 3670 5102 ἐγκειμένη

419 5144 618 5203 animis
675 5146 953 5212 insidens,
1024 5145 1324 5216 periculum
1385 5159 1546 5200 omne
1642 5143 1967 5214 imperculso

2098 5139 2212 5201 τοῖς
2243 5135 2540 5205 λογισμοῖς,
2580 5132 2759 5186 πάντα
2784 5129 3066 5186 κελεύεται
3103 5128 3345 5183 κίνδυνον
3379 5126 3512 5198 ὁρᾷν
3534 5125 3669 5177 ἀκα-

417 5236 574 5306 jubet
599 5237 866 5307 aspicere,
895 5251 960 5292 ac
988 5238 1168 5307 reipsa
1216 5236 1360 5291 ferre
1410 5244 1649 5291 strenue.
1698 5236 1880 5303 Atque
1912 5235 1988 5301 id,

423 5338 788 5385 consentanea
826 5330 1060 5384 maxime
1086 5329 1316 5384 ratione.
1375 5324 1470 5383 Sic
1500 5327 1643 5383 enim
1677 5325 1790 5381 fere
1816 5327 1993 5380 homi-

423 5421 584 5477 nibus
607 5430 800 5477 natura
823 5429 1204 5492 comparatum
1239 5427 1343 5490 est,
1369 5427 1425 5474 ut
1448 5418 1514 5474 iis
1551 5417 1849 5482 laboribus,
1884 5417 2000 5489 qui-

2098 5229 2443 5301 ταπλήκτως,
2481 5227 2575 5279 καὶ
2624 5225 2809 5296 φέρειν
2842 5226 2899 5277 ὲν
2927 5226 2993 5295 τῇ
3041 5222 3208 5292 πείρᾳ
3252 5216 3516 5287 γενναίως
3538 5229 3551 5242 ·
3578 5211 3671 5267 καὶ

2101 5322 2260 5376 τοῦτο
2286 5320 2593 5385 ἀκολούθως
2626 5318 2931 5389 συμϐαίνει.
2969 5316 3132 5368 Φύσει
3165 5312 3273 5383 γάρ
3325 5326 3442 5372 πως
3480 5306 3668 5376 ἐλάχο-

2107 5430 2205 5486 μεν
2285 5412 2559 5484 άνθρωποι
2632 5407 3022 5481 μαλακίζεσθαι
3072 5406 3138 5460 ἂν
3188 5404 3282 5458 καὶ
3348 5395 3671 5473 χαυνοῦσθαι

426 5641 521 5710 (lat
554 5640 779 5697 Vossius
810 5644 953 5699 hanc
993 5644 1140 5700 hom.
1175 5643 1228 5700 in
1257 5651 1370 5700 not.
1408 5642 1474 5698 ad
1496 5657 1537 5697 tt
1573 5639 1633 5696 S.
1669 5638 1917 5710 Ephrzem
1945 5638 2004 5694 in
2110 5651 2309 5710 exiqua
2344 5633 2648 5710 sibi‘Pater
2678 5628 3004 5710 Sirmu_ndus
3044 5627 3431 5697 exscripserat,
3482 5620 3679 5693 quibus

430 5708 716 5782 Martyres,
739 5711 799 5768 in
829 5713 947 5787 ipsa
972 5724 1240 5789 repertam
1275 5714 1600 5772 bibliotheca
1633 5701 2004 5777 Columnensi,
2110 5701 2318 5779 primus
2348 5706 2502 5763 annis
2543 5706 2726 5761 Roma:
2754 5701 2967 5773 agebat.
