3856 6274
119 371 230 426 51⁸1
1193 365 1477 424 llOMILlA
1517 364 1582 422 X.
1627 364 1695 422 IN

1814 409 1828 422 .
1864 360 2253 420 MARTYRES.
3253 355 3358 415 318

123 488 268 559 πρὸς
295 486 424 550 τοὺς
455 485 794 557 ἀγεράστους
842 486 949 538 τῶν
1002 485 1214 538 πόνων·
1277 486 1602 557 ἐρρωμένως
1646 484 1704 538 δὲ

1815 483 1915 538 bus
1948 481 2080 536 nihil
2102 480 2308 550 praemii
2338 477 2668 548 propositum
2698 476 2789 542 sit,
2829 460 3016 532 molles
3039 491 3101 532 ac
3137 480 3358 532 resoluti

122 577 440 632 τούναντίον
480 577 702 630 ἐκείνων
751 577 1266 647 ἀντιλαμϐάνεσθαι,
1311 571 1386 630 ὧν
1435 573 1572 631 ἆθλα
1609 578 1703 630 καὶ

1813 575 2118 638 efficiamur;
2131 587 2328 642 eosque
2346 572 2576 624 vicissim
2594 570 2759 640 vegeti
2778 584 2843 624 ac
2867 569 3070 623 alacres
3086 569 3361 633 adeamus,

131 672 290 742 τιμαὶ
316 672 471 734 τέλος
501 670 666 754 εἰσίν.
706 668 796 720 Διὸ
821 668 1018 730 πάντες
1056 668 1328 738 μάρτυρες
1363 667 1442 738 τῷ
1471 669 1702 735 εὐαγγε-

1813 668 1895 738 qui
1926 665 2142 735 praemia
2173 679 2235 718 ac
2268 665 2496 717 honores
2520 663 2677 717 finem
2730 662 2950 715 habent.
3000 661 3359 727 Quamobrem

129 763 268 832 λικῴ
299 753 590 833 γράμματι
634 760 990 832 προσέχοντες
1015 759 1106 813 τὸν
1137 759 1282 824 νοῦν,
1321 761 1378 813 ὲν
1400 753 1444 827 ᾧ
1469 758 1700 830 προτρέ-

127 872 245 907 πων
296 857 424 918 τοὺς
477 853 654 926 ἱεροὺς
696 851 933 921 ἀθλητὰς
966 851 1062 903 καὶ
1115 850 1393 919 φιλοθέους
1439 853 1468 902 ό
1501 849 1703 921 Κύριος

125 946 297 1013 λέγει·
333 945 472 999 Ἐάν
491 963 578 1011 τις
600 943 958 1014 ὁμολογήσει
982 959 1057 1011 με
1082 943 1420 1010 ἔμπροσθεν
1446 941 1564 994 τῶν
1595 941 1702 994 ἀν-

131 1037 398 1105 θρώπων,
421 1035 773 1105 ὁμολογήσω
794 1036 980 1088 αὑτὸν·
997 1033 1332 1102 ἔμπροσθεν
1350 1033 1455 1086 τοῦ
1475 1033 1703 1100 Πατρός

123 1146 263 1196 μου.
293 1128 471 1198 ’Υπὲρ
509 1126 714 1197 ταύτης
739 1127 838 1196 τῆς
865 1125 1150 1196 ὁμολογίας
1163 1125 1398 1196 ἤνεγκαν
1415 1125 1703 1194 ἀτρέπτοις

128 1223 240 1284 τοῖς
274 1220 557 1290 λογισμοῖς
603 1218 819 1290 σίδηρον
867 1216 1218 1286 τεθηγμένον,
1283 1217 1377 1268 καὶ
1423 1216 1700 1286 πυρκαϊᾶς

128 1311 428 1382 ἐπέϐησαν,
483 1310 576 1364 καὶ
623 1309 827 1381 θηρίων
874 1309 1134 1379 στόμασιν
1179 1308 1392 1361 ἔκδοτον
1435 1308 1496 1360 τὸ
1542 1306 1702 1378 σῶμα

127 1403 433 1472 παρέσχον,
463 1401 698 1463 καὶτοὺς
715 1400 889 1463 νῶτας
909 1399 1134 1460 ἕκαστος
1161 1397 1442 1466 ὑπέθηκαν
1461 1397 1698 1467 μάστιξι,

127 1496 220 1548 καὶ
253 1497 376 1556 ταῖς
403 1493 608 1562 ἀκμαῖς
635 1491 739 1544 τῶν
772 1491 978 1561 ὀνύχων
1007 1491 1103 1553 τὰς
1130 1488 1366 1561 πλευρὰς
1389 1487 1700 1560 ἐταράχθη-

125 1602 227 1638 σαν
257 1585 326 1649 ³⁷,
365 1583 577 1654 δεσμῶν
625 1581 731 1635 τῶν
784 1581 874 1634 διὰ
915 1581 1134 1652 σιδήρου
1157 1581 1462 1650 ἠνέσχοντο,
1495 1580 1588 1632 καὶ
1619 1579 1701 1631 δε-

126 1675 463 1745 σμωτηρίων
491 1675 726 1743 ἠνεγκαν
748 1672 994 1726 σκοτεινὰ
1011 1670 1346 1740 καταγώγια·
1375 1669 1702 1740 ἐπιέσθησαν

120 1767 178 1820 δὲ
205 1767 378 1838 λιμῷ,
423 1767 517 1820 καὶ
551 1767 690 1835 δίψει
745 1765 1227 1837 κατεξηράνθησαν
1253 1781 1266 1795 ⁸
1291 1765 1606 1836 παρέθηκαν
1642 1766 1699 1818 δὲ

123 1853 156 1933 ᾖ
186 1859 235 1891 ³⁸
261 1858 450 1922 λίθους
501 1857 569 1911 τά
622 1857 890 1928 πρόσωπα
916 1859 1027 1920 τοῖς
1073 1855 1390 1928 ῥαπίζουσιν
1414 1873 1427 1887 ο
1464 1857 1700 1927 ἤκουσαν

120 1952 236 2005 τῶν
258 1951 473 2021 ὕϐρεων
509 1950 586 2013 ὡς
605 1950 812 2018 κωφοί·
847 1947 1160 2019 ἐσιώπησαν
1192 1947 1328 2018 πρὸς
1357 1949 1483 2012 τοὺς
1513 1948 1700 2001 ὀνειδί-

122 2043 325 2108 ζοντας
359 2043 454 2096 καὶ
497 2040 938 2111 λοιδορουμένους
991 2039 1067 2103 ὼς
1091 2038 1309 2094 ἅλαλοι·
1369 2039 1558 2110 δήμοις
1609 2040 1704 2092 καὶ

122 2134 383 2205 θεάτροις
411 2131 897 2203 ὲνεπομπεύθησαν
920 2145 936 2159 ’
985 2131 1358 2203 περιήχθησαν
1388 2131 1563 2203 ἀγορᾷ
1610 2132 1704 2184 καὶ

121 2226 398 2297 ἀμφόδοις
441 2225 499 2278 έν
533 2223 852 2295 ὀλογύμνοις
890 2225 1004 2288 τοῖς
1049 2222 1330 2294 σώμασιν·
1366 2224 1466 2276 οὐκ
1514 2224 1704 2294 ἄνδρες

126 2319 315 2388 μόνον,
345 2316 483 2370 ἀλλὰ
511 2317 606 2370 καὶ
649 2318 943 2385 γυναῖκες,
979 2317 1040 2370 τὸ
1076 2314 1478 2386 σχετλιώτατον.
1524 2317 1703 2369 Ἀλλοι

123 2411 266 2480 πυρὶ
297 2409 746 2479 κατεφλέχθησαν
767 2426 780 2440 ·
809 2410 894 2462 ἕτε
905 2427 984 2481 ροι
1004 2409 1090 2463 διὰ
1113 2410 1379 2480 χειμῶνος
1398 2409 1700 2481 ὲπάγησαν·

125 2502 401 2564 ποικίλοις
433 2502 654 2572 τρόποις
681 2501 779 2565 τάς
796 2501 1075 2573 ἀριστείας
1092 2503 1226 2572 ἡμῖν
1257 2499 1704 2572 κατεμερίσαντο,

126 2592 219 2644 ἵνα
258 2591 517 2654 πεσόντες
550 2591 862 2662 νικήσωσιν.

201 2682 304 2734 Διά
358 2680 518 2734 τοῦτο
555 2679 626 2734 τά
667 2679 864 2751 εὐσεϐῆ
914 2679 1140 2752 σώματα
1171 2679 1382 2752 σεμνῶς
1433 2681 1706 2752 περιστεί-

126 2772 353 2838 λαντες,
389 2771 462 2826 τά
507 2771 676 2844 σκεύη
723 2772 822 2843 τῆς
855 2772 1114 2843 ἐκλογῆς,
1150 2772 1220 2826 τά
1267 2773 1373 2826 τῶν
1422 2773 1709 2845 μακαρίων.

129 2866 320 2935 ψυχῶν
352 2865 592 2937 ὄργανα,
638 2863 737 2928 τὰς
769 2865 944 2928 οἰκίας
976 2863 1084 2916 τῶν
1129 2864 1431 2934 φιλοσόφων
1463 2864 1705 2928 ἐνοίκων,

131 2959 208 3020 ὡς
239 2957 505 3028 κειμήλια
536 2956 872 3026 πολυτίμητα
903 2955 981 3027 τῷ
1012 2956 1171 3009 παντὶ
1215 2954 1316 3026 βίῳ
1343 2954 1704 3027 φυλάσσομεν,

133 3049 488 3121 φρουροῦμεν
509 3048 565 3101 δὲ
589 3049 771 3112 αὐτοῖς
797 3047 872 3112 ὡς
901 3047 1187 3120 ἡμετέροις
1218 3047 1705 3119 πλεονεκτήμασιν,

1802 758 2034 812 universi
2062 766 2351 824 martyres,
2366 755 2686 824 evangelica:
2724 753 2796 807 illi
2819 753 3109 820 Scriptura:
3123 754 3359 805 animum

1802 847 2137 908 adhibentes,
2175 859 2277 912 qua
2334 843 2589 898 Dominus
2651 859 2834 896 sacros
2891 843 3092 912 pugiles
3145 858 3207 896 ac
3268 843 3361 895 Dei

1803 950 2042 994 amantes
2074 939 2340 1000 hortatur,
2372 937 2589 990 dicens:
2635 936 2695 990 Si
2723 937 2838 1006 quis
2892 936 3226 1002 conﬁtebitur
3282 951 3363 988 me

1805 1048 1976 1086 coram
2003 1031 2314 1094 hominibus,
2338 1029 2624 1097 conﬁtebor
2651 1047 2764 1081 eum
2783 1045 2955 1081 coram
2980 1029 3141 1081 Patre
3158 1044 3270 1080 meo
3295 1028 3361 1093 δν,

1801 1140 1904 1194 pro
1921 1141 1982 1177 ea
2009 1123 2365 1187 confessione,
2406 1123 2644 1176 immotis
2670 1123 2863 1174 animis
2916 1132 3129 1174 acutum
3160 1122 3360 1173 ferrum

1804 1216 2117 1281 tolerarunt,
2147 1229 2210 1268 ac
2241 1229 2394 1284 rogos
2421 1198 2867 1277 conscenderunt,
2900 1228 3201 1282 corpusque
3225 1213 3364 1268 fera-

1802 1327 1919 1365 rum
1975 1309 2221 1364 faucibus
2279 1310 2584 1362 vorandum
2634 1309 3002 1377 praehueruul,
3038 1324 3101 1361 ac
3159 1308 3360 1376 quique

1801 1403 1956 1457 dorsa
1983 1402 2148 1471 virgis
2177 1401 2542 1470 subiecerunt,
2569 1401 2844 1468 lateraque
2881 1403 3200 1470 ungularum
3229 1417 3362 1454 acu-

1800 1493 1898 1548 leis
1947 1494 2127 1548 laniati
2179 1494 2432 1561 fuerunt;
2504 1493 2678 1547 ferrea
2732 1493 2942 1546 vincula
3006 1493 3361 1561 pertulerunt,

1799 1587 2272 1654 tenebricososque
2342 1601 2588 1640 carceres
2633 1585 2954 1640 domicilium
3011 1585 3361 1649 halmeruut;

1812 1679 1968 1733 famis
2023 1678 2348 1734 necessitate
2411 1678 2654 1746 oppressi
2728 1687 2887 1738 sunt,
2949 1690 3012 1728 ac
3069 1675 3155 1728 siti
3213 1685 3363 1728 exta-

1803 1773 2072 1836 buerunt;
2114 1770 2282 1824 instar
2326 1769 2579 1838 lapidum.
2641 1767 2805 1822 facies
2837 1765 3166 1821 caedentibus
3198 1780 3366 1833 expo-

1803 1871 2060 1926 suerunt;
2095 1860 2340 1928 injurias,
2380 1869 2438 1912 ut
2472 1858 2617 1914 surdi
2654 1859 2958 1922 audierunt;
3008 1856 3155 1910 velut
3207 1856 3365 1918 muti.

1802 1953 1866 2006 ad
1903 1967 1998 2006 eos
2029 1951 2118 2021 qui
2148 1948 2356 2019 probris
2382 1964 2443 2003 ac
2463 1949 2646 2002 sannis
2679 1947 3008 2014 exciperent,
3055 1946 3364 2008 siluerunt;

1802 2044 1991 2102 mediis
2014 2042 2224 2113 populis
2251 2057 2314 2097 ac
2339 2041 2562 2095 theatris
2598 2040 2884 2109 ignominia
2911 2040 3153 2106 produc-ti
3195 2049 3322 2094 sunt
3348 2058 3365 2104 ;

1806 2143 1917 2192 toto
1945 2135 2145 2189 nudato
2187 2149 2419 2203 corpore
2468 2147 2564 2200 per
2607 2131 2783 2184 forum
2823 2146 2887 2185 ac
2925 2131 3127 2200 plateas
3152 2131 3370 2185 fuerunt

1803 2226 2194 2292 circumducti;
2251 2240 2353 2280 nec
2394 2224 2495 2277 viri
2523 2233 2752 2288 tantum,
2783 2223 2876 2276 sed
2933 2223 3096 2275 etiam
3133 2220 3368 2286 feminte,

1804 2319 1946 2387 quod
1988 2317 2265 2372 miseriam
2300 2329 2514 2368 onmem
2545 2315 2760 2368 vincere
2797 2311 3064 2365 videatur.
3095 2311 3195 2366 Alii
3248 2313 3368 2380 igne

1806 2413 2020 2464 fuerunt
2049 2406 2336 2470 combusti,
2363 2405 2450 2458 alii
2479 2406 2672 2460 hiemis
2718 2405 2836 2474 gelu
2861 2405 3236 2474 obriguernnt,
3270 2421 3367 2458 va-

1805 2503 1902 2557 riis
1931 2501 2104 2555 modis
2129 2499 2384 2570 praeclara
2415 2498 2568 2552 nobis
2591 2496 2826 2550 facinora
2868 2497 3052 2564 partiti
3087 2506 3229 2561 sunt,
3263 2511 3371 2564 quo

1807 2594 2082 2658 cadentes,
2115 2607 2179 2645 ac
2204 2599 2400 2654 morte,
2428 2589 2660 2644 victores
2684 2587 3049 2643 eflicerentur.

1876 2685 2082 2740 Idcirco
2106 2685 2192 2754 pia
2235 2696 2461 2751 corpora
2508 2666 2715 2735 decenti
2744 2691 2932 2735 ornatu
2955 2691 3334 2750 componentes
3352 2716 3371 2745 ,

1806 2776 2194 2834 benedictionis
2217 2789 2344 2830 vasa
2373 2773 2481 2837 illa,
2501 2773 2778 2827 beatorum
2799 2772 3100 2826 animorum
3127 2785 3328 2839 organa
3352 2807 3370 2833 ,

1805 2869 2242 2940 philosophorum
2285 2866 2553 2935 hospitum
2586 2864 2802 2930 domos,
2845 2877 2941 2916 ceu
2976 2863 3371 2931 pretiosissima

1809 2961 2030 3030 pignora
2081 2959 2135 3012 in
2187 2971 2347 3012 omne
2393 2955 2648 3010 saeculum
2689 2969 3109 3018 conservanius,
3162 2955 3371 3022 iisque,

1809 3060 2062 3121 tanquam
2097 3047 2380 3120 praecipuis
2412 3048 2564 3102 donis
2602 3046 2803 3101 nostris
2829 3045 3103 3118 munimur
3124 3084 3140 3110 ,
3176 3060 3239 3100 ac
3270 3044 3374 3100 Ec-

133 3140 228 3193 καὶ
264 3141 383 3202 τοῖς
415 3138 678 3210 μάρτυσιν
700 3140 734 3209 η
770 3138 1064 3208 Ἐκκλησία
1092 3139 1417 3212 τετείχισται
1444 3141 1521 3204 ὡς
1556 3140 1708 3204 πόλις

1813 3143 1994 3208 clesia,
2025 3150 2322 3213 martyrum
2367 3138 2639 3202 satellitio,
2679 3138 2821 3192 haud
2853 3146 3206 3206 secussatque
3238 3137 3372 3191 civi-

131 3230 385 3292 ὁπλίταις
409 3229 697 3296 γενναίοις,
725 3229 819 3283 καί
847 3229 1116 3302 πάνδημοι
1149 3233 1485 3304 πανηγύρεις
1527 3233 1710 3304 ἀθροί-

133 3321 346 3386 ζονται,
380 3320 476 3372 καὶ
515 3320 612 3390 τῆς
642 3319 935 3392 θυμηδείας
963 3320 1070 3374 τῶν
1103 3322 1304 3394 ἑορτῶν
1342 3323 1710 3396 ἀπολαύομεν.

1809 3246 1892 3292 tas
1917 3243 2244 3290 armatorum
2275 3247 2431 3286 manu
2453 3273 2469 3298 ,
2501 3229 2799 3301 protegitur
2818 3269 2834 3295 ,
2879 3240 3253 3298 cogunturque
3284 3243 3375 3284 ce-

1809 3329 1985 3384 lebres
2036 3326 2214 3397 pepuli
2269 3325 2432 3378 totius
2479 3333 2806 3384 conventus,
2859 3335 2923 3375 ac
2973 3321 3382 3375 solemnitatum.

132 3411 288 3466 ΟΓὸὲ
319 3413 445 3476 ταῖς
485 3412 855 3484 ἀνθρωπικαῖς
895 3415 1276 3486 περιστάσεσιν
1319 3415 1353 3486 ἢ
1405 3420 1708 3489 συμφοραῖς

1813 3418 2184 3489 iucunditatem
2234 3415 2598 3485 percipimus,
2647 3428 2710 3468 ac
2777 3413 2842 3467 iis
2891 3427 3220 3467 recreamur.
3271 3412 3373 3479 Qui

134 3507 478 3578 πιεζόμενα,
512 3506 588 3570 ὼς
619 3507 712 3560 ἐπί
749 3525 803 3560 τι
836 3507 1216 3579 κρησφύγετον
1244 3509 1345 3573 τὰς
1375 3508 1710 3571 ἀναπαύσεις

132 3598 244 3650 τῶν
311 3597 730 3668 τρισμμακαρίων
802 3597 1141 3652 σπεύδουσιν.
1213 3595 1561 3670 Πρεσϐευτάς
1610 3594 1709 3646 αὑ-

131 3690 261 3752 τοὺς
317 3688 438 3741 τῶν
471 3685 648 3758 εύχῶν
670 3691 764 3742 και
787 3689 1124 3758 αἰτημάτων,
1159 3687 1250 3741 διὰ
1289 3687 1350 3740 τὸ
1379 3685 1712 3758 ὑπερϐάλλον

133 3777 251 3847 τῆς·
272 3775 607 3849 παρρησίας,
633 3776 912 3848 ποιοῦμεν.
954 3777 1230 3831 Ἐντεῦθεν
1260 3775 1440 3832 πενίαι
1469 3773 1711 3840 λύονται,

137 3872 233 3922 καὶ
275 3868 616 3940 ἱατρεύονται
645 3867 812 3934 νόσοι,
849 3869 942 3922 καὶ
973 3869 1247 3941 ἀρχόντων
1285 3866 1506 3920 ἀπειλαὶ
1535 3867 1713 3937 κοιμί-

141 3961 324 4025 ζονται
347 3978 363 3991 ·
396 3961 582 4015 πασῶν
621 3961 680 4016 δὲ
724 3961 832 4014 τῶν
873 3959 1126 4031 ταραχῶν
1169 3960 1262 4014 καὶ
1309 3958 1588 4030 χειμώνων
1617 3959 1712 4012 τοῦ

142 4054 260 4131 βίου
303 4054 519 4124 λιμένες
567 4054 704 4107 εἰσὶν
753 4051 956 4117 εὔδιοι,
1001 4054 1052 4106 of.
1091 4053 1226 4124 ἱεροὶ
1268 4051 1379 4105 τῶν
1424 4051 1723 4124 μαρτύρων

142 4148 322 4219 σηκοί.

208 4325 402 4391 Οὕτως
433 4327 656 4398 πατὴρ,
705 4326 738 4398 ἢ
795 4327 977 4399 μήτηρ
1020 4326 1271 4398 ἀραμένη
1316 4326 1406 4380 τὸν
1434 4327 1716 4399 ἄρρωστον

143 4420 328 4484 παῖδα,
370 4419 466 4472 καὶ
495 4419 882 4489 περιστείλασα
909 4422 1030 4483 ταῖς
1057 4419 1344 4488 ἀγκάλαις,
1377 4419 1709 4491 παρατρέχει

145 4512 244 4582 μὲν
268 4513 480 4582 ἰατρεῖα
512 4513 605 4564 καὶ
643 4511 881 4582 ἰατροὺς,
916 4511 1010 4564 ἐπὶ
1039 4510 1095 4564 δὲ
1131 4511 1352 4582 ἄτεχνον
1380 4511 1714 4581 καταφεύγει
1745 4496 1789 4552 Ῑ)

143 4603 400 4676 βοήθειαν
418 4619 434 4634 ο
465 4603 560 4659 καὶ
607 4603 744 4672 πρὸς
772 4603 868 4657 ἕνα
894 4602 1003 4657 τῶν
1033 4603 1322 4675 μαρτύρων
1354 4601 1616 4669 ἐλθοῦσα,
1647 4603 1716 4657 δι’

141 4696 354 4749 ἐκείνου
378 4694 458 4764 τῷ
483 4693 730 4768 Δεσπότῃ
757 4694 1023 4766 προσάγει
1048 4693 1145 4765 τὴν
1174 4695 1412 4767 αἴτησιν,
1441 4693 1718 4760 τοιαύταις

142 4785 464 4857 κεχρημένη
503 4784 640 4855 πρὸς
674 4785 764 4838 τὸν
798 4785 1026 4856 μεσίτην
1076 4788 1312 4854 φωναῖςο
1351 4804 1371 4837 ι
1408 4785 1606 4840 Παθὼν
1629 4786 1718 4840 διὰ

142 4878 396 4951 Χριστὸν,
430 4876 762 4948 πρέσϐευσον
795 4877 935 4948 ὑπὲρ
968 4877 1172 4942 πάθους
1201 4879 1295 4932 καὶ
1325 4878 1506 4934 νόσου.
1539 4880 1719 4950 Ἐχων

143 4969 482 5042 παρρησίαν,
511 4968 714 5040 χρῆσον
747 4968 903 5037 λόγον
925 4971 1038 5032 τοῖς
1061 4970 1388 5040 ὁμοδούλοις.
1419 4972 1483 5024 Ei
1513 4971 1716 5026 καὶτὸν

144 5061 411 5131 ἡμέτερον
445 5058 559 5129 βίον
591 5059 890 5124 ἀπέλιπες,
936 5059 1072 5114 ἀλλά
1113 5054 1245 5129 γοῦν
1287 5056 1433 5126 οἶδας
1462 5061 1532 5115 τὰ
1569 5062 1716 5135 πάθη

143 5152 238 5224 τῆς
265 5151 691 5221 ἀνθρωπότητος
713 5166 727 5181 °
779 5153 1158 5223 παρεκάλεσας
1187 5155 1280 5208 καὶ
1306 5152 1370 5207 σύ
1414 5171 1543 5206 ποτε
1574 5155 1717 5226 μάρ-

143 5261 325 5315 τυρας.
356 5245 489 5316 πρὶν
510 5244 762 5313 γενέσθαι
789 5246 1016 5317 μάρτυς.
1044 5247 1175 5301 Τότε
1199 5247 1375 5320 ζητῶν
1395 5248 1714 5318 ἐλάμϐανες,

145 5333 236 5386 νῦν
265 5333 408 5404 ἔχων
436 5334 678 5405 χάρισαι.
716 5335 810 5398 Ei;
850 5335 914 5388 τὸ
945 5337 1112 5408 γέρας
1141 5337 1201 5390 τὺ
1247 5337 1360 5403 σὸν,
1403 5338 1626 5410 αἴτησον
1655 5341 1717 5393 τὸ

148 5425 336 5497 κέρδος
365 5427 522 5497 ἡμῖν.
567 5427 762 5500 Ἰαθείη
772 5445 868 5499 μεν
893 5429 970 5500 τῷ
1015 5429 1092 5501 σῷ
1135 5429 1358 5501 μώλωπι
1376 5471 1391 5495 ,
1418 5431 1494 5495 ὡς
1520 5431 1599 5503 τῷ
1622 5432 1715 5485 τοῦ

149 5516 383 5588 Χριστοῦ
428 5521 456 5572 ὁ
503 5518 726 5589 κόσμος.
780 5539 798 5572 ι
865 5521 1055 5585 Ἄλλος
1103 5523 1195 5576 ἐπὶ
1235 5523 1410 5593 γάμον
1453 5522 1716 5588 σπεύδων,

152 5609 437 5681 προοίμιον
462 5613 704 5666 ποιεῖται
736 5612 845 5666 τῶν
880 5612 1136 5685 θαλάμων
1174 5613 1272 5684 τὴν
1301 5616 1358 5668 ὲν
1403 5615 1721 5687 μαρτυρίοις

183 5781 268 5844 ’⁸
306 5806 436 5874 Lee.
482 5809 785 5892 ὲσπαράχθ.
863 5811 906 5843 ³⁸
943 5812 1016 5866 is.
1071 5813 1166 5877 ὡς.
1249 5813 1289 5846 ³³
1331 5814 1514 5871 Matth.
1555 5831 1608 5884 ι,
1639 5815 1724 5869 52.

1809 3511 2055 3566 humanae
2113 3508 2238 3562 vita:
2303 3505 2542 3561 adversis
2613 3505 2826 3559 casibus
2871 3518 2934 3558 ac
2979 3502 3375 3558 calamitatibus

1808 3613 2090 3666 vexantur,
2124 3601 2270 3655 velut
2307 3599 2374 3653 ad
2409 3597 2614 3669 asylum
2647 3596 2916 3666 quoddam
2953 3611 3017 3651 ac
3045 3595 3368 3666 perfugium,

1810 3697 1876 3751 ad
1909 3705 1992 3750 ter
2026 3696 2302 3749 beatorum
2343 3693 2582 3762 requiem
2623 3705 2686 3745 ac
2725 3689 2946 3754 solatia,
2984 3689 3178 3744 festiue
3214 3703 3373 3744 acce-

1809 3789 1964 3843 dunt.
2003 3785 2229 3839 Precum
2263 3783 2383 3838 illos
2422 3798 2486 3838 ac
2514 3783 2816 3836 orationum
2860 3781 3245 3836 intercessores
3272 3781 3371 3832 ad—

1812 3881 2090 3942 hibemus,
2130 3886 2347 3946 propter
2388 3875 2759 3940 excellentem,
2811 3888 2916 3943 qua
2964 3873 3199 3942 pollent,
3232 3871 3372 3926 fidu-

1811 3972 1970 4028 ciam.
1999 3970 2066 4024 lis
2096 3969 2362 4039 praesidiis
2385 3967 2636 4022 levantur
2659 3965 2990 4036 paupertatis
3014 3964 3374 4030 incommoda,

1811 4072 2069 4119 curantur
2119 4061 2323 4126 morbi,
2378 4075 2442 4114 ac
2508 4059 2809 4128 principum
2868 4057 3030 4111 minae
3085 4056 3376 4118 sedantur,

1813 4156 2165 4222 omniumque
2191 4152 2368 4206 saeculi
2407 4153 2676 4206 turbinum
2716 4164 2778 4204 ac
2828 4156 3204 4216 tempestatum
3237 4155 3377 4199 tran-

1813 4245 1964 4318 quilli
2005 4254 2210 4314 portus,
2237 4257 2392 4296 sacra
2431 4251 2728 4311 martyrum
2763 4230 2982 4294 delubra
3011 4237 3300 4291 exsistunt.

1888 4335 1946 4390 ιη
1978 4337 2121 4391 hunc
2150 4334 2364 4388 modum
2396 4341 2568 4401 pater,
2599 4347 2692 4386 seu
2729 4344 2924 4400 parens
2963 4329 3131 4382 altera
3151 4368 3168 4394 ,
3221 4327 3376 4381 infir-

1824 4442 1966 4482 mam
2003 4425 2201 4495 prolem
2235 4424 2450 4490 tollens,
2473 4433 2635 4493 atque
2658 4423 2709 4476 in
2735 4421 2887 4474 ulnas
2916 4420 3213 4488 suscipiens
3235 4434 3377 4473 com-

1819 4519 2197 4588 plectensque,
2237 4516 2472 4570 medicas
2504 4515 2720 4583 quidem
2749 4512 3011 4579 officinas,
3048 4526 3114 4567 ac
3142 4512 3380 4567 medicos

1819 4610 2158 4672 transcurrit,
2189 4608 2253 4663 ad
2279 4608 2536 4663 auxilium
2565 4622 2696 4661 vero
2731 4607 2866 4660 artis
2893 4621 3089 4674 expers
3115 4604 3377 4675 confugit,

1817 4714 1977 4772 atque
2005 4701 2073 4756 ad
2110 4716 2270 4755 unum
2309 4699 2540 4768 aliquem
2581 4708 2876 4768 martyrum
2907 4698 3111 4763 adiens,
3141 4710 3235 4765 per
3254 4710 3376 4750 eum

1817 4795 2044 4850 Domino
2085 4793 2380 4848 orationem
2426 4789 2603 4856 offert,
2655 4790 2834 4844 verbis
2866 4787 3192 4858 ejuscemodi
3235 4801 3383 4842 com-

1818 4889 2022 4957 pellans
2047 4900 2190 4951 eum,
2213 4899 2368 4955 quem
2403 4884 2756 4939 mediatorem
2786 4881 3000 4936 asciscit
3028 4899 3043 4934 :
3075 4899 3092 4932 ι
3128 4880 3229 4948 Qui
3261 4896 3384 4952 pro-

1820 4989 1941 5050 pter
1991 4976 2262 5034 Christum
2295 4990 2354 5031 es
2399 4989 2624 5044 passus,
2671 4973 2946 5029 intercede
2989 4987 3087 5041 pro
3133 4974 3384 5043 passione

1823 5071 2136 5138 morboque.
2171 5069 2270 5134 Qui
2303 5068 2499 5123 fiducia
2544 5065 2714 5136 polles
2741 5104 2758 5129 ,
2793 5065 3066 5121 conservis
3102 5067 3381 5121 commoda

1821 5174 2142 5218 sermonem.
2183 5159 2418 5214 Tametsi
2473 5157 2678 5213 desiisti
2730 5158 2782 5213 in
2825 5157 3074 5211 humanis
3122 5171 3273 5224 esse,
3329 5169 3394 5212 at:

1824 5253 1960 5307 nosti
1993 5266 2112 5320 qua:
2152 5251 2264 5305 sint
2288 5250 2568 5320 passiones
2609 5262 2673 5302 ac
2706 5247 2875 5300 morbi
2905 5248 3120 5301 humani
3148 5248 3385 5317 generis.

1824 5344 1903 5398 Tu
1928 5357 2138 5413 quoque
2157 5343 2426 5411 quondam
2447 5350 2709 5410 martyres
2725 5338 3041 5402 obsecrasti,
3071 5341 3398 5407 priusquam

1823 5436 1935 5506 ipse
1955 5444 2157 5505 martyr
2175 5433 2480 5488 exsisteres.
2496 5431 2758 5500 Accepisti
2782 5441 2907 5485 tunc
2926 5444 3203 5500 quaerens;
3229 5431 3402 5485 modo.

1825 5546 1945 5586 cum
1983 5529 2184 5584 habeas
2208 5567 2224 5595 ,
2261 5527 2478 5598 largire.
2514 5524 2614 5581 Tui
2659 5521 2861 5596 praemii
2896 5521 3111 5578 cumulo
3142 5521 3401 5591 pustula,

1827 5620 1969 5690 quod
2003 5631 2187 5678 nostro
2216 5620 2373 5677 cedat
2423 5617 2728 5676 commodo.
2765 5609 2880 5672 Tuo
2911 5629 3166 5672 sanemur
3198 5611 3399 5680 livore.

2783 5875 2817 5905 ρ
2908 5869 2916 5881 .
