3856 6274
451 319 559 378 319
650 324 651 327 “

1732 323 1790 380 S.
1830 323 2106 383 ASTERII
2144 323 2450 383 AMASENI

3598 325 3721 385 320

454 440 532 493 uti
566 436 796 493 mundus
821 435 992 493 livore
1031 434 1257 493 Christi.
1296 457 1315 491 ι
1338 437 1509 496 'Alius
1548 439 1616 496 ad
1651 440 1868 511 nuptias
1903 456 2025 512 per-

2142 444 2324 516 εὐχήνο
2364 443 2457 498 καί
2493 459 2575 507 τις
2603 441 2685 505 είς
2723 439 2891 496 πλοῦν
2920 440 3300 513 ἐπειγόμενος,
3329 441 3390 495 ού
3437 441 3720 515 πρότερον

454 544 606 601 gens,
630 528 852 584 thalami
873 527 1153 584 exordium
1178 527 1326 592 facit,
1344 547 1477 601 quas
1492 532 1543 586 in
1563 532 1834 604 martyriis
1847 547 2032 601 preces

2130 536 2231 608 τῆς
2260 534 2396 600 νεὼς
2422 536 2538 589 λύει
2566 534 2638 588 τὰ
2667 534 2963 604 πείσματα,
2996 534 3125 605 πρὶν
3154 532 3222 587 ἀν
3259 532 3350 586 τὸν
3376 532 3475 604 τῆς
3497 532 3717 588 θαλάσ-

456 622 650 677 fundit.
670 621 802 688 Quis
827 621 952 675 item
974 620 1027 675 in
1045 621 1323 691 procinctu
1350 623 1728 694 navigationis,
1760 638 1866 678 non
1882 624 2031 693 prius

2142 644 2234 697 σης
2289 626 2564 696 Δεσπότην
2619 625 2708 679 διὰ
2758 624 2868 678 τῶν
2930 623 3222 696 μαρτύρων
3269 622 3752 713 ἐπικαλέσηταιοζ

456 717 611 770 navis
648 716 904 771 rudentes
931 713 1131 777 solvit,
1174 729 1335 783 quam
1392 715 1559 769 maris
1598 716 1882 770 Dominum
1936 732 2033 786 per

455 816 725 877 martyres
751 805 1102 872 invocaverit;
1129 804 1498 859 mendicorum
1539 821 1700 875 porro
1725 808 1939 877 populi,
1968 822 2033 863 ac

454 912 752 969 pauperum
777 908 988 962 turmae,
1011 904 1309 968 martyrum
1328 897 1571 965 requiem
1598 912 1662 952 ac
1685 897 2030 954 refectionem

458 992 603 1046 lares
626 1006 937 1046 communes
961 991 1181 1046 habent.
1212 986 1422 1057 Ubique
1450 1001 1628 1044 autem
1666 1000 1931 1045 terrarum
1961 1006 2028 1046 ac

461 1082 627 1136 maris
648 1082 1002 1136 deeantantur
1029 1089 1314 1151 martyres.
1339 1078 1395 1133 ld
1427 1079 1587 1148 plane
1609 1094 1846 1150 congrue
1871 1090 2032 1150 atque

459 1173 655 1228 merito
716 1191 732 1228 :
788 1188 894 1228 non
946 1172 1088 1227 enim
1147 1170 1422 1227 communi
1484 1172 1694 1228 ratione
1749 1183 2033 1242 gesserunt

454 1266 747 1336 justitiam,
780 1268 874 1323 sed
908 1266 1027 1336 ipso
1055 1280 1284 1335 corpore
1313 1264 1614 1333 bajularunt
1639 1281 1891 1332 crucem;
1924 1282 2032 1323 non

462 1360 838 1430 disperserunt
890 1359 1171 1429 pecunias,
1204 1358 1298 1414 sed
1336 1358 1652 1428 sanguinem
1689 1358 2030 1425 eﬂ'uderunt;

464 1468 571 1508 non
600 1454 838 1508 miserati
875 1462 1005 1507 sunt
1033 1467 1324 1523 pauperem
1351 1493 1368 1519 ,
1400 1454 1496 1508 sed
1542 1468 1643 1508 nec
1672 1453 1758 1508 sui
1791 1453 2031 1523 ipsorum

462 1557 590 1604 sunt
622 1548 860 1614 miserti;
903 1562 1011 1603 non
1062 1547 1365 1602 inviserunt
1403 1545 1656 1601 alllictutn
1690 1547 1743 1602 in
1773 1561 1992 1602 carcere
2013 1588 2030 1613 ,

460 1639 558 1695 sed
616 1639 719 1709 ipsi
771 1648 991 1695 catenas
1057 1646 1427 1708 portaverunt.
1489 1637 1849 1705 Quamobrem
1910 1653 2029 1693 eam

463 1735 691 1805 gloriam
721 1749 785 1790 ac
808 1735 1068 1791 honorem
1099 1732 1374 1789 consecuti
1402 1741 1548 1799 sunt,
1575 1748 1695 1803 quae.
1714 1733 1883 1804 requis
1912 1747 2028 1788 mo-

461 1827 548 1883 dis
580 1825 854 1895 patientia
883 1825 1149 1896 ejusmodi
1178 1840 1243 1880 ac
1266 1824 1421 1880 malis
1451 1826 1824 1895 responderet.

533 1914 593 1971 ln
626 1917 771 1973 hunc
800 1918 983 1986 itaque
1022 1916 1238 1972 modum
1280 1923 1591 1987 martyres:
1632 1916 1804 1983 οι,υυί
1846 1930 2034 1972 eorum

465 2009 674 2079 tyranni
722 2023 788 2064 ac
825 2010 1133 2076 occisores,
1188 2006 1280 2078 qui
1323 2007 1433 2062 alta
1471 2007 1786 2077 sapiebant,
1839 2022 1902 2063 ac
1945 2024 2036 2063 su-

465 2100 631 2167 perba
666 2100 1162 2167 comminahantur;
1197 2099 1288 2169 qui
1333 2114 1497 2170 super
1529 2098 1773 2154 excelsos
1811 2103 2036 2155 thronos

466 2194 741 2259 sederunt,
772 2207 873 2248 nec
900 2206 1054 2248 suum
1086 2191 1383 2261 principem
1419 2190 1803 2269 agnoverunt?
1833 2190 2036 2261 Rugie-

468 2296 596 2343 runt
629 2287 840 2342 leonum
880 2285 1094 2346 instar:
1136 2284 1319 2355 pardis
1369 2283 1607 2339 velocius
1640 2293 2034 2352 cucurrerunt,

468 2376 609 2431 ursis
637 2377 868 2432 ferocius
901 2376 1352 2444 discerpserunt,
1395 2374 1541 2429 velut
1573 2373 1681 2444 lupi
1726 2375 2036 2445 sanguinem

464 2465 791 2534 effuderunt,
823 2477 1080 2536 tanquam
1113 2466 1303 2535 vulpes
1331 2465 1512 2521 dolum
1546 2464 1812 2522 fecerunt.
1846 2467 1882 2521 Ii
1911 2481 2039 2522 vero

467 2556 603 2612 tales
647 2556 832 2625 iacent
880 2558 1011 2626 ipsis
1056 2558 1285 2613 mortuis
1329 2557 1820 2614 abominabiliores.
1862 2557 2037 2612 Vitam

467 2663 618 2704 suam
645 2648 917 2705 oblivione
944 2649 1298 2714 obtexerunt,
1326 2649 1601 2705 infernum
1635 2649 1832 2705 habent
1851 2650 2037 2721 sepul-

460 2757 617 2799 crum
640 2783 657 2808 ,
689 2743 1009 2813 titulumque
1044 2743 1375 2812 impietatem
1401 2785 1416 2810 ,
1476 2758 1539 2797 ac
1597 2743 1911 2797 memoriam
1950 2744 2036 2796 in-

465 2834 722 2901 famiam;
758 2837 1030 2891 incassum
1085 2849 1179 2890 eos
1225 2836 1492 2905 panitet,
1538 2833 1737 2888 frustra
1786 2844 2028 2904 gemunt.

467 2926 575 2982 Eos
617 2937 833 2993 autem,
885 2942 1021 2997 quos
1066 2926 1139 2982 illi
1188 2927 1654 2990 deltonestarunt,
1706 2926 2035 2996 sempiterna

465 3021 680 3090 excepit
730 3020 1033 3097 memoria,
1092 3034 1156 3075 ac
1201 3019 1318 3073 laus
1355 3019 1494 3075 senii
1537 3032 1753 3087 expers.
1789 3017 2035 3083 Quandin

465 3113 611 3166 enim
648 3127 828 3167 rerum
866 3122 1143 3182 gestarum
1187 3110 1557 3165 narrationem
1588 3120 1750 3181 atque
1782 3110 2034 3175 honores,
2064 3152 2107 3210 ο

464 3213 625 3258 aetate
643 3202 887 3271 iuniores
909 3219 939 3258 a
973 3201 1279 3258 senioribus
1305 3202 1624 3272 suscipiunt,
1675 3216 1916 3271 avusque
1943 3215 2039 3255 ne-

466 3296 601 3364 peti,
640 3296 754 3349 sive
785 3296 950 3350 etiam
987 3305 1142 3362 pater
1167 3295 1297 3359 tilio,
1333 3310 1521 3350 eorum
1562 3295 1780 3348 tradunt
1805 3294 2033 3360 cultum,

466 3384 824 3439 immortalem
866 3384 1074 3438 laudem
1102 3382 1382 3439 elliciuut:
1420 3398 1485 3438 ac
1525 3398 1623 3438 ceu
1662 3382 2027 3438 inviolabilem

465 3474 758 3545 quamdam
812 3474 1216 3542 litereditatem,
1249 3473 1414 3528 hasce
1462 3472 1660 3527 sarculo
1692 3471 2041 3528 celebritates

468 3581 564 3636 per
612 3564 984 3621 successiones
1029 3574 1376 3622 conservatas
1422 3564 1794 3618 transmittunt
1843 3580 1858 3619 :
1909 3563 2038 3632 quin

468 3675 582 3715 rem
610 3672 824 3729 quoque
850 3657 1036 3714 multis
1068 3658 1384 3712 haereditate
1410 3657 1738 3712 chariorem.
1766 3653 1900 3709 Nam
1936 3656 2040 3710 ha:-

471 3750 717 3807 reditatis
739 3747 901 3815 bona,
930 3749 1012 3804 vel
1045 3750 1130 3804 fur
1168 3747 1469 3814 abstulerit,
1501 3747 1583 3802 vel
1610 3747 1781 3802 hostis
1817 3761 2043 3815 accepe-

469 3843 541 3897 rit
563 3843 716 3913 spolii
744 3842 862 3896 loco
880 3882 896 3907 ,
924 3841 1007 3895 vel
1046 3856 1229 3895 rerum
1258 3842 1522 3895 adversus
1548 3853 1713 3894 casus
1736 3853 2039 3893 evacuave~

470 3936 574 3989 rit:
620 3934 858 3989 virorum
909 3942 1088 3988 autem
1140 3945 1450 3988 sanctorum
1502 3932 1780 3987 memoria:
1832 3931 2028 3986 festam

468 4027 665 4094 lucem,
692 4025 866 4081 nullus
895 4026 1157 4081 exciderit
1178 4041 1373 4090 annus,
1430 4025 1672 4094 quandiu
1700 4024 1829 4078 anni
1854 4034 2038 4094 erunt,

469 4134 534 4173 ac
554 4126 738 4173 curret
757 4125 966 4187 tempus
982 4154 998 4179 ,
1032 4116 1338 4186 cmlumque
1364 4114 1581 4170 habebit
1596 4113 1789 4180 solem,
1810 4128 1874 4168 ac
1896 4123 2040 4170 terra

469 4218 653 4281 pascet
697 4223 826 4265 suas
869 4202 1209 4272 animantes,
1259 4220 1516 4277 mareque
1569 4206 1694 4260 item
1744 4205 2036 4276 proprias:

468 4301 711 4372 quinimo
731 4340 749 4368 ,
777 4309 836 4356 ut
865 4301 1049 4355 verius
1084 4300 1285 4366 dicam,
1328 4300 1414 4354 his
1447 4313 1663 4369 quoque
1694 4299 2035 4354 cessantibus

469 4393 779 4458 elementis,
808 4393 1024 4448 tametsi
1075 4398 1265 4463 putent
1299 4391 1504 4460 aliqui,
1545 4406 1820 4461 nunquam
1859 4400 2040 4446 tamen

2135 718 2365 789 πτωχῶν
2391 718 2448 773 δὲ
2486 717 2649 787 φυλαὶ
2676 716 2770 771 καὶ
2802 718 3049 786 πενήτων
3077 716 3236 788 ἑσμοὶ
3290 716 3475 787 κοινὴν
3513 716 3716 770 ἑστίαν

2131 810 2422 881 κέκτηνται
2466 809 2565 880 τήν
2609 807 2718 862 τῶν
2764 807 3056 879 μαρτύρων
3093 808 3399 863 ἀνάπαυσιν
3424 824 3439 838 -
3485 806 3715 879 ᾅδονται

2131 899 2190 952 δὲ
2216 897 2491 970 πανταχοῦ
2513 898 2619 970 γῆς
2639 898 2734 952 καὶ
2755 898 3025 970 θαλάττης
3044 900 3094 951 οί
3119 898 3412 970 μάρτυρες.
3438 897 3712 962 Εἰκότως,

2133 991 2229 1045 καὶ
2255 992 2393 1064 πρὸς
2419 981 2596 1058 ἀξίαν.
2633 991 2709 1045 Οὐ
2739 991 2868 1064 γὰρ,
2899 989 2974 1055 ὡς
2993 988 3198 1058 πολλοὶ,
3228 989 3327 1061 τὴν
3357 989 3717 1062 δικαιοσύνην

2135 1080 2532 1153 κατώρθωσανο
2569 1081 2717 1153 αύτῷ
2747 1081 2804 1135 δὲ
2833 1081 2912 1153 τῷ
2948 1081 3161 1153 σώματι
3188 1080 3282 1135 τὸν
3311 1079 3543 1152 σταυρὸν
3570 1081 3714 1136 ἐϐά-

2137 1191 2339 1230 στασαν
2360 1192 2376 1208 ’
2422 1175 2482 1228 ού
2517 1176 2776 1247 χρήματα
2824 1173 3160 1247 ὲσκόρπισαν
3184 1213 3203 1239 ,
3262 1173 3378 1228 ἀλλ’
3428 1169 3569 1246 αἷμα
3619 1174 3716 1242 ἑξ-

2141 1268 2326 1338 ἐχεον·
2359 1269 2420 1321 ού
2458 1267 2664 1340 πένητα
2685 1266 2977 1341 οἷκτειραν,
3010 1267 3127 1323 ἀλλ’
3155 1267 3383 1331 ἑαυτοὺς
3411 1268 3512 1321 οὐκ
3541 1266 3718 1338 ἠλέη-

2135 1370 2265 1411 σαν·
2306 1358 2407 1410 ούκ
2433 1359 2492 1412 ὲν
2522 1357 2878 1429 δεσμωτηρίῳ
2915 1357 3007 1412 τὸν
3077 1356 3462 1428 κεκακωμένον
3505 1357 3718 1411 ἐπεσκ-

2132 1449 2353 1520 έψαντο,
2387 1448 2501 1503 ἀλλ’
2523 1450 2677 1503 αὐτοὶ
2714 1449 2813 1513 τὰς
2841 1448 3058 1514 ἁλύσεις
3087 1447 3373 1521 ὲφόρεσαν.
3407 1448 3505 1502 Διά
3545 1448 3715 1501 τοῦτο

2131 1544 2231 1613 τῆς
2260 1542 2538 1614 ὑπομονῆς
2570 1543 2665 1597 καὶ
2696 1542 2796 1613 τῆς
2817 1541 3113 1607 κακώσεως
3144 1542 3468 1615 ἀντίρροπον
3494 1540 3595 1614 τήν
3621 1539 3716 1595 δό-

2133 1632 2232 1700 ξαν
2264 1635 2358 1688 καλ¹
2379 1635 2477 1706 τὴν
2503 1633 2667 1706 τιμὴν
2691 1634 3106 1707 ἐκαρπώσαντο.

2206 1912 2271 1967 υἱ
2300 1911 2399 1984 μὲν
2423 1905 2516 1966 οὖν
2548 1911 2822 1984 μάρτυρες
2845 1910 2990 1966 οὕτω
3011 1930 3025 1944 ·
3059 1913 3109 1967 οἱ
3136 1913 3192 1967 δὲ
3216 1913 3422 1969 τούτων
3443 1913 3706 1988 τύραννοι

2135 2006 2230 2060 καὶ
2269 2006 2448 2074 φονεῖς
2493 2002 2619 2070 ποῦ,
2655 2006 2706 2058 οἱ
2750 2003 2819 2060 τὰ
2851 2004 3031 2078 ὑψηλά
3082 2008 3480 2078 φρονήσαντες,
3510 2008 3611 2062 καὶ
3637 2009 3714 2063 τὰ

2137 2098 2460 2171 ὑπερήφανα
2486 2096 2910 2170 ἀπειλήσαντες,
2956 2099 3007 2152 οἱ
3042 2100 3134 2152 ἐπὶ
3180 2098 3385 2171 θρόνων
3417 2099 3715 2173 μετεώρων

2136 2186 2453 2257 καθήμενοι,
2482 2186 2689 2240 καὶτὸν
2715 2186 2923 2241 ἑαυτῶν
2944 2188 3179 2259 ἄρχοντα
3205 2188 3281 2259 μὴ
3304 2189 3672 2262 γνωρίσαντες
3692 2207 3708 2257 ;

2148 2277 2547 2351 Ἐὃρυχήσαντο
2584 2279 2724 2348 ὑπὲρ
2748 2280 2876 2344 τοὺς
2909 2278 3148 2345 λέοντας,
3181 2280 3414 2353 ἔδραμον
3441 2282 3583 2355 ὑπὲρ
3610 2283 3714 2348 τὰς

2108 2369 2461 2442 παρδάλεις,
2506 2370 2821 2443 ὲσπάραξαν
2861 2371 3002 2442 ὑπὲρ
3048 2372 3147 2437 τὰς
3188 2373 3459 2445 ἄρκτους,
3487 2373 3711 2444 ἐξέχεαν

2137 2461 2343 2531 αἵματα
2370 2462 2511 2516 κατὰ
2532 2463 2661 2526 τοὺς
2688 2461 2905 2530 λύκους,
2936 2463 3352 2535 ὲκακούργησαν
3381 2464 3460 2528 ὡς
3484 2467 3539 2520 αἱ
3566 2465 3713 2519 ἀλώ-

2138 2570 2324 2618 πεκες.
2379 2554 2600 2607 Κεῖνται
2657 2554 2768 2609 τῶν
2818 2553 2987 2609 ὄντων
3034 2546 3242 2627 νεκρών
3297 2555 3711 2629 μυσαρώτεροι,

2137 2645 2276 2720 λήθῃ
2303 2645 2578 2716 ἐκάλυψαν
2604 2645 2704 2717 τὴν
2722 2645 2867 2717 ζωὴν
2891 2646 3071 2700 αὐτῶν
3091 2664 3107 2680 ·
3129 2647 3310 2718 ἔχουσι
3341 2647 3398 2701 δὲ
3423 2648 3594 2718 τάφον
3618 2649 3715 2723 τὸν

2138 2738 2293 2811 ᾅδην,
2326 2740 2421 2793 καὶ
2443 2738 2644 2811 στήλην
2667 2738 2767 2812 τὴν
2791 2739 3068 2809 ἀσέϐειαν,
3092 2740 3188 2794 καὶ
3217 2742 3438 2814 μνήμην
3463 2741 3562 2813 τήν
3592 2742 3713 2796 ἀτι-

2140 2831 2297 2903 μίαν·
2354 2831 2704 2903 μετανοοῦσιν
2755 2831 2990 2905 ἀνόνητα
3016 2872 3030 2895 ,
3089 2832 3364 2886 στένουσιν
3424 2833 3709 2904 ἄπρακτα.

2136 2924 2276 2988 Τοὺς
2305 2922 2362 2977 δὲ
2391 2923 2541 2995 παρά
2578 2923 2783 2977 τούτων
2810 2923 3156 2987 αἰκισθέντας
3197 2924 3468 2990 διεδέξατο
3519 2926 3711 2999 μνήμη

2136 3016 2400 3087 ἄληκτος,
2445 3017 2673 3087 ἀγήρως
2709 3015 2950 3081 ἔπαινος.
2982 3016 3063 3071 Td:
3092 3016 3201 3089 γὰρ
3248 3016 3560 3090 διηγήματα
3612 3019 3713 3073 καὶ

2137 3108 2236 3172 τάς
2265 3108 2428 3180 τιμάς
2447 3109 2496 3163 oi
2528 3109 2970 3182 μεθηλικέστεροι
3000 3111 3151 3181 παρὰ
3175 3110 3284 3165 τῶν
3320 3110 3714 3184 πρεσϐυτέρων

2141 3203 2544 3275 ὑποδεχόμενοι,
2578 3204 2672 3259 καὶ
2715 3205 2937 3270 πάππος
2984 3205 3227 3276 ὲγγόνῳ,
3257 3206 3291 3278 ἢ
3340 3207 3523 3278 πατὴρ
3554 3207 3713 3263 παιδὶ

2141 3294 2525 3369 παραδιδόντες
2567 3296 2667 3368 τὴν
2712 3298 2793 3360 είς
2834 3297 3032 3361 αὐτοὺς
3078 3295 3399 3369 θεραπείαν,
3442 3298 3714 3353 ἀθάνατον

2141 3386 2352 3441 ποιοῦσι
2402 3386 2494 3439 τὸν
2535 3386 2772 3441 ἔπαινον·
2822 3387 2919 3442 xui.
2957 3387 3147 3460 ὥσπερ
3190 3387 3314 3443 τινά
3345 3387 3713 3461 κληρονομίαν

2140 3479 2336 3534 ἄσυλον
2378 3478 2478 3543 τάς
2502 3478 2695 3551 έορτάς
2712 3478 2914 3544 ταύτας
2938 3481 2996 3534 ὲν
3028 3479 3300 3551 διαδοχαῖς
3330 3479 3490 3545 σώζει
3520 3481 3550 3534 ό
3577 3479 3712 3550 βίος,

2140 3572 2173 3643 ἢ
2233 3572 2430 3643 μᾶλλον
2481 3572 2575 3624 καὶ
2626 3572 2994 3643 κληρονομίας
3039 3572 3367 3644 τιμιώτατον
3398 3570 3445 3605 ⁸⁸
3499 3571 3710 3645 χρῆμα.

2140 3663 2524 3736 κληρονομίας
2556 3663 2657 3735 μὲν
2679 3663 2791 3735 γὰρ
2822 3664 2890 3718 τὰ
2943 3664 3102 3729 καλὰ,
3137 3664 3170 3735 ἦ
3199 3662 3404 3736 λῃστής
3438 3663 3712 3733 ἀφείλετο,

2140 3756 2174 3827 ἢ
2207 3756 2460 3826 πολέμιος
2495 3756 2736 3827 λάφυρον
2766 3755 2956 3810 ἔλαϐεν
2977 3795 2992 3819 ,
3025 3755 3058 3827 ἢ
3095 3756 3423 3827 περίστασις
3456 3755 3716 3827 πραγμά-

2140 3861 2248 3898 των
2285 3845 2549 3901 ἐκένωσεν
2567 3863 2582 3878 ο
2619 3847 2788 3917 ἁγίων
2813 3847 2870 3900 δὲ
2895 3846 3103 3918 ἀνδρῶν
3129 3846 3328 3919 ἑορτὴν
3354 3846 3531 3911 οὐδεὶς
3556 3847 3717 3901 ἐκκό-

2139 3935 2230 4006 ψει
2255 3935 2534 4000 ἐνιαυτὸς,
2580 3936 2772 4009 μέχρις
2812 3936 2877 3991 ἀν
2908 3932 3041 3989 ὦσιν
3092 3935 3362 3999 ἐνιαυτοὶ,
3396 3935 3488 3989 καὶ
3525 3936 3717 4006 χρόνος

2140 4027 2358 4100 τρέχει,
2384 4029 2611 4100 οὐρανὸς
2644 4029 2742 4102 ἔχῃ
2768 4029 2859 4083 τὸν
2876 4028 3046 4100 ἥλιον,
3077 4029 3174 4082 καὶ
3199 4028 3272 4099 γῆ
3299 4027 3481 4099 βόσκει
3506 4028 3576 4081 τά
3600 4028 3709 4082 ἴδια

2143 4118 2277 4184 ζῶα,
2313 4120 2407 4174 καὶ
2435 4120 2677 4174 θάλασσα
2704 4119 2775 4174 τά
2802 4119 3076 4192 ἐξαίρετα.
3112 4119 3186 4173 Τὸ
3212 4119 3268 4172 δὲ
3293 4119 3490 4192 ἀληθὲς
3519 4122 3712 4185 εἰπεῖν,

2143 4212 2235 4265 καὶ
2277 4212 2386 4265 τῶν
2429 4211 2707 4283 στοιχείων
2756 4211 3129 4283 παυσαμένων
3180 4211 3406 4276 τούτων,
3458 4212 3560 4267 κάν
3606 4231 3715 4267 τισι

2141 4303 2306 4368 δοκεῖ,
2338 4303 2633 4376 μαρτύρων
2685 4303 2781 4358 κα)⁸
2825 4302 3048 4358 δικαίων
3080 4304 3140 4357 ού
3176 4302 3533 4375 σϐεσθήσεται
3562 4304 3711 4370 δόξα,

2144 4393 2265 4447 οὐδὲ
2292 4393 2681 4466 συναποθνήξει
2712 4396 2778 4466 τῇ
2812 4393 3143 4466 δημιουργίᾳ
3181 4393 3249 4447 τὰ
3284 4394 3405 4446 κατ’
3434 4392 3710 4457 ἐκείνους⁹

472 4493 768 4557 martyrum
816 4498 882 4539 ac
922 4483 1195 4554 justorutn
1247 4482 1419 4552 gloria
1481 4483 1876 4552 exstinguetur,
1942 4497 2035 4538 nec

2143 4485 2279 4540 ἀλλά
2301 4486 2421 4540 τότε
2461 4487 2555 4541 καὶ
2591 4486 2792 4558 μᾶλλον
2821 4485 3168 4557 ἀνθήσουσιν,
3202 4485 3339 4557 πρὸς
3374 4482 3469 4556 τὴν
3504 4484 3716 4557 ἄφθαρ-

470 4594 594 4633 cum
638 4586 822 4635 creato
856 4578 1058 4632 mundo
1096 4577 1295 4633 visibili
1324 4578 1644 4645 morientur,
1686 4593 1807 4649 qua:
1847 4591 2035 4632 eorum

2143 4594 2233 4631 τον
2265 4577 2410 4649 ζωὴν
2444 4575 2949 4649 μετακοσμηθεξσης
2976 4576 3075 4647 τῆς
3100 4575 3540 4647 ἀνθρωπότητος.

469 4674 701 4730 celebris
732 4675 1008 4730 memoria:
1027 4681 1191 4740 sunt;
1226 4673 1355 4744 quin
1382 4684 1438 4729 et
1462 4673 1650 4744 majori
1692 4685 1822 4730 tunc
1878 4675 2072 4728 decore
2120 4671 2421 4737 ﬂorebunt,
2478 4675 2830 4730 transmutata
2874 4672 2930 4728 in
2986 4673 3151 4727 vitam
3205 4674 3567 4741 incorruptam
3620 4654 3715 4729 hu1

472 4784 635 4826 mana
662 4778 875 4824 natura.

543 4863 695 4919 Licet
726 4871 906 4919 autem
937 4861 1230 4920 incredulis
1251 4902 1267 4929 ,
1306 4878 1372 4919 ac
1417 4864 1482 4919 iis
1509 4866 1599 4937 qui
1630 4865 1697 4920 de
1723 4867 1903 4920 futura
1941 4879 2040 4935 spe

469 4964 658 5015 nostra
686 4955 986 5026 ambigunt,
1011 4968 1078 5010 ex
1108 4955 1176 5011 iis
1197 4970 1318 5025 quae
1338 4971 1453 5011 aevo
1483 4957 1583 5012 hoc
1611 4967 1863 5027 aguntur,
1891 4968 2038 5011 certa

472 5050 627 5105 bona
663 5047 1315 5118 nostrte’exspectationis
1347 5048 1594 5118 accipere
1614 5050 1860 5119 pignora.
1894 5049 2037 5103 Ecce

470 5140 761 5209 enim'per
801 5139 1117 5196 universum
1173 5139 1359 5196 orbem
1411 5140 1664 5209 impletus
1704 5150 1789 5195 est
1838 5139 2040 5196 Christi

470 5232 798 5288 athletarum
828 5232 1101 5301 circulus,
1152 5247 1252 5288 nec
1294 5241 1381 5287 est
1419 5231 1570 5287 locus
1603 5232 1765 5302 ullus,
1801 5248 1908 5303 quo
1937 5248 2047 5288 non

470 5340 658 5381 eorum
687 5326 945 5381 memoria
967 5326 1268 5392 habeatur;
1296 5323 1532 5394 annique
1559 5336 1800 5395 tempora
1830 5326 2044 5391 omnia,

473 5426 635 5473 terrae
658 5416 816 5472 donis
844 5432 909 5473 ac
954 5416 1200 5488 frugibus
1244 5419 1453 5489 potiora
1488 5416 1726 5490 pugilum
1758 5426 1929 5487 gesta,
1958 5430 2048 5471 ce-

475 5508 765 5565 lebraturis
799 5523 864 5564 ac
912 5508 1051 5565 festa
1098 5511 1387 5581 agentibus
1417 5510 1725 5567 conferunt.
1778 5510 2042 5577 Quocirca

478 5610 537 5655 ut
583 5601 782 5671 aliquis
819 5600 1040 5657 sedulus
1089 5612 1236 5661 esset
1282 5615 1578 5677 martyrum
1609 5619 1837 5670 amans,
1888 5610 2049 5673 atque

547 5781 595 5815 “’
628 5782 701 5837 ίσ.
731 5780 1078 5854 τιμιώτερον.

2226 4862 2473 4927 Ἔξεστιν
2493 4857 2550 4911 δὲ
2574 4858 2685 4921 τοῖς
2714 4855 2981 4922 ἀπίστοις,
3014 4853 3109 4906 καὶ
3139 4852 3267 4925 περὶ
3293 4852 3394 4923 τῆς
3417 4851 3713 4924 μελλούσης

2148 4953 2359 5016 ἐλπίδος
2398 4947 2555 5022 ἡμῶν
2584 4946 3037 5018 ἀμφιϐάλλουσιν,
3082 4945 3192 4998 ἀπὸ
3224 4944 3333 4997 τῶν
3366 4945 3424 4995 ὲν
3456 4942 3594 5015 τῷδε
3639 4941 3714 5013 τῷ

2152 5047 2249 5118 βίῳ
2295 5042 2704 5117 πραττομένων,
2747 5039 2850 5110 τῆς
2905 5037 3117 5108 ἀγαθῆς
3175 5036 3505 5109 προσδοκίας
3557 5035 3713 5107 ήμῶν

2148 5137 2338 5193 λαϐεῖν
2383 5134 2575 5207 βέϐαια
2618 5131 2685 5186 τὰ
2714 5131 2966 5203 ἐνέχυρα.
3029 5130 3159 5184 Ἰδοὺ
3206 5128 3316 5200 γὰρ
3360 5127 3713 5200 πεπλήρωται

2146 5228 2297 5302 παρά
2323 5228 2425 5298 τῆς
2457 5224 2779 5296 οἰκουμένης
2804 5224 3001 5286 κύκλος
3025 5222 3132 5276 τῶν
3176 5220 3424 5291 ἀθλητῶν
3447 5219 3541 5273 τοῦ
3578 5221 3711 5292 Χρι-

2145 5321 2298 5388 στοῦ,
2334 5321 2429 5375 καὶ
2457 5319 2565 5383 πᾶς
2600 5318 2768 5381 τόπος
2808 5316 2919 5387 ἔχει
2962 5313 3070 5369 τῶν
3110 5313 3279 5384 ἁγίων
3307 5313 3405 5385 τήν
3458 5313 3710 5385 μνήμην·

2147 5417 2349 5477 πάντες
2377 5412 2434 5465 δὲ
2467 5409 2646 5480 καιροὶ
2678 5408 2960 5481 κρείττονα
2983 5405 3090 5460 τῶν
3120 5404 3228 5459 ἀπὸ
3263 5405 3367 5475 γῆς
3394 5402 3585 5475 δώρων
3624 5403 3713 5457 καὶ

2148 5504 2562 5580 βλαστημάτων,
2612 5501 2682 5553 τὰ
2717 5500 2825 5555 τῶν
2870 5497 3187 5569 ἀγωνιστῶν
3230 5499 3344 5561 τοῖς
3395 5494 3707 5568 ἑορτάζουσι

2147 5600 2460 5676 χαρίζονται
2498 5596 2832 5670 διηγήματα.
2875 5593 2964 5656 Ὠς
2998 5591 3049 5645 εί
3075 5608 3162 5653 τις
3189 5584 3257 5661 ἦν
3288 5587 3574 5653 σπουδαῖος
3601 5586 3702 5643 τῶν
