3856 6274
105 311 222 366 521

1189 303 1473 362 HOMILIA
1503 302 1570 358 Χ.
1595 301 1662 357 IN
1700 301 1805 359 SS.
1840 300 2248 358 MARTYRES.

3274 297 3381 355 59.2

107 421 420 494 μαρτύρων
459 418 646 489 φίλος,
697 417 850 471 ἔθετο
871 418 929 472 δὲ
966 417 1226 491 φροντίδα
1261 419 1373 480 τοῖς
1413 413 1524 469 τῶν
1560 414 1698 468 ὅλων

1824 413 2041 467 imnium
2074 409 2435 481 pastionibus,
2478 406 2602 466 festi
2632 406 2790 463 vellet
2828 405 3148 464 celebritate
3180 409 3336 464 litare
3356 451 3380 477 ,

105 511 522 584 πανηγυρίζειν
557 508 804 568 πάθεσιν,
841 509 943 562 οὐκ
971 508 1038 562 ἂν
1065 507 1278 579 ἡμέραν
1300 505 1574 578 παρῆλθεν
1603 503 1698 558 τοῦ

110 604 373 660 ἐνιαυτοῦ
401 603 677 674 ἀνέορτον.
723 603 901 656 Πᾶσαι
925 601 1035 672 γὰρ
1079 601 1261 672 ἔχουσι
1294 600 1579 672 κρείττονα
1603 595 1698 651 τοῦ

110 697 354 770 ἡλιακοῦ
394 695 594 750 κύκλου
635 695 857 764 κόσμον,
888 695 955 748 τά
992 693 1102 748 τῶν
1135 693 1397 762 γενναίων
1426 692 1701 763 ἀνδραγαο

115 790 370 862 θήματα.
416 787 634 856 Ἐπειδὴ
663 785 772 857 γάρ
795 789 824 840 ὁ
853 789 966 848 τοῖς
991 787 1174 849 καλοῖς
1224 783 1698 854 ἀντιτεταγμένος,

121 877 360 949 σφώρὸν
402 876 539 947 πρὸς
568 875 628 928 τὸ
666 877 961 947 μυστήριον
997 873 1333 946 Χριστιανῶν
1376 872 1699 943 ὲπηρίσατο,

121 974 339 1034 πάντας
385 969 443 1022 δὲ
490 968 714 1022 πάσσων
757 969 823 1039 τῇ
858 966 1028 1032 κόνει,
1061 969 1171 1030 τοῖς
1219 965 1366 1029 ἰδίοις
1394 965 1702 1034 φρονήμασι

122 1061 392 1134 χωννύειν
449 1059 803 1124 ἐσπούδαζεν,
863 1059 957 1114 καὶ
1011 1058 1188 1130 μάτην
1239 1055 1545 1126 ὲνασχολεῖν
1590 1059 1702 1120 τοῖς

121 1152 527 1225 ἑπιτηὰύμασι
561 1151 656 1205 τοῦ
700 1150 871 1222 πηλοῦ
892 1167 907 1181 ο
945 1150 1184 1222 ἀρίστων
1207 1146 1414 1220 ἀνδρῶν
1447 1146 1649 1217 πλῆθος
1676 1149 1705 1200 ὁ

121 1248 258 1311 Θεὸς
286 1245 518 1314 ἀλείψας
550 1247 661 1308 τοῖς
689 1242 1134 1315 παραγγέλμασι,
1161 1241 1256 1293 καὶ
1282 1240 1703 1312 παιδοτριϐήσας

122 1340 264 1410 πρὸς
296 1337 600 1408 καρτερίαν
640 1337 734 1390 καὶ
765 1335 1014 1407 δύναμιν,
1044 1333 1368 1403 ἀντέστησεν
1395 1331 1474 1402 τῷ
1499 1333 1707 1386 ἀναιδεῖ

124 1433 223 1486 καὶ
269 1429 547 1500 ἐπιϐούλῳ
596 1429 696 1499 τῆς
739 1428 1170 1500 ἀνθρωπότητος.
1225 1420 1382 1479 Οὗτοι
1422 1424 1478 1477 δὲ
1521 1425 1702 1479 καινὸν

123 1520 494 1590 ἠγωνίσαντο,
527 1519 616 1572 καὶ
654 1519 714 1572 οὐ
759 1517 848 1571 τὸν
879 1517 1081 1589 συνήθη
1114 1515 1319 1584 ἀγῶνα.
1361 1517 1434 1568 Οὐ
1473 1514 1579 1586 γὰρ
1612 1517 1703 1569 τύ-

126 1629 359 1676 πτοντες
404 1613 439 1682 ἢ
482 1610 778 1683 ῥηγνύντες
821 1610 1130 1682 ἐκράτησαν
1155 1624 1172 1638 ’
1224 1607 1360 1663 ἀλλά
1406 1608 1706 1679 πάσχοντες

127 1706 468 1776 ἠρίστευσαν
501 1705 598 1757 καὶ
633 1703 982 1775 σφαζόμενοι,

200 1882 319 1934 Καὶ
353 1881 530 1942 ποῖον,
565 1879 745 1950 ἐρεῖς,
787 1878 816 1930 ὁ
849 1878 1156 1950 ἀκροατὴς,
1193 1879 1393 1950 κράτος
1435 1877 1708 1947 πολέμου;

124 1975 213 2038 τίς
253 1973 312 2026 δὲ
345 1971 694 2042 εὐδοκίμησις
721 1969 857 2041 αῦτη
883 2010 898 2034 ,
947 1970 1008 2023 τὸ
1053 1970 1452 2042 στρεϐλωθῆναι
1482 1971 1576 2022 καὶ
1606 1986 1710 2039 μα-

130 2065 448 2136 πιχθῆναι,
479 2064 571 2116 καὶ
603 2061 739 2134 πρός
768 2079 831 2130 γε
865 2059 954 2115 διὰ
1003 2062 1206 2134 πυρὸς,
1241 2062 1274 2132 ἢ
1311 2061 1517 2132 ξίφους,
1549 2061 1582 2131 ἢ
1611 2079 1712 2115 κα·

129 2156 361 2218 κὼσεως
401 2152 794 2224 δεσμωτηρίων
837 2151 1145 2206 καταλῦσαι
1196 2152 1284 2204 τὸν
1339 2151 1492 2222 βίον;
1553 2151 1714 2205 Ἀλλά

129 2249 273 2320 μάθε
301 2287 317 2312 ,
368 2247 448 2309 ὡς
495 2247 546 2298 οἱ
589 2246 728 2316 ὑπὲρ
772 2243 1048 2306 εὐσεϐείας
1099 2243 1346 2314 πόλεμοι,
1387 2242 1713 2297 ἀπεναντίου

129 2335 533 2410 κατορθοῦνται
563 2334 671 2387 τῶν
700 2334 894 2388 ἄλλων.
927 2335 987 2386 Οί
1018 2333 1113 2404 μὲν
1139 2334 1247 2403 γάρ
1275 2335 1330 2385 ἐν
1359 2331 1437 2401 τῷ
1459 2331 1714 2402 φονεῦσαι

128 2426 232 2494 τὴν
261 2422 548 2495 ἀριστείαν
583 2421 800 2493 ἔχουσι’
836 2423 886 2475 οἱ
915 2421 992 2484 δὲ,
1028 2421 1117 2475 διά
1150 2422 1244 2474 τοῦ
1278 2421 1468 2475 παθεῖν
1493 2422 1587 2476 καὶ
1620 2440 1716 2475 πε-

131 2519 250 2568 σεῖν
281 2513 635 2583 ὲνεργοῦνται
683 2511 787 2584 τὴν
833 2512 1011 2584 νίκην.
1065 2512 1351 2584 Παρρησία
1396 2512 1454 2566 δὲ
1492 2513 1716 2568 δικαίων

129 2607 349 2660 ὲκτελεῖ
379 2607 481 2669 τὰς
506 2606 645 2677 ὑπὲρ
672 2603 764 2658 τοῦ
798 2604 1002 2675 κόσμου
1039 2605 1334 2676 πρεσϐείας
1356 2621 1370 2636 ο
1399 2604 1494 2659 καὶ⁸
1527 2605 1716 2660 ἔλαθεν

129 2699 158 2749 ό
214 2697 419 2768 ἐχθρὸς
477 2697 590 2759 τοῖς
648 2694 911 2758 ἐναντίοις
974 2693 1304 2765 περιπεσὼν,
1354 2693 1388 2764 ἢ
1444 2694 1713 2749 ἐϐούλετο.

135 2794 340 2853 Ὀσους
371 2787 483 2858 γάρ
514 2786 742 2856 ἔσφαξεν
781 2787 1234 2859 μαρτυρήσαντας
1257 2826 1270 2848 ,
1301 2784 1590 2849 τοσούτους
1624 2787 1719 2840 ἀν-

135 2881 377 2954 θρώπων
422 2879 650 2952 βοηθοὺς
697 2878 1128 2948 παρεσκεύασεν.
1177 2877 1290 2932 Καὶ
1328 2877 1422 2930 ἐπὶ
1455 2877 1636 2949 πάσης
1661 2877 1717 2930 δὲ

136 2973 395 3044 πράξεως
423 2971 581 3024 τοῦτο
609 2970 833 3042 πάσχων
871 2970 1182 3043 εὑρίσκεται
1205 2989 1218 3000 ·
1251 2970 1374 3024 ὅθεν
1409 2971 1720 3042 ἐμποδίζειν

135 3066 312 3118 οἴεται
359 3063 461 3134 τὴν
513 3061 814 3126 εὐσέϐειαν,
864 3058 1262 3125 κατασκευάζει
1305 3061 1401 3132 τῆς
1437 3060 1716 3125 εὐσεϐείας

1811 521 1881 560 ne
1913 505 2054 558 diem
2106 504 2321 571 quidem
2369 501 2421 554 in
2472 513 2613 555 anno
2656 515 2762 554 non
2817 499 3012 554 festum
3055 503 3379 570 praeteriret.

1815 595 2064 653 Universi
2095 595 2295 651 etenim
2325 593 2483 650 solari
2517 594 2632 664 ipso
2653 592 2812 663 globo
2841 592 3190 649 illustriorem
3219 611 3381 650 mun-

1813 689 1942 742 dum
1967 726 1983 750 ,
2014 686 2272 757 praeclara
2319 696 2666 739 strenuorum
2719 683 2956 738 virorum
2995 684 3235 740 facinora
3284 687 3386 742 ha.

1808 780 1958 834 bent.
1982 778 2118 846 Quia
2139 780 2281 832 enim
2314 776 2380 840 is,
2407 777 2496 846 qui
2527 777 2680 832 bonis
2701 778 3041 843 adversatur,
3066 779 3116 834 vi
3148 781 3384 835 maxima

1812 871 2240 926 Christianorum
2291 868 2614 938 moliebatur
2655 870 2990 938 pessundare
3040 871 3387 940 mysterium,

1810 963 2202 1029 universosque
2247 959 2546 1014 furfuribus
2591 975 2885 1031 aspergens
2908 999 2926 1025 ,
2958 963 3132 1016 sensis
3164 965 3278 1018 suis
3324 981 3389 1018 ae

1813 1054 2095 1109 aﬂ'ectihns
2146 1054 2376 1108 obruere
2405 1053 2695 1118 nitebatur,
2749 1069 2813 1108 ac
2854 1070 3010 1109 casso
3047 1054 3250 1122 labore,
3285 1057 3383 1112 Iuli

1811 1145 2065 1214 Operibns
2093 1159 2396 1215 occupare;
2439 1154 2784 1199 strenuorum
2831 1145 2976 1200 Deus
3010 1148 3250 1201 virorum
3295 1164 3389 1202 co-

1812 1233 1954 1302 piam
2007 1234 2226 1288 tuonitis
2278 1235 2590 1299 instruens,
2625 1242 2787 1303 atque
2820 1235 2886 1290 ad
2933 1236 3268 1291 tolerandum
3324 1255 3392 1292 ac

1815 1324 2035 1378 virtutis
2057 1324 2322 1379 edendum
2340 1325 2611 1393 specimen
2632 1364 2647 1388 ,
2677 1325 2931 1380 erudiens
2957 1327 3384 1397 informansqne,

1814 1415 2105 1486 impudenti
2127 1417 2224 1480 illi,
2250 1433 2314 1472 ac
2342 1417 2551 1472 insidiis
2575 1418 2865 1472 humanum
2899 1421 3168 1488 appetenti
3197 1435 3387 1487 genus,

1813 1509 2032 1577 objecit.
2098 1507 2161 1562 Hi
2195 1525 2322 1564 vero
2374 1525 2570 1564 novum
2605 1510 2970 1573 desudarunt,
3008 1525 3070 1566 ac
3101 1513 3232 1566 nihil
3263 1529 3391 1567 con-

1815 1610 2030 1654 suetum
2096 1611 2392 1655 certamen.
2424 1599 2536 1654 Nec
2563 1601 2708 1654 enim
2732 1600 2988 1656 caedendo
3014 1617 3076 1656 ac
3103 1603 3246 1658 acies
3276 1620 3392 1673 pero

1815 1687 2099 1760 fringendo
2131 1692 2361 1745 victores
2404 1692 2736 1747 exstiterunt
2759 1733 2774 1759 ,
2811 1693 2907 1748 sed
2941 1696 3191 1762 patiendo
3229 1704 3392 1765 atque

1739 1789 1782 1844 Β
1811 1781 1976 1835 occisi
2012 1791 2231 1838 strenue
2265 1784 2589 1837 habuerunt.

1884 1872 2067 1940 Qualis
2090 1889 2238 1937 vero,
2271 1875 2501 1943 inquies,
2535 1874 2766 1938 auditor,
2797 1875 3200 1931 bellivictoria?
3224 1877 3397 1944 Quod»

1815 1979 1941 2018 nam
1971 1974 2146 2019 autem
2199 1981 2366 2035 genus
2397 1967 2524 2022 illud
2573 1969 2849 2033 facinoris,
2878 1980 2933 2021 ut
2967 1970 3246 2022 tormentis
3274 1971 3396 2038 quis

1816 2069 1880 2107 ac
1907 2055 2220 2108 verberibus
2265 2054 2618 2122 subjiciatur;
2656 2059 2722 2110 ad
2771 2057 2883 2110 haec
2918 2065 3122 2119 autem,
3157 2065 3214 2110 ut
3246 2057 3391 2125 igni,

1814 2144 1897 2197 vel
1923 2143 2121 2214 gladio,
2156 2155 2250 2198 aut
2312 2147 2549 2202 carceris
2591 2149 2951 2202 maceratione
2993 2148 3144 2202 finiat
3177 2150 3388 2205 vitam?

1816 2233 2012 2290 Verum
2042 2238 2277 2298 noveris,
2315 2252 2434 2305 qua:
2465 2237 2605 2292 bella
2641 2239 2966 2308 suscipimus
2988 2239 3206 2308 pietatis
3229 2256 3380 2312 ergo,

1817 2343 1975 2384 secus
2012 2329 2124 2398 geri
2157 2338 2319 2398 atque
2371 2327 2494 2384 alia.
2530 2328 2663 2384 Nam
2715 2329 2817 2382 alia
2855 2330 3070 2396 quidem
3114 2329 3290 2398 bella,
3331 2335 3387 2388 in

1816 2422 2052 2476 caedibus
2100 2435 2161 2474 ac
2211 2431 2390 2490 strage
2427 2421 2696 2484 hostium,
2741 2422 3070 2477 fortitudinis
3111 2425 3392 2493 specimen

1819 2515 2055 2578 habent;
2093 2513 2209 2567 haec
2238 2523 2418 2567 autem
2489 2513 2815 2569 certantium
2848 2515 3099 2584 passione
3130 2531 3195 2570 ac
3226 2528 3401 2571 morte

1816 2605 2095 2658 victoriam
2125 2605 2363 2674 pariunt.
2394 2604 2565 2660 Porro
2594 2604 2808 2668 sancti,
2837 2619 2934 2673 pro
2965 2621 3027 2660 ea
3054 2621 3159 2675 qua
3191 2607 3395 2675 pollent

1821 2697 2042 2764 ﬁducia,
2079 2699 2261 2753 mundi
2299 2698 2686 2754 intercessores
2716 2697 3008 2766 exsistunt,
3041 2701 3400 2770 nesciensque

1819 2789 1992 2845 hOStis
2018 2829 2034 2854 ,
2067 2791 2118 2845 in
2149 2804 2337 2845 eorum
2364 2805 2486 2860 quae
2526 2790 2760 2846 habebat
2785 2792 3080 2860 proposita,
3115 2794 3393 2847 contraria

1819 2879 2025 2935 incidit.
2059 2879 2200 2948 Quot
2232 2882 2374 2936 enim
2408 2881 2672 2952 martyrio
2699 2881 3015 2943 perfunctos
3051 2882 3290 2946 occidit,
3321 2892 3400 2935 tot

1820 2971 2098 3028 hominum
2151 2972 2428 3040 adjutores
2472 2971 2620 3027 fecit.
2675 2969 2998 3040 Videasque,
3041 2972 3094 3025 in
3143 2972 3399 3027 omnibus

1820 3079 1939 3135 qua:
1967 3064 2302 3136 designavit,
2335 3065 2436 3119 hoc
2469 3063 2642 3133 ipsum
2680 3078 2898 3133 passum
2940 3078 3079 3118 esse.
3117 3062 3272 3118 Unde
3298 3077 3399 3131 pu-

135 3156 234 3227 τὴν
269 3153 524 3224 αὔξησιν.
560 3153 651 3224 Τῷ
685 3151 795 3225 γὰρ
830 3151 998 3224 μωρῷ
1025 3152 1123 3206 καὶ
1150 3151 1364 3224 ἄφρονι,
1393 3154 1472 3215 είς
1498 3145 1715 3206 τούναν-

1824 3165 1899 3210 tat
1946 3155 2133 3225 pietati
2173 3169 2232 3210 se
2270 3153 2709 3223 impedimentum
2736 3151 3065 3215 allaturum;
3135 3153 3261 3208 inde
3307 3168 3405 3207 au-

133 3248 250 3302 τὶον
299 3249 330 3301 ὁ
376 3247 543 3316 σοφὸς
585 3246 718 3310 Θεὸς
761 3246 1070 3318 περιίστησι
1115 3245 1184 3300 τά
1215 3246 1575 3317 βουλεύματα.
1609 3247 1720 3300 Καὶ

144 3337 298 3392 τοῦτο
343 3340 460 3400 τοῖς
511 3336 828 3410 πράγμασιν
857 3335 1087 3389 ἑκάστου
1135 3337 1330 3408 καιροῦ
1371 3337 1713 3408 παρακολου-

137 3431 364 3496 θοῦντες
396 3431 744 3501 εὑρίσκομεν,
784 3429 882 3501 τὴν
911 3429 1124 3483 ἔκθεσιν
1150 3429 1245 3482 τοῦ
1284 3430 1581 3495 Μωῡσέως,
1619 3430 1720 3501 τὴν

137 3523 349 3592 πράσιν
371 3522 469 3576 τοῦ
508 3524 727 3594 Ἰωσήφ.
773 3521 948 3586 Εὐθὺς
971 3523 1028 3576 ὲν
1060 3521 1200 3594 ἀρχῇ
1228 3523 1317 3576 τὸν
1346 3521 1598 3593 δεύτερον
1622 3522 1718 3576 ἀν·

138 3616 365 3687 θρωπον
421 3614 513 3668 τὸν
589 3613 760 3667 Ἀϐελ
807 3615 1118 3684 ἐφόνευσεν,
1175 3614 1265 3668 ἵνα
1318 3613 1428 3668 τῶν
1482 3613 1720 3666 εὐσεϐῶν

139 3703 354 3774 ἐκκόψῃ
389 3701 451 3755 τὸ
473 3703 716 3774 σπέρμα,
751 3704 845 3756 καὶ
868 3702 1178 3775 τοῦμπαλιν
1215 3702 1452 3773 ἐγένετο.
1494 3705 1721 3758 Ἔκτοτε

140 3795 253 3866 γὰρ
274 3794 592 3866 ἀνδροφόνοι
617 3794 900 3866 μισοῦνται
934 3795 1200 3868 σφοδρῶς,
1230 3794 1288 3860 ἐξ
1317 3787 1378 3849 οὐ
1401 3795 1542 3850 Κάῖν
1571 3795 1721 3869 παρά

140 3886 234 3939 τοῦ
268 3885 411 3938 Θεοῦ
436 3884 742 3957 ητηράθη.
775 3885 852 3938 Τὸ
881 3884 976 3954 τοῦ
1011 3883 1270 3957 Χριστοῦ,
1297 3885 1380 3938 ὅτι
1417 3884 1721 3956 ἐνήργησεν

149 3978 228 4041 εἰς
273 3976 565 4042 Ἰουδαίους
613 3980 641 4031 ό
679 3977 956 4044 Σατανᾶς,
991 3977 1078 4032 ἵνα
1107 3975 1494 4048 σταυρώσωσιν
1537 3976 1720 4032 αὐτόν.

144 4070 218 4123 Τὸ
247 4070 384 4124 αὐτὸ
422 4070 488 4141 δὴ
515 4069 612 4124 καὶ
651 4068 745 4124 ἐπὶ
780 4073 894 4134 τοῖς
924 4070 1160 4141 μάρτυσι
1194 4068 1484 4133 πέπονθεν,
1515 4061 1592 4123 ὧν
1623 4085 1723 4123 κα-

149 4161 483 4234 ταφρονοῦσι
509 4163 691 4217 πολλοὶ
713 4163 971 4227 ὐπουδίας
993 4163 1175 4227 ἀνείας
1198 4164 1265 4230 ⁴¹,
1297 4161 1720 4228 ὲξευτελίζοντες

146 4253 330 4306 αὐτῶν
368 4253 431 4306 τὸ
467 4252 706 4324 ἀξίωμα.
759 4253 874 4307 Οὐκ
920 4253 1204 4325 ἄνθρωπός
1244 4255 1421 4320 ὲστιν;
1453 4254 1554 4307 οὐκ
1599 4253 1723 4306 ἑδα-

149 4347 368 4418 πανήθη
395 4345 457 4400 τὸ
484 4345 642 4416 σῶμα
664 4363 680 4412 ;
709 4346 810 4400 οὐκ
837 4347 898 4400 ὲν
924 4346 1127 4416 ὀλίγοις
1155 4347 1447 4418 λειψάνοις,
1476 4346 1570 4401 καὶ
1600 4345 1724 4399 τού-

1821 3260 2094 3321 εηηθιιιυηι
2147 3249 2335 3317 pietati
2411 3248 2652 3304 asciscit.
2699 3249 2792 3304 Dei
2849 3261 3080 3316 namque
3105 3246 3406 3316 sapientia,

1820 3342 1984 3397 stulto
2015 3341 2088 3396 illi
2130 3357 2196 3396 ac
2237 3342 2430 3397 insano
2471 3341 2695 3396 consilia
2739 3341 2792 3395 in
2826 3340 3158 3396 contrarium
3194 3340 3402 3403 vertit,

1822 3434 1982 3505 idque
2007 3435 2102 3498 ita,
2142 3434 2404 3504 cuiusque
2439 3435 2695 3503 temporis
2735 3447 2822 3488 res
2859 3442 3041 3502 gestas
3065 3429 3393 3496 recolentes,

1821 3526 2017 3581 habere
2071 3526 2418 3593 invenimus;
2481 3535 2654 3596 puta,
2713 3525 2920 3596 Moysis
2978 3522 3406 3592 expositionem.

1822 3618 2182 3673 venditionem
2210 3617 2454 3688 Josephi.
2489 3617 2686 3672 Statim
2717 3616 2772 3670 in
2803 3615 3069 3685 principio
3102 3613 3402 3670 secundum

1823 3707 2094 3764 hominem
2143 3707 2366 3762 Abelem
2397 3707 2632 3771 occidit,
2660 3721 2767 3778 quo
2798 3707 3013 3775 piorum
3057 3703 3408 3760 exscinderet

1823 3813 2043 3866 semen;
2074 3813 2230 3854 secus
2261 3807 2441 3854 autem
2487 3797 2686 3854 evenit.
2718 3797 2800 3851 Ab
2837 3811 2903 3852 eo
2947 3796 3090 3852 enim
3133 3803 3400 3866 tempore,

1821 3903 1931 3958 quo
1977 3887 2119 3942 Deus
2188 3887 2468 3942 maledixit
2523 3884 2694 3953 Cain,
2745 3886 2894 3956 gravi
2950 3883 3234 3938 homicidas
3283 3885 3410 3938 odio

1825 3981 2111 4036 habentur.
2142 3979 2231 4034 Sic
2264 3981 2316 4034 in
2369 3978 2610 4045 Christo,
2650 3994 2809 4049 quem
2851 3977 3082 4032 Satanas
3109 3976 3256 4031 cruci
3289 3975 3410 4031 atii-

1825 4075 2052 4145 gendum
2089 4073 2140 4127 in
2181 4069 2489 4127 Judaorum
2517 4073 2729 4127 animos
2778 4069 3022 4125 immisit.
3064 4070 3181 4125 Hoc
3222 4069 3411 4139 utique

1827 4163 1999 4235 ipsum
2048 4163 2124 4218 illi
2173 4162 2227 4216 in
2277 4162 2604 4233 martyribus
2655 4160 2872 4226 accidit,
2927 4174 3157 4229 quorum
3222 4159 3408 4228 plures

1825 4257 2210 4312 subterraneas
2245 4255 2537 4311 memorias
2589 4262 2884 4324 spernunt,
2916 4267 3102 4308 eorum
3133 4252 3412 4307 elevantes

1828 4366 1893 4408 ac
1929 4350 2019 4405 vili
2048 4351 2342 4421 pendentes
2372 4347 2709 4419 dignitatem.
2758 4345 2951 4400 Nonne
2973 4384 2990 4410 .
3023 4344 3294 4413 inquiunt,
3321 4343 3412 4399 ille

148 4456 261 4502 τοις
302 4438 758 4510 ὲγκεχωσμὲνοις,
805 4437 1041 4511 αὐτῶνὴ
1097 4441 1320 4511 μνήμη;
1377 4439 1629 4494 Μάλιστα
1660 4438 1715 4509 δὴ

1830 4443 1993 4500 homo
2040 4441 2163 4498 est?
2217 4455 2399 4496 nonne
2438 4453 2636 4510 corpus
2679 4437 3022 4507 absumptum
3061 4436 3187 4491 est?
3233 4450 3412 4490 nonne

150 4529 322 4583 ταῦτα
355 4527 618 4602 ’Έλληνες
666 4529 760 4584 καὶ
791 4531 1113 4602 Εὐνομιανοί
1157 4550 1320 4604 φασιν
1340 4549 1353 4563 ’
1397 4532 1639 4604 εἴπωμεν
1667 4531 1724 4585 δὲ

151 4623 286 4694 πρὸς
316 4623 684 4693 ἀμφοτέρους.

230 4803 429 4872 Ἡμεῖς
463 4801 746 4872 μάρτυρας
788 4802 848 4855 οὐ
897 4800 1330 4874 προσκυνοῦμεν,
1369 4800 1506 4855 ἀλλά
1550 4800 1725 4872 τιμῶ-

155 4910 272 4964 μεν,
317 4892 396 4956 ὡς
437 4892 693 4964 γνησίους
746 4895 1130 4966 προσκυντῃάς
1162 4892 1331 4947 Θεοῦο
1381 4894 1443 4946 οὐ
1496 4891 1727 4963 σέϐομεν

150 4982 476 5056 ἀνθρώπους
500 5023 516 5048 ,
555 4982 904 5055 θαυμάζομεν
948 4985 1004 5040 δὲ
1059 4987 1183 5049 τοὺς
1218 4987 1276 5038 ὲν
1317 4983 1494 5056 καιρῷ
1527 5002 1728 5054 πειρα-

154 5077 304 5148 σμῶν
321 5073 508 5138 καλῶς
531 5075 890 5140 σεϐασθέντας
919 5075 1056 5148 Θεῷ.
1083 5076 1172 5130 Ἐν
1201 5076 1399 5150 θήκαις
1422 5077 1732 5147 φιλοκάλοις

151 5165 548 5237 ἀποτιθέμεθα,
577 5166 671 5220 καὶ
693 5166 877 5232 οἴκους
908 5167 1007 5239 τῆς
1031 5169 1387 5234 ἀναπαύσεως
1422 5169 1730 5242 ἐγείρομεν,

155 5264 268 5325 ταῖς
317 5262 694 5324 κατασκευαῖς
738 5260 1209 5332 μεγαλοπρεπεῖς,
1268 5263 1355 5317 ῖνα
1397 5261 1734 5334 ζηλώσωμεν

156 5351 247 5415 τάς
286 5353 399 5405 τῶν
433 5351 615 5416 καλῶς
653 5351 1094 5423 τελευτησάντων
1135 5354 1300 5424 τιμάς
1323 5371 1338 5388 ο
1365 5355 1466 5408 οὐκ
1500 5354 1735 5424 ἄμισθον

156 5442 208 5496 δὲ
238 5443 338 5514 τὴν
370 5445 453 5507 είς
483 5444 682 5508 αὐτοὺς
729 5445 964 5515 σπουδὴν
991 5446 1406 5517 ἐπιδεικνύμεθα
1427 5487 1442 5508 ,
1479 5446 1614 5500 ἀλλά
1635 5450 1734 5518 τῆς

166 5535 492 5605 προστασίας
566 5535 746 5589 αὐτῶν
794 5537 893 5607 τῆς
967 5539 1103 5609 πρὸς
1171 5539 1301 5591 Θεὸν
1361 5539 1710 5610 ἀπολαύομεν

1145 5697 1161 5758 l

236 5755 276 5789 "
311 5759 613 5822 ὐπουδαίας
651 5759 860 5825 μνείας.

1835 4550 2024 4592 eorum
2054 4534 2315 4590 memoria
2338 4534 2390 4589 in
2421 4531 2664 4603 pauculis
2691 4529 2957 4598 reliquiis,
2986 4528 3162 4597 iisque
3187 4527 3414 4597 sepultis

1836 4629 2008 4698 posita
2033 4626 2157 4682 est?
2201 4624 2328 4682 Haec
2354 4626 2510 4695 plane
2539 4620 2768 4692 gentiles
2799 4619 3096 4688 objiciunt,
3125 4634 3190 4674 ac
3233 4619 3413 4674 Enno-

1838 4715 2004 4770 miani
2030 4732 2046 4781 ;
2088 4729 2184 4769 nos
2213 4729 2342 4770 vero
2371 4713 2438 4767 ad
2464 4721 2721 4781 utrosque
2749 4710 3014 4764 dicamus.

1909 4805 2018 4862 Nos
2069 4807 2291 4861 minime
2335 4804 2576 4876 gentium
2631 4803 2920 4858 adoramus
2965 4808 3264 4871 martyres,
3319 4799 3413 4856 sed

1839 4907 2092 4969 tanquam
2127 4901 2270 4956 veris
2298 4898 2390 4953 Dei
2418 4897 2798 4952 adoratoribus
2841 4894 3101 4950 habemus
3127 4895 3411 4948 honorent.

1839 4990 1953 5046 Non
2003 4990 2231 5046 colimus
2276 4989 2559 5052 homines;
2619 4988 2712 5043 sed
2784 5001 2878 5042 eos
2923 4985 3278 5048 admiramur,
3321 4985 3414 5054 qui

1840 5096 2081 5152 tempore
2127 5081 2561 5152 persecutionum
2634 5078 2688 5133 in
2743 5077 2839 5132 Dei
2899 5077 3158 5147 praeclare
3207 5077 3412 5131 cultum

1839 5173 2106 5243 absumpti
2135 5179 2282 5228 sunt.
2313 5170 2372 5226 In
2403 5169 2594 5225 loculis
2623 5183 2689 5222 ac
2729 5165 2990 5236 sepulcris
3026 5166 3252 5232 pulchre
3301 5166 3414 5220 ela-

1843 5267 2048 5322 boratis
2075 5265 2415 5335 deponimus,
2440 5261 2836 5329 strncturisque
2882 5258 3196 5328 magnificas
3224 5273 3414 5314 eorum

1839 5356 2189 5428 requietionis
2218 5356 2526 5412 excitamus
2560 5354 2745 5410 domos
2771 5392 2788 5416 ,
2819 5360 2876 5406 ut
2909 5365 3102 5406 eorum
3141 5350 3234 5420 qui
3279 5365 3417 5422 prte-

1836 5449 1981 5504 clare
2005 5449 2113 5504 vita
2143 5448 2309 5504 functi
2337 5458 2488 5516 sunt,
2521 5447 2757 5504 honores
2781 5444 3117 5500 aemulemur.
3153 5442 3263 5499 Nec
3286 5458 3417 5498 vero

1837 5543 2082 5598 mercede
2125 5557 2353 5599 vacuum
2403 5543 2455 5598 in
2509 5557 2604 5598 eos
2647 5539 2970 5597 exhibemus
3017 5536 3274 5605 studium,
3320 5533 3416 5592 sed
