3856 6274
452 276 560 336 323

1712 273 1778 332 'S.
1819 274 2092 333 ASTERII
2131 273 2432 336 AMASEN]

3578 284 3689 340 3‘24

451 410 638 451 eorum
684 392 826 463 apud
878 394 1046 447 Deum
1084 392 1386 463 patrocinio
1418 390 1665 448 fruimur.
1701 393 1837 460 Quia
1872 401 2016 448 enim

2135 395 2352 468 Ἐπειδὴ
2378 397 2486 468 γὰρ
2529 397 2629 450 οὐκ
2661 399 2822 469 ἀρκεῖ
2863 398 2897 470 ἡ
2932 396 3177 469 ἡμετέρα
3204 396 3336 469 εὐχὴ
3360 395 3690 467 ’δυσωπῆσαι

453 502 563 542 non
592 483 771 541 valent
799 492 1001 540 nostra:
1031 498 1219 553 preces
1265 483 1428 539 Deum
1476 483 1748 539 inﬂectere
1769 525 1784 551 ,
1820 499 1884 540 ac
1918 485 2020 538 im-

452 590 669 648 petrare
711 576 1051 632 necessitatis
1089 584 1360 646 tempore,
1400 590 1464 631 ac
1520 576 1746 632 molesta
1795 576 2026 631 calami-

454 682 563 726 tate
589 689 603 725 :
636 669 835 739 quippe
858 684 981 723 cum
1008 678 1189 723 nostra
1217 667 1392 723 oratio
1421 684 1529 724 non
1579 669 1880 723 obsecratio
1927 670 2015 732 sit,

451 765 545 817 sed
570 762 882 817 delictorum
910 761 1350 815 commemoratio
1368 798 1384 826 ,
1410 760 1614 816 idcirco
1639 760 1705 815 ad
1731 774 2022 815 conservos

451 852 792 924 confugimus
846 852 1073 907 Domino
1106 852 1517 919 _charissimos,
1564 861 1623 905 ut
1675 866 1770 922 pro
1823 851 2023 921 quibus

450 944 668 1013 egregie
708 960 772 999 ac
814 959 880 1000 ex
929 945 1131 1000 virtute
1159 952 1413 1016 egerunt,
1458 944 1660 999 nostris
1704 944 1780 999 illi
1815 943 2022 1000 delictis

454 1034 791 1088 medeantur.
840 1033 1119 1100 Quodnam
1159 1049 1288 1103 ergo
1329 1034 1475 1090 istud
1515 1035 1739 1099 crimen,
1775 1044 1834 1088 ut
1877 1049 2022 1088 mar-

456 1127 661 1194 tyribus
685 1124 944 1179 honorem
977 1125 1256 1187 habentes,
1290 1126 1388 1195 ipsi
1417 1140 1632 1196 quoque
1663 1125 1878 1195 placere
1911 1125 2021 1179 Deo

452 1216 805 1272 Studeamus?
828 1215 972 1286 quod
994 1255 1009 1279 ,
1058 1218 1298 1286 inquam,
1329 1218 1557 1280 crimen,
1592 1226 1649 1270 ut
1677 1219 1743 1270 ad
1768 1225 2024 1287 patronos

453 1306 870 1377 confugiamus?
900 1307 1004 1362 Sed
1026 1316 1081 1361 et
1112 1316 1200 1360 tua
1224 1308 1476 1378 deinceps
1497 1308 1863 1379 exquiramus,
1895 1324 2021 1363 num

452 1401 546 1468 qui
570 1414 813 1463 accusas,
850 1400 963 1468 ipse
988 1398 1065 1452 sis
1102 1400 1171 1453 ab
1195 1400 1340 1453 omni
1372 1401 1600 1455 mundus
1626 1399 1874 1454 crimine.
1905 1400 2020 1467 Qua

539 1506 663 1546 VBI‘O
690 1492 897 1547 ratione
917 1530 934 1555 ,
967 1507 1088 1545 cum
1123 1502 1409 1547 sexcentos
1446 1502 1686 1548 ιιιοτιιιοε
1736 1493 1980 1549 homines
2004 1534 2021 1554 .

455 1600 561 1638 non
587 1583 791 1637 honore
816 1582 1186 1652 prosequaris,
1218 1584 1311 1637 sed
1343 1592 1394 1635 ut
1428 1584 1556 1637 deos
1583 1583 1813 1639 adores?

531 1671 724 1727 Nonne
777 1680 834 1726 tu
890 1671 1142 1727 Cererem
1191 1688 1255 1727 ac
1309 1672 1729 1741 Proserpinam,
1778 1690 1882 1744 pro
1935 1684 2021 1728 tua

459 1766 720 1828 amentia,
757 1765 983 1818 deorum
1020 1766 1224 1820 honore
1249 1766 1469 1830 auxisti,
1500 1767 1711 1835 duoque
1744 1766 2021 1822 muliebria
2052 1746 2098 1800 Β

456 1853 654 1923 templa
707 1856 1048 1919 exstruxisti,
1102 1870 1167 1909 ac
1219 1856 1451 1912 honoras
1495 1857 1729 1913 victimis
1777 1858 2024 1921 feminas.

453 1946 715 2012 varioque
757 1943 907 1997 omni
961 1944 1137 2008 cultus
1183 1960 1385 2014 genere
1433 1946 1675 2003 adoras?
1710 1946 2025 2003 Nnunetua:

453 2034 730 2101 religionis
756 2035 903 2090 velut
931 2045 1092 2106 caput
1119 2051 1181 2090 ac
1215 2053 1447 2101 summa,
1481 2039 1736 2108 mysteria
1782 2050 1910 2095 sunt
1935 2041 2024 2096 illa

453 2126 748 2192 Eleusinia,
801 2141 865 2181 ac
897 2127 1126 2197 populus
1166 2127 1376 2195 Atticae,
1424 2128 1712 2200 llellasque
1750 2132 2021 2198 universa,

452 2216 794 2272 celebrandae
822 2232 985 2272 causa
1014 2219 1268 2274 vanitatis
1298 2220 1501 2289 pariter
1529 2222 1844 2278 concurrit?
1874 2223 2023 2280 Non-

452 2324 522 2364 ne
555 2309 663 2363 illic
687 2309 955 2366 obscurus
982 2309 1069 2365 ille
1099 2310 1412 2377 descensus,
1449 2326 1514 2367 ac
1541 2313 1763 2368 honesta
1805 2314 1891 2370 illa
1937 2330 2025 2372 sa-

452 2403 691 2457 cerdotis
736 2417 801 2458 ac
828 2402 989 2467 vatis,
1036 2417 1158 2457 cum
1205 2403 1403 2459 femina
1432 2405 1709 2461 sacerdote
1734 2406 2021 2478 colloquia,

450 2494 622 2549 solius
659 2507 783 2549 cum
805 2494 963 2549 sola?
991 2493 1179 2550 Nonne
1205 2496 1626 2567 exstinguuntur
1653 2497 1821 2564 faces,
1852 2501 2023 2571 pluri-

453 2600 686 2657 musque
735 2601 801 2641 ac
850 2586 1261 2643 innumerabilis
1313 2588 1562 2658 populus,
1596 2605 1749 2646 suam
1783 2592 2023 2663 ipsorum

452 2677 690 2733 salutem
720 2677 1081 2745 arbitrantur,
1110 2693 1230 2748 quae
1273 2679 1352 2734 sic
1387 2679 1445 2735 in
1486 2682 1723 2738 tenebris
1747 2682 1817 2738 ab
1841 2683 2025 2740 ambo-

450 2770 553 2825 bus
580 2767 757 2822 fiunt?
789 2766 981 2824 Nonne
1012 2777 1067 2822 tu
1096 2767 1410 2840 Dionysium
1434 2770 1745 2837 Thebanum
1773 2783 1833 2829 ut
1864 2775 2024 2831 deum

450 2858 647 2916 adoras
689 2858 911 2931 (etenim
945 2860 1175 2931 patriam
1207 2862 1349 2927 dico,
1407 2875 1515 2932 quo
1545 2863 1815 2921 hominem
1855 2880 2023 2922 nove-

453 2950 528 3005 ris
561 2972 573 3005 :
605 2965 801 3021 nempe
847 2953 1133 3007 vinitorem
1180 2953 1396 3018 virum,
1460 2969 1523 3008 ac
1578 2955 1703 3011 vino
1751 2957 2022 3026 deditum,

404 3041 724 3095 -cbriosum
792 3052 1217 3098 comessatorem
1250 3083 1267 3109 ,
1328 3044 1419 3112 qui
1474 3045 1726 3115 populum
1799 3050 2026 3117 turpiter

462 3133 831 3187 lascivientem
883 3133 1097 3203 agmine
1141 3135 1402 3199 traheret,
1456 3148 1519 3190 ea
1572 3137 1854 3193 facientem
1906 3154 2025 3209 qua:

458 3223 769 3280 luxuriosos
794 3239 1063 3295 ganeones
1086 3234 1295 3290 notent,
1321 3227 1510 3296 pocula
1545 3242 1672 3284 vero
1705 3231 2022 3286 miscentem

463 3332 586 3371 cum
633 3317 821 3371 Sileno
865 3333 1014 3385 sene,
1048 3333 1112 3373 ac
1136 3334 1259 3374 cum
1293 3318 1507 3391 Satyris
1545 3321 1597 3374 iu
1631 3322 1859 3392 tripudia
1893 3322 2024 3379 effu-

452 3404 571 3476 sis),
601 3406 776 3474 epulis
819 3421 885 3461 ac
927 3422 1078 3461 ruere
1127 3408 1527 3479 indulgentem:
1557 3412 1729 3466 virum
1772 3415 2022 3485 denique,

452 3495 561 3548 vini
591 3512 657 3552 ac
684 3497 915 3567 crapula:
957 3499 1154 3553 mundo
1196 3500 1464 3555 fabulam?
1498 3499 1681 3558 Nonne
1711 3513 1764 3556 tu
1796 3502 2010 3560 Herculi

449 3588 733 3641 exsistenti
777 3590 912 3654 viro,
957 3594 1209 3660 tauquam
1271 3592 1403 3647 deus
1440 3604 1605 3661 esset,
1653 3595 1898 3651 victimas
1938 3597 2023 3651 of-

452 3679 587 3747 fers,
632 3682 857 3737 robusto
899 3683 1125 3749 homini,
1182 3693 1480 3755 potensque
1525 3701 1591 3740 ac
1638 3687 1777 3742 forte
1827 3689 2022 3760 adepto

452 3785 692 3842 corpus;
735 3773 1040 3843 adorasque
1074 3775 1216 3844 quod
1255 3776 1451 3845 sacpius
1480 3786 1697 3832 strenue
1731 3780 1922 3850 egerit,
1956 3796 2019 3836 ac

453 3863 691 3919 ferarum
725 3866 990 3920 edomitor
1021 3864 1214 3920 fuerit?
1241 3865 1382 3934 Quid
1418 3883 1547 3923 vero
1597 3885 1783 3926 rursus
1820 3871 2021 3927 Αἰδου-

450 3952 652 4023 lapium
704 3955 877 4019 illum,
928 3970 1177 4025 magnam
1234 3959 1382 4013 orbis
1427 3961 1718 4030 partemin
1754 3961 1921 4017 ferula
1953 3979 2017 4020 ac

459 4046 635 4100 ferrea
668 4044 852 4115 pixide
890 4056 1163 4116 vagatum,
1221 4062 1401 4104 nonne
1444 4049 1577 4105 colis
1606 4064 1670 4105 ac
1698 4052 2022 4109 admiraris?

455 4138 568 4196 Nec
593 4155 745 4204 sane,
781 4141 884 4195 hoc
911 4151 962 4195 te
995 4140 1194 4207 facere,
1231 4142 1444 4200 inficias
1475 4145 1623 4202 ieris.
1655 4147 1863 4218 Quippe
1888 4137 2028 4206 orbe

452 4241 567 4285 toto
597 4231 869 4287 exstantia
902 4233 1120 4301 templa,
1177 4231 1506 4305 Esculapio,
1536 4236 1775 4307 inquam,
1804 4238 2018 4297 Herculi

455 4337 520 4377 ac
566 4321 821 4394 Dionysio
867 4337 1045 4388 sacra,
1083 4335 1186 4379 tua:
1229 4325 1369 4382 illius
1411 4329 1665 4386 vanitatis
1704 4345 2018 4403 argumenta

2119 486 2250 540 Θεὸν
2282 488 2343 542 ὲν
2373 487 2548 559 καιρῷ
2576 489 2818 560 ἀνάγκης
2844 490 2939 543 καὶ
2968 490 3254 560 συμφορᾶς
3308 491 3377 559 (ἡ
3422 487 3533 560 γὰρ
3562 489 3694 558 δέη-

2123 596 2208 643 σις
2227 580 2384 651 ἡμῶν
2451 583 2511 635 οὐ
2547 582 2889 655 παράκλησίς
2929 584 3096 645 ἐστιν,
3118 582 3251 637 ἀλλὰ
3278 581 3691 653 ἁμαρτημάτων

2122 670 2499 743 ὑπόμνησις),
2535 672 2624 726 διά
2656 672 2814 726 τοῦτο
2836 675 2949 737 τοῖς
2981 672 3365 743 ἀγαπωμένοις
3399 672 3549 745 παρά
3587 672 3687 727 τοῦ

2121 760 2390 815 Δεσπότου
2411 761 2719 833 ὁμοδούλοις
2738 764 3173 835 προσ-φεύγομεν,
3192 762 3278 815 ἴνα
3293 763 3487 816 ἐκεῖνοι
3499 764 3556 816 ὲν
3573 765 3692 827 τοῖς

2124 851 2274 916 ἰδίοις
2320 852 2707 925 κατορθώμασι
2732 854 2802 909 τὰ
2827 854 3071 926 ἡμέτερα
3098 852 3476 925 θεραπεύσωσι
3508 853 3694 925 πλημο

2126 943 2259 1015 μελή
2269 961 2430 1014 ματα.
2448 924 2605 999 Ποῖον
2626 942 2719 999 οὖν
2741 924 3012 1017 ἔγκλημα,
3026 924 3108 999 ὅτι
3123 924 3389 1017 τιμῶντες
3409 924 3692 1017 μάρτυρας

2122 1034 2217 1087 καὶ
2243 1035 2396 1089 αὐτοὶ
2418 1036 2787 1107 σπουδάζομεν
2813 1036 3069 1108 ἀρέσκειν
3092 1034 3210 1107 Θεῷ
3234 1053 3248 1102 ;
3270 1036 3353 1100 τίς
3379 1036 3689 1108 κατηγορία

2123 1125 2453 1196 προστάταις
2482 1128 2875 1199 προσφεύγειν;
2910 1127 3280 1199 Ἐξετάσωμεν
3306 1127 3491 1181 λοιπὸν
3507 1127 3602 1181 καὶ
3618 1128 3690 1183 τὰ

2126 1216 2215 1279 σά,
2250 1219 2297 1271 εί
2325 1217 2419 1271 τοῦ
2443 1219 2789 1291 ἐγκλήματος
2822 1222 2852 1273 ὁ
2874 1220 3181 1292 κατήγορος
3206 1218 3551 1290 καθαρεύεις.
3576 1221 3691 1274 Καὶ

2123 1308 2260 1373 πῶς,
2292 1311 2350 1374 ὃς
2372 1327 2435 1380 γε
2471 1313 2696 1383 μυρίους
2719 1312 2829 1365 τῶν
2851 1310 3157 1367 τεθνεώτων
3182 1309 3483 1382 ἀνθρώπων
3520 1311 3582 1365 οὐ
3602 1330 3693 1365 τιη

2126 1399 2252 1471 μᾷς,
2283 1400 2397 1453 ἀλλ’
2420 1401 2496 1465 ὡς
2519 1401 2673 1467 θεοὺς
2701 1404 3053 1473 προσκυνεῖς;

2194 1668 2268 1723 Ού
2304 1669 2367 1722 σὺ
2400 1668 2689 1740 Δήμητραν
2729 1666 2823 1720 καὶ
2854 1666 3038 1738 Κόρην
3070 1666 3175 1721 ὑπὸ
3200 1668 3300 1739 τῆς
3338 1666 3524 1730 ἀνοίας
3557 1682 3691 1721 σαυ-

2123 1760 2218 1815 τοῦ
2261 1760 2526 1824 ιέθέωσας⁹
2574 1760 2773 1830 ὲδείμω
2819 1758 2875 1813 δὲ
2928 1759 3021 1813 δύο
3067 1759 3318 1829 γυναίους
3362 1759 3541 1824 ναοὺς,
3594 1757 3695 1810 καὶ

2124 1851 2335 1915 θυσίαις
2387 1851 2587 1914 ταύτας
2638 1851 2835 1921 τιμᾷς,
2892 1850 2985 1904 καὶ
3036 1848 3313 1912 παντοίαις
3367 1848 3695 1919 προσκυνεῖς

2124 1941 2443 2012 θεραπείαις
2468 1957 2482 2004 ;
2519 1940 2593 1993 Ού
2633 1939 2927 2009 κεφάλαιον
2962 1938 3060 2010 τῆς
3091 1938 3193 2009 σῆς
3220 1936 3514 2010 θρησκείας
3537 1935 3606 1988 τά
3634 1937 3694 1987 ἐν

2137 2030 2395 2085 Ἐλευσῖνι
2421 2029 2713 2101 μυστήρια,
2737 2026 3018 2097 καὶδῆμος
3044 2025 3306 2090 Ἀττικὸς,
3324 2024 3470 2094 καὶὴ
3502 2021 3696 2085 Ἑλλάς

2124 2125 2274 2177 πᾶσα
2305 2122 2572 2193 συναίρει,
2608 2122 2695 2174 ἵνα
2726 2119 2921 2192 τελέσῃ
2951 2118 3317 2190 ματαιότητα;
3350 2116 3464 2170 Ούκ
3493 2116 3610 2172 ἐκεῖ
3632 2114 3697 2167 τὸ

2123 2215 2450 2271 καταϐάσιον
2480 2214 2543 2268 τὸ
2578 2212 2867 2275 σκοτεινὸν,
2897 2210 2992 2264 καὶ
3014 2210 3071 2263 αἱ
3102 2209 3295 2279 σεμναὶ
3323 2207 3419 2261 τοῦ
3446 2205 3699 2279 ἱεροφάν-

2120 2325 2215 2362 του
2250 2307 2386 2379 πρὸς
2410 2306 2508 2378 τὴν
2540 2305 2743 2377 ἱέρειαν
2787 2302 3087 2373 συντυχίαι,
3126 2301 3288 2372 μόνου
3319 2299 3455 2371 πρὸς
3492 2299 3694 2369 μόνην;

2123 2401 2233 2470 Οὐχ
2266 2400 2322 2452 αἱ
2365 2397 2645 2472 λαμπάδες
2678 2395 3017 2462 σϐέννυνται,
3049 2395 3144 2448 καὶ
3177 2397 3205 2448 ὁ
3234 2393 3398 2457 πολὺς
3429 2392 3526 2446 καὶ
3595 2394 3697 2446 ἀν-

2122 2491 2418 2564 αρίθμητος
2431 2489 2601 2563 δῆμος
2643 2489 2743 2561 τὴν
2762 2487 3032 2559 σωτηρίαν
3057 2484 3235 2540 αὐτῶν
3262 2480 3397 2538 εἶναι
3418 2482 3698 2555 νομίζουσι
3788 2548 3791 2551 λ

2122 2584 2193 2638 τά
2216 2586 2273 2637 ὲν
2297 2582 2376 2653 τῷ
2405 2582 2582 2653 σκότῳ
2614 2580 2765 2652 παρά
2804 2579 2910 2633 τῶν
2935 2578 3028 2632 δύο
3051 2577 3431 2650 πραττόμενα;
3461 2576 3535 2629 Οὐ
3571 2575 3634 2628 σὺ
3665 2576 3698 2627 ὁ

2121 2676 2213 2729 τὸν
2263 2672 2496 2745 Θηϐαῖον
2541 2671 2793 2726 Διόνυσον
2852 2670 2928 2735 ὡς
2955 2669 3097 2737 ,θεὸν
3149 2666 3468 2738 προσκυνῶν
3520 2666 3701 2740 (λέγω

2122 2767 2232 2840 γὰρ
2258 2766 2357 2839 τὴν
2381 2765 2634 2837 πατρίδα,
2653 2765 2739 2819 ἵνα
2756 2764 3028 2837 γνωρίσῃς
3056 2762 3147 2817 τὸν
3178 2760 3504 2834 ἄνθρωπον),
3528 2760 3701 2831 ἄνδρα

2123 2860 2366 2932 γεωργὸν
2408 2858 2666 2930 ἀμπέλων
2711 2857 2807 2911 καὶ
2850 2856 3085 2924 φίλοινον
3105 2895 3120 2919 ,
3156 2853 3453 2925 κωμαστὴν
3499 2852 3697 2924 πάροι-

2123 2966 2235 3013 νον,
2293 2948 2460 3019 δῆμον
2508 2946 2900 3018 ὲπισυρόμενον
2949 2942 3359 3016 ἀσχημονοῦντα
3403 2944 3472 3014 τῇ
3525 2941 3698 3013 μέθῃ,

2128 3043 2310 3094 ἐκεῖνα
2347 3038 2624 3102 ποιοῦντα,
2669 3036 2705 3091 ἃ
2746 3038 2872 3102 τοὺς
2910 3036 3157 3100 ἀσώτους
3200 3033 3505 3107 στηλιτεύει
3565 3034 3704 3087 ἀκοσ-

2131 3131 2533 3194 λασταίνοντας,
2587 3128 2852 3199 μεθύοντα
2890 3128 2949 3181 δὲ
3004 3127 3141 3199 μετά
3167 3124 3263 3180 τοῦ
3305 3126 3559 3199 γέροντος
3602 3125 3702 3178 τοῦ

2132 3222 2378 3293 Σιληνοῦ,
2416 3221 2509 3275 καὶ
2545 3223 2658 3283 τοῖς
2698 3219 3140 3290 φιλοσκιρτηταῖς
3176 3215 3437 3287 Σατύροις
3466 3216 3705 3269 συνδιαισσ

2131 3316 2392 3388 τώμενον,
2426 3316 2521 3368 καὶ
2559 3313 2797 3384 ἱστορίαν
2835 3311 3003 3382 μέθης
3034 3311 3163 3364 ὄντα
3191 3309 3269 3380 τῷ
3293 3309 3427 3380 βίῳ;
3461 3308 3537 3361 Ού
3566 3309 3632 3361 σὺ
3670 3308 3704 3362 ὁ

2130 3409 2209 3479 τῷ
2241 3408 2395 3479 ἀνδρὶ
2435 3404 2715 3477 Ἠρακλεῖ,
2746 3403 2822 3467 ὡς
2867 3402 3003 3474 θεῷ,
3032 3402 3131 3466 τάς
3164 3402 3354 3464 θυσίας
3385 3401 3702 3472 προσάγων,

2131 3496 2402 3569 ἀνθρώπῳ
2437 3495 2751 3568 ρωμαλαίῳ,
2789 3494 2950 3565 σῶμα
2974 3494 3189 3565 λαχόντι
3221 3493 3442 3548 δυνατὸν
3474 3493 3567 3547 καὶ
3600 3494 3702 3548 ἀν-

2129 3591 2324 3662 δρεῖον,
2350 3589 2440 3642 καὶ
2461 3588 2641 3652 σέϐεις
2663 3591 2891 3655 ἐκεῖνον,
2919 3587 3103 3659 ἐπειδὴ
3133 3588 3191 3641 ὲν
3212 3586 3427 3650 πολλοῖς
3452 3586 3682 3658 ἠρίστευ

2132 3696 2242 3744 σεν,
2265 3682 2357 3733 καὶ
2377 3680 2578 3751 θηρίων
2598 3698 2663 3733 πε
2672 3681 2967 3753 ριεγένετο;
2991 3681 3056 3733 Τί
3080 3681 3137 3735 δὲ
3161 3680 3322 3733 πάλιν
3344 3680 3434 3733 τὸν
3472 3678 3704 3749 ’Δσκλη-

2130 3776 2251 3830 πιὸν
2289 3776 2382 3828 τὸν
2415 3777 2472 3828 ὲν
2503 3774 2580 3845 τῷ
2627 3773 2856 3844 νάρθηκι
2899 3772 3069 3827 πολλά
3113 3773 3207 3826 καὶ¹
3249 3775 3315 3842 τῇ
3369 3772 3704 3844 σιδηροθήκῃ

2130 3846 2617 3937 περινοστήσανταξ
2647 3862 2707 3916 ού
2739 3862 2916 3924 σέϐεις
2941 3861 3035 3914 καὶ⁸
3062 3859 3477 3932 τέθητιας;⁶Κα)⁵
3505 3857 3606 3910 οὐκ
3630 3857 3704 3911 ἂν

2128 3957 2439 4030 ἀρνηθείης,
2465 3956 2541 4021 ὡς
2570 3956 2632 4009 οὐ
2660 3954 2819 4009 τοῦτο
2842 3956 3035 4018 ποιεῖς.
3066 3955 3129 4008 Οἱ
3161 3953 3269 4024 γὰρ
3296 3950 3572 4021 πανταχοῦ
3600 3950 3705 4021 τῆς

2128 4050 2449 4124 οἰκουμένης
2473 4049 2612 4116 ναοὶ,
2643 4048 2712 4102 τά
2738 4047 3090 4119 Ἀσκληπιεῖα
3118 4045 3281 4115 λέγω,
3312 4042 3406 4098 καὶ
3432 4043 3501 4096 τά
3532 4042 3706 4112 Ἦρα-

2128 4145 2302 4213 κλεια,
2345 4144 2440 4198 καὶ
2465 4142 2535 4196 τὰ
2568 4140 2821 4196 Διονύσια
2846 4139 3054 4209 ἔλεγχοι
3082 4138 3300 4191 ἑστᾶσιν
3323 4135 3424 4205 τῆς
3457 4133 3556 4204 σῆς
3591 4147 3703 4203 μα-

2127 4238 2407 4310 ταιότητος
2425 4253 2440 4267 ο
2475 4236 2569 4290 καὶ
2613 4234 2785 4298 οὕτως
2832 4231 2943 4301 ἐγὼ
2992 4231 3089 4303 μὲν
3117 4229 3292 4292 ἀθῶος
3329 4224 3702 4293 ἀπελεύσομαι

2126 4333 2220 4388 τοῦ
2263 4332 2603 4404 ἐγκλήματος
2627 4331 2710 4401 (οῦ
2752 4329 2860 4400 γὰρ
2909 4324 3198 4399 προσκυνῶ
3239 4323 3538 4397 μάρτυρας,
3577 4318 3704 4373 οὐδὲ

454 4415 749 4479 exsistunt,
805 4415 989 4485 sicque
1034 4431 1134 4486 ego
1171 4419 1382 4486 quidem
1425 4434 1455 4474 a
1505 4422 1729 4478 crimine
1782 4426 1918 4478 liber
1953 4443 2018 4483 ac

2128 4425 2331 4496 νομίζω
2351 4423 2545 4493 θεούς)·
2571 4423 2635 4477 σὺ
2659 4421 2716 4475 δὲ
2748 4420 2997 4489 πέφηνας
3018 4420 3334 4490 ἐνεχόμενος
3360 4416 3469 4478 τοῖς
3499 4410 3703 4506 ἐγκλή-

451 4507 731 4561 ahsolutus
772 4508 933 4561 abibo
982 4511 1112 4579 (non
1160 4512 1306 4566 enim
1360 4512 1525 4568 adoro
1574 4524 1868 4586 martyres,
1925 4534 2020 4574 nec

2132 4533 2319 4586 μασιν,
2363 4516 2457 4570 καὶ
2491 4514 2666 4569 ταῦτα
2698 4511 3016 4584 κατηγορῶν
3045 4510 3277 4583 ἑτέρων·
3310 4507 3498 4576 ὥσπερ
3529 4506 3579 4557 οῖ
3608 4504 3703 4559 διά

452 4598 583 4652 deos
619 4599 871 4667 reputo);
916 4606 969 4653 te
1004 4613 1133 4652 vero
1167 4599 1334 4668 liquet
1369 4602 1537 4657 teneri
1569 4603 1908 4671 criminibus,
1936 4608 2020 4662 id-

2128 4609 2295 4663 κακὸν
2340 4607 2577 4672 συνειδὸς
2615 4602 3155 4679 προκατηγοροῦντες
3206 4601 3314 4654 τῶν
3365 4595 3695 4652 ἀνευθύνων.

451 4704 558 4756 que
596 4703 721 4741 cum
764 4701 951 4742 eorum
987 4688 1125 4744 alios
1157 4705 1276 4744 reos
1303 4705 1450 4760 agas,
1489 4691 1542 4745 in
1569 4706 1757 4745 eorunt
1791 4709 2018 4760 morem,

2138 4700 2482 4772 Ἀνθρώπους
2512 4700 2642 4771 γάρ,
2685 4699 2744 4752 οὐ
2781 4699 2936 4761 θεοὺς
2982 4690 3303 4773 προσκυνῶν
3340 4686 3694 4753 ἀποδέδειξαι.

450 4781 566 4850 qui,
592 4779 731 4833 mala
759 4790 951 4849 agente
973 4782 1323 4847 conscientia,
1350 4783 1556 4853 priores
1581 4785 1677 4853 ipsi
1698 4787 1943 4842 innoxios
1965 4788 2017 4843 in

2128 4791 2311 4845 Ταῦτα
2340 4790 2476 4864 πρὸς
2502 4791 2594 4845 τὸν
2627 4789 2837 4845 ὲθνικὺν
2867 4791 2930 4842 ὲκ
2963 4785 3173 4841 πολλῶν
3202 4785 3378 4853 ὀλίγα.

447 4870 653 4924 crimen
693 4878 912 4925 vocant.
956 4868 1163 4940 Quippe
1192 4873 1479 4941 probatum
1525 4885 1628 4938 cst,
1682 4874 1928 4932 homines
1996 4885 2049 4933 te
2085 4881 2332 4947 adorare,
2404 4897 2511 4936 non
2547 4881 2696 4936 deos.
2745 4880 2923 4933 Pauca
2972 4881 3086 4933 haec
3128 4894 3161 4931 e
3205 4877 3386 4930 llltlllls
3433 4874 3700 4927 adversus

451 4965 725 5037 gentilem.

520 5057 681 5113 Novae
727 5067 910 5114 autem
960 5059 1213 5117 factionis
1262 5060 1458 5129 Judaei,
1516 5065 1643 5134 quid
1696 5066 1897 5122 mirum
1955 5077 2016 5125 ut

448 5162 716 5222 martyres
760 5153 1116 5219 inhonoretis,
1169 5157 1260 5226 qui
1303 5158 1577 5214 Christum
1624 5164 1879 5231 spernitis
1920 5179 2017 5220 ve-

447 5244 683 5313 strisque
716 5245 957 5313 ipsorum
988 5250 1329 5305 sermonibus
1360 5253 1427 5305 ab
1455 5253 1764 5321 aequalitate
1792 5265 2016 5325 paterna

445 5338 732 5406 separatis,
788 5341 987 5408 quique
1030 5340 1170 5407 loca,
1217 5342 1416 5411 quibus
1461 5346 1827 5413 requieverint
1861 5363 2017 5404 sacra

447 5440 720 5496 corpora,
787 5429 933 5483 velut
987 5430 1212 5500 profana
1275 5446 1341 5486 ac
1408 5432 1680 5488 immunda
1736 5437 2017 5492 caveatis?

447 5517 762 5585 Enimvero,
811 5522 902 5590 qui
947 5538 1051 5577 non
1096 5523 1347 5592 cogitatis
1386 5525 1538 5595 quod
1573 5539 1749 5594 operae
1782 5527 2013 5598 pretium

446 5618 532 5663 est
590 5611 773 5669 timete
796 5612 1088 5670 Christiani
1134 5615 1575 5685 appellationem,
1606 5620 1695 5687 qni
1727 5633 1848 5673 cum
1882 5634 2012 5688 gen-

450 5700 633 5759 tilibus
673 5716 937 5765 martyres
977 5706 1100 5763 odio
1144 5706 1409 5763 habeatis.
1458 5709 1536 5763 An
1593 5710 1813 5766 nescitis
1855 5711 2013 5767 Chri-

2194 5067 2257 5124 υί
2283 5065 2341 5124 δὲ
2368 5070 2470 5142 τῆς
2500 5070 2628 5134 νέας
2660 5070 2900 5134 στάσεως
2938 5069 3199 5133 Ἰουδαῖοι,
3230 5066 3283 5120 τί
3309 5063 3624 5136 θαυμαστὸν
3649 5079 3701 5116 ει

2126 5161 2407 5234 μάρτυρας
2446 5160 2764 5233 ἀτιμάζετε,
2793 5161 3027 5234 Χριστὸν
3073 5158 3413 5223 ἀθετοῦντες,
3459 5156 3554 5211 καὶ
3597 5155 3702 5229 τῆς

2122 5253 2439 5326 ὁμοιότητος
2461 5257 2561 5325 τῆς
2588 5253 2725 5326 πρὸς
2753 5254 2844 5307 τὸν
2874 5252 3094 5326 Πατέρα
3120 5254 3179 5306 ὲν
3200 5254 3312 5315 τοῖς
3345 5250 3497 5314 ίδίοις
3517 5248 3702 5318 λόγοις

2124 5343 2468 5417 χωρίζοντες,
2494 5344 2884 5416 φυλαττόμενοι
2935 5342 2993 5396 δὲ
3017 5344 3147 5406 τοὺς
3172 5342 3392 5406 τόπους,
3419 5339 3495 5403 ὼς
3530 5337 3699 5410 βεϐή-

2122 5434 2267 5501 λους,
2301 5437 2358 5489 ὲν
2382 5429 2463 5499 οἷς
2490 5433 2715 5506 σώματα
2748 5435 2881 5507 ἅγια
2912 5433 3328 5500 ἀναπέπαυται;
3364 5431 3505 5485 Ἀλλ’
3537 5430 3589 5484 οἳ
3621 5431 3699 5503 μὴ

2121 5528 2204 5591 εἰς
2236 5526 2441 5582 ἔννοιαν
2466 5526 2647 5582 ἔλθετε
2673 5528 2767 5582 τοῦ
2801 5527 3107 5598 γινομένου,
3135 5524 3409 5597 φοϐήθητε
3437 5525 3702 5597 Χριστια-

2118 5618 2198 5673 νοὶ
2230 5618 2531 5691 λεγόμενοι,
2580 5621 2814 5715 μετάὶδὲ
2860 5620 3126 5691 Ἐλληνων
3165 5617 3448 5691 μισοῦντες
3490 5616 3699 5689 μάρτυς

2121 5730 2239 5785 ρας.
2295 5714 2410 5768 Οὐκ
2463 5714 2597 5781 ἴστε,
2652 5709 2735 5780 ὡς
2780 5716 3124 5788 ἀρχιμάρτυς
3179 5712 3436 5788 Χριστὸς,
3481 5709 3698 5784 πρῶτος
