3856 6274
171 302 290 362 δεε

1278 304 1565 368 HOMlLlA
1595 311 1665 368 X.
1698 311 1767 368 IN
1805 304 1906 370 SS.
1949 305 2350 371 MARTYRES.

3340 315 3454 378 326

170 425 392 491 παθὼν,
435 426 532 484 καὶ
557 428 673 494 τοῖς
705 422 917 494 δούλοις
942 426 1034 484 τδν
1066 424 1226 502 ζῆλον
1258 433 1455 502 ἀφείς;
1484 426 1619 486 Εἶτα
1651 432 1763 504 μετ¹

1876 440 2018 486 stum
2048 431 2348 502 principem
2386 442 2508 485 esse
2538 440 2860 502 martyrum,
2893 434 2984 501 qui
3022 433 3228 504 primus
3255 444 3471 506 passus‘

92 518 108 531 '
172 517 387 572 ἐκεῖνον
412 518 707 589 Στέφανος,
745 521 774 574 ὁ
813 521 1151 594 φερωνύμως
1192 522 1295 594 τῆς
1321 523 1465 579 κατά
1508 523 1643 579 Θεὸν
1673 524 1766 577 εὑ-

172 611 355 678 δοξίας
384 614 725 685 ἀγωνιστής·
755 613 959 677 πάντες
984 614 1035 667 oi
1066 614 1193 685 ἐξῆς
1225 615 1465 687 μαθηταὶ
1496 615 1593 671 καὶ
1626 615 1766 671 ἀπό-

174 704 380 759 στολοι.
407 704 521 758 Καὶ
562 704 882 775 ἐπίσκεψαι,
915 704 1005 759 διά
1040 706 1170 776 μιᾶς
1202 706 1415 780 ὕϐρεως
1448 707 1608 773 ὅσους
1647 708 1766 763 ἀτι-

174 794 409 865 μάζεις·
460 796 717 869 Ἰωάννην
746 797 838 851 τὸν
879 797 1213 870 Βαπτιστὴν,
1270 800 1524 856 Ἰάκωϐον
1552 800 1645 857 τὸν
1680 801 1768 856 λε-

170 887 410 960 γόμενον
446 888 676 957 ἀδελφὸν
713 888 809 943 τοῦ
851 890 1082 962 Κυρίου,
1121 890 1348 965 Πέτρον,
1377 892 1611 959 Παῦλον,
1646 892 1765 948 Θω-

174 983 286 1051 μᾶν
304 980 553 1053 (τούτους
573 981 651 1045 ὡς
670 981 984 1054 προστάτας
1004 981 1256 1055 ὀνομάζω
1281 984 1389 1039 τῶν
1423 985 1761 1059 μαρτύρων)·

170 1074 369 1128 ἔπειτα
409 1075 472 1128 τὸ
507 1074 737 1147 ἀπειρον
783 1074 985 1148 πλῆθος
1029 1074 1141 1129 τῶν
1192 1076 1573 1132 ἀποθανόντων
1620 1078 1764 1150 ὑπὲρ

168 1169 271 1239 τῆς
302 1168 473 1239 ζωῆς.
508 1167 603 1239 Μὴ
651 1167 846 1241 μικρόν
878 1185 962 1222 σοι
991 1167 1205 1234 τούτοις
1253 1169 1646 1242 προσκρούειν;
1685 1172 1759 1241 μή

168 1258 355 1326 ὀλίγος
399 1258 501 1328 τῆς
539 1256 742 1328 ἔχθρας
776 1259 804 1311 ό
830 1257 1109 1324 κίνδυνοςς
1151 1255 1366 1311 Τούτων
1398 1257 1629 1323 ἕκαστος
1669 1259 1765 1312 τὸν

166 1349 420 1404 διάϐολον
456 1350 597 1421 μετά
625 1350 727 1420 τῆς
761 1349 1033 1423 φρατρίας
1062 1348 1171 1402 τῶν
1196 1349 1466 1420 δαιμόνων
1491 1348 1763 1421 ἐνίκησεν,

165 1442 432 1512 ἀγγέλοις
461 1443 522 1496 δὲ
554 1443 851 1516 ἐνεγράφη,
905 1445 1001 1497 καὶ
1053 1445 1299 1515 τηρεῖται
1355 1441 1433 1507 ὡς
1484 1442 1765 1515 εὐδόκιμος

166 1535 414 1607 ἀθλητὴς
436 1537 505 1607 τῇ
533 1536 834 1607 ἀναῤῥήσει
859 1534 960 1607 τῆς
991 1534 1342 1598 ἀναστάσεως
1362 1550 1377 1565 ·
1412 1536 1764 1608 παραστήσε-

165 1645 261 1681 ται
297 1627 358 1680 δὲ
398 1630 470 1699 τῇ
516 1627 808 1699 ἐπιφανείᾳ
838 1625 932 1681 τοῦ
972 1626 1108 1681 Θεοῦ
1146 1626 1243 1681 καὶ
1292 1627 1544 1700 Σωτῆρος
1581 1627 1762 1700 ἡμῶν,

164 1720 410 1789 ἀνοίγων
441 1719 501 1773 ἐν
532 1719 817 1792 παρρησίᾳ
848 1718 909 1773 τὸ
940 1718 1134 1791 στόμα,
1171 1720 1669 1792 ἐπευφραινόμενος
1696 1722 1761 1794 τῇ

1868 524 1961 589 sit,
2005 536 2070 577 ac
2121 523 2294 577 servis
2342 520 2745 577 aemulationem
2792 524 3100 580 dimiserit?
3153 526 3282 582 Post
3323 542 3449 583 eum
3548 580 3549 583 η

1868 614 2178 685 Stephanus
2209 629 2307 686 pro
2333 615 2571 671 nominis
2603 616 2692 672 ille
2737 617 2970 685 ratione,
3016 619 3125 674 Deo
3164 630 3452 676 consenta-

1867 720 1983 761 nea:
2026 720 2092 762 ac
2143 706 2408 777 religiosa:
2463 707 2731 765 claritatis
2786 711 2951 780 pugil.
3006 709 3146 766 Tum
3192 712 3449 782 discipuli

1866 812 2058 853 omnes
2108 813 2173 853 ac
2218 798 2469 869 apostoli.
2524 799 2656 855 Vide
2688 811 2868 856 autem
2916 819 3019 857 una
3060 804 3255 876 injuria
3285 822 3448 876 quam

1868 891 2066 946 multos
2108 891 2312 960 probro
2364 891 2591 958 aﬁicias,
2634 894 2897 951 Joannem
2930 896 3256 968 Baptistam,
3292 899 3481 955 Jaco-'

1866 983 1993 1035 bum
2047 981 2198 1036 illum
2255 983 2469 1038 Domini
2527 983 2751 1040 fratrem
2807 986 3159 1057 appellatum,
3200 991 3448 1057 Petrum,

1865 1070 2113 1139 Paulum,
2145 1071 2407 1130 Thomam
2436 1074 2560 1146 (hos
2592 1077 2817 1133 noniino
2850 1087 3106 1149 tanquam
3143 1091 3446 1152 martyrum

1864 1164 2082 1234 duces);
2134 1167 2200 1221 ad
2250 1167 2385 1233 haec,
2440 1168 2757 1224 immensam
2789 1185 2980 1226 eorum
3015 1173 3445 1238 multitudinem,

1865 1257 1956 1324 qui
1987 1256 2109 1311 vitae
2136 1272 2298 1313 causa
2334 1267 2509 1314 morte
2552 1258 2792 1315 defuncti
2835 1271 2977 1317 sunt.
3029 1262 3296 1318 Parumne
3350 1265 3446 1319 tibi

1864 1357 1925 1401 ut
1951 1347 2050 1404 hos
2082 1347 2361 1405 offendas?
2385 1348 2598 1406 Levene
2627 1353 2928 1420 periculum
2969 1363 3028 1409 ut
3064 1370 3249 1409 eorum
3274 1355 3447 1411 hostis

1865 1438 2162 1496 habearis?
2222 1440 2424 1498 Horum
2480 1442 2711 1512 quilibet
2776 1444 3048 1500 diabolum
3108 1448 3264 1512 vicit,
3336 1464 3446 1503 una

1865 1542 1986 1584 cum
2035 1528 2338 1583 daemonum
2397 1529 2541 1586 maio
2592 1523 2865 1599 sodalitio,
2915 1531 3124 1600 fuitque
3178 1535 3447 1605 ascriptus

1866 1618 2197 1688 angelorum
2226 1620 2501 1692 collegio,
2549 1636 2615 1678 ac
2668 1631 2928 1693 tanquam
2987 1625 3246 1693 probatus
3292 1626 3444 1697 pugil

1867 1713 2085 1781 publico
2124 1714 2398 1783 praeconio
2428 1715 2785 1773 celebrandas
2821 1717 2872 1772 in
2903 1720 3301 1775 resurrectione
3327 1735 3450 1776 ser-

163 1812 270 1884 θέᾳ
306 1811 419 1866 τῶν
448 1811 715 1881 ἀγγέλων,
748 1814 815 1884 τῇ
849 1812 975 1884 δόξῃ
997 1811 1093 1867 τοῦ
1120 1812 1256 1867 Θεοῦ
1297 1812 1616 1887 μακαρίζων
1638 1814 1763 1870 ἐαυ-

1869 1813 2047 1860 vatur.
2076 1804 2291 1862 Astabit
2336 1807 2479 1863 enim
2528 1817 2585 1863 et
2631 1809 2766 1880 ipse,
2809 1810 2920 1864 Deo
2948 1825 3012 1865 ac
3044 1810 3325 1866 Salvatore
3350 1827 3449 1867 no-

158 1904 283 1969 τὸν,
317 1905 432 1958 τῶν
469 1903 771 1976 μαστίγων,
808 1904 919 1958 τῶν
947 1903 1182 1977 δεσμῶν,
1218 1904 1326 1960 τῶν
1354 1905 1761 1978 στρεϐλώσεων,

162 2000 268 2069 τῆς
290 1997 617 2073 ἐπικερδοῦς
654 1996 908 2069 τελευτῆς
929 2012 945 2030 ⁸
980 1999 1064 2054 δτι
1095 1999 1195 2073 τῆς
1223 1998 1580 2072 ἀτελευτήτου
1616 2000 1762 2072 ζωῆς

159 2090 321 2163 αὐτῷ
347 2090 623 2163 γεγένηται
634 2109 652 2145 ι
686 2089 969 2163 πρόξενος.

252 2268 395 2324 Ἀλλ’
427 2268 556 2324 ὅταν
589 2268 791 2323 τούτων
825 2266 1085 2343 ἀκούσῃς,
1126 2263 1244 2321 οῖδα
1295 2267 1332 2322 ἃ
1374 2270 1613 2341 φρονεῖς,
1668 2267 1764 2323 καὶ

160 2360 383 2430 λέγεις·
438 2360 698 2424 Δεκτικὸς
737 2359 893 2428 κάγὼ
923 2357 1032 2412 τῶν
1077 2357 1299 2429 ὁμοίων.
1337 2359 1433 2412 “Av
1464 2358 1615 2431 ζήσω
1641 2361 1761 2413 κατ’

160 2453 396 2525 ἀρετὴν,
431 2453 491 2506 οὒ
520 2451 740 2525 χείρων,
764 2451 873 2506 οὐδ’
891 2450 1212 2523 ἀτιμότερος
1231 2450 1342 2506 τῶν
1365 2450 1462 2506 νῦν
1490 2450 1766 2524 θαυμαζο-

170 2543 353 2613 μένων
401 2540 620 2613 ἔσομαι.
663 2540 916 2597 Μάλιστα
959 2540 1059 2612 μὲν
1108 2536 1225 2606 οὖν,
1277 2537 1536 2606 ἀλαζόνος
1589 2541 1762 2599 ταῦτα

163 2636 240 2691 τὰ
274 2638 523 2708 ῥήματα,
555 2632 893 2698 δικαιοῦντος
922 2632 1117 2688 ἐαυτὸν
1144 2632 1287 2688 κατά
1305 2634 1397 2687 τὸν
1422 2634 1763 2708 μεγάλαυχον

164 2730 488 2801 Φαρισαῖον,
523 2727 619 2781 καὶ
663 2726 846 2798 πάσης
876 2725 1264 2798 ταπεινότητος
1298 2724 1442 2792 ξένα.
1490 2728 1763 2801 Πρόδηλον

164 2821 243 2886 ἃ,
275 2820 354 2885 ὡς
379 2821 411 2874 ὁ
438 2820 515 2891 μὴ
538 2817 806 2890 πρότερον
827 2816 1204 2885 ταπεινωθεὶς,
1236 2819 1318 2883 είς
1352 2817 1485 2889 ὕψος
1515 2820 1615 2875 οὐκ
1637 2820 1765 2875 ἀνα-

1865 1906 1980 1952 stro
2009 1904 2326 1967 apparente,
2361 1914 2530 1970 osque
2573 1902 2780 1971 aperiet
2802 1900 2853 1956 in
2884 1902 3101 1967 ﬁducia,
3134 1904 3446 1974 angelorum

1864 1989 2018 2045 laetus
2057 1990 2391 2060 Spectaculo,
2445 1992 2539 2047 Dei
2577 2005 2638 2047 se
2681 1992 2851 2062 gloria
2884 1993 3098 2048 beatum
3146 1996 3452 2065 praedicans

1867 2096 1899 2136 a
1931 2081 2269 2149 verberibus,
2296 2083 2547 2149 vinculis,
2572 2086 2881 2154 tormentis,
2914 2097 3087 2142 morte
3112 2087 3227 2142 utili
3255 2107 3268 2143 :
3299 2091 3446 2160 quod

1836 2181 1924 2229 ‘ea
1950 2174 2278 2231 immortalis
2310 2175 2362 2230 ei
2391 2176 2502 2231 vita
2534 2178 2849 2233 accesserit.

1940 2263 2142 2323 Verum
2171 2269 2286 2325 scio
2316 2269 2444 2339 quid
2473 2270 2588 2325 haec
2622 2268 2846 2326 audiens
2889 2271 3112 2340 sentias,
3143 2286 3209 2328 ac
3250 2273 3399 2328 dicas
3426 2292 3446 2328 :

1865 2357 1995 2415 Sum
2025 2369 2080 2414 et
2117 2358 2235 2430 ipse
2281 2360 2466 2416 talium
2517 2374 2710 2431 capax.
2760 2360 2918 2416 Modo
2960 2363 3135 2417 vivam
3169 2378 3202 2418 e
3229 2362 3450 2420 virtutis

1865 2450 2095 2519 ratione,
2147 2451 2285 2507 nihil
2335 2452 2576 2509 deterior
2625 2463 2717 2508 aut
2757 2453 2954 2509 minori
2987 2455 3192 2509 honore
3231 2454 3449 2511 futurus

1864 2556 2005 2608 sum,
2051 2544 2120 2601 ab
2172 2545 2240 2602 iis
2287 2559 2425 2615 quos
2478 2560 2622 2602 nunc
2675 2545 3036 2601 admiramur.
3073 2544 3239 2601 Plane
3274 2561 3446 2604 vero:

1863 2644 1990 2691 sunt
2019 2636 2134 2692 haec
2158 2636 2324 2693 animi
2358 2638 2665 2707 arrogantis
2693 2636 2886 2705 verba,
2931 2638 3044 2706 ejus
3081 2639 3170 2708 qui
3206 2639 3481 2713 seipsum'

1860 2726 2122 2798 justiﬁcat
2167 2743 2318 2785 more
2340 2728 2658 2800 jactabundi
2702 2729 2847 2785 illius
2906 2729 3248 2796 Pharisaei”,
3283 2742 3451 2802 atque

1865 2820 1934 2875 ab
1956 2820 2101 2875 omni
2126 2819 2444 2878 humilitatis
2467 2834 2626 2878 sensu
2653 2820 2848 2877 aliena.
2876 2820 3062 2877 Palam
3092 2837 3219 2878 vero
3242 2823 3431 2893 liquet.

164 2908 379 2967 61£vst°
421 2911 700 2982 ἀπόφασις
749 2909 857 2983 γάρ
896 2912 1018 2964 ἐστι
1062 2910 1387 2983 Δεσποτική.
1439 2911 1556 2966 Ἵνα
1587 2912 1647 2967 δέ
1676 2913 1762 2977 τίς

1868 2911 1968 2968 nisi
2007 2912 2130 2984 quis
2164 2913 2315 2984 prius
2345 2928 2407 2969 se
2432 2914 2547 2984 ipse
2576 2914 2964 2978 humiliaverit,
2997 2929 3103 2970 non
3135 2916 3446 2986 provehen~

172 3020 255 3057 σοι
292 3003 609 3077 ἐνεχυρίζῃ,
652 3002 735 3055 ὅτι
768 3004 975 3077 γενήσῃ
1005 3000 1271 3067 τοιοῦτος,
1317 3003 1380 3056 οὐ
1411 3002 1606 3070 θέλεις,
1640 3007 1761 3061 εἰπέ

1868 3003 1991 3058 dum
2040 3004 2109 3059 ad
2155 3004 2208 3059 id
2249 3005 2393 3076 quod
2441 3015 2527 3061 est
2567 3003 2733 3060 altum
2769 3021 2833 3061 ac
2862 3005 3132 3061 sublime:
3167 3007 3445 3063 Dominica

171 3114 285 3167 μοι,
316 3094 632 3165 αἰδεσθῆναι
659 3094 785 3158 τοὺς
814 3093 911 3166 τήν
932 3093 1053 3148 ὁδόν
1082 3109 1165 3148 σοι
1197 3094 1298 3167 τῆς
1323 3095 1602 3161 εὐσεϐείας
1624 3098 1760 3170 τέμ-

1868 3113 2104 3171 namque
2141 3100 2409 3154 sententia
2438 3107 2542 3154 est.
2577 3098 2716 3166 Quin
2751 3109 2810 3153 ut
2852 3099 3045 3168 aliquis
3087 3099 3244 3154 talem
3283 3109 3334 3155 te
3360 3100 3448 3154 fu-

169 3162 386 3251 νοντας,
418 3162 545 3251 τοὺς
591 3186 821 3258 ὁδηγοὺς
855 3162 965 3241 τῶν
1011 3187 1216 3253 καλῶν,
1245 3162 1372 3254 τοὺς
1405 3162 1760 3257 διδασκάλους

1868 3202 2042 3248 turum
2098 3202 2248 3249 certo
2294 3192 2578 3264 spondeat,
2622 3208 2825 3264 ergone
2873 3192 3032 3258 nolis,
3085 3194 3311 3247 obsecro
3355 3204 3437 3258 te,

168 3278 272 3348 τῆς
323 3277 553 3350 ἀρετῆς,
596 3277 726 3342 τοὺς
781 3276 1183 3345 παιδεύσαντάς
1225 3296 1285 3333 σε
1327 3281 1625 3352 καρτερίαν
1664 3283 1761 3338 καὶ

1868 3286 1930 3342 iis
1956 3285 2157 3341 habere
2187 3285 2567 3353 reverentiam,
2603 3286 2692 3355 qui
2728 3284 2822 3339 tibi
2847 3284 3060 3355 pietatis
3088 3284 3227 3339 viam
3258 3284 3443 3340 iuitia~

170 3369 408 3424 Θανάτου
436 3369 876 3442 καταφρόνησινς
912 3370 1071 3441 Παρὰ
1098 3371 1206 3425 τῶν
1232 3371 1490 3443 μαθητῶν
1517 3372 1612 3427 τοῦ
1644 3373 1760 3444 βίου

1868 3380 2095 3436 verunt?
2127 3380 2217 3448 qui
2267 3379 2542 3435 bonorum
2586 3378 2806 3434 fuerunt
2836 3377 3047 3435 duces?
3084 3378 3175 3448 qui
3227 3378 3446 3433 virtutis

166 3462 366 3515 τούτου
397 3460 819 3533 εὐγνωμοσύνην
847 3460 1146 3532 διδάχθητι,
1172 3462 1255 3516 ὅτι
1282 3463 1458 3533 ὅμοιοι
1484 3464 1760 3537 γινόμενοι

1868 3471 2157 3527 doctores?
2216 3470 2309 3541 qui
2363 3473 2433 3527 ad
2494 3469 2883 3535 tolerantiam,
2945 3482 3015 3522 ac
3070 3468 3264 3523 mortis
3312 3484 3444 3523 cono

165 3553 280 3607 τῶν
308 3552 656 3620 διδαξάντων,
697 3552 794 3607 καὶ
829 3551 981 3606 οὐδὲν
1018 3552 1122 3623 τῆς
1164 3552 1363 3625 τέχνης
1399 3554 1756 3623 ἐλλείποντες,

1868 3572 2126 3634 temptum
2186 3561 2548 3619 erudierunt?
2614 3562 2771 3617 Disce
2833 3576 2863 3614 a
2921 3559 3102 3614 saeculi
3168 3560 3325 3631 hujus
3378 3576 3447 3616 ac

164 3644 322 3716 ὅμως
353 3642 467 3697 τῶν
495 3642 852 3700 διδασκόντων
878 3642 1095 3715 φιλοῦσι
1127 3644 1197 3699 τά
1237 3646 1430 3718 στήθη,
1464 3647 1757 3714 αἰδοῦνται,

1868 3655 2049 3711 mundi
2091 3653 2390 3726 discipulis,
2439 3653 2641 3724 probos
2673 3668 2738 3709 ac
2770 3661 2956 3724 gratos
2988 3666 3190 3719 mores,
3232 3661 3293 3706 ut
3319 3668 3443 3707 cum

167 3732 504 3805 εὐφημοῦσι,
537 3734 647 3790 τῶν
675 3734 961 3809 πρωτείων
984 3737 1403 3809 παραχωροῦσι,
1433 3739 1762 3812 θεραπεύου-

1868 3747 2138 3818 magistris
2183 3746 2391 3803 similes
2428 3748 2697 3812 evadant,
2748 3759 2849 3801 nec
2898 3745 2982 3801 eis
3032 3745 3328 3816 quidquam
3374 3746 3446 3804 de

170 3843 260 3880 σιν
282 3826 363 3890 ὡς
377 3825 635 3897 πατέρας.
652 3826 829 3881 Πολλά
843 3826 937 3881 καὶ
957 3825 1378 3899 τελευτήσαντες
1407 3828 1551 3898 ἅγιοι
1573 3831 1760 3886 δύναν-

1868 3844 1994 3897 artis
2032 3841 2224 3912 peritia
2254 3840 2415 3908 desit,
2467 3840 2848 3910 magistrorum
2899 3847 3078 3894 tamen
3128 3836 3445 3892 osculentur

166 3935 287 3984 ται,
322 3918 421 3971 καὶ
460 3917 786 3982 ἀπελθόπες
829 3917 924 3972 τοῦ
973 3918 1088 3990 βίου
1131 3920 1508 3994 εὐεργετοῦσιν
1545 3923 1757 3996 ἀνθρώ-

1868 3944 2109 4004 pectora,
2134 3942 2508 3999 revereamur,
2542 3932 2790 3986 laudibus
2818 3930 3117 3997 celebrent,
3148 3931 3226 3986 eis
3251 3944 3443 3985 conce-

166 4026 338 4074 πους·
374 4010 469 4065 καὶ
511 4011 722 4082 μάρτυς
751 4010 859 4065 τῶν
890 4012 1201 4083 λεγομένων
1230 4015 1261 4066 ό
1298 4013 1617 4083 Ἐλισσαῖος,
1656 4019 1760 4072 πά-

1868 4028 1990 4081 dant
2027 4026 2253 4097 primas,
2282 4026 2464 4081 colant
2493 4035 2551 4079 ut
2582 4032 2783 4093 patres.
2817 4022 2984 4078 Multa
3014 4023 3186 4078 sancti
3223 4022 3428 4086 valent,

167 4101 262 4156 λαι
292 4101 395 4173 μὲν
436 4100 684 4156 ἀπελθὼν
722 4102 817 4156 τοῦ
860 4102 977 4174 βίου
1014 4102 1110 4157 καὶ
1142 4105 1451 4177 κοιμηθεὶς,
1493 4107 1759 4165 ἀθάνατον

1868 4119 2079 4174 tametsi
2145 4119 2255 4174 vita
2324 4117 2541 4183 functi,
2611 4131 2842 4185 cumque
2907 4115 3188 4184 migrarint
3244 4129 3275 4169 a
3336 4130 3441 4170 sae-

166 4193 228 4247 δὲ
254 4193 350 4246 καὶ
376 4192 677 4264 ἀχώριστον
702 4193 800 4265 τὴν
831 4192 926 4248 τοῦ
959 4194 1096 4250 Θεοῦ
1127 4196 1288 4268 χάριν
1317 4197 1519 4263 λαϐὼν,
1546 4198 1626 4271 τῷ
1652 4199 1759 4271 χώ-

1868 4211 2001 4278 culo,
2030 4210 2311 4266 beneficiis
2343 4220 2521 4264 tamen
2559 4207 2875 4278 impertiunt
2903 4206 3153 4261 homines
3178 4223 3193 4261 :
3222 4221 3287 4261 ac
3318 4208 3442 4275 qui-

170 4302 305 4357 ματι
328 4284 770 4357 παρεδρεύουσαν
800 4285 895 4340 καὶ¹
932 4289 1046 4352 τοῖς
1074 4287 1304 4360 ἀψύχοις
1331 4289 1562 4354 ὀστέοις.
1597 4286 1759 4357 Οἶδας

1868 4304 1983 4360 dem
2014 4303 2224 4359 Eliseus
2257 4303 2417 4357 fidem
2451 4301 2664 4356 abunde
2692 4300 2851 4356 dictis
2881 4299 3082 4353 astruit
3111 4317 3125 4353 :
3154 4298 3247 4369 qui
3281 4300 3441 4353 nimi-

166 4378 300 4447 γάρ,
333 4379 367 4430 ὁ
392 4377 679 4447 φιλόπονος
716 4376 830 4431 τῶν
877 4377 1110 4450 Γραφῶν
1146 4378 1413 4451 μαθητὴς,
1451 4380 1535 4435 ὅτι
1565 4382 1758 4455 νεκρός

1868 4412 2000 4461 rttm,
2048 4411 2171 4450 cum
2214 4394 2303 4450 diu
2345 4402 2471 4447 ante
2500 4408 2528 4445 a
2563 4393 2761 4447 szeculo
2802 4394 3106 4464 migrasset,
3146 4407 3211 4446 ac
3248 4394 3440 4446 mortis

164 4486 253 4533 τις
290 4469 447 4543 παρά
473 4469 583 4523 τῶν
610 4470 825 4523 οἰκείων
854 4471 935 4533 εἰς
962 4471 1060 4542 τὴν
1101 4470 1342 4544 ἐκφορὰν
1372 4473 1751 4544 κομιζόμενος,

1868 4497 2108 4538 somnum
2158 4481 2475 4551 accepisset,
2510 4480 2871 4536 immortalem
2901 4493 3077 4538 tamen
3107 4497 3172 4537 ac
3201 4481 3433 4536 indivul-

168 4562 382 4634 λῃστῶν
409 4562 606 4634 ἀθρόον
636 4563 670 4635 ἢ
707 4562 978 4633 πολεμίων
1029 4562 1464 4630 καταλαϐόντων,
1495 4560 1582 4618 οἷα
1609 4566 1754 4637 φιλεῖ

1868 4590 1974 4631 sam
2007 4574 2099 4629 Dei
2129 4573 2359 4643 gratiam
2402 4574 2694 4642 acceperit,
2729 4575 2937 4629 tumulo
2975 4575 3331 4637 assidentem,
3367 4590 3433 4629 ac

168 4655 492 4726 συμϐαίνειν
529 4658 587 4708 ἐν
620 4656 820 4727 συνοχῇ
866 4654 962 4708 καὶ
994 4653 1228 4728 θορύϐῳ,
1279 4656 1627 4729 ἐπιῤῥιφθεὶς
1674 4658 1752 4730 τῷ

1868 4666 2087 4721 mortuis
2117 4665 2334 4720 ossibus
2361 4666 2683 4720 hmrentem.
2723 4665 2896 4731 Nosti,
2942 4668 3193 4737 quisquis
3214 4667 3436 4722 exsistis

164 4748 323 4818 τάφῳ
370 4747 467 4801 τοῦ
494 4747 893 4819 τρισμακαρίου
925 4750 1227 4820 προφήτου,
1255 4749 1451 4822 ἀθρόον
1472 4750 1748 4824 ἐψυχώθη,

1868 4759 2126 4815 studiosus
2172 4757 2575 4828 Scripturarum
2621 4759 2941 4827 discipulus,
2994 4770 3054 4814 ut
3099 4775 3223 4814 cum
3285 4774 3434 4814 mor-

162 4840 259 4893 καὶ
306 4840 448 4912 πρὸς
493 4841 623 4903 τοὺς
670 4840 882 4906 ζῶντας
932 4840 1209 4897 ἀνέλυσεν.
1262 4841 1327 4894 Τί
1383 4838 1478 4897 οὖν
1519 4842 1750 4915 ἐροῦμεν

1868 4862 1981 4906 tuus
2026 4848 2221 4919 aliquis
2262 4850 2694 4905 necessariorum
2736 4866 2865 4905 cura
2901 4851 3093 4907 funere
3116 4850 3432 4914 efferretur,

160 4933 299 5004 πρὸς
329 4933 394 4986 τὸ
421 4933 744 5003 γενόμενονς
791 4932 1171 5007 Μὴοαίσθησιν
1204 4929 1318 5006 εἶχε
1360 4936 1469 4989 τῶν
1510 4953 1746 5009 πραττο-

1868 4942 2364 5012 supervenientibus
2415 4953 2637 5013 repente
2674 4943 2995 5000 latrunculis
3017 4946 3131 4999 sive
3165 4944 3430 5007 hostibus.

161 5035 340 5103 μένων
365 5035 394 5087 ὁ
423 5033 661 5099 δίκαιος;
711 5034 785 5106 μὴ
813 5035 979 5106 εὐχὴν
1018 5031 1355 5105 ἀνέπεμψεν,
1383 5031 1459 5094 ὼς
1492 5030 1632 5102 ὑπὲρ
1654 5029 1748 5082 τοῦ

1868 5036 1929 5090 ιιῑ
1964 5034 2122 5091 facile
2160 5034 2214 5089 in
2250 5034 2516 5104 angustiis
2546 5034 2811 5105 ejusmodi
2844 5050 2907 5090 ac
2939 5036 3248 5090 turbatione
3289 5039 3434 5091 acci-

158 5126 451 5199 παιδαρίου
497 5127 599 5198 τῆς
646 5127 1002 5200 Σαμαρίτιδος
1017 5128 1099 5195 “;
1159 5126 1299 5181 Ἀλλ’
1332 5125 1485 5180 οὐδὲν
1508 5123 1749 5178 τοιοῦτον

1868 5126 1930 5180 lit
1981 5125 2124 5180 inter
2193 5124 2338 5180 beati
2387 5125 2662 5195 prophetae
2731 5126 3037 5195 sepulcrum
3108 5126 3384 5195 prolectus
3414 5166 3430 5190 ,

151 5218 368 5273 δίδωσιν
421 5219 557 5290 ήμῐν
618 5221 819 5273 ἐννοεῖν
865 5222 900 5292 ή
951 5220 1062 5275 τῶν
1110 5219 1449 5291 πραγμάτων
1491 5216 1744 5289 ἀλήθεια.

1868 5215 2146 5272 :onfestim
2229 5216 2500 5287 receperit
2556 5217 2818 5282 animam,
2892 5227 3056 5286 atque
3128 5219 3195 5272 ad
3266 5219 3431 5271 vitam

136 5310 376 5379 ὶέκειτο
403 5309 516 5381 γὰρ
545 5310 652 5382 πρὸ
680 5310 890 5366 πολλῶν
919 5310 1028 5366 τῶν
1054 5311 1262 5384 χρόνων
1293 5311 1323 5364 ό
1348 5309 1575 5375 δίκαιος,
1614 5309 1743 5363 ἀνα-

1868 5308 2159 5364 redierit“.
2189 5308 2326 5374 Quid
2357 5322 2486 5379 ergo
2512 5307 2705 5362 dicturi
2738 5322 2924 5362 sumus
2948 5324 3045 5377 pro
3073 5322 3138 5361 eo
3165 5310 3308 5379 quod
3333 5308 3434 5363 fuit

144 5400 406 5467 ’λυθέντος
434 5401 531 5457 τοῦ
559 5401 809 5474 σώματος
832 5404 970 5476 πρὸς
991 5405 1081 5459 τὸν
1104 5403 1339 5475 συγγενῆ
1365 5402 1494 5475 χοῦν
1518 5401 1614 5455 καὶ
1641 5399 1743 5472 τὴν

1868 5400 2101 5471 gestum?
2147 5414 2348 5469 ergone
2393 5414 2612 5457 sensum
2670 5399 2857 5454 habuit
2894 5402 2979 5454 vir
3025 5398 3205 5467 justus
3238 5415 3430 5456 eorum

138 5476 145 5513 ⁷
152 5492 423 5564 ὁμόφυλον
451 5494 621 5549 κόνιν.
651 5495 923 5568 Πρόδηλον
942 5496 998 5551 δὲ
1018 5496 1379 5569 καθέστηκεν,
1403 5495 1480 5560 ὡς
1498 5493 1738 5560 δοξάζων

1868 5509 1969 5565 luas
2009 5494 2367 5565 gererentur?
2407 5508 2677 5565 precesne
2720 5493 2925 5557 emisit,
2981 5492 3127 5547 velut
3174 5508 3272 5563 pro
3322 5492 3431 5547 lilio

151 5584 181 5638 ό
208 5585 344 5651 Θεὸς
379 5587 471 5641 ἀεὶ
515 5586 611 5641 καὶ
641 5587 783 5659 μετὰ
822 5588 977 5653 τέλος
1017 5590 1145 5653 τοὺς
1189 5588 1353 5654 ἰδίους
1391 5586 1736 5661 ἀνθρώπους,

1868 5586 2201 5643 iunamitidis
2227 5585 2319 5641 "‘2
2352 5584 2548 5642 Verum
2574 5583 2709 5642 nihil
2736 5583 3026 5656 ejusmodi,
3058 5599 3239 5639 rerum
3271 5585 3428 5641 nobis

223 5768 268 5804 “
289 5770 461 5828 Vocat
496 5774 775 5846 Scriptura
810 5775 1135 5851 Σωμανίτιν.
1218 5776 1262 5809 ⁸⁸
1291 5776 1423 5833 Luc.
1456 5766 1609 5844 mu,
1638 5774 1695 5833 ll
1724 5791 1763 5833 sc

1935 5775 1981 5808 δ’
2009 5776 2079 5831 IV
2116 5774 2250 5848 Reg.
2298 5774 2536 5843 1111,21.
2618 5774 2665 5808 ⁸⁸
2697 5758 2773 5829 ιγ’
2807 5770 2945 5845 Reg.
2979 5784 3055 5837 tv,
3083 5768 3175 5827 35.
