3856 6274
376 287 479 343 5‘27

1647 276 1708 331 S.
1747 272 2023 331 ASTERII
2061 269 2364 327 AMASENI

3528 247 3640 303 323

377 402 582 458 veritas
623 398 974 467 cogitandum
1011 392 1228 462 ingerit.
1269 390 1405 446 Nam
1433 389 1520 444 vir
1547 390 1724 459 justus
1756 405 1787 443 a
1819 390 1958 444 mul-

2087 388 2190 459 rapi.
2226 385 2324 449 τὰς
2359 383 2533 456 θήκας
2577 379 2757 436 αὐτῶν
2804 378 2898 433 καὶ
2935 376 3033 440 τὰς
3062 371 3398 432 ἀναπαύσεις
3426 368 3646 467 θαυμα-

384 495 458 551 tis
479 493 590 564 jam
625 492 784 544 annis
831 485 1040 540 tumulo
1064 483 1300 552 jacebat,
1343 496 1648 552 corpusque
1681 482 1734 536 in
1767 496 1966 551 cogna-

383 597 496 637 tum
532 580 837 650 pulverem,
889 591 954 630 ac
985 574 1069 629 sui
1101 573 1314 644 generis
1340 573 1570 637 cineres,
1605 571 1779 626 fuerat
1808 586 1964 626 reso-

380 677 573 729 lutum.
625 671 823 740 Liquet
863 679 1065 734 autem,
1105 668 1293 732 Deum,
1327 665 1418 734 qui
1461 665 1704 719 addictos
1735 665 1832 734 ipsi
1870 664 1967 720 ho-

385 767 585 829 mines,
621 773 744 833 post
775 763 940 816 etiam
971 768 1199 814 mortem
1227 771 1441 825 semper
1471 755 1754 822 clariﬁcet,
1804 755 1969 810 mira-

385 858 513 912 bilia
542 858 658 911 haec
689 854 757 909 ad
784 852 1029 923 sepulcra
1058 864 1268 915 eorum,
1310 862 1376 902 ac
1429 847 1552 902 loca
1594 848 1788 916 quibus
1821 847 1969 916 quie-

390 959 572 1014 scunt,
609 946 822 1017 operari
853 943 1132 1008 miracula,
1158 956 1265 1012 quo
1293 940 1499 1011 posteri
1527 949 1791 1010 perpetua
1829 941 1971 995 serie

386 1042 584 1112 pignus
614 1042 875 1098 habentes
908 1036 1179 1107 praeclarae
1208 1033 1654 1096 conversationis,
1696 1032 1823 1087 vita:
1854 1048 1973 1087 cur-

388 1151 508 1188 sum
570 1144 970 1189 consumment.
1037 1129 1239 1184 Eodem
1310 1126 1471 1182 modo
1540 1124 1688 1180 Elias
1744 1124 1974 1193 hujusce

387 1237 686 1295 praeceptor
747 1224 1057 1294 prophetae,
1127 1227 1250 1290 post
1311 1234 1479 1288 equos
1543 1217 1848 1273 ﬂammeos
1909 1233 1975 1272 ac

389 1317 602 1385 igneum
630 1330 870 1376 currum,
924 1313 976 1365 in
1013 1311 1115 1365 alia
1151 1325 1318 1378 agens
1345 1309 1497 1372 vita;
1537 1324 1599 1362 ac
1635 1308 1702 1361 ab
1726 1309 1974 1363 humanis

387 1406 457 1460 ad
487 1406 662 1460 locum
714 1405 974 1472 migrans,
1012 1416 1171 1470 quem
1199 1409 1284 1454 est
1308 1408 1660 1461 consecutus,
1697 1398 1973 1469 amplissi-

389 1500 585 1552 simum
641 1513 752 1551 sua:
807 1496 1020 1548 virtutis
1071 1493 1322 1547 melotem
1372 1492 1589 1561 reliquin
1651 1493 1975 1561 symbolum.

393 1589 636 1643 Tametsi
667 1587 857 1657 quanti
920 1585 1008 1638 illa
1049 1585 1203 1652 pretii
1241 1581 1563 1638 videbatur?
1602 1580 1745 1634 Nihil
1783 1581 1979 1651 quippe

392 1683 536 1736 aliud
579 1691 698 1735 erat
743 1694 905 1747 quam
954 1678 1108 1747 pellis
1159 1686 1395 1741 ntortua,
1447 1690 1548 1730 usu
1588 1673 1700 1743 jam
1730 1690 1794 1730 ac
1825 1684 1978 1729 vetu-

2065 456 2283 551 τουργεῖ
2307 475 2378 530 τὰ
2406 473 2712 546 παράδοξα·
2744 473 2830 526 ἵνα
2865 471 2916 523 οἱ
2951 467 3151 533 ζῶντες
3177 463 3264 517 ἀεὶ
3294 459 3387 514 καὶ
3423 456 3650 530 μεθηλι-

2066 573 2334 641 κέστεροι,
2384 569 2636 640 ἐνέχυρον
2683 562 3034 636 ἐχοντες.τῆς
3081 557 3308 630 ἀρίστης
3343 552 3646 615 πολιτείας,

2068 663 2333 731 ἐξανύωσι
2364 661 2498 733 βίον.
2539 658 2812 721 Ὡσαύτως
2843 655 2939 710 καὶ
2967 652 3151 714 Ἠλίας
3181 652 3210 702 ὁ
3241 646 3334 700 τοῦ
3366 644 3650 716 προφήτου

2068 756 2259 810 τούτου
2287 750 2641 823 καθηγεμὼν,
2682 747 2822 821 μετὰ
2847 746 2975 809 τοὺς
3005 740 3300 814 φλογώδεις
3325 737 3524 798 ἵππους
3554 733 3654 823 καὶ

2069 847 2130 899 τὸ
2175 844 2399 916 πύρινον
2421 821 2586 913 Ϋᾶρήμα
2629 842 2686 893 ἐν
2719 837 2854 909 ἄλλῃ
2888 832 3160 907 βιωτεύων
3188 829 3324 898 ζωῇ,
3361 825 3458 879 καὶ
3492 821 3654 916 ἀπε-λ-

2072 937 2181 991 θὼν
2222 913 2283 1001 ἐξ
2310 933 2610 1007 ἀνθρώπων
2654 932 2734 996 είς
2768 929 2859 983 τὸν
2895 925 3072 999 χῶρον
3118 922 3176 976 ὃν
3220 919 3434 990 ἔλαχεν,
3469 913 3655 1007 ἱκανὸν

2070 1031 2173 1101 τῆς
2230 1005 2424 1082 ἐαυτού
2457 1026 2736 1095 δυνάμεως
2770 1019 3036 1093 σύμϐολον
3085 1015 3300 1085 ἀφῆκεν
3337 1008 3436 1080 τὴν
3480 1005 3656 1101 μηλωῗ

2072 1124 2190 1193 τήν.
2235 1121 2424 1176 Καίτοι
2471 1119 2635 1172 πόσου
2673 1115 2817 1179 τινὸς
2861 1113 2987 1178 ἀξία
3033 1110 3278 1179 ὑπῆρχεν
3309 1101 3524 1170 ἐκείνω
3576 1096 3653 1148 οὐ

2074 1217 2182 1286 γάρ
2210 1209 2275 1285 ἦν
2305 1212 2431 1267 ἄλλο
2461 1229 2536 1278 τι,
2584 1210 2618 1282 ἢ
2663 1208 2840 1280 δέρμα
2871 1205 3060 1277 νεκρὸν
3091 1203 3184 1254 καὶ
3218 1197 3420 1269 φαῦλον
3449 1196 3513 1247 ἐκ

2074 1283 2375 1376 λαίότητος.
2409 1306 2596 1376 Ὅμως
2627 1302 2684 1355 δὲ
2713 1303 2805 1354 καὶ
2832 1300 2860 1352 ὁ
2900 1296 3169 1370 Ἰορδάνης
3199 1289 3370 1360 αὐτὴν
3397 1283 3657 1340 ὑπεστέλ-

2075 1399 2217 1460 λετο,
2253 1397 2348 1450 καὶ
2374 1395 2496 1466 δίχα
2525 1394 2586 1446 τὸ
2618 1393 2761 1464 ὓδωρ
2813 1390 3088 1461 ἐτέμνετο,
3116 1384 3211 1438 καὶ
3237 1377 3655 1466 διακεκριμένον

2078 1492 2338 1561 εἱστήκει,
2382 1463 2571 1558 ὥσπερ
2625 1463 2854 1539 ἐπὶῗτού
2911 1480 3085 1552 Ἰησοῦ
3131 1479 3193 1531 τὸ
3229 1473 3474 1535 παλαιὸν,
3503 1469 3560 1532 ὃς
3587 1463 3658 1538 ἧν

2077 1583 2246 1646 τύπος
2274 1581 2367 1635 τοῦ
2401 1579 2704 1651 μέλλοντος.
2733 1577 2920 1648 Παρῆν
2940 1575 2998 1628 δὲ
3023 1573 3113 1627 καὶ
3139 1569 3292 1625 ἀπὼν
3315 1571 3343 1621 ὁ
3365 1563 3656 1634 Θεσϐίτης,

2081 1676 2174 1728 καὶ
2197 1673 2259 1726 τὸ
2285 1673 2488 1743 ἔνδυμα
2523 1670 2616 1724 τοῦ
2657 1669 2946 1740 φιλοσόφου
2974 1665 3238 1730 ἐδεξιοῦτο
3262 1662 3352 1715 τὸν
3387 1654 3656 1730 μαθητὴν,

394 1787 535 1828 state
581 1772 808 1826 inutilis.
855 1769 1007 1824 llanc
1049 1768 1400 1823 nihilominus
1429 1767 1544 1836 ipse
1584 1766 1974 1822 reformidabat

2087 1767 2294 1837 ἀσφαλῆ
2320 1765 2412 1818 τοῦ
2445 1763 2694 1836 ποταμοῦ
2719 1760 3085 1834 χαριζομένης
3113 1757 3211 1829 τὴν
3237 1753 3533 1827 περαίωσιν
3555 1747 3660 1818 τῆς

391 1866 665 1925 Jordanis,
712 1865 996 1930 mediaque
1043 1861 1392 1915 scindebatur
1430 1874 1593 1928 aqua,
1639 1873 1705 1914 ac
1735 1858 1973 1915 discreta

393 1962 592 2023 stabat,
627 1973 730 2025 qua
765 1957 896 2010 olim
927 1955 1136 2009 ratione
1170 1953 1271 2007 sub
1302 1952 1452 2018 Jesu,
1483 1953 1577 2022 qui
1610 1952 1774 2006 futuri
1806 1953 1976 2022 ﬁgura

395 2049 518 2104 fuit.
575 2051 779 2104 Aderat
824 2057 1025 2111 autem,
1080 2061 1202 2099 cum
1247 2043 1410 2098 etiam
1452 2046 1666 2099 abesset
1694 2043 1980 2099 Thesbites

397 2141 502 2204 ille,
558 2155 620 2194 ac
667 2138 971 2208 philosophi
1038 2135 1456 2201 indumentum,
1508 2135 1829 2204 discipulum
1879 2136 1978 2191 de-

397 2231 687 2294 mulcebat,
719 2238 1011 2299 praestante
1045 2228 1136 2282 Dei
1174 2226 1483 2292 clementia,
1533 2237 1592 2280 ut
1634 2227 1679 2282 is
1721 2235 1836 2281 tuto
1879 2227 1978 2280 ilu-

402 2339 525 2377 uen
561 2324 848 2388 transiret,
885 2329 1312 2388 sanctorumque
1347 2319 1677 2390 indumentis
1718 2319 1975 2374 honorem

401 2417 656 2480 habente,
688 2425 943 2484 tanquam
973 2413 1210 2466 animata
1251 2423 1453 2468 essent.
1481 2413 1660 2481 Atque
1687 2421 1746 2466 ut
1771 2413 1977 2481 perspi-

397 2524 499 2565 cue
525 2508 703 2578 palam
745 2517 915 2572 esset,
958 2505 1280 2560 miraculum
1328 2505 1460 2560 illud
1493 2505 1545 2558 in
1580 2504 1820 2569 ﬂumine,
1869 2519 1976 2560 non

397 2599 754 2671 percutientis
783 2598 978 2652 merito
1009 2605 1280 2667 patratum
1312 2610 1453 2656 esse,
1484 2597 1577 2650 sed
1607 2595 1722 2663 ejus
1756 2597 1976 2651 honoris

397 2707 581 2755 causa,
615 2691 705 2761 qui
730 2690 1076 2752 excessisset,
1110 2702 1174 2743 ac
1203 2686 1396 2742 fuisset
1425 2698 1757 2756 assumptus.
1799 2687 1979 2742 Eliseo

398 2798 592 2852 aquam
638 2783 989 2850 percutiente,
1045 2780 1244 2833 ﬂuebat
1294 2778 1384 2832 illa
1435 2777 1786 2831 nihilominus
1831 2793 1979 2833 more

2080 1860 2173 1912 τοῦ
2202 1858 2334 1911 Θεοῦ
2365 1855 2796 1928 φιλανθρωπίας,
2826 1852 2917 1907 καὶ
2947 1851 3016 1904 τὰ
3045 1847 3316 1918 ἐνδύματα
3347 1843 3454 1896 τῶν
3489 1838 3661 1908 ἁγίων

2081 1951 2348 2024 τιμώσης,
2388 1950 2463 2014 ὡς
2492 1949 2729 2020 ἔμψυχα.
2762 1945 2871 2000 Καὶ
2905 1944 2991 1998 ἵνα
3033 1939 3218 2012 δειχθῇ
3267 1932 3542 2024 καθαρῶς,
3576 1931 3660 2024 δτι

2083 2021 2298 2116 τὸνπερί
2341 2044 2431 2098 τὸν
2483 2042 2726 2112 ποταμὸν
2787 2033 3277 2107 θαυματούργημα,
3323 2029 3384 2082 ού
3423 2023 3512 2078 διά

2084 2114 2261 2190 αἰτίαν
2309 2135 2524 2204 ἐγένετο
2570 2133 2666 2186 τοῦ
2715 2131 3045 2202 πλήττοντος
3091 2125 3152 2178 τὸ
3205 2122 3369 2190 ὕδωρ,
3403 2116 3538 2172 ἀλλά
3573 2114 3663 2168 διὰ

2083 2229 2180 2300 τὴν
2207 2228 2372 2299 τιμὴν
2415 2226 2509 2280 τοῦ
2555 2225 2835 2296 οἰχομένου
2875 2221 2970 2276 καὶ
3017 2215 3448 2288 ἀναληφθέντος·
3486 2209 3662 2263 πατά-

2085 2322 2272 2386 ξαντος
2298 2321 2357 2374 τὸ
2385 2319 2528 2391 ὕδωρ
2558 2319 2652 2372 τοῦ
2697 2314 3022 2378 Ἐλισσαίου,
3051 2311 3201 2383 ἐρρει
3229 2307 3290 2360 τὸ
3357 2305 3500 2374 ὕδωρ
3536 2319 3662 2354 συν-

2084 2414 2248 2485 ήθως,
2291 2412 2444 2466 οὐδὲν
2480 2411 2744 2473 πεπονθὸς
2793 2407 2994 2462 καινόν.
3044 2401 3261 2472 Ἐπειδὴ
3302 2400 3357 2454 δέ
3377 2394 3664 2465 ἀποτυχὼν

2084 2504 2402 2575 ἐπεϐόησεν,
2437 2503 2561 2559 Ποῦ
2584 2502 2659 2570 δή
2689 2501 2859 2555 ἐστιν
2890 2501 2924 2553 ὁ
2955 2495 3098 2561 Θεὸς
3147 2492 3375 2554 Ἡλίου,
3413 2490 3507 2542 καὶ
3538 2486 3666 2557 (301‘.-

2087 2613 2206 2659 σας,
2236 2596 2300 2648 ἐκ
2331 2593 2582 2664 δευτέρου
2612 2591 2890 2656 καθίκετο,
2917 2588 3077 2650 εὐθὺς
3107 2581 3401 2652 ὁποταμὸς
3429 2576 3664 2647 διασχὼν

2088 2687 2144 2738 τὸ
2179 2686 2410 2759 ῥεῖθρον,
2454 2685 2666 2757 γυμνὴν
2713 2685 2882 2752 ἔδειξε
2909 2683 3007 2756 τὴν
3039 2681 3229 2754 ξηρὰν,
3265 2677 3362 2733 καὶ
3393 2672 3667 2738 πεζεῦσας

2086 2782 2114 2834 ὁ
2149 2781 2435 2851 προφήτης
2467 2782 2546 2844 είς
2571 2781 2632 2834 τὸ
2662 2780 2835 2853 πέραν
2859 2779 3107 2848 ἀφίκετο.

398 2873 579 2933 solito.
620 2888 743 2927 cum
788 2872 923 2926 nihil
952 2872 1002 2925 ei
1038 2869 1161 2924 novi
1188 2869 1496 2924 accidisset.
1529 2871 1598 2922 At
1623 2869 1714 2924 ubi
1783 2869 1871 2923 ille
1934 2870 2194 2927 frustrato
2254 2885 2447 2927 eonattt
2512 2875 2843 2929 clamasset:
2882 2873 2980 2927 Ubi
3011 2884 3085 2928 est
3115 2871 3252 2928 Dens
3293 2871 3426 2926 Elia:
3448 2867 3531 2921 “‘2
3558 2865 3668 2921 cla-

399 2981 663 3036 tnansque
714 2967 908 3020 iterum
950 2979 1119 3034 aquas
1151 2963 1444 3032 attigisset,
1486 2977 1612 3018 mox
1691 2964 1892 3020 ﬂumen
1933 2966 2108 3022 diviso
2176 2967 2402 3035 ﬂuento,

400 3061 564 3128 pedes
591 3061 660 3116 ad
687 3061 858 3129 ripam
883 3058 1110 3114 alteram
1141 3059 1408 3128 pervenit.

475 3152 676 3221 Joseph
702 3162 906 3219 autem,
944 3169 1050 3207 non
1103 3163 1209 3207 tam
1253 3151 1513 3221 peculiari
1542 3149 1733 3208 aﬂeCtu
1765 3162 1974 3221 patrem
2004 3163 2048 3219 C

401 3248 715 3303 defunctum
764 3261 976 3311 amans,
1023 3261 1183 3315 quam
1233 3247 1410 3315 gentis
1458 3246 1867 3314 patriarcham,
1917 3263 1983 3303 ac

403 3339 618 3410 generis
662 3348 826 3408 caput
881 3341 1176 3406 honorans,
1204 3339 1322 3409 ejus
1349 3353 1414 3393 ex
1455 3336 1694 3410 Egypto
1728 3338 1986 3408 reliquias

404 3430 610 3486 celebri
643 3431 780 3485 adeo
809 3429 955 3483 cultu
993 3430 1208 3484 reduxit
1241 3430 1311 3495 ",
1335 3439 1394 3484 ut
1418 3428 1629 3500 Moyses
1655 3445 1777 3485 eum
1802 3431 1985 3486 mundi

404 3523 577 3577 creati
611 3535 676 3574 ac
705 3521 931 3575 historia
979 3520 1209 3590 reliqua,
1256 3522 1395 3575 hanc
1441 3537 1658 3591 quoque
1712 3523 1986 3578 narrat-io-

412 3627 538 3668 nem
582 3612 787 3667 mundo
819 3613 1158 3677 tradendam,
1194 3628 1258 3666 ac
1283 3611 1587 3666 litterarum
1624 3613 1988 3668 monumentis

407 3705 839 3774 consignandam
868 3704 1163 3774 putaverit.
1192 3703 1426 3757 Rursum
1459 3719 1589 3758 vero
1611 3703 1848 3770 Pharao,
1871 3705 1987 3774 ipsa

408 3797 613 3868 vigilia,
662 3806 722 3852 ut
770 3797 846 3850 ita
903 3797 1026 3866 quis
1080 3796 1248 3860 dicat,
1297 3795 1566 3850 sublatum
1616 3797 1682 3851 ab
1725 3796 1896 3851 oculis
1921 3795 1988 3851 ab

412 3889 607 3944 lsraele
656 3888 1059 3956 proﬁciscente,
1117 3886 1412 3956 Josephum
1469 3887 1652 3941 amisit
1693 3887 1760 3940 ⁸⁸.
1819 3887 1990 3943 Porro

413 3982 614 4051 ubique
672 3995 871 4049 corpus
929 3994 1114 4035 comes
1166 3979 1360 4050 populo
1417 3980 1648 4044 aderat,
1712 3980 1990 4050 multaque

415 4090 548 4129 cura
572 4087 671 4128 ceu
693 4072 823 4142 quid
850 4072 1050 4126 bonum
1085 4087 1151 4127 ac
1183 4082 1449 4140 praestans
1474 4071 1793 4137 ducebatur,
1829 4083 1991 4142 atque

419 4177 480 4222 ut
505 4175 617 4221 tuta
659 4174 1040 4220 sexcentornm
1086 4166 1246 4219 trium
1291 4164 1521 4218 millium
1560 4179 1627 4220 ac
1663 4166 1989 4234 quingentu-

420 4273 537 4312 rum
573 4257 940 4311 multitudinis
985 4255 1227 4309 virorum
1259 4254 1327 4318 ‘9,
1369 4270 1399 4308 a
1445 4255 1601 4311 malis
1647 4255 1891 4313 defensio
1926 4271 1992 4312 ac

417 4339 604 4413 tuitio';
637 4363 808 4418 eaque
837 4346 1138 4402 reverentia
1169 4347 1254 4404 avi
1288 4361 1477 4401 urnam
1504 4349 1990 4418 prosequebantur,

419 4457 525 4512 qua
553 4456 765 4496 sacram
800 4455 983 4494 arcam
1014 4448 1326 4508 portantem
1369 4440 1466 4494 Dei
1499 4439 1692 4510 legem.
1729 4442 1990 4508 Quocirca

2479 2970 2674 3024 nudam
2725 2971 2932 3024 aridam
2971 2970 3227 3033 ostendit,
3296 2971 3668 3038 prophetaqne

2166 3159 2223 3211 Ὁ
2251 3157 2306 3212 δὲ
2349 3158 2547 3228 Ἰωσὴφ
2591 3157 2684 3211 τὸν
2739 3156 2933 3211 Ἰακὼὸ
2978 3173 3400 3228 τελευτησαντα,
3451 3174 3549 3228 ουχ
3591 3155 3669 3220 ὼς

2090 3248 2302 3320 πατέρα
2327 3248 2583 3302 τοσοῦτον
2620 3248 2933 3313 ἰδιαζόντως
2958 3248 3325 3318 ἀγαπῶν,.....
3355 3249 3448 3302 τοῦ
3483 3249 3672 3314 ἔθνους

2089 3343 2434 3414 πατριάρχην
2471 3342 2664 3414 τιμῶν,
2709 3341 2849 3412 μετὰ
2886 3342 2987 3413 τῆς
3031 3341 3469 3412 πολυθρυλλήτου
3512 3341 3675 3413 θερα-

2088 3433 2248 3497 πείας
2288 3435 2504 3505 ἐκείνης
2545 3435 2833 3506 ἀπήγαγεν
2871 3433 2930 3500 ἐξ
2976 3433 3254 3502 Αἰγύπτου
3289 3433 3350 3487 τὸ
3395 3432 3671 3503 λείψανον,

2089 3525 2228 3581 ὥστε
2261 3526 2352 3578 τὸν
2384 3527 2622 3580 Μωῠσέα
2651 3527 2789 3596 μετά
2812 3527 2912 3598 τῆς
2932 3526 3025 3581 τοῦ
3052 3527 3256 3597 κόσμου
3281 3527 3546 3596 γενέσεως
3575 3527 3673 3580 καὶ

2089 3617 2190 3688 τῆς
2214 3617 2405 3689 λοιπῆς
2424 3619 2683 3691 ἱστορίας,
2710 3617 3059 3690 ἀνάγραπτον
3087 3619 3271 3672 δοῦναι
3297 3621 3392 3673 καὶ
3418 3619 3575 3674 τοῦτο
3590 3619 3674 3690 τῷ

2093 3712 2192 3782 βίῳ
2206 3713 2469 3784 διήγημα.
2499 3713 2694 3782 Ἰωσὴφ
2718 3714 2775 3766 δὲ
2791 3714 2953 3768 πάλιν
2976 3714 3124 3785 ὕπαρ
3144 3714 3294 3786 παρά
3322 3715 3417 3769 τοῦ
3454 3715 3674 3786 Ἰσραὴλ

2091 3804 2368 3868 ὁδεύοντος
2393 3808 2457 3858 ἐκ
2483 3805 2592 3858 τῶν
2618 3805 2934 3877 ὀφθαλμῶν,
2965 3806 3041 3870 ὼς
3063 3806 3128 3860 ἂν
3153 3808 3296 3860 εἴποι
3322 3824 3425 3871 τις,
3457 3808 3671 3880 ἐκλάπη

2091 3899 2120 3950 ὁ
2147 3896 2365 3967 Φαραώ·
2399 3896 2672 3966 πανταχοῦ
2706 3896 2762 3950 δὲ
2794 3897 3093 3969 συμπαρῆν
3137 3898 3216 3969 τῷ
3240 3898 3354 3970 λαῴ
3400 3900 3462 3951 τὸ
3486 3900 3671 3969 σῶμα,

2093 3990 2189 4043 καὶ
2227 3989 2390 4059 ήγετο
2431 3991 2548 4058 μετ’
2576 3989 2915 4059 ἐπιμελείας,
2958 3989 3034 4054 ὠς
3061 3990 3264 4059 ἀγαθόν
3298 4008 3350 4044 τι
3383 3992 3477 4044 καὶ
3503 3991 3677 4059 ἀλεξί-

2093 4097 2261 4134 κακον
2290 4078 2656 4151 φυλακτήριον
2687 4080 2924 4149 ἁσφαλές
2951 4081 3060 4134 τῶν
3082 4081 3345 4153 ἐξήκοντα
3374 4084 3672 4156 μυριάδων.

2093 4170 2204 4222 Καὶ
2229 4169 2494 4240 τοσαύτην
2525 4165 2670 4239 εἶχον
2695 4169 2793 4240 τὴν
2837 4170 2972 4223 αίδῶ
3003 4172 3131 4242 περὶ
3163 4173 3264 4244 τὴν
3293 4172 3537 4244 λάρνακα
3578 4175 3677 4229 τοῦ

2093 4259 2457 4330 προπάτορος,
2488 4259 2619 4329 ὅσην
2650 4260 2776 4331 περὶ
2799 4259 2897 4330 τὴν
2927 4260 3087 4328 ἁγίαν
3121 4262 3370 4326 κιϐωτὸν,
3399 4265 3432 4334 ἢ
3463 4263 3556 4317 τὸν
3577 4264 3676 4318 τοῦ

2095 4350 2230 4404 Θεοῦ
2277 4350 2440 4421 νόμον
2488 4349 2806 4416 ἐϐάσταζεν.
2853 4352 2946 4405 Διὸ
2983 4354 3078 4406 καὶ
3129 4355 3296 4408 Δαϐὶδ
3338 4357 3682 4428 παρακαλῶν

2098 4457 2200 4492 που
2232 4439 2323 4492 τὸν
2362 4439 2518 4503 Θεὸν,
2559 4440 2719 4493 ἵλεων
2762 4436 2904 4494 εἶναι
2932 4443 3025 4496 καὶ
3053 4443 3257 4515 εὐμενῆ
3296 4446 3378 4516 τῷ
3407 4447 3547 4518 λαῷ,
3579 4451 3678 4503 καὶ

418 4537 584 4592 etiam
625 4535 796 4590 David
827 4535 1060 4605 quodam
1105 4535 1224 4591 loco
1269 4537 1435 4590 Deum
1479 4537 1771 4591 obsecrans
1813 4538 1983 4608 propi-

2099 4531 2318 4604 μυρίαις
2348 4533 2509 4586 αὑτὸν
2543 4535 2664 4598 ταῖς
2693 4535 2921 4600 ἱκεσίαις
2948 4535 3278 4609 ἐκλιπαρῶν,
3313 4539 3401 4593 ἵνα
3428 4538 3527 4611 τὴν
3553 4558 3680 4596 συνο

421 4630 553 4684 tium
580 4626 695 4683 fore
717 4627 915 4696 popqu
943 4643 1007 4682 ac
1031 4627 1372 4696 placabilem,
1399 4627 1992 4698 innumerabililmsque

421 4717 908 4786 supplicationibus
939 4719 1240 4779 obtestans,
1276 4727 1334 4770 ut
1358 4716 1515 4788 juges
1543 4729 1845 4787 mutuoque
1876 4733 1994 4774 suc-

421 4811 686 4865 cedaneas
725 4808 1093 4864 calamitatum
1145 4806 1330 4877 plagas
1374 4808 1595 4874 sistens,
1643 4808 1816 4864 fausta
1867 4824 1992 4863 rur-

421 4919 540 4958 sum
593 4902 932 4973 providentia
998 4899 1330 4956 Hierusalem
1367 4901 1725 4969 gubernaret,
1777 4916 1838 4956 ae
1886 4917 1992 4970 qua

424 4996 551 5049 olim
595 4994 891 5064 gubernata
941 4999 1109 5056 esset,
1143 4991 1213 5044 ita
1258 4992 1373 5045 ait:
1405 4990 1508 5056 Qui
1538 4992 1672 5060 regis
1701 4991 1890 5056 Israel,
1915 4993 1996 5044 in-

424 5087 574 5140 tende
597 5102 616 5140 :
645 5087 734 5155 qui
761 5084 977 5138 deducis
999 5084 1131 5136 velut
1165 5099 1308 5137 ovem
1337 5082 1531 5148 Joseph
1557 5083 1624 5137 ⁵ο.
1653 5083 1821 5138 Deum
1851 5087 1993 5138 enim

425 5179 641 5232 ﬂectere
698 5177 917 5240 nititur,
961 5176 1401 5232 charissimorum
1455 5191 1518 5230 ac
1547 5177 1843 5231 amicorum
1899 5191 1998 5230 no-

425 5270 574 5324 mina
620 5272 673 5324 in
729 5270 964 5324 medium
1009 5269 1303 5333 adducens,
1339 5268 1673 5338 solerterque
1707 5270 1997 5324 admodum

425 5361 871 5432 supplicationem
926 5362 1058 5426 obit,
1124 5362 1301 5430 impiae
1359 5361 1568 5416 scelera
1611 5360 1994 5427 multitudinis,

427 5462 741 5506 sanctorum
792 5451 1012 5507 Patrum
1054 5452 1503 5522 appellationibus
1539 5452 1685 5508 velut
1712 5452 1896 5508 celans
1931 5466 1996 5506 ac

428 5546 707 5615 obtegens.

503 5725 548 5758 ⁸⁸
572 5725 638 5780 ιν
666 5726 796 5797 Reg.
828 5743 884 5796 ιι,
919 5729 1002 5784 l-i.
1049 5731 1122 5802 f7
1155 5729 1290 5787 Gen.
1326 5729 1576 5800 x~th,29.
1638 5729 1683 5763 ⁸⁸
1705 5728 1874 5787 Exod.
1910 5745 1983 5784 xu

2091 5728 2144 5784 9.
2221 5727 2263 5761 δι’
2297 5728 2450 5782 Num.
2488 5744 2524 5793 l,
2560 5727 2646 5782 46.

2098 4627 2196 4697 εχῆ
2244 4627 2334 4680 καὶ
2373 4627 2672 4698 ἐπάλληλον
2703 4629 2810 4682 τῶν
2843 4631 3138 4704 συμφορῶν
3179 4633 3385 4702 στήσας
3433 4634 3677 4705 πληγὴν,

2098 4718 2260 4772 πάλιν
2291 4720 2351 4772 ἐν
2376 4718 2555 4790 ἀγαθῇ
2588 4721 2816 4791 προνοίᾳ
2845 4720 3018 4794 διοικῇ
3050 4723 3150 4793 τὴν
3189 4723 3571 4795 Ἰερουσαλὴμ,
3601 4726 3680 4789 ὡς

2096 4812 2157 4866 τὸ
2184 4813 2468 4884 πρότερον,
2498 4813 2639 4866 οὕτω
2661 4815 2822 4884 φησί·
2848 4814 2902 4867 Ὁ
2930 4817 3259 4883 ποιμαίνων
3278 4817 3384 4870 τὸν
3412 4817 3678 4885 Ἰσραὴλ,

2098 4908 2395 4976 πρόσχεςο
2430 4910 2462 4960 ό
2501 4907 2732 4977 ὁδηγῶν
2761 4908 2904 4962 ὡσεί
2945 4910 3244 4977 πρόϐατον
3278 4910 3386 4963 τὸν
3431 4910 3676 4980 Ἰωσήφ.

2101 5002 2350 5052 Δυσωπεῖ
2375 5001 2480 5068 γὰρ
2514 5001 2604 5052 τὸν
2632 5001 2763 5055 Θεὸν
2787 5005 2898 5065 τοῖς
2925 4988 3033 5056 τῶν
3063 5004 3359 5074 ἀγαπητῶν
3387 5004 3480 5057 κα)⁸
3508 5004 3679 5073 φίλων

2103 5091 2380 5160 ὀνόμασιν,
2414 5091 2508 5144 καὶ
2548 5091 2668 5144 λίαν
2701 5093 3022 5163 εὐμηχάνως
3059 5094 3158 5167 τὴν
3200 5096 3481 5166 ἱκετηρίαν
3520 5114 3680 5166 μετα-

2103 5178 2420 5250 χειρίζεται,
2445 5182 2538 5236 τοῦ
2559 5182 2988 5254 δυσσεὸήσαντος
3016 5185 3250 5256 πλήθους
3277 5187 3375 5250 τὰς
3399 5188 3679 5258 ἁμαρτίας

2103 5267 2212 5325 οἷον
2237 5273 2558 5345 ἐγκρύπτων
2586 5276 2680 5330 καὶ
2709 5278 2924 5332 σκέπων
2949 5281 3067 5342 ταῖς
3088 5279 3194 5332 τῶν
3222 5279 3393 5348 ἁγίων
3417 5279 3688 5352 Πατὲρων·

2105 5369 2509 5438 προσηγορίαις.

2760 5728 2805 5759 ⁵ο
2834 5725 2976 5790 Psal.
3009 5740 3195 5790 Lxxtx,
3225 5726 3278 5782 9..
