3824 6270
222 284 338 340 329

1280 284 1564 344 IIOMILIA
1602 285 1671 343 Χ.
1705 288 1775 344 IN
1826 287 1929 345 SS.
1969 287 2371 348 MARTYBES.

3292 270 3307 281 ’
3370 298 3477 354 ssc

301 395 507 449 Τοῦτον
557 396 691 466 ημῖν
734 395 1066 469 ὑπαγορεύει
1098 399 1189 452 τὸν
1228 400 1353 453 νοῦν
1382 402 1475 455 καὶ
1516 403 1545 454 6
1573 403 1699 474 περὶ
1742 402 1811 456 τὰ

1987 403 2244 459 Enmdem
2274 418 2490 474 quoque
2537 406 2692 461 nobis
2733 420 2953 459 sensum
3000 405 3255 476 suggerit,
3294 410 3387 476 qui
3420 412 3488 464 de

226 489 445 559 ὶκδομα
493 486 798 559 σωζόμενος
842 489 1017 558 λόγος.
1084 491 1333 562 Ἀϐραὰμ
1369 493 1477 564 γὰρ
1519 494 1810 565 Σοδομίτας

222 578 700 652 παραιτούμενος,
741 581 906 651 ήνίκα
943 582 1312 652 δυσμεναίνων
1355 585 1539 648 αὐτοῖς
1601 586 1631 638 6
1680 584 1813 650 Θεὸς

226 674 379 745 μετὰ
420 673 780 745 προρρήσεως
817 674 1099 744 ἐπήγαγεν
1127 676 1227 745 τὴν
1256 676 1500 739 κόλασιν,
1530 679 1597 747 τῇ
1643 677 1814 745 φειδοῖ

222 764 343 818 τῶν
386 762 611 816 δικαίων
656 762 808 833 ἠξίου
857 762 1097 835 σωθῆναι
1142 766 1236 819 τὸν
1280 766 1571 838 σύμπαντα
1617 767 1809 838 δῆμον.

237 853 577 926 ’Δρξάμενος
602 854 713 925 γὰρ
741 855 851 908 ἀπὸ
883 855 993 910 τῶν
1026 858 1381 928 πεντήκοντα,
1424 862 1504 922 είς
1529 860 1655 924 τοὺς
1679 859 1813 912 δέκα

222 945 559 1017 κατέληξεν·
606 947 703 1001 καὶ
737 947 889 1018 πρὸς
917 948 1019 1019 τὴν
1057 949 1265 1003 ἱκεσίαν
1301 949 1505 1014 εὐθέως
1544 949 1760 1005 ἔνευσεν
1784 951 1813 1004 6

222 1036 387 1099 Θεὸς,
417 1036 607 1109 ὥσπερ
654 1038 748 1091 ἐπί
780 1055 923 1102 τινος
965 1038 1133 1107 ζυγοῦ
1181 1040 1275 1093 καὶ
1317 1040 1667 1109 πλαστίγγων
1693 1041 1814 1102 ταῖς

228 1128 466 1198 μυριάσι
497 1129 605 1183 τῶν
637 1129 1000 1202 ἁμαρτωλῶν,
1027 1131 1090 1184 τὸ
1113 1130 1223 1185 τῶν
1253 1131 1389 1185 δέκα
1415 1132 1811 1186 δικαίων’ἀντι-

227 1221 458 1290 στήσας.
493 1222 612 1275 Ἱνα
639 1222 695 1275 δὲ
725 1223 818 1276 ἐπὶ
848 1222 1010 1275 πλέον
1034 1223 1336 1294 ἐνδείξηται
1363 1226 1529 1278 πᾶσιν
1554 1225 1702 1295 ἡμῖν,
1731 1224 1813 1276 ὅτι

226 1312 327 1364 καὶ
360 1308 442 1376 εἷς
465 1312 669 1379 δίκαιος
698 1314 876 1385 τίμιον
901 1318 1132 1386 πρᾶγμα
1159 1317 1254 1368 καὶ
1279 1315 1399 1387 Θεῷ
1421 1316 1595 1384 φίλον,
1627 1314 1813 1387 ἐπειδὴ

219 1402 255 1453 6
289 1402 395 1472 μὲν
433 1403 656 1470 δέκατος
681 1405 927 1471 ἐξέλιπεν
962 1405 1217 1476 ἀριθμὸς,
1256 1408 1351 1461 καὶ
1379 1406 1576 1479 εὑρέθη
1609 1407 1814 1478 ταύτης

222 1490 333 1561 τῆς
378 1493 687 1565 ὀλιγότητος
723 1496 830 1549 τῶν
872 1496 1035 1551 ὁσίων
1077 1498 1188 1551 τῶν
1210 1499 1548 1569 ἁμαρτωλῶν
1577 1501 1606 1553 6
1642 1499 1814 1571 δῆμος

224 1586 551 1655 πενόμενος,
590 1586 760 1658 ἐχρῆν
809 1586 868 1640 δὲ
919 1587 1048 1652 τοὺς
1088 1589 1587 1661 παρανομήσαντας
1631 1590 1813 1644 δοῦναι

223 1676 576 1749 θρασύτητος
613 1678 792 1749 δίκην,
837 1679 1086 1750 σφοδρῶς
1127 1680 1408 1734 ἐλαύνεται
1455 1680 1566 1733 τῶν
1601 1682 1814 1734 καταδι-

1919 494 2170 550 Sodomis
2204 505 2389 550 exstat
2429 510 2627 551 sermo.
2668 498 2943 551 Abraham
2982 513 3217 568 namque
3255 513 3353 568 pro
3386 498 3491 554 So-

1916 586 2135 641 domitis
2178 588 2504 657 deprecans,
2537 603 2645 658 quo
2686 587 2830 643 Deus
2881 597 3122 659 tempore
3160 586 3268 644 illis
3313 590 3492 645 infen-

1916 690 2032 743 sus,
2084 690 2249 746 quam
2295 678 2638 747 praedixisset
2688 678 2872 733 intulit
2927 693 3161 749 poenam,
3221 678 3489 748 iustorum

1916 768 2025 823 illic
2076 769 2532 838 contemplatione
2589 771 2843 841 populum
2918 772 3226 826 universum
3282 771 3488 827 salvum

1920 859 2035 911 lieri
2097 860 2341 929 rogabat.
2397 859 2669 931 Incipiens
2715 862 2859 916 enim
2901 877 2929 916 a
2960 863 3372 932 quinquaginta,
3433 861 3491 915 in

1916 947 2102 1001 decem
2157 948 2356 1016 desiit,
2407 946 2518 1003 Deo
2578 951 2757 1002 statim
2816 959 3088 1006 annuente
3142 948 3486 1019 supplicanti,

1919 1036 2066 1090 velut
2101 1045 2304 1092 statera
2352 1038 2585 1107 quadam
2624 1053 2687 1091 ac
2715 1039 2910 1093 bilanci
2948 1039 3079 1093 libra
3112 1037 3490 1093 innumerabili

1917 1141 2265 1196 peccatorum
2293 1130 2484 1194 turba,
2513 1129 2779 1200 justorum
2811 1132 3090 1185 denarium
3125 1138 3315 1185 contra
3355 1142 3491 1197 pen-

1914 1219 2086 1275 duret.
2134 1222 2315 1292 Atque
2356 1232 2425 1276 ut
2467 1222 2700 1292 amplius
2746 1222 3139 1287 declararetur,
3187 1222 3271 1276 vel
3322 1236 3488 1275 unum

1908 1307 2114 1375 justum
2160 1326 2273 1365 rem
2325 1326 2448 1367 esse
2475 1314 2767 1380 pretiosam
2817 1328 2882 1367 ac
2928 1312 3038 1367 Deo
3082 1312 3323 1376 cbaram,
3366 1328 3487 1366 cum

1916 1403 2052 1455 dena
2079 1403 2296 1472 quidem
2340 1404 2628 1459 multitudo
2668 1406 2972 1460 desiderata
3010 1415 3174 1468 esset,
3202 1415 3492 1473 tantusque

1918 1491 2007 1545 ille
2044 1502 2385 1560 peccatorum
2431 1494 2678 1564 populus,
2730 1510 2796 1549 ne
2850 1510 3052 1565 paucos
3094 1494 3310 1565 quidem
3342 1494 3487 1564 ejus-

1920 1585 2062 1636 modi
2112 1582 2286 1650 justos
2338 1585 2539 1641 habere
2587 1587 2957 1655 deprehensus
3004 1584 3199 1641 luisset
3248 1602 3266 1644 :
3306 1591 3490 1641 essent

1917 1688 2047 1728 vero
2089 1674 2304 1729 scelesti
2350 1677 2587 1731 audaciae
2620 1678 2794 1731 daturi
2832 1691 3040 1745 pinnas,
3072 1676 3175 1732 Lot
3204 1691 3343 1732 unus
3376 1678 3492 1733 vio-

223 1769 546 1823 κασθέντων
581 1770 760 1825 τόπων
786 1772 816 1824 6
849 1771 994 1835 Λὼτ,
1023 1772 1117 1826 καὶ
1160 1771 1388 1836 σώζεται
1422 1774 1707 1841 παγγενεὶ,
1735 1774 1811 1836 εἰς

1920 1766 2094 1819 lenter
2133 1765 2369 1820 trahitur
2396 1780 2426 1820 a
2458 1766 2592 1822 locis
2645 1768 2933 1823 maledicto
2982 1768 3232 1832 addictis,
3268 1782 3334 1823 ac
3363 1783 3491 1824 cum

217 1861 289 1914 τὺ
322 1861 496 1933 γέρας
527 1862 625 1931 τῆς
653 1862 999 1935 δικαιοσύνης
1028 1865 1123 1917 καὶ
1151 1866 1275 1927 τοὺς
1310 1865 1541 1928 οἰκείους
1571 1865 1816 1926 ἅπαντας

222 1953 389 2023 παρὰ
412 1952 505 2005 τοῦ
530 1952 664 2005 Θεοῦ
693 1952 1035 2023 προσλαϐὼν.

300 2042 465 2112 Μέγα
512 2041 605 2098 οὖν
646 2046 832 2115 κτῆμα
860 2044 1084 2109 δίκαιος
1127 2045 1342 2117 πρῶτον
1382 2043 1574 2113 ὄφελος
1615 2043 1811 2114 ἐαυτῷ,

222 2134 427 2188 ἔπειτα
451 2138 563 2197 τοῖς
583 2137 675 2190 τοῦ
691 2137 881 2204 γένους
894 2137 1021 2206 ἑξῆς
1043 2137 1318 2208 θησαυρὸς
1327 2137 1577 2209 διαρκής·
1591 2135 1816 2205 ἀγνοού-

228 2243 400 2296 μενος
451 2229 516 2297 τῇ
557 2226 675 2298 θέᾳ,
722 2226 819 2281 καὶ
856 2229 945 2281 ἀεὶ
992 2228 1318 2301 συμπαρὼν,
1367 2243 1463 2283 και
1540 2227 1814 2283 παιδεύων

224 2318 362 2378 τοὺς
385 2317 576 2382 ἄλλους
596 2319 906 2390 πράγμασι⁸
942 2319 1109 2374 πάλαι
1139 2320 1409 2392 κείμενος,
1434 2321 1528 2375 καὶ
1556 2319 1667 2385 ζῶν
1692 2323 1815 2384 ταῖς

222 2409 668 2479 εὐδοκιμήσεων.
722 2409 926 2481 Ἀγαθὴ
956 2411 1066 2463 τῶν
1095 2411 1301 2465 παίδων
1338 2411 1695 2482 κληρονομία,
1721 2411 1814 2464 καὶ

224 2498 456 2561 ἄσυλος’
494 2499 561 2569 ἢν
588 2500 778 2570 χρόνος
806 2501 867 2553 οὑ
899 2499 1133 2571 δαπανᾷ,
1167 2501 1263 2554 καί⁵
1290 2499 1493 2571 λῃστὴς
1516 2499 1617 2552 οὐκ
1646 2499 1812 2567 ἀφαι-

228 2592 432 2661 ρεῖται.
475 2590 788 2661 Ἀσώματος
841 2592 951 2664 γάρ
990 2595 1105 2646 ἐστι
1148 2593 1244 2646 καὶ
1276 2591 1459 2656 ᾶῡλος,
1500 2591 1814 2662 ἀσωμάτοις

225 2679 698 2752 ἐμπολιτευομένη
723 2681 941 2753 ψυχαῖς.
977 2682 1163 2755 Ὁρᾷς,
1188 2682 1265 2747 ὼς
1297 2684 1389 2737 καὶ
1417 2685 1467 2736 oi
1493 2682 1693 2747 ἔνδοξοι
1718 2682 1815 2736 καὶ

227 2771 470 2842 ἀοίδιμοι
510 2774 858 2844 Ἰσραηλῖται,
887 2774 1105 2829 πάντων
1125 2775 1488 2847 ἀφῃρημένοι.
1516 2775 1610 2828 καὶ
1641 2775 1812 2846 αὐτῆς

225 2863 333 2933 τῆς
357 2864 462 2935 γῆς
494 2865 817 2928 ἐκπεσόντες
843 2866 942 2936 τῆς
966 2865 1256 2936 πατρικῆς,
1288 2864 1389 2935 τῆς
1421 2863 1627 2935 σεμνῆς
1650 2880 1815 2936 προσ-

223 2954 468 3026 ηγορίας
498 2956 597 3008 οὐκ
624 2955 999 3027 ἀφῃρέθησαν,
1028 2955 1148 3009 οὐδὲ
1178 2953 1574 3025 ἐγυμνώθησαν
1598 2955 1692 3010 τοῦ
1721 2971 1815 3008 κα-

225 3046 441 3142 λεῖσθαι
459 3047 586 3142 Δἀπὸ
609 3046 702 3142 τοῦ
734 3046 1366 3142 φιλοθέουὲπροπάτοροςο
1393 3046 1529 3142 ἀλλὰ
1552 3048 1646 3100 καὶ
1676 3046 1811 3142 βαρ·
1838 3081 1882 3142 c

227 3136 428 3206 ὀάροις
453 3136 811 3200 δουλεύοντες,
832 3137 919 3191 διὰ
942 3136 1038 3209 τὴν
1061 3137 1402 3209 δικαιοσύνην
1425 3137 1534 3191 τῶν
1562 3136 1813 3207 πατέρων

226 3229 708 3302 ἠλευθερώθησαν·
763 3231 857 3283 κα)⁸
903 3230 963 3282 ἐν
1004 3230 1194 3301 ἐρήμῳ
1232 3228 1539 3294 διαζῶντες,
1587 3227 1676 3281 διὰ
1715 3228 1814 3299 τὴν

227 3320 587 3391 εὐδοκίμησιν
609 3321 717 3373 τῶν
748 3320 1124 3391 γεννησάντων
1151 3322 1483 3393 ἐτράφησαν·
1509 3320 1606 3374 καὶ
1631 3321 1814 3391 ἀμαρ-

225 3408 491 3471 τάνοντες
520 3407 782 3480 συνεχῶς,
814 3411 910 3462 καὶ
939 3409 1383 3480 βλασφημοῦντες
1410 3409 1691 3473 πολλάκις,
1718 3411 1815 3465 καὶ

226 3500 379 3567 ἄξιοι
423 3499 769 3570 νομισθέντες
804 3500 906 3570 τῆς
951 3500 1337 3572 ὸλοθρευούσης
1378 3501 1671 3567 κολάσεως,
1725 3502 1815 3556 διὰ

225 3594 325 3646 τὸν
372 3591 621 3663 Ἀϐραὰμ
645 3592 858 3661 φειδοῦς
880 3593 1210 3665 ἠξιώθησαν,
1243 3594 1334 3648 καὶ
1353 3595 1442 3648 διὰ
1465 3594 1559 3648 τὸν
1598 3594 1814 3665 Ἰσραὴλ

228 3682 429 3751 ἔτυχον
469 3681 814 3756 συγγνώμης,
851 3682 1233 3755 Θραωκάρδιοι
1252 3683 1436 3748 παῖδες
1470 3685 1551 3748 εις
1575 3683 1646 3738 τὰ
1674 3683 1814 3754 γέρα

226 3773 345 3826 τῶν
370 3772 622 3844 πατέρων
654 3773 974 3845 σωζόμενοι.

307 4034 419 4088 Καὶ
443 4030 590 4099 οἶδάς
616 4053 702 4105 γε,
731 4038 760 4091 6
783 4035 1107 4111 φιλομαθὴς,
1140 4039 1218 4103 ὡς
1255 4041 1313 4094 ἐν
1337 4039 1574 4108 πρώτοις
1596 4041 1626 4095 6
1653 4041 1813 4109 Θεὸς,

227 4127 400 4199 ἡνίκα
449 4128 513 4180 ἐκ
546 4127 666 4199 ,τῆς
709 4130 1070 4201 ποιμαντικῆς
1115 4131 1208 4184 ἐπὶ
1240 4131 1338 4202 τὴν
1368 4132 1663 4203 ἠγεμονίαν
1704 4132 1814 4186 τῶν

226 4218 383 4271 λαῶν
411 4218 592 4271 ἐκάλει
614 4218 705 4272 τὸν
720 4219 983 4290 Μωῦσῆν,
1009 4219 1168 4284 εὐθὺς
1182 4220 1354 4275 ταῦτα
1366 4221 1499 4293 πρὸς
1515 4223 1605 4277 τὸν
1629 4222 1814 4276 δοῦλόν

226 4327 425 4380 φησιν’
462 4309 607 4380 Ἐγώ
626 4313 741 4380 ειμι
765 4314 798 4365 ὀ
824 4312 965 4374 Θεὸς
992 4311 1098 4365 τοῦ
1126 4314 1349 4380 πατρός
1400 4329 1540 4377 σου,
1591 4316 1626 4368 ό
1670 4314 1817 4380 Θεὸς

1919 1870 2028 1916 tota
2058 1859 2259 1915 familia
2285 1861 2469 1915 salvus
2498 1859 2751 1925 elllcitnr,
2788 1859 3027 1927 acceptis
3053 1875 3081 1912 a
3112 1858 3223 1913 Deo
3245 1858 3298 1913 in
3327 1858 3492 1928 justi-

1918 1948 2004 2002 ti:e
2026 1950 2302 2017 praemium
2328 1948 2593 2003 universis
2619 1948 2942 2001 domesticis
2980 2015 2984 2019 η

1989 2041 2177 2112 Magna
2213 2056 2346 2110 ergo
2371 2057 2458 2097 res
2480 2081 2495 2105 ,
2531 2043 2613 2093 vir
2635 2041 2813 2110 justus
2839 2058 2853 2107 ;
2889 2041 2983 2109 qui
3016 2055 3076 2096 se
3107 2040 3221 2107 ipse
3249 2041 3487 2109 primum

1909 2130 2101 2199 juvet;
2131 2141 2242 2187 tum
2268 2133 2533 2187 universa:
2557 2132 2809 2200 deinceps
2832 2132 2976 2202 genti
3003 2132 3231 2186 exsistat
3260 2129 3487 2199 amplis-

1914 2225 2085 2276 simus
2111 2221 2434 2285 thesaurus,
2468 2231 2691 2290 aspectu
2722 2221 2941 2290 quidem
2984 2220 3237 2290 ignotus,
3286 2220 3489 2288 quique

1916 2311 2264 2368 nihilominus
2319 2327 2533 2381 semper
2567 2312 2748 2377 adsit,
2791 2327 2856 2367 ac
2905 2311 3041 2366 alios
3095 2313 3224 2380 ipsis
3276 2312 3490 2368 erudiat

1915 2404 2078 2460 rebus
2130 2423 2146 2461 :
2179 2404 2305 2459 olim
2346 2415 2592 2460 mortuus
2616 2447 2632 2471 ,
2692 2418 2981 2474 rerumque
3024 2404 3280 2474 praeclare
3311 2411 3491 2473 gesta-

1915 2511 2035 2550 rum
2063 2494 2377 2552 celebritate
2401 2496 2576 2550 vivus.
2614 2494 2875 2550 Filiorum
2906 2496 3045 2550 bona
3077 2495 3392 2559 bareditas,
3425 2508 3493 2549 ac

1915 2586 2286 2653 inviolabilis;
2317 2600 2478 2655 quam
2511 2602 2616 2642 non
2665 2586 2916 2642 absumat
2964 2596 3208 2655 tempus,
3257 2599 3357 2641 nec
3400 2585 3490 2639 fur

1915 2677 2132 2734 auferre
2191 2678 2409 2749 possit:
2459 2679 2657 2748 quippe
2699 2693 2821 2747 quae
2871 2678 3188 2745 incorporea
3226 2670 3301 2733 ac
3356 2675 3490 2731 nulli

1913 2778 2165 2826 concreta
2196 2769 2438 2824 materia:
2466 2771 2570 2835 sit,
2610 2770 2664 2822 in
2690 2769 3024 2838 incorporeis
3049 2770 3237 2838 vigens
3276 2771 3491 2824 anima-

1914 2860 2035 2914 bus.
2061 2858 2226 2914 Vides
2254 2867 2315 2912 ut
2343 2867 2396 2912 et
2423 2857 2644 2927 gloriosi
2678 2857 2971 2928 inclytique
2995 2856 3282 2925 Israelita,
3316 2873 3490 2928 quan-

1913 2965 2077 3020 quam
2103 2950 2352 3005 omnibus
2373 2950 2584 3019 spoliati
2610 2990 2625 3016 ,
2655 2949 2878 3018 ipsoque
2905 2951 3104 3003 amisso
3129 2951 3242 3004 solo
3271 2953 3449 3019 patrio
3468 2990 3484 3013 ,

1915 3040 2058 3095 haud
2118 3051 2295 3095 tamen
2350 3041 2552 3095 claram
2615 3040 2759 3094 illam
2814 3056 2844 3094 a
2898 3040 2992 3095 Dei
3034 3053 3248 3096 amante
3277 3056 3377 3097 avo
3422 3060 3486 3097 ac

1917 3131 2217 3200 patriarcha
2274 3131 2684 3200 appellationem
2741 3131 3084 3185 amiserint?
3136 3133 3265 3201 quin
3319 3133 3482 3188 etiam

1914 3224 2167 3279 barbaris
2215 3225 2543 3292 mancipati,
2592 3221 2822 3291 justitize
2876 3233 3088 3291 patrum
3142 3225 3370 3291 merito,
3418 3225 3476 3279 li~

1915 3317 2176 3371 bertatem
2216 3315 2391 3384 adepti
2444 3324 2613 3379 sunt;
2672 3324 2836 3383 atque
2870 3315 2925 3368 in
2970 3316 3183 3385 deserto
3224 3325 3483 3385 agentes,

1914 3408 1984 3462 ob
2012 3417 2297 3477 parentum
2328 3405 2474 3471 clara
2504 3403 2748 3460 facinora
2771 3444 2788 3468 ,
2825 3405 2963 3462 cibis
2993 3406 3172 3460 donati
3200 3424 3214 3461 :
3253 3422 3487 3476 cumque

1915 3498 2168 3553 continue
2215 3505 2537 3571 peccarent,
2573 3511 2638 3551 ac
2681 3496 2878 3565 saepius
2911 3495 2963 3550 in
3000 3496 3362 3566 blasphemias
3391 3512 3487 3552 ora

1916 3587 2220 3652 solverent,
2267 3594 2563 3655 essentque
2593 3585 2738 3654 digni
2774 3583 3001 3654 judicati
3036 3587 3129 3656 qui
3159 3586 3487 3641 exterminio

1914 3682 2256 3751 punirentur,
2324 3678 2557 3735 Abrahae
2621 3687 2802 3733 tamen
2869 3692 3037 3734 causa
3094 3678 3484 3749 indulgentiam

1916 3781 2263 3837 meruerunt,
2323 3785 2388 3825 ac
2444 3779 2666 3840 propter
2720 3768 2970 3845 lsraelem
3022 3770 3299 3825 consecuti
3359 3779 3488 3825 sunt

1916 3864 2159 3925 veniam,
2203 3863 2337 3916 duro
2380 3862 2543 3917 corde
2586 3861 2714 3925 lilii,
2759 3871 3041 3930 parentum
3080 3863 3273 3917 merito
3315 3862 3490 3917 salute

1913 3952 2119 4008 donati.

1987 4042 2108 4097 Scis
2136 4056 2285 4107 vero,
2317 4041 2563 4111 quisquis
2583 4042 2855 4098 studiosos
2880 4056 2943 4096 es
2969 4056 3034 4097 ac
3062 4042 3304 4098 discendi
3335 4044 3489 4111 cupi-

1916 4135 2045 4198 dus,
2097 4144 2157 4187 ut
2203 4134 2257 4188 in
2309 4135 2501 4203 primis
2551 4148 2674 4189 cum
2717 4132 2859 4189 Deus
2899 4134 3114 4205 Moysen
3161 4150 3193 4187 a
3239 4135 3491 4203 gregibus

1914 4226 2095 4281 ovium
2132 4228 2198 4279 ad
2227 4224 2547 4294 populorum
2581 4233 2794 4279 vocaret
2823 4224 3193 4292 praefecturam
3214 4263 3231 4289 ,
3264 4225 3378 4278 haec
3406 4225 3492 4279 di-

1916 4326 2005 4371 cat
2034 4316 2220 4371 statim
2253 4317 2319 4370 ad
2348 4331 2562 4371 servum
2596 4330 2753 4371 suum
2788 4332 2803 4371 :
2843 4315 2956 4385 Ego
2985 4330 3104 4370 sum
3144 4317 3283 4372 Deus
3320 4319 3490 4387 patris

241 4402 516 4472 Ἀϐραὰμ,
537 4403 633 4457 καί
654 4406 687 4458 ὁ
714 4403 858 4469 Θεὸς
873 4405 1101 4469 Ἰσαὰκ,
1123 4404 1270 4459 καὶὸ
1287 4405 1430 4471 Θεὸς
1457 4405 1668 4459 Ἰακώϐ.
1698 4405 1808 4459 Καὶ

1918 4409 2020 4471 tui,
2075 4407 2216 4462 Deus
2271 4406 2579 4470 Abraham,
2629 4415 2680 4460 et
2716 4405 2858 4461 Deus
2892 4405 3083 4474 Isaac,
3114 4416 3163 4462 et
3197 4408 3337 4463 Deus
3374 4408 3479 4469 ,Ια-

234 4493 436 4564 μικρὸν
456 4496 640 4565 πρόσω
650 4495 744 4548 τοῦ
759 4495 917 4564 λόγου
937 4496 1242 4567 γενόμενος,
1254 4497 1424 4550 ταῦτα
1437 4497 1808 4569 προστίθησιν

232 4582 551 4653 Συνάγαγε
578 4582 690 4650 τὴν
721 4584 1047 4654 γερουσίαν
1086 4582 1205 4637 τῶν
1231 4582 1376 4638 υἱῶν
1411 4584 1679 4653 Ἰσραὴλ,
1715 4585 1817 4638 καὶ

229 4675 393 4746 ἐρεῖς
402 4674 550 4744 πρὸς
566 4677 806 4742 αὐτούς’
824 4677 1039 4744 Κύριος
1057 4675 1201 4743 Θεὸς
1222 4674 1340 4729 τῶν
1357 4676 1626 4746 πατέρων
1645 4675 1815 4746 ὑμῶν

228 4764 430 4824 ὦπταί
438 4786 560 4838 μοι,
589 4771 623 4822 ό
651 4768 795 4835 Θεὸς
831 4770 1096 4839 Ἀϐραὰμ,
1132 4770 1229 4824 καὶ
1253 4772 1285 4823 ό
1306 4768 1450 4836 Θεὸς
1466 4769 1691 4834 Ἰσαὰκ,
1712 4768 1815 4823 καί

230 4864 266 4914 ό
310 4859 462 4926 Θεὸς
490 4858 713 4914 Ἰακώϐ.
742 4860 855 4914 Καὶ
885 4859 1056 4924 οὕτως
1091 4861 1148 4913 ἐν
1178 4859 1480 4931 προοιμίοις
1508 4861 1537 4913 6
1575 4860 1706 4925 Θεὸς
1734 4860 1813 4932 τῷ

225 4951 461 5021 ὀνόματι
510 4949 617 5003 τῶν
648 4950 869 5004 δικαίων
899 4949 1173 5020 πατέρων,
1211 4945 1321 5004 οἷον
1370 4952 1664 5023 σημάντρῳ
1704 4954 1813 5006 τινὶ

224 5043 364 5105 τοὺς
390 5041 689 5111 ἀπογόνους
719 5042 1096 5112 σφραγίζεταν
1145 5042 1309 5096 καλὸν
1341 5041 1496 5106 εἰδὼς
1539 5043 1632 5097 καὶ
1674 5059 1810 5114 συμο

227 5135 402 5206 φέρον
429 5132 491 5185 τὸ
522 5134 617 5187 ἀπ’
654 5133 876 5187 ἐκείνων
895 5133 1273 5204 γνωρίζεσθαι.
1297 5134 1515 5205 Χρόνου.
1528 5134 1585 5188 δὲ
1618 5135 1807 5208 προελ-

226 5230 443 5290 θόντος,
473 5225 659 5297 ἐπειδὴ
703 5228 783 5290 εἰς
829 5225 985 5297 ὕϐριν
1019 5224 1115 5278 τοῦ
1160 5225 1450 5298 εὐεργέτου
1493 5225 1754 5298 ὥρμησεν
1785 5228 1815 5280 6

225 5321 383 5384 λαὸς,
426 5318 520 5371 καὶ
562 5316 966 5389 καταφρόνησιν
1009 5316 1104 5371 τοῦ
1144 5316 1415 5389 Σωτῆρος,
1466 5317 1808 5388 προσέκοψαν

224 5413 284 5466 δὲ
324 5414 394 5483 τῇ
443 5409 841 5481 είδωλοποιήσει
878 5407 974 5462 τοῦ
1026 5410 1250 5481 μόσχου,
1293 5409 1387 5463 καὶ
1436 5409 1805 5482 προσεκύνουν

223 5502 458 5559 κρανίον
506 5500 728 5572 ἄψυχον,
760 5498 859 5572 τὴν
890 5498 1133 5572 ἔμψυχον
1173 5502 1266 5556 καὶ
1290 5500 1513 5575 λογικὴν
1548 5501 1810 5572 φρόνησιν

304 5682 352 5713 ⁸²
392 5679 561 5734 Exod.
594 5693 687 5742 ut,
716 5677 772 5731 ὅ.
848 5677 895 5710 ⁸³
935 5678 1068 5733 ibid.
1102 5678 1188 5732 l6.

552 5778 821 5837 l’srnoc.
868 5775 985 5837 Οιι.
1036 5776 1167 5837 XL.

1916 4502 2008 4554 cob
2041 4500 2133 4565 ⁸²;
2169 4514 2233 4554 ac
2282 4498 2440 4567 paulo
2489 4498 2722 4554 ulterius
2768 4498 3029 4567 producto
3083 4514 3332 4555 sermone
3384 4502 3488 4555 ista

1878 4648 1883 4655 ,
1915 4592 2115 4646 addat:
2168 4589 2441 4659 Congrega
2479 4590 2707 4645 seniores
2753 4591 2986 4659 ﬁliorum
3015 4591 3223 4656 Israel,
3263 4602 3315 4645 et
3351 4594 3489 4646 dices

1916 4684 1985 4736 ad
2011 4698 2133 4737 eos:
2165 4681 2426 4736 Dominus
2457 4681 2599 4736 Deus
2650 4696 2863 4751 patrum
2900 4691 3189 4739 uestrorum
3224 4684 3353 4737 mihi
3390 4700 3486 4751 ap-

1915 4774 2092 4844 paruit
2116 4791 2135 4840 ;
2164 4772 2307 4829 Deus
2337 4771 2606 4827 Abraham
2629 4812 2644 4840 ,
2671 4783 2720 4828 et
2745 4773 2885 4829 Deus
2914 4772 3074 4828 Isaac
3092 4812 3107 4839 ,
3135 4783 3183 4828 et
3214 4772 3356 4828 Deus
3386 4774 3488 4828 Ja-

1916 4874 2009 4920 σου
2039 4865 2107 4922 ⁸⁸.
2144 4865 2343 4934 Sicque
2379 4865 2544 4931 Deus,
2571 4865 2688 4934 ipso
2718 4865 2899 4920 statim
2932 4864 3119 4933 initio,
3139 4875 3355 4934 patrum
3401 4864 3487 4933 ju-

1917 4969 2122 5011 storum
2149 4958 2370 5013 nomine
2393 4955 2540 5011 velut
2568 4967 2695 5010 nota
2718 4956 2953 5026 quadam
2986 4966 3207 5025 nepotes
3233 4957 3490 5028 insignit,

1916 5050 2007 5118 qui
2038 5049 2237 5103 bonum
2268 5047 2405 5104 sciat
2439 5061 2505 5102 ac
2533 5046 2698 5111 utile,
2733 5057 2793 5101 ut
2824 5048 2893 5102 ab
2925 5046 3032 5102 illis
3059 5062 3124 5101 ac
3154 5061 3342 5103 eorum
3368 5063 3490 5117 spe-

1920 5136 2121 5192 cimine
2143 5134 2774 5212 cognoscantur.‘Verum
2792 5152 3045 5207 processu
3075 5137 3349 5207 temporis,
3367 5153 3489 5192 cum

1917 5228 2142 5296 populus
2192 5226 2245 5280 in
2282 5225 2536 5297 iniuriam
2580 5229 2959 5298 prorupisset,‘
2980 5228 3136 5299 ejus,
3168 5228 3262 5297 qui
3291 5227 3493 5283 beneﬁ-

1916 5317 2000 5370 cio
2034 5314 2305 5370 affecisset
2325 5353 2343 5381 ,
2375 5329 2440 5370 ac
2460 5314 2757 5370 Salvatoris
2787 5324 3149 5384 contemptum
3169 5353 3185 5378 ,
3233 5314 3495 5382 vitulique

1917 5408 2123 5464 fabrica
2148 5422 2213 5463 ac
2238 5408 2550 5464 adoratione
2575 5408 2888 5466 oﬁ‘endisset
2906 5451 2923 5477 ,
2952 5425 3018 5463 ac
3038 5410 3355 5465 adorasscnt
3405 5410 3492 5463 in-

1917 5500 2096 5573 animo
2125 5499 2369 5558 cranium
2452 5502 2645 5559 anima:
2683 5502 2859 5558 omnis
2902 5516 2965 5556 ac
3002 5501 3228 5558 rationis
3272 5512 3490 5559 sensum
3532 5578 3545 5583 -

3012 5774 3079 5832 11
