3856 6274
406 284 514 345 ⁷551

1684 286 1742 342 S.
1786 283 2059 341 ASTERII
2098 282 2399 341 AMASENI

3562 286 3680 340 5'52

414 413 761 474 amittentes,
812 424 933 465 cum
970 408 1103 464 nihil
1150 408 1237 463 hic
1283 407 1450 480 Moysi
1499 418 1849 479 suppeteret,
1882 423 1984 479 quo

2093 400 2475 468 ἀπολέσαντες
2506 405 2607 458 οὐκ
2655 376 2795 477 έχων
2839 405 2869 458 ὁ
2913 403 3153 475 Μωῦσῆς
3179 403 3482 477 τηνικαῦτα
3523 405 3681 469 ὅπως

414 505 700 574 Dominum
748 502 1025 571 discipulis
1068 501 1345 571 placaret,
1392 515 1728 556 arrumnosus
1775 502 1990 555 tandem

415 599 736 667 paedagogus
767 595 832 649 ad
865 601 1081 664 patrum
1127 592 1443 647 memoriam
1490 591 1767 665 confugit,
1815 592 1993 660 iisque

417 691 518 746 sibi
544 687 832 759 adiunctis,
860 684 1301 754 supplicationem
1329 685 1544 753 promit.
1571 685 1661 740 Sic
1675 685 1829 739 enim
1865 685 1943 739 ait
1973 703 1987 739 :

415 781 545 835 Esto
594 778 869 847 placabilis
927 793 1082 847 super
1137 777 1376 846 nequitia
1430 775 1657 846 populi:
1715 778 1992 830 recordare

415 874 717 935 Abraham,
775 870 929 923 Isaac
961 870 1008 923 et
1050 867 1218 922 Iacob
1267 883 1533 921 servorum
1573 876 1814 931 tuorum,
1870 868 1992 935 qui-

417 960 512 1015 bus
536 960 733 1030 jurasti
776 976 867 1027 per
892 959 1251 1027 temetipsum,
1302 956 1776 1026 multiplicaturum
1821 968 1870 1010 te
1910 974 1991 1011 se-

402 1069 536 1106 men
588 1067 769 1105 eorum
807 1050 937 1103 sicut
986 1049 1161 1103 stellas
1196 1048 1310 1102 τωίὶ
1343 1047 1413 1103 ⁸⁸.
1448 1048 1577 1102 Erat
1613 1049 1832 1116 grandis
1868 1051 1945 1101 ira
1972 1089 1987 1109 ,

417 1142 569 1196 furor
609 1139 1059 1209 indeprecabilis:
1109 1138 1198 1192 ubi
1257 1149 1431 1192 tamen
1477 1138 1694 1207 sapiens
1736 1153 1798 1192 ac
1827 1139 1986 1192 indu-

396 1233 581 1289 strius
629 1231 883 1301 supplex,
935 1241 1146 1298 patrum
1189 1244 1452 1298 personas
1498 1231 1869 1296 adhibuisset,
1920 1247 1984 1285 ac

413 1340 601 1381 senum
666 1323 864 1377 multas
924 1320 1342 1376 intercessiones
1418 1334 1485 1374 ex
1547 1322 1807 1375 memoria
1872 1322 1985 1376 Deo

394 1415 725 1483 obiecisset,
754 1413 981 1466 ﬂammae
1004 1410 1177 1465 instar
1203 1424 1417 1480 poenam
1449 1412 1742 1476 exstinxit,
1773 1421 1987 1481 patrum

411 1508 531 1563 oleo
560 1505 942 1561 insanientium
986 1504 1219 1557 ﬁliorum
1251 1504 1469 1557 vulnera
1503 1520 1726 1559 curans.

481 1685 695 1739 Relicto
737 1681 934 1752 Moysis
980 1681 1152 1744 libro,
1202 1680 1267 1733 ad
1317 1679 1483 1734 libros
1517 1680 1719 1748 Regum
1779 1682 1976 1736 transi.

2097 498 2237 567 ὑπὲρ
2267 496 2374 550 τῶν
2434 495 2692 567 μαθητῶν
2743 495 3095 566 ἐξιλεώσηται
3146 496 3241 551 τὸν
3293 497 3589 567 Δεσπότην,
3649 497 3684 551 ό

2100 587 2443 655 παιδαγωγὸς
2462 590 2491 640 ὁ
2509 587 2869 659 πολύμοχθος,
2898 589 3234 656 καταφεύγει
3264 588 3401 658 πρὸς
3423 586 3521 659 τὴν
3544 587 3685 659 μνή-

2099 695 2205 749 μην
2220 677 2329 732 τῶν
2350 678 2621 749 πατέρων,
2642 679 2734 732 καὶ
2755 680 2868 750 μετ’
2887 676 3110 731 ἐκείνων
3130 679 3229 749 τὴν
3253 676 3533 750 ἱκετηρίαν
3549 692 3686 749 προ-

2096 768 2366 821 ϐάλλεταιο
2400 768 2564 840 φησὶν
2605 769 2661 822 δὲ
2690 768 2882 832 οὕτως·
2915 769 3112 835 “Haec
3142 768 3321 838 γενοῦ
3355 768 3451 821 ἐπὶ
3480 767 3554 835 τῇ
3570 783 3683 821 κα-

2094 858 2195 923 κίᾳ
2234 858 2342 912 τοῦ
2368 859 2544 923 λαοῦ,
2568 859 2857 927 μνησθεὶς
2890 861 3154 929 Ἀϐραὰμ,
3175 858 3271 913 καὶ
3308 859 3534 921 Ἰσαὰκ,
3574 858 3680 913 καὶ

2107 946 2318 1002 Ἰακὼϐ
2330 947 2446 1000 τῶν
2459 948 2577 1000 σοῦ
2601 948 2845 1002 οίκετῶν
2858 949 2924 1011 ⁸⁷,
2951 943 3041 1003 οἷο
3058 946 3299 1017 ὤμοσας
3318 947 3470 1001 κατὰ
3492 962 3682 1000 σεαυσ
3788 1006 3793 1009 _

2095 1040 2219 1103 τοῦ,
2253 1040 2554 1107 πληθῦναι
2577 1040 2643 1094 τὸ
2667 1042 2907 1110 σπέρμα
2933 1041 3133 1096 αὐτῶν
3154 1042 3234 1108 ὠς
3255 1042 3326 1095 τὰ
3357 1041 3548 1109 ἄστρα
3566 1039 3680 1094 τοῦ

2093 1131 2372 1198 οὐρανοῦ.
2402 1132 2629 1202 Μεγάλη
2662 1134 2695 1202 ἡ
2721 1135 2879 1205 ὀργὴ,
2907 1134 3001 1187 καὶ
3026 1135 3054 1186 ό
3083 1133 3252 1204 θυμὸς
3275 1132 3677 1204 ἀπαραίτητος

2093 1222 2207 1275 ἀλλ’
2248 1226 2277 1276 ό
2325 1224 2489 1293 σοφὸς
2535 1226 2630 1279 καὶ
2669 1225 2975 1296 εὐμήχανος
3016 1224 3223 1295 ἱκέτης,
3253 1224 3323 1277 τὰ
3353 1224 3677 1294 προσωπεῖα

2094 1314 2449 1385 περιθέμενος
2482 1317 2591 1370 τῶν
2633 1317 2823 1385 ἁγίων,
2854 1317 2947 1369 καὶ
2981 1316 3081 1379 τὰς
3116 1315 3316 1378 πολλὰς
3342 1314 3452 1367 τῶν
3480 1314 3678 1383 γερόν-

2092 1422 2201 1457 των
2264 1405 2354 1459 διὰ
2406 1406 2508 1473 τῆς
2568 1408 2789 1479 μνήμης
2840 1406 2917 1477 τῷ
2960 1405 3080 1477 Θεῷ
3138 1405 3447 1477 ἀπορρίψας
3473 1404 3673 1460 ⁸⁸....

2091 1495 2315 1550 ἔσϐεσεν
2336 1499 2412 1559 ὡς
2437 1498 2609 1567 φλόγα
2632 1498 2731 1569 τὴν
2756 1498 3043 1570 τιμωρίαν*
3074 1498 3327 1570 πατρικῷ
3374 1498 3537 1568 ἐλαίῳ
3563 1498 3679 1552 τῶν

2097 1588 2373 1658 μανέντων
2398 1590 2530 1643 υἱῶν
2556 1590 2896 1661 θεραπεύσας
2921 1591 2990 1644 τὰ
3017 1592 3325 1663 τραύματα.

2165 1680 2496 1734 Καταλιπὼν
2523 1681 2622 1751 τὴν
2640 1682 2938 1753 Μωσαῖκὴν
2968 1682 3169 1753 βίϐλον,
3207 1683 3299 1736 ἐπὶ
3334 1683 3433 1747 τάς
3456 1682 3678 1754 βίϐλους

400 1777 624 1834 Etenim
676 1774 788 1829 illic
840 1787 1055 1841 quoque
1109 1771 1277 1826 filium
1334 1772 1539 1826 videbis
1592 1771 1982 1842 indulgentiam

2093 1770 2198 1824 τῶν
2230 1770 2503 1826 Βασιλέων
2535 1773 2820 1845 μετάϐηθι.
2854 1774 3015 1844 Ὄψει
3042 1775 3151 1845 γὰρ
3183 1777 3344 1828 κάκεῖ
3367 1776 3531 1829 παῖδα
3554 1794 3678 1845 φειο

411 1874 758 1922 consecutum
780 1906 795 1928 ,
828 1877 894 1917 eo
920 1862 1065 1932 quod
1096 1861 1276 1930 proles
1305 1870 1389 1916 est
1423 1864 1595 1931 patris
1629 1862 1721 1917 Dei
1754 1866 1990 1919 amantis

414 1973 477 2010 ac
506 1956 599 2026 pii.
636 1957 686 2010 is
730 1969 893 2025 porro
940 1952 1398 2009 celebratissimus
1443 1953 1531 2009 ille
1575 1952 1828 2007 Salomon
1880 1965 1986 2009 est.

400 2050 546 2104 Cum
580 2050 724 2104 enim
767 2047 856 2101 ille
889 2060 1143 2115 processu
1176 2045 1462 2115 temporis,
1497 2047 1691 2099 nedum
1724 2046 1992 2115 passioni-

411 2142 513 2198 bus
539 2140 932 2201 dominaretur,
957 2137 1049 2193 sed
1077 2147 1132 2192 et
1155 2136 1259 2193 illis
1278 2152 1469 2192 servus
1488 2138 1743 2203 effectus,
1771 2152 1836 2191 ac
1865 2137 1990 2192 vita:

413 2233 662 2304 neglectu
689 2229 1246 2287 incontinentisslmus
1273 2230 1487 2284 luxuria
1517 2232 1775 2293 evadens,
1803 2239 1988 2298 pater~

404 2340 538 2380 nam
563 2337 775 2393 quoque
802 2321 1055 2392 pietatem
1084 2335 1150 2375 ac
1179 2320 1495 2391 religionem
1523 2330 1785 2375 mutasset
1812 2359 1828 2383 ,
1857 2320 1990 2390 legis

408 2415 772 2478 offensiones,
832 2412 974 2467 idola
1025 2412 1335 2477 fabricans,
1387 2412 1465 2464 ait
1511 2410 1577 2463 ad
1630 2425 1754 2463 eum
1808 2412 1985 2465 Deus:

413 2503 671 2559 Scindeus
699 2501 937 2555 scindam
965 2494 1179 2571 regnum
1207 2510 1355 2554 tuum
1376 2539 1392 2562 ,
1427 2511 1475 2553 et
1503 2499 1641 2553 dabo
1674 2499 1808 2551 illud
1840 2515 1987 2553 servo

403 2605 502 2648 tuo
528 2609 549 2647 :
575 2601 927 2648 rerunatamen
981 2593 1038 2645 in
1099 2590 1281 2646 diebus
1315 2591 1420 2643 tuis
1453 2607 1557 2644 non
1598 2590 1793 2658 faciam
1832 2590 1984 2654 haec,

409 2697 622 2757 propter
663 2684 835 2739 David
868 2693 1071 2752 patrem
1100 2694 1249 2737 tuum
1272 2698 1292 2737 :
1324 2685 1391 2737 de
1428 2699 1587 2738 manu
1619 2681 1723 2751 ﬁlii
1773 2682 1849 2735 tui
1896 2699 1987 2737 ar-

410 2779 604 2847 cipiam
657 2776 791 2831 illud
836 2776 907 2829 ⁵¹⁵.
940 2774 1073 2830 Haec
1119 2789 1216 2829 nos
1266 2774 1493 2829 historia
1542 2773 1743 2837 docet;
1789 2772 1883 2827 sed
1931 2781 1986 2826 et

408 2867 753 2924 Psalmorum
785 2866 1054 2920 canticum
1088 2868 1277 2920 eodem
1305 2878 1469 2919 sensu
1499 2863 1613 2918 haec
1643 2863 1805 2918 habet
1830 2880 1845 2917 :
1877 2862 1985 2917 Ju-

412 2959 532 3013 nior
570 2957 690 3027 fui;
736 2958 926 3012 etenim
962 2958 1154 3021 senui;
1202 2963 1252 3010 et
1286 2971 1396 3020 non,
1423 2954 1528 3009 vidi
1552 2956 1758 3024 justum
1794 2954 1985 3008 derelio

406 3059 550 3105 ctum
575 3090 589 3115 ,
621 3063 714 3102 nec
750 3064 922 3103 semen
957 3048 1070 3117 ejus
1099 3062 1340 3116 querens
1371 3061 1557 3115 panem
1596 3045 1664 3100 ⁵⁸.

484 3249 587 3315 At,
618 3256 677 3299 ut
711 3247 940 3311 videtur,
986 3247 1075 3299 ubi
1110 3245 1278 3300 semel
1323 3244 1503 3299 anima
1555 3255 1744 3300 contra
1789 3248 1989 3302 verita-

410 3347 518 3394 tem
549 3336 748 3392 audere
776 3335 1207 3406 praesumpserit,
1244 3346 1407 3404 atque
1430 3349 1496 3390 eo
1523 3344 1669 3390 statu
1702 3337 1901 3403 habet,
1928 3345 1989 3391 ut

410 3431 537 3482 vita:
571 3428 717 3492 loco,
761 3442 962 3482 novum
994 3426 1194 3496 aliquid
1226 3427 1403 3482 moliri
1433 3442 1635 3482 vesane
1669 3429 1987 3494 existimet,

410 3518 547 3571 nihil
571 3525 687 3580 est,
713 3516 853 3585 quod
883 3518 949 3569 ad
980 3526 1185 3570 rectam
1222 3530 1286 3571 ac
1315 3530 1382 3571 ex
1411 3517 1604 3571 ordine
1629 3518 1984 3587 compositam

408 3609 552 3662 viam
588 3616 869 3662 convertat
901 3627 912 3662 :
944 3606 1074 3675 quin
1111 3607 1317 3661 frenum
1353 3607 1609 3663 mordens
1631 3648 1647 3674 ,
1684 3623 1783 3664 ceu
1813 3609 1988 3677 pullus

410 3697 628 3767 quidam
680 3705 910 3751 tractatu
952 3695 1218 3762 difﬁcilis,
1272 3697 1325 3750 in
1368 3697 1686 3753 barathrum
1724 3699 1985 3768 proruit;

411 3801 623 3843 scssore
645 3788 829 3842 animo
855 3802 918 3841 ac
948 3796 1127 3842 mente
1146 3826 1161 3851 ,
1191 3788 1576 3843 vehementiori
1605 3790 1658 3843 in
1690 3790 1985 3859 nequitiam

409 3880 700 3951 agitatione
744 3888 1041 3946 superato:
1082 3880 1224 3947 quod
1269 3879 1456 3948 utique
1498 3880 1597 3936 hos
1625 3895 1842 3950 quoque
1879 3883 1987 3937 Eu-

417 3972 703 4027 nomianos
735 3970 985 4026 factitare
1030 3971 1255 4025 videas:
1292 3972 1372 4025 sic
1409 3972 1552 4025 enim
1585 3971 1858 4027 lubentius
1893 3987 1988 4042 ap-

408 4063 692 4132 pellantur,
724 4078 884 4132 quam
927 4062 1135 4117 Christi
1181 4062 1464 4129 homines;
1495 4064 1585 4132 qui
1630 4063 1797 4118 Deum
1836 4064 1987 4119 blas-

407 4156 662 4224 phement
683 4195 697 4219 ,
733 4154 824 4209 Dei
856 4154 1102 4210 homines
1148 4155 1347 4223 probro
1374 4153 1625 4224 ;aﬂiciant
1658 4198 1672 4222 ,
1706 4158 1986 4227 magisque

409 4245 523 4299 loca
559 4253 900 4309 aversentur,
935 4244 1130 4312 quibus
1158 4244 1332 4298 sancti
1380 4244 1767 4312 requiescunt,
1820 4262 1983 4315 quam

407 4336 573 4401 sobrii
608 4336 854 4391 homines
898 4334 1121 4398 altaria,
1155 4333 1492 4405 profanaque
1536 4351 1600 4391 ac
1644 4337 1847 4405 polluta
1878 4337 1986 4392 dae-

2091 1862 2214 1925 δοῦς
2245 1863 2581 1935 ἀξιούμενον,
2615 1865 2746 1918 διότι
2773 1865 3020 1937 γέννημα
3054 1863 3125 1938 ἦν
3162 1867 3414 1936 φιλοθέου
3442 1869 3672 1939 πατρός.

2092 1954 2341 2024 Σολομὼν
2378 1956 2436 2009 δέ
2468 1958 2616 2009 ἐστιν
2654 1951 2810 2022 οὗτος
2838 1959 2867 2010 ό
2896 1958 3350 2031 πολυθρύλλητος·
3379 1959 3438 2023 ὃς
3482 1958 3675 2030 ἐπειδὴ

2092 2047 2372 2117 προϊόντος
2425 2048 2517 2101 τοῦ
2565 2049 2758 2120 χρόνου
2805 2049 2905 2103 οὐκ
2948 2045 3016 2121 ἦν
3049 2051 3158 2103 τῶν
3190 2051 3378 2104 παθῶν
3404 2050 3679 2122 αύτοκρά-

2090 2155 2225 2209 τωρ,
2277 2138 2463 2203 δοῦλος
2523 2139 2575 2192 δὲ
2609 2140 2828 2210 μᾶλλον,
2899 2142 2995 2194 καὶ
3055 2141 3456 2213 ἀκρατέστερος
3519 2159 3676 2212 σωμ-

2089 2228 2326 2299 εραστὴς
2358 2229 2445 2282 διὰ
2474 2231 2572 2300 τὴν
2601 2230 2930 2301 ἀπροσεξίαν
2945 2230 3039 2284 τοῦ
3078 2232 3214 2301 βίου,
3251 2232 3543 2303 μετέϐαλεν
3577 2247 3679 2287 και⁵

2087 2319 2188 2390 τὴν
2215 2321 2473 2392 πατρῴαν
2499 2322 2800 2386 εὐσέϐειαν,
2827 2322 3021 2376 εἴδωλα
3053 2322 3347 2395 μορφώσας
3378 2324 3448 2377 τά
3477 2323 3572 2377 τοῦ
3593 2325 3678 2377 νό-

2093 2428 2194 2480 μου
2228 2413 2650 2483 προσκόμματαο
2683 2417 2816 2486 φησὶ
2849 2417 2986 2486 πρὸς
3006 2418 3167 2470 αύτδν
3197 2420 3226 2471 ό
3252 2418 3406 2481 Θεόςο
3434 2419 3679 2488 Διαριεή-

2088 2518 2220 2557 σων
2242 2503 2536 2573 διαρῤήξω
2564 2506 2677 2575 τὴν
2703 2509 3034 2572 βασιλείαν
3062 2527 3215 2575 σου,
3233 2511 3333 2565 καὶ
3365 2510 3537 2565 δώσω
3560 2515 3674 2566 αὺ-

2088 2593 2203 2664 τὴν
2231 2594 2314 2661 τῷ
2345 2595 2542 2664 δούλῳ
2571 2613 2708 2653 σου·
2739 2600 2906 2669 πλὴν
2940 2602 3010 2654 ἐν
3037 2602 3164 2670 ταῖς
3193 2604 3436 2673 ἡμέραις
3463 2619 3578 2657 σου
3598 2606 3675 2659 οὐ

2088 2685 2323 2755 ποιήσω
2381 2686 2569 2743 ταῦτα
2620 2688 2718 2745 διὰ
2771 2692 2949 2746 Δαϐὶδ
2991 2694 3101 2748 τὸν
3150 2695 3377 2763 πατέρα
3418 2712 3554 2751 σου
3600 2699 3673 2750 ἐκ

2093 2780 2295 2849 χειρὸς
2354 2781 2462 2836 τοῦ
2520 2782 2654 2836 υἱοῦ
2717 2798 2833 2837 σου
2892 2784 3165 2855 λήψομαι
3220 2787 3429 2853 αὐτήν.
3486 2789 3675 2843 Ταῦτα

2087 2870 2237 2938 ἡμᾶς
2274 2870 2307 2940 ἡ
2341 2871 2553 2940 ἱστορία
2601 2871 2865 2926 παιδεύει·
2900 2873 3140 2929 διδάσκει
3175 2876 3231 2930 δὲ
3273 2879 3366 2931 καὶ
3404 2878 3515 2950 ᾠδὴ
3559 2880 3675 2932 τῶν

2090 2959 2335 3032 Ψαλμῶν
2363 2960 2431 3015 τὰ
2458 2963 2637 3032 ὃμοια⁸
2667 2963 2964 3032 Νεώτερος
3010 2966 3193 3035 ἤμην’
3247 2970 3343 3023 καὶ
3380 2970 3490 3040 γὰρ
3527 2971 3672 3041 ἐγή-

2015 3094 2058 3153 c
2084 3066 2268 3120 ρασα·
2297 3052 2400 3109 καὶ
2432 3055 2544 3107 οὐκ
2569 3052 2735 3109 εἶδον
2765 3055 3001 3110 δίκαιον
3031 3059 3671 3133 ἐγκαταλελειμμένον,

2090 3142 2233 3197 οὐδὲ
2258 3144 2323 3197 τὸ
2356 3145 2593 3214 σπέρμα
2621 3146 2807 3200 αὐτοῦ
2835 3146 3050 3216 ζητοῦν
3079 3149 3316 3217 ἄρτους.

2172 3237 2333 3301 Ἀλλ’,
2448 3239 2645 3305 ἔοικεν,
2679 3240 2897 3295 ἐπειδὰν
2937 3241 3084 3309 ἅπαξ
3109 3242 3255 3314 ψυχὴ
3283 3243 3382 3313 τῆς
3411 3242 3674 3315 ἀληθείας

2089 3330 2587 3402 καταθρασύνηται,
2645 3334 2739 3386 καὶ
2793 3334 2886 3387 τοῦ
2958 3338 3297 3407 καινοτομεῖν
3346 3335 3673 3407 ἐκπλήκτως

2093 3421 2216 3474 ἀντὶ
2239 3421 2333 3475 τοῦ
2369 3424 2468 3494 ζῇν
2496 3426 2554 3477 ἐν
2574 3424 2723 3491 τὰξει
2758 3424 3144 3496 προϐέϐληται,
3169 3427 3324 3481 οὐδὲν
3351 3428 3519 3499 αὐτὴν
3551 3430 3675 3481 ἐπι-

2091 3513 2345 3584 στρέφειν
2367 3516 2550 3569 ίκανὸν
2576 3518 2656 3580 είς
2675 3517 2775 3589 τὴν
2808 3518 3022 3571 εὐθεῖαν
3053 3519 3147 3572 καὶ
3170 3519 3510 3590 τεταγμένην
3528 3519 3669 3572 ὁδόνο

2089 3602 2385 3658 ἐνδακοῦσα
2422 3603 2479 3657 δὲ
2505 3605 2597 3658 τὸν
2622 3606 2854 3677 χαλινὸν,
2884 3607 3070 3680 ῶσπερ
3102 3624 3186 3671 τις
3216 3608 3396 3672 πῶλος
3423 3608 3674 3680 δυσήνιος

2090 3692 2315 3763 φέρεται
2365 3696 2503 3767 πρὸς
2557 3696 2618 3749 τὸ
2669 3697 2962 3769 βάραθρον,
3011 3701 3220 3754 νικῶσα
3255 3700 3347 3754 τὸν
3391 3700 3672 3771 ἀναϐάτην

2089 3784 2214 3836 νοῦν
2243 3787 2309 3856 τῇ
2337 3786 2472 3856 πρὸς
2502 3787 2600 3857 τὴν
2633 3788 2835 3843 κακίαν
2864 3792 3028 3861 ὁρμῇ·
3062 3788 3252 3856 ῶσπερ
3302 3789 3366 3860 δὴ
3414 3789 3509 3843 καὶ
3541 3791 3672 3853 τοὺς

2088 3874 2457 3946 Εὐνομιανοὺς
2495 3878 2718 3942 τούτους
2746 3879 2893 3933 ἐστιν
2927 3880 3074 3934 ἱδείν.
3100 3880 3284 3943 Οὕτως
3318 3880 3427 3950 γὰρ
3454 3879 3672 3950 φιλοῦσι

2087 3967 2369 4023 καλεῖσθαι
2420 3971 2639 4040 μᾶλλον,
2692 3972 2725 4043 ἢ
2779 3971 2874 4024 τοῦ
2926 3971 3160 4043 Χριστοῦ
3202 3971 3497 4043 ἄνθρωποι,
3536 3972 3671 4024 Θεὸν

2091 4060 2558 4133 βλασφημοῦντες,
2592 4065 2717 4127 τοὺς
2750 4062 3064 4135 ἀνθρώπους
3089 4063 3181 4117 τοῦ
3207 4063 3342 4116 Θεοῦ
3372 4062 3670 4133 ἀτιμάζον-

2086 4170 2197 4220 τες,
2234 4153 2437 4225 μᾶλλον
2458 4154 2516 4208 δὲ
2544 4158 2930 4226 ἐντρεπόμενοι
2959 4156 3189 4220 τὰς.τῶν
3223 4157 3392 4226 ἁγίων
3422 4156 3672 4209 ἀναπαύο

2089 4246 2222 4309 σεις,
2257 4245 2291 4315 ἢ
2318 4245 2366 4298 oi
2398 4246 2801 4318 σωφρονοῦντες
2842 4250 2966 4311 τοὺς
2992 4248 3227 4319 βωμοὺς,
3244 4249 3338 4302 καὶ
3360 4249 3485 4312 τοὺς
3510 4249 3667 4321 βεϐή-

2086 4335 2212 4400 λους
2240 4338 2336 4391 καὶ
2364 4339 2489 4402 τοὺς
2530 4340 2938 4411 μεμιασμένους
2982 4341 3092 4393 τῶν
3125 4341 3326 4394 τόπων.
3380 4341 3581 4413 Ἐχρῆν
3611 4342 3667 4396 δὲ

408 4440 626 4479 monum
678 4426 848 4481 sacris
916 4426 1056 4480 loca.
1098 4424 1265 4479 Porro
1299 4440 1396 4495 par
1435 4435 1594 4493 erat,
1624 4438 1682 4481 ut
1710 4429 1800 4497 qui
1837 4429 1983 4498 ejus-

2093 4426 2211 4490 τοὺς
2269 4427 2364 4497 τῆς
2405 4428 2663 4492 ἀπονοίας
2708 4430 2943 4493 ἐκείνους
2983 4431 3248 4501 ἀσκητὼς,
3301 4432 3397 4485 καὶ
3433 4431 3494 4485 τὸ
3527 4432 3669 4486 κατά

410 4516 550 4571 modi
607 4518 894 4571 dementiae
943 4517 1197 4581 student,
1254 4517 1455 4587 quique
1509 4521 1868 4574 temeritatem
1925 4522 1977 4575 in

407 4619 596 4659 omnes
623 4606 839 4659 virtutis
872 4605 991 4661 loco
1037 4606 1270 4671 habent,
1304 4607 1386 4661 vel
1431 4607 1625 4662 saltem
1668 4610 1975 4664 daemonum

410 4707 785 4755 revererentur
805 4709 964 4750 voces
982 4734 998 4759 ,
1026 4696 1168 4750 clara
1190 4698 1366 4765 palam
1391 4714 1523 4755 voce
1542 4702 1972 4754 contestantium

406 4787 659 4841 virtutem
716 4795 1062 4856 martyrum;
1121 4803 1183 4840 ac
1235 4803 1505 4857 quemque
1560 4790 1776 4843 illorum
1831 4791 1977 4845 velut

407 4887 724 4947 praesentem
747 4918 764 4940 ,
801 4886 963 4946 atque
988 4893 1088 4931 eos
1126 4879 1195 4931 ab
1223 4880 1463 4934 obsessis
1508 4880 1817 4935 hominibus
1860 4883 1978 4937 abi-

338 4964 351 4977 “
405 4976 619 5036 gentem
647 4975 810 5035 atque
835 4965 1140 5037 lugentem,
1169 4981 1236 5021 ex
1264 4968 1482 5022 nomine
1512 4968 1973 5036 compellantium.

406 5059 533 5116 Sive
563 5068 742 5114 autem
786 5058 907 5127 quis
953 5074 1014 5112 ea
1049 5059 1178 5114 velit
1212 5059 1472 5114 adversus
1516 5059 1824 5115 immundos
1868 5061 1979 5128 spi-

403 5152 540 5206 ritus
584 5161 840 5220 priestare
895 5151 1110 5220 pietatis
1143 5146 1464 5206 athletarum
1513 5153 1826 5221 exercitus,
1866 5156 1980 5209 sive

404 5242 660 5311 angeloa,
716 5241 808 5308 qui
861 5242 928 5294 ad
976 5241 1311 5311 eorum,qui
1364 5243 1550 5310 requie
1579 5240 1764 5297 donati
1815 5253 1975 5308 sunt,

404 5336 662 5388 honorem
722 5333 892 5387 sacris
940 5348 1127 5388 eorum
1171 5333 1408 5387 delubris
1473 5334 1778 5400 assideant,
1837 5335 1973 5389 nihil

404 5424 646 5478 interest.
676 5420 808 5473 Nam
840 5420 1097 5489 quidquid
1135 5419 1365 5481 dicatur,
1408 5421 1475 5474 ad
1507 5435 1693 5476 eormn
1740 5423 1965 5494 gloriam

399 5524 515 5576 est,
546 5512 640 5583 qui
667 5511 873 5568 Christi
899 5527 1063 5569 causa
1104 5521 1279 5567 morte
1321 5521 1448 5568 sunt
1487 5514 1746 5570 defuncti.
1798 5512 1971 5570 Porro

471 5625 518 5655 “
546 5623 722 5705 _Esod.
754 5625 1061 5705 xx_xu,__12,
1254 5627 1299 5660 ⁸³
1341 5624 1405 5681 Ill
1434 5626 1566 5701 Beg.
1602 5644 1656 5684 XI
1685 5632 1805 5699 ΑΙ,
1845 5633 1932 5689 12.

2093 5634 2234 5691 Psal.
2275 5654 2436 5695 XX\\'l
2464 5680 2477 5705 ,
2512 5642 2599 5696 9.5.

400 5695 714 5768 πρεσϐείας,
751 5697 831 5752 vel
862 5697 988 5768 quid
1019 5698 1213 5754 simile.

2088 4516 2305 4571 ⁸πάντων
2327 4516 2527 4588 θράσος
2552 4519 2753 4590 ἀρετὴν
2777 4520 3116 4590 νομίζοντας,
3138 4521 3237 4584 τὰς
3261 4522 3390 4590 γοῦν
3420 4521 3529 4574 τῶν
3554 4521 3669 4576 δαι-

2056 4608 2267 4677 ,μόνων
2312 4609 2622 4680 αἰδεσθῆναι
2669 4613 2873 4681 φωνὰς,
2932 4613 3241 4684 κραζόντων
3281 4614 3374 4667 καὶ
3421 4614 3668 4685 βοώντων

2088 4698 2355 4771 λαμπρῶς
2403 4700 2513 4755 τῶν
2559 4702 2852 4774 μαρτύρων
2884 4704 2982 4776 τὴν
3017 4705 3265 4776 δύναμιν,
3306 4708 3401 4760 καὶ
3437 4708 3666 4778 ὀνόμασι

2089 4790 2398 4846 καλούντων
2442 4793 2692 4858 ἕκαστον,
2718 4794 2796 4857 ὡς
2835 4795 3181 4866 παρεστῶτα,
3220 4798 3313 4850 καὶ
3340 4797 3668 4853 ἀπελαύνονο

2088 4898 2176 4946 τα,
2212 4883 2305 4936 καὶ
2332 4884 2702 4953 φυγαδεύοντα
2732 4886 2841 4939 τῶν
2868 4889 3314 4958 τυραννουμένων
3339 4889 3666 4958 ἀνθρώπων.

2085 4973 2208 5026 Εἴτε
2249 4973 2308 5027 δέ
2343 4975 2769 5047 τάσυστήματα
2800 4978 2910 5032 τῶν
2954 4978 3203 5051 ἀθλητῶν
3249 4981 3349 5051 τῆς
3382 4982 3668 5047 εὐσεϐείας

2085 5063 2259 5118 ἐθέλοι
2292 5082 2376 5130 τις
2398 5068 2641 5137 ἐνεργεῖν
2662 5070 2803 5123 κατὰ
2828 5071 2936 5123 τῶν
2958 5072 3281 5142 ἀκαθάρτων
3317 5075 3665 5143 πνευμάτων,

2084 5154 2193 5207 εἴτε
2248 5157 2515 5225 ἀγγέλους
2565 5160 2645 5222 εἱς
2682 5160 2845 5233 τιμὴν
2871 5161 2980 5215 τῶν
3009 5164 3481 5234 ἀναπεπαυμένων
3526 5184 3670 5238 παρ-

2084 5245 2403 5317 εδρεύοντας
2432 5252 2544 5313 τοῖς
2575 5251 2749 5319 ἁγίοις
2774 5256 2981 5326 σηκοῖς,
3017 5255 3167 5308 οὐδὲν
3186 5256 3449 5328 διαφέρει·
3477 5258 3669 5310 ὁπότε-

2089 5353 2178 5406 ρον
2210 5337 2316 5409 γὰρ
2346 5337 2413 5392 ἂν
2435 5338 2681 5411 λέγηται,
2710 5342 2835 5407 δόξα
2865 5345 2972 5397 τῶν
3010 5346 3149 5415 ὑπὲρ
3183 5347 3282 5416 τῆς
3321 5349 3401 5409 ei:
3429 5348 3667 5417 Χριστὸν

2083 5430 2304 5502 ἁγὰπης
2345 5433 2460 5486 ἐστὶ
2491 5433 2785 5490 παθόντων.
2818 5435 3088 5507 Πρόδηλον
3124 5437 3181 5491 δὲ
3224 5438 3503 5506 φαίνονται
3534 5440 3667 5490 καθ-

2082 5522 2296 5595 ημέραν
2324 5526 2379 5578 αἱ
2412 5525 2519 5579 τῶν
2550 5528 2842 5600 μαρτύρων
2874 5528 3205 5600 εὐεργεσίαι,
3233 5529 3387 5584 ἄλλαι
3413 5547 3471 5583 τε
3507 5530 3664 5585 ἄλλαι

2705 5643 2749 5675 ⁵⁷
2795 5641 2931 5714 Lege
2962 5642 3179 5698 ἱκετῶν.
3292 5645 3339 5676 ⁵⁸
3371 5643 3461 5697 ἷσ.
3499 5647 3663 5706 λεῖπ.
