3824 6270
337 322 442 379 553

1606 313 1663 368 8.
1704 313 1980 371 ASTERII
2019 315 2320 372 AMASENI

3487 313 3599 368 3'36

338 439 456 491 foro
482 429 869 502 aliquantulum
897 445 1019 486 cum
1048 429 1190 484 notis
1221 427 1584 483 ambulassem
1607 469 1622 494 ,
1656 431 1802 486 illinc
1830 448 1909 488 me

2018 435 2138 503 ρᾶς,
2169 433 2376 487 ἐκεῖθεν
2407 414 2496 498 εἰς’
2516 433 2578 488 τὸ
2604 433 2698 488 τοῦ
2728 433 2863 487 Θεοῦ
2901 433 3096 504 τέμνος
3135 429 3412 500 ἀφικόμην
3441 426 3601 495 εὐξό-

336 529 388 582 in
419 526 511 580 Dei
547 523 804 590 templum
835 523 948 576 otio
971 528 1226 575 oraturus
1253 520 1456 590 recepi.
1484 520 1617 574 Cum
1653 537 1781 576 vero
1809 529 1912 578 hoc

335 632 552 688 quoque
587 624 948 678 consecutus,
982 627 1146 667 unam
1178 614 1467 680 quamdam
1499 629 1568 667 ex
1613 615 1914 684 porticibus

339 709 660 771 transirem,
692 705 798 760 vidi
829 705 882 760 in
906 719 967 757 ea
997 703 1264 774 picturam
1295 704 1579 771 quamdam
1607 744 1621 769 ,
1649 707 1801 776 cujus
1830 724 1916 762 me

335 801 545 870 species
587 797 808 854 omnino
846 796 1008 865 cepit.
1058 794 1299 849 Dixisses
1330 793 1698 865 Euphranoris
1744 798 1913 851 artill-

337 895 480 949 cium
508 906 662 954 esse,
693 898 784 944 aut
813 902 1004 943 eorum
1035 885 1296 954 alicujus,
1330 887 1424 956 qui
1460 887 1587 943 olim
1620 888 1910 958 plurimum

337 984 621 1055 dignitatis
650 981 872 1053 pictura:
898 977 1260 1035 conciliarunt
1289 978 1438 1047 (5|),
1473 993 1579 1032 non
1609 978 1769 1034 aliter
1794 980 1914 1049 pin-

339 1085 557 1144 gentes,
586 1085 747 1142 quam
779 1071 824 1125 si
848 1070 1001 1124 vivas
1035 1069 1088 1122 in
1120 1067 1319 1123 tabulis
1343 1067 1544 1124 formas
1565 1068 1909 1124 exhiberem.

336 1169 608 1224 Adesdum
657 1181 808 1229 vero,
851 1165 895 1218 si
945 1162 1135 1220 voles:
1177 1165 1375 1234 quippe
1420 1163 1582 1218 etiam
1628 1178 1772 1218 nunc
1817 1178 1914 1232 per

340 1272 552 1330 tempus
578 1274 837 1313 enarrare
871 1257 1001 1311 licet
1033 1275 1047 1310 :
1081 1271 1288 1326 egoque
1319 1256 1580 1325 picturam
1612 1271 1907 1326 exponam.

340 1352 522 1420 Neque
550 1350 695 1404 enim
727 1364 824 1402 nos
855 1363 1128 1402 musarum
1193 1347 1396 1401 alumni
1442 1345 1654 1415 pejores
1689 1347 1910 1417 pictori-

336 1444 436 1497 bus
465 1441 674 1496 colores
702 1439 987 1493 habemus.

409 1533 576 1588 Sacra
613 1530 857 1600 quaedam
889 1527 1088 1583 fentina
1117 1567 1132 1585 .
1169 1528 1488 1584 intemerata
1526 1527 1710 1600 virgo,
1753 1543 1908 1582 suam

340 1625 450 1685 Deo
513 1623 819 1677 castitatem
895 1619 1141 1675 dicavit:
1197 1619 1556 1688 Euphemiam
1613 1620 1908 1690 appellant.

347 1715 470 1774 5am
503 1724 684 1768 autem
727 1711 1051 1782 quandoque
1094 1721 1357 1781 tyrannus
1397 1712 1513 1782 pios
1553 1711 1801 1767 homines
1847 1727 1910 1766 ac

364 1807 679 1884 :mristianos
725 1813 1165 1874 persequeretur.
1222 1804 1311 1857 illa
1366 1804 1659 1858 admodum
1715 1804 1910 1857 alacris

337 1901 462 1954 vitae
489 1899 660 1952 aleam
693 1907 884 1967 sponte
917 1895 1068 1951 adiit.
1096 1895 1254 1950 Cives
1283 1905 1463 1950 autem
1484 1936 1500 1961 ,
1527 1896 1750 1965 ejusque
1779 1897 1909 1950 socii

329 1991 648 2063 religionis,
684 2005 782 2059 pro
824 2005 925 2058 qua
974 2003 1037 2042 ea
1086 1995 1314 2042 mortem
1356 1989 1526 2054 obiit,
1560 2003 1654 2042 ceu
1695 1987 1910 2041 fortitu-

340 2086 481 2138 dinis
540 2101 601 2138 ac
658 2081 970 2138 sanctitatis
1020 2081 1189 2148 gloria
1247 2079 1509 2147 insignem
1563 2080 1910 2134 admirationi

341 2176 631 2240 habentes,
670 2173 810 2228 baud
847 2171 1036 2241 procul
1066 2171 1263 2240 templo
1293 2170 1406 2240 (52)
1442 2171 1746 2240 sepulcrum
1780 2171 1912 2224 redi-

345 2272 566 2322 ticantes
633 2281 696 2321 ac
765 2265 942 2334 posito
1003 2263 1212 2329 loculo,
1280 2263 1516 2318 honores
1568 2264 1616 2316 ei
1667 2263 1910 2332 publicos

339 2358 598 2412 adhibent
619 2396 632 2416 ,
667 2370 904 2409 annuum
948 2351 1065 2420 ejus
1112 2349 1425 2407 certaminis
1455 2353 1594 2406 diem
1617 2393 1632 2416 ,
1661 2367 1907 2407 ceruinu-

343 2464 465 2502 nent
495 2461 559 2500 ac
592 2446 757 2499 totius
787 2444 965 2513 populi
1011 2455 1276 2498 conventu
1313 2444 1488 2495 laetam
1530 2441 1788 2497 facientes
1815 2457 1906 2496 ce-

338 2535 664 2589 lebritatem.
698 2531 846 2587 Sacri
901 2533 1116 2602 quidem
1171 2544 1634 2586 sacramentorum
1683 2532 1775 2586 Dei
1823 2532 1908 2586 ia-

339 2636 632 2694 terpretes,
679 2625 791 2693 jugi
849 2638 1098 2678 sermone
1141 2623 1455 2676 memoriam
1487 2623 1776 2689 honorant,
1821 2639 1913 2693 po-

340 2717 602 2786 pulosque
631 2718 1013 2772 convenientes
1034 2753 1048 2778 ,
1083 2724 1146 2771 ut
1194 2716 1281 2768 illa
1330 2717 1603 2784 patientia:
1633 2726 1909 2771 certamen

340 2808 824 2872 consummaverit,
890 2809 1036 2862 omni
1086 2807 1264 2862 studio
1323 2807 1654 2874 informant;
1723 2810 1816 2863 sed
1859 2820 1913 2862 et

347 2903 521 2968 pictor
553 2900 739 2970 pietati
775 2909 831 2954 et
864 2901 983 2970 ipse
1017 2899 1274 2961 studens,
1324 2899 1457 2953 artis
1497 2914 1694 2968 opera,
1741 2901 1910 2953 histo-

342 2995 476 3046 riam
506 3003 675 3048 totam
722 2992 774 3045 in
824 2991 1078 3056 sindone,
1116 3005 1276 3060 quam
1319 2991 1466 3045 licuit
1527 2992 1644 3044 viva
1693 3006 1913 3059 expres-

2018 543 2178 594 μενος
2203 526 2261 576 ἐν
2284 526 2468 596 σχολῇ.
2503 527 2590 590 Ὡς
2619 526 2676 579 δὲ
2710 527 2804 580 καὶ
2833 524 3026 578 τούτου
3055 522 3252 592 τυχὼν,
3279 522 3375 574 ἕνα
3396 519 3462 590 δὴ
3487 517 3606 572 τῶν

2015 598 2327 685 ὑποστέγων
2358 617 2574 688 δρόμων
2595 617 2862 682 ἐϐάδιζον,
2892 612 3031 668 εἶδον
3055 617 3172 667 ἐκεῖ
3199 614 3420 684 γραφήν
3449 628 3602 672 τινα,

2016 710 2106 762 καί
2139 727 2205 780 με
2238 709 2519 781 κατάκρας
2552 707 2694 762 εἷλεν
2722 711 2767 741 ⁸³
2799 711 2831 779 ή
2865 708 2982 762 θέα.
3028 706 3380 777 Εὐφράνορος
3423 705 3491 758 ἂν
3521 699 3606 757 εἴ·

2014 817 2115 863 πες
2149 795 2288 854 εἶναι
2316 800 2377 853 τὸ
2404 800 2796 871 φιλοτέχνημα,
2828 799 2861 869 ἦ
2891 815 3036 861 τινος
3073 797 3298 850 ἐκείνων
3346 793 3455 846 τῶν
3491 810 3605 847 πα-

2014 891 2200 954 λαιῶν,
2235 891 2284 946 οἳ
2331 891 2431 963 τὴν
2481 892 2756 962 γραφικὴν
2796 886 2935 961 ἦραν
2979 890 3059 952 είς
3107 889 3266 958 μέγα,
3320 885 3604 956 ἐμψύχους

2013 983 2194 1050 ὀλίγου
2240 981 2451 1045 δέοντος
2499 982 2866 1053 ἐργασάμενοι
2913 980 3167 1041 πίνακας.
3227 976 3398 1049 Δεῦρο
3440 977 3510 1041 δ’,
3547 975 3602 1027 εί

2016 1074 2193 1145 βούλει
2227 1075 2342 1142 (καὶ
2373 1071 2478 1144 γ’ἁρ
2510 1073 2672 1145 σχολὴ
2724 1073 2818 1127 νῦν
2860 1073 3241 1144 διηγήματος),
3279 1071 3472 1142 φράσω
3511 1086 3602 1123 σοι

2012 1167 2111 1238 τὴν
2139 1165 2378 1237 γραφήν.
2416 1166 2550 1219 Οὐδὲ
2599 1166 2706 1238 γὰρ
2741 1166 3047 1238 φαυλότερα
3082 1165 3300 1228 πάντως
3346 1151 3454 1216 τῶν
3485 1161 3602 1227 ζω-

2012 1262 2238 1333 γράφων
2291 1258 2528 1334 [παῖδες]
2576 1262 2626 1313 οί
2688 1259 2903 1330 μουσῶν
2952 1257 3140 1322 παῖδες
3215 1257 3410 1328 ἔχομεν
3455 1257 3603 1328 φάρ-

2017 1367 2189 1422 μακα.

2082 1531 2221 1601 Γυνή
2256 1547 2339 1592 τις
2362 1527 2508 1600 ἱερὰ,
2528 1526 2797 1598 παρθένος
2822 1521 3256 1596 ἀκήρατος,Θεῷ
3282 1522 3326 1554 ⁸³
3353 1521 3452 1593 τὴν
3484 1538 3598 1576 σω-

2013 1621 2287 1694 φροσύνην
2313 1618 2717 1690 καθιερώσασαο
2774 1617 3058 1686 Εὐφημίαν
3093 1613 3347 1669 καλοῦσιν
3398 1613 3596 1684 αὑτήν.

2011 1715 2286 1786 Τυράννου
2313 1712 2370 1765 δέ
2403 1728 2533 1764 ποτε
2575 1711 2700 1772 τοὺς
2733 1708 3090 1770 εύσεϐοὖντας
3118 1706 3452 1769 ἐλαύνοντος,
3484 1705 3596 1771 μά-

1943 1789 1984 1843 B
2011 1806 2080 1860 λα
2117 1804 2411 1877 προθύμως
2444 1803 2538 1855 τὸν
2567 1802 2660 1854 ἐπὶ
2689 1800 2903 1870 θανάτῳ
2927 1800 3101 1852 εἵλετο
3133 1798 3396 1852 κίνδυνον.
3425 1799 3489 1850 Ol.
3532 1797 3595 1848 δὲ

2013 1899 2078 1969 δὴ
2128 1898 2341 1950 πολῖται
2403 1894 2498 1947 καὶ
2555 1893 2803 1946 κοινωνοὶ
2854 1890 3310 1962 τῆςθρησκείας,
3355 1890 3495 1960 ὑπὲρ
3524 1884 3598 1960 ἦς

2014 1988 2380 2057 ἐτελεύτησεν,
2411 1987 2485 2050 ὡς
2514 1985 2764 2055 ἀνδρείαν
2794 1983 2926 2054 ὁμοῦ
2960 1984 3052 2034 καὶ
3077 1981 3228 2052 ἱερὰν
3257 1982 3355 2052 τὴν
3385 1981 3597 2053 παρθέ-

2015 2098 2103 2135 νον
2132 2080 2530 2150 θαυμάσαντες,
2565 2077 2794 2147 πλησίον
2836 2073 2930 2127 τοῦ
2972 2073 3117 2144 ἱεροῦ
3148 2073 3247 2144 τὴν
3280 2073 3456 2144 θήκην
3486 2073 3596 2126 δει·

2021 2171 2273 2242 μάμενοι,
2306 2166 2667 2238 καταθέμενοί
2703 2183 2762 2218 τε
2796 2165 2894 2236 τὴν
2923 2164 3189 2235 λάρνακα,
3213 2163 3378 2234 τιμὰς
3407 2162 3596 2216 τελοῦ-

2019 2279 2104 2314 σιν
2144 2261 2306 2330 αύτῇ,
2341 2259 2438 2330 τὴν
2478 2261 2694 2329 ἐτήσιον
2721 2259 2934 2328 ἑορτὴν,
2972 2255 3163 2326 καινὴν
3193 2256 3239 2287 ⁸⁸
3267 2256 3360 2308 καὶ
3391 2255 3597 2324 πάνδη-

2018 2370 2117 2424 μον
2145 2353 2423 2414 ποιοῦντες
2459 2354 2787 2420 πανήγυριν.
2824 2349 2889 2400 Οἱ
2934 2348 3032 2418 μέν
3069 2344 3160 2400 οὖν
3192 2347 3300 2400 τῶν
3334 2346 3428 2402 τοῦ
3457 2345 3598 2400 Θεοῦ

2019 2443 2331 2513 μυστηρίων
2355 2441 2668 2511 ἱεροφάνται
2720 2439 2814 2491 καὶ
2842 2438 2984 2509 λόγῳ
3008 2437 3208 2509 τιμῶσι
3242 2435 3338 2508 τὴν
3375 2437 3599 2508 μνήμην

2016 2534 2123 2595 ἀεὶ,
2158 2533 2251 2585 καὶ
2283 2533 2431 2594 ὅπως
2461 2531 2741 2597 ἐξετέλεσε
2785 2530 2877 2582 τὸν
2915 2532 3014 2600 τῆς
3051 2529 3344 2601 καρτερίας
3383 2529 3597 2597 ἀγῶνα,

2017 2623 2290 2694 ἐπιμελῶς
2318 2623 2446 2685 τοὺς
2478 2623 2758 2684 συνιόντας
2789 2621 2952 2683 λαοὺς
2979 2621 3403 2674 ἐκδιδάσκουσιν.
3447 2619 3506 2674 Ὀ
3537 2621 3599 2673 δὲ

2015 2718 2078 2788 δὴ
2110 2717 2400 2788 ζωγράφος
2425 2715 2671 2786 εὐσεϐῶν.
2695 2714 2790 2768 καλ⁸
2819 2714 3005 2776 αὐτὸς.
3040 2712 3127 2766 διὰ
3147 2715 3244 2782 τῆς
3269 2713 3464 2784 τέχνης
3493 2731 3598 2766 κα-

2014 2809 2083 2862 τὰ
2124 2809 2373 2879 δύναμιν,
2405 2809 2584 2860 πᾶσαν
2619 2807 2715 2878 τὴν
2739 2805 2980 2876 ἱστορίαν
3010 2807 3066 2858 ἐν
3098 2806 3292 2860 σινδόνι
3322 2805 3595 2876 χαράξας,

2016 2900 2177 2952 αὑτοῦ
2205 2918 2336 2952 που
2375 2901 2502 2970 περὶ
2546 2900 2646 2969 τὴν
2697 2899 2870 2969 θήκην
2921 2897 3062 2968 ἱερὸν
3107 2896 3342 2968 ἀνέθηκε
3392 2898 3593 2969 θέαμα.

2019 2995 2170 3063 Ἔχει
2193 2993 2248 3046 δὲ
2274 2987 2376 3046 ὧδε
2401 2993 2463 3045 τὸ
2487 2991 2874 3060 φιλοτέχνημα·

340 3086 491 3140 sione
536 3084 862 3154 designans,
914 3083 1110 3138 ibidem
1146 3081 1300 3152 juxta
1347 3082 1654 3153 sepulcrum
1702 3099 1912 3138 sacram
1956 3086 2022 3140 ad
2075 3086 2443 3156 Spectaculum
2484 3086 2734 3155 appendit
2775 3083 3048 3138 tabellam.
3086 3082 3178 3138 Sic
3221 3093 3401 3138 autem
3431 3083 3595 3138 habet

342 3180 474 3231 artis
517 3177 620 3232 hoc
649 3177 965 3246 prteclarnm
994 3191 1128 3245 opus
1156 3191 1171 3228 :

411 3267 576 3322 Sedet
611 3266 776 3336 judex
837 3267 1028 3318 throno
1077 3264 1342 3329 sublimis,
1401 3264 1597 3319 acerbo
1647 3280 1711 3320 ac
1768 3267 1904 3321 truci
1936 3271 1978 3328 C

338 3359 487 3415 vultu
521 3367 788 3414 centuens
814 3421 822 3425 ,
851 3357 1132 3424 virginem.
1186 3357 1292 3411 Ars
1347 3359 1544 3426 quippe
1579 3358 1628 3411 in
1687 3358 1909 3413 inanimi

340 3464 555 3521 quoque
588 3448 810 3502 materia
841 3447 1116 3511 irascitur,
1173 3464 1296 3502 cum
1329 3448 1492 3504 lubet.
1525 3449 1692 3502 Porro
1717 3451 1913 3505 adsunt

343 3543 689 3612 magistratus
722 3539 999 3604 satellites,
1035 3554 1098 3594 ac
1132 3539 1329 3594 milites
1361 3555 1467 3594 non
1492 3541 1682 3609 pauci:
1713 3545 1912 3609 acqui-

344 3635 464 3686 dem
546 3629 1060 3684 commcntarienses
1121 3628 1326 3682 tabulas
1381 3630 1559 3684 ferunt
1602 3645 1668 3685 ac
1707 3635 1908 3702 stylns;

339 3733 572 3792 quorum
606 3722 742 3774 alter
776 3734 992 3774 manmn
1023 3735 1055 3775 e
1089 3735 1214 3775 cera
1240 3720 1500 3788 edncens,
1530 3723 1738 3782 intense
1772 3724 1916 3793 aspi-

341 3813 490 3867 citiu
522 3819 786 3865 astantem
811 3808 1016 3879 judicio
1066 3810 1352 3877 virginem,
1414 3821 1576 3867 totam
1627 3811 1917 3868 deflectens

346 3905 565 3966 faciem,
609 3913 861 3969 tanquatn
886 3901 1073 3970 jnbeat
1101 3902 1245 3972 loqui
1273 3903 1492 3969 clarius,
1521 3912 1576 3956 ut
1601 3919 1667 3958 ne
1704 3905 1918 3959 dillicile

343 3997 589 4056 audiens,
613 3992 875 4047 mendosa
909 3993 1132 4058 scribat,
1171 4010 1235 4048 ac
1269 3995 1424 4063 digna
1470 3999 1910 4064 reprehensimie.

344 4087 695 4140 Astatantem
734 4085 885 4154 virgo
937 4084 1077 4154 pulla
1145 4096 1316 4151 veste,
1368 4103 1431 4142 ac
1462 4089 1621 4158 pallio
1673 4091 1913 4158 philoso-

344 4177 525 4246 phiam
563 4173 830 4244 professa;
868 4183 926 4228 ut
954 4175 1168 4244 quidem
1187 4179 1394 4245 putavit
1419 4182 1611 4247 pictor,
1643 4181 1755 4249 ipso
1776 4196 1912 4250 quo-

345 4283 451 4337 que
486 4267 633 4322 vultu
665 4267 874 4336 lepida;
905 4275 962 4320 ut
999 4275 1179 4322 autem
1233 4269 1346 4336 ipse
1393 4272 1668 4336 existimo,
1701 4275 1914 4343 egregie

340 4369 536 4414 ornato
567 4359 853 4415 virtutibus
883 4359 1086 4414 animo.
1121 4360 1330 4416 Ducunt
1381 4374 1561 4418 autem
1622 4367 1687 4419 ad
1724 4367 1913 4433 prmsi-

342 4455 462 4507 dem
495 4454 600 4507 duo
632 4453 868 4517 milites;
894 4451 1032 4506 alter
1058 4452 1277 4521 quidem
1309 4467 1433 4509 ante
1485 4458 1702 4511 trahens
1729 4475 1744 4524 ;
1777 4458 1911 4512 alter
1939 4482 1957 4497 κ

341 4559 471 4598 vero
502 4559 530 4596 a
563 4556 713 4614 tergo
747 4559 964 4614 urgens.
1009 4542 1180 4598 Porro
1217 4545 1439 4613 virginis
1470 4547 1682 4601 habitus
1708 4547 1912 4617 pudore

2091 3265 2324 3336 Ὑψηλος
2353 3265 2444 3316 ἐπὶ
2490 3264 2679 3334 θρόνου
2711 3263 3029 3333 καθίδρυται
3067 3263 3347 3334 δικαστὴς,
3393 3263 3598 3334 πικρὸν

2015 3356 2109 3409 καὶ
2152 3355 2415 3425 δυσμενὲς
2453 3354 2660 3423 βλέπων
2707 3354 2786 3416 εἰς
2823 3353 2922 3423 τήν
2992 3352 3256 3423 παρθένον
3297 3354 3596 3424 (ὀργίζεται

2013 3447 2143 3517 γὰρ,
2169 3447 2245 3499 ὅτ’
2280 3447 2345 3500 ἂν
2385 3445 2564 3517 ἐθέλῃ,
2595 3446 2697 3498 κάν
2722 3447 2842 3508 ταῖς
2873 3444 3100 3513 ἀψύχοις
3129 3443 3286 3508 ὕλαις
3315 3446 3347 3515 ἡ
3379 3445 3588 3518 τέχνη).

2013 3538 2308 3610 Δορυφόροι
2337 3536 2392 3588 δὲ
2417 3536 2514 3605 τῆς
2546 3535 2719 3605 ἀρχῆς
2769 3533 2864 3586 καὶ
2911 3532 3239 3600 στρατιῶται
3273 3534 3476 3587 πολλοί·
3537 3537 3590 3589 οἱ

2019 3630 2136 3699 μὲν,
2171 3627 2279 3680 τῶν
2329 3626 2734 3696 ὑπομνημάτων
2791 3625 3201 3696 ὑπογραφείσας
3251 3624 3469 3689 δέλτους
3499 3625 3593 3694 φέ-

2017 3736 2202 3790 ροντες
2257 3717 2353 3770 καὶ
2410 3716 2699 3787 γραφίδας·
2737 3733 2813 3769 ων
2853 3716 3078 3788 θάτερος
3116 3717 3428 3788 ἀναρτήσας
3484 3719 3594 3772 άπὸ

2013 3811 2106 3864 τοῦ
2151 3809 2323 3880 κηροῦ
2372 3809 2469 3880 τὴν
2517 3811 2693 3880 χεῖρα,
2739 3807 2923 3878 βλέπει
2956 3809 3090 3879 πρὸς
3127 3809 3226 3879 τὴν
3267 3808 3595 3880 κρινομένην

2015 3903 2278 3974 σφοδρῶς,
2315 3902 2434 3954 ὅλον
2460 3900 2712 3964 ἐκκλίνας
2737 3900 2800 3952 τὸ
2824 3900 3133 3971 πρόσωπον,
3159 3899 3346 3968 ῶσπερ
3377 3899 3594 3952 κελευό-

2017 4011 2172 4064 μενος
2205 3995 2342 4064 αὐτῇ
2378 3992 2740 4062 γεγωνότερον
2769 3992 2968 4056 λαλεῖν,
3003 3993 3087 4044 ἵνα
3110 3991 3183 4062 μὴ
3210 3992 3432 4063 κάμνων
3463 3994 3592 4063 περὶ

2012 4086 2108 4157 τὴν
2139 4085 2327 4155 ἀκοὴν,
2360 4083 2671 4154 ἐσφαλμένα
2700 4085 2884 4154 γράφη
2913 4085 3005 4136 καὶ
3038 4083 3360 4153 ἐπιλήψιμα.
3385 4084 3590 4155 Ἔστη-

2013 4196 2075 4232 κε
2105 4179 2161 4231 δὲ
2219 4179 2251 4248 ή
2309 4176 2574 4246 παρθένος
2607 4178 2664 4228 ἐν
2703 4177 2845 4246 φαιῷ
2880 4177 3085 4246 χιτῶνι,
3127 4177 3220 4229 καὶ
3251 4175 3449 4246 ίματίῳ
3492 4177 3592 4246 τὴν

2013 4269 2326 4338 φιλοσοφίαν
2355 4266 2714 4336 σημαίνουσαο
2732 4266 2806 4330 ὼς
2835 4267 2933 4337 μὲν
2966 4267 3119 4334 ,ἔδοξε
3154 4266 3229 4336 τῷ
3249 4269 3468 4336 γραφεῖ,
3498 4267 3594 4320 καὶ

2011 4362 2107 4432 τὴν
2130 4360 2250 4429 ὄψιν
2279 4359 2487 4411 ἀστείω
2531 4358 2606 4422 ὡς
2629 4359 2687 4412 δὲ
2729 4359 2853 4430 ἐμοὶ
2878 4359 3044 4424 δοκεῖ,
3074 4359 3171 4430 τὴν
3197 4360 3374 4430 ψυχὴν
3395 4361 3595 4414 κεκαλ-

2011 4452 2329 4521 λωπισμένη
2359 4454 2478 4514 ταῖς
2499 4452 2740 4522 ἀρεταῖς.
2787 4452 3014 4518 Ἀγουσι
3039 4451 3094 4504 δὲ
3137 4453 3305 4523 αὐτὴν
3335 4453 3471 4524 πρὸς
3499 4453 3592 4506 τὸν

2014 4546 2252 4615 ἄρχοντα
2281 4543 2374 4596 δύο
2415 4543 2761 4613 στρατιῶται,
2794 4545 2822 4595 ὁ
2849 4543 2948 4613 μὲν
2970 4543 3143 4597 ἕλκων
3174 4546 3266 4597 ἐπὶ
3300 4544 3362 4597 τὸ
3380 4545 3589 4615 πρόσω,

341 4648 406 4688 ac
432 4636 736 4688 constantia
800 4635 997 4688 mistus
1050 4635 1239 4690 enitet.
1294 4636 1517 4689 Inclinat
1580 4639 1814 4704 quidem,
1845 4653 1907 4692 ac

2015 4636 2038 4687 ὁ
2065 4634 2122 4687 δέ
2151 4633 2379 4687 κατόπιν
2412 4633 2664 4700 ἐπείγων.
2718 4634 3068 4704 Κεκραμένον
3106 4634 3201 4704 τῆς
3230 4634 3496 4705 παρθένου
3528 4635 3592 4688 τὸ

338 4735 538 4776 cernua
590 4721 776 4776 oculos
837 4722 1074 4776 demittit
1131 4732 1384 4792 tanquam
1439 4729 1676 4779 virorum
1710 4729 1906 4781 erube-

2013 4720 2143 4795 ἦθος
2169 4723 2305 4777 αἰδοῖ
2359 4723 2452 4776 καὶ
2509 4723 2847 4794 στερρότητι.
2882 4722 3046 4776 Νεύει
3081 4725 3178 4796 μὲν
3209 4726 3317 4795 γὰρ
3351 4727 3427 4790 είς
3461 4724 3588 4796 γῆν,

405 4833 546 4915 ".S.
579 4832 807 4915 ¹ἰδίειν-εἶμι.
839 4829 1002 4915 εἶχεν.
1029 4905 1041 4915 _
1081 4835 1126 4867 ⁸⁸
1165 4836 1221 4894 S.
1256 4839 1474 4910 Nicepb.
1508 4843 1786 4914 ἀκήρατον
1817 4844 1909 4914 Θεέ

2035 4843 2082 4875 ⁸⁸
2117 4844 2207 4898 Sic
2236 4858 2450 4913 quoque
2510 4853 2662 4896 vetus
2731 4843 3039 4910 interpres;
3109 4852 3328 4912 praastat
3359 4846 3584 4915 κοινήν,

335 4904 474 4973 quod
501 4913 552 4958 et
579 4904 636 4956 ὃ.
671 4903 921 4974 Νίςοριιᾘ
957 4905 1136 4960 habet.

402 5017 515 5082 (Si)
557 5016 660 5086 Qui
695 5016 816 5086 olim
845 5018 1126 5086 plurimum
1159 5019 1432 5086 dign'tutis
1471 5019 1688 5084 pictura:
1727 5019 1902 5071 conci-

331 5086 550 5158 li‘m'unt,
580 5085 647 5138 Οἳ
671 5085 785 5158 τὴν
810 5085 1109 5156 γραφικὴν
1136 5085 1290 5155 ἦραν
1309 5090 1394 5153 εις
1415 5086 1586 5158 μέγα.
1621 5086 1712 5141 Sic
1739 5089 1898 5140 etiam

333 5155 464 5208 alter
501 5159 692 5222 interp.
731 5157 864 5210 Male
902 5155 1076 5210 autem
1107 5155 1442 5220 Anastasius,
1479 5155 1660 5226 legens
1686 5158 1894 5226 Ἥραν,

329 5227 418 5293 qui
444 5226 785 5292 sculptibilem
810 5226 1091 5291 lunonem,
1115 5239 1240 5291 etc.,
1270 5228 1399 5280 nihil
1435 5239 1580 5282 certe
1612 5226 1895 5281 barbarqu

331 5300 503 5362 magis
561 5312 623 5350 ac
667 5298 920 5361 ineptum.
975 5298 1111 5361 Quid
1162 5300 1303 5350 enim
1354 5297 1439 5351 hic
1488 5299 1554 5349 ad
1589 5295 1900 5350 lunonem?

329 5361 534 5426 Quidve
573 5367 884 5431 sculptibilfs
944 5366 1084 5420 Juno
1137 5367 1192 5420 in
1245 5368 1654 5434 magnitudinem
1705 5378 1896 5430 erecta,

328 5446 414 5487 etc
464 5436 635 5501 Quam
661 5447 804 5489 esset
823 5453 854 5490 e
883 5453 936 5489 re
963 5437 1291 5500 Christiana,
1325 5447 1382 5487 nt
1406 5437 1691 5505 purissima
1714 5437 1901 5492 eree

329 5516 508 5556 vetera
551 5507 797 5568 concilia,
835 5507 1024 5559 tierent
1047 5519 1102 5560 et
1133 5505 1359 5558 Latine?

400 5575 511 5642 (51)
549 5574 708 5628 "and
757 5577 937 5640 procul
988 5577 1196 5640 templo,
1251 5575 1518 5641 πλησίον
1563 5575 1668 5628 τοῦ
1713 5575 1894 5642 ἱεροῦ.

333 5640 553 5715 videtur
579 5646 900 5700 Anastasius
948 5647 1138 5712 legisse
1187 5640 1450 5715 ίερατείου
1475 5663 1488 5676 ο
1521 5662 1640 5715 cum
1673 5647 1741 5699 ita
1762 5640 1896 5715 :red-

331 5712 408 5766 dit
443 5729 455 5765 :
485 5713 651 5767 Juxta
692 5715 980 5768 sacrarium
1027 5717 1174 5768 theca
1223 5712 1541 5769 constructa.
1589 5713 1712 5770 Fuit
1753 5713 1895 5771 forte

2009 5019 2313 5093 sepulcrum
2359 5019 2466 5093 hoc
2520 5019 2578 5072 ἐν
2619 5020 2696 5090 τῷ
2731 5023 2968 5093 προνάῳ,
3025 5039 3088 5078 ac
3139 5026 3394 5080 nartbece
3443 5028 3586 5082 Alla-

2005 5091 2172 5152 tiano,
2202 5089 2282 5164 vel
2301 5091 2461 5164 etiam
2487 5099 2639 5164 extra
2663 5089 2880 5146 otnnino
2897 5089 3207 5164 ecclesiam,
3229 5097 3372 5164 quod
3397 5095 3584 5152 Graeca

2002 5169 2214 5234 sonant,
2245 5159 2386 5212 haud
2419 5170 2593 5212 tamen
2623 5158 2782 5231 longe
2813 5164 2888 5232 ab.
2908 5163 3015 5227 illa,
3055 5158 3200 5216 velut
3227 5158 3275 5218 in
3313 5169 3574 5234 peculiari

2001 5227 2218 5304 sat-ello,
2260 5243 2325 5304 ac
2377 5234 2656 5304 martyrio,
2683 5227 2835 5304 quod
2881 5229 3094 5304 vocant.
3154 5227 3326 5289 Alter'
3353 5237 3580 5304 interpr.

2001 5299 2219 5351 Omittit.
2253 5297 2405 5362 Quod
2438 5297 2638 5351 (lteram
2669 5297 3006 5366 Anastasius,
3034 5318 3097 5356 ac
3125 5319 3308 5358 vocem
3337 5297 3580 5361 Cra-cam

2005 5369 2273 5440 retineat,“
2309 5382 2406 5440 nec
2440 5367 2768 5440 Latina_ulla
2801 5372 3055 5436 explicet,
3101 5388 3198 5426 suo
3231 5391 3380 5428 more
3429 5377 3576 5440 facit,

1998 5453 2104 5504 quo
2139 5436 2510 5508 βαρϐαρίζειν,
2533 5454 2596 5492 ac
2624 5438 2812 5494 Latine
2838 5442 3076 5496 Graecari
3114 5445 3396 5498 reddendis
3425 5436 3581 5499 ϐπ*ωέ

1997 5508 2075 5560 cis
2113 5517 2279 5582 amat,
2313 5509 2385 5582 uti
2435 5511 2684 5582 maxime
2715 5513 2765 5564 in
2821 5511 3150 5579 Theophane
3190 5525 3354 5582 patet.
3416 5514 3579 5571 Nobis

1996 5587 2078 5629 est
2118 5578 2847 5656 conditorium{sepulcrum
2901 5578 3165 5653 amplum,
3190 5578 3377 5656 lapide
3423 5595 3575 5641 stru-

1996 5657 2164 5709 ctum,
2199 5647 2249 5700 in
2269 5662 2374 5717 quo
2397 5652 2429 5718 ἡ
2460 5647 2616 5721 κλίνη
2649 5649 2872 5706 locatur.
