3856 6274
219 360 332 415 537

1153 351 1444 411 HOMILIA
1485 351 1603 409 XII.
1656 349 1725 407 IN
1776 348 2063 408 LAUDEM
2108 350 2165 407 S.
2210 348 2570 407 STEPHANI.

3379 346 3485 408 ωδ

219 474 419 545 ῶσπερ
442 471 754 546 ἐρυθριῶσα
781 470 882 537 τὰς
903 471 1056 543 ὄψεις
1089 470 1198 526 τῶν
1229 473 1499 545 ἀρρένων·
1529 471 1729 541 ἔστηκε
1754 468 1813 521 δέ

1931 483 2073 526 tcens
2101 471 2359 537 obtutus;
2395 478 2505 525 stat
2536 482 2665 523 vero
2695 467 3079 536 imperterrita,
3112 467 3245 521 nihil
3277 467 3330 521 in
3355 482 3474 523 cer-

218 564 674 636 ἀκατάπληκτος,
706 563 860 618 οὐδὲν
891 564 1173 634 πάσχουσα
1207 564 1344 636 πρὸς
1376 564 1469 619 τὸν
1495 561 1683 632 ἀγῶνα
1707 561 1815 614 δει-

218 653 316 706 λόν
352 653 422 684 ⁸⁸·
453 651 529 715 ὼς
572 651 752 721 ἔγωγε
797 652 931 723 τοὺς,
952 652 1144 717 ἄλλους
1169 652 1308 717 τέως
1339 651 1573 723 ἐπῄνουν
1599 648 1815 720 ζωγρά-

221 760 381 811 φους.
415 743 496 797 ὅτ’
554 743 622 797 ἂν
669 743 981 815 ἐθεασάμην
1028 746 1128 815 τῆς
1158 743 1418 812 γυναικὸς
1446 742 1661 813 ἐκείνης
1714 740 1815 810 τῆς

222 834 490 904 Κολχίδος
515 834 578 887 rb
604 834 825 905 δρᾶμαι
842 836 991 899 ὅπως
1022 835 1290 905 μέλλουσα
1315 836 1429 898 τοῖς
1455 835 1666 897 τέκνοις
1691 835 1815 887 ἐπι·

224 925 420 997 φέρειν
469 925 531 979 rb
580 924 753 994 ξίφος,
801 925 936 997 ἐλέῳ
987 926 1080 980 καὶ
1123 924 1279 997 θυμῷ
1316 925 1527 996 μερίζει
1555 925 1617 979 rb
1645 926 1816 998 πρόσ-

223 1035 399 1083 ωπον,
448 1018 545 1071 καὶ
593 1018 835 1090 θάτερος’
869 1019 967 1089 μὲν
1015 1017 1126 1073 τῶν
1157 1017 1451 1089 ὀφθαλμῶν
1490 1018 1589 1090 τὴν
1645 1019 1817 1091 ὀργὴν

225 1109 545 1180 ἐμφανίζει,
570 1108 795 1182 θάτερος
818 1109 876 1163 δὲ
895 1110 995 1181 τὴν
1018 1108 1230 1181 μητέρα
1259 1109 1472 1181 μηνύει,
1496 1110 1816 1181 φειδομένην

224 1202 324 1254 καὶ
374 1200 729 1271 φρίττουσαψ
764 1200 861 1255 νῦν
897 1202 953 1255 δὲ
978 1200 1039 1254 τὸ
1073 1200 1278 1271 θαῦμα,
1313 1202 1408 1255 ἀπ’
1448 1201 1665 1272 ἐκείνης
1718 1202 1817 1272 τῆς

225 1289 444 1353 ἐννοίας
497 1289 634 1362 πρὸς
667 1288 870 1360 ταύτην
905 1288 1262 1360 μετατέθεικα
1292 1291 1391 1361 τὴν
1420 1291 1659 1361 γραφήν.
1707 1292 1818 1345 Καὶ

226 1379 444 1451 σφόδρα
471 1396 534 1448 γε
582 1380 791 1450 ἄγαμαι
819 1377 916 1431 τοῦ
964 1379 1228 1448 τεχνίτου,
1261 1378 1341 1432 ὃτι
1388 1377 1585 1449 μᾶλλον
1635 1378 1819 1449 ἔμιξεν

225 1473 339 1526 τῶν
367 1472 701 1543 χρωμάτων,
739 1472 801 1526 rb
840 1467 992 1543 ἦθος,
1021 1470 1157 1525 αίδώ
1179 1488 1239 1524 τε
1270 1469 1404 1542 ὁμοῦ
1436 1470 1531 1525 καὶ
1567 1470 1818 1543 ἀνδρείαν

228 1566 505 1635 κεράσας,
541 1563 689 1634 πάθη
707 1563 847 1617 κατά
865 1561 1025 1632 φύσιν
1056 1562 1360 1632 μαχόμενα.

301 1653 715 1725 Προϐαινούσης
776 1652 833 1707 δὲ
886 1654 967 1715 είς
1009 1652 1073 1706 rb
1113 1655 1299 1723 πρόσω
1357 1652 1456 1723 τῆς
1511 1653 1815 1723 μιμήσεως,

225 1744 421 1815 δήμιοί
447 1762 591 1808 τινες
615 1745 673 1797 ἐν
689 1744 1030 1814 χιτωνίσκοις
1063 1743 1280 1813 γυμνοὶ,
1302 1742 1403 1813 ήδη
1433 1741 1640 1813 εἴχοντο
1664 1743 1709 1774 ⁸⁸
1724 1741 1816 1797 τοῦ

228 1836 420 1908 ἔργου·
448 1837 544 1890 καὶ
579 1838 609 1890 6
631 1836 732 1907 μὲν
765 1835 1099 1907 δραξάμενος
1143 1834 1244 1905 τῆς
1273 1834 1536 1906 κεφαλῆς,
1568 1834 1664 1888 καὶ
1688 1833 1820 1887 ἁνα-

229 1930 425 1993 κλίνας
449 1930 529 1992 είς
550 1928 613 1982 rb
655 1928 907 1997 κατόπιν,
962 1930 1195 1999 παρεῖχε
1232 1927 1310 1999 τῷ
1352 1926 1526 1998 ἑτέρῳ
1564 1926 1823 1998 εὐτρεπὲς

227 2024 314 2084 εἷς
350 2019 626 2092 τιμωρίαν
654 2023 754 2091 τῆς
787 2019 1056 2090 παρθένου
1089 2018 1150 2070 rb
1168 2018 1477 2089 πρόσωπον·
1508 2020 1536 2071 6
1567 2018 1622 2070 δὲ
1647 2034 1825 2088 παρα-

230 2109 367 2172 στὰς
430 2108 693 2174 ἐξέκοπτε
743 2108 853 2162 τῶν
922 2108 1172 2162 ὀδόντων.
1212 2105 1401 2178 Σφῦρα
1446 2106 1504 2160 δὲ
1552 2106 1646 2159 καὶ
1672 2107 1824 2177 τέρε-

227 2216 366 2272 τρον
395 2199 648 2268 φαίνεται
687 2200 789 2271 τῆς
818 2198 1088 2271 τιμωρίας
1117 2198 1187 2251 τὰ
1225 2196 1450 2268 ὄργανα.
1487 2195 1717 2266 Δακρύω
1766 2195 1823 2249 δὲ

229 2289 297 2343 rb
324 2289 599 2354 ἐντεῦθεν,
643 2289 739 2344 καί
772 2307 862 2360 μοι
897 2288 959 2342 rb
997 2287 1167 2352 πάθος
1220 2286 1508 2340 ἐπικόπτει
1542 2285 1820 2355 τὸνλόγον.

231 2377 355 2441 Τὰς
380 2378 492 2456 γάρ
525 2376 619 2431 τοῦ
646 2378 877 2449 αἵματος
904 2376 1169 2447 σταγόνας
1211 2374 1385 2439 οὕτως
1436 2374 1685 2447 ἐναργῶς
1714 2376 1815 2429 ἐπ-

234 2465 485 2536 έχρωσεν
514 2465 544 2519 6
563 2465 810 2536 γραφεὺς
837 2465 903 2531 ⁸⁷,
926 2464 1066 2519 ῶστε
1086 2465 1260 2528 εῐποις
1285 2464 1352 2519 ἂν
1380 2464 1699 2536 προχεῖσθαι
1717 2464 1826 2520 τῶν

232 2552 466 2625 χειλέων
492 2552 729 2626 ἀληθῶς,
780 2553 876 2608 καὶ
909 2553 1185 2626 θρηνήσας
1215 2553 1494 2618 ἀπέλθοις.
1533 2557 1825 2628 Δεσμωτή-

234 2660 357 2717 ριον
381 2644 523 2715 μετὰ
547 2643 743 2708 ταῦτα,
767 2646 862 2698 καὶ
883 2643 1045 2698 πάλιν
1075 2646 1110 2716 ὴ
1142 2644 1411 2716 παρθένος
1445 2646 1618 2718 σεμνὴ
1641 2648 1699 2700 ἐν
1714 2648 1826 2710 τοῖς

232 2738 423 2806 φαιοῖς
479 2736 718 2806 ἱματίοις
762 2734 998 2805 κάθηται
1036 2736 1193 2806 μόνη,
1230 2736 1547 2790 ἐκτείνουσα
1571 2735 1648 2789 τὼ
1682 2740 1827 2809 χεῖρε

233 2827 380 2899 πρὸς
403 2824 653 2897 οὐρανὸν,
683 2826 777 2881 καὶ⁵
805 2825 1046 2879 καλοῦσα
1082 2825 1217 2879 Θεὸν
1263 2826 1557 2896 ἐπίκουρον
1580 2824 1689 2879 τῶν
1716 2826 1826 2879 δει-

232 2915 371 2972 νῶν.
405 2913 695 2987 Εύχομένῃ
739 2914 799 2967 δὲ
853 2913 1024 2985 ταύτῃ
1058 2913 1105 2945 ⁸⁸
1130 2913 1377 2984 φαίνεται
1417 2914 1557 2985 ὑπὲρ
1586 2915 1828 2987 κεφαλῆς

231 3010 301 3065 rb
358 3009 607 3078 σημεῖον,
654 3006 685 3059 ὃ
736 3006 800 3077 δὴ
838 3007 1186 3078 Χριπιανοῖς
1228 3005 1649 3077 προσκυνεῖσθαι
1692 3007 1737 3041 ⁸⁸
1769 3024 1829 3061 τε

234 3099 460 3167 πέφυκε
489 3098 583 3152 καὶ
626 3096 1047 3169 ἐπιγράφεσθαι,
1082 3096 1370 3167 σύμϐολον,
1405 3094 1581 3169 οἶμαι,
1610 3078 1703 3152 τού
1727 3099 1830 3153 πά-

235 3190 390 3256 θους,
426 3190 562 3262 ὅπερ
610 3188 779 3260 αὐτὴν
832 3186 1127 3260 ἐξεδέχετο.
1182 3188 1359 3253 Εὐθὺς
1392 3189 1522 3258 γοῦν
1569 3192 1662 3245 καὶ
1709 3193 1826 3262 μετ’

233 3282 442 3350 ὀλίγον,
495 3280 608 3351 πῦρ
638 3279 872 3351 ἀλλαχοῦ
932 3278 1159 3350 σφοδρὸν
1207 3281 1235 3333 6
1274 3280 1559 3351 ζωγράφος
1599 3282 1823 3352 ἀνῆψεν,

236 3371 462 3445 ἐρυθρῷ
522 3370 798 3444 χρώματι,
849 3370 1000 3426 ἐνθεν
1050 3372 1147 3424 καὶ
1200 3370 1352 3424 ἔνθεν
1409 3371 1824 3443 ἐπιλαμφθέντι,

238 3464 704 3536 σωματοποιήσας
731 3462 832 3534 τὴν
860 3462 1053 3532 φλόγα.
1094 3462 1307 3532 ’Ἱστησι
1345 3462 1403 3516 δέ
1428 3462 1606 3534 μέσην
1635 3462 1824 3535 αὐτὴν,

234 3557 342 3621 τὰς
375 3555 478 3627 μὲν
518 3557 709 3626 χεῖρας
758 3556 893 3626 πρὸς
945 3553 1173 3626 οὐρανὸν
1219 3553 1618 3619 διαπλώσασαν,
1660 3554 1828 3627 ἀχθη-

236 3650 371 3703 δόνα
403 3649 451 3702 δ’
504 3647 765 3724 οὐδεμίαν
820 3647 1186 3720 ἐπιφέρουσαν
1214 3646 1291 3718 τῷ
1339 3645 1638 3718 προσώπῳ·
1701 3647 1836 3702 ἀλλά

236 3740 557 3795 τούναντίον
610 3737 927 3811 γεηθυῖαν,
969 3739 1052 3793 ὅτι
1103 3738 1240 3810 πρὸς
1269 3738 1369 3809 τὴν
1409 3737 1700 3809 ἀσώματον
1741 3740 1836 3793 καὶ

242 3828 532 3902 μακαρίαν
569 3828 819 3899 ἐξεδήμει
853 3826 1021 3900 ζωήν.
1057 3827 1239 3898 Μέχρι
1273 3827 1467 3881 τούτου
1515 3828 1609 3882 καὶ
1649 3829 1678 3881 6
1727 3830 1835 3894 ζω-

238 3921 461 3991 γράφος
496 3919 691 3989 ἔστησε
710 3917 809 3990 τὴν
841 3920 1023 3990 χεῖρα,
1060 3916 1217 3987 κάγὼ
1256 3918 1350 3971 τὸν
1375 3918 1555 3987 λόγον.
1597 3920 1740 3991 ’Ὠρα
1775 3920 1834 3974 δέ

1918 563 2120 619 tamine
2181 562 2428 617 timidum
2477 561 2703 631 patiens.
2767 558 3127 627 Quamobrem
3181 574 3304 613 cum
3353 558 3485 617 alios

1918 653 2183 709 hactenus
2209 654 2465 722 pictores,
2499 651 2763 707 Colchica:
2789 650 2933 706 illius
2968 651 3210 706 mulieris
3253 649 3486 706 fabulam

1918 743 2219 808 contuitus,
2256 743 2553 805 laudarem,
2578 751 2636 797 ut
2666 742 2899 811 gladium
2925 741 3049 798 ﬂliis
3071 744 3348 806 adactura,
3388 742 3487 796 mi-

1919 833 2217 889 sericordia
2242 848 2307 887 ac
2336 832 2414 887 ira
2444 832 2709 887 divideret
2750 832 2984 901 faciem;
3022 847 3087 887 ac
3112 832 3248 889 alter
3274 833 3487 902 quidem

1919 926 2109 983 oculus
2138 926 2272 980 iram
2307 927 2650 993 ostenderet,
2678 925 2815 979 alter
2832 934 3059 980 matrem
3088 935 3398 996 parcentem
3427 939 3492 977 ac

1921 1016 2132 1079 facinus
2186 1016 2523 1085 horrentem,
2582 1017 2890 1088 designaret
2919 1035 2932 1072 :
2968 1031 3111 1072 nunc
3137 1016 3295 1086 plane
3336 1016 3400 1070 ab
3427 1029 3489 1068 ea

1922 1109 2273 1179 cogitatione,
2310 1109 2376 1164 ad
2410 1109 2551 1164 hanc
2584 1109 2873 1179 picturam,
2918 1109 3332 1165 admirationem
3357 1122 3490 1162 con-

1921 1201 2095 1255 verti:
2139 1200 2442 1269 mirumque
2473 1201 2525 1253 in
2583 1199 2801 1255 modum
2865 1198 3106 1270 opiﬁcem
3142 1198 3400 1264 admiror,
3434 1206 3494 1251 ut

1925 1291 2233 1346 accuratius
2258 1305 2438 1358 mores
2469 1305 2631 1360 quam
2685 1291 2899 1347 colores
2957 1292 3208 1355 miscens,
3233 1291 3491 1360 pudorem

1922 1380 2083 1433 simul
2109 1395 2172 1434 ac
2202 1380 2595 1447 fortitudinem,
2625 1381 2940 1437 aﬂ‘ectiones
2992 1383 3175 1452 utique
3207 1399 3301 1451 per
3330 1391 3491 1435 natu-

1926 1484 2040 1523 ram
2076 1471 2405 1538 contrarias,
2436 1470 2695 1543 praeclare
2735 1471 3067 1539 temperarit.
3233 1478 3239 1484 '

2001 1640 2241 1699 Ulterius
2278 1654 2456 1699 autem
2491 1644 2816 1714 procedente
2854 1644 3172 1706 imitatione,
3213 1640 3495 1696 carnifices

1928 1736 2145 1806 quidam
2172 1737 2224 1790 in
2262 1736 2467 1793 levibus
2513 1737 2639 1791 nudi
2697 1737 2917 1803 tunicis,
2956 1736 3104 1805 operi
3145 1734 3251 1805 iam
3277 1735 3494 1789 insiste-

1854 1815 1894 1869 Β
1926 1826 2090 1892 bant;
2126 1840 2190 1880 ac
2215 1826 2353 1882 alter
2384 1827 2599 1896 quidem
2630 1829 3039 1897 apprehendens
3094 1840 3278 1897 caput,
3308 1842 3373 1882 ac
3412 1842 3497 1881 rc-

1927 1926 2007 1969 tro
2042 1913 2346 1981 inﬂectens,
2370 1916 2527 1972 alteri
2551 1934 2612 1973 os
2649 1919 2871 1988 virginis
2897 1917 3165 1988 prmltebat
3186 1919 3494 1988 expeditum

1925 2005 1989 2058 ad
2020 2020 2231 2076 poenam
2256 2022 2273 2073 ;
2301 2007 2437 2061 alter
2463 2020 2641 2063 autem
2675 2019 2878 2076 astans,
2933 2010 3126 2065 dentes
3170 2009 3493 2065 excutiebat.

1924 2096 2096 2152 Porro
2123 2098 2367 2168 supplicii
2394 2114 2619 2169 organa,
2655 2100 2879 2155 malleus
2912 2100 3184 2165 videatur,
3240 2109 3296 2154 et
3349 2107 3495 2154 tere-

1925 2189 2042 2245 bra.
2080 2188 2346 2245 Caeterum
2379 2191 2616 2245 resolvor
2665 2191 2922 2257 deinceps
2976 2192 3030 2247 in
3077 2191 3364 2262 lacrymas,
3397 2191 3498 2245 mi—

1926 2280 2089 2349 hique
2117 2277 2632 2337 aﬂ‘ectioiutercidit
2662 2295 2989 2338 sermonem.
3050 2280 3142 2337 Sic
3187 2281 3329 2336 enim
3373 2296 3499 2351 per-

1924 2370 2112 2441 spicue
2151 2379 2334 2442 guttas
2362 2373 2640 2443 sanguinis
2672 2374 2919 2444 appinxit
2953 2375 3261 2445 penicillus,
3284 2383 3342 2429 ut
3367 2389 3496 2429 vere

1925 2464 2073 2519 dicas
2106 2479 2136 2518 a
2168 2463 2325 2520 labiis
2347 2462 2535 2531 ﬂuere,
2565 2479 2630 2521 ac
2667 2466 2972 2522 lamentans
3005 2467 3272 2522 discedas.
3300 2466 3495 2520 lterum

1926 2569 2135 2621 carcer,
2168 2560 2365 2612 lterum
2399 2566 2549 2613 casta
2583 2557 2734 2628 virgo
2770 2558 2824 2612 in
2853 2557 3013 2627 pullis
3048 2558 3282 2612 vestibus
3304 2556 3499 2613 sedens

1926 2644 2060 2713 sola,
2089 2661 2286 2701 manus
2318 2648 2505 2704 ambas
2531 2647 2772 2707 extendit
2797 2648 2851 2703 in
2873 2648 3094 2713 ctelum,
3139 2648 3413 2715 Deumque
3440 2646 3495 2702 in

1927 2736 2086 2792 malis
2114 2737 2417 2809 adiutorem
2448 2740 2684 2796 invocat.
2715 2738 2888 2796 Porro
2930 2742 3107 2796 oranti
3154 2741 3227 2796 illi
3252 2750 3498 2811 apparet,

1927 2841 2091 2897 super
2118 2828 2236 2897 ejus
2260 2838 2442 2898 caput,
2467 2830 2678 2900 signum
2709 2829 2839 2886 illud
2871 2830 3013 2898 quod
3046 2829 3340 2885 Christiani
3402 2828 3503 2883 ad-

1929 2933 2088 2974 orare
2119 2934 2183 2976 ae
2209 2920 2501 2990 appingere
2530 2919 2771 2975 solemne
2827 2920 3050 2985 habent,
3073 2931 3310 2992 putoque
3338 2935 3503 2992 appe-

1931 3010 2094 3066 tentis
2120 3011 2388 3081 passionis
2415 3010 2739 3081 symbolum.
2774 3011 2896 3067 Mox
2932 3026 3062 3082 ergo
3112 3027 3177 3068 ac
3229 3023 3349 3082 post
3380 3026 3500 3066 ιιιοο

1931 3102 2134 3167 dicam,
2186 3102 2362 3173 ignem
2422 3101 2656 3157 validum
2716 3102 2833 3158 loco
2887 3102 2993 3157 alio
3024 3104 3269 3159 accendit
3304 3105 3500 3174 pictor,

1933 3195 2057 3249 hinc
2088 3193 2214 3249 inde
2252 3193 2495 3250 rutilanti
2554 3193 2767 3249 rubrica
2820 3196 3162 3252 condensans
3202 3195 3497 3251 ﬂammam.

1917 3285 2137 3343 .Statuit
2179 3300 2307 3342 vero
2371 3285 2634 3357 virginem
2674 3286 2927 3353 mediam,
2983 3287 3237 3356 expansis
3281 3286 3502 3358 quidem

1932 3377 2182 3432 manibus
2212 3377 2267 3433 in
2291 3378 2510 3445 ctelum,
2544 3376 2746 3434 nullam
2800 3388 2981 3433 tamen
3016 3377 3166 3433 vultu
3210 3377 3506 3448 praeferen-

1934 3473 2040 3521 tem
2074 3466 2375 3531 tristitiam,
2400 3466 2494 3523 sed
2533 3466 2709 3537 magis
2732 3467 3079 3537 gaudentem,
3117 3468 3195 3523 uti
3226 3469 3293 3523 ad
3323 3468 3505 3524 incor-

1933 3571 2152 3625 poream
2182 3570 2247 3611 ac
2270 3556 2483 3612 beatam
2514 3557 2961 3629 commigrantem
2991 3559 3179 3614 vitam.
3230 3555 3505 3614 Hactenus

1933 3661 2052 3700 cum
2079 3645 2254 3715 pictor
2277 3661 2495 3700 manum
2535 3646 2702 3701 tenuit
2728 3687 2742 3712 ,
2804 3656 2914 3702 tum
2970 3661 3070 3716 ego
3099 3661 3402 3703 sermonem
3439 3663 3505 3702 ac

1933 3736 2186 3807 linguam.
2240 3736 2505 3793 Caeterum
2540 3748 2750 3807 tempus
2797 3737 2892 3792 tibi
2926 3748 3032 3805 est,
3055 3747 3115 3793 ut
3144 3747 3199 3793 et
3230 3739 3425 3809 ipsam,
3457 3738 3505 3793 si

1933 3826 2086 3897 velis,
2114 3828 2379 3897 picturam
2407 3827 2658 3884 absolvas
2682 3826 2832 3899 (55);
2865 3842 2971 3897 quo
3002 3828 3160 3898 plene
3183 3826 3502 3897 perspicias,

1936 3934 2059 3973 unm
2084 3918 2241 3989 longe
2273 3919 2507 3990 impares
2546 3920 2865 3974 enarranda;
2900 3918 3183 3975 fuerimus.

242 4031 328 4068 σοι
354 4013 453 4066 καὶ
486 4011 680 4083 αὐτὴν,
704 4014 754 4065 εί
789 4010 988 4083 βούλει,
1015 4012 1234 4079 τελέσαι
1258 4013 1359 4085 τὴν
1388 4014 1607 4086 γραφὴν
1630 4016 1698 4082 ⁷ο,
1733 4016 1819 4070 ῐνα
1857 4016 2080 4090 κατίδῃς
2107 4016 2368 4089 ἀκριϐῶς,
2407 4016 2458 4069 εί
2482 4016 2559 4086 μὴ
2589 4014 2723 4069 πολὺ
2753 4014 2982 4069 κατόπιν
3030 4015 3130 4084 τῆς
3193 4015 3517 4088 ἐξηγήσεως.

241 4105 508 4178 ἤλθομεν.

993 4199 1058 4252 lB

253 4287 591 4361 Ἐγκώμιον
644 4287 732 4354 εις
779 4285 889 4341 τὸν
946 4239 1118 4356 ἅγιον·
1171 4287 1636 4359 πρωτομάρτυρα
1696 4289 1834 4343 Στέ-

934 4374 1150 4427 spur-or.

327 4450 423 4512 Ὦς
467 4447 611 4520 ίερδς
652 4447 868 4519 ἀληθῶς
920 4449 1015 4502 καὶ
1062 4448 1229 4513 καλὸς
1282 4448 1392 4503 τῶν
1436 4448 1832 4521 εὐφραινόντων

2673 4196 2789 4252 XII.

2112 4287 2375 4345 Laudatio
2409 4290 2582 4344 sancti
2609 4286 3007 4357 protomartyris
3041 4283 3317 4352 Stephani.

1936 4462 1937 4465 η
2011 4447 2183 4512 Quam
2215 4459 2341 4501 vere
2364 4460 2536 4509 sacer,
2567 4444 2988 4513 praeclarasque,
3014 4454 3195 4497 rerum
3226 4455 3327 4496 nos
3349 4440 3509 4496 exhi-

254 4543 412 4614 ημᾶς
440 4543 784 4618 πραγμάτων
804 4546 833 4599 6
850 4543 1079 4607 κύκλοςί
1125 4541 1318 4614 Ἐορτὴ
1344 4541 1454 4614 γὰρ
1480 4542 1578 4614 τὴν
1596 4541 1826 4612 διαδέχε-

1945 4536 2233 4594 lavantium
2277 4536 2512 4591 circulus
2548 4537 2562 4590 ι
2597 4535 2789 4609 Festus
2840 4548 3077 4604 namque
3147 4534 3264 4589 dies
3313 4532 3511 4589 festum

323 4680 465 4754 σεε.
520 4678 967 4754 Νξεεριιηδεινάν.
1004 4683 1237 4754 “Edita
1268 4692 1322 4736 et
1349 4681 1408 4737 s.
1461 4681 1684 4749 Niceph-
1715 4682 1824 4754 ἣρχ

1931 4698 1987 4754 a._
2044 4680 2280 4754 “'“Qdit.
2321 4678 2636 4754 ζωγράφος.
2699 4678 2745 4710 ⁸⁸
2875 4675 3098 4754 Niceph.
3124 4631 3434 4748 εὐχομένηέ
3450 4673 3512 4730 δὲ

250 4749 449 4821 αὐτῆς.

321 4931 438 5000 (5'5)
478 4930 678 5000 Ipsum,
730 4931 777 4983 si
824 4928 971 5000 velis,
1017 4925 1599 5000 picturam_ubsolvus,
1634 4924 1830 5000 αὐτὴν

248 4996 518 5056 meum
549 4998 667 5066 τὴν
714 4998 969 5069 γραφήν.
1027 4996 1158 5066 Reg.
1214 4996 1381 5052 codex
1405 5037 1421 5060 ,
1468 4997 1606 5069 αὐτῇ
1659 4996 1828 5051 πελά-

250 5089 346 5126 aut
384 5073 453 5142 τῇ
500 5068 727 5140 γραφῇ,
764 5081 820 5122 ιιι
867 5069 1370 5142 adgarpicturaut,
1432 5068 1645 5142 visurus
1701 5082 1829 5142 num

251 5135 561 5196 sermonem
625 5135 879 5209 superet.
910 5136 1086 5209 Legit
1117 5208 1123 5209 γ
1149 5135 1407 5209 Tarasius
1464 5135 1676 5209 τελέσαι
1733 5137 1832 5209 τὴν

248 5213 508 5282 γραφήν·
533 5225 655 5265 cum
681 5205 748 5263 iis
771 5208 972 5282 verbis,
993 5205 1073 5282 _a:it
1105 5206 1220 5261 ﬂeri
1249 5205 1555 5282 facultatem
1582 5205 1833 5282 ιιίιικοιιίιί

255 5275 559 5353 martyrum
615 5280 951 5353 certamina._
977 5275 1192 5353 _Verum
1235 5276 1422 5353 potius
1477 5275 1852 5353 ζιίογραφήνρ

254 5346 417 5415 dicit,
459 5365 582 5419 qua:
619 5357 702 5403 est
748 5349 799 5403 in
842 5347 1058 5411 verbis;
1112 5346 1381 5419 signillcat
1405 5347 1572 5419 enim,
1619 5346 1699 5419 se_
1725 5362 1838 5419 rem

259 5422 436 5474 minus
462 5416 794 5484 assecutum,
832 5434 933 5473 nec
970 5416 1345 5486 totum,'quod
1382 5416 1578 5472 tabella
1616 5416 1839 5486 exhibeo

259 5491 369 5557 bat,
399 5502 657 5544 sermone
685 5490 1045 5559 expressisse,
1079 5489 1155 5542 uti
1185 5485 1323 5541 bene
1344 5485 1840 5559 advertitAloauues

259 5554 544 5632 presbyter
584 5554 818 5632 vicarius
863 5554 1287 5632 apost0licarutu
1330 5554 1836 5632 setlium_0riett_t_is_.

259 5623 380 5683 cum
420 5623 592 5684 infert
618 5648 631 5681 :
659 5629 824 5681 Ὥστε
863 5623 1063 5698 μείζων
1099 5628 1133 5696 ή
1159 5623 1338 5698 *εἰκῶν
1373 5624 1478 5698 τοῦ.
1508 5624 1839 5698 λόγουηΚαὶ

261 5698 415 5752 τοῦτο
453 5698 588 5771 ἢεοῦ
625 5692 1068 5771 προνοίᾳγέγονε
1094 5692 1185 5750 δίἀ
1212 5694 1338 5758 τοὺς
1380 5692 1594 5771 ἰδιώτας
1626 5692 1836 5763 ἀνθρὼ-

265 5786 434 5834 πουςο
474 5766 864 5838 ΙιαᾳιιεήιιιῙυτ
904 5779 976 5822 est
1006 5768 1199 5837 imago,
1239 5780 1398 5841 quam
1440 5766 1607 5819 oratio
1640 5778 1655 5814 :
1686 5774 1839 5831 atque

542 4752 586 4783 "
655 4749 716 4806 S.
762 4752 986 4823 Niceph.
1021 4753 1186 4824 νόμος
1214 4753 1409 4824 Χριστ.
1438 4749 1768 4824 προσκυνεῖν
1793 4749 1826 4804 ’τ

1931 4750 2010 4805 αί.
2083 4749 2131 4783 ’⁸
2159 4750 2294 4820 Reg.
2323 4749 2459 4820 αὐτῇ
2480 4749 2709 4804 πελάσαι
2742 4750 2810 4819 τῇ
2843 4749 3052 4820 γραφῇ.

1935 4930 2032 4983 hoc
2056 4927 2155 4982 Dei
2180 4923 2504 4997 providentia
2524 4923 2723 4997 factum
2757 4934 2855 4988 est,
2892 4933 3103 4997 propter
3128 4923 3324 4990 idiotas
3343 4923 3515 4977 homi-

1939 5014 2048 5060 nes,
2088 4994 2402 5069 praémntius
2451 5008 2539 5049 res
2567 4994 2854 5069 eglribente
2883 4995 3120 5069 pictura,
3146 5007 3307 5062 quam
3334 5007 3515 5047 sermo

1936 5061 2240 5135 exhibeat,
2280 5082 2375 5135 ac
2404 5077 2586 5135 motus
2630 5061 2796 5135 animi
2843 5061 3115 5135 emcaeius
3166 5061 3511 5135 provocante.

1940 5131 2231 5192 Pulchrum
2255 5134 2383 5189 illud
2404 5131 2671 5188 Theodori
2694 5134 2928 5201 episcOpi
2946 5132 3163 5186 Catane:
3190 5133 3241 5201 iu
3258 5139 3530 5201 iurostrum

1942 5207 2211 5261 Asterium
2248 5223 2262 5259 :
2304 5206 2365 5275 Ϊυ
2420 5203 2691 5275 μακάριος
2728 5198 2829 5275 ’καὶ
2880 5198 3139 5275 θεοφόρος
3197 5198 3515 5275 magna)“

1955 5275 2250 5346 Ἀστέριος,
2290 5274 2369 5346 ὡς
2406 5269 2590 5344 ἀστὴρ
2620 5270 2867 5346 φαεινὸς,
2921 5269 3141 5346 πάντων
3176 5339 3187 5346 _
3210 5269 3518 5346 ἡμῶν-τάς

1945 5337 2172 5418 καρδίας
2201 5337 2580 5418 κατηύγασενξ
2612 5337 2806 5418 Rectus
2845 5356 2907 5393 ac
2926 5340 3114 5418 _dcifer
3152 5337 3336 5393 doctor
3366 5337 3518 5418 Aste-

1946 5410 2079 5480 riu's,
2111 5417 2245 5469 sicut
2272 5410 2422 5470 stella
2449 5412 2764 5474 clarissima,
2798 5411 3031 5463 omnium
3074 5418 3309 5461 nostrum
3354 5410 3517 5461 corda

1945 5487 2261 5549 illustravit;
2300 5485 2522 5555 ejusque
2569 5480 2754 5555 pietati
2804 5487 3122 5555 argumento
3153 5488 3257 5542 est,
3297 5492 3425 5547 qua,
3450 5492 3519 5530 ex

1949 5559 2204 5627 martyris
2234 5548 2599 5627 illa'pietura',
2627 5550 2883 5627 _a_ﬂ'ectnm
2918 5564 2977 5627 se
3017 5548 3219 5627 indicat
3257 5561 3520 5616 compun-

1908 5616 2140 5691 ὀιίοιιῖι,
2171 5627 2244 5681 uti
2277 5634 2331 5682 et
2357 5616 2589 5693 Gregor.
2625 5621 2894 5692 Nysseuus
2927 5620 2978 5673 in
3015 5616 3102 5673 illa
3127 5616 3275 5673 Isaac
3296 5627 3523 5688 paterna

1947 5711 2105 5752 manu
2139 5693 2469 5753 immolandi.
