3824 6270
345 363 450 423 339

1628 363 1685 421 S.
1725 362 2000 421 ASTERII
2036 364 2341 423 AMASENI

3487 361 3598 417 360

349 483 495 539 diem
535 481 756 550 excipit,
796 478 1054 537 solemnis
1086 476 1379 534 celebritas
1435 476 1733 534 solemnem
1759 495 1921 536 oecu-

2037 499 2113 537 rat
2138 481 2350 553 ἑορτὴν,
2374 481 2468 535 καὶ
2499 480 2806 551 πανήγυρις
2833 477 3242 549 καταλαμϐάνει
3268 478 3596 550 πανήγυριν·

346 582 444 645 pat
464 571 862 630 celebritatem.
897 570 1068 627 Porro
1101 583 1357 626 vocamur
1415 570 1486 625 ab
1541 570 1661 627 aliis
1718 573 1786 627 ad
1812 573 1919 628 alia

348 673 511 730 vota;
549 663 867 733 hominique
897 660 1130 717 natalem
1185 659 1328 715 diem
1379 663 1520 717 servi
1587 664 1761 719 honor
1790 679 1923 720 con-

346 754 536 810 tinuus
569 754 788 823 premit.
814 751 987 808 Porro
1019 762 1222 819 autem,
1253 753 1368 808 sive
1398 753 1519 823 quis
1551 753 1603 807 in
1649 753 1791 810 illius
1829 769 1924 808 na-

350 846 622 901 tivitatem
654 844 954 915 coniecerit
987 846 1193 910 oculos,
1228 845 1319 916 qui
1371 845 1485 900 heri
1541 860 1704 902 carne
1745 845 1923 903 editus

351 947 460 1005 est,
524 952 647 992 cum
702 937 929 992 Deitatis
989 937 1199 992 ratione
1249 939 1478 991 exsistat
1528 951 1760 1006 semper,
1809 937 1925 993 sive

353 1029 601 1082 etiamin
635 1030 951 1100 martyrium
1005 1027 1157 1091 illud,
1210 1028 1353 1096 quod
1386 1028 1636 1097 generosi
1688 1028 1924 1095 pectoris

356 1118 593 1173 famulus
623 1119 784 1174 hodie
837 1119 1079 1189 pertulit,
1130 1120 1299 1173 multa
1332 1122 1571 1189 quidem,
1608 1120 1925 1189 diversaque

355 1210 618 1274 inveniet,
648 1209 829 1264 omnia
862 1218 1038 1262 tamen
1070 1224 1134 1264 eo
1166 1218 1372 1264 tantum
1425 1209 1753 1281 spectantia,
1783 1219 1842 1263 ut
1871 1219 1926 1264 et

353 1315 454 1357 nos
495 1302 749 1371 pietatem
782 1300 1073 1355 discamus.
1114 1299 1242 1355 lleri
1293 1315 1447 1366 sane,
1483 1311 1796 1356 recurrente
1831 1315 1927 1370 per

353 1392 481 1448 anni
528 1394 788 1448 circulum
848 1403 1126 1462 consueta,
1158 1409 1225 1450 ac
1285 1394 1598 1465 quotannis
1630 1395 1714 1465 agi
1746 1394 1925 1460 solita,

356 1483 676 1552 festivitate,
720 1485 1053 1541 Salvatoreni
1120 1486 1305 1540 mundi
1368 1495 1553 1540 natum
1583 1501 1701 1541 esse
1732 1485 1926 1541 didici.

356 1593 516 1638 mus;
550 1593 614 1633 ac
642 1579 823 1633 carnis
851 1589 1153 1647 expertem,
1189 1594 1352 1634 carne
1369 1579 1624 1634 amictum
1667 1594 1808 1644 esse,
1842 1579 1927 1632 itt-

354 1683 806 1739 corporeumqne,
844 1669 1081 1725 induisse
1109 1684 1307 1740 corpus
1336 1688 1352 1724 :
1397 1680 1508 1724 tum
1567 1670 1728 1724 etiam
1757 1669 1927 1725 nostri

356 1774 520 1815 causa
545 1760 853 1830 suscepisse
885 1760 1187 1829 passiones,
1218 1771 1380 1829 atque
1418 1762 1467 1814 in
1523 1761 1670 1828 ligno
1724 1760 1929 1814 exalta-

361 1860 472 1906 tum
503 1866 663 1919 esse;
702 1852 843 1906 nulla
872 1852 976 1907 alia
1015 1854 1082 1907 de
1115 1866 1297 1915 causa,
1338 1866 1499 1920 quam
1533 1862 1589 1905 ut
1617 1861 1817 1906 nostra:
1840 1867 1930 1906 sa-

359 1942 456 1996 luti
488 1942 812 1997 consuleret.
855 1941 1023 1997 llodie
1054 1956 1182 1997 vero
1231 1951 1510 1997 strenuum
1546 1943 1777 2013 pugilem
1807 1960 1929 1999 cer-

358 2033 542 2086 nimus
564 2047 662 2101 pro
689 2031 782 2086 illo
812 2031 1077 2101 lapidibus
1105 2032 1381 2097 obrutum,
1429 2043 1485 2086 ut
1528 2033 1809 2101 sanguine,
1840 2034 1930 2089 de-

363 2123 503 2179 bitas
536 2140 633 2193 pro
660 2123 921 2192 sanguine
951 2133 1131 2193 grates
1166 2123 1500 2193 rependeret.

433 2215 741 2283 Stephanus
772 2215 974 2284 itaque,
1023 2214 1130 2269 laeti
1182 2215 1342 2283 Itujus
1366 2225 1662 2270 conventus
1691 2225 1929 2282 coactor,

364 2321 480 2375 ipse
513 2322 611 2363 nos
636 2307 703 2361 ad
734 2305 1014 2375 praesentis
1040 2306 1205 2377 hujus
1238 2306 1432 2360 Izetitia:
1454 2308 1770 2362 convocavit
1788 2322 1933 2362 com-

365 2397 589 2462 mercia,
619 2397 913 2465 allexitque
941 2414 957 2463 ;
992 2398 1110 2467 ipse
1135 2398 1431 2463 civitatem,
1496 2400 1549 2453 in
1582 2415 1740 2454 unam
1793 2401 1935 2463 velut

332 2488 703 2554 concionem,
752 2489 1057 2543 universam
1110 2492 1483 2559 congregavit,
1518 2505 1583 2545 ac
1632 2492 1929 2562 compulit:

364 2581 445 2634 vir
487 2581 743 2650 primitiae
767 2590 1091 2649 tnartyrum,
1115 2579 1358 2635 laborum
1391 2597 1487 2650 pro
1527 2581 1744 2640 Christo
1777 2585 1934 2639 insti-

365 2680 510 2725 tutor
532 2687 595 2724 ac
631 2673 840 2737 doctor,
871 2674 1021 2727 bona:
1066 2673 1282 2741 crepido
1311 2674 1690 2740 confessionis,
1723 2691 1786 2730 ac
1823 2676 1936 2744 pri-

366 2778 451 2817 ma
488 2762 657 2817 initia.
696 2764 838 2819 Ante
859 2764 1192 2835 Stephanum
1217 2767 1436 2834 quippe,
1459 2781 1616 2822 nemo
1638 2781 1735 2836 pro
1757 2767 1935 2822 Evan-

360 2851 503 2924 gelio
535 2854 847 2924 sanguinem
871 2854 1099 2909 fuderat.
1130 2856 1589 2922 Quemadmodum
1621 2867 1799 2912 autem
1830 2860 1937 2913 fra-

363 2946 557 3001 tricida
603 2946 692 3001 ille
737 2947 890 3013 Cain,
947 2955 1009 3024 ut
1053 2962 1141 3002 me
1191 2947 1391 3019 Moysis
1424 2949 1581 3004 docet
1613 2950 1835 3004 historia
1862 2951 1930 3016 ⁷⁸,

363 3034 659 3091 fraternam
720 3036 1053 3106 perpetravit
1106 3040 1305 3094 caedem
1352 3056 1367 3094 :
1413 3038 1667 3095 fraternas
1731 3041 1935 3095 enima

363 3135 552 3181 natura
601 3128 852 3183 amicitia:
881 3129 1018 3193 loco,
1043 3129 1439 3185 contentionem
1460 3130 1743 3199 diramque
1777 3148 1941 3186 aemu-
1964 3154 2006 3210 ο

364 3218 616 3272 lationem
659 3232 963 3283 assumens,
991 3218 1197 3288 primus
1213 3219 1504 3274 homicidio
1522 3228 1720 3275 terram
1757 3219 1933 3277 fmda-

360 3310 439 3364 vit
495 3327 511 3364 :
569 3310 644 3364 ita
695 3311 860 3364 etiam
922 3321 1001 3365 ter
1069 3312 1255 3365 beatus
1303 3310 1629 3380 Stephanus,
1689 3312 1791 3382 piis
1837 3327 1934 3383 pro

363 3399 628 3469 religione
655 3400 1042 3455 certaminibus
1072 3400 1192 3456 fuso
1245 3401 1451 3471 primus
1501 3403 1788 3473 sanguine,
1827 3414 1936 3459 ter-

364 3505 481 3545 ram
544 3491 926 3546 sanctificavit.
968 3489 1065 3545 Vir
1091 3493 1309 3561 quidem
1375 3495 1631 3564 apostolis
1693 3505 1936 3565 tempore

365 3581 657 3651 posterior,
689 3593 746 3636 at
775 3582 1050 3652 praeclaris
1081 3583 1410 3640 facinoribus
1456 3587 1604 3654 prior
1634 3586 1767 3654 (54).
1828 3586 1937 3644 Nec

366 3685 579 3725 mecum
607 3670 765 3725 velim
810 3670 1124 3741 indigneris,
1154 3670 1335 3738 Petre,
1386 3673 1677 3730 molesteve
1710 3677 1934 3742 habeas,

364 3759 599 3827 Jacobe',
630 3761 713 3815 vel
743 3776 886 3831 trgrc
927 3761 1091 3829 feras,
1119 3762 1380 3830 Joannes,
1430 3764 1476 3820 si
1528 3766 1721 3821 nedum
1744 3756 1934 3838 parem

365 3861 550 3906 vestro
576 3852 793 3907 virtutis
828 3854 1008 3908 studio
1033 3853 1207 3909 virum
1238 3865 1511 3923 statuam,
1562 3871 1748 3912 verum
1771 3859 1935 3913 etiam

367 3942 543 4012 majus
598 3942 798 4010 aliquid
830 3944 904 3999 'ei
959 3943 1197 4001 tribuere
1245 3948 1467 4003 videar:
1528 3947 1638 4005 imo
1683 3950 1933 4020 gaudete,

365 4035 596 4105 latoque
646 4049 708 4091 ac
767 4034 923 4089 hilari
985 4036 1133 4091 vultu
1190 4038 1448 4108 excipite.
1499 4038 1706 4110 Quippe
1754 4051 1936 4112 patres

364 4128 521 4192 estis,
547 4142 683 4198 quos
707 4127 887 4182 nullus
913 4128 1128 4185 invidiae
1181 4129 1319 4184 livor
1368 4131 1700 4197 exstimulet,
1735 4135 1936 4202 quique

364 4218 537 4286 magis
570 4220 843 4288 praeclaris
866 4220 1094 4274 filiorum
1121 4222 1451 4277 facinoribus
1482 4223 1852 4291 adgaudeatis,
1871 4241 1937 4281 ac

366 4313 563 4393 quibus
599 4314 790 4382 volupe
853 4314 985 4368 sita
1022 4315 1149 4368 filiis
1181 4314 1381 4367 virtute
1399 4315 1602 4383 prmiri.
1640 4314 1851 4370 Etenim
1886 4317 1932 4371 si

365 4404 494 4474 quid
527 4404 676 4469 boni,
708 4405 1064 4474 praeclarique
1094 4414 1300 4474 gestum
1328 4413 1412 4459 est
1435 4420 1464 4457 a
1492 4403 1784 4475 Stephano,
1806 4406 1935 4462 illud

2023 571 2336 643 καλούμεθα
2376 571 2433 624 δὲ
2457 570 2566 625 ἀπὸ
2594 570 2759 641 εὐχῆς
2787 571 2867 634 εἰς
2896 569 3083 640 εὐχὴν,
3111 570 3204 622 καὶ
3233 568 3327 622 τοῦ
3385 570 3598 641 Κυρίου

2022 663 2091 717 τὰ
2123 662 2425 733 Θεοφάνεια
2451 661 2857 732 καταλαμϐάνει
2891 662 2925 731 ἡ
2952 646 3047 713 τού
3068 659 3253 713 δούλου
3284 660 3439 731 τιμή.
3476 660 3601 714 Κάν

2022 773 2081 810 τε
2114 756 2172 809 δὲ
2205 756 2339 826 πρὸς
2375 756 2474 825 τὴν
2498 752 2751 825 γέννησίν
2775 770 2857 817 τις
2888 752 3080 823 ἀπείδῃ
3105 752 3198 805 τοῦ
3226 752 3352 823 χθὲς
3373 751 3599 823 τεχθέν-

2021 862 2115 909 τος
2139 844 2225 897 διὰ
2254 844 2475 917 σαρκὸς,
2512 844 2607 896 καὶ
2634 843 2719 896 ἀελ⁵
2740 842 2891 906 ὄντος
2918 841 3059 896 κατὰ
3094 843 3191 912 τὴν
3214 841 3459 910 θεότητα·
3492 842 3599 897 κᾶν

2022 952 2085 988 τε
2121 935 2257 1006 πρὸς
2282 935 2343 987 τὸ
2388 933 2597 987 ἐκείνου
2634 932 2952 1005 μαρτύριον,
2982 933 3122 1003 ὅπερ
3146 932 3382 1002 σήμερον
3404 934 3432 985 6
3471 948 3601 1000 γεν-

2025 1032 2170 1090 ναίος
2203 1028 2411 1097 ὑπέστη
2444 1026 2716 1098 Θεράπων·
2749 1024 2919 1078 πολλά
2960 1023 3058 1095 μὲν
3087 1025 3308 1096 εὑρήσει
3357 1025 3451 1078 καὶ
3477 1041 3602 1077 ποι-

2026 1120 2150 1174 κίλα
2178 1119 2246 1173 τά
2294 1118 2613 1190 πράγματα,
2644 1118 2739 1172 ἕνα
2768 1117 2824 1170 δὲ
2852 1116 3073 1180 σκοπὸν,
3114 1116 3203 1170 ἴνα
3235 1118 3395 1187 ἡμεῖς
3449 1116 3601 1169 διδα-

1992 1224 1995 1225 ⁷
2026 1211 2242 1284 χθῶμεν
2272 1212 2371 1282 τὴν
2418 1210 2718 1263 εὐσέϐειαν.
2754 1209 2896 1272 Χθὲς
2936 1209 3031 1280 μὲν
3087 1225 3179 1261 ουν
3208 1207 3481 1279 ἐμάθομεν
3506 1206 3600 1261 διὰ

2026 1304 2125 1374 τῆς
2152 1302 2439 1372 ἐγκυκλίου
2468 1302 2562 1356 καὶ
2600 1301 2861 1372 συνήθους
2891 1301 3105 1371 ἑορτῆς,
3137 1301 3218 1353 ὃτι
3264 1299 3525 1372 ἐγεννήθη
3567 1301 3600 1352 6

2027 1395 2120 1449 τοῦ
2177 1394 2379 1466 κόσμου
2410 1394 2619 1464 Σωτὴρ,
2667 1394 2760 1447 καλ⁵
2812 1393 2841 1444 6
2891 1392 3126 1463 ἄσαρκος
3156 1392 3256 1464 τὴν
3282 1392 3600 1463 ἡμφιάσατο

2030 1487 2227 1557 σάρκα,
2275 1485 2369 1538 καὶ
2406 1488 2434 1539 6
2468 1483 2754 1555 ἀσώματος
2788 1483 3075 1538 ἐνεδύσατο
3128 1482 3307 1555 σῶμα·
3355 1479 3471 1537 εἷτα
3511 1484 3601 1537 ὅτι

2030 1578 2123 1630 καὶ
2157 1577 2294 1648 ὑπὲρ
2323 1575 2479 1647 ἡμῶν
2508 1573 2830 1639 κατεδέξατο
2859 1574 3026 1644 πάθη,
3060 1574 3154 1627 καὶ
3175 1573 3361 1646 ὑψώθη
3389 1575 3481 1628 ἐπὶ
3502 1573 3601 1627 τοῦ

2032 1667 2208 1734 ξύλου,
2233 1668 2332 1739 οὐχ
2366 1666 2504 1738 ὑπὲρ
2526 1666 2684 1720 ἀλλου
2704 1666 2869 1731 τινὸς,
2903 1667 2937 1737 ἢ
2964 1667 3106 1738 ὑπὲρ
3158 1665 3432 1738 ἡμετέρας
3466 1682 3604 1737 προ-

2030 1760 2197 1824 νοίας.
2222 1760 2468 1833 Σήμερον
2505 1759 2561 1812 δὲ
2585 1758 2850 1830 βλέπομεν
2882 1759 2970 1812 τὸν
2999 1760 3240 1827 γενναῖον
3297 1756 3603 1829 ἀγωνιστήν

2033 1851 2175 1923 ὑπὲρ
2208 1852 2416 1904 ἐκείνου
2458 1849 2936 1921 καταλιθούμενον,
2984 1850 3071 1903 ἵνα
3115 1848 3307 1920 αἵματι
3363 1847 3607 1921 ἀποτίσῃ

2030 1943 2128 2014 τὴν
2162 1942 2301 2013 ὑπὲρ
2328 1941 2560 2013 αἵματος
2579 1940 2757 2014 χάριν.

2103 2208 2371 2279 Στέφανος
2399 2202 2513 2273 οὖν,
2549 2207 2579 2259 6
2606 2206 2703 2276 τῆς
2734 2202 3095 2275 πανηγύρεως
3125 2202 3330 2273 ταύτης
3360 2218 3608 2270 συναγω-

2032 2301 2183 2370 γεὺς,
2204 2301 2233 2354 6
2257 2298 2491 2362 καλέσας
2522 2298 2671 2369 ἡμᾶς
2698 2297 2789 2350 ἐπὶ
2811 2296 2910 2367 τὴν
2938 2294 3221 2365 ὁρωμένην
3244 2293 3603 2365 εὐφροσύνην,

2033 2394 2062 2447 6
2099 2391 2504 2464 δημαγωγήσας
2533 2391 2608 2454 ὼς
2623 2390 2752 2460 μίαν
2776 2387 2875 2459 τὴν
2888 2387 3061 2451 πόλιν,
3079 2387 3220 2459 ἀνὴρ
3250 2385 3474 2457 ἀπαρχὴ
3493 2383 3606 2439 τῶν

2039 2479 2717 2557 μαρτύρων,⁶διδάσκαλος
2760 2478 2865 2533 τῶν
2912 2478 3053 2549 ὑπὲρ
3109 2475 3344 2549 Χριστοῦ
3402 2475 3602 2535 πόνων,

2035 2575 2240 2648 κρηπὶς
2272 2574 2373 2644 τῆς
2412 2573 2583 2640 καλῆς
2602 2571 2908 2642 ὁμολογίας.
2940 2569 3055 2642 Πρὸ
3069 2568 3176 2639 γάρ
3201 2566 3469 2639 Στεφάνου
3519 2565 3607 2619 οὐ·

2033 2668 2143 2730 δεὶς
2174 2666 2314 2737 ὑπὲρ
2342 2665 2435 2719 τοῦ
2458 2663 2787 2735 Εύαγγελίου
2817 2661 3030 2732 ἐξέχεεν
3051 2656 3207 2732 αἷμα.
3250 2658 3390 2711 Ἀλλ’
3415 2656 3606 2729 ὥσπερ

2036 2759 2174 2811 Κάῖν
2204 2758 2423 2824 ,ἐκεῖνος
2458 2753 2884 2824 ὀάδελφοκτόνος
2916 2750 3121 2823 (καθώς
3160 2767 3227 2821 με
3279 2749 3519 2803 διδάσκει
3563 2751 3600 2818 ἡ

2034 2848 2128 2903 τοῦ
2152 2847 2427 2912 Μωῦσέως
2467 2846 2694 2918 ἱστορία)
2733 2846 2831 2917 τὴν
2862 2843 3272 2914 ἀδελφοκτονίαν
3311 2840 3607 2913 εἰργάσατο

2039 2938 2340 3011 (ἀναλαϐὼν
2360 2938 2467 3010 γὰρ
2482 2939 2602 2993 ἀντὶ
2624 2939 2719 3009 τῆς
2744 2937 2978 3007 φυσικῆς
3000 2936 3177 3005 φιλίας
3193 2933 3363 3006 ἔριδα,
3390 2932 3608 3005 πρῶτος

2036 3032 2181 3103 φόνῳ
2236 3032 2332 3103 τὴν
2404 3031 2506 3103 γῆν
2536 3029 2848 3098 ὲκαίνισεν)·
2907 3028 3081 3093 οὕτως
3131 3029 3225 3082 καὶ
3275 3026 3542 3094 Στέφανος
3576 3026 3609 3076 6

2038 3122 2433 3193 τρισμακάριος
2466 3122 2681 3192 πρῶτος
2704 3119 2781 3192 τῷ
2803 3119 2986 3190 οἰκείῳ
3030 3120 3222 3191 αἵματι
3244 3118 3345 3189 τὴν
3388 3115 3493 3187 γῆν
3517 3116 3609 3169 διά

2038 3215 2145 3269 τῶν
2178 3215 2412 3269 εὐσεϐῶν
2466 3213 2859 3286 ἀγωνισμάτων
2888 3213 3133 3283 ἡγίασεν,
3167 3211 3307 3284 ἀνὴρ
3340 3213 3453 3273 τοῖς
3476 3208 3608 3281 χρό-

2037 3323 2146 3370 νοις
2173 3306 2280 3359 τῶν
2306 3305 2615 3359 ἀποστόλων
2633 3303 2905 3375 δεύτερος,
2933 3305 3046 3366 τοῖς
3068 3301 3126 3356 δὲ
3153 3298 3609 3373 ἀνδραγαθήμασι

2039 3398 2274 3469 πρῶτος.
2304 3399 2413 3452 Καί
2439 3416 2529 3469 μοι
2553 3397 2627 3469 μὴ
2655 3397 3061 3470 ἀγανακτήσῃς,
3088 3394 3261 3465 Πέτρε
3281 3410 3295 3425 ·
3340 3391 3414 3463 μὴ
3446 3389 3609 3460 ἀχθε-

2039 3488 2191 3557 σθῇς,
2225 3487 2475 3541 Ἰάκωϐε·
2512 3485 2586 3558 μὴ
2612 3485 2961 3557 δυσχεράνῃς,
2991 3482 3231 3551 Ἰωάννη,
3263 3483 3310 3534 εί
3335 3480 3408 3552 μὴ
3445 3480 3608 3550 μόνον

2041 3578 2312 3650 συγκρίνω
2339 3580 2404 3649 τῆ
2422 3579 2469 3609 "
2500 3577 2739 3648 ὑμετέρα
2770 3575 3055 3646 φιλοσοφία
3077 3574 3169 3626 τὸν
3195 3571 3382 3641 ἄνδρα,
3414 3568 3527 3623 ἀλλ’
3558 3566 3612 3621 εἴ

2036 3688 2089 3723 τι
2127 3674 2219 3724 καὶ
2258 3671 2420 3725 πλέον
2453 3669 2600 3741 αύτῷ
2633 3670 2817 3740 νέμειν
2872 3667 3059 3720 ἐθέλω·
3103 3664 3300 3737 μᾶλλον
3346 3660 3631 3732 γάνυσθε,’

2038 3763 2133 3817 καὶ
2158 3764 2346 3835 ἡδέως·
2387 3762 2605 3832 ἄφθονοι
2640 3763 2746 3832 γάρ
2779 3763 2900 3813 ἐστε
2933 3760 3185 3830 πατέρες,
3221 3756 3314 3811 καὶ
3341 3757 3453 3817 τοῖς
3476 3769 3610 3806 κατ-

2038 3854 2317 3927 ορθώμασι
2344 3855 2452 3909 τῶν
2488 3854 2617 3907 υἱῶν
2644 3852 3031 3923 ὲπαγάλλεσθε,
3061 3852 3155 3906 καὶ
3180 3850 3349 3921 ἡδέως
3386 3845 3609 3903 νικᾶσθσ

2039 3948 2191 4018 παρά
2225 3947 2333 4001 τῶν
2364 3947 2570 4000 παίδων
2598 3948 2677 4010 εἰς
2724 3946 2945 4017 ἀρετήν.
2979 3945 3042 3998 Ei
3066 3943 3174 4015 γάρ
3220 3960 3273 3995 τι
3303 3939 3468 3996 καλὸν
3513 3940 3608 3994 καὶ

2042 4040 2186 4112 μέγα
2222 4038 2371 4110 παρά
2403 4038 2497 4092 τοῦ
2538 4039 2827 4108 Στεφάνου,
2860 4035 3018 4101 τοῦτο
3068 4035 3284 4098 πάντως
3320 4032 3606 4104 ὑμέτερον,

2039 4132 2339 4186 παιδευτῶν
2377 4132 2607 4195 ἐκείνου,
2644 4131 2737 4184 καὶ
2791 4127 3186 4200 μυσταγωγῶν.
3238 4128 3304 4179 Ἡ
3347 4126 3456 4197 γάρ
3495 4125 3611 4180 τῶν

2040 4223 2287 4293 ἀθλητῶν
2316 4222 2664 4293 εύδοκίμησις
2692 4220 2817 4285 δόξα
2850 4220 3058 4288 γίνεται
3091 4219 3184 4273 τοῦ
3236 4216 3607 4288 παιδοτρίϐου.

2038 4316 2146 4384 Διὸ,
2184 4315 2375 4387 μικρὸν
2399 4316 2543 4385 ὑμᾶς
2575 4314 3067 4385 παραιτησάμενος,
3090 4312 3200 4383 ἐρῶ
3232 4310 3369 4381 μετά
3398 4311 3612 4381 παρρη-

2040 4407 2160 4471 σίας
2185 4407 2220 4461 ἀ
2255 4425 2346 4478 μοι
2396 4407 2670 4478 δίδωσινὴ
2722 4405 2972 4469 ὑπόθεσις
3008 4407 3086 4470 εἰς
3124 4404 3449 4476 συνηγορίαν
3504 4402 3608 4477 ,τοῦ

364 4495 543 4565 ipsum
579 4496 835 4551 continuo
864 4506 1105 4551 vestrum
1143 4505 1249 4561 est,
1275 4495 1363 4563 qui
1407 4495 1555 4550 illum
1595 4497 1931 4563 instituistis,

2039 4498 2179 4553 κατά
2211 4497 2441 4568 Χριστὸν
2465 4497 2748 4569 ἀριστέως.

364 4603 429 4643 ac
451 4588 620 4642 sacris
659 4588 911 4642 initiastis
964 4588 1278 4658 disciplinis.
1336 4587 1723 4644 Commendata
1791 4606 2024 4660 namque
2064 4591 2388 4645 athletarum
2447 4592 2704 4660 probitas,
2761 4592 2812 4643 in
2881 4589 3142 4645 celebrem
3195 4588 3608 4658 palaestritarum

362 4683 589 4752 gloriam
646 4681 806 4739 cedit.
854 4679 1117 4747 Quocirca
1167 4681 1380 4738 avobis
1419 4682 1688 4753 paululum
1750 4683 1962 4737 veniam
2025 4695 2295 4752 precatus,
2365 4685 2552 4750 libere,
2609 4702 2729 4755 qua:
2775 4684 2903 4738 mihi
2958 4692 3332 4752 argumentum
3384 4682 3609 4752 pra-bet,

361 4779 467 4848 piis
495 4777 594 4832 viri
623 4777 828 4832 strenui
880 4776 1079 4830 Christi
1108 4791 1269 4830 causa
1305 4779 1708 4846 certaminibus,
1739 4780 2036 4849 patrocinio
2068 4780 2289 4837 effabor.

432 4869 723 4940 Discipulis
748 4868 868 4923 aliis
888 4869 1157 4936 antiquior
1173 4885 1254 4933 es,
1270 4883 1453 4925 sancte
1468 4871 1644 4937 Petre,
1659 4890 1744 4926 om
1754 4874 1931 4928 nium-

359 4978 467 5033 que
512 4963 738 5029 primus,
776 4960 957 5015 Iesum
1015 4960 1293 5015 Cbrismm
1340 4964 1690 5018 annuntiasti.
1739 4963 1929 5020 Verum

359 5068 487 5107 cum
523 5050 698 5106 adhuc
719 5048 1083 5119 evangelicum
1115 5050 1228 5115 ipse
1251 5065 1555 5104 sermonem
1584 5052 1927 5120 prmtlicares,

359 5156 537 5210 exque
571 5140 676 5193 alia
714 5139 765 5193 in
796 5139 957 5193 aliam
990 5138 1178 5193 urbem
1232 5140 1673 5209 protlciscereris,
1712 5144 1933 5211 provin-

2105 4832 2476 4946 ίῖρεσϐύτερος
2497 4870 2546 4926 εῐ
2566 4872 2673 4927 τῶν
2703 4871 2980 4944 μαθητῶν,
3012 4872 3135 4941 ἆγιε
3166 4870 3359 4943 Πέτρε,
3386 4871 3483 4927 καὶ
3504 4871 3613 4944 πρὸ

2035 4963 2252 5019 πάντων
2284 4965 2376 5017 τὸν
2421 4962 2628 5034 Ἰησοῦν
2672 4964 2905 5035 Χριστὸν
2961 4962 3359 5034 κατήγγειλας-
3398 4963 3520 5017 Ἔτι
3551 4963 3613 5018 δὲ

2036 5056 2128 5109 σού
2160 5057 2253 5110 τὸν
2277 5056 2433 5124 λόγον
2466 5055 2555 5109 τὸν
2586 5054 2940 5123 εύαγγελικὸν
2973 5054 3355 5125 κηρύττοντος,
3386 5054 3481 5109 καὶ
3515 5055 3615 5109 πό-

2034 5145 2117 5197 λιν
2150 5147 2215 5197 ὲκ
2247 5144 2454 5208 πόλεως
2484 5141 2777 5214 μετιόντος,
2821 5142 2913 5195 καὶ
2946 5139 3128 5213 χώραν
3153 5142 3217 5195 ὲκ
3241 5140 3424 5213 χώρας
3452 5139 3612 5211 ἀμεί-

430 5299 475 5375 ⁷ξ
530 5296 667 5354 Gen.
704 5313 779 5364 tv,
832 5298 866 5353 8
896 5313 1020 5369 sqq.
1096 5299 1142 5330 ⁷¹
1176 5298 1234 5353 S.
1271 5299 1435 5353 Andr.
1465 5298 1597 5353 Cotl.
1630 5298 1851 5369 ἀμεινον
1875 5317 1931 5371 κε

2037 5319 2112 5354 ντι
2356 5305 2452 5359 καὶ
2504 5304 2663 5358 πλέον
2689 5302 2858 5375 αύτῷ.

435 5372 551 5488 (:56)
601 5407 882 5488 Prwclafis
919 5411 1253 5488 'chinoribus
1285 5413 1450 5488 prior,
1476 5411 1698 5488 τοῖς-δὲ
1738 5411 1931 5488 ἀνδρα

2049 5372 2249 5488 verba",
2292 5417 2563 5488 τολμηρὸν
2602 5416 2713 5487 γὰρ
2754 5372 3098 5488 ἐπιπλεῖστον
3153 5412 3281 5484 περὶ
3325 5408 3611 5488 πρωτείων

364 5482 670 5550 marinam
695 5478 944 5548 πρῶτοςὶ
970 5480 1194 5534 Videtur
1215 5483 1344 5549 ipsis
1386 5482 1641 5549 apostolis
1666 5484 1943 5546 praelatum

369 5549 504 5620 velle
531 5549 865 5617 Stephanum
899 5567 913 5602 :
954 5566 1143 5605 verum
1179 5554 1461 5620 sequentia
1493 5566 1597 5604 non
1627 5550 1771 5603 aliud
1814 5566 1949 5614 pro-.

360 5616 531 5691 bant,
561 5616 733 5691 lanam
765 5619 1039 5691 nonnulla
1066 5620 1152 5673 illa
1187 5616 1540 5691 prz'erogativa
1578 5620 1695 5691 illis
1722 5620 1941 5688 praecel-

364 5686 501 5752 lcre,
539 5686 680 5760 quod
715 5690 989 5757 pt‘miverit
1030 5689 1081 5742 in
1116 5686 1587 5760 martyrii'paltua,
1621 5686 1937 5760 primusque

369 5756 732 5828 evangelicani
781 5759 1079 5814 doctrinam
1119 5756 1669 5835 sangt'iine'sanxcrit.
1708 5757 1813 5817 Nec
1848 5760 1932 5817 illa

2042 5482 2400 5555 ἁμιλλᾶσθαι’
2444 5482 2721 5559 πατράσι,
2765 5485 2905 5559 aliud
2952 5494 3072 5537 sunt
3102 5523 3119 5545 ,
3153 5482 3321 5559 quam
3370 5482 3610 5559 modeste

2040 5547 2385 5622 eicusantis,
2440 5567 2499 5611 ut
2547 5547 2611 5612 ne
2644 5547 2716 5610 int
2747 5555 2865 5609 aliis
2908 5568 3104 5620 magno
3151 5547 3311 5606 Petro
3357 5547 3609 5622 conferre

2042 5636 2352 5692 praesumat,
2394 5627 2471 5681 vel
2511 5642 2575 5680 eo
2608 5627 2864 5697 majorem
2897 5622 3229 5697 Stephanum
3271 5621 3490 5677 omnino
3522 5634 3613 5674 asa

2035 5705 2204 5752 serat.
2234 5698 2289 5753 ld
2320 5706 2466 5754 certe
2494 5693 2761 5753 incautum
2800 5711 2863 5752 ac
2891 5693 3257 5749 temerarium.
