3856 6274
201 338 305 395 '5“

1026 336 1033 339 ⁷
1105 341 1391 399 llOMlLlA
1432 342 1550 398 ΧΠ.
1599 340 1666 397 ΙΝ
1713 340 1998 401 LAUDEM
2041 343 2099 401 S.
2156 344 2516 402 STEPHANI.

3367 349 3474 406 342

206 455 422 519 σοντος,
460 460 554 512 καὶ
606 458 892 526 πονοῦντος
926 460 986 514 τὸ
1027 464 1310 535 κήρυγμα,
1349 457 1505 530 οὗτος
1547 462 1833 521 είσελθὼν⁴

1930 465 2156 534 :iamqne
2187 482 2249 521 ac
2278 469 2552 537 regionem
2602 484 2670 523 ex
2727 469 2943 538 regione
2968 484 3030 524 ac
3056 470 3331 539 provincia
3361 488 3477 526 tnu-

207 549 295 611 είς
317 548 381 602 τὸ
411 551 646 615 στάδιον,
679 553 773 605 καὶ
816 553 1073 624 ἁρπάσας
1125 556 1234 608 τῶν
1267 557 1663 628 ἀγωνισμάτων
1704 559 1795 612 τὸν

206 640 508 709 στέφανον,
547 642 820 713 μετελθὼν
881 646 961 710 είς
992 645 1085 699 τὸν
1118 646 1343 718 οὐρανὸν
1390 649 1671 720 ἐδοξάσθη-
1722 649 1801 703 ἔτι

218 730 310 783 τοῦ
346 731 481 802 περ)⁵
515 732 622 803 γῆν
649 735 1038 805 στρεφομένου·
1058 738 1153 791 καὶ
1185 738 1246 791 τὸ
1280 737 1483 809 μεῖζον,
1518 739 1682 793 αὐτοῦ
1710 739 1802 794 τοῦ

215 821 434 892 Πατρδς
469 822 564 875 καὶ
595 824 724 876 Υἱοῦ
744 824 1034 889 καλοῦντος
1052 826 1215 881 αὑτὸν
1243 826 1332 881 διὰ
1357 829 1458 900 τῆς
1486 828 1804 900 θαυμαστῆς

208 913 504 977 ὀπτασίας.
550 916 736 979 Οῦτως
792 917 889 988 μὲν
922 919 1016 972 καὶ
1058 920 1087 971 6
1126 919 1352 991 Πέτρος
1389 923 1480 974 καὶ
1528 923 1690 993 ἀρκεῖ
1737 924 1806 977 τὰ

210 1009 508 1078 είρημένα.
528 1008 811 1080 Τολμηρὸν
839 1010 948 1082 γὰρ
986 1012 1331 1067 ἐπιπλεῖστον
1358 1016 1486 1085 περὶ
1524 1016 1806 1086 πρωτείων

209 1099 552 1168 ἁμιλλᾶσθαι
585 1100 878 1171 πατράσιν.
910 1102 1138 1173 Ἷδωμεν
1166 1102 1222 1157 δὲ
1250 1103 1344 1157 καὶ
1372 1103 1440 1157 τὰ
1476 1104 1564 1167 σὰ,
1583 1105 1806 1159 Ἰάκωϐε

215 1189 418 1258 ἀδελφὲ
452 1189 546 1243 τοῦ
595 1186 861 1244 Ἰωάννου.
895 1192 1298 1263 Εὐαγγελιστὴς
1322 1190 1376 1247 εἴ
1396 1178 1490 1248 τᾶῦ
1547 1195 1806 1265 Χριστοῦ,

213 1278 445 1348 θήραμα
471 1279 722 1351 δεύτερον
765 1282 905 1352 μετὰ
948 1282 1170 1354 Πέτρον.
1201 1284 1313 1337 Καὶ
1336 1286 1418 1347 τίς
1453 1286 1552 1338 οὐκ
1574 1286 1640 1340 ἂν
1673 1289 1809 1355 ἀγα-

218 1369 379 1440 σθείη
417 1387 512 1423 σου
542 1371 644 1440 τῆς
671 1372 942 1438 πίστεως;
974 1374 1152 1427 Μόνον
1174 1375 1287 1447 γὰρ
1306 1376 1564 1448 ἐκλήθης,
1595 1379 1687 1431 καὶ
1705 1396 1810 1449 μη-

213 1462 309 1515 δὲν
346 1462 627 1533 μελλήσας
652 1465 988 1535 ὑπήκουσας.
1019 1467 1327 1531 Κατέλιπες
1354 1468 1492 1539 μετὰ
1545 1470 1645 1540 τῆς
1677 1489 1809 1543 πορ-

215 1553 415 1624 θμίδος
446 1556 541 1607 καὶ
576 1555 668 1607 τὸν
699 1550 919 1626 πατέρᾰ
940 1557 1030 1610 τὸν
1048 1558 1740 1631 Ζεϐεδαῖονοὴκολούθησας
1753 1562 1810 1615 δὲ

218 1648 317 1699 καὶ
352 1647 434 1717 τῷ
455 1647 676 1719 Χριστῷ
704 1649 780 1712 ὡς
806 1651 1030 1721 γνήσιος
1072 1652 1339 1723 μαθητὴς.
1387 1654 1629 1718 Ἐπαθες
1673 1656 1810 1727 ὑπὲρ

213 1745 323 1809 τῆς
357 1740 641 1804 εὐσεϐείας
671 1741 985 1814 προθύμως,
1024 1743 1290 1814 ὁμολογῶ·
1332 1747 1577 1819 μαχαίρᾳ
1614 1747 1723 1819 γάρ
1753 1766 1811 1801 σε

1910 564 2076 618 tares,
2142 556 2479 627 instaresqne
2528 557 2713 621 verbo,
2767 556 3043 627 ingressus
3099 557 3187 612 hic
3220 557 3476 624 stadium,

1907 648 2375 717 certaminumque
2436 650 2650 718 rapiens
2702 663 2982 716 coronam,
3033 659 3083 704 te
3144 650 3360 705 interim
3421 649 3477 705 in
3554 661 3558 665 '

1910 748 2053 793 terra
2084 751 2356 806 versante,
2388 740 2585 795 coelum
2619 756 2928 809 capessens,
2969 741 3195 810 gloriam
3252 740 3476 809 adeptus

1907 836 1991 883 est
2022 847 2037 882 :
2075 830 2325 898 quodque
2351 829 2524 895 majus
2559 830 2828 895 videatur,
2865 845 2987 886 cum
3019 830 3191 900 ipsum
3222 829 3381 883 Pater
3414 843 3479 884 ae

1911 919 2079 975 Filius
2140 920 2346 977 visione
2395 922 2482 974 illa
2541 921 2843 976 admirabili
2900 929 3176 975 vocarent.
3231 920 3320 973 Sic
3365 920 3480 989 ipse

1913 1012 2130 1076 Petrus,
2169 1014 2339 1083 deque
2364 1028 2429 1067 eo
2459 1014 2598 1069 dicta
2628 1013 2912 1068 subiciant.
2970 1014 3205 1068 Summa:
3246 1025 3481 1081 namque
3536 1014 3543 1021 '

1912 1105 2262 1173 impudentia:
2295 1116 2399 1171 est,
2430 1106 2823 1161 contentiosins
2854 1107 2918 1160 de
2968 1108 3202 1176 primatu
3230 1121 3350 1158 cum
3380 1118 3479 1174 pa-

1860 1258 1865 1265 η
1913 1196 2084 1251 tribus
2116 1206 2358 1260 certare,
2412 1199 2747 1268 honorisque
2782 1199 3185 1268 praerogativam
3235 1198 3315 1252 cis
3345 1197 3482 1250 invi-

1912 1288 2063 1343 dere.
2088 1288 2382 1344 Videamns
2417 1300 2596 1343 autem
2628 1299 2681 1344 et
2728 1302 2838 1355 tua,
2889 1289 3086 1345 Jacobe
3128 1289 3349 1344 Joannis
3374 1288 3484 1341 fra-

1913 1389 1997 1431 ter
2028 1378 2095 1434 ⁷³.
2123 1377 2324 1435 Christi
2356 1379 2576 1435 exsistis
2608 1396 2806 1449 praeco,
2863 1382 3089 1434 alterum
3136 1396 3165 1433 a
3199 1380 3357 1435 Petro
3390 1395 3484 1432 an-

1911 1468 2148 1536 cnpium.
2176 1469 2309 1535 Quis
2341 1486 2467 1523 vero
2492 1485 2595 1523 non
2652 1478 2798 1524 tuam
2836 1470 3129 1524 admiretur
3164 1469 3363 1524 fidem?
3385 1468 3485 1524 So-

1915 1559 2022 1613 lmn
2063 1560 2207 1614 enim
2240 1569 2484 1629 vocatus,
2519 1561 2661 1616 nulla
2686 1562 2868 1617 statim
2899 1577 3046 1616 mora
3075 1562 3483 1631 obtemperasti.

1915 1647 2029 1703 Una
2063 1666 2183 1705 cum
2217 1651 2485 1716 navicula,
2525 1652 2688 1707 etiam
2742 1652 3060 1708 Zebedaaum
3108 1661 3314 1721 patrem
3362 1651 3485 1706 reli-

1916 1742 2099 1810 quisti,
2133 1740 2408 1797 Christum
2463 1758 2717 1814 sequens,
2781 1743 2867 1807 uti
2903 1758 3064 1797 verus
3092 1757 3488 1813 germannsque

231 1832 489 1904 Ἡρώδης
530 1836 559 1886 6
597 1834 863 1904 τύραννος
899 1835 1243 1907 διεχρήσατο·
1282 1838 1417 1892 ἀλλὰ
1432 1840 1578 1911 μετὰ
1605 1840 1811 1909 Στέφα-

1930 1832 2229 1902 liscipulus.
2263 1835 2443 1889 Alacri
2489 1837 2668 1890 animo
2721 1837 2911 1898 fateor,
2940 1851 3037 1904 pro
3068 1834 3330 1904 religione
3365 1850 3490 1904 pas-

220 1942 317 1978 νον
350 1925 569 1989 πολλοῖς
597 1924 823 1997 ὕστερον
858 1926 1090 1997 χρόνοις.
1111 1928 1222 1982 Καὶ
1250 1928 1304 1982 τί
1323 1930 1450 1993 τοὺς
1474 1930 1807 1985 καθέκαστον

217 2018 505 2089 ὀνομάζω,
556 2018 719 2072 ὁπότε
752 2020 893 2073 κατὰ
938 2021 1156 2074 πάντων
1201 2020 1335 2091 ὁμοῦ
1383 2022 1492 2075 τῶν
1529 2023 1719 2091 ἁγίων,
1748 2024 1812 2077 τὸ

218 2110 324 2164 τοῦ
379 2110 680 2182 μαρτυρίου
713 2110 962 2183 βραῦεῖον
980 2112 1239 2177 ἀνείλετο,
1269 2114 1482 2184 πρῶτος
1510 2114 1601 2169 τὸν
1633 2115 1815 2169 διάϐο-

221 2204 320 2258 λον
350 2204 826 2276 παραταξάμενος,
857 2207 951 2259 καὶ¹
990 2206 1205 2278 πρῶτος
1227 2208 1473 2279 νικήσας,
1504 2208 1814 2279 μιμησάμε-

222 2313 320 2359 νος
339 2296 431 2349 τὸν
460 2296 645 2359 Δαϐὶδ,
666 2297 714 2349 εί
735 2297 830 2349 καὶ
851 2296 917 2350 δι’
935 2298 1291 2368 ἀντιστρόφου
1324 2297 1417 2352 τοῦ
1454 2298 1811 2370 πράγματος

221 2388 418 2451 Λίθοις
445 2389 475 2439 6
506 2386 670 2441 Δαϐὶδ
716 2387 806 2441 τὸν
834 2387 1024 2442 Γολιὰθ
1059 2388 1306 2459 ἐνίκησε,
1353 2389 1520 2453 λίθοις
1559 2390 1653 2443 καὶ
1687 2390 1815 2443 Στέ-

226 2496 403 2546 φανός
429 2477 521 2531 τὸν
546 2478 813 2532 διάϐολοψ
846 2479 961 2532 ἀλλ’
998 2482 1026 2533 6
1055 2480 1173 2550 μὲν,
1201 2475 1284 2544 οἷς
1321 2480 1531 2535 ἔϐαλεν·
1566 2484 1595 2535 6
1631 2482 1708 2543 δὲ,
1739 2476 1821 2546 οἷς

225 2569 460 2639 ἐϐλήθη.
489 2569 682 2640 Ἡμεῖς
708 2570 786 2633 δὲ,
814 2571 843 2622 6
864 2570 1098 2642 Χριστοῦ
1126 2571 1272 2636 λαὸς,
1306 2572 1383 2636 ὡς
1408 2572 1683 2645 ἠστρατιὰ
1699 2574 1821 2626 τότε

227 2660 331 2712 τοῦ
368 2659 607 2732 Ἰσραὴλ,
643 2659 935 2731 κράξωμεν
968 2661 1060 2714 καὶ
1092 2662 1446 2733 εὑφημοῦμεν
1467 2662 1536 2716 τὰ
1557 2664 1819 2728 ἐπινίκια,

225 2753 313 2814 ὡς
332 2752 576 2822 παρόντα
602 2752 907 2823 βλέποντες,
934 2752 1010 2816 ὡς
1042 2752 1254 2808 ἑστῶτα
1284 2753 1674 2826 θαυμάζοντες.

1920 1940 2013 1981 sus
2040 1928 2343 1981 occubuisti
2371 1945 2386 1982 :
2420 1929 2622 1998 quippe
2645 1945 2804 1999 quem
2835 1928 3072 1983 Herodes
3121 1936 3381 1998 tyrannus
3402 1941 3491 1980 oc«

1922 2018 2116 2075 ciderit
2141 2018 2319 2089 gladio
2343 2019 2393 2051 "
2421 2037 2437 2074 :
2474 2034 2655 2093 verum
2694 2019 2875 2073 inultis
2906 2019 2959 2073 id
2983 2018 3138 2073 annis
3164 2033 3192 2070 a
3228 2014 3491 2084 Stephani

1921 2127 2076 2167 nece.
2108 2112 2175 2167 At
2205 2112 2333 2183 quid
2392 2112 2663 2183 sigillatim
2714 2125 2955 2181 quosque
3025 2107 3226 2173 refero,
3278 2105 3493 2176 quando

1918 2204 2190 2259 universis
2229 2203 2390 2258 etiam
2448 2204 2648 2259 sanctis
2703 2203 2864 2258 simul
2919 2201 3195 2270 praeripuit
3230 2198 3492 2268 palmam;

1922 2296 2127 2364 primus
2158 2296 2328 2349 aciem
2372 2296 2635 2350 adversus
2688 2294 2961 2349 diabolum
3006 2294 3305 2354 instruens,
3334 2296 3498 2357 atque

1924 2390 1990 2441 de
2019 2388 2110 2441 illo
2134 2388 2413 2442 victoriam
2441 2387 2707 2453 referens,
2733 2387 2986 2441 Davidem
3010 2384 3269 2446 imitatus,
3304 2396 3498 2450 quam-

1923 2479 2009 2533 vis
2036 2478 2113 2533 rei
2141 2479 2337 2534 ordine
2386 2479 2626 2534 inverso.
2676 2475 2820 2532 Vicit
2860 2476 3025 2531 David
3074 2470 3499 2541 Goliatblapidi-

1924 2570 2027 2625 bus
2048 2570 2120 2637 ⁷⁸,
2149 2568 2281 2625 vicit
2311 2577 2365 2623 et
2390 2569 2695 2640 Stephanus
2744 2567 2812 2623 iis
2864 2580 3078 2636 quoque
3122 2564 3397 2621 diabolum
3425 2560 3496 2615 ".

1924 2659 2019 2717 Ille
2059 2661 2429 2723 nihilominus,
2451 2660 2646 2730 quibus
2678 2659 2982 2729 percussit;
3038 2658 3125 2712 hic
3160 2665 3362 2720 autem,
3387 2653 3500 2723 quiq

1927 2757 2028 2811 bus
2058 2769 2350 2826 percussus
2376 2765 2479 2809 est.
2526 2754 2634 2809 Nos
2670 2762 2848 2808 autem
2898 2750 3099 2807 Christi
3156 2747 3400 2819 populus,
3437 2754 3497 2800 ut

228 2846 365 2898 olim
403 2845 618 2900 lsraelis
667 2846 939 2900 exercitus
1001 2845 1349 2900 sustollamus
1394 2860 1603 2910 vocem,
1648 2845 1950 2916 faustisque
2002 2847 2050 2901 ei
2079 2845 2563 2901 acclamationibus
2591 2859 2692 2913 pro
2744 2840 2968 2897 victoria
3022 2854 3318 2905 canamus,
3356 2838 3502 2893 velut

233 2948 564 3007 pra'sentem
596 2938 951 3002 intueremur,
982 2955 1045 2994 ac
1092 2954 1275 2994 coram
1313 2947 1543 2994 stantem
1570 2941 1986 2994 admiraremur.

312 3028 495 3092 Καλὸς
520 3029 617 3098 μὲν
643 3029 752 3099 γὰρ
768 3029 912 3093 ἄπας
954 3031 982 3083 6
1012 3030 1110 3100 τῆς
1155 3007 1435 3094 εὐσεϐείας
1468 3030 1822 3102 ὑπερμαχῶν,

2000 3028 2265 3083 Praeclara
2298 3044 2428 3083 sane
2454 3028 2613 3083 laude
2657 3029 2850 3097 dignus
2895 3033 3181 3081 censeatur
3213 3022 3390 3093 quivis
3418 3037 3504 3076 re-

235 3120 347 3174 κᾶν
374 3121 644 3193 δεύτερος,
672 3120 772 3175 κᾶν
797 3122 978 3193 τρίτος
997 3124 1107 3184 τοῖς
1135 3122 1544 3193 προαθλήσασιν
1574 3122 1827 3194 ἐπιγένη-

234 3228 354 3267 ταισ
373 3213 435 3265 οὐ
469 3213 575 3284 μὴν
590 3213 829 3266 τοιούτου
859 3211 1133 3283 θαύματος
1145 3214 1314 3277 ἄξιος,
1337 3208 1508 3283 οὗπερ
1535 3215 1563 3269 6
1590 3214 1822 3286 πρῶτος.

247 3303 314 3356 '0
364 3302 464 3374 μὲν
523 3301 793 3373 δεύτερος,
840 3303 987 3374 ζήλῳ
1035 3302 1127 3355 τοῦ
1174 3303 1535 3374 προλαϐόντος
1581 3304 1827 3375 ἐναχθεὶς

242 3393 390 3465 πρὸς
410 3392 507 3463 τὴν
549 3393 800 3465 μίμησιν,
855 3393 1027 3457 οὕτως
1055 3389 1172 3447 εἶτα
1213 3394 1447 3466 ὲλκύσθη
1491 3395 1629 3467 πρὸς
1659 3413 1827 3449 σπου-

239 3486 366 3555 δήν·
396 3487 425 3539 ὁ
444 3485 500 3538 δὲ
537 3485 721 3557 μηδενὶ
752 3484 1086 3555 καθηγεμόνι
1114 3484 1480 3557 χρησάμενος,
1510 3488 1738 3559 εὑρετὴς
1771 3486 1828 3540 δὲ

240 3575 489 3646 γεγονὼς
513 3574 608 3628 τοῦ
648 3574 836 3640 καλοῦ,
868 3575 1091 3639 εἰκότως
1128 3576 1227 3648 τὴν
1262 3576 1354 3630 τοῦ
1387 3578 1653 3649 πρωτείου
1680 3578 1829 3647 δέχε-

241 3684 338 3721 ται
371 3665 570 3736 ψῆφον.
620 3664 846 3735 Μεγάλη
886 3661 976 3719 οὖν
1005 3668 1038 3738 ἡ
1072 3666 1164 3719 τοῦ
1202 3668 1391 3739 ἀνδρὸς
1424 3669 1718 3740 προθυμία·
1750 3668 1828 3722 διὸ

247 3756 466 3829 μεγάλη
495 3757 589 3810 καὶ
618 3757 651 3827 ἡ
680 3757 832 3826 τιμή·
882 3755 1149 3820 ἀθάνατος
1194 3758 1249 3810 δὲ
1279 3759 1312 3828 ἡ
1348 3760 1555 3829 μνήμη,
1592 3759 1657 3829 ἢν
1708 3757 1828 3811 οὔτε

242 3848 390 3919 λήθη
422 3847 715 3916 ἐκάλυψεν,
743 3846 867 3900 οὕτε
900 3849 1090 3919 χρόνος
1116 3848 1465 3919 ἠμαύρωσενο
1503 3848 1640 3901 ἀλλὰ
1668 3848 1831 3915 γενεὰ

246 3942 313 3992 ἐκ
348 3940 543 4006 γενεᾶς
568 3938 914 4009 διαδεχομένη
939 3938 1007 3991 τὰ
1026 3940 1356 4009 διηγήματα.
1377 3938 1593 4009 Ταύτην
1618 3940 1832 4012 ἀπαρα-

244 4030 435 4092 Circo;
462 4028 561 4099 τὴν
612 4028 803 4100 ἑορτὴν
836 4028 1189 4099 ἐπιτελοῦμεν
1220 4030 1403 4099 ἱερεῖς,
1435 4028 1573 4093 λαοὶ,
1621 4030 1828 4093 παῖδες,

246 4122 471 4191 ἄνδρες,
522 4123 799 4188 γυναῖκες.
858 4120 1263 4192 Σκοπητέονδὲ
1303 4122 1395 4174 καὶ
1447 4120 1543 4191 τὴν
1593 4121 1832 4192 ἱστορίαν

243 4211 445 4281 αὐτὴν,
476 4212 564 4264 ἵνα
593 4212 651 4263 ἐν
679 4211 795 4283 χρῷ
823 4211 932 4265 τῶν
967 4213 1305 4283 πραγμάτων
1354 4216 1655 4285 γενόμενοι,
1701 4216 1833 4286 μᾶλ-

245 4303 342 4357 λον
364 4302 424 4356 δὲ
466 4301 558 4354 τὸν
596 4304 766 4374 ἄνδρα
806 4302 1190 4392 θαυμάσωμεν.

1931 3119 2150 3191 ligionis
2179 3130 2570 3190 propugnator,
2597 3118 2845 3187 quamvis
2891 3115 3182 3178 secundus,
3219 3112 3499 3175 tertiusve,

1931 3209 2249 3266 certaminis
2301 3210 2471 3264 aleam
2522 3209 2746 3273 subeat;
2811 3215 3117 3261 nontamen
3168 3221 3228 3259 ea
3261 3204 3502 3257 adquira-

1930 3303 2099 3368 tione,
2124 3315 2296 3371 eaque
2323 3300 2503 3364 laude,
2558 3314 2664 3369 qua
2715 3299 2940 3369 primus.
3001 3297 3283 3351 Secundus
3332 3294 3503 3355 enim,

1930 3392 2131 3462 prioris
2154 3390 2496 3446 aemulatione
2517 3389 2585 3443 ad
2609 3388 2927 3444 imitandum
2958 3387 3221 3452 adactus;
3243 3394 3353 3440 tum
3379 3383 3507 3437 inde

1931 3484 2002 3539 ita
2034 3482 2296 3554 percitus,
2337 3482 2403 3535 ad
2456 3487 2729 3537 certamen
2756 3480 2980 3551 'appulit
3019 3480 3259 3534 animum
3295 3494 3311 3543 ;
3366 3476 3506 3531 alter

1928 3592 2058 3632 vero
2091 3575 2243 3632 nullo
2276 3576 2477 3646 prmvio
2510 3589 2640 3630 usus
2660 3573 2821 3638 duce,
2850 3573 3071 3643 ipseque
3094 3572 3362 3628 exsistens
3378 3569 3504 3624 boui

1932 3668 2201 3733 inventor,
2236 3667 2360 3737 jure
2394 3666 2586 3722 merito
2633 3665 2932 3736 principem
2994 3666 3172 3719 locum
3204 3670 3369 3719 tenet.
3394 3659 3507 3714 Ma-

1933 3771 2036 3826 gna
2067 3757 2247 3825 itaque
2272 3756 2373 3809 viri
2439 3754 2599 3825 hujus
2649 3755 3297 3821 alacritas;magnusque
3343 3750 3506 3803 etiam

1904 3849 2138 3919 idcirco
2180 3859 2235 3902 et
2295 3850 2490 3913 honos,
2530 3847 2961 3915 immortalisque
3012 3845 3295 3907 memoria,
3343 3856 3507 3911 quam

1938 3957 2109 4010 neque
2133 3942 2333 3996 oblivio
2360 3942 2467 3996 ulla
2499 3940 2835 4007 obseuravit,
2874 3953 3050 4009 neque
3110 3947 3325 4004 tempus
3371 3932 3519 3989 oblix

1938 4034 2132 4087 teravit
2166 4052 2179 4089 :
2205 4034 2333 4103 quin
2364 4033 2474 4091 imo
2502 4034 2604 4090 alia
2629 4036 2843 4106 aliaque
2864 4049 2963 4106 per
2989 4030 3385 4088 successionem
3413 4044 3510 4099 ge-

1936 4126 2167 4191 neratio,
2193 4126 2446 4196 prxeclara
2482 4127 2671 4182 merita
2693 4127 2995 4183 enarrando
3028 4123 3280 4192 suscepit.
3303 4120 3516 4175 Idcirco

1936 4218 2078 4273 diem
2116 4220 2258 4275 hunc
2293 4220 2488 4276 festum
2513 4219 2633 4288 iure
2648 4227 2926 4288 perpetuo,
2954 4216 3283 4277 sacerdotes,
3307 4211 3517 4283 populi.

1939 4312 2114 4380 pueri,
2150 4313 2250 4366 viri
2302 4329 2367 4369 ac
2404 4313 2678 4379 mulieres,
2708 4309 3065 4364 celebramus.
3103 4304 3299 4358 Verum
3335 4303 3519 4369 ipsant

248 4397 407 4466 prius
435 4405 691 4451 accurate
724 4397 1075 4451 discutiamus
1111 4399 1415 4464 historiam,
1457 4414 1514 4454 ut
1553 4401 1619 4455 ad
1653 4418 1831 4470 usque
1863 4403 1938 4457 rei
2004 4413 2183 4459 cutem
2217 4405 2386 4470 ducti,
2450 4404 2640 4473 majori
2692 4404 2866 4457 virum
2925 4398 3284 4454 admiratione
3322 4408 3507 4463 prosc-

248 4492 505 4560 quamur.

334 4580 560 4653 Πρῶτος
591 4574 661 4651 ἦν
693 4580 799 4634 τῶν
834 4582 970 4635 κατὰ
1008 4584 1242 4655 Χριστὸν
1278 4586 1541 4639 διακόνων
1569 4588 1597 4639 6
1633 4587 1833 4656 Στέφα-

2013 4589 2145 4643 Erat
2174 4587 2477 4658 Stephanus
2508 4586 2712 4643 Christi
2762 4585 3114 4640 diacouorum
3151 4580 3357 4650 primus
3388 4591 3517 4632 san-

252 4691 367 4737 νος,
416 4672 753 4743 ὴγιασμένος
794 4675 861 4743 τῇ
913 4675 1117 4745 χάριτι,
1164 4674 1357 4739 σκεῦος
1408 4676 1835 4749 πεπληρωμένον

251 4761 352 4817 τοῦ
383 4761 725 4832 Πνεῦματος,
757 4763 879 4816 καθ’
911 4764 1123 4836 ἡμέραν
1160 4763 1391 4834 βεϐαιῶν
1419 4766 1545 4828 τοὺς
1581 4765 1833 4833 οἰκείους,

256 4857 356 4910 καὶ
386 4857 515 4919 τοὺς
542 4855 929 4925 πλανωμένους
945 4856 1081 4927 πρὸς
1103 4855 1199 4927 τὴν
1231 4856 1445 4911 εὐθεῖαν
1480 4858 1837 4929 ὑποστρέφων

255 4949 398 5003 ὀδόν.
441 4946 663 5017 Ἐπειδὴ
688 4946 745 4999 δὲ
773 4947 1125 5018 σφοδρότερον
1151 4946 1327 5017 εἴχετο
1347 4948 1444 5019 τῆς
1468 4947 1835 5014 διδασκαλίας,

262 5041 466 5114 μᾶλλον
496 5039 647 5111 παρὰ
672 5040 796 5102 τοὺς
820 5040 1039 5102 λοιποὺς
1073 5039 1419 5102 ἀποστόλους,
1447 5040 1573 5104 τοὺς
1612 5039 1839 5111 ἐχθροὺς

263 5131 473 5185 ἰλύπειο
508 5130 604 5183 καὶ
658 5128 763 5199 πρὸ
791 5129 1036 5193 ἐκείνων,
1071 5129 1162 5183 τὸν
1213 5128 1428 5200 πρῶτον
1473 5129 1712 5201 δυσμενῆ
1750 5128 1841 5183 τὸν

264 5220 534 5276 διάϐολον.
584 5218 861 5291 Πυρώδεις
919 5220 1028 5291 γὰρ
1086 5220 1293 5285 ἐκεῖνος
1344 5220 1471 5284 τοὺς
1534 5220 1845 5291 ὀφθαλμοὺς

250 5315 546 5383 ἐφίστησι,
595 5312 691 5366 καὶ
719 5312 910 5383 ἄγριον
938 5312 1255 5391 βλέποντας,
1285 5313 1401 5375 τοῖς
1427 5311 1625 5382 μᾶλλον
1652 5314 1719 5382 τῇ
1760 5311 1849 5364 εὐ-

336 5500 385 5532 ⁷⁸
414 5498 607 5555 blatth.
646 5513 721 5562 tv,
744 5496 837 5551 Ἡ.
912 5498 958 5530 ’⁸
996 5497 1117 5551 Act.
1149 5512 1250 5560 xu,
1274 5497 1327 5562 Ι,
1362 5497 1417 5551 9..

335 5614 450 5683 (55)
480 5614 585 5679 Qui
606 5614 792 5682 pietati
819 5630 928 5667 sese
946 5614 1288 5676 addixerunt,
1326 5610 1399 5679 τῇ
1443 5610 1714 5683 εὐσεϐείᾳ
1737 5625 1879 5683 συν-

272 5680 655 5756 ισταμένοις-ο
679 5685 810 5756 piis,
844 5684 1022 5756 aequi
1063 5685 1279 5756 student
1313 5684 1519 5756 virtuti.
1562 5680 1878 5756 Illic-cardus,

1944 4681 2211 4736 ctiiicatus
2242 4681 2439 4749 gratia,
2466 4693 2560 4733 vas
2615 4677 2817 4749 Spiritu
2847 4684 3034 4730 sancto
3068 4673 3307 4744 plenum,
3338 4670 3521 4737 quoti-

1945 4771 2031 4826 die
2064 4769 2393 4825 domesticos
2414 4766 2765 4833 confirmans,
2816 4773 3172 4832 errantesque
3217 4762 3285 4815 ad
3315 4767 3515 4814 rectam

1942 4862 2086 4916 viam
2123 4862 2407 4916 reducens.
2448 4857 2583 4911 Cum
2638 4867 2815 4913 autem
2868 4855 3047 4910 acrius
3101 4852 3361 4907 doctrina:
3384 4850 3516 4904 insi-

1946 4962 2135 5019 steret,
2167 4951 2359 5021 majori
2411 4952 2618 5015 hostes,
2659 4963 2769 5019 pra:
2830 4946 3091 5017 apostolis
3124 4945 3247 4998 aliis
3271 4940 3515 4997 molestia

1949 5046 2162 5101 affecit:
2194 5060 2409 5116 praeque
2433 5043 2643 5109 iisdem,
2696 5041 2990 5103 diabolum,
3048 5039 3139 5108 qui
3185 5036 3391 5107 primus
3422 5033 3518 5088 ho-

1950 5136 2049 5190 stis
2069 5135 2302 5190 exsistit.
2339 5133 2388 5188 ls
2421 5146 2653 5200 namque
2700 5130 2885 5200 igneos
2940 5144 3002 5183 ac
3040 5137 3247 5187 truces.
3294 5124 3360 5178 iis
3394 5136 3517 5175 cum

1957 5228 2145 5301 primis
2202 5225 2423 5281 adhibet
2473 5223 2677 5287 oculos,
2741 5223 2831 5291 qui
2885 5221 3067 5290 pietati
3122 5231 3241 5272 sese
3297 5213 3517 5269 addixe-

1954 5324 2080 5367 rnnt
2114 5313 2246 5384 (55).
2276 5313 2472 5368 lucum
2520 5326 2671 5379 ergo,
2706 5309 2960 5377 stipatum
3002 5304 3270 5376 quoddam
3321 5302 3522 5357 excivit

1493 5497 1539 5528 ‘"'
1570 5496 1584 5549 Ι
1616 5496 1747 5564 lteg.
1786 5510 1929 5559 xvn,
1957 5480 2026 5548 $9
2060 5507 2182 5560 sqq.
2258 5489 2303 5521 ⁷⁸
2332 5490 2454 5545 Act.
2481 5502 2578 5551 vn,
2614 5486 2704 5552 58,
2744 5484 2831 5540 59.

1978 5607 2170 5661 habeat
2204 5603 2269 5659 ad
2300 5603 2417 5675 pios
2449 5602 2725 5669 homines,
2760 5617 2822 5661 ac
2852 5598 3023 5667 qualis
3054 5604 3166 5675 erat
3195 5593 3530 5675 Stephanus,

1981 5668 2315 5730 ut'nimtruui
2366 5673 2640 5726 flammeos
2662 5711 2677 5735 ,
2712 5668 2784 5724 ac
2840 5680 3015 5724 truces
3060 5668 3109 5720 in
3143 5684 3236 5719 eos
3270 5668 3535 5723 immittat

277 5735 618 5813 ibidif’aié
642 5735 970 5811 εὖτ-λειάἰό
1008 5735 1078 5808 iui
1100 5735 1371 5808 diabolum
1400 5752 1629 5815 diuum,
1670 5749 1760 5820 qui
1801 5735 1879 5803 sic
1982 5746 2184 5813 oculos,
2214 5744 2267 5799 in
2303 5743 2473 5814 ipsum
2507 5741 2833 5813 Stephanum
2858 5747 3135 5813 pcrp’cram
3170 5735 3423 5794 assumit.
