3856 6274
306 206 413 264 3Εὸ

1581 204 1640 263 S.
1685 206 1961 264 ASTEREI
2001 207 2305 265 AMASENI

3454 203 3561 260 3N

309 329 524 385 agmen,
559 329 749 384 nempe
798 314 1290 370 Alexandrinorum
1332 328 1520 383 genus,
1573 316 1639 369 ad
1668 330 1883 371 omnem

2008 318 2180 390 ιεὸείᾳ
2221 316 2651 387 συνισταμένοις.
2682 318 2941 389 Ἥγειρεν
2972 309 3064 370 οὖν
3109 312 3257 383 αὐτῷ
3290 312 3569 385 σύστημα,

311 411 469 476 longe
496 407 804 477 expeditum
839 407 1181 462 seditionem.
1219 404 1388 460 Plane
1444 407 1588 461 enim
1635 408 1882 475 audistis,

310 502 370 549 nt
395 495 511 564 ejus
542 495 691 549 urbis
726 495 892 560 cives,
940 496 1054 550 acri
1108 495 1347 550 audaciae
1402 494 1636 559 fervore,
1665 510 1729 551 eo
1760 514 1886 567 pro-

308 586 477 642 clives
508 596 686 651 ruant,
723 586 1149 658 ell‘erveantque,
1190 604 1299 658 quo
1341 604 1530 645 eorum
1573 597 1774 644 temere
1812 591 1889 645 fe-

311 679 654 732 ratanimus.
715 678 787 734 Ut
838 688 1018 733 autem
1069 681 1355 735 adversum
1409 696 1468 737 se
1518 683 1728 736 turbam
1754 697 1887 736 con—

311 767 563 823 ﬂuentem
588 768 742 830 vidit,
796 769 847 822 in
875 767 1053 823 ’arcto
1092 769 1323 839 positus,
1378 771 1505 840 quid
1538 780 1662 824 tunc
1684 779 1887 841 ageret,

312 862 654 931 ambigebat;
686 860 939 915 solertem
975 870 1154 917 tamen
1195 870 1367 916 artem
1397 862 1745 934 excogitavit,
1772 863 1891 916 dul~

315 970 432 1008 rem
464 953 717 1007 nimirum
755 968 818 1008 ac
871 954 1128 1007 blandum
1182 967 1510 1008 sermonem.
1564 953 1706 1008 Nihil
1744 954 1887 1008 enim

314 1054 744 1114 praesentaneum
774 1045 943 1115 magis
971 1046 1035 1097 ad
1067 1045 1160 1098 ira:
1218 1044 1482 1099 sedandos
1503 1056 1698 1110 matus,
1726 1059 1887 1111 quant

314 1137 506 1191 blanda
556 1136 928 1203 concinnaqtte
969 1135 1285 1190 admonitio.
1339 1135 1486 1202 Mihi,
1531 1150 1738 1206 qu:eso,
1809 1135 1891 1189 in-

316 1227 455 1296 quit,
501 1228 609 1282 odii
672 1242 891 1282 causam
942 1228 1127 1289 dicite,
1177 1242 1238 1281 ac
1272 1228 1425 1297 cujus
1456 1242 1584 1297 ergo
1617 1227 1892 1281 intentatis

317 1321 866 1390 manus,’palanu|ue
921 1321 1067 1374 velut
1116 1319 1422 1374 dilaniatari
1477 1319 1729 1374 videmini
1756 1318 1888 1390 (56).

315 1411 425 1465 lllis
456 1419 635 1466 autem
675 1411 1149 1480 respondentibus,
1208 1425 1274 1466 eo
1328 1411 1581 1465 nimirum
1619 1410 1759 1480 quod
1792 1426 1891 1477 pa-

244 1526 255 1533 ~
317 1502 452 1556 trias
480 1511 749 1556 everteret
776 1501 940 1570 leges,
972 1515 1035 1565 ae
1060 1515 1321 1556 novorum
1356 1501 1667 1570 dogmatum
1703 1501 1895 1557 doctor

315 1594 605 1649 exsisteret
639 1612 653 1648 :
687 1601 838 1648 stans
864 1594 917 1646 in
963 1593 1141 1648 medio
1187 1594 1273 1647 vir
1306 1592 1517 1660 beatus,
1567 1592 1795 1661 simplex
1827 1607 1892 1644 ac

1989 410 2052 463 τὸ
2095 410 2202 463 τῶν
2261 408 2655 483 ’Δλεξανδρέων
2706 408 2861 477 γένος
2910 409 2990 470 είς
3028 408 3207 460 πᾶσαν
3267 403 3571 477 ὀξύρροπον

1991 501 2204 555 στάσιν.
2256 500 2483 564 Πάντως
2514 500 2570 553 δὲ
2604 499 2879 569 ἀκηκόατε
2910 498 3038 561 τούς
3083 496 3283 567 ἄνδρας
3334 497 3434 566 τῆς
3465 495 3570 548 πό-

1989 591 2146 656 λεως,
2176 593 2324 657 ὅπως
2360 591 2551 663 θερμοί
2576 609 2635 645 τε
2660 586 2761 644 ὦσι
2792 592 2885 644 καὶ⁵
2921 589 3133 656 ζέοντες
3160 588 3253 642 ἐπὶ
3292 588 3400 641 πᾶν
3428 587 3574 656 ὅπερ

1989 684 2056 739 ἂν
2091 684 2395 755 προχείρως
2413 685 2746 755 ὁρμήσωσιν.
2790 684 2877 747 Ὠς
2907 683 2965 737 δὲ
2996 682 3057 734 τὸ
3087 680 3291 750 πλῆθος
3309 679 3575 732 ἐθεάσατο

1989 776 2098 830 τῶν
2123 777 2211 829 ἐπ’
2241 776 2403 829 αὐτὸν
2444 776 2801 848 συρρεόντων,
2841 777 2898 828 ἐν
2934 774 3126 844 ἀπόρῳ
3157 760 3254 843 μὲν
3287 765 3400 841 εἶχε
3428 769 3574 824 τίθε-

1990 866 2117 921 σθαι
2144 868 2207 920 τὸ
2255 867 2450 939 παρόν·
2486 867 2634 938 ὅμως
2669 867 2726 919 δὲ
2783 866 2979 936 τέχνην
3028 858 3186 936 εὗρεν
3241 863 3570 933 εὐμήχανον,

1989 959 2145 1028 λόγον
2170 958 2381 1029 ἐμμελῆ
2410 959 2503 1011 καὶ
2526 960 2721 1032 πρᾶον.
2746 958 2912 1011 Οὐδὲν
2940 956 3050 1027 γὰρ
3078 955 3369 1026 φάρμακον
3395 949 3575 1005 τοιοῦ-

1988 1066 2081 1102 τον
2114 1050 2194 1113 είς
2228 1047 2527 1117 θεραπείαν
2561 1047 2756 1119 θυμοῦ,
2791 1046 2886 1101 καλ⁵
2919 1048 3206 1117 κινήσεως,
3230 1038 3341 1097 οἷον
3374 1038 3579 1111 παραί-

1991 1158 2137 1204 νεσις
2160 1140 2439 1212 προσηνὴς
2459 1139 2551 1191 καὶ
2575 1139 2933 1210 εὐάρμοστος.
2964 1137 3076 1192 Καὶ
3098 1135 3287 1189 εἴπατέ
3330 1151 3440 1205 μοι,
3475 1148 3580 1202 (pq-

1993 1231 2069 1297 σὶ,
2101 1231 2199 1301 τὴν
2228 1231 2409 1284 αἰτίαν
2468 1228 2564 1283 τοῦ
2617 1230 2828 1299 μίσους,
2859 1226 2975 1280 ἀνθ’
3006 1227 3130 1280 ὅτου
3167 1224 3226 1279 δὲ
3257 1225 3355 1287 τάς
3388 1226 3578 1295 χεῖρας

1992 1322 2411 1376 ἐπανατείνεσθε
2432 1363 2447 1387 ,
2483 1322 2578 1376 καὶ
2611 1320 2866 1393 πρόδηλοί
2892 1321 3014 1373 ὲστε
3038 1319 3115 1383 ὡς
3140 1306 3477 1390 ’παράξοντες
3503 1316 3575 1368 ⁷⁸.

1994 1413 2274 1467 Είπόντων
2304 1412 2382 1478 δὲ,
2413 1414 2495 1469 ὅτι
2538 1411 2755 1483 Ἐπειδὴ
2806 1410 3096 1474 καταλύεις
3120 1409 3247 1473 τούς
3290 1405 3580 1479 πατριξξους

1994 1506 2212 1577 νόμους,
2260 1505 2354 1559 καί
2388 1503 2554 1569 ξένων
2585 1499 2637 1557 εἴ
2669 1503 2955 1575 δογμάτων
2978 1501 3298 1581 είσηγητής·
3330 1499 3463 1562 στὰς
3493 1499 3579 1560 είς

1999 1596 2162 1667 μέσον
2208 1597 2237 1649 ό
2271 1594 2562 1665 μακάριος,
2615 1594 2838 1663 ἄτεχνος
2880 1592 2974 1645 καὶ
3006 1588 3347 1661 αὐτοσχέδιος
3391 1588 3579 1658 ῥήτωρ

316 1699 767 1754 οιιιθιηιιοιοτιηρυε
789 1693 1009 1740 orator:
1055 1699 1157 1739 nec
1181 1685 1325 1739 enim
1355 1698 1417 1738 ea
1459 1684 1893 1751 protnehatmua‘:

2008 1689 2079 1759 λού
2106 1688 2217 1758 γὰρ
2248 1686 2433 1754 ἔλεγεν
2484 1686 2630 1754 ἅπερ
2668 1684 2733 1738 ὲκ
2765 1684 2962 1754 τέχνης
3011 1682 3234 1755 ἔμαθεν,
3278 1680 3393 1734 ἀλλ’
3433 1679 3580 1750 ἅπερ

317 1779 454 1831 artis
485 1777 735 1830 methodo
766 1775 1063 1841 didicisset,
1098 1778 1192 1830 sed
1235 1765 1358 1845 quae
1418 1775 1653 1844 Spiritus
1713 1773 1893 1827 alllutu

322 1866 643 1935 suggerebat
667 1884 679 1919 :

398 1957 531 2024 Viri,
547 1958 738 2025 inquit,
757 1959 971 2026 fratres,
989 1965 1036 2010 et
1050 1966 1247 2024 patres,
1263 1956 1463 2010 audite.
1477 1955 1721 2011 Prudens
1737 1972 1899 2011 exor-

317 2050 747 2116 dium,optimutn
763 2047 1039 2103 concionis
1049 2050 1115 2103 ad
1129 2048 1379 2119 populum
1394 2048 1469 2102 ira
1488 2058 1895 2115 exazstuantem,

316 2139 670 2211 principium.
702 2137 871 2193 Lenia
910 2152 1165 2206 namque,
1216 2136 1522 2207 blandaque
1569 2138 1755 2202 verba,
1792 2153 1897 2191 non

318 2244 479 2287 secus
508 2244 571 2285 ac
590 2229 750 2285 melle
780 2230 1015 2298 quodam
1046 2228 1268 2295 referta,
1315 2238 1408 2283 aut
1437 2229 1584 2285 molli
1610 2244 1897 2300 conspersa

319 2321 460 2389 oleo,
495 2323 751 2378 ardentes
778 2322 899 2376 illos
957 2320 1164 2377 ferinos
1190 2322 1423 2392 impetus
1448 2321 1896 2391 comprimebant.

320 2412 560 2467 Subinde
591 2413 863 2467 Abraham
897 2412 1005 2468 alte
1039 2414 1095 2468 iu
1145 2412 1462 2468 memoriam
1518 2422 1762 2475 revocat,
1787 2421 1900 2466 uta

318 2502 517 2568 priscis
545 2502 876 2572 temporibus
934 2504 1178 2568 ordiens,
1237 2517 1300 2556 ac
1336 2504 1389 2556 in
1421 2503 1638 2571 longum
1682 2511 1896 2571 protra’

322 2596 456 2650 bens
484 2608 811 2661 sermonem,
854 2610 1049 2664 magno
1075 2594 1166 2648 illo
1197 2593 1498 2663 interiecta:
1547 2593 1899 2663 digressionis

320 2683 633 2752 intervallo,
664 2685 887 2739 citatum
924 2684 1074 2738 illum
1117 2683 1457 2753 ell‘usumque
1488 2682 1725 2759 furorem
1750 2683 1897 2737 clan-

321 2774 500 2829 culum
532 2775 843 2846 sensimque
900 2777 1231 2831 absumeret.
1251 2776 1517 2833 Absoluto
1542 2786 1720 2830 autem
1739 2776 1901 2846 longo

325 2868 416 2922 illo
447 2868 708 2923 orationis
745 2868 977 2931 ambitu,
1010 2868 1251 2922 ostendit
1290 2867 1510 2940 Moysen
1550 2868 1712 2922 etiam
1738 2867 1900 2921 Chri-

323 2972 470 3018 stum
490 2962 911 3033 pranuntiasse,
945 2976 1052 3030 quo
1082 2960 1311 3017 solerter
1349 2977 1557 3016 summa
1588 2962 1700 3031 ipsa
1738 2960 1901 3029 legis-

326 3052 513 3107 latoris
554 3052 898 3115 auctoritate,
958 3053 1112 3121 quasi
1147 3054 1477 3121 obrependo,
1522 3053 1643 3107 lidei
1679 3054 1901 3107 verbum

325 3142 536 3197 occulte
563 3141 884 3200 insinuaret.
917 3141 1065 3197 Scite
1096 3153 1278 3199 autem
1318 3158 1381 3198 ea
1433 3145 1616 3199 omnia
1650 3144 1906 3214 prolocu-

327 3242 545 3301 tus'est,
574 3249 695 3306 quas
717 3236 783 3290 ad
797 3236 1101 3291 auditorum
1128 3236 1429 3306 profectum
1450 3235 1820 3291 conferebant.
1838 3236 1908 3292 At

327 3325 417 3382 ubi
444 3327 577 3382 vidit
603 3327 949 3383 obﬁrmatam
982 3326 1242 3382 malitiam
1271 3368 1291 3396 ,
1321 3342 1386 3383 ac
1420 3328 1788 3399 praefractam,
1812 3344 1911 3399 pu-

325 3434 661 3491 gnacemque
695 3419 933 3474 attimum
978 3419 1337 3488 pervicacem,
1393 3434 1459 3473 ac
1506 3423 1703 3474 durum
1735 3459 1752 3485 ,
1784 3428 1911 3475 tunc

328 3492 544 3566 tandem
602 3526 812 3565 summa
871 3510 1037 3564 animi
1091 3510 1344 3565 libertate
1395 3510 1670 3578 przeditus,
1700 3525 1765 3565 ac
1816 3523 1911 3578 spe

326 3602 476 3657 omni
538 3603 824 3671 praesentis
863 3600 989 3655 vitae
1035 3602 1355 3666 destitutus,
1400 3600 1690 3655 artificium
1750 3616 1910 3655 omne

333 3694 479 3763 quod
559 3693 755 3747 blande
821 3694 1032 3748 animos
1112 3692 1456 3757 demulcere,
1513 3693 1910 3762 conciliareque

324 3795 531 3856 posset.
560 3785 842 3850 omittens,
860 3784 1024 3840 nullis
1045 3784 1334 3839 verborum
1355 3785 1693 3855 ambagibus,
1724 3795 1912 3855 aperte

324 3877 543 3932 vocavit
591 3891 691 3934 eos
741 3877 878 3930 dura
919 3879 1150 3941 cervice,
1207 3877 1588 3931 iucircumcisis
1621 3878 1905 3945 cordibus,

327 3969 465 4040 legis
497 3978 916 4040 oppugnatores,
947 3969 1036 4039 qui
1079 3977 1268 4023 sancto
1296 3966 1520 4037 Spiritui
1552 3969 1907 4036 resisterent;

332 4061 562 4131 aliisque
592 4062 857 4133 ejusmodi
888 4060 1232 4132 compellavit
1261 4060 1593 4116 nominibus.
1638 4059 1785 4115 lllico
1811 4075 1912 4115 au-

330 4160 465 4217 tem,
494 4152 634 4206 haud
665 4166 825 4207 secus
859 4167 923 4207 ac
963 4151 1248 4208 Dominum
1271 4189 1288 4217 ,
1323 4151 1778 4206 circumdederunt
1793 4167 1912 4206 eum

329 4258 486 4298 canes
515 4242 713 4307 multi;
739 4253 785 4298 et
814 4243 955 4296 tauri
1006 4242 1246 4313 pingues,
1302 4253 1360 4295 ut
1390 4243 1442 4296 itt
1494 4240 1727 4298 Psalmis
1762 4244 1910 4298 cani-

1998 1782 2270 1833 ὲνεπνεῖτο
2304 1779 2408 1832 ὐπὸ
2445 1775 2537 1830 τοῦ
2561 1774 2919 1846 Πνεύματος)·

2073 1959 2343 2027 Ἄνδρες,
2395 1959 2579 2031 φησὶν,
2629 1955 2902 2027 ἀδελφοὶ,
2936 1953 3035 2009 καὶ
3079 1951 3354 2021 πατέρες,
3402 1949 3586 2006 ἀκού-

1999 2065 2164 2105 σατε.
2201 2051 2372 2118 Σοφὸν
2421 2050 2483 2102 τὸ
2524 2049 2831 2121 προοίμιον,
2867 2047 3064 2119 ἀρίστη
3095 2045 3230 2116 πρὸς
3255 2043 3426 2114 δῆμον
3453 2041 3582 2114 θερ-

2002 2144 2323 2214 μαινόμενον
2353 2144 2384 2211 ἡ
2417 2142 2516 2211 τῆς
2535 2140 2872 2212 δημηγορίας
2897 2139 3061 2211 ἀρχή.
3087 2137 3170 2190 Τά
3200 2136 3308 2208 γάρ
3343 2134 3585 2206 μειλίχια

2000 2235 2096 2288 καὶ
2122 2234 2364 2307 προσηνῆ
2415 2233 2524 2285 τῶν
2552 2232 2830 2304 ῥημάτων,
2864 2227 2976 2284 οἷον
3022 2226 3238 2301 μέλιτός
3274 2243 3418 2289 τινος
3456 2241 3588 2296 μετ⁶

2001 2327 2212 2399 έχοντα,
2245 2328 2278 2398 ἢ
2318 2325 2485 2397 ἐλαίῳ
2516 2324 2711 2395 ἀπαλῷ
2734 2322 3117 2396 παραπλήσια,
3141 2320 3243 2391 τὴν
3275 2316 3587 2389 φλεγμονὴν

1999 2419 2109 2472 τῶν
2144 2418 2350 2489 θηρίων
2399 2417 2773 2471 κατέστελλεν.
2813 2416 3048 2468 Ἔπειτα
3088 2413 3263 2468 ἄνεισι
3294 2412 3363 2481 τῇ
3395 2410 3590 2481 μνήμῃ

2002 2513 2139 2584 πρὸς
2166 2511 2258 2565 τὸν
2300 2510 2570 2582 Ἀϐραὰμ,
2620 2511 2708 2563 ἵνα
2739 2508 2833 2563 καὶ
2871 2504 3116 2560 παλαιῶν
3143 2503 3447 2575 ἀρξάμενος
3460 2499 3589 2573 χρό-

2003 2621 2129 2667 νων,
2163 2603 2257 2657 καὶ
2294 2601 2502 2674 μακρὸν
2529 2600 2829 2655 ἀποτείνων
2850 2599 3031 2667 λόγον,
3065 2598 3123 2650 ὲν
3157 2593 3334 2665 πολλῷ
3376 2592 3455 2665 τῷ
3485 2590 3588 2662 μέ-

2007 2711 2084 2763 σῳ
2124 2692 2265 2765 λάθῃ
2286 2691 2605 2761 δαπανήσας
2633 2690 2726 2743 τὸν
2757 2687 2927 2758 θυμὸν
2965 2686 3311 2755 ἐκλυόμενον.
3346 2679 3455 2732 Καὶ
3488 2677 3589 2748 τὴν

2005 2782 2204 2854 πολλὴν
2255 2782 2472 2851 ἐκείνην
2495 2780 2653 2850 ῥῆσιν
2690 2775 3146 2848 ἐξεργασάμενος,
3181 2772 3475 2832 δείκνυσιν,
3503 2769 3591 2821 ὅτι

2005 2876 2100 2930 καὶ
2117 2874 2359 2944 Μωύσῆς
2407 2873 2782 2944 προεφήτευσε
2814 2869 2904 2922 τὸν
2934 2866 3188 2938 Χριστὸψ
3223 2864 3313 2918 ἵνα
3347 2861 3435 2914 διὰ
3486 2860 3589 2930 τῆς

2006 2966 2344 3036 ἀξιοπιστίας
2364 2964 2457 3019 τοῦ
2490 2963 2781 3035 νομοθέτου
2806 2958 3042 3029 εὐφυῶς,
3086 2957 3275 3027 ὥσπερ
3316 2952 3587 3018 κλέπτων,

2009 3058 2390 3133 παρεισαγάγῃ
2416 3056 2509 3110 τὸν
2536 3036 2636 3125 τῆς
2665 3054 2903 3116 πίστεως
2930 3049 3109 3118 λόγον.
3141 3048 3328 3103 Πάντα
3351 3046 3409 3099 δὲ
3442 3045 3594 3117 εἰρη-

2009 3172 2105 3208 κεν
2140 3151 2541 3222 ἐπιστημόνως,
2568 3149 2668 3200 ὅσα
2715 3145 2853 3217 πρὸς
2883 3142 3153 3213 ὠφέλειαν
3182 3137 3451 3195 συνετέλει
3477 3136 3595 3191 τῶν

2009 3243 2338 3298 ἀκουόντων.
2378 3239 2529 3293 Ἐπεὶ
2556 3237 2612 3292 δὲ
2652 3237 2750 3308 τὴν
2784 3234 2983 3290 κακίαν
3014 3228 3154 3285 εἶδεν
3176 3229 3473 3292 ἀνένδοτον,
3494 3226 3594 3282 καὶ

2008 3336 2107 3406 τὴν
2140 3335 2368 3406 γνώμην
2420 3330 2789 3402 ἀμάλθακτον·
2840 3327 2961 3380 τότε
3009 3324 3213 3388 λοιπὸν,
3281 3319 3593 3393 παρρησίας

2013 3424 2298 3497 πλησθεὶς,
2345 3422 2440 3475 καὶ
2464 3419 2850 3489 ἀπαγορεύσας
2878 3415 3014 3488 πρὸς
3043 3414 3142 3486 τὴν
3181 3410 3367 3464 ἐνθάδε
3420 3406 3589 3479 ζωὴν,

2012 3517 2196 3570 πᾶσαν
2250 3513 2307 3567 δὲ
2366 3509 2678 3566 καταλιπὼν
2745 3508 2941 3578 τέχνην
2999 3506 3100 3576 τὴν
3160 3501 3590 3564 κολακεύουσαν,

2011 3603 2495 3677 ἀπαρακαλύπτως
2539 3602 2736 3682 amp;
2801 3598 3209 3671 προσηγόρευσε
3253 3595 3592 3666 σκληροτρα-

2011 3697 2226 3770 χήλους,
2254 3695 2328 3765 τῇ
2352 3694 2563 3763 καρδίᾳ
2590 3689 3044 3761 ὰπεριτμήτους,
3074 3687 3151 3759 τῷ
3179 3687 3327 3758 νόμῳ
3354 3682 3597 3756 μαχομέο

2011 3811 2156 3858 νους,
2180 3790 2550 3862 πολεμοῦντας
2593 3786 2670 3857 τῷ
2700 3785 3000 3857 Πνεύματι,
3027 3782 3121 3836 καί
3139 3799 3261 3835 τινα
3298 3781 3453 3835 ἄττα.
3484 3776 3597 3831 Καὶ

2012 3885 2263 3941 ἐντεῦθεν
2301 3881 2669 3951 περιέστησα
2698 3877 2905 3942 αὐτόν,
2937 3876 3013 3939 ὡς
3062 3874 3359 3944 Δεσπότην,
3415 3871 3596 3935 κύνες

2012 3978 2253 4032 πολλοίο
2310 3973 2409 4028 καί
2448 3973 2653 4039 ταῦροι
2679 3971 2904 4035 πίονες,
2935 3967 3078 4021 κατά
3124 3966 3223 4036 τὴν
3251 3961 3593 4034 ψαλμῳδίαν,

2014 4065 2341 4136 περιέσχον
2361 4065 2451 4117 τὸν
2486 4065 2718 4120 δίκαιον.
2753 4060 3012 4130 Εἱστήκει
3047 4057 3104 4110 δὲ
3143 4060 3301 4127 μόνος
3327 4051 3598 4123 πανταχό-

2014 4160 2105 4213 θεν
2149 4158 2228 4230 τῴ
2274 4159 2430 4229 δήμῳ
2464 4155 2572 4209 τῶν
2606 4151 2879 4225 φονευτῶν
2928 4147 3362 4219 κεκυκλωμένος.
3409 4143 3599 4207 Οὐδεὶς

2012 4252 2069 4305 δὲ
2101 4247 2170 4323 ἦν
2206 4251 2325 4303 κατ’
2359 4247 2575 4317 εκείνην
2617 4244 2717 4317 τὴν
2761 4242 2909 4313 ὤραν
2964 4240 3151 4309 ὲγγύς,
3192 4238 3253 4293 οὐ
3285 4235 3459 4306 φίλος,
3497 4234 3599 4323 οὐκ

328 4344 419 4390 tur
443 4335 512 4399 7",
544 4334 856 4389 obsederunt
912 4334 1141 4404 justum.
1179 4333 1355 4389 Porro
1381 4334 1473 4389 ille
1528 4334 1676 4390 solus
1704 4336 1902 4403 stabat,

2018 4322 2235 4405 οἰκεῖος,
2289 4339 2348 4391 οὐ
2381 4336 2669 4406 συγγενής.
2708 4332 2868 4404 Φέρει
2914 4348 3034 4395 πως
3080 4328 3191 4401 γὰρ
3246 4322 3601 4415 παραμυθίαν

329 4427 530 4499 populo
560 4427 613 4481 in
646 4427 848 4482 caedem
879 4425 1085 4490 hiante,
1145 4439 1210 4478 ac
1236 4424 1509 4480 homicida
1547 4425 1907 4495 undequaque

328 4519 595 4582 vallatus;
627 4532 693 4574 ac
724 4531 792 4573 ne
819 4531 961 4572 unus
992 4516 1209 4586 quidem
1237 4530 1334 4586 per
1361 4516 1413 4570 id
1450 4525 1660 4588 tempus
1690 4517 1911 4588 propior

2017 4433 2130 4494 τοῖς
2160 4425 2531 4483 κινδυνεύουσι
2556 4425 2617 4478 τὸ
2645 4423 2861 4495 βλέπειν
2888 4424 2953 4477 ὲκ
2979 4419 3073 4475 τοῦ
3101 4419 3367 4486 σύνεγγυς
3397 4413 3599 4486 παρόν-

2017 4537 2115 4584 τας
2141 4519 2294 4583 τινάς
2323 4517 2433 4570 τῶν
2462 4516 2773 4588 γνωρίμων.

332 4616 563 4671 aderat:
599 4628 707 4670 non
735 4612 967 4679 amicus,
997 4627 1104 4667 non
1138 4611 1453 4680 familiaris,
1491 4629 1596 4668 non
1627 4626 1908 4686 cognatus.
1950 4614 2204 4682 Quanlam
2238 4614 2381 4667 enim
2415 4615 2526 4666 haec
2552 4616 2603 4665 in
2657 4609 2892 4680 periculo
2935 4602 3244 4663 constitutis
3271 4597 3597 4667 consolatio,

410 4803 516 4859 Ubi
548 4814 729 4860 autem
757 4804 938 4875 magni
968 4804 1117 4860 illius
1156 4804 1473 4859 certaminis
1504 4804 1805 4859 altissimus
1828 4804 1916 4859 ille

333 4898 541 4969 positor
565 4910 630 4952 ae
653 4896 875 4962 vindex,
897 4895 1269 4950 necessarium
1311 4894 1588 4963 Stephano
1611 4894 1909 4962 adiutorem

336 4989 757 5045 animadvertit:
794 5002 1110 5058 quanquam
1138 4988 1279 5040 enim
1312 4986 1724 5043 strenuissimus
1771 5000 1909 5054 erat,

337 5080 590 5136 humanis
639 5091 817 5133 tamen
873 5079 1134 5147 agebatur
1162 5075 1442 5144 aliectibus
1483 5094 1496 5130 :
1527 5077 1575 5131 ei
1609 5063 1789 5132 statim
1821 5094 1917 5149 ap-

338 5182 512 5245 paret,
541 5180 704 5241 atque
740 5172 791 5224 in
824 5170 1019 5225 caelum
1056 5168 1377 5231 intendenti,
1424 5167 1618 5222 Filitttn
1650 5186 1678 5223 a
1710 5170 1918 5229 dextris

405 5290 450 5324 "
490 5289 635 5346 Psal.
682 5305 794 5355 XXI,
826 5289 912 5345 15.
990 5288 1034 5318 ⁷⁸
1078 5284 1206 5375 Leg.
1245 5285 1633 5355 σπαράξοντες.

409 5410 525 5483 (56)
576 5408 723 5483 Velut
753 5405 1362 5483 diluuialurividemini:
1405 5402 1581 5473 Lego,
1612 5374 1917 5475 σπαράξονί

339 5473 474 5548 τες,
510 5482 609 5534 levi
656 5480 953 5533 mutatione
989 5492 1123 5545 pro,
1178 5473 1534 5548 παράξοντες,
1579 5492 1681 5548 qua
1729 5473 1917 5530 tamen

343 5546 681 5608 nonltzviter
727 5560 952 5601 sanatur
995 5557 1189 5600 textus.
1247 5546 1337 5599 Su:
1388 5547 1526 5598 snitu
1574 5546 1763 5615 planus
1805 5562 1918 5595 ma-

346 5620 461 5687 net,
490 5637 610 5675 cum
647 5618 845 5689 alioqui
882 5617 1098 5672 diiiicile
1145 5616 1215 5672 sit
1251 5615 1521 5685 explicare
1546 5657 1559 5682 ,
1609 5616 1736 5687 quid
1788 5616 1923 5670 illud

216 4727 220 4732 '
332 4724 399 4767 ac
424 4709 667 4765 levamen
722 4718 824 4774 est,
852 4720 911 4764 ut
942 4723 1082 4779 quos
1140 4724 1209 4764 ex
1232 4710 1372 4765 notis
1410 4724 1442 4765 ο
1475 4709 2030 4781 propinquo‘videant
2063 4712 2400 4766 assisteutes.

2107 4807 2166 4859 '0
2185 4808 2242 4858 δὲ
2273 4804 2369 4858 vo?)
2403 4804 2638 4875 μεγάλου
2684 4801 3068 4871 ἀγωνίσματος
3102 4794 3307 4867 ὑψηλὸς
3333 4789 3605 4862 ἀγωνοθὲ-

2018 4915 2139 4969 της,
2179 4895 2535 4968 καταμαθὼν,
2569 4896 2645 4959 ὡς
2671 4895 2830 4967 χρεία
2857 4892 2935 4963 τῷ
2974 4889 3131 4962 ἀνδρὶ
3160 4885 3515 4957 παραστάτου
3533 4882 3604 4953 (εί

2020 4992 2130 5063 γὰρ
2160 4993 2253 5044 καὶ
2285 4990 2489 5059 σφόδρα
2528 4992 2778 5059 γενναῖος
2816 4983 2905 5058 ἦν,
2934 4985 3150 5045 πάντως
3180 4978 3350 5033 ἔπαθε
3395 4975 3465 5029 τὰ
3506 4976 3604 5028 ἀν-

2022 5083 2311 5155 θρώπινα),
2368 5082 2563 5154 ἀθρόον
2597 5081 2744 5152 αὐτῷ
2779 5081 3046 5150 φαίνεταιο
3083 5075 3179 5129 καὶ
3211 5071 3347 5143 πρὸς
3384 5068 3476 5122 τὸν
3515 5065 3607 5119 οὐ·

2025 5174 2185 5246 ρανὸν
2223 5176 2551 5241 ἁτενίσαντι,
2588 5174 2828 5228 δείκνυσι
2868 5172 2960 5225 καὶ
3012 5168 3104 5221 τὸν
3138 5165 3266 5218 Υἱὺν
3289 5160 3501 5215 ἑστῶτα
3539 5158 3604 5209 ὲκ

2031 5408 2372 5480 παράξοντες
2407 5411 2507 5464 hoc
2547 5408 2663 5462 loco
2705 5406 2857 5461 velit.
2903 5401 3037 5457 Nam
3074 5398 3221 5482 quod
3260 5396 3432 5482 reddit
3479 5393 3604 5482 llic:

2028 5477 2264 5542 cardus,
2309 5496 2437 5549 pene
2482 5488 2650 5550 mente
2696 5487 2878 5544 captos
2917 5490 3006 5526 nos
3050 5477 3335 5550 designatis
3355 5480 3605 5550 ,Jmllllﬂ

2029 5542 2438 5620 cuttgruit,'uec
2460 5549 2603 5605 aliud
2638 5542 2925 5616 cst,quam
2964 5542 3104 5598 male
3139 5542 3459 5596 divinantis.
