3896 6268
227 322 349 380 ἵνιὸ

1157 321 1438 378 ΙῙΟΜΙῌᾹ
1484 321 1600 379 XII.
1641 320 1707 377 IN
1747 319 2034 378 LAUDEII
2075 320 2137 377 S.
2186 319 2543 375 STEPHANI.

3388 319 3496 375 ΜΒ

228 437 431 505 δεξιῶν
474 436 532 490 ὲν
578 435 658 508 τῷ
684 435 785 506 τῆς
813 436 1219 506 ἀνθρωπήσεως
1290 438 1548 508 σχήματι.
1593 437 1657 490 Ὢ
1714 435 1816 505 τῆς

1929 440 2149 488 stantem
2184 432 2496 488 inhumana
2532 432 2701 505 forma
2739 430 2999 487 ostendit.
3028 429 3359 501 Oingentem
3400 433 3499 489 be-

229 529 682 601 φιλανθρωπίαςί
738 528 783 583 ὦ
836 528 934 598 τῆς
989 529 1358 600 ἀγαθοσύνηςί
1412 527 1686 598 Ἐπεφάνη
1736 525 1817 596 τῷ

226 623 447 694 ἀθλητῇ
497 622 638 693 ὑπὲρ
688 615 753 674 οὗ
797 621 1113 691 ⁴Ιιγωνίζετο·
1156 622 1249 675 καὶ
1306 621 1587 692 μονονουχὶ
1636 622 1816 690 ἀφῆκε

228 715 497 784 τοιαύτην
524 712 707 784 φωνὴν
744 712 879 784 πρὸς
926 713 1088 766 αὐτὸν
1116 714 1143 765 ὁ
1188 712 1298 765 τῶν
1322 713 1457 766 ὅλων
1494 712 1646 775 Θεός·
1690 715 1815 778 Μη-

228 803 349 860 δὲν
380 803 635 875 ἀγεννὲς
681 802 903 872 πάθῃς,
947 798 993 857 ὦ
1049 803 1334 873 Στέφανε.
1396 803 1625 858 Οὐδένα
1658 802 1817 871 ἔχεις

230 895 568 965 ἀνθρώπων
597 895 936 964 σύμμαχον·
960 892 1158 961 οὐδείς
1187 910 1287 949 σοι
1314 894 1657 963 παρέστηκε
1699 891 1819 947 τῶν

230 986 524 1055 pilare-ir
554 983 736 1054 καιρῷ
774 984 894 1038 τῶν
920 985 1168 1040 δεινῶν·
1207 985 1346 1040 ἀλλ’
1375 984 1490 1056 ἐγὼ
1520 984 1670 1055 μετὰ
1709 983 1817 1038 τοῦ

245 1076 589 1144 Ἀγαπητοῦ
642 1076 952 1130 ἐποπτεύω
1011 1076 1085 1130 τὰ
1139 1075 1429 1145 δρώμενα.
1490 1075 1756 1146 Ἑτοίμηὲ
1776 1075 1816 1144 ἠ

232 1165 606 1233 ἀνάπαυσις,
655 1167 1144 1238 ἀναπεπταμέναι
1194 1168 1301 1223 τοῦ
1351 1166 1719 1236 παραδείσου
1757 1168 1817 1220 αἱ

231 1260 449 1312 ablui.
506 1258 732 1327 Μικρὸν
776 1259 1153 1327 καρτερίσας,
1199 1257 1490 1312 κατάλιπε
1524 1256 1672 1321 ,ϐίον
1710 1254 1818 1309 τὸν

231 1351 632 1418 πρόσκαιρον,
666 1348 762 1403 καὶ
785 1349 1065 1404 σπεῦσον
1100 1348 1248 1417 πρὸς
1280 1346 1431 1415 ζωὴν
1462 1346 1576 1415 τὴν
1603 1345 1815 1409 ἀΐδιον,

233 1442 339 1495 καὶ
372 1441 719 1497 ἀτέλεστον.
762 1442 892 1495 Ἔτι
929 1439 1241 1511 τυγχάνων
1280 1438 1438 1508 ἐντῇ
1469 1438 1643 1507 σαρκὶ
1670 1437 1818 1503 ,ϐλέ-

230 1549 373 1598 πεις
397 1533 566 1597 Θεὸν,
597 1532 833 1603 πρᾶγμα
850 1530 1055 1599 πάσης
1073 1531 1398 1602 ἑγκοσμίου
1431 1532 1670 1600 φύσεως
1693 1529 1819 1599 μεῖ-

230 1625 361 1686 Cor.
425 1623 963 1695 Ἕμυστατωπηὶθης
1012 1622 1173 1690 παρὰ
1235 1620 1355 1675 τῶν
1404 1619 1821 1697 πρεσϐυτέρων

228 1717 620 1781 ἀποστόλων,
651 1716 741 1770 ὅτι
773 1720 806 1771 ό
833 1716 1035 1782 Πατὴρ
1074 1713 1196 1784 ἔχει
1224 1713 1357 1767 Υίὸν
1388 1712 1643 1782 γνήσιον
1674 1713 1819 1781 ἀγα-

231 1814 456 1875 πητόν.
497 1808 650 1864 Ἰδοὺ
702 1806 816 1876 ἐγὼ
848 1806 964 1876 μέν
991 1824 1090 1861 σοι
1129 1805 1348 1859 ἑαυτὸν
1378 1803 1691 1874 ἐμφανίζῖι),
1745 1804 1825 1869 ὡς

230 1896 500 1951 δύνασαι
546 1898 770 1967 φέρειν.
820 1896 1169 1964 Παρέστηκε
1214 1894 1282 1948 δέ
1328 1912 1431 1965 μοι
1458 1895 1556 1948 καὶ
1598 1898 1630 1949 ὁ
1692 1894 1824 1959 Υἱὸς

229 1991 304 2043 ἐκ
340 1988 576 2055 δεξιῶν,
605 1990 706 2044 ἵνα
736 1987 812 2057 τῇ
860 1987 1074 2057 σχέσει
1123 1986 1231 2042 τοῦ
1281 1987 1467 2040 τόπου
1510 1983 1667 2055 γνῷς
1710 1986 1825 2051 τὴν

229 2080 439 2149 τιμήν.
484 2078 913 2140 Ἐσκανδάλιζε
960 2080 1093 2132 τότε
1114 2078 1256 2144 τοὺς
1276 2077 1565 2141 πολλοὺς,
1595 2078 1647 2129 εὶ
1682 2075 1824 2141 Θεὸς

228 2170 309 2223 ἐν
335 2167 413 2239 γῇ
442 2165 1063 2237 σάρκαιπεριεόἀλετο·
1094 2168 1230 2222 ἀλλ’
1275 2167 1384 2236 ὅρα
1406 2166 1524 2221 νῦν
1543 2165 1729 2220 αὐτὸν
1754 2167 1861 2245 ἐν.

229 2259 319 2325 τῷ
347 2259 491 2328 ὕψει
520 2260 645 2329 μετ’
674 2258 823 2329 ἐμοῦ
845 2300 861 2326 ,
899 2257 1203 2327 οὐράνιον,
1263 2259 1362 2312 καὶ
1392 2257 1825 2327 ὐπερουρὰνιον

230 2348 500 2420 φέροντα
528 2349 638 2404 τοῦ
691 2348 1011 2419 ἀνθρώπου
1065 2348 1332 2418 μορφὴν,
1381 2351 1467 2416 είς
1494 2349 1825 2414 βεϐαίωσιν

229 2440 352 2510 τῆς
385 2442 777 2510 τελεσθείσης
800 2442 1161 2512 οίκονομίας.
1201 2439 1381 2508 ’Υπὲρ
1405 2441 1621 2495 τούτου
1647 2455 1824 2493 κατα-

229 2530 613 2599 λιθούμενος,
652 2529 740 2600 μὴ
767 2528 1065 2598 όχλάσῃς,
1088 2528 1175 2599 μὴ
1216 2529 1545 2598 ἁτονήσῃς.
1574 2528 1825 2584 Βλέπων

231 2621 307 2674 δὲ
363 2621 472 2673 τὸν
515 2620 908 2691 ἀγωνοθέτην,
956 2619 1040 2690 μὴ
1099 2619 1368 2690 φοϐηθῇς
1424 2621 1532 2675 τὸν
1598 2619 1823 2689 ἀγῶνα.

236 2712 433 2779 ’Λςι-ες
475 2710 543 2764 τὸ
568 2711 760 2780 σῶμα,
788 2710 1175 2780 καταφρονῶν
1217 2712 1297 2777 ὡς
1334 2711 1562 2782 δεσμὸν
1588 2710 1820 2781 γήϊνον,

232 2802 321 2867 ὡς
353 2798 522 2855 οἷκον
544 2803 789 2870 σαθρὸν,
805 2804 886 2867 ὡς
904 2804 1124 2870 σκεῦος
1157 2804 1452 2872 κεραμέως
1465 2804 1819 2873 εὕςρθαρτον.

248 2891 582 2962 ’.ινάὸραμε
623 2894 774 2962 πρὸς
828 2893 943 2961 τὴν
997 2892 1210 2947 ἐνθάδε
1260 2892 1447 2963 λῆξιν
1483 2894 1820 2962 ἐλεύθερος-ο

233 2982 474 3048 ἕτοιμος
514 2985 625 3053 γάρ
662 3001 762 3038 σοι
806 2983 915 3051 τῆς
968 2983 1368 3054 ἀνδραγαθίας
1413 2988 1447 3039 ό
1500 2985 1820 3054 στέφανος.

235 3073 585 3141 Μετάστηθι
627 3075 776 3142 πρὸς
821 3075 929 3128 τὸν
961 3076 1219 3144 οὐρανὸν
1246 3076 1315 3130 ἐκ
1340 3076 1449 3144 τῆς
1472 3075 1604 3145 γῆς.
1639 3078 1824 3145 ’Λφες

235 3165 309 3218 τὸ
343 3165 516 3233 σῶμα
553 3164 676 3230 τοῖς
696 3167 1059 3234 μιαιφόνοις,
1097 3167 1177 3232 ὡς
1203 3166 1416 3236 βρῶμα
1436 3166 1601 3220 κυσί.
1633 3165 1823 3218 Kurd-

233 3256 385 3307 λιπε
405 3251 735 3306 λυσσῶντα
767 3252 985 3322 δῆμον,
1013 3254 1112 3308 καὶ
1152 3254 1295 3309 ἐλθὲ
1333 3254 1483 3324 πρὸς
1515 3252 1699 3324 χορόν
1719 3254 1825 3323 ἀγ-

236 3342 459 3414 γέλων.

310 3436 472 3491 Μετὰ
511 3435 717 3509 ταύτης
761 3438 863 3509 τῆς
922 3437 1148 3510 γνώμης
1199 3441 1227 3492 ὁ
1270 3438 1403 3503 Θεὸς
1454 3438 1699 3510 ἐπεφάνη
1746 3438 1826 3510 τῷ

234 3529 519 3603 καρτερῷ,
564 3530 651 3583 ἵνα
701 3531 854 3601 μήτι
908 3530 1056 3602 πάθῃ
1110 3530 1303 3597 δειλὸν,
1344 3532 1438 3585 καὶ
1479 3532 1577 3603 τὴν
1626 3530 1826 3604 πολλὴν

234 3622 452 3694 ὲκλύσῃ
490 3623 802 3694 προθυμίαν
834 3622 913 3694 τῷ
946 3623 1165 3694 μεγέθει
1206 3624 1299 3678 τοῦ
1338 3624 1530 3694 φόϐου.
1574 3624 1663 3677 Διὸ
1700 3623 1824 3678 οὔτε

235 3716 477 3785 ἄγγελον
505 3714 653 3787 αὐτῷ
680 3715 893 3787 ἔπεμψε
921 3716 1235 3787 βοηθὸν,.ὠς
1279 3720 1391 3781 τοῖς
1423 3717 1738 3781 ἀποστόλοις
1768 3717 1826 3771 ὲν

231 3806 320 3879 τῷ
346 3808 723 3880 δεσμωτηρίῳ·
746 3806 870 3862 οὔτε
907 3808 1028 3862 τινὰ
1058 3808 1288 3880 δύναμιν
1315 3809 1711 3881 λειτουργικὴν,
1732 3810 1828 3864 καὶ

234 3899 551 3971 ὁμόδουλον.
604 3900 720 3953 ἀλλ’
770 3900 934 3964 αὐτὸς
964 3900 1155 3955 ἑαυτὸν
1184 3902 1520 3970 ἐνεφάνισεν.
1580 3901 1827 3973 Ἀπαρχῂ

234 3992 354 4063 γὰρ
379 3991 596 4059 ἐγένετο
622 3991 744 4044 τότε
765 3990 864 4044 τοῦ
900 3992 1225 4064 μαρτυρίου,
1261 3994 1355 4046 καὶ
1381 3991 1487 4045 ἔδει
1517 3992 1580 4046 τὸ
1612 3993 1827 4064 πρῶτον

237 4084 408 4157 ἔργον
450 4082 825 4152 τελειωθῆναι·
880 4083 968 4138 ἵνα
1020 4085 1069 4136 οἱ
1126 4084 1254 4153 ἑξῆς
1315 4084 1827 4156 ἐποικοδομούμενοι

241 4174 549 4246 μάρτυρες,
570 4173 796 4244 ἰσχυρὰν
814 4173 1022 4227 λάϐωσι
1055 4173 1147 4227 τοῦ
1177 4174 1340 4247 ζήλου
1373 4174 1470 4245 τὴν
1492 4175 1825 4247 ύποὸἀθραν,

238 4265 343 4319 καὶ
374 4263 450 4334 μὴ
487 4263 692 4327 δειλίας
720 4264 987 4333 γένωνται
1027 4266 1286 4338 μιμηταίο
1326 4267 1464 4338 ὅπερ
1492 4266 1558 4340 δὴ
1610 4269 1705 4320 καὶ
1736 4269 1828 4321 ἐπὶ

240 4354 357 4408 τῶν
409 4351 604 4407 κοινῶν
642 4352 915 4424 πολέμων.
946 4349 1042 4417 Εἷς
1095 4353 1204 4424 γὰρ
1245 4352 1583 4425 στρατιώτης
1613 4353 1828 4425 πρόμα-

1927 526 2276 597 oignitatent‘i
2310 525 2355 580 Ο
2387 527 2578 582 miram
2618 524 2951 581 bonitatem!
2990 525 3157 595 Pugili
3189 539 3248 579 se
3278 527 3497 595 conspi-

1924 638 2085 677 cuum
2133 622 2362 692 praebuit
2422 623 2468 676 is
2522 638 2618 692 pro
2658 638 2764 691 quo
2797 621 2887 676 ille
2935 620 3199 685 certabat,
3229 617 3497 687 talemque

1923 712 2306 781 propemodum
2396 713 2770 768 universorum
2834 713 2976 766 Deus
3028 712 3095 767 ad
3139 727 3261 765 eum
3306 724 3494 765 vocem

1924 800 2140 856 demisit
2162 818 2175 853 :
2206 799 2304 854 Eia
2328 799 2612 869 Stephants,
2633 817 2694 854 ne
2710 801 2835 869 quid
2859 800 3079 869 patiaris
3102 797 3363 866 degeneris
3379 796 3498 848 ani-

1923 893 2019 944 mi.
2073 891 2387 964 Quanquam
2450 893 2589 945 enim
2630 892 2831 944 nullum
2879 892 3140 943 hominem
3186 888 3366 950 habes,
3408 886 3496 955 qui

1923 984 2215 1041 auxiliatur
2235 1027 2249 1048 ,
2284 982 2561 1048 nullusque
2588 984 2787 1036 amicus
2814 982 2909 1035 tibi
2933 992 3122 1050 pra‘sto
3149 981 3215 1034 sit
3241 996 3497 1034 (erumna-

1924 1095 2039 1133 rum
2063 1071 2311 1144 tempore,
2365 1091 2456 1144 ego
2506 1072 2846 1128 nihilominus
2895 1090 2999 1126 una
3026 1089 3141 1125 cum
3172 1071 3391 1138 Dilecto,
3434 1086 3495 1122 ea

1921 1187 2040 1236 quae
2068 1170 2201 1240 ﬁunt
2243 1167 2473 1221 observo.
2527 1165 2729 1220 Pra’stu
2778 1167 2978 1234 requies
3018 1175 3127 1229 est;
3159 1172 3334 1232 patent
3365 1177 3492 1215 rese-

1924 1272 2056 1318 rata:
2080 1260 2317 1331 paradisi
2344 1268 2531 1329 portat.
2584 1255 2885 1322 Parumper
2930 1257 3211 1321 sustinens,
3244 1265 3500 1323 tempora-

1925 1369 2072 1423 neam
2110 1353 2264 1404 istam
2302 1351 2457 1403 vitam
2504 1349 2701 1411 desere,
2745 1364 2810 1401 ac
2848 1348 2916 1400 ad
2935 1346 3501 1411 a'ternam,immorta-

1923 1444 2123 1511 lemque
2144 1441 2416 1499 contende.
2437 1440 2624 1493 Adhuc
2655 1440 2843 1505 degens
2878 1439 2933 1491 in
2960 1454 3115 1491 carne
3143 1436 3307 1490 Deum
3324 1435 3495 1498 vides;

1923 1535 2060 1604 quod
2084 1532 2238 1603 plane
2262 1531 2545 1584 mundana:
2572 1530 2739 1582 omnis
2767 1536 2971 1582 naturte
3000 1536 3205 1594 superet
3228 1528 3382 1580 vires.
3406 1523 3499 1579 Sa-

1925 1641 2071 1679 crum
2096 1624 2236 1678 istud
2262 1624 2499 1693 mysterii
2523 1620 2770 1685 accepisti
2800 1636 2833 1672 a
2879 1619 3169 1673 senioribus
3206 1615 3494 1685 apostolis,

1927 1716 2166 1778 Patrem,
2196 1729 2371 1768 verum
2396 1711 2582 1765 habere
2608 1709 2809 1763 Filium
2836 1709 3084 1762 dilectum
3110 1750 3124 1770 ,
3163 1723 3299 1760 nunc
3322 1714 3497 1758 autem

1856 1792 1899 1851 Β
1928 1802 2020 1855 tibi
2058 1818 2175 1855 eum
2207 1800 2447 1861 ostendo,
2475 1809 2728 1863 quantum
2757 1813 2848 1863 per
2884 1785 3123 1848 mortalis
3146 1794 3498 1848 conditionem

1922 1893 2061 1960 ferre
2090 1901 2252 1961 potes.
2287 1892 2437 1943 Astat
2469 1900 2641 1942 autem
2674 1889 2832 1941 etiam
2864 1887 2992 1941 mihi
3028 1885 3202 1940 Filius
3227 1903 3257 1937 a
3278 1883 3495 1944 dextris,

1922 1990 1981 2036 ut
2006 1982 2210 2051 exipso
2236 1981 2363 2043 situ,
2385 1980 2438 2033 in
2465 1995 2568 2049 quo
2620 1979 2685 2032 sit
2725 1978 2920 2030 honore
2966 1991 3268 2045 cognoscas.
3316 1970 3497 2025 Multis

1924 2076 2048 2131 olim
2070 2073 2322 2129 scandala
2350 2074 2477 2143 fuit,
2508 2082 2562 2125 ut
2605 2071 2744 2124 Deus
2771 2085 2929 2122 carne
2961 2068 3176 2120 indutus
3204 2072 3501 2118 versaretur

1922 2169 1979 2223 in
2016 2168 2200 2231 terris;
2225 2182 2361 2219 nunc
2389 2175 2585 2229 autem,
2640 2162 2912 2217 sublimem
2946 2175 3143 2212 mecum
3176 2155 3498 2223 conspicare,

1923 2263 2175 2315 cmlestem
2202 2274 2266 2311 ac
2293 2256 2435 2311 caelis
2474 2258 2741 2317 altiorem,
2769 2261 3057 2323 gestantem
3113 2247 3339 2302 hominis
3389 2244 3502 2311 [or—

1924 2366 2083 2409 mam.
2114 2358 2169 2402 ut
2199 2350 2506 2417 perlectam,
2538 2345 2948 2412 completamque
2991 2340 3172 2395 carnis
3227 2339 3502 2406 dispensa-

1924 2441 2115 2492 tionem
2144 2438 2341 2507 probet.
2377 2435 2509 2488 Eam
2540 2434 2603 2488 ob
2658 2451 2767 2489 rem
2805 2434 3068 2501 lapidibus
3124 2431 3409 2498 appetitus,
3439 2441 3502 2478 ne

1923 2529 2384 2593 succumbas,neve
2411 2527 2672 2596 [atigeris,
2704 2535 2795 2577 aut
2834 2525 3166 2593 languescas.
3196 2520 3298 2585 Qui
3316 2534 3499 2572 cernas

1924 2618 2225 2671 certaminis
2263 2618 2561 2686 pra’sidem,
2595 2631 2657 2668 ne
2711 2622 2972 2667 certamen
3010 2607 3502 2676 pertimescas..l)i~

1924 2709 2073 2763 mitte
2102 2726 2311 2777 corpus,
2346 2709 2517 2777 ipsum
2544 2707 2842 2774 despicatus
2864 2718 2919 2757 ut
2949 2714 3190 2757 terrestre
3215 2701 3498 2762 vinculum,

1924 2790 1980 2852 ut
2035 2801 2303 2852 ruinosam
2360 2815 2422 2850 ac
2477 2796 2815 2851 collabentem
2848 2796 3081 2855 domum,
3118 2800 3174 2844 ut
3207 2786 3303 2844 ι·αέ
3323 2787 3497 2858 figuli,

1923 2893 2063 2962 quod
2092 2891 2248 2960 facile
2277 2890 2649 2959 confringitur.
2694 2889 2926 2942 Accurre
2976 2886 3105 2938 liber
3131 2885 3198 2936 ad
3223 2897 3505 2950 supernam

1925 2976 2059 3036 hanc
2081 2983 2404 3037 hwreditatis
2431 2992 2641 3035 sortem.
2670 2977 2878 3033 Prtesto
2907 2991 3127 3045 namque
3154 2975 3247 3027 tibi
3266 2981 3342 3026 est
3368 2987 3505 3040 pra:-

1927 3074 2059 3127 clari
2090 3074 2248 3143 hujus
2282 3073 2581 3140 strenuique
2610 3070 2868 3138 facinoris
2930 3083 3142 3121 corona.
3193 3066 3235 3118 Α
3284 3074 3421 3116 terra
3447 3062 3503 3115 in

1927 3167 2111 3220 uelum
2146 3165 2455 3233 commigra.
2488 3164 2616 3218 Sine
2642 3178 2828 3231 corpus
2864 3159 3163 3221 homicidia,
3192 3156 3333 3210 haud
3355 3170 3502 3207 secus

1925 3273 1988 3309 ac
2011 3272 2184 3310 escam
2217 3255 2455 3309 canibus.
2488 3250 2536 3304 F
2543 3262 2775 3305 urentem
2827 3251 3162 3317 rabidamque
3212 3243 3507 3299 multitudi-

1925 3364 2040 3403 nem
2070 3348 2268 3410 desere,
2297 3356 2451 3415 atque
2480 3322 2787 3413 angelorum
2816 3341 2986 3395 choris
3016 3341 3221 3393 accede.

2008 3438 2122 3493 Hoc
2151 3452 2283 3492 sane
2308 3435 2609 3505 proposito,
2640 3432 2766 3487 forti
2801 3433 2943 3487 Dens
2984 3427 3360 3496 constantique
3385 3426 3505 3479 viro

1926 3527 2200 3598 apparuit,
2260 3539 2327 3579 ne
2375 3524 2422 3578 is
2474 3523 2667 3577 timore
2723 3520 3039 3592 perculsus,
3088 3516 3503 3575 succumberet,

1927 3634 2064 3676 neve
2094 3617 2476 3688 magnanimus
2501 3611 2864 3682 impendentis
2907 3610 3032 3664 tuali
3070 3607 3379 3679 granditate
3420 3605 3503 3657 vi-

1927 3722 2070 3777 ctus,
2109 3711 2296 3764 animo
2325 3714 2790 3764 consternaretur.
2834 3702 3094 3769 Quocirca
3125 3712 3299 3768 neque
3346 3696 3504 3750 auxi-

1928 3805 2144 3861 liarium
2180 3802 2228 3857 ei
2266 3802 2516 3871 angelum
2561 3798 2731 3862 misit,
2799 3807 2857 3850 ut
2912 3805 3098 3864 postea
3154 3790 3412 3861 apostolis
3449 3788 3505 3842 iu

1928 3910 2150 3953 carcere
2177 3895 2265 3961 7’;
2303 3906 2480 3958 neque
2511 3890 2743 3960 aliquam
2776 3904 2844 3942 ex
2887 3881 3223 3940 administris
3270 3897 3335 3937 ac
3374 3896 3508 3937 con-

1928 3989 2102 4046 servis
2136 3987 2449 4050 virtutibus,
2483 3984 2577 4040 sed
2607 3983 2720 4052 ipse
2745 3978 3093 4046 semetipsum
3148 3974 3322 4044 palam
3346 3973 3503 4029 exlti-

1927 4080 2065 4136 buit.
2103 4078 2257 4132 Tunc
2284 4073 2552 4147 siquidem
2606 4070 2858 4143 primitiae
2886 4068 3187 4139 agebantur
3236 4062 3507 4135 martyrii,

1929 4164 2153 4241 eratque
2176 4182 2353 4236 Operae
2389 4165 2621 4237 pretium
2648 4170 2705 4217 ut
2732 4162 2962 4230 primum
2991 4173 3126 4227 opus
3145 4172 3304 4225 quam
3336 4156 3510 4214 maxi-

1932 4279 2020 4318 me
2056 4260 2356 4315 absolutum
2380 4258 2553 4314 foret:
2586 4270 2695 4326 quo
2740 4252 2937 4308 futuris
2968 4251 3219 4319 deinceps
3254 4249 3508 4316 tempori-

1928 4355 2031 4410 bus
2080 4350 2558 4422 superexstruendi
2637 4354 2906 4417 martyres
2958 4344 3168 4397 ﬁrmam
3218 4340 3509 4395 tumulandi

239 4464 363 4518 χος,
414 4447 443 4499 b
479 4444 574 4499 τοῦ
612 4444 774 4516 ἔργου
808 4445 1106 4518 παρασχὼν
1147 4445 1207 4498 τὸ
1253 4445 1553 4517 ἐνδόσιμον·
1598 4447 1825 4515 νικήσας

1929 4444 2262 4515 crepidinem
2310 4442 2593 4510 basimque
2651 4438 2981 4506 acciperent,
3031 4447 3132 4488 nec
3177 4431 3405 4502 ignaviae
3436 4447 3501 4482 ac

244 4539 352 4612 μὲν
402 4540 494 4591 καὶ
532 4538 943 4611 ἀνδρισάμενος,
975 4540 1186 4602 πάντας
1218 4540 1346 4603 τοὺς
1382 4538 1543 4603 ίδίους
1570 4540 1827 4613 ἀπέρῤω-

242 4647 331 4695 σε,
354 4630 452 4683 καὶ
494 4630 620 4694 τοὺς
648 4630 1001 4693 ὑπεναντίους
1036 4628 1396 4700 κατέπληξεν·
1431 4630 1655 4695 ἀσθενὲς
1688 4630 1745 4684 δέ
1773 4648 1826 4684 τι

240 4720 463 4783 παθὼν,
511 4722 673 4786 εὐθὺς
709 4721 981 4793 κατακλᾷ,
1011 4721 1104 4775 καὶ
1137 4720 1339 4786 δειλίας
1368 4722 1567 4794 πληροῖ
1592 4722 1690 4785 τὰς
1716 4720 1825 4776 τῶν

241 4814 537 4886 ὁμοφύλων
576 4814 777 4891 ιῙςυχὰς,
806 4815 901 4868 καὶ
949 4814 1126 4885 φυγῆς
1153 4817 1362 4883 γίνεται
1403 4812 1673 4886 σύνθημα.
1727 4813 1825 4869 Διὰ

240 4905 423 4960 ταῦτα
454 4905 552 4976 μὲν
579 4907 608 4959 ὁ
633 4905 766 4969 Θεὸς
787 4905 1076 4977 οὐρανόθεν
1107 4906 1301 4977 ἐφάνη.

1936 4535 2246 4591 timiditatis
2282 4532 2586 4588 imitatores
2632 4529 2948 4593 evaderent,
2982 4524 3060 4579 ιιιί
3098 4538 3231 4580 sane
3262 4523 3314 4577 in
3359 4536 3510 4576 com-

1937 4626 2190 4681 munibus
2217 4624 2393 4690 bellis,
2422 4639 2486 4677 ac
2517 4639 2637 4693 qua:
2662 4623 2898 4675 humano
2921 4626 3182 4685 geruntur
3210 4631 3331 4682 usu,
3363 4613 3511 4670 acci-

1933 4721 2032 4777 dit.
2058 4716 2212 4772 Unus
2237 4716 2380 4771 enim
2420 4715 2543 4785 quis
2589 4713 2974 4783 antesignanus
3006 4709 3162 4764 utiles
3194 4709 3321 4763 dato
3356 4706 3516 4775 signo

1928 4826 2062 4881 opus
2074 4808 2413 4880 aggreditur:
2438 4815 2600 4876 utque
2631 4803 2678 4860 si
2696 4804 2740 4860 is
2753 4803 2981 4858 viriliter
2995 4817 3159 4872 agens
3186 4800 3359 4854 victor
3380 4812 3507 4855 eva-

1929 4903 2083 4966 serit,
2119 4913 2351 4956 suorum
2407 4898 2649 4953 omnium
2701 4896 2863 4966 erigit
2923 4895 3154 4959 animos,
3187 4893 3509 4963 ﬁrmatque;

243 4996 685 5051 adversariorum
713 5010 842 5049 vero
871 5003 1204 5062 consternat,
1242 5012 1306 5050 ac
1353 4995 1571 5063 dejicit;
1626 4996 1712 5050 sin
1771 5003 1950 5051 autem
2014 4990 2247 5048 imbellis
2308 4990 2659 5059 ignavusque,
2733 5002 2921 5058 parum
2977 4985 3104 5054 quid
3141 4979 3510 5041 succubuerit,

240 5087 395 5143 illico
429 5084 811 5140 contribulium
842 5100 1063 5140 suorum
1112 5087 1315 5157 frangit
1360 5088 1593 5150 animos,
1628 5103 1828 5157 eosque
1869 5099 2062 5157 segnes
2092 5100 2315 5155 prorsus
2367 5097 2432 5137 ac
2495 5083 2720 5153 ignavos
2750 5080 2971 5149 reddit,
3005 5077 3252 5150 fugaque
3281 5075 3511 5132 edicitur

241 5189 481 5232 tessera.
534 5176 647 5232 Iiac
696 5176 851 5246 plane
899 5179 966 5232 de
1024 5193 1185 5233 eausa
1246 5180 1385 5233 Deus
1440 5195 1470 5234 e
1504 5181 1643 5233 cmlo
1673 5180 1943 5248 apparuit.

331 5273 389 5324 Ὀ
412 5270 467 5323 δὲ
491 5274 589 5343 τῆς
619 5271 858 5342 μεγάλης
877 5272 1140 5336 ὀπτασίας
1172 5272 1446 5339 ἀξιωθεὶς,
1473 5271 1592 5336 οἵας
1615 5273 1715 5326 οὐκ
1740 5274 1840 5328 ἅλ’
1916 5326 1921 5329 -

243 5360 361 5425 λος,
416 5360 477 5413 ού
525 5359 756 5431 κατέσχε
796 5364 999 5433 σιωπῇ,
1035 5360 1177 5432 ἆπερ
1226 5361 1353 5415 ῐδεν·
1398 5361 1511 5414 ἀλλ’
1536 5360 1698 5425 εὐθὺς
1747 5364 1838 5427 ἐξ·-

244 5451 495 5521 εϐόησεν·
561 5449 717 5506 Ἰδοὺ
763 5451 956 5519 θεωρῶ
998 5451 1140 5519 τοὺς
1204 5453 1502 5520 οὐρανοὺς
1547 5452 1840 5522 draconte-

244 5560 421 5610 γους,
469 5543 570 5597 και
628 5541 738 5599 τὸν
807 5544 947 5601 Υἱὸν
998 5543 1103 5599 τοῦ
1154 5543 1466 5610 ἀνθρώπου
1509 5543 1579 5599 ἐκ
1625 5543 1839 5609 deﬁnio"

326 5747 371 5781 "
409 5747 530 5803 Act.
566 5764 618 5815 ι’,
658 5750 753 5811 I9;
796 5764 896 5814 ιιι,
928 5750 960 5804 6
987 5765 1108 5818 sqq.

2008 5272 2075 5324 At
2113 5269 2454 5339 Stephanus,
2493 5282 2683 5337 magna
2726 5281 2790 5321 ea
2848 5263 3055 5319 visione
3082 5261 3366 5330 dignatus,
3402 5269 3508 5323 qua

1937 5378 2036 5418 nee
2066 5362 2206 5416 alius
2263 5361 2580 5431 quisquam,
2608 5374 2713 5413 non
2741 5359 3042 5427 suppressit
3062 5351 3275 5407 silentio
3298 5363 3362 5403 ea
3389 5363 3508 5417 qua:

1942 5456 2173 5522 viderat,
2203 5453 2299 5510 sed
2327 5453 2514 5508 statim
2546 5451 2876 5513 exclamans,
2908 5450 3028 5502 ait-z
3066 5445 3202 5498 Ecce
3232 5442 3380 5495 video
3416 5453 3510 5492 εω-

1935 5549 2011 5603 los
2036 5557 2265 5618 apertos,
2295 5555 2343 5601 et
2372 5542 2570 5599 Filium
2600 5542 2824 5598 hominis
2850 5551 3070 5595 stantem
3098 5554 3131 5592 a
3157 5534 3356 5590 dextris
3388 5531 3503 5587 Dei.
