3892 6272
420 332 523 388 5|?

1690 336 1749 392 S.
1790 334 2065 393 ASTERII
2103 332 2407 391 AMASENI

3554 327 3662 382 3‘8

422 452 851 525 Rebaturenitn
885 451 1067 506 statim
1114 465 1177 507 ac
1216 452 1474 508 visionem
1525 454 1897 519 enuntiasset,
1930 468 1989 508 se

2102 454 2321 507 ἑστῶτα
2348 452 2453 505 τοῦ
2479 447 2647 505 Θεοῦ.
2695 446 2941 517 Ἐνόμισε
2974 444 3083 515 γὰρ
3106 444 3222 516 ἅμα
3247 460 3341 497 του
3375 443 3662 512 ἐξαγορεῦ-

426 544 730 601 incrednlos
775 545 840 599 ad
870 560 1148 602 assensum
1201 545 1577 614 pellecturutn.
1618 548 1691 603 At
1725 548 1818 613 illi,
1849 548 1988 603 dicta

427 647 678 705 tanquam
711 637 802 691 ira:
824 677 841 703 ,
881 637 1207 706 maiorisque
1243 635 1442 692 furoris
1477 639 1813 693 irritamenta
1841 641 1991 694 exci-

425 727 632 792 pientes
656 766 670 789 ,
706 742 769 780 ac
803 727 956 796 quasi
1011 728 1076 779 ad
1105 727 1265 780 verba
1306 728 1648 796 blasphemiae
1687 742 1848 782 aures
1895 728 1991 782 ob-

424 825 714 878 struentes,
742 831 801 870 se
826 818 1066 884 protinus
1091 816 1156 870 ad
1178 818 1379 871 caedem
1406 817 1777 872 act-inserunt.
1801 818 1991 872 Estra-

410 902 615 979 ltentes
646 916 772 956 vero
796 913 946 958 extra
982 888 1251 960 civitatem
1286 905 1665 960 Cbristil‘erttm
1692 906 1987 969 hominem,

424 994 515 1061 qni
546 993 858 1063 patientiam
916 1005 1152 1065 gestaret
1184 991 1282 1051 ὐιὶ
1319 995 1577 1052 Dominus
1608 1012 1845 1061 crucem,
1874 1011 1989 1050 ana-

423 1084 534 1137 lum
579 1088 721 1139 malo
749 1098 976 1155 curant;
1014 1088 1266 1157 necisque
1295 1104 1426 1144 nece
1470 1089 1988 1156 depelluntcrimen,

423 1190 486 1227 ac
520 1176 664 1230 cruci
696 1177 901 1247 lapides
934 1179 1155 1235 addunt.
1183 1179 1315 1233 Cum
1346 1190 1524 1233 autem
1554 1187 1639 1233 ter
1666 1180 1877 1234 beatum
1910 1180 1989 1234 vi-

426 1279 545 1318 rtttn
601 1268 652 1319 in
693 1270 922 1336 quadam
959 1279 1115 1323 terra:
1155 1269 1376 1338 planitie
1410 1270 1761 1336 statuissent,
1796 1285 1991 1339 proce-

425 1370 568 1422 rum,
601 1358 839 1426 inquam,
873 1360 997 1413 illud
1020 1375 1235 1428 corpus,
1263 1360 1534 1415 excelsum
1560 1374 1666 1431 que
1694 1374 1988 1432 martyrum

426 1459 714 1516 tropaeum;
759 1466 990 1519 emtique
1019 1451 1256 1519 undique
1285 1452 1336 1505 in
1390 1452 1573 1506 orbem
1609 1452 1994 1509 conclusissem

425 1542 802 1609 sanguinarius
855 1542 943 1596 ille
1015 1559 1078 1596 ac
1122 1544 1412 1599 iracundus
1458 1545 1715 1615 populus;
1768 1560 1831 1601 ac
1872 1561 1989 1599 eam

424 1631 616 1685 imitati
642 1674 656 1695 ,
694 1649 853 1701 quam
880 1635 931 1687 itt
977 1635 1130 1688 bellis
1156 1635 1416 1706 άγηνίαν,
1445 1652 1507 1689 ac
1541 1652 1732 1706 pugna:
1768 1638 1991 1707 impres-

423 1722 628 1775 sionem
670 1733 895 1786 vocant,
943 1723 1209 1792 lapidibus
1247 1735 1503 1793 appetunt
1541 1727 1990 1795 summangularis

2096 565 2184 600 σαι
2217 546 2316 617 τὴν
2338 545 2622 605 ὀπτασίαν,
2650 542 2774 603 τοὺς
2798 539 3069 601 ἀπίστους.
3093 537 3315 591 ἐλκῦσαι
3347 538 3426 600 είς
3457 552 3663 604 συγκα-

2091 636 2325 690 τάθεσιν.
2359 637 2421 688 Οί
2454 634 2530 698 δὲ,
2567 633 2627 692 τὸ
2670 629 2858 700 λεχθὲν
2903 626 3147 688 πλείονος
3187 625 3357 696 ὀργῆς
3411 625 3507 677 καὶ
3554 640 3662 693 μα·

2092 726 2210 788 νίας
2256 726 2508 796 ἀφορμὴν
2558 722 2928 792 ποιησάμενοι,
2984 715 3414 788 ἐπιφραξάμενοί
3457 731 3519 767 τε
3559 714 3662 777 τὰς

2093 816 2263 879 ἀκοὰς
2291 816 2426 887 πρὸς
2453 815 2542 867 τὸν
2575 813 2751 881 λόγον,
2783 811 2857 873 ὡς
2884 808 3218 879 βλάσφημον,
3250 808 3453 876 εἴχοντο
3482 822 3662 875 παρα-

2093 907 2283 979 χρῆμα
2316 905 2409 959 τοῦ
2456 904 2634 975 φόνου.
2684 901 3038 961 Ἐλκύσαντες
3079 898 3137 950 δὲ
3179 897 3284 963 ἔξω
3316 897 3413 965 τῆς
3454 894 3663 956 πόλεως

2090 1001 2182 1055 τὸν
2218 999 2589 1072 Χριστοφόρον
2617 995 2918 1065 ἄνθρωπον,
2956 990 3291 1062 βαστάζοντα
3332 988 3429 1059 τὴν
3457 988 3664 1056 ὑπομο-

2093 1090 2209 1162 νὴν,
2246 1091 2321 1154 ὡς
2352 1091 2381 1142 ὁ
2409 1091 2614 1161 Κύριος
2645 1091 2737 1143 τὸν
2780 1090 3031 1161 σταυρὸν,
3058 1086 3213 1159 κακῷ
3251 1088 3311 1141 τὸ
3344 1085 3510 1140 κακὸν
3540 1083 3664 1136 ἰῶν-

2092 1200 2203 1244 ται,
2265 1183 2358 1235 καὶ
2442 1181 2586 1253 φόνῳ
2658 1182 2799 1253 ὑπὲρ
2850 1180 2942 1234 τοῦ
3010 1182 3176 1250 φόνου
3241 1175 3662 1244 ἀπολογοῦνται,

2092 1273 2185 1327 καὶ
2225 1272 2304 1343 τῷ
2338 1272 2554 1343 σταυρῷ
2594 1273 2719 1337 τοὺς
2762 1271 2941 1335 λίθους
2973 1271 3318 1324 συνάπτουσι.
3361 1268 3665 1337 Στήσαντες

2090 1362 2147 1418 δὲ
2189 1364 2279 1417 τὸν
2344 1363 2746 1435 τρισμακάριον
2804 1362 2896 1416 ἐπί
2940 1380 3086 1426 τινος
3130 1360 3372 1414 ἰσοπέδου
3437 1356 3663 1429 χωρίου,

2089 1456 2151 1508 τὸ
2217 1456 2427 1527 μακρὸν
2493 1457 2668 1509 ἐκεῖνο
2715 1455 2893 1525 σῶμα,
2960 1455 3054 1508 καὶ
3121 1453 3322 1524 ὑψηλὸν
3379 1451 3488 1504 τῶν
3525 1464 3666 1519 μαργ

2090 1546 2269 1619 τύρων
2306 1548 2582 1619 τρόπαιον·
2609 1547 2704 1601 καὶ
2727 1547 2909 1618 κύκλῳ
2940 1547 3288 1619 περισχόντες
3313 1543 3474 1598 αὐτὸν
3499 1544 3527 1595 ὁ
3551 1541 3667 1593 τῶν

2092 1638 2337 1707 αἱμάτων
2360 1639 2454 1691 καὶ
2474 1639 2573 1710 τῆς
2596 1638 2763 1711 ὀργῆς
2789 1641 2978 1711 δῆμος,
3005 1639 3097 1692 καὶ
3119 1638 3215 1707 τὴν
3245 1635 3408 1689 καλου
3418 1634 3582 1705 μένην
3606 1633 3667 1685 ἐν

2092 1732 2203 1793 τοῖς
2224 1730 2479 1800 πολέμοις
2502 1731 2873 1801 μιμησάμενοι
2901 1730 3134 1800 ἀγηνίαν
3157 1730 3248 1792 ⁷⁸⁸,
3278 1726 3465 1779 ἔϐαλον
3495 1723 3666 1785 λίθοις

411 1811 568 1865 illius
596 1812 787 1881 lapidis
817 1815 1098 1869 diaconum
1130 1832 1470 1886 :acquzeque
1495 1818 1711 1887 quidem
1738 1818 1991 1875 llebraao-

2102 1821 2182 1874 τὸν
2212 1821 2306 1874 τοῦ
2339 1822 2730 1894 ἀκρογωνιαίου
2757 1822 2901 1875 λίθου
2936 1822 3199 1876 διάκονον·
3236 1818 3330 1872 καὶ
3359 1820 3509 1871 πᾶσα
3541 1814 3666 1886 χεὶρ

422 1918 540 1956 rnm
575 1920 762 1960 manus
808 1920 993 1960 necem
1035 1908 1402 1975 operabatur;
1442 1908 1551 1978 ipse
1604 1924 1732 1963 vero
1789 1921 1993 1980 martyr

424 1995 777 2063 jaculantiutn
815 2014 1008 2068 scopus
1046 2009 1195 2064 erat,
1226 1999 1283 2053 in
1326 2001 1501 2056 medio
1526 2011 1675 2057 stans
1697 2042 1713 2069 ,
1740 2003 1886 2058 velut.
1906 2018 1993 2059 sa-

421 2088 622 2156 gittarii
660 2090 892 2159 signum.

500 2179 597 2233 Ubi
628 2196 788 2249 porro
816 2196 1012 2250 corpus
1044 2183 1191 2237 omni
1223 2191 1376 2253 parte
1400 2192 1683 2239 contusum
1721 2184 1993 2240 collisum-

423 2286 546 2339 qne,
577 2285 639 2325 ac
665 2274 926 2342 sanguine
962 2283 1300 2329 cruentatum
1331 2315 1346 2340 ,
1375 2277 1485 2344 jam
1512 2275 1811 2341 fatiscebat,
1841 2285 1897 2327 ut
1928 2289 1993 2329 ne

427 2371 629 2415 rectum
650 2363 701 2415 in
724 2363 886 2431 pedes
915 2372 1082 2417 staret
1123 2365 1273 2435 (57);
1304 2364 1815 2433 concutiebaturque
1853 2366 1995 2419 deci-

423 2456 622 2517 duutn,
659 2467 723 2508 ac
775 2468 960 2507 casum
1002 2457 1329 2521 minabatur,
1376 2455 1515 2510 haud
1558 2470 1712 2510 secus
1758 2470 1822 2510 ac
1865 2470 1992 2524 pro—

425 2561 549 2599 cera
603 2546 884 2614 platanus,
927 2561 1089 2616 quam
1137 2546 1275 2601 fabri
1311 2547 1492 2617 plures
1522 2548 1768 2602 accidant
1806 2565 1821 2601 :
1861 2548 1992 2602 nihil

426 2649 624 2704 tamen,
646 2639 874 2707 plurium
908 2654 1075 2705 more,
1104 2640 1243 2710 turpi
1280 2639 1393 2707 ipse
1413 2654 1540 2694 casu
1565 2650 1864 2709 prostratus
1891 2652 1989 2695 est.

424 2726 612 2797 Neque
659 2730 803 2785 enim
867 2739 978 2785 toto
1027 2731 1172 2785 humi
1229 2746 1452 2800 corpore
1486 2745 1686 2799 pronus
1732 2732 1995 2787 distentus

427 2830 542 2886 est,
573 2835 746 2890 neque
768 2822 961 2877 decidit
995 2822 1048 2876 in
1089 2823 1230 2876 latus
1254 2861 1270 2887 ,
1300 2837 1473 2891 neque
1502 2837 1562 2877 se
1589 2824 1873 2892 resupinus
1910 2825 1993 2878 itt-

427 2913 605 2980 llexit;
636 2916 730 2967 sed
761 2916 957 2968 decoro
989 2916 1273 2984 precantis
1290 2914 1473 2970 habitu
1502 2929 1708 2984 ponens
1735 2932 1928 2984 genua,
1965 2934 1996 2972 e

425 3007 534 3059 vita
567 3007 842 3070 excessit;
868 3022 1062 3075 urgens
1088 3007 1353 3072 oratione,
1381 3007 1695 3076 instansque
1728 3023 1889 3078 quam
1918 3009 1997 3062 ci-

428 3097 637 3151 tissime
682 3098 915 3150 animam
965 3113 995 3150 a
1041 3112 1204 3151 carne
1234 3098 1505 3167 separari,
1546 3108 1707 3168 atque
1734 3097 1799 3152 ad
1833 3114 1954 3153 eum
1978 3139 1994 3163 ,

427 3204 586 3256 quem
620 3188 996 3250 contuebatur,
1028 3188 1269 3242 clamans
1304 3205 1319 3242 :
1358 3187 1575 3242 Domine
1609 3188 1737 3242 Jesu
1768 3188 1993 3255 Christe,

427 3280 633 3349 suscipe
682 3280 923 3345 spiritum
960 3296 1151 3332 meum.
1191 3279 1702 3348 Festinusnantque
1738 3281 1804 3333 ad
1836 3297 1995 3334 unam

429 3371 573 3424 velut
612 3370 878 3425 coloniam
907 3370 985 3424 ire
1040 3372 1394 3440 properabat,
1434 3380 1493 3425 ut
1537 3387 1567 3426 e
1603 3374 1888 3443 peregrino
1932 3375 1999 3428 ad

429 3462 660 3529 patrium
691 3460 897 3525 solum,
944 3462 1009 3512 ad
1041 3461 1300 3515 illustrem
1342 3462 1763 3532 prtcclaramque
1805 3465 1998 3518 civita-

431 3558 537 3601 tem
578 3563 608 3602 e
663 3560 802 3602 terra
832 3548 1047 3604 deserta
1075 3591 1090 3615 ,
1130 3560 1371 3620 aestuque
1421 3552 1589 3616 arida,
1641 3569 1705 3605 ac
1754 3553 1999 3608 horribili

435 3637 686 3707 squalore
746 3637 917 3692 obsita
971 3639 1350 3694 contendebat.
1399 3640 1773 3696 Obsecrationi
1821 3652 1999 3696 autem

2104 1913 2364 1986 Ἐϐραῖκὴ
2428 1915 2517 1967 τὸν
2566 1915 2723 1982 φόνον
2779 1914 3017 1985 ἐνήργει·
3084 1912 3281 1973 σκοπὸς
3341 1909 3398 1962 δέ
3446 1904 3513 1978 ἦν
3554 1905 3667 1974 τῷν

2092 2002 2359 2071 ἀφιέντων
2378 2005 2406 2056 ὁ
2426 2004 2655 2075 μάρτυς,
2688 2002 2856 2063 ἑστὼς
2881 2001 3022 2056 κατὰ
3047 2001 3206 2072 μέσον
3235 2001 3309 2063 ὡς
3337 1999 3558 2068 σημεῖον
3577 2010 3667 2046 το-

2095 2092 2245 2156 ξότου

2175 2185 2260 2247 Ὠς
2281 2184 2337 2238 δέ
2361 2186 2622 2239 πάντοθεν
2646 2185 2704 2237 τὸ
2731 2184 2890 2255 σῶμα
2918 2182 3333 2254 περιθραυσθέν,
3358 2179 3451 2232 καὶ
3483 2178 3668 2230 λεΑουυ

2097 2276 2254 2347 μένον
2308 2276 2383 2347 τῷ
2446 2268 2679 2346 αἵματι]
2725 2274 2939 2338 ὤκλαζε
2993 2275 3177 2329 λοιπὸν
3228 2272 3363 2344 πρὸς
3402 2269 3497 2341 τὴν
3549 2268 3671 2321 ὀλέ-

2095 2369 2245 2437 θριον
2293 2370 2339 2400 “
2405 2369 2612 2423 στάσιν·
2677 2367 2987 2421 κατεσείετο
3033 2365 3091 2419 δέ
3154 2365 3247 2418 καὶ
3302 2363 3511 2433 ἠπείλει
3566 2359 3671 2429 τὴν

2094 2460 2323 2524 πτῶσιν,
2365 2461 2551 2532 ὥσπερ
2595 2478 2678 2522 τις
2715 2459 2891 2530 ὑψηλὴ
2933 2457 3221 2520 πλάτανος,
3256 2454 3408 2523 παρὰ
3458 2452 3671 2506 πολλῶν

2094 2551 2529 2623 κατεργασθεῖσα
2574 2552 2874 2604 τεκτόνων·
2925 2549 3074 2603 οὐδὲ
3117 2548 3215 2617 τὴν
3247 2545 3455 2599 πτῶσιν
3496 2542 3670 2596 ἔπαθε

2094 2644 2234 2698 κατὰ
2261 2646 2386 2707 τοὺς
2418 2645 2643 2707 πολλοὺς
2672 2642 2952 2716 ἀπρεπῶς.
2991 2644 3065 2697 Οὐ
3099 2641 3207 2714 γὰρ
3240 2639 3448 2712 πρηνὴς
3472 2635 3664 2700 ἐξετά-

2096 2736 2186 2807 θη,
2215 2736 2337 2789 ούδέ
2369 2736 2463 2788 ἐπὶ
2491 2735 2720 2804 πλάγιον
2751 2734 3081 2807 κατηνέχθη,
3113 2733 3232 2786 ούδέ
3269 2735 3348 2798 εἰς
3374 2731 3435 2784 τὸ
3479 2729 3671 2782 ὕπτιον

2096 2826 2347 2898 ἀνεκλίθη
2388 2827 2592 2897 σχῆμα·
2630 2825 2769 2879 ἀλλὰ
2802 2825 2914 2890 θεὶς
2946 2825 3016 2879 τὰ
3046 2825 3249 2895 γόνατα
3279 2824 3337 2877 ἐν
3363 2821 3441 2893 τῷ
3469 2820 3673 2893 εὐπρε-

2097 2922 2191 2973 πεῖ
2221 2918 2312 2973 τοῦ
2347 2919 2639 2990 εὐχομένου
2680 2920 2941 2989 σχήματι,
2977 2918 3289 2984 κατέλυσεν,
3331 2915 3674 2985 ἐπιταχύνων

2096 3015 2161 3083 τῇ
2192 3011 2335 3083 ψυχῇ
2369 3012 2459 3064 διὰ
2498 3012 2594 3079 τῆς
2643 3012 2947 3082 προσευχῆς
2988 3011 3078 3064 τὸν
3135 3009 3235 3079 τῆς
3278 3009 3471 3080 σαρκὸς
3508 3024 3675 3078 χωρι-

2101 3101 2255 3170 σμὸν,
2289 3100 2383 3154 καὶ
2416 3099 2632 3170 κράζων
2669 3099 2805 3170 πρὸς
2831 3101 2923 3152 τὸν
2950 3100 3222 3170 ὁρώμενον
3248 3098 3467 3168 Κύριον·
3497 3099 3674 3165 Κύριε

2114 3190 2306 3259 Ἰησοῦ
2350 3189 2584 3257 Χριστὲ,
2627 3188 2793 3254 δέξαι
2840 3190 2905 3241 τὸ
2955 3187 3189 3257 πνεῦμά
3229 3204 3369 3256 μου.
3400 3187 3675 3238 Ἐσπευσε
3778 3222 3803 3235 κ

2094 3284 2201 3354 γὰρ
2229 3283 2304 3346 ὡς
2331 3281 2419 3335 ἐπί
2442 3299 2563 3334 τινα
2592 3283 2890 3351 μετοικίαν·
2918 3281 2994 3344 ὼς
3024 3280 3081 3346 ἐξ
3110 3278 3410 3349 ἀλλοδαπῆς
3454 3278 3545 3329 ἐπὶ
3571 3295 3678 3329 πα·

2093 3375 2268 3447 τρίδα·
2317 3374 2391 3436 ὡς
2425 3376 2505 3436 είς
2539 3374 2690 3426 πόλιν
2729 3371 2983 3443 λαμπρὰν
3035 3370 3143 3425 ἀπὸ
3185 3371 3287 3441 γῆς
3331 3371 3538 3441 ἐρήμου
3580 3368 3677 3421 καὶ

2097 3466 2403 3536 αὐχμηρᾶς.
2442 3464 2753 3535 Προσετίθει
2795 3463 2850 3515 δέ
2890 3465 2956 3534 τῇ
2999 3463 3180 3534 δεήσει
3235 3462 3328 3514 καὶ
3372 3462 3472 3529 τὴν
3533 3459 3677 3531 ὑπὲρ

2098 3556 2204 3608 τῶν
2235 3553 2563 3617 λιθαζόντων
2608 3556 2770 3625 εὐχήν
2800 3554 2934 3624 (58).
2984 3554 3320 3625 Εὑεργέτουν
3359 3551 3467 3620 γὰρ
3516 3552 3676 3604 ἄκον-

2097 3663 2209 3711 τες,
2258 3647 2351 3698 καὶ
2392 3644 2700 3709 λιθάξοντες
2752 3644 2975 3709 ἔσωζον,
3018 3646 3113 3699 καὶ
3153 3645 3468 3714 φονεύοντες
3512 3643 3680 3707 ἐζωο-

428 3733 593 3785 etiatn
625 3731 923 3784 orationem
960 3747 1055 3800 pro
1090 3731 1525 3800 persecutoribus
1557 3733 1787 3787 addidit.
1818 3733 1996 3799 Quan-

2102 3737 2308 3789 ποίουν·
2346 3737 2440 3789 καὶ
2483 3736 2575 3788 τοῦ
2607 3735 2776 3807 πηλοῦ
2808 3737 3129 3808 χωρίζοντες
3152 3738 3217 3807 τῇ
3249 3735 3494 3806 βασιλείᾳ
3539 3752 3680 3807 παρ-

429 3837 589 3892 qnam
633 3821 776 3876 enim
824 3821 1007 3887 inviti,
1048 3823 1276 3892 gratiam
1315 3823 1641 3891 praestabant
1664 3823 2000 3895 ;,lapidibus-

431 3933 541 3986 que
570 3917 893 3983 obruentes,
938 3916 1128 3971 salutis
1162 3926 1411 3974 auctores
1448 3926 1639 3983 erant;
1668 3933 1732 3974 ac
1792 3918 2151 3989 perimentes,
2194 3925 2359 3978 vitam
2417 3923 2780 3979 conciliabant

434 4015 500 4065 ad
524 4027 743 4081 regnum
771 4012 1220 4067 transmittebant.

502 4104 653 4160 Hauc
697 4120 913 4174 quoque
956 4118 1085 4176 ergo
1123 4105 1386 4160 orationis
1426 4105 1713 4160 dictionem
1767 4118 2002 4165 contem-

429 4196 658 4267 plcmnr,
686 4196 737 4249 in
760 4212 920 4265 quem
945 4196 1196 4250 nimirum
1219 4196 1452 4250 collimet
1473 4210 1692 4265 scopum
1715 4215 1728 4252 :
1754 4198 1996 4267 Domine,

431 4305 494 4341 ne
518 4298 723 4342 statuas
763 4289 870 4342 illis
908 4289 1004 4342 ltoc
1029 4298 1320 4359 pergulam.
1369 4287 1484 4342 Non
1512 4299 1665 4354 orat,
1696 4301 1754 4344 ut
1781 4292 1998 4360 quidam

433 4396 717 4451 perperam
755 4382 1142 4435 ratiocinantes
1170 4361 1472 4442 autumant,
1509 4390 1790 4447 peceatum
1821 4381 2002 4433 inimi-

431 4487 618 4526 corum
646 4471 875 4525 inultum
922 4485 987 4525 ac
1028 4471 1347 4537 impunitum
1386 4470 1479 4535 iri,
1528 4469 1764 4540 nullique
1797 4472 1991 4525 rationi

2104 3827 2201 3881 ἐπε
2211 3846 2372 3898 μπον.

2839 3941 2855 3978 :
2906 3933 3069 3993 atque
3113 3940 3143 3978 a
3183 3929 3300 3978 tuto
3339 3931 3677 3990 scparantcs,

2172 4104 2550 4177 Θεωρήσὶυμεν
2604 4100 2697 4158 οὖν
2750 4104 2843 4158 καὶ
2883 4105 2944 4157 τὸ
2990 4104 3142 4175 ῥῆμα
3190 4104 3290 4173 τῆς
3349 4102 3681 4173 προσευχῆς,

2106 4199 2240 4269 πρὸς
2274 4192 2384 4250 οἷον
2415 4197 2569 4269 φέρει
2607 4197 2827 4262 σκοπὸν,
2857 4196 2937 4261 τὺ,
2969 4196 3164 4264 Κύριε.
3185 4195 3272 4265 μὴ
3304 4194 3547 4261 στήσῃς
3574 4197 3683 4249 αὐ-

2105 4290 2228 4356 τοῖς
2261 4288 2377 4356 τὴν
2400 4289 2695 4357 ἁμαρτίαν
2719 4289 2962 4355 ταύτην.
2995 4288 3069 4341 Οὐ
3098 4286 3227 4357 γάρ,
3257 4287 3333 4351 ὡς
3367 4285 3567 4339 οἴονταί
3593 4304 3681 4339 τι·

2106 4399 2215 4445 νες,
2250 4379 2435 4444 κακῶς
2477 4378 2833 4459 λογιζόμενοι,
2869 4376 3214 4449 ἀτιμώρητον
3255 4377 3350 4431 καὶ
3389 4377 3683 4431 ἀνεύθυνον

2107 4471 2323 4543 εὔχεται
2372 4471 2624 4541 γενέσθαι
2665 4470 2771 4526 τῶν
2803 4469 3010 4541 ἐχθρῶν
3050 4471 3108 4523 τὸ
3149 4469 3470 4541 ἁμάρτημα.
3509 4468 3683 4521 Τοῦτο
3780 4470 3781 4475 “

434 4576 499 4616 ac
528 4575 701 4628 paena:
734 4559 1049 4615 obnoxium.
1072 4557 1239 4613 Plane
1268 4559 1411 4613 enim
1448 4559 1499 4614 id
1530 4569 1675 4614 esset
1702 4575 1996 4631 repugnare

2106 4562 2214 4633 γὰρ
2269 4557 2337 4632 ἦν
2396 4560 2644 4633 φανερῶς
2698 4563 2763 4630 τῇ
2821 4559 2914 4613 τοῦ
2970 4558 3105 4613 Θεοῦ
3163 4558 3490 4612 διατυπώσει
3551 4559 3684 4613 ἀνθ-

432 4653 631 4706 dit-inze
693 4650 1106 4716 constitutioni,
1148 4650 1389 4720 justique
1434 4650 1693 4720 judicium
1735 4667 1797 4705 ac
1833 4650 2002 4721 legem

433 4745 745 4807 enitendare,
772 4755 891 4809 quae
922 4741 1204 4795 bomicidis
1232 4741 1451 4795 meritas
1475 4756 1662 4810 poenas
1682 4741 2004 4811 praescribit.

436 4833 542 4890 Sed
571 4834 699 4903 quid
731 4832 841 4887 ait?
868 4830 1109 4896 Domine,
1135 4848 1197 4885 ne
1223 4842 1422 4885 statuas
1446 4831 1557 4893 ἱίίὶδ,
1578 4832 1674 4885 hoc
1698 4842 1965 4900 peccatum
1985 4844 2006 4885 :

440 4929 542 4983 hoc
565 4939 666 4992 est,
697 4926 971 4979 Timorem
1010 4926 1444 4993 compunctionis
1465 4924 1543 4979 eis
1581 4925 1791 4989 incute;
1828 4925 1880 4978 itt
1914 4939 2008 4979 εοε-

437 5004 577 5083 rutn,
608 5032 731 5086 qua:
757 5030 896 5069 nunc
945 5014 1230 5068 temerario
1267 5029 1401 5069 ausu
1438 5022 1819 5083 perpetrarunt
1842 5051 1857 5076 ,
1892 5025 2008 5080 pm—

436 5108 719 5164 nitentiam
751 5105 1043 5175 compelle;
1083 5122 1169 5171 ne,
1222 5113 1428 5175 quaeso,
1487 5105 1542 5157 itt
1598 5104 2007 5158 circumcisione

433 5201 723 5273 permittas
762 5210 988 5253 mortem
1019 5199 1209 5264 obire;
1244 5199 1310 5251 ad
1347 5198 1419 5250 tui
1448 5197 1798 5267 agnitionem,
1834 5194 2007 5266 paeni-

2111 4650 2375 4715 ίστασθαι,
2406 4650 2500 4702 καὶ
2532 4649 2630 4719 τὴν
2660 4649 2752 4701 τοῦ
2779 4647 2984 4701 δικαίου
3022 4648 3201 4718 κρίσιν
3244 4647 3338 4699 καὶ
3365 4647 3685 4717 νομοθεσίαν

2107 4726 2458 4811 ἐπανορθοῦν,
2521 4740 2619 4812 τὴν
2674 4743 2783 4805 τοῖς
2836 4740 3179 4810 ἀνδροφόνοις
3233 4739 3301 4792 τά
3343 4739 3482 4809 πρὸς
3526 4738 3686 4805 ἀξίαν

2110 4834 2598 4906 ἁποκληρὼσασαν.
2645 4833 2802 4887 Ἀλλά
2822 4834 2874 4887 τί
2901 4851 3031 4905 φησι
3056 4849 3070 4898 ;
3105 4835 3301 4899 Κύριε,
3321 4832 3407 4901 μὴ
3442 4831 3688 4899 στήσῃς

2111 4926 2315 4991 αὐτοῖς
2341 4926 2455 4994 τὴν
2486 4926 2778 4995 ἁμαρτίαν
2818 4926 3061 4994 ταύτην·
3096 4924 3360 4977 τουτέστι·
3394 4924 3493 4986 Δὸς
3521 4924 3687 4993 φόϐον

2113 5014 2472 5081 κατανύξεως·
2507 5015 2679 5083 ἄγαγε
2710 5014 2844 5084 πρὸς
2887 5013 3246 5084 μεταμέλειαν
3286 5012 3394 5066 τῶν
3423 5011 3689 5082 τετολμη-

2111 5108 2308 5177 μένων·
2356 5105 2432 5176 μὴ
2479 5106 2836 5178 συγχωρήσης
2881 5098 3228 5158 ἐναποθανεῖν
3277 5106 3342 5175 τῇ
3388 5104 3683 5175 περιτομῇ·

2108 5198 2335 5251 ἕλκυσον
2391 5196 2481 5250 διὰ
2533 5196 2818 5267 μετανοίας
2868 5196 3003 5260 πρὸς
3053 5181 3152 5267 τὴν
3214 5195 3311 5265 σὴν
3368 5195 3683 5265 ἐπίγνωσιν·

498 5337 566 5371 ⁷⁸·
600 5339 688 5393 la.
713 5336 970 5406 ἀγωνίαν.
996 5336 1242 5392 Βίεριπιί.
1267 5345 1418 5405 putat
1438 5333 1752 5407 ἀγηνορίαν.
1822 5333 1867 5365 ⁸⁰
1892 5332 1989 5388 ἀλ.

2102 5338 2214 5396 διον,
2240 5334 2382 5403 quod
2413 5343 2467 5387 et
2488 5333 2624 5400 lego.

507 5476 619 5546 (57)
647 5475 713 5530 Ut
741 5492 802 5528 ne
818 5487 982 5530 rectus
1006 5476 1057 5528 in
1079 5475 1229 5543 pedes
1246 5482 1428 5546 staret,
1444 5473 1593 5546 πρὸς
1608 5448 1721 5540 τὴν·
1739 5470 1996 5546 ὀλέθριοι

2117 5470 2641 5546 stare_pcculiarius
2681 5468 2965 5546 exitiabile
3002 5467 3202 5546 habet,
3232 5476 3291 5521 ut
3334 5482 3399 5523 eo
3446 5466 3689 5536 epitheto

436 5543 683 5601 στάσιν.
732 5546 862 5599 Eant
894 5546 950 5599 ὃ.
994 5546 1163 5599 Andr.
1219 5543 1424 5598 codicis
1473 5544 1752 5597 lectionem
1800 5545 2010 5610 prnbo:

442 5616 702 5684 quidquid
752 5615 1050 5669 liiccardus
1094 5622 1320 5682 carpat,
1358 5621 1610 5684 tauquam
1647 5627 1748 5665 vox
1797 5610 2009 5684 ὤκλαζε

444 5682 727 5753 repugnet.
795 5685 905 5738 ltno
951 5684 1107 5753 plane
1162 5683 1446 5752 congruit;
1495 5683 1748 5753 nihilque
1796 5682 1858 5735 τὸ
1900 5683 2018 5736 ὀλέ-

442 5752 623 5824 θριον,
656 5754 797 5824 quod
822 5752 965 5823 legit,
995 5755 1333 5810 commodunt
1359 5761 1458 5810 est.
1493 5752 1631 5808 Nihil
1665 5753 1806 5806 enim
1838 5755 2011 5822 ipsum

2116 5537 2362 5595 Asterius
2397 5550 2583 5595 notare
2610 5539 2874 5594 debuerit.
2911 5539 3017 5594 Sed
3050 5537 3108 5592 S.
3155 5548 3361 5609 martyr
3401 5552 3466 5592 eo
3492 5555 3689 5607 corpo-

2120 5612 2194 5664 ris
2223 5612 2403 5665 habitu
2446 5611 2700 5677 deinceps
2727 5608 2923 5663 dur'are
2968 5622 3074 5662 non
3114 5608 3360 5677 poterat,
3411 5609 3626 5664 defecto
3654 5627 3685 5664 ιι

2122 5678 3075 5760 lapidum‘conlusione-corpusculo.

2197 5751 2308 5822 (58)
2351 5749 2475 5806 llaec
2504 5750 2662 5804 etiam
2702 5746 2923 5805 Photins
2963 5763 3026 5803 ac
3055 5747 3332 5819 sequentia
3364 5746 3608 5804 deﬂorat.
