3892 6272
240 355 355 412 549

1190 356 1479 416 HOMILIA
1525 360 1639 420 XII.
1680 361 1746 417 IN
1793 362 2079 421 LAUDEM
2120 367 2178 423 S.
2221 368 2579 426 STEPHANI.

3401 370 3509 427 350

238 472 454 542 ἄναψον
483 472 544 525 ὲν
578 475 698 536 ταῖς
735 471 985 545 καρδίαις
1011 472 1110 544 τὴν
1135 473 1311 543 φλόγα
1350 471 1445 527 τοῦ
1489 473 1829 548 Πνεύματος.

1940 481 2101 536 tentia
2130 484 2418 539 redeuntes
2470 484 2654 550 trahe,
2681 484 2853 538 sancti
2890 483 3123 553 Spiritus
3152 481 3420 537 flammam
3456 487 3508 539 iu

243 565 348 617 ‘Av
388 563 500 636 γάρ
534 563 710 628 οὕτως
744 564 1092 635 βελτιωθωσι,
1126 565 1392 638 πρόδηλον
1423 565 1480 619 δὲ
1513 565 1588 631 ὡς
1619 567 1740 620 τότε
1768 568 1830 621 οὐ

240 657 457 728 στήσῃς
488 656 590 729 τὴν
630 656 923 729 άμαρτίαν·
958 656 1092 710 ἀλλά
1121 656 1181 711 τὸ
1207 656 1428 728 λουτρὸν
1459 658 1557 728 τῆς
1587 657 1831 730 χάριτος,

242 751 342 803 καὶ
374 749 438 802 τὸ
473 749 589 814 σὺν,
613 750 706 803 καὶ
728 749 787 802 τὸ
804 749 936 819 ἐμὸν
963 744 1100 820 αἷμα
1120 751 1420 821 νιφόμενοι,
1437 750 1708 821 ἐλεύθεροι
1726 750 1835 803 τῶν

241 840 615 910 ἐγκλημάτων
653 842 994 911 γενήσονται.
1027 841 1212 894 Ταῦτα
1253 841 1486 909 ἐγένετο,
1530 841 1623 894 καὶ
1657 841 1833 894 ἐτελέ-

161 1002 169 1009 .
245 931 351 1002 σθη
388 932 451 986 τὸ
486 933 691 1003 δρᾶμα.
721 931 832 987 Kal
874 933 1123 1004 στρατιαὶ
1168 933 1267 1003 μὲν
1308 932 1417 986 τῶν
1464 932 1710 1001 ἀγγέλων
1753 933 1836 986 εὐ-

244 1014 564 1094 φραίνοντο,
589 1024 680 1077 τὸν
703 1024 888 1094 ἀγῶνα
917 1024 1309 1095 θαυμάζουσαι,
1335 1026 1429 1078 καὶ
1461 1025 1598 1096 μετά
1630 1025 1835 1097 πολλῆς

242 1116 345 1184 τῆς
376 1113 703 1184 δορυφορίας
735 1115 826 1168 τὸν
852 1116 1120 1184 Στέφανον
1151 1117 1231 1180 εἰς
1264 1115 1354 1171 τὸν
1388 1116 1516 1171 ἴδιον
1538 1117 1834 1185 ἀνάγουσαι

243 1207 481 1278 κλῆρον’
506 1209 536 1261 6
563 1207 619 1261 δὲ
651 1207 893 1271 διάϐολος
921 1208 1245 1280 ἀπεστράφη
1279 1209 1455 1274 κενὸς,
1485 1209 1835 1281 ἠπορημένος

240 1296 460 1361 δεινῶς·
516 1297 750 1351 ἀλλ’ἵνα
790 1316 841 1352 τι
888 1300 982 1352 καὶ
1028 1298 1479 1372 σωματικὼτερον
1528 1302 1666 1354 εῐπω
1706 1301 1834 1371 περὶ

240 1388 341 1441 τοῦ
386 1389 636 1459 ὲναερίου
666 1391 996 1461 πνεύματος,
1023 1390 1180 1459 λόγον
1211 1391 1549 1463 προφητικὸν
1586 1392 1831 1463 μιμησά⁴

244 1496 434 1549 μενος,
468 1480 552 1547 ὡς
580 1482 937 1553 πρόσκαυμα
982 1485 1206 1553 χύτρας
1238 1484 1417 1556 φέρων
1438 1484 1498 1538 τὸ
1520 1486 1831 1556 πρόσωπον,

241 1571 341 1624 καὶ
379 1571 686 1625 τούναντίον
724 1574 757 1643 ἢ
794 1575 1095 1645 προσεδόκα
1128 1574 1502 1646 κατορθώσας,
1550 1577 1643 1630 καὶ
1668 1576 1734 1629 δι’
1759 1570 1834 1629 ὧν

240 1664 498 1734 ἐνόμιζεν
543 1666 904 1736 Χριστιανοὺς
941 1666 1217 1733 ἐλαττοῦν,
1257 1666 1324 1720 δι’
1355 1668 1579 1722 ἐκείνων
1630 1667 1836 1737 πληθύ-

240 1772 348 1819 νας
372 1755 470 1808 τὸν
493 1756 601 1810 τῶν
627 1757 918 1829 μαρτύρων
948 1759 1268 1829 κατάλογον.

1936 590 2123 631 eorum
2178 578 2491 645 pectoribus
2526 579 2779 632 accende.
2832 577 2888 632 Si
2929 578 3075 632 enim
3126 578 3198 631 ita
3236 591 3297 632 se
3325 591 3512 632 emen-

1941 667 2208 732 daveriut,
2242 678 2405 737 atque
2464 669 2527 721 ad
2561 668 2836 723 meliorem
2873 683 2932 723 se
2964 669 3167 739 frugem
3191 668 3512 735 receperint,

1947 761 2138 828 utique
2166 773 2297 814 sane
2315 770 2443 815 tunc
2470 776 2572 815 non
2597 770 2799 815 statues
2826 761 2931 816 illis
2954 770 3251 831 peccatum,
3275 762 3369 813 sed
3390 775 3514 828 gra-

1940 850 2029 906 tiae
2065 850 2283 905 lavacro
2329 862 2418 905 tuo
2441 892 2454 913 ,
2490 866 2713 921 meoque
2743 853 3007 920 sanguine
3038 850 3238 914 abluti,
3276 866 3303 903 a
3337 850 3514 903 crimi-

1941 942 2101 996 nibus
2127 941 2394 996 immunes
2445 942 2713 1016 liberique
2735 951 2913 997 erunt.
2935 939 3209 994 Hactenus
3235 950 3509 1009 peractum

1937 1040 2021 1086 est
2052 1032 2273 1097 drama,
2303 1046 2366 1085 ac
2413 1030 2524 1083 lusa
2563 1028 2761 1084 fabula.
2795 1030 2871 1085 Ac
2929 1031 3242 1100 angelorum
3296 1029 3510 1099 quidem
3618 1050 3637 1065 -

1936 1122 2209 1178 exercitus
2256 1137 2479 1191 agonem
2521 1122 2882 1185 demirantes,
2925 1122 3379 1192 Stephanumque
3430 1121 3514 1174 iu—

1943 1212 2089 1283 genti
2126 1211 2382 1278 Stipatutn
2427 1208 2680 1264 satellitio
2714 1209 2766 1262 in
2800 1209 3129 1263 hazreditatis
3165 1225 3275 1265 sua:
3305 1219 3511 1278 partem

1902 1302 2264 1365 oevehentes,
2327 1300 2623 1367 impensius
2676 1296 3026 1367 gaudebant;
3082 1298 3329 1352 diabolus
3378 1310 3511 1349 vero

1937 1392 2145 1457 inanis,
2180 1392 2523 1461 graviterque
2552 1390 2793 1445 defectus
2817 1430 2833 1452 ,
2872 1403 2936 1443 ac
2958 1390 3162 1443 consilii
3193 1390 3347 1458 iu0ps
3382 1390 3513 1443 abs-

1940 1483 2127 1538 cessit.
2162 1484 2365 1551 Alque,
2403 1491 2460 1535 ιιι
2485 1481 2759 1551 quidpiam
2798 1495 3116 1548 corporeum
3160 1480 3327 1547 magis
3360 1493 3513 1533 cras-

1941 1590 2172 1642 sumque
2230 1575 2297 1629 de
2334 1588 2492 1627 aereo
2539 1573 2729 1641 spiritu
2766 1572 2858 1625 illo
2890 1570 3197 1641 proferam,
3240 1571 3513 1640 propheti-

1938 1680 2062 1720 cum
2089 1665 2339 1734 luqueudi
2391 1666 2604 1718 modmu
2656 1664 2918 1726 imitatus,
2955 1671 3130 1715 atrato
3159 1663 3330 1727 vultu,
3361 1662 3510 1731 quasi

1940 1758 2150 1810 adustio
2180 1756 2417 1827 0110:)”,
2444 1755 2657 1808 deflexit
2676 1755 2778 1806 iter
2806 1770 2821 1806 :
2850 1762 2961 1807 tum
2986 1752 3108 1820 quia
3140 1763 3333 1822 praeter
3359 1766 3511 1821 spem

241 1863 407 1901 suam
460 1863 548 1904 res
589 1864 845 1919 prospere
877 1856 1129 1908 cessisset
1174 1855 1227 1908 in
1261 1832 1485 1920 melius;
1539 1865 1651 1912 tum
1681 1854 1827 1926 quod
1869 1852 2059 1908 iisdem
2106 1853 2312 1907 artibus
2339 1891 2355 1916 ,
2434 1856 2631 1920 quibus
2699 1864 2759 1904 se
2802 1848 3141 1903 Christianos
3180 1847 3512 1901 minutarum

248 1943 504 2012 putabat,
542 1956 838 2014 martyrqu
868 1962 1151 2001 numerum
1180 1949 1511 2004 adauxisset.

316 2032 387 2084 Τί
431 2032 489 2085 δὲ
525 2033 620 2086 καὶ
653 2034 791 2105 πρὸς
817 2036 1031 2090 Παῦλον
1061 2039 1151 2092 τὸν
1180 2039 1324 2111 ἱερὸν
1347 2056 1361 2105 ;
1388 2034 1470 2102 εἷς
1503 2040 1611 2113 γὰρ
1645 2035 1713 2113 ἦν
1741 2039 1832 2093 καὶ

2019 2033 2218 2088 Verum
2246 2029 2375 2100 quid
2412 2029 2479 2085 de
2511 2028 2679 2082 Paulo
2711 2027 2837 2082 item
2876 2041 3034 2082 sacro
3058 2025 3270 2081 dicam?
3304 2023 3435 2078 Nam
3461 2031 3518 2080 et

239 2116 402 2186 οὗτος
433 2123 543 2177 τῶν
557 2125 845 2193 φονευτῶν,
870 2127 1074 2200 ἀληθὴς
1090 2131 1372 2199 Βενιαμὶν
1389 2132 1579 2197 λύκος
1609 2130 1809 2199 ἅρπαξ
1815 2171 1830 2187 .

241 2215 311 2269 Εἰ
356 2214 469 2286 γάρ
498 2215 591 2268 καὶ
619 2217 781 2280 αὐτὸς
816 2218 889 2290 μὴ
936 2218 1203 2286 ὲλίθαζεν,
1228 2220 1344 2274 ἀλλ’
1379 2222 1563 2293 ἐτήρει
1592 2222 1692 2295 τὴν
1724 2221 1833 2275 τῶν

240 2305 577 2371 λιθαζόντων
604 2307 825 2380 ἐσθῆτα,
848 2310 942 2362 καὶ
965 2310 1228 2383 ὑπηρέτει
1254 2312 1434 2384 δημίῳ
1461 2313 1655 2384 δήμου.
1687 2311 1833 2384 [Ιλὴν

240 2399 452 2470 ὅψομαί
487 2417 546 2452 σε
585 2401 725 2471 μετά
770 2400 963 2472 μικρὸν
989 2402 1081 2456 τὸν
1112 2405 1431 2475 σφριγῶντα
1471 2403 1588 2469 νῦν,
1624 2405 1718 2457 καὶ
1742 2403 1835 2457 θυ-

246 2488 354 2561 μὸν
372 2488 565 2559 ἄγριον
594 2490 844 2555 πνέοντα,
872 2489 1059 2563 ὥσπερ
1088 2493 1210 2546 τινὰ
1236 2493 1409 2564 γραῦν
1440 2493 1642 2564 ἀσθενῆ
1686 2510 1835 2566 χειρ-

240 2578 657 2651 ειγωγούμενον.
686 2581 812 2635 ὅταν
852 2581 1066 2653 μέλλεις
1113 2584 1341 2653 ἄγεσθαι
1384 2585 1520 2657 πρὸς
1545 2584 1637 2638 τὸν
1680 2586 1835 2638 Ἀνα-

239 2671 390 2738 νίαν,
419 2673 518 2744 τῆς
547 2673 805 2744 ἀληθείας
848 2675 1204 2747 γευσάμενος.
1250 2677 1377 2732 Ἡδὺ
1412 2677 1469 2731 δὲ
1503 2678 1707 2749 σφόδρα
1741 2695 1835 2747 γε-

239 2764 507 2835 λάσομαι,
531 2766 659 2820 ὅταν
688 2767 903 2820 ἀκούσω
927 2784 1020 2821 σου
1043 2767 1144 2832 τὰς
1177 2770 1317 2841 ὑπὲρ
1354 2770 1688 2839 Εύαγγελίου
1717 2769 1831 2823 θλί-

240 2854 372 2925 ψεις
412 2853 841 2928 ἐξηγησαμένου,
870 2859 963 2911 καὶ
990 2859 1193 2930 μεταξὺ
1237 2861 1345 2913 τῶν
1367 2860 1540 2915 ἄλλων
1571 2854 1834 2915 κινδύνων

240 2945 518 3014 λέγοντοςο
554 2947 752 3013 Ἀπαξ
778 2949 1127 3018 ἐλιθάσθην.
1165 2952 1284 3024 Χρὴ
1319 2952 1427 3023 γάρ
1458 2966 1521 3006 σε
1547 2951 1635 3006 διά
1669 2951 1833 3006 λίθων

243 3038 393 3110 ὑπὲρ
424 3037 531 3092 τῶν
563 3039 728 3095 λίθων
757 3040 1217 3113 ἀπολογήσασθαι,
1253 3045 1348 3098 καὶ
1396 3046 1464 3118 τῇ
1516 3045 1834 3116 ταντὲμπα-

244 3129 373 3203 θείᾳ
406 3129 565 3185 λῦσαι
603 3132 701 3204 τῆς
730 3132 1009 3206 ἁμαρτίας
1035 3133 1099 3188 τδ
1131 3134 1400 3208 ἔγκλημα.

1940 2126 2029 2181 ille
2059 2140 2197 2179 unus
2220 2133 2339 2179 erat
2363 2122 2661 2177 occisorum
2687 2162 2702 2187 ,
2729 2136 2888 2176 verus
2921 2120 3202 2188 Benjamin
3239 2122 3393 2189 lupus
3424 2135 3518 2174 ra-

1936 2234 2043 2289 pax
2069 2217 2138 2271 ".
2168 2216 2487 2285 Quanquam
2516 2216 2657 2270 enim
2695 2216 2810 2285 ipse
2847 2232 2951 2271 non
2980 2216 3275 2284 impetebat
3324 2215 3517 2284 lapidi-

1940 2311 2060 2373 bus,
2095 2318 2150 2363 at
2184 2308 2431 2364 servabat
2472 2317 2651 2361 tamen
2684 2306 3035 2376 lapidantium
3067 2318 3263 2369 vestes,
3298 2321 3362 2361 ac
3394 2322 3517 2361 car-

1940 2400 2113 2455 niﬁcis
2138 2399 2316 2469 populi
2370 2399 2677 2452 ministrum
2712 2397 2924 2467 agebat.
2959 2397 3246 2451 Enimvero
3288 2400 3517 2468 posthac

1939 2489 2132 2556 brevi,
2167 2504 2308 2541 nunc
2342 2498 2633 2542 tumentem
2670 2496 2740 2552 te,
2780 2486 3111 2557 elferamque
3148 2488 3283 2541 iram
3314 2502 3377 2541 ac
3430 2487 3517 2542 fu-

1940 2595 2115 2635 rorem
2146 2581 2446 2650 spirantem
2478 2580 2691 2633 visurus
2716 2595 2857 2643 smn,
2879 2581 2969 2649 qui
2996 2579 3135 2632 velut
3158 2579 3518 2648 languescens

1940 2695 2074 2734 anus
2106 2694 2168 2733 ac
2208 2676 2496 2741 imbecilla,
2528 2676 2594 2730 ad
2621 2692 2812 2731 manus
2845 2677 3079 2729 traharis
3106 2674 3184 2736 “;
3212 2689 3333 2729 cum
3366 2674 3513 2727 veri-

1942 2771 2071 2826 tatis
2098 2752 2257 2840 gustu
2293 2766 2436 2822 facto
2470 2766 2537 2821 ad
2575 2767 2837 2820 Auaniam
2875 2768 3111 2820 duceris.
3160 2764 3329 2820 Porro
3367 2764 3509 2819 dulci

1937 2861 2224 2916 admodum
2257 2861 2366 2913 risu
2388 2859 2679 2924 dill‘uadar,
2700 2874 2823 2911 cum
2851 2858 3137 2926 temetipso
3168 2858 3513 2921 denarraute,

1940 2962 2058 3007 tuas
2095 2950 2369 3020 Evangelii
2405 2965 2573 3004 causa
2612 2950 2991 3005 alllictationes
3030 2950 3243 3002 audiam
3286 2967 3299 3002 :
3352 2960 3516 3017 utque

1937 3042 2083 3096 inter
2118 3052 2311 3096 cmtera
2355 3043 2466 3095 haec
2495 3042 2806 3096 discrimina
2850 3040 3076 3104 referas,
3104 3038 3272 3094 Semel
3309 3041 3519 3109 lapida-

1937 3142 2022 3188 tus
2061 3150 2177 3187 sum
2220 3134 2287 3188 ⁸³.
2336 3133 2441 3187 Par
2486 3142 2868 3201 uamque'est,
2910 3142 2969 3187 ut
3009 3132 3275 3201 lapidibus
3322 3131 3515 3187 mediis

1938 3223 2175 3292 lapidum
2204 3224 2313 3293 ipse
2336 3223 2571 3293 depellas
2595 3223 2821 3288 crimen,
2849 3239 3061 3294 unaque
3084 3238 3148 3279 ac
3173 3223 3362 3278 eadem
3384 3238 3514 3293 pas-

1939 3315 2088 3371 sione
2134 3322 2422 3381 peccatum
2455 3313 2625 3368 eluas.

320 3392 511 3458 ’Δξιον
543 3394 600 3449 δὲ
629 3397 763 3467 μηδὲ
795 3394 891 3469 τὴν
924 3397 1187 3454 ὀπτασίαν
1219 3401 1537 3458 καταλιπεῖν
1573 3402 1668 3459 τοῦ
1701 3405 1828 3460 Στε-

2000 3405 2189 3475 Operae
2236 3408 2464 3474 pretium
2510 3416 2689 3460 autem
2741 3420 3065 3476 :equumque
3108 3403 3377 3468 videatur,
3456 3415 3514 3458 ut

241 3486 423 3555 φάνου
454 3487 825 3552 ἀνεξέταστον.
861 3492 974 3571 :Asl
1026 3491 1136 3564 γάρ
1178 3494 1207 3545 6
1248 3493 1357 3548 τῶν
1386 3495 1523 3550 ὅλων
1552 3496 1702 3561 Θεὸς,
1737 3498 1831 3553 τοῦ

240 3576 377 3647 ἑξῆς
427 3577 898 3649 προμηθούμενος,
970 3580 1080 3635 τῶν
1141 3583 1441 3654 μελλόντων
1490 3587 1831 3654 ἐπιγίνεσθαι

239 3668 356 3720 τῶν
387 3668 743 3740 ἀνθρωπίνων
774 3671 1185 3743 ἁμαρτημάτων
1207 3675 1661 3746 προφυλακτικῶς
1700 3697 1834 3750 προ-

240 3757 650 3823 κατασκευάζει
690 3759 788 3832 τὴν
828 3761 1146 3833 θεραπείανο
1177 3763 1205 3817 ὃ
1244 3765 1308 3836 δὴ
1340 3766 1573 3821 ἐνταῦθα
1604 3770 1832 3840 πεποίη-

240 3867 365 3903 κεν.
396 3851 459 3903 Ei
499 3851 608 3922 γάρ
648 3853 783 3925 πρὸς
810 3852 869 3906 τὸ
899 3859 1168 3925 χρήσιμον
1206 3856 1299 3910 τοῦ
1332 3858 1632 3926 άγωνιστοῦ
1671 3861 1831 3930 μόνον

247 3944 491 3997 ἐτελεῖτο
521 3944 591 3998 τὰ
625 3945 936 4015 θεοφάνεια,
968 3947 1127 4019 ἤρκει
1160 3949 1255 4002 καὶ
1288 3952 1472 4024 φωνὴν
1497 3954 1749 4022 γενέσθαι
1773 3955 1833 4022 ἐξ

242 4037 517 4109 οὐρανῶν,
546 4036 733 4110 ὥσπερ
762 4041 857 4093 καὶ
892 4040 985 4092 ἐπὶ
1012 4040 1107 4094 τοῦ
1139 4041 1514 4115 βαπτίσματος
1543 4046 1829 4120 πρότερον,

241 4130 276 4201 ἢ
302 4130 522 4201 χρόνοις
551 4128 776 4203 ὕστερον
798 4132 891 4185 ἐπὶ
915 4135 1016 4204 τῆς
1048 4135 1539 4205 μεταμορφώσεως,
1567 4137 1600 4209 ἢ
1634 4140 1727 4193 καὶ¹
1756 4140 1832 4203 ὡς

241 4222 341 4274 ἐπὶ
370 4221 804 4288 Παύλουτούτου,
833 4222 994 4294 ἡνίκα
1026 4223 1124 4294 τὴν
1145 4225 1237 4279 ἐπὶ
1264 4229 1552 4298 Δαμασκὸν
1582 4229 1835 4301 ἐπορεύε-

239 4330 307 4368 το
333 4312 478 4367 ὀδόν.

315 4406 459 4459 Νυνὶ
482 4406 562 4467 δὲ,
589 4406 676 4462 διά
701 4426 761 4462 τε
792 4405 885 4465 οῦν
911 4410 1067 4477 ἄλλα,
1094 4412 1189 4467 καὶ
1212 4411 1303 4466 διὰ
1332 4413 1394 4466 τὸ
1434 4401 1646 4485 μέλλειν
1673 4416 1735 4468 τὸ
1765 4416 1830 4469 ἑκ

242 4501 458 4571 Λιϐύης
513 4501 680 4554 κακὸν
719 4502 807 4555 τὸν
836 4503 1121 4559 Σαϐέλλιον
1160 4508 1278 4569 ταῖς
1315 4503 1659 4577 Ἑκκλησίαις
1711 4509 1833 4560 ὲπι-

243 4590 481 4659 φύεσθαι
520 4588 615 4642 τοῦ
643 4590 800 4656 Θεοῦ,
852 4594 947 4647 καὶ
992 4595 1091 4665 τὴν
1126 4594 1420 4661 κακόδοξον
1449 4593 1557 4647 τῶν
1595 4594 1832 4648 ὑποστά-

1938 3513 2113 3568 neque
2164 3498 2429 3567 Stephani
2476 3497 2736 3551 visionem
2792 3497 3182 3567 inexploratum
3240 3494 3514 3564 relinqua-

1935 3603 2074 3643 mus.
2110 3588 2339 3657 Semper
2363 3603 2493 3642 sane
2529 3588 2903 3643 universorum
2950 3588 3089 3642 Deus
3109 3629 3124 3652 ,
3152 3586 3329 3640 futura
3351 3627 3368 3653 ,
3395 3600 3515 3655 qua:

1931 3680 2099 3733 vitam
2147 3680 2344 3734 exinde
2396 3681 2753 3748 insequuntur
2812 3683 3125 3742 humanam,
3181 3677 3515 3748 prospiciens

1932 3778 2137 3835 errata,
2181 3784 2288 3838 quo
2313 3772 2605 3838 prudenter
2630 3769 2711 3824 eis
2736 3778 3018 3833 occurrat,
3067 3767 3327 3822 medelam
3360 3767 3514 3834 longe

1937 3871 2064 3917 ante
2090 3873 2337 3931 apparat,
2380 3861 2539 3930 idque
2570 3877 2714 3916 ntmc
2746 3861 2943 3917 eﬂ'ccit.
2983 3860 3114 3915 Nam
3146 3861 3191 3915 si
3222 3860 3288 3914 ad
3318 3859 3514 3930 pugilis

1938 3950 2201 4005 duntaxat
2227 3951 2511 4006 utilitatem
2537 3951 2719 4005 divina
2754 3952 3021 4022 apparitio
3046 3949 3187 4004 facta
3219 3958 3393 4014 esset,
3434 3962 3515 4002 sa-

1936 4042 2004 4095 tis
2036 4041 2222 4112 utique
2254 4042 2420 4097 etiam
2454 4057 2556 4097 vox
2592 4060 2623 4097 e
2653 4042 2811 4097 cmlis
2850 4042 2989 4096 facta
3027 4042 3329 4105 habuisset,
3366 4050 3423 4095 ut
3454 4038 3509 4091 in

1932 4132 2200 4201 baptismo
2227 4133 2458 4203 primum
2490 4132 2573 4197 “,
2608 4133 2690 4188 vel
2730 4142 2788 4187 ut
2822 4132 3017 4187 deinde
3049 4132 3100 4185 iu
3133 4130 3515 4200 Transﬂgura-

1935 4225 2079 4280 tione
2102 4224 2179 4288 ⁸⁸,
2235 4226 2316 4280 vel
2359 4238 2415 4279 ut
2454 4226 2618 4279 etiam
2676 4226 2727 4278 in
2770 4224 2885 4294 jam
2936 4232 3233 4278 memorato
3304 4221 3511 4286 Paulo,

1933 4334 2055 4374 cum
2089 4319 2409 4373 Damascum
2448 4319 2551 4371 iter
2580 4317 2784 4371 faceret
2819 4317 2886 4371 “.

2004 4409 2075 4461 At
2102 4410 2193 4478 qui
2234 4423 2399 4474 nunc,
2443 4419 2553 4463 tum
2584 4408 2667 4464 vel
2697 4409 2933 4462 maxime
2964 4406 3087 4476 quia
3121 4405 3357 4461 futurum
3389 4420 3513 4474 pro-

1930 4496 2075 4552 fecto
2107 4506 2225 4552 erat
2249 4536 2265 4562 ,
2299 4505 2357 4551 ut
2382 4512 2446 4550 ex
2482 4497 2663 4551 Africa
2698 4496 3001 4565 profectunt
3051 4494 3250 4549 malum
3272 4536 3288 4560 ,
3324 4494 3513 4549 Sabel-

1933 4588 2056 4654 lius,
2091 4589 2305 4656 inquam
2340 4628 2357 4653 ,
2390 4589 2484 4643 Dei
2522 4588 2790 4643 Ecclesias
2823 4589 3139 4653 invaderet,
3172 4601 3514 4657 perversam-

246 4699 390 4735 σεων
422 4682 686 4752 σύγχυσιν
725 4685 804 4746 είς
830 4685 922 4737 τὸν
958 4685 1070 4755 βίον
1108 4686 1369 4754 εἰσάγειν·
1395 4686 1583 4740 τούτου
1610 4688 1770 4759 χάριν
1801 4687 1830 4739 6

1940 4696 2038 4751 que
2079 4681 2386 4749 opinionem
2417 4682 2484 4734 de
2517 4696 2871 4749 personarum
2903 4681 3218 4736 confusione
3267 4680 3319 4734 in
3353 4696 3510 4733 llllltl-

242 4773 383 4837 Θεὸς
412 4774 603 4845 ὥσπερ
637 4754 1064 4845 προανακόπτων
1096 4778 1156 4831 τὸ
1197 4778 1410 4847 μέλλον,
1448 4779 1543 4833 καὶ
1584 4754 1699 4843 τάς-
1726 4781 1829 4850 ψυ-

1940 4774 2059 4827 dum
2099 4772 2378 4827 induceret
2409 4791 2422 4827 :
2475 4772 2575 4827 hac
2621 4774 2686 4827 de
2713 4788 2875 4827 causa
2912 4773 3052 4827 Deus
3100 4772 3279 4825 futura
3310 4785 3513 4841 praeca-

243 4863 351 4935 χάς
374 4863 488 4917 τῶν
521 4866 600 4928 είς
632 4864 855 4937 ὕστερον
879 4868 1436 4941 προασφαλιζόμενος,
1461 4870 1698 4925 δείκνυσι
1730 4872 1828 4942 μὲν

247 4956 443 5009 ἑαυτὸν
480 4954 560 5026 τῷ
585 4957 841 5029 Στεφάνῳ
867 4959 925 5010 ὲν
953 4959 1058 5031 ίδίᾳ
1093 4960 1201 5013 τινὶ
1238 4961 1332 5014 καὶ
1370 4960 1651 5016 αὐτοτελεϊ
1680 4962 1826 5035 δόξῃ,

243 5047 490 5102 δείκνυσι
530 5049 585 5101 δὲ
618 5050 711 5103 καὶ
734 5050 823 5103 τὸν
851 5050 979 5105 Υἱδν
1012 5054 1068 5106 ὲν
1096 5053 1488 5126 άπηρτισμένῳ
1525 5056 1827 5128 προσώπῳ,

247 5140 434 5213 ἵστησι
462 5140 520 5194 δὲ
550 5141 711 5194 αὑτὸν
745 5144 808 5196 ὲκ
831 5142 1019 5207 δεξιῶν
1051 5143 1267 5211 ἑαυτοῦ,
1304 5145 1390 5199 ἵνα
1434 5149 1500 5218 τῇ
1526 5146 1831 5220 διευκρινή-

250 5245 334 5283 σει
361 5229 473 5283 τῶν
508 5230 815 5302 προσώπων
841 5233 1153 5305 έρμηνεύσῃ
1187 5234 1286 5299 τὰς
1314 5236 1657 5302 ὑποστάσεις.

321 5406 432 5459 Kal
453 5406 615 5477 τυχὸν
642 5408 757 5480 ὲρεῖ
775 5420 879 5492 τιςο
913 5410 993 5464 Ta
1028 5412 1125 5483 μὲν
1142 5429 1208 5465 πε
1217 5413 1271 5485 pl
1289 5416 1384 5467 τοῦ
1402 5414 1618 5488 Πατρδς
1631 5417 1832 5471 καὶτοῦ

253 5496 386 5551 Υίοῦ
420 5499 565 5553 οὕτω
594 5517 676 5554 σοι
713 5502 1162 5574 πεφιλοσόφηταιι
1214 5504 1316 5558 ποῦ
1344 5504 1401 5559 δὲ
1431 5506 1490 5559 τὸ
1518 5507 1742 5579 Πνεῦμα
1772 5508 1833 5561 τὸ

255 5588 441 5661 hunc;
477 5593 539 5646 Εί
569 5592 678 5665 γάρ
709 5593 809 5665 τῆς
846 5595 989 5650 κατὰ
1021 5599 1120 5669 τὴν
1159 5596 1340 5654 πίστιν
1380 5598 1682 5669 ἀσφαλείας
1712 5601 1832 5654 Evs-

325 5724 391 5756 ⁸⁸·
423 5725 556 5780 Νηιι.
584 5743 643 5792 ιι,
678 5727 780 5794 1ος
809 5727 923 5783 Jnel
955 5746 1015 5793 tt,
1050 5730 1101 5785 6.
1204 5734 1248 5764 ⁸¹
1277 5734 1414 5792 Gen.
1445 5754 1568 5794 ttth
1590 5782 1605 5795 .
1638 5739 1727 5795 27.

254 5789 303 5828 ⁸⁸
328 5794 502 5851 Matth
554 5782 685 5866 xvii,
727 5782 782 5853 5:
818 5782 823 5783 ί
857 5782 1155 5868 “At-iiii.
1187 5803 1219 5859 4
1448 5782 1568 5794 um
1590 5782 1605 5808 ’

1934 4879 2090 4928 veus,
2116 4880 2180 4917 ac
2208 4868 2542 4932 posterorum
2568 4864 2928 4932 pra-muniens
2950 4864 3180 4928 animas,
3207 4877 3266 4919 se
3292 4863 3511 4932 quidem

1936 4956 2051 5025 ipse
2077 4956 2354 5025 Stephano
2381 4955 2618 5010 ostendit
2659 4956 2710 5008 in
2752 4971 2845 5009 sua
2878 4956 3071 5027 plane,
3108 4970 3285 5026 eaque
3332 4953 3514 5024 perfe-

1935 5047 2174 5102 ctissima
2251 5046 2453 5118 gloria;
2501 5044 2697 5100 Filium
2744 5061 2874 5101 vero
2930 5048 3094 5102 etiam
3140 5049 3513 5111 demonstrat,
3564 5032 3577 5047 ’

1937 5140 1991 5194 iu
2024 5156 2251 5209 persona
2284 5140 2523 5194 numeris
2548 5141 2799 5196 omnibus
2827 5140 3107 5209 absoluta;
3142 5141 3421 5211 ipsumque
3441 5138 3511 5192 ad

1937 5233 2214 5288 dexteram
2270 5249 2422 5288 suam
2460 5232 2682 5296 statuit,
2717 5242 2776 5286 ttt
2817 5233 2981 5287 clara-
3008 5248 3363 5302 personarum
3426 5231 3512 5284 di-

1937 5326 2229 5381 stinctione
2263 5325 2636 5380 subsistentias
2665 5325 2977 5394 explicaret.

2009 5417 2206 5472 Verum
2253 5419 2391 5473 dicet
2439 5418 2670 5473 fortasse
2725 5417 3020 5487 quiSpiam:
3075 5415 3239 5468 Recte
3291 5412 3508 5482 quidrm

1941 5511 2057 5566 haec
2110 5513 2177 5566 de
2215 5500 2371 5566 Palre
2410 5519 2465 5565 et
2505 5509 2644 5564 Filio
2688 5525 2718 5563 a
2768 5520 2820 5564 te
2863 5506 3233 5578 philosOphata
3265 5517 3409 5560 sunt.
3441 5504 3511 5557 At

1940 5603 2029 5657 ubi
2074 5613 2155 5658 est
2184 5602 2427 5672 Spiritus
2475 5601 2740 5657 sanctus?
2786 5601 2843 5656 Si
2866 5599 3008 5655 enim
3050 5597 3117 5651 ad
3149 5596 3359 5666 plenam
3386 5593 3511 5648 ﬁdei

1837 5741 2026 5797 “Act.
2076 5757 2163 5809 lx,
2197 5742 2251 5797 8.
2327 5741 2373 5774 ⁸³
2403 5738 2448 5794 ll
2480 5740 2608 5798 Cor.
2647 5757 2729 5809 xt,
2788 5739 2879 5796 25.
2953 5739 2999 5771 “
3030 5735 3224 5793 Matth.
3285 5747 3367 5798 ιιι,
3425 5730 3514 5787 l7.
