3892 6272
434 307 535 368 Βῦί

1678 366 1681 369 Α
1701 320 1760 377 S.
1805 319 2080 379 ASTEIIII
2117 319 2418 378 AMASENI

3567 320 3676 377 352

435 429 906 492 conﬁrmationem
958 438 1120 495 Pater
1163 454 1195 496 e
1224 440 1361 498 caelo
1387 456 1510 500 cum
1553 443 1692 503 Filio
1723 450 1997 520 apparuit1

2110 465 2225 515 κεν,
2262 445 2551 520 οὐρανόθεν
2580 445 2610 498 6
2641 441 2831 515 Πατὴρ
2864 440 3002 512 μετά
3039 440 3136 495 τοῦ
3177 437 3311 495 Υίοῦ
3339 437 3679 507 ἐπεφαίνετο,

433 534 569 587 opus
594 521 757 581 etiam
786 526 1096 603 videbatur,
1134 546 1259 587 cum
1302 533 1383 589 eis
1414 535 1577 591 etiam
1608 547 1853 595 sanctum
1885 538 2006 608 Spi-

439 611 599 666 ritum
624 615 848 681 adesse,
875 628 932 673 ut
963 622 1202 677 exercita
1237 625 1484 692 quaedam
1516 627 1688 697 reipsa
1716 632 2006 701 mysterio—

438 718 554 756 rum
579 709 815 776 cognitio
835 750 851 775 ,
884 711 1088 768 visione
1134 713 1248 783 ipsa
1276 715 1588 774 hominibus
1614 720 2001 778 innotesceret.

436 795 666 853 Necesse
700 799 880 869 itaque
906 806 1080 858 estad
1126 806 1284 860 istam
1315 807 1671 878 objectionem
1698 849 1714 875 ,
1760 822 2002 867 nostram

438 889 757 943 sententiam
788 891 839 944 in
875 894 1107 948 medium
1135 897 1398 965 proferre.
1426 897 1693 968 Oportere
1720 901 2001 965 nimirum,

436 990 469 1027 ο
494 977 719 1032 nimium
742 981 978 1050 sapiens,
1009 998 1133 1040 eum
1157 988 1246 1057 qui
1281 989 1504 1043 recitata
1540 990 1742 1061 aliqua,
1787 993 1898 1048 acri
1952 1002 2007 1048 et

436 1077 629 1124 exacto
681 1069 885 1136 judicio
930 1077 1217 1145 expendit,
1274 1089 1330 1133 et
1386 1080 1633 1149 rimatur,
1683 1094 1791 1139 tum
1844 1094 2005 1141 rectae

438 1159 633 1213 mentis
674 1176 827 1230 esse,
861 1174 969 1219 tum
1014 1171 1273 1224 memoria
1321 1171 1533 1226 ﬁrmum
1558 1214 1575 1239 ,
1609 1183 1667 1228 ut
1698 1175 1770 1228 ita
1810 1187 2003 1232 cuncta

436 1248 660 1314 pariter,
693 1266 813 1320 quae
854 1255 1058 1324 scripta
1097 1268 1265 1322 sunt,
1298 1262 1762 1329 comprehendere
1802 1266 1999 1337 valeat,

413 1332 493 1394 ,εἰ
537 1335 679 1387 enim
716 1337 948 1406 Spiritus
972 1345 1145 1398 sancti
1185 1348 1525 1414 praesentiam
1556 1353 1787 1420 quaeris,
1825 1332 2005 1411 recole

432 1436 551 1486 qua.-
588 1427 743 1491 paqu
784 1433 1032 1498 superius
1066 1435 1210 1489 dicta
1257 1421 1420 1505 sunt,
1448 1450 1737 1506 antequam
1765 1444 1832 1498 de
1873 1444 2004 1514 lapi-

431 1513 589 1569 dibus
616 1532 864 1587 ageretur
896 1531 951 1577 et
994 1541 1157 1594 nece,
1189 1538 1245 1584 et
1281 1530 1523 1588 invenies
1567 1543 1693 1589 ante
1720 1536 1887 1604 ipsam
1916 1538 2003 1593 vi-

432 1604 639 1661 sionem
679 1610 941 1679 Spiritum
972 1629 1219 1673 sanctum
1270 1621 1603 1692 loquentem,
1639 1635 1695 1681 et
1726 1626 2004 1699 Stephano

430 1709 719 1769 astantem,
752 1704 1118 1778 athletamqne
1151 1716 1542 1781 pra-parantem
1571 1732 1635 1772 ac
1663 1734 2006 1789 componen-

2106 532 2284 612 ἐχρῆν
2301 539 2667 610 συμπαρεῖναι
2689 535 2783 588 καὶ
2813 533 2875 586 τὸ
2896 533 3122 631 Πνεύ
3148 531 3208 584 τὸ
3231 531 3411 631 ἅγιονἶ
3433 528 3517 631 ἵνα

2106 630 2268 698 κτικὴ
2300 638 2397 692 τις
2418 626 2775 699 μυσταγωγία
2793 626 2904 686 τοῖς
2926 620 3233 692 ἀνθρώποις
3265 619 3518 690 ἐτελέσθη
3545 620 3681 691 (58‘)

2104 720 2193 773 διά
2220 720 2320 790 τῆς
2351 717 2636 780 ὀπτασίας.
2679 717 2868 769 Εἰπείν
2897 714 3075 767 τοίνυν
3100 712 3397 779 ἀναγκαῖον
3428 710 3567 782 πρὸς
3588 710 3686 764 τὸν

2104 811 2306 882 ταύτην
2327 811 2457 881 ἡμῖν
2482 806 2935 879 ἀνθυποφέροντα-
2949 804 3048 875 τὴν
3077 804 3336 868 διάνοιαν,
3360 803 3464 868 ὅτι,
3493 797 3565 854 Ὦ
3592 816 3686 854 σο-

2105 901 2339 972 φώτατε,
2369 899 2475 971 χρὴ
2502 898 2595 953 τδν
2619 897 2727 952 τῶν
2752 896 3195 967 ἀναγνωσμάτων
3221 895 3567 967 βασανιστὴν,
3594 897 3685 967 ὀρ-

2106 993 2204 1065 θήν
2227 1010 2289 1046 τε
2319 991 2454 1062 ὁμοῦ
2479 992 2577 1062 τὴν
2601 990 2841 1044 διάνοιαν
2860 988 3002 1060 ἔχειν
3032 987 3125 1041 καὶ
3150 988 3212 1041 τὸ
3239 987 3571 1058 μνημονικὸν
3595 988 3684 1060 ep-

2107 1083 2372 1156 ρωμένον,
2405 1082 2471 1136 ἵν’
2509 1081 2652 1136 οὕτω
2677 1079 2878 1151 δυνηθῇ
2906 1078 3124 1133 πάντων
3155 1076 3292 1147 ὁμοῦ
3322 1076 3683 1149 περιδράσσε-

2106 1174 2228 1227 σθαι
2259 1174 2367 1227 τῶν
2400 1171 2820 1244 γεγραμμένων.
2855 1171 2919 1224 Εἰ
2946 1168 3056 1241 γὰρ
3090 1169 3185 1223 καὶ
3221 1169 3404 1240 ζητεῖς
3441 1168 3542 1239 τὴν
3582 1166 3679 1221 τοῦ

2104 1265 2419 1336 Πνεύματος
2458 1263 2778 1336 παρουσίαν,
2829 1261 3025 1333 μικρὸν
3076 1261 3335 1331 ἀνωτέρω
3370 1258 3478 1315 τῶν
3515 1259 3680 1313 λίθων

2103 1356 2197 1409 καὶ
2252 1356 2353 1426 τῆς
2404 1355 2714 1423 μιαιφονίας
2764 1351 2945 1422 γενοῦ,
2998 1351 3094 1405 καὶ
3138 1352 3390 1422 εὑρήσεις
3436 1350 3544 1421 πρὸ
3579 1351 3682 1421 τῆς

2103 1446 2364 1510 ὀπτασίας
2387 1445 2447 1499 τὸ
2485 1445 2709 1516 Πνεῦμα
2740 1443 3088 1512 λαλούμενον,
3117 1444 3214 1498 καὶ
3240 1441 3523 1513 συμπαρδν
3553 1442 3682 1494 Στε-

2106 1539 2279 1609 φάνῳ,
2317 1538 2412 1592 καὶ
2441 1535 2875 1610 προκαταρτίζον
2900 1535 2994 1589 τὸν
3021 1535 3281 1606 ἀθλητήν.
3317 1533 3531 1597 Εὐθέως
3570 1531 3680 1603 γὰρ

2103 1632 2162 1683 ὲν
2193 1631 2335 1702 ἀρχῇ
2362 1629 2457 1682 τοῦ
2490 1630 2822 1699 διηγήματος
2848 1666 2864 1691 ,
2900 1626 3101 1700 ταύτην
3136 1629 3267 1698 ἡμῖν
3296 1625 3681 1698 προανεφώιη-

2107 1739 2167 1774 σε
2211 1720 2306 1792 την
2357 1722 2558 1791 φωνήν·
2617 1720 2919 1788 Στέφανος
2970 1718 3211 1788 πλήρης
3262 1718 3530 1786 χάριτος,
3579 1716 3681 1775 καί

431 1797 540 1843 tem
577 1808 591 1843 :
627 1791 773 1848 clare
820 1810 1055 1865 namque
1100 1800 1151 1854 itt
1205 1802 1469 1872 principio
1509 1809 1837 1863 narrationis
1865 1810 1997 1865 hanc

2102 1791 2403 1880 ἀληθείας,
2440 1812 2542 1866 καὶ
2568 1811 2894 1880 δυνάμεως,
2921 1812 3108 1866 ἐποίει
3130 1809 3349 1880 σημεῖα
3384 1809 3480 1864 καὶ
3504 1808 3676 1877 τέραα

430 1880 660 1950 primam
703 1886 857 1939 nobis
921 1891 1144 1955 protulit
1189 1907 1373 1948 vocem
1425 1912 1440 1949 :
1487 1894 1778 1965 Stephanus
1823 1899 2001 1968 plenus

428 1972 600 2039 gratia
622 2013 635 2035 ,
663 1985 708 2027 et
743 1980 992 2042 veritate,
1030 1996 1091 2032 ac
1120 1980 1436 2049 fortitudine
1463 1985 1690 2052 faciebat
1719 1989 1960 2058 prodigia
1984 2032 1999 2055 ,

429 2071 478 2114 et
509 2064 661 2129 signa
705 2083 896 2137 magna
926 2070 979 2122 in
1019 2072 1231 2139 populo.
1270 2072 1626 2131 Surrexerunt
1671 2090 1847 2134 autem
1885 2082 2003 2150 qui-

431 2154 554 2207 dam
588 2157 653 2210 de
680 2155 958 2231 Sgnagoga
980 2201 995 2227 ,
1026 2180 1143 2231 quae
1175 2166 1544 2233 appellabatur
1578 2168 1961 2225 Libertinorunt
1981 2212 1998 2237 ,

418 2253 476 2313 et
509 2243 882 2313 Cyrenensium
903 2290 918 2313 ,
942 2261 989 2304 et
1026 2252 1498 2309 Alexandrinorum
1522 2296 1539 2322 ,
1577 2268 1624 2311 et
1669 2275 1850 2313 eorum
1870 2302 1884 2324 ,
1909 2264 2000 2331 qui

428 2343 575 2385 erant
606 2351 638 2387 a
682 2334 864 2390 Cilicia
885 2378 899 2401 ,
929 2349 981 2392 et
1010 2343 1163 2408 Asia,
1190 2344 1515 2414 disputantes
1540 2364 1660 2401 cum
1687 2338 2000 2416 Stephano:

427 2435 478 2477 ct
522 2442 622 2479 non
658 2439 895 2491 poterant
935 2434 1172 2489 resistere
1207 2439 1478 2504 sapientia:
1531 2449 1581 2494 et
1621 2440 1885 2509 Spiritui,
1911 2445 2002 2514 qui

429 2512 734 2576 loquebatur
755 2519 825 2573 ⁸⁷.
864 2520 1021 2575 Vides
1062 2523 1241 2594 itaque
1291 2541 1503 2582 sacram
1549 2528 1889 2599 Scripturam
1920 2512 2000 2587 di-

432 2606 630 2660 stincte
657 2624 721 2663 ac
765 2611 999 2667 dilucide
1022 2613 1257 2684 Spiritus
1283 2621 1452 2674 sancti
1480 2621 1638 2675 nobis
1660 2627 2001 2693 proposuisse

427 2701 753 2766 personam?
780 2701 1037 2769 Quamvis
1061 2718 1239 2762 autem
1276 2709 1535 2778 Spiritum
1569 2724 1818 2768 sanctum
1850 2720 1998 2785 prius

428 2788 815 2859 descripserit,
849 2796 1039 2850 deinde
1079 2812 1205 2852 vero
1243 2798 1458 2855 Patrem
1500 2818 1564 2857 ac
1597 2804 1794 2859 Filium
1818 2848 1833 2872 ,
1866 2810 1999 2863 nihil

429 2880 553 2936 ﬁdei
593 2882 756 2939 allicit
794 2889 999 2943 ordinis
1051 2891 1311 2949 inversio.
1365 2895 1414 2950 Is
1462 2896 1605 2950 enim
1651 2914 1821 2953 sacra:
1854 2900 1998 2955 Scri-

426 2986 598 3044 plura:
627 2994 741 3034 mos
767 2993 869 3034 est.
898 2984 1200 3053 Aliquando
1225 2988 1369 3040 enim
1398 2989 1572 3043 solum
1607 2989 1800 3044 Filium
1837 2994 2000 3046 nomi-

427 3082 557 3120 nare
584 3069 802 3136 assolet,
835 3072 1123 3143 aliquando
1158 3092 1287 3132 vero
1310 3077 1570 3148 Spiritum
1599 3093 1844 3137 sanctum
1874 3101 1996 3138 cum

424 3157 594 3225 Filio;
624 3161 761 3216 alias
793 3178 919 3219 vero
943 3182 969 3218 a
994 3165 1154 3222 Patre
1181 3169 1393 3223 initittnt
1436 3187 1671 3238 sumere,
1700 3190 1762 3229 ac
1789 3176 1841 3228 in
1873 3177 1995 3245 Spi-

425 3249 584 3303 ritum
612 3248 1167 3319 sauctumldesinere:
1199 3270 1253 3314 et
1284 3276 1441 3318 versa
1474 3264 1590 3319 vice
1623 3304 1639 3330 ,
1672 3266 1826 3322 initio
1854 3267 1997 3323 facto

425 3355 455 3393 a
486 3340 691 3410 Spiritu
725 3355 946 3411 sancto,
989 3364 1084 3418 per
1113 3348 1306 3405 Filium
1335 3368 1641 3411 sermonem
1677 3359 1745 3413 ad
1776 3358 1994 3416 Patrem

424 3432 643 3488 ducere.
698 3433 956 3507 llancque
1010 3423 1218 3497 dicendi
1277 3447 1702 3515 proprietatem,
1754 3453 1996 3507 omnium

424 3524 664 3579 maxime
699 3531 841 3596 apud
863 3528 1087 3585 Paulum
1115 3533 1322 3602 absque
1354 3537 1461 3592 ullo
1486 3541 1803 3597 discrimine
1839 3544 1999 3600 liceat

424 3613 769 3671 observatam
814 3620 1018 3676 videre.
1070 3623 1313 3679 Oﬂicium
1349 3643 1511 3695 porro
1539 3642 1779 3687 n05trnm
1803 3678 1819 3701 ,
1855 3636 2000 3704 quod

426 3706 702 3774 Stephano
735 3711 1068 3769 debebamus
1100 3718 1471 3789 explevimus,
1527 3740 1632 3778 non
1681 3740 1745 3780 ex
1807 3730 1999 3783 merito

425 3798 664 3867 quidem,
696 3801 741 3856 si
778 3804 852 3858 rei
896 3809 1208 3877 magnitudo
1240 3823 1548 3881 spectetur;
1588 3824 1645 3870 at
1688 3817 1733 3871 si
1783 3818 1997 3874 dicendi

424 3890 653 3949 facultas
673 3933 690 3960 ,
732 3896 964 3955 abunde.
1001 3903 1106 3958 Deo
1137 3914 1321 3961 nostro
1354 3906 1523 3973 gloria
1545 3948 1560 3973 ,
1589 3926 1733 3967 nunc
1769 3922 1823 3967 et
1851 3928 2000 3970 sem-

424 3997 537 4052 per,
572 3996 627 4042 et
653 3987 708 4042 in
743 3991 939 4046 saecula
971 3994 1315 4050 saacttlorum.
1345 4001 1538 4055 Amen.

1152 4085 1281 4140 XIII.

711 4173 1026 4227 Adhortatio
1065 4178 1134 4228 ad
1170 4181 1526 4243 paenitentiam
1581 4180 1717 4251 (59).

496 4266 670 4321 lIomo
705 4265 1029 4330 Pharisaeus,
1061 4275 1120 4320 ut
1149 4281 1212 4319 ex
1247 4268 1535 4339 Evangelio
1574 4271 1735 4328 Lucae
1759 4277 1868 4344 jatn
1902 4291 1997 4334 ac-

423 4356 664 4424 cepimus
686 4353 732 4385 ⁸⁸
752 4393 768 4419 ,
794 4353 1073 4408 Dominum
1100 4357 1165 4408 ad
1184 4357 1487 4411 convivium
1516 4360 1727 4427 invitat,
1752 4365 1997 4420 domum-

2102 4353 2343 4457 téy'ovéé';
2357 4353 2396 4451 ξ
2415 4353 2715 4460 esse.

423 4459 526 4513 que
555 4446 721 4512 ducit,
756 4453 812 4499 et
856 4460 1093 4499 mensam
1145 4461 1484 4504 communem
1528 4454 1768 4521 apponit.
1811 4457 1990 4511 Domi-

423 4548 729 4601 trusantem
786 4537 1040 4591 invitatus
1099 4554 1202 4592 non
1252 4552 1506 4610 gravatur
1551 4548 1850 4615 accedere,
1900 4566 2000 4607 nec

423 4625 739 4681 invitantem
779 4630 1004 4697 respuit,
1038 4630 1285 4698 quamvis
1325 4631 1412 4685 ille
1442 4649 1541 4690 nec
1570 4638 1868 4707 discipulus
1900 4642 1990 4707 sit,

420 4731 522 4770 nec
557 4717 609 4769 in
639 4731 697 4771 se
721 4717 925 4783 credat,
960 4721 1055 4773 sed
1086 4719 1220 4791 legis
1265 4722 1467 4792 scripto
1508 4727 1794 4785 devinctus
1832 4731 1999 4787 iuba:-

421 4815 557 4873 reat,
589 4822 686 4862 nec
729 4808 796 4862 ad
840 4809 1082 4865 veritatis
1114 4813 1476 4882 cognitionem
1525 4821 1711 4875 oculos
1757 4838 1992 4892 unquam

419 4898 711 4967 aperuerit,
743 4907 798 4953 et
821 4900 872 4953 in
902 4902 1285 4969 prophetarum
1327 4908 1773 4976 promissionibus
1812 4916 1990 4983 gravi-

418 4996 505 5042 ter
552 4985 930 5045 hallucinetur.
978 4989 1090 5046 Cur
1129 5004 1312 5051 autem
1364 5000 1519 5055 nobis
1561 4998 1736 5057 Lucas
1775 5004 1992 5076 scripsit

417 5079 521 5133 hoc
556 5082 749 5149 caput?
775 5081 857 5136 An
889 5098 952 5138 ea
982 5084 1235 5141 nimirum
1274 5089 1341 5145 de
1380 5106 1565 5157 causa,
1603 5102 1661 5147 ut
1698 5110 1758 5149 ea
1789 5111 1990 5166 cogno-

414 5184 653 5249 scamus,
688 5187 809 5241 qua:
850 5174 1099 5230 Christus
1127 5177 1258 5245 egit.
1306 5179 1431 5234 dum
1468 5181 1519 5235 in
1552 5198 1779 5252 corpore
1806 5201 1989 5242 versa-

417 5268 596 5325 retur;
634 5273 689 5316 et
722 5279 790 5319 ex
822 5264 1062 5322 historiae
1089 5271 1395 5339 cognitione
1427 5272 1655 5328 utilitate
1686 5276 1983 5333 documen-

416 5358 579 5421 toque
624 5354 823 5411 referta
863 5358 976 5414 haec
1002 5363 1202 5430 scripta
1245 5378 1342 5417 nos
1385 5364 1451 5417 ad
1492 5365 1647 5419 vitam
1678 5378 1821 5421 recte
1854 5385 1984 5424 con-

414 5452 729 5517 stanterque
771 5450 1149 5507 instituendam
1192 5455 1472 5510 erudiant?
1508 5458 1597 5510 Sic
1637 5472 1736 5527 ego
1764 5460 1979 5528 quidem

487 5556 534 5587 ⁸⁷
554 5560 677 5613 Act.
704 5574 779 5623 vt,
810 5562 843 5616 8
868 5579 987 5632 sqq.
1064 5563 1110 5595 ⁸⁸
1200 5564 1329 5619 Luc.
1374 5581 1482 5631 vn,
1515 5567 1583 5621 56
1617 5584 1737 5638 sqq.

654 5647 818 5727 forte
851 5652 1131 5727 legendum
1159 5654 1598 5727 τελεσοῇηΕιιιτ.
1637 5657 1872 5715 Parant.

2103 1919 2177 1956 τα
2213 1889 2447 1972 μεγάλα
2494 1902 2565 1955 ἐν
2609 1900 2688 1966 τῷ
2714 1900 2859 1966 λαῷ.
2906 1900 3281 1969 Ἀνέστησαν
3312 1898 3381 1952 δέ
3420 1915 3579 1964 τινες
3608 1898 3681 1951 ἐκ

2102 1991 2212 2060 τῆς
2241 1990 2601 2061 συναγωγῆς
2651 1988 2761 2058 τῆς
2790 1989 3123 2060 λεγομένης
3170 1986 3543 2055 Λιϐερτίνων.
3577 1986 3678 2039 καὶ

2101 2083 2471 2151 Κυρηναίων,
2505 2079 2602 2134 καὶ
2639 2078 3093 2148 Ἀλεξανδρέων,
3130 2078 3232 2131 καὶ
3274 2075 3394 2130 τῶν
3436 2075 3552 2130 ἀπὸ
3578 2078 3680 2129 Κι-

2098 2176 2318 2242 λικίας,
2345 2176 2443 2229 καὶ
2478 2172 2703 2239 Ἀσίας.
2725 2168 3122 2239 συζητοῦντες
3145 2167 3227 2235 τῷ
3242 2167 3546 2237 Στεφάνῳ*
3574 2166 3678 2221 καί

2100 2268 2212 2320 οὐκ
2241 2265 2465 2335 ἴσχυον
2486 2260 2839 2330 ἀντιστῆναι
2864 2259 2938 2331 τῇ
2966 2261 3152 2330 σοφίᾳ
3176 2259 3273 2314 καί
3301 2257 3383 2326 τῷ
3411 2259 3681 2328 Πνεύμα-

2100 2373 2174 2414 τι.
2208 2348 2257 2422 ᾧ
2286 2355 2512 2409 ἐλάλει.
2556 2354 2685 2407 Ἰδοὺ
2734 2352 2933 2415 τοίνυν,
2986 2352 3080 2405 καὶ
3124 2352 3186 2405 τὸ
3220 2349 3315 2404 τοῦ
3361 2348 3680 2419 Πνεύματος

2101 2446 2228 2517 ἡμῖν
2268 2446 2567 2518 πρόσωπον
2612 2444 2877 2517 εύκρινῶς
2924 2443 3135 2511 ὁλόγος
3177 2442 3503 2513 ὑπέστησεν.
3536 2438 3679 2493 Εἰδὲ

2099 2536 2256 2590 τοῦτο
2299 2538 2562 2608 πρότερον
2603 2536 2934 2607 γέγραπται,
2980 2534 3287 2587 τελευταῖον
3321 2533 3379 2586 δὲ
3416 2533 3445 2585 6
3487 2528 3680 2602 Πατὴρ
3729 2587 3745 2600 ,

2100 2630 2196 2684 καὶ
2225 2630 2255 2682 6
2279 2630 2427 2695 Υἱὸς,
2460 2629 2613 2683 οὐδὲν
2641 2630 2675 2699 ἡ
2701 2629 2799 2699 τῆς
2827 2628 3032 2693 τάξεως
3068 2624 3354 2694 ἀπαλλαγὴ
3399 2626 3466 2694 τῇ
3495 2623 3677 2677 πίστει

2099 2722 2434 2792 λυμαίνεται.
2492 2720 2725 2791 Σύνηθες
2772 2720 2881 2791 γὰρ
2928 2719 3087 2773 τοῦτο
3134 2719 3307 2771 ποιεῖν
3358 2718 3425 2787 τῇ
3460 2716 3673 2787 Γραφῇ·

2101 2815 2195 2869 καὶ
2230 2813 2359 2867 ποτὲ
2396 2813 2492 2884 μὲν
2525 2811 2811 2883 ὀνομάζειν
2845 2812 2935 2865 τὸν
2974 2810 3102 2864 Υἰὸν
3146 2809 3322 2880 μόνον·
3356 2806 3486 2860 ποτὲ
3524 2806 3581 2859 δὲ
3614 2808 3680 2860 τὸ

2101 2904 2325 2974 Πνεῦμα
2351 2906 2447 2957 σὺν
2477 2902 2553 2973 τῷ
2581 2902 2714 2974 Υἰῷ·
2748 2904 2844 2957 καὶ
2870 2902 3059 2957 ἄλλοτε
3084 2900 3141 2953 δὲ
3173 2898 3434 2970 ἄρχεσθαι
3471 2897 3568 2968 μὲν
3611 2899 3678 2951 ὲκ

2094 2991 2193 3045 τοῦ
2223 2992 2454 3062 Πατρὸς,
2483 2990 2813 3062 καταλήγειν
2862 2990 2919 3044 δὲ
2963 2991 3043 3054 είς
3090 2989 3150 3042 τὸ
3191 2985 3438 3058 Πνεῦμω
3481 2987 3577 3039 καὶ
3613 2986 3678 3040 τὺ

2101 3084 2389 3145 ἀνάπαλιν,
2426 3082 2527 3152 τῆς
2566 3082 2741 3153 ἀρχῆς
2784 3082 2849 3135 ὲκ
2884 3080 2977 3134 τοῦ
3012 3077 3325 3147 Πνεύματος
3356 3077 3674 3148 γενομένης,

2100 3175 2187 3229 διὰ
2213 3173 2306 3228 τοῦ
2336 3173 2466 3227 Υἰοῦ
2506 3173 2583 3245 τῷ
2621 3173 2763 3243 λόγῳ
2804 3172 2897 3225 ἐπὶ
2932 3173 3024 3225 τὸν
3064 3169 3284 3240 Πατέρα
3310 3168 3536 3222 ὁδεύειν·
3580 3168 3677 3222 καὶ

2095 3263 2253 3318 τοῦτο
2305 3264 2364 3317 τὸ
2416 3264 2517 3334 τῆς
2560 3264 2844 3336 συνηθείας
2887 3263 3081 3334 ἰδίωμα
3143 3260 3373 3332 μάλιστα
3414 3260 3564 3331 παρά
3594 3259 3679 3332 τῷ

2099 3355 2318 3427 μεγάλῳ
2362 3355 2559 3425 Παύλῳ
2601 3353 3081 3426 ἀπαραφυλάκτως
3109 3350 3491 3423 συντηρεῖσθαι
3532 3349 3679 3420 7M5-

2100 3464 2258 3518 μενον
2286 3447 2428 3501 ἐστιν
2456 3447 2603 3503 ἰδεῖν.
2630 3446 2989 3517 Πεπλήρωται
3031 3445 3087 3499 δὲ
3119 3445 3251 3515 παρ’
3296 3444 3429 3513 ἡμῖν
3475 3442 3569 3495 καὶ
3597 3443 3678 3515 τῷ

2097 3539 2353 3609 Στεφάνῳ
2377 3539 2437 3591 τὸ
2457 3539 2635 3611 χρέος*
2654 3539 2701 3591 εἰ
2729 3538 2827 3609 μὲν
2850 3538 2984 3608 πρὸς
3007 3537 3066 3590 τὸ
3087 3536 3312 3607 μέγεθος
3337 3533 3548 3604 βλέπων
3567 3551 3674 3599 τις,

2096 3630 2195 3699 ούχ
2232 3628 2450 3692 ἱκανῶς·
2482 3632 2531 3682 εἰ
2561 3629 2617 3682 δὲ
2651 3629 2786 3703 πρὸς
2825 3628 2917 3681 τοῦ
2945 3628 3192 3697 λέγοντος
3231 3626 3483 3695 δύναμιν,
3530 3624 3678 3678 αὐτ-

2054 3750 2055 3757 ι
2098 3720 2301 3791 άρκωςυ
2325 3721 2407 3773 ὅτι
2429 3720 2507 3790 τῷ
2529 3719 2648 3790 Θεῷ
2676 3719 2831 3790 ἡμῶν
2854 3721 2887 3790 η
2912 3717 3059 3783 δόξα,
3092 3718 3186 3772 νῦν
3214 3717 3309 3770 καὶ
3331 3715 3441 3781 ἀεὶ,
3473 3715 3567 3768 καὶ
3593 3716 3675 3780 εἰς

2097 3812 2224 3875 τοὺς
2257 3810 2459 3875 αἰῶνας
2490 3809 2599 3865 τῶν
2631 3809 2861 3864 αἰώνων.
2905 3809 3097 3880 Ἀμήν.

2831 4118 2933 4173 II".

2403 4209 2837 4281 Προτρεπτικὸς
2867 4225 2997 4278 περ.
3022 4208 3362 4281 μετανοίας.

2180 4302 2341 4374 Ἀνὴρ
2366 4304 2671 4374 Φαρισαῖος,
2691 4302 2767 4366 ὡς
2793 4302 2995 4373 ἀρτίως
3023 4300 3336 4371 ἠκούσαμεν
3363 4298 3459 4355 τοῦ
3489 4299 3677 4352 Λουκᾶ

2759 4389 2850 4443 τὸν
2902 4389 3106 4461 Κύριον
3151 4390 3230 4453 εἰς
3275 4388 3540 4452 ἐπίασιν,
3578 4389 3677 4441 καὶ

2028 4482 2074 4539 D
2100 4477 2409 4548 ὑπωρόφιον
2440 4477 2582 4547 ἄγει,
2626 4479 2722 4534 καὶ
2765 4478 2947 4551 κοινὴν
2980 4478 3334 4548 παρατίθεται
3373 4474 3673 4548 τράπεζαν.

2120 4570 2177 4622 Ὁ
2208 4570 2265 4624 δὲ
2298 4568 2420 4623 οὔτε
2446 4568 2545 4641 τὴν
2573 4571 2764 4642 κλῆσιν
2805 4570 3179 4634 ἀπαναίνεται,
3208 4568 3331 4622 οὔτε
3365 4567 3555 4637 φεύγει
3583 4567 3677 4620 τὸν

2104 4655 2408 4728 ἄνθρωπον,
2436 4659 2573 4729 μήτε
2592 4658 2839 4731 μαθητὴν
2859 4659 3007 4725 ὄντα,
3031 4660 3164 4731 μήτε
3185 4657 3574 4718 πιστεύσαντα,
3597 4656 3673 4727 τῷ

2100 4745 2388 4818 γράμματι
2416 4747 2472 4800 δὲ
2507 4749 2926 4819 προσδεδεμένον
2967 4748 3062 4802 τοῦ
3095 4749 3288 4819 νόμουσ
3318 4746 3413 4801 καὶ
3456 4745 3672 4800 οὐδέπω

2100 4834 2238 4905 πρὸς
2271 4834 2369 4907 τὴν
2408 4835 2702 4905 ἐπίγνωσιν
2743 4839 2845 4909 τῆς
2886 4837 3141 4909 ἀληθείας
3188 4837 3314 4902 τοὺς
3362 4834 3676 4907 ὀφθαλμοὺς

2087 4926 2402 4993 ἀνοίξαντα,
2439 4927 2692 4998 χαλεπῶς
2740 4929 2799 4983 δὲ
2849 4930 2985 5002 πρὸς
3033 4930 3132 4994 τὰς
3180 4928 3511 4998 ἐπαγγελίας
3563 4929 3676 4999 ἀμ-

2091 5016 2444 5073 ϐλυωποῦντα
2478 5019 2589 5072 τῶν
2641 5021 2955 5092 προφητῶν.
2996 5021 3061 5074 Τί
3101 5015 3195 5074 οὖν
3239 5021 3370 5091 ἡμῖν
3410 5017 3570 5072 τοῦτο
3614 5016 3676 5071 τὸ

2090 5107 2384 5178 κεφάλαιον
2416 5108 2722 5181 ἀνέγραψεν
2765 5114 2794 5165 6
2833 5112 3087 5177 Λουκᾶς;
3134 5110 3395 5183 Πότερον,
3440 5108 3530 5164 ἵνα
3574 5107 3674 5180 τὴν

2091 5198 2292 5265 γνῶσιν
2352 5198 2565 5271 ἔχωμεν
2615 5197 2689 5255 ὦν
2735 5204 2764 5257 6
2812 5203 3018 5275 Ἰησοῦς
3067 5202 3469 5273 κατειργάσατο
3520 5199 3674 5253 πολι-

2089 5289 2382 5361 τευόμενος
2407 5293 2464 5345 ὲν
2497 5293 2575 5365 τῷ
2610 5294 2843 5367 σώματι,
2881 5298 2976 5350 καὶ
3032 5296 3241 5365 γνῶσιν
3295 5292 3536 5364 ἱστορίας
3578 5295 3678 5346 ἐπ-

2088 5379 2329 5449 ωφελοΰς
2362 5383 2766 5456 παραλάϐωμεν
2804 5387 2878 5459 ;ἢ
2931 5386 3020 5440 νοῦ
3054 5404 3200 5451 τινος
3218 5383 3534 5453 ὲπωφελοῦς
3584 5383 3677 5437 καὶ
3768 5436 3771 5439 ,

2089 5470 2435 5528 παιδευτικοῦ
2474 5477 2635 5547 γέμει
2662 5476 2732 5532 τὰ
2763 5479 3089 5561 γράμματα,
3135 5479 3226 5533 τὸν
3260 5475 3527 5548 ἡμέτερον
3561 5473 3678 5545 βίον

490 5718 601 5788 (59)
652 5719 768 5777 Iluc
800 5718 972 5792 usque
1002 5723 1144 5780 inter
1189 5718 1642 5798 Opera'Grcgorii
1695 5731 1943 5801 Nysscni.
1978 5728 2061 5787 cd.
2102 5728 2259 5799 11533,
2297 5745 2424 5791 tom.
2463 5733 2540 5803 II',
2583 5752 2633 5805 p.
2688 5736 2807 5792 165.
2845 5736 2920 5790 In.
