3892 6272
186 330 300 384 353

1030 326 1315 382 HOMILIA
1355 325 1501 384 XIII.
1548 325 1998 383 ADIIORTATIO
2034 328 2128 383 AD
2168 327 2695 386 POENITENTIAM.

3349 337 3458 390 554

185 442 328 514 πρὸς
361 440 426 494 τὸ
451 441 610 512 όρθδν
640 443 734 495 καὶ
772 441 1132 513 ἀδιάστροφον
1172 443 1556 508 κανονίζοντα;
1587 443 1770 506 Οὕτως

1879 445 2151 508 existimo,
2207 460 2408 514 vosque
2459 446 2599 500 idem
2654 445 2858 502 sentire
2905 464 3004 518 par
3053 457 3155 503 est.
3208 450 3459 521 Plerique

182 533 245 586 δὲ
287 533 436 602 ἔχειν
474 531 650 600 ἔγωγε
683 532 942 602 ἡγοῦμαι,
973 533 1066 585 καὶ⁸
1097 534 1241 603 ὑμᾶς
1268 533 1548 604 προσῆκον
1589 533 1776 585 πείθε-

184 625 334 678 σθαι.
375 624 569 678 Πολλοὶ
598 625 706 696 γάρ
738 627 842 678 εἱσι
873 625 985 678 τῶν
1025 626 1251 690 ἑαυτοὺς
1289 626 1640 682 δικαιούντων
1660 627 1778 697 φίλ-

184 733 347 770 αυτοι
413 716 511 770 καὶ
547 716 897 788 αὑτάρεσκοι,
934 719 993 770 ἐν
1021 717 1287 789 ὑπολήψει
1317 718 1404 772 διὰ
1449 719 1606 772 κενοῦ
1646 736 1778 790 φρο-

184 810 430 876 νήματος
485 807 811 879 ὡγκωμένοι
833 849 850 873 ,
904 809 1262 880 ἁμαρτωλοὺς
1311 811 1602 874 καλοῦντες
1650 813 1777 874 τοὺς

185 895 532 964 ἐγγίζοντας,
582 900 677 952 καὶ
708 899 836 970 πρὶν
868 900 1042 953 ἐλθεῖν
1079 901 1140 952 τὸ
1186 901 1440 972 ἀληθινὸν
1471 903 1772 974 κριτήριον,

184 988 434 1052 ἑαυτοὺς,
463 989 539 1052 ὡς
567 989 736 1058 ἀρνας
761 991 870 1044 ἀπὸ
906 990 1015 1043 τῶν
1042 992 1264 1062 ἐρίφων,
1294 990 1646 1063 χωρίζοντες,
1683 993 1776 1046 καὶ

188 1067 322 1148 πρὸς
365 1079 465 1149 τὴν
511 1079 680 1151 θύραν
731 1082 830 1152 τῆς
870 1080 1152 1151 βασιλείας
1185 1083 1474 1152 βλέποντες
1516 1084 1590 1147 ὡς
1644 1085 1775 1137 άνα-

189 1169 549 1240 πεπταμένην
621 1171 833 1235 αὐτοῖς·
890 1174 951 1226 οὐ
1014 1175 1245 1244 στέγης,
1295 1176 1394 1228 οὐκ
1457 1177 1774 1248 ἐδεσμάτων

187 1260 469 1325 ἀξιοῦντες
515 1263 629 1324 τοῖς
675 1262 888 1326 πολλοῖς
934 1267 1238 1316 κοινωνεῖψ
1281 1264 1688 1337 βδελυσσόμενοι
1717 1268 1774 1320 δέ

185 1355 400 1416 πάντας
420 1354 550 1416 τοὺς
581 1355 655 1423 μὴ
686 1353 785 1423 τὴν
817 1354 1017 1424 ἄκραν,
1043 1353 1180 1408 ἀλλὰ
1211 1355 1310 1427 τὴν
1348 1358 1519 1430 μέσην
1552 1361 1644 1412 ἐπὶ
1677 1359 1772 1413 τοῦ

184 1443 305 1512 βίου
337 1445 728 1514 πορευομένοις
751 1443 889 1496 ὁδόν.

265 1536 328 1587 'U
361 1535 543 1588 τοίνυν
575 1537 808 1602 Λουκᾶς,
853 1536 884 1588 6
907 1535 1069 1589 πλέον
1094 1536 1204 1590 τῶν
1231 1537 1417 1608 ψυχῶν
1451 1539 1482 1609 ἢ
1517 1539 1625 1593 τῶν
1661 1557 1773 1593 σω-

1877 536 2023 590 enim
2071 550 2284 600 eorum,
2333 537 2424 605 qui
2470 538 2628 606 seipsi
2657 537 2920 605 judicant,
2954 539 3056 592 sibi
3088 551 3457 608 assentantur,

1878 639 1938 680 se
1969 625 2216 697 diligunt,
2263 628 2364 682 sibi
2403 627 2639 697 placent,
2674 629 2933 698 inanique
2980 630 3237 697 opinione
3267 635 3455 690 tumidi

1879 722 2044 782 atque
2076 713 2264 779 inﬂati,
2302 730 2416 777 eos,
2452 718 2541 785 qui
2591 717 2658 771 ad
2705 732 2764 771 se
2815 719 3097 781 accedunt,
3145 731 3458 786 peccatores

1877 805 2149 874 appellant
2187 814 2240 860 et
2276 816 2564 876 antequam
2617 808 2728 862 veri
2775 806 2960 874 judicii
3004 819 3213 878 tempus
3248 813 3453 874 veniat,

1876 912 1934 952 se
1960 906 2213 966 tanquam
2245 913 2410 967 agnos
2441 901 2507 952 ah
2541 900 2707 954 hazdis
2737 910 3011 969 separant,
3046 902 3280 970 coelique
3308 903 3455 955 fores

1876 989 1975 1044 sibi
2021 1001 2238 1057 apertas
2283 990 2578 1056 intuentes,
2641 1007 2738 1046 nec
2796 995 3009 1046 domum
3067 1009 3188 1048 cum
3250 994 3454 1064 reliqua

1876 1081 2236 1145 multitudine,
2277 1095 2376 1135 nec
2415 1082 2592 1134 cibum
2643 1083 2932 1151 dignantur
2983 1085 3182 1140 habere
3221 1101 3455 1141 commu-

1876 1184 2022 1232 nem,
2071 1179 2232 1237 atque
2261 1185 2468 1235 oumes,
2514 1171 2603 1238 qui
2638 1187 2742 1224 non
2781 1188 2876 1240 per
2907 1189 3194 1238 summam,
3237 1176 3329 1230 sed
3356 1190 3454 1245 per

1877 1261 2106 1315 mediam
2141 1270 2259 1315 tuta:
2284 1262 2529 1316 semitam
2567 1262 2841 1328 incedunt,
2883 1265 3236 1321 detestantur.

1943 1525 2121 1580 Lucas
2168 1525 2353 1596 igitur,
2387 1527 2690 1582 animorum
2735 1531 2924 1598 magis,
2973 1546 3447 1603 quamcorporum

185 1627 379 1698 μάτων
420 1629 625 1698 ἰατρὸς,
663 1626 870 1698 ἔγραψε
902 1626 966 1680 τὸ
1004 1629 1063 1680 ἐν
1108 1631 1266 1700 χερσὶ
1292 1629 1569 1700 διήγημα*
1600 1633 1660 1684 οὑ
1687 1632 1770 1685 λό-

1875 1620 2132 1684 medicus,
2175 1630 2490 1687 prmsentem
2520 1620 2658 1674 hanc
2698 1622 2854 1676 nobis
2897 1639 3000 1676 non
3033 1633 3140 1676 tam
3177 1627 3442 1680 narratio.

181 1735 281 1786 γον
321 1719 548 1784 ἁπλῶς,
590 1717 727 1772 ἀλλὰ
765 1719 1056 1789 φάρμακον
1095 1699 1206 1775 τῶν
1253 1699 1553 1776 νοσούντων
1603 1724 1770 1778 αὐθά-

1875 1727 2015 1777 netu,
2041 1728 2200 1780 quam
2226 1712 2380 1780 plane
2407 1715 2703 1782 appositam
2731 1715 3120 1781 argrotautibus
3151 1717 3292 1769 fastu
3327 1733 3440 1770 me-

180 1782 358 1869 δειαν,
402 1782 566 1860 αὑτὸν
615 1782 788 1878 ’ἡμῶν⁷
944 1808 1077 1861 Θεὸν
1109 1810 1205 1862 καὶ
1250 1810 1476 1880 Σωτῆρα
1521 1810 1734 1875 δεικνὺς
1754 1851 1769 1876 9

1875 1804 2102 1856 dicinam
2130 1803 2393 1866 exhibuit,
2426 1806 2734 1868 ostendens,
2771 1808 2942 1873 ipsum
2986 1805 3148 1859 Deum
3189 1806 3449 1861 Servato-

182 1901 278 1953 τὸν
323 1899 672 1971 ἀσυγκρίτως
717 1897 958 1970 καθαρὸν
1017 1901 1110 1954 καὶ
1164 1902 1322 1971 μόνον
1365 1901 1592 1966 δίκαιον,
1643 1920 1770 1972 συγ-

1876 1909 1984 1948 rem
2031 1902 2292 1957 nostrum,
2341 1895 2430 1964 qui
2478 1897 2593 1949 sine
2645 1898 3048 1965 comparatione
3088 1913 3251 1966 purus
3286 1909 3450 1966 atque

182 1992 549 2062 γνωμονικῶς
586 1991 705 2044 λίαν
733 1993 847 2054 τοῖς
890 1992 1362 2062 κατεγνωσμένοις
1407 2009 1770 2063 συναναστρε-

1875 1985 2084 2055 integer
2114 1995 2216 2052 est,
2263 1987 2518 2056 solusque
2553 1987 2756 2057 justus,
2799 1989 3093 2044 clementer
3136 1990 3448 2057 admodum,

185 2084 450 2152 φόμενον.
480 2084 711 2146 καὶτοῖς
744 2083 958 2136 οὐδέπω
993 2082 1431 2154 κεκαθαρμένοις
1465 2084 1770 2137 συνδιαιτώ-

1875 2078 2204 2147 benigneque
2239 2095 2362 2132 cum
2398 2074 2640 2148 perditis
2697 2091 2861 2149 atque
2905 2081 3173 2136 damnatis
3217 2083 3447 2145 versari,

189 2191 388 2242 μενον·
438 2176 538 2244 οὐχ
590 2175 678 2228 ἴνα
716 2191 770 2227 τι
808 2174 1090 2246 προσλάϐῃ
1139 2175 1240 2245 τῆς
1287 2176 1509 2230 ἐκείνων
1543 2176 1770 2242 κακίας,

1875 2179 1926 2222 et
1971 2183 2091 2222 cum
2133 2170 2222 2233 iis,
2257 2171 2351 2238 qui
2405 2170 2642 2224 nondum
2677 2173 2796 2240 puri
2837 2173 3130 2239 mundique
3167 2182 3317 2239 sunt,
3368 2174 3449 2226 vi-

187 2265 308 2318 ἀλλ’
337 2266 424 2319 ἵνα
462 2265 673 2337 μεταδῷ
700 2266 800 2336 τῆς
847 2267 1054 2329 οἰκείας
1099 2267 1467 2338 δικαιοσύνης,
1497 2268 1639 2321 κατά
1675 2268 1770 2339 τὴν

1875 2275 2017 2322 verr,
2049 2277 2154 2314 non
2190 2271 2244 2313 ut
2282 2277 2469 2315 eorum
2506 2263 2747 2316 maculas
2797 2265 3050 2332 accipiat,
3086 2264 3178 2316 sed
3229 2273 3288 2317 ut.
3337 2263 3446 2319 illis

188 2358 428 2428 ἡλιακὴν
464 2357 668 2427 ταύτην
695 2358 794 2428 τὴν
828 2357 1157 2428 φαινομένην
1189 2358 1466 2428 ἐνέργειαν
1496 2361 1639 2430 (ὅσον
1665 2361 1770 2413 ἀπὸ

1875 2350 2133 2419 iustitiam
2169 2368 2320 2407 suam
2371 2355 2756 2423 impertiatur:
2807 2356 2978 2410 instar
3029 2356 3252 2426 hujusce
3290 2357 3446 2420 solis,

190 2449 289 2504 τοῦ
344 2449 639 2519 κτίσματος
688 2449 1036 2521 παραστῆσαι
1081 2448 1176 2503 τοῦ
1229 2450 1446 2503 κτίστου
1493 2451 1592 2523 τὴν
1635 2454 1771 2524 πρό-

191 2542 389 2611 νοιαν).
413 2543 598 2612 Ἵσμεν
636 2541 732 2612 μὲν
764 2541 893 2612 γὰρ,
919 2542 1000 2594 ὅτι
1033 2542 1127 2594 καὶ
1151 2543 1178 2595 6
1205 2542 1356 2612 ἥλιος
1386 2544 1445 2596 οὐ
1471 2544 1570 2608 τὰς
1594 2546 1768 2616 ήπλω-

197 2634 370 2702 μένας
408 2633 567 2703 μόνον
593 2631 890 2703 ἐπιλάμπει
920 2631 1124 2703 χώρας,
1152 2634 1289 2688 ἀλλά
1320 2636 1412 2689 καὶ
1439 2636 1561 2688 ὅσαι
1601 2636 1770 2689 κοιλό⁸

187 2743 350 2796 τεραι
382 2727 476 2778 καὶ⁹
501 2725 600 2796 τῆς
618 2723 918 2795 ἀντρώδους
945 2723 1135 2795 ἔλαχον
1167 2725 1389 2790 θέσεως.
1419 2725 1768 2798 Παυσώμεοα

189 2817 395 2880 τοίνυν,
434 2816 487 2868 εί
505 2832 647 2880 τινες
681 2816 851 2878 οὕτως
879 2815 1203 2887 φρονοῦμεν,
1231 2817 1307 2881 ὼς
1334 2819 1362 2870 6
1387 2817 1542 2887 λόγος
1575 2819 1768 2888 φησίν·

196 2905 567 2978 μιμησώμεθα
597 2906 654 2960 δὲ
694 2905 786 2960 τοῦ
818 2907 1084 2960 Δεσπότου
1118 2907 1179 2960 τὸ
1225 2908 1404 2972 ῐλεων,
1453 2910 1548 2962 καὶ
1585 2908 1772 2978 φιλάν-

194 2998 435 3072 θρωπον,
463 3001 576 3062 τοῖς
601 2999 876 3060 ταπεινοῖς
908 2997 998 3051 διά
1026 2995 1185 3052 τοῦτο
1211 3000 1732 3068 ωγκαταὸαίνοντες
1751 3017 1765 3030 ·

193 3088 292 3158 οὐχ
322 3089 414 3142 ἵνα
440 3089 624 3150 αὐτοῖς
661 3088 932 3159 κειμένοις
959 3080 1498 3161 συνταπεινωθῶμεν,
1537 3091 1651 3144 ἀλλ’
1682 3092 1769 3144 ἵνα
1796 3119 1837 3175 C

193 3178 490 3242 κάκείνους
520 3177 827 3249 ὑψώσωμεν
844 3195 858 3209 ·
888 3174 998 3233 οἷον
1026 3179 1362 3251 κολυμϐηταί
1387 3199 1530 3246 τινες
1551 3182 1769 3254 ἔφυδροι

191 3270 321 3333 τοὺς
379 3268 720 3340 παγομένους
773 3269 909 3340 πρὸς
956 3270 1047 3322 τὸν
1098 3269 1326 3335 ζωτικὸν
1386 3272 1526 3344 ἀέρα
1581 3273 1770 3328 τοῦτον

191 3361 530 3425 ἀνέλκοντες.

272 3539 496 3610 Ἐπειδὴ
541 3539 599 3592 δὲ
636 3539 772 3611 πρὸς
823 3539 1053 3614 ἀρίστην
1095 3557 1280 3613 νοησιν
1312 3541 1374 3595 τὸ
1419 3541 1768 3610 εὑαγγελικδν

189 3630 432 3702 γράμμα
495 3633 865 3702 χειραγωγεῖ,
931 3632 1064 3704 φέρε
1122 3633 1258 3705 πρὸς
1307 3632 1398 3686 τὸν
1459 3634 1768 3703 ἐμπεσόντα

192 3725 396 3777 σκοπὸν
425 3724 650 3786 ἑαυτοὺς
679 3724 1072 3795 ἀποτείνωμεν.
1106 3723 1385 3795 Θαυμάζω
1413 3723 1614 3796 σφόδρα
1644 3726 1768 3788 τοὺς

189 3814 288 3885 τὴν
333 3813 558 3885 ἐμπαθῆ
617 3814 818 3882 ταύτην
869 3815 964 3868 καὶ
1018 3814 1298 3886 φιλήδονον
1353 3817 1768 3884 περικειμένους

192 3905 394 3974 σάρκα,
439 3904 787 3975 ἡττωμένους
834 3905 891 3958 δὲ
933 3907 1252 3977 καθημέραν
1302 3903 1471 3956 ὕπνου
1523 3904 1618 3957 καὶ
1661 3919 1766 3972 γα-

192 3996 382 4067 στρός⁶
412 3996 475 4050 οὐ
520 3997 626 4066 μὴν
660 3996 781 4049 οὐδὲ
812 3997 921 4050 τῶν
968 3997 1144 4050 ἀλλων
1188 3994 1495 4066 ἐρεθισμῶν
1526 3995 1764 4066 ἀπείρως

191 4087 437 4158 ἔχοντας,
465 4087 574 4140 τῶν
590 4089 703 4141 ὅσοι
735 4088 998 4160 γνώριμοι
1025 4089 1189 4140 πᾶσιν
1214 4089 1346 4158 ἡμῖν
1366 4088 1478 4150 τοῖς
1503 4084 1602 4155 τῆς
1638 4087 1766 4155 μιᾶς

190 4179 282 4231 καὶ
314 4182 417 4250 τῆς
449 4178 620 4249 αὐτῆς
653 4179 965 4233 κοινωνοῦσι
1007 4179 1242 4250 φύσεως,
1272 4179 1421 4241 ὅπως
1458 4176 1565 4230 είσὶ
1599 4177 1765 4248 σκλη-

191 4271 275 4342 ροὶ
309 4269 565 4322 δικασταὶ
604 4271 712 4322 τῶν
762 4271 1201 4342 ἁμαρτανόντων,
1242 4269 1336 4321 καὶ
1369 4267 1580 4321 ἐαυτῶν
1631 4284 1765 4337 συγ-

190 4359 496 4429 γνώμονεςο
529 4361 775 4424 ἀσθενεῖς
807 4363 1126 4430 ἀγωνισταὶ,
1168 4361 1259 4414 καὶ
1278 4359 1642 4429 ἀπαραίτητοι
1679 4377 1760 4412 vo-

1871 2458 2028 2520 quem
2059 2444 2351 2508 cernimus,
2389 2446 2480 2513 qui
2512 2446 2661 2515 (licet
2682 2447 2824 2500 enim
2853 2461 2920 2500 ex
2939 2462 2996 2500 re
3019 2458 3299 2516 procreata
3323 2465 3448 2516 pro-

1872 2535 2132 2589 creatoris
2179 2539 2575 2604 providentiam
2635 2538 2958 2607 intelligere)
3004 2555 3108 2594 non
3145 2540 3334 2607 planas
3362 2556 3449 2595 so-

1851 2625 1980 2680 lum
2014 2627 2260 2696 regiones
2310 2629 2564 2694 illustrat,
2603 2630 2695 2683 sed
2741 2631 2858 2684 illas
2913 2631 3099 2695 etiam,
3157 2649 3276 2701 quae
3321 2642 3448 2687 sunt

1871 2719 2040 2773 antris
2097 2721 2455 2790 cavernisque
2527 2730 2801 2781 tortuosae.
2885 2725 3224 2792 l)eponamus
3283 2725 3448 2793 igitur

1872 2812 2261 2880 arrogantiam,
2291 2813 2334 2866 si
2377 2813 2467 2880 qui
2519 2813 2653 2867 tales
2692 2829 2899 2876 sumus,
2931 2815 3104 2882 qualis
3144 2825 3226 2869 est
3257 2818 3322 2881 is,
3353 2818 3444 2885 qui

1873 2901 1974 2954 hac
2001 2901 2248 2956 oratione
2293 2903 2600 2970 descriptus
2643 2912 2727 2956 est
2755 2942 2771 2968 ,
2805 2903 3188 2973 imitemurque
3236 2908 3446 2960 Domini

1871 2992 2295 3046 misericordiam
2327 3002 2384 3046 et
2413 2993 2824 3057 humanitatem,
2865 2995 3096 3050 humiles
3134 3007 3188 3050 et
3219 2997 3450 3051 amictos

1873 3085 1944 3136 Ita
1977 3082 2418 3152 complectentes,
2465 3097 2571 3136 non
2607 3094 2666 3136 ut
2701 3093 2823 3137 cum
2865 3085 3292 3154 illisjacentibus
3317 3103 3447 3142 cou-

1872 3183 2198 3238 sternamur,
2258 3175 2351 3228 sed
2386 3184 2443 3226 ut
2495 3189 2588 3228 eos
2628 3175 2807 3243 potius
2856 3176 3179 3241 excitemus,
3225 3188 3280 3231 et
3325 3187 3445 3231 tan-

1871 3282 2030 3334 quam
2063 3266 2266 3335 egregii
2312 3266 2531 3333 quidam
2586 3267 2892 3320 urinatores
2939 3268 2990 3320 in
3033 3271 3189 3336 aquis
3228 3274 3444 3324 demer-

1871 3371 1982 3420 sos,
2014 3370 2077 3409 ac
2105 3355 2477 3418 moribundos,
2505 3354 2572 3408 ad
2602 3355 2817 3409 vitalem
2860 3355 3004 3410 hunc
3048 3371 3229 3410 aerem
3259 3368 3445 3412 extra-

1871 3449 2080 3500 hamus.

1939 3537 2202 3603 Quoniam
2240 3547 2418 3593 autem
2465 3538 2912 3608 pulcherrimum,
2944 3555 3261 3609 summeque
3287 3542 3448 3598 nobis

1870 3632 1998 3684 utile
2026 3631 2236 3700 signum
2271 3641 2579 3700 proponunt
2626 3631 2741 3684 haec
2769 3630 3044 3700 Evangelii
3085 3634 3311 3699 scripta,
3342 3647 3446 3702 age

1871 3722 1997 3776 illuc
2028 3723 2224 3778 mentis
2265 3723 2435 3777 aciem
2475 3722 2844 3776 intendamus.
2883 3719 3242 3776 Vehementer
3280 3724 3445 3778 admi-

1874 3830 1983 3877 ror,
2016 3829 2122 3883 quo
2155 3817 2312 3870 modo
2336 3817 2444 3880 isti,
2477 3816 2566 3884 qui
2600 3825 2791 3869 natura
2823 3816 3318 3882 perturbationibus
3341 3818 3442 3871 oh-

1871 3907 2052 3970 noxia,
2100 3905 2542 3976 voluptatumque
2593 3907 2839 3960 studiosa
2901 3907 3221 3961 circumdati
3283 3917 3441 3973 sunt,

1869 3993 2069 4064 quique
2093 4003 2204 4048 tum
2235 3996 2558 4061 dormiendi,
2588 4005 2701 4051 tum
2730 3998 2946 4061 edendi,
2979 4007 3033 4052 et
3068 4001 3283 4055 caeteris
3309 4016 3442 4055 ven-

1870 4086 1937 4140 tri
1995 4087 2316 4142 necessariis
2359 4088 2546 4142 usibus
2597 4089 2839 4157 qumidie
2887 4101 3102 4158 parent,
3143 4103 3306 4163 atque
3347 4096 3443 4150 iis-

1867 4178 1987 4232 dem
2023 4178 2403 4248 cupiditatibus
2446 4178 2662 4234 incitari
2715 4195 2776 4235 se
2821 4184 3078 4247 sentiunt,
3129 4198 3266 4252 quas
3319 4201 3440 4250 nos,

1867 4270 1960 4339 qui
1987 4285 2094 4326 una
2119 4271 2416 4341 eademque
2449 4285 2571 4327 cum
2614 4271 2723 4327 illis
2756 4282 2944 4327 natura
2985 4276 3194 4342 przediti
3228 4291 3439 4341 sumus,

1867 4363 2196 4432 experimur,
2247 4363 2542 4432 iuiquiores
2581 4378 2662 4428 se,
2707 4378 2772 4418 ac
2819 4365 3063 4420 duriores
3093 4367 3143 4419 in
3194 4381 3310 4432 eos,
3349 4371 3442 4438 qui

192 4451 449 4519 μθέται·
480 4450 556 4514 ὡς
598 4451 690 4503 καὶ
733 4452 829 4522 τῆς
867 4452 960 4506 τοῦ
993 4451 1127 4505 Θεοῦ
1174 4449 1582 4521 φιλανθρωπίας
1615 4450 1764 4501 ἀναι-

1875 4462 2114 4522 peccant,
2139 4453 2346 4522 iudices
2387 4455 2682 4524 praebeant,
2731 4456 2942 4524 sibique
2987 4467 3315 4527 pugnatores
3356 4461 3442 4516 in-

191 4545 303 4613 ρεῖν
328 4542 426 4614 τὴν
456 4542 666 4606 ἐλπίδα,
719 4545 814 4596 καὶ
840 4544 1223 4614 ἀποφράττειν,
1241 4543 1316 4606 ὡς
1343 4540 1640 4612 νομίζουσι,
1670 4540 1770 4610 τὴν

187 4633 422 4703 ἄφθονον
450 4631 546 4685 τοῦ
582 4633 766 4696 ἐλέους
796 4634 999 4706 πηγὴν,
1037 4634 1130 4687 καὶ
1164 4634 1300 4704 μετά
1338 4633 1540 4703 πολλῆς
1569 4634 1626 4686 δὲ
1671 4634 1768 4704 τῆς

189 4721 479 4786 αὑθεντίας
504 4721 815 4776 ἀποκλείειν
843 4727 954 4786 τοῖς
989 4721 1339 4792 πλανηθεῖσιν
1364 4722 1463 4793 τῆς
1494 4721 1769 4792 βασιλείας

186 4814 284 4885 τὴν
316 4813 542 4867 εἴσοδον.
573 4815 744 4868 Τοῦτο
772 4815 828 4868 δέ
861 4815 1013 4868 οὐδὲν
1050 4813 1178 4868 ἄλλο
1208 4815 1242 4886 ἢ
1276 4814 1370 4868 καὶ
1394 4813 1614 4884 νομικὸν
1657 4812 1767 4884 (60)

187 4909 501 4976 ἀπόγνωσιν
546 4909 792 4979 ἐμποιεῖν
831 4908 1030 4978 ψυχαῖς
1079 4907 1320 4978 ἰατρείαν
1363 4907 1673 4977 ζητούσαις.
1712 4907 1769 4959 '0

185 5000 293 5069 γάρ
341 4999 443 5067 τῆς
485 4997 780 5067 θεραπείας
818 4998 1146 5063 ἀπελπίσας,
1181 4997 1365 5062 δοῦλος
1387 4998 1598 5066 γίνεται
1648 4996 1774 5051 καθ⁴

191 5090 341 5156 άπαξ
383 5089 487 5158 τῆς
517 5090 709 5142 νόσου·
745 5092 840 5144 καὶ¹
882 5089 990 5162 πρό
1015 5107 1080 5159 γε
1113 5091 1297 5157 πάσης
1347 5090 1446 5160 τῆς
1477 5088 1585 5140 τῶν
1636 5089 1774 5158 ἡμε-

187 5180 357 5250 τέρων
387 5179 622 5252 Γραφῶν
652 5181 988 5250 ἐπαγγελίας
1017 5183 1295 5252 ἀλλότριος
1320 5198 1333 5212 ⁸
1366 5181 1488 5234 οὐδὲ
1517 5180 1628 5252 γὰρ
1658 5180 1775 5232 ἐκεῖ

186 5269 260 5338 τῷ
299 5273 538 5335 συνετῶς
568 5272 874 5339 ἐξετάζοντι
907 5271 1166 5336 τοιοῦτον,
1197 5273 1226 5326 ὃ
1270 5273 1342 5344 μὴ
1383 5273 1544 5344 χάρις
1581 5272 1769 5344 δωρεῖ-

187 5377 294 5424 ται,
340 5365 435 5416 καὶ
471 5364 764 5434 Θεραπεύει
797 5365 1114 5437 συγγνώμη.
1145 5367 1256 5420 Καὶ
1288 5365 1371 5428 τίς
1419 5364 1590 5427 οὕτως
1638 5365 1769 5417 ὑπό-

190 5469 367 5522 κωφος
407 5455 504 5508 καὶ
540 5457 771 5526 ἀνήκοος
812 5457 921 5509 τῶν
951 5457 1126 5526 λόγων
1170 5457 1262 5510 τοῦ
1297 5455 1438 5522 Ἰὼϐ,
1471 5456 1769 5528 διαρρήδην

263 5711 369 5778 ((30)
411 5727 502 5778 πο.
549 5708 753 5774 ἇιλως
773 5708 1134 5780 οἰκονομικόν.

1873 4544 2014 4598 ﬁrmi
2041 4554 2148 4598 tam
2183 4544 2344 4600 facile
2371 4545 2702 4616 indulgeant,
2751 4548 2803 4602 in
2849 4548 2984 4602 alios
3031 4560 3210 4604 autem
3253 4551 3442 4606 arbitri

1872 4651 1994 4692 esse
2029 4637 2195 4692 velint
2242 4637 2627 4702 inexorabiles,
2673 4639 2808 4694 adeo
2855 4649 2914 4694 ut
2963 4641 3054 4696 Dei
3096 4643 3443 4713 benignitatis

1870 4742 2018 4796 spem
2049 4727 2317 4793 auferant,
2348 4727 2678 4798 uberemque
2705 4730 3090 4785 misericordia:
3117 4733 3317 4787 fontem
3343 4736 3444 4788 oh-

1870 4828 2103 4885 struaut,
2143 4830 2200 4873 ut
2235 4819 2332 4887 ipsi
2366 4828 2574 4888 putant,
2610 4821 2883 4889 multaque
2925 4823 3243 4875 auctoritate
3288 4824 3441 4894 regni

1871 4912 2073 4966 aditum
2130 4912 2438 4966 errantibus
2500 4911 2830 4981 patefaciant
2891 4903 3240 4986 [occltidant].
3290 4916 3443 4982 Quod

1872 5015 1992 5054 cum
2027 5000 2158 5055 nihil
2187 5001 2336 5056 aliud
2367 5002 2458 5067 sit,
2491 5016 2654 5070 quant
2697 5001 2896 5056 animis
2934 5004 3268 5059 curationem
3297 5022 3446 5075 qua:-

1877 5093 2117 5146 reutibus
2146 5092 2581 5163 desperationem
2627 5091 2915 5161 objicere:
2961 5095 3047 5147 cui
3102 5095 3245 5148 enim
3289 5113 3446 5150 cura.

1878 5181 2038 5237 tionis
2065 5181 2314 5249 adempta
2339 5196 2464 5250 spes
2489 5192 2593 5247 est,
2633 5182 2679 5236 is
2718 5181 2874 5250 plane
2898 5184 3071 5236 morhi
3108 5199 3299 5240 servus
3327 5189 3444 5241 elli-

1878 5271 2042 5334 citur,
2090 5281 2200 5325 tum
2240 5273 2308 5325 ab
2345 5273 2491 5326 omni
2529 5273 2739 5326 alienus
2773 5281 2855 5325 est
2898 5273 3304 5341 Scripturarum
3349 5293 3444 5329 uo-

1873 5371 2106 5418 strarum
2143 5363 2538 5432 promissione:
2584 5364 2640 5418 in
2681 5364 2900 5433 quibus,
2931 5365 2976 5418 si
3022 5365 3310 5432 diligenter
3349 5383 3440 5418 ex-

1875 5454 2077 5525 plores,
2134 5453 2268 5509 nihil
2315 5464 2424 5510 tam
2485 5471 2648 5527 grave
2702 5455 2996 5528 reperitur,
3041 5457 3185 5526 quod
3235 5473 3340 5511 non
3392 5469 3443 5510 et
