3892 6272
399 314 511 373 555
1681 300 1738 356 S.
1784 294 2057 354 ASTERII
2109 299 2145 349 Α
2156 296 2411 352 MASENI
3360 348 3374 356 .
3566 300 3678 356 356

398 442 574 499 gratia
615 425 922 485 condonet,
977 430 1032 475 et
1072 416 1442 473 miscricordia
1487 428 1635 473 cure;
1681 425 1842 484 atque
1875 430 2008 474 exn

2114 413 2214 485 πρὸς
2275 412 2483 476 πάντας
2542 412 2844 477 ὲκϐοῶντος
2883 413 2988 479 ὅτι,
3024 411 3235 480 Οὐδείς
3271 413 3530 483 καθαρὸς
3555 416 3679 471 ἀπὸ

399 524 530 592 piet.
567 517 701 586 Quis
735 523 917 569 autem
955 512 1090 565 adeo
1135 509 1352 571 surdus,
1383 507 1472 576 qui
1506 507 1670 561 verba
1720 503 1821 560 Job
1873 520 1979 559 non

2114 510 2307 573 idnov,
2327 506 2516 577 ἡμέρα
2537 508 2661 561 οὐδ’
2690 508 2768 562 ἂν
2778 508 2888 577 μία
2906 507 2943 574 ἡ
2967 505 3078 576 ζωὴ
3101 507 3287 562 αὐτοῦ
3312 507 3482 577 (60⁶);
3509 509 3607 574 Τίς
3630 508 3680 563 δ’

399 609 759 672 cxaudivcrit,
816 606 961 661 clara
1018 618 1152 657 voce
1218 601 1300 656 sic
1361 614 1550 654 omnes
1613 598 1982 667 alloquentis:

405 705 576 760 Nemo
609 701 837 756 utundus
871 716 903 752 α
933 697 1108 761 sorde,
1156 712 1218 749 ne
1250 694 1428 762 infans
1460 692 1693 760 quidem,
1728 690 1879 760 cujus
1909 700 1985 745 est

2114 691 2366 758 ιύθύναις,
2396 693 2492 746 καὶ
2531 690 2732 756 ταύτας
2770 692 2829 747 ὲν
2850 691 3189 763 δικαστηρίῳ
3225 691 3385 756 Θεοῦ,
3427 692 3686 764 περιττὸν

403 796 559 848 unius
585 794 688 846 diei
717 792 825 846 vita
846 804 1001 858 super
1022 796 1217 840 terram
1254 787 1300 821 δ’
1319 786 1343 839 ?
1364 784 1686 853 Quanquam
1741 785 1863 854 quis
1904 793 1987 840 est

2114 782 2302 839 δίεσθαι
2323 782 2678 857 συγγνώμην,
2718 783 2814 836 καὶ
2852 783 3071 854 ἀχρεῖον
3112 783 3203 836 τὸν
3231 783 3413 851 ἔλεονς

405 897 515 940 tam
538 884 701 952 frugi,
736 882 861 951 quis
890 893 999 935 tam
1049 877 1296 932 modeste
1341 891 1401 931 se
1432 876 1589 944 gerit,
1625 876 1715 945 qui
1751 875 1797 929 si
1828 875 1986 930 modo
2025 877 2221 945 sapiat.
2250 890 2371 930 cum
2403 874 2665 929 rationem
2711 875 2877 929 totius
2906 874 3032 928 vita:
3066 887 3177 927 suae
3238 875 3548 930 redditurus
3584 875 3682 949 sit,

404 979 567 1048 idque
612 977 665 1030 in
718 974 812 1028 Dei
866 971 1070 1040 iudicio
1116 969 1475 1031 constitutus,
1528 981 1993 1036 supervacaneum
2018 979 2190 1040 putet.
2223 967 2377 1022 alteri
2432 967 2749 1037 ignoscere,
2793 975 2851 1022 et
2895 966 3327 1022 misericordiam
3365 965 3685 1036 impertiri?

428 1099 455 1115 ι
476 1068 629 1135 Quod
664 1066 707 1122 si
741 1067 808 1120 ad
835 1081 1108 1119 summum
1130 1062 1355 1132 iustitiae
1384 1062 1785 1131 probitatisque
1826 1060 1987 1116 fasti-

2158 1063 2221 1116 Εί
2266 1062 2324 1116 δὲ
2376 1062 2473 1116 καὶ
2519 1061 2657 1133 πρὸς
2700 1060 2763 1113 τὸ
2827 1059 3124 1132 ἀκρότατον
3178 1060 3528 1131 δικαιοσύνης
3583 1058 3688 1114 καὶ

405 1162 550 1232 gium
587 1157 984 1227 pervenissent,
1044 1155 1181 1209 adeo
1201 1162 1285 1219 ut,
1343 1152 1803 1222 quemadmodum
1854 1154 1992 1208 scri-

2114 1153 2377 1226 ικριὸείας
2404 1149 2544 1224 ἦσαν
2593 1151 2941 1224 ἐληλακότες,
2975 1153 3319 1223 πατήσαντες
3359 1151 3417 1205 δὲ
3444 1150 3686 1222 ἀληθῶς,

403 1264 556 1323 ptum
604 1260 685 1305 est
730 1250 814 1314 ὀ,
888 1262 1050 1317 super
1105 1246 1422 1316 scorpiones
1494 1255 1658 1314 atque
1709 1255 1992 1315 serpentes

2114 1245 2230 1301 ιατά
2256 1246 2327 1322 τὸ.
2347 1244 2758 1315 γεγραμμένον,
2800 1244 2985 1297 ὲπάνω
3016 1243 3192 1312 ὄφεων
3238 1243 3334 1298 καὶ
3379 1244 3684 1314 σκορπίων,

404 1345 697 1407 calcarent,
751 1340 1191 1411 prouuntiatique
1243 1347 1426 1393 essent
1488 1338 1767 1403 victores,
1816 1345 1871 1391 et
1925 1338 1992 1392 de

2114 1336 2308 1406 νικηταὶ
2342 1335 2400 1389 δὲ
2433 1334 2529 1390 καὶ
2568 1337 2884 1404 στεφανῖται
2916 1335 3063 1387 κατά
3130 1334 3231 1405 τῆς
3275 1334 3552 1405 ἁμαρτίας
3590 1335 3690 1388 ἀν-

407 1444 632 1506 peccato
667 1434 996 1501 triumphum
1044 1437 1452 1499 reportassent,
1507 1445 1612 1484 non
1663 1438 1844 1484 tamen
1889 1429 1986 1484 de-

2114 1427 2468 1500 ιγορεύθησαν
2489 1446 2502 1459 ι
2529 1427 2635 1480 οὐδ’
2658 1426 2830 1491 οὕτως
2870 1427 3038 1499 ἐχρῆν
3073 1426 3210 1496 πρὸς
3238 1427 3337 1497 τὴν
3364 1426 3567 1481 οἰκείαν
3596 1427 3689 1481 ἀν-

407 1528 595 1582 herent
638 1525 866 1581 aliorum
897 1522 1143 1577 omnium
1191 1522 1358 1576 vitam
1394 1521 1461 1575 ad
1508 1521 1838 1576 fortitudinis
1879 1535 1990 1576 sua:

2114 1520 2278 1592 ἱρείαν
2310 1519 2406 1573 καὶ
2435 1518 2547 1573 τῶν
2569 1519 2745 1573 ἄλλων
2777 1519 3034 1572 ἁπάντων
3075 1517 3376 1579 κανονίζειν
3402 1518 3495 1570 τὸν
3534 1517 3683 1588 βίον·

408 1620 648 1688 regulam
683 1616 917 1686 dirigere
952 1621 1008 1669 et
1048 1611 1369 1681 explorare,
1431 1612 1522 1665 sed
1565 1611 1820 1665 virtutem
1865 1626 1993 1680 pro-

2114 1612 2229 1667 ιλλά
2260 1612 2361 1684 τῆς
2401 1613 2499 1682 μὲν
2538 1611 2678 1674 ἰδίας
2709 1610 3114 1681 εὐδοκιμήσεως
3166 1609 3245 1678 τῷ
3274 1609 3534 1663 δεδωκότι
3561 1609 3688 1681 Θεῷ

407 1712 581 1782 priam
631 1717 907 1777 acceptam
954 1703 1252 1759 referentes
1284 1703 1370 1767 ei,
1425 1703 1581 1769 cuius
1634 1701 1898 1757 beneficio
1940 1709 1997 1754 et

2114 1706 2194 1777 τὴν
2248 1705 2406 1778 χάριν
2467 1703 2771 1775 ὁμολογεῖν,
2820 1703 2903 1755 ὅτι
2955 1702 3051 1755 καὶ
3112 1700 3276 1770 φύσιν
3336 1700 3688 1771 ἡγεμονικῶς

410 1814 636 1858 munere
668 1796 858 1865 adiuti,
890 1796 1056 1850 vitam
1087 1795 1361 1863 sapienter
1400 1793 1769 1857 instituentes,
1794 1791 2000 1846 Adver-

2114 1795 2421 1867 ξνιόχησαν,
2456 1796 2549 1847 καὶ
2582 1793 2906 1866 πειρασμῶν
2947 1793 3252 1847 σατανικῶν
3291 1793 3393 1846 ούκ
3437 1793 3691 1861 ἐγένοντο

2090 598 2156 653 ἂν
2186 598 2482 671 σωφρονῶν
2522 598 2775 653 τοσοῦτον
2815 599 3157 669 φρονήσειεν.
3199 598 3277 662 ὡς
3322 600 3684 671 ὑποκείμενος
3768 668 3775 672 _

414 1890 545 1943 sarii
582 1884 975 1941 tentationihus
1008 1898 1114 1939 non
1147 1882 1585 1943 succubuissent.
1617 1882 1997 1949 imbecilliori-
2026 1950 2035 1955 _

417 1983 515 2037 hus
544 1980 866 2050 aﬂlictisque
893 1977 1147 2032 fraterna:
1169 1974 1520 2042 benignitatis
1546 1973 1827 2029 dexteram
1866 1987 1996 2044 por-

412 2073 611 2142 rigere,
657 2083 860 2138 eosque
919 2083 949 2121 a
1005 2066 1210 2137 peccati
1269 2064 1382 2119 luto
1423 2072 1480 2118 et
1540 2063 1999 2132 inquinationibns

411 2168 627 2233 eripere
679 2171 845 2230 atque
873 2159 1137 2213 excitare.
1190 2155 1304 2210 Hoc
1349 2155 1495 2211 enim
1538 2163 1696 2225 pacto
1734 2154 1998 2221 duplicem

414 2256 630 2312 laudem
688 2252 945 2315 assecuti,
1006 2261 1118 2305 tum
1190 2250 1425 2317 propriae
1474 2247 1827 2311 fortitudinis,
1885 2255 1998 2301 tum

414 2348 671 2403 fraternae
715 2342 1098 2407 humanitatis,
1146 2340 1536 2395 misericordia:
1585 2339 1807 2409 Praemia
1864 2337 2001 2393 reci-

290 2459 305 2464 δ
413 2447 624 2508 parent.
679 2434 831 2489 Nunc
859 2442 1074 2497 autem,
1107 2447 1228 2487 cum
1271 2432 1522 2485 homines
1570 2432 1678 2483 sint
1711 2443 1778 2483 ex
1811 2444 1999 2484 eorum

416 2540 665 2589 numero,
716 2525 809 2593 qui
861 2522 1012 2578 humi
1066 2531 1279 2591 repunt.
1332 2523 1613 2589 vitamque
1658 2519 1859 2591 degant
1895 2534 2000 2574 non

417 2616 731 2688 angelorum
754 2623 810 2668 et
836 2612 1141 2669 caelestium
1172 2611 1387 2665 illarum
1418 2612 1708 2677 mentium,
1735 2626 1858 2680 quin
1881 2626 2006 2666 cor-

416 2722 549 2779 pore
570 2715 779 2770 carent,
808 2705 934 2759 vitae
965 2702 1222 2764 similem,
1250 2702 1343 2757 sed
1381 2701 1567 2765 talem,
1607 2716 1728 2772 quas
1762 2702 1817 2756 in
1862 2701 2006 2771 iudi-

418 2801 564 2856 cium
595 2799 778 2855 vocari
811 2806 976 2865 atque
1004 2794 1256 2866 redargui
1292 2795 1486 2863 possit,
1523 2809 1742 2849 severos
1768 2805 1822 2849 et
1856 2810 2005 2849 acer-

419 2891 519 2946 bos
575 2903 636 2945 se
693 2887 904 2958 iudices
950 2886 1213 2955 praebent,
1269 2894 1659 2954 contractaque
1716 2884 2005 2954 supercilio

420 2981 746 3038 sententiam
779 2979 979 3040 ferunt.
1010 2984 1065 3031 et
1095 2977 1375 3042 damnant,
1420 2984 1479 3027 ut
1522 2989 1710 3029 eorum
1750 2975 2005 3043 superbia
2033 2971 2076 3029 C

420 3071 845 3141 arrogantiaque
876 3074 1181 3124 commotus
1203 3080 1370 3136 cogar
1400 3079 1494 3119 eos
1522 3063 1796 3131 Evangelii
1824 3063 2005 3118 verbis

423 3163 793 3233 cornpellare:
826 3159 916 3226 qui
962 3172 1085 3211 cum
1123 3158 1300 3211 trabes
1334 3154 1572 3226 propriis
1608 3154 1663 3209 in
1702 3154 1878 3210 oculis
1906 3170 2006 3209 ex-

424 3256 681 3312 sistentes
706 3268 814 3307 non
849 3259 1112 3314 cernant,
1134 3264 1201 3304 ex
1237 3248 1468 3303 aliorum
1501 3246 1674 3302 oculis
1720 3248 1890 3303 velint
1927 3246 2006 3301 fe-

426 3356 613 3402 stucas
640 3344 842 3413 ejicere
887 3341 933 3372 “
969 3357 986 3397 :
1027 3353 1257 3407 cumque
1289 3338 1611 3407 gravissima
1641 3352 1808 3391 onera
1847 3346 2008 3392 crete-

428 3450 617 3490 rorum
647 3433 890 3487 humeris
921 3432 1220 3500 imponant.
1266 3428 1441 3483 severi
1472 3426 1683 3496 iudices
1730 3428 2008 3493 incedunt,

429 3539 485 3582 et
505 3541 629 3583 cum
656 3524 952 3580 imbecilles
977 3522 1076 3593 ipsi
1097 3535 1236 3576 onus
1275 3535 1432 3576 suum
1464 3519 1609 3575 ferre
1640 3535 1746 3575 non
1778 3516 2034 3589 possint,’

426 3618 628 3676 Christi
656 3614 894 3672 tribunal
936 3620 1336 3684 praeoccupant,
1366 3620 1422 3667 et
1447 3611 1648 3683 iudicis
1686 3613 2009 3667 sententiam

430 3709 766 3782 prazripiunt.
804 3706 958 3761 Servi
983 3715 1362 3767 contumaces,
1393 3702 1485 3772 qui
1519 3702 1798 3757 conservis
1829 3702 2010 3756 immi-

432 3814 513 3859 tes
544 3820 604 3857 se
635 3810 796 3871 atque
823 3798 1184 3854 inexorabiles
1218 3798 1482 3866 praebent.

501 3893 560 3948 Si
595 3893 759 3947 Deum
810 3889 1008 3960 cupitis
1057 3887 1324 3951 aemulari,
1365 3886 1509 3955 quod
1564 3885 1630 3938 ad
1664 3883 1780 3952 eius
1820 3882 2012 3954 imagi-

350 3968 351 3971 η
432 4000 554 4042 nem
592 3984 719 4040 facti
766 3983 907 4046 sitis,
964 3979 1275 4048 exemplum
1339 3977 1509 4047 ipsius
1541 3976 1849 4031 imitamini.
1879 3976 2010 4040 Vos,

432 4074 529 4146 qui
562 4072 854 4127 Christiani
882 4068 1035 4135 estis,
1071 4068 1163 4138 qui
1207 4067 1427 4122 nomine
1454 4067 1572 4135 ipso
1618 4067 2012 4121 immanitatem

408 4162 780 4257 ‘profitemini,
810 4160 1097 4216 imitamini
1125 4158 1329 4214 Christi
1371 4159 1717 4214 charitatem.
1755 4157 2015 4227 Benigni-

435 4248 563 4314 tatis
590 4255 708 4324 eius
749 4253 970 4309 divitias
1006 4249 1371 4312 considerate,
1414 4250 1505 4318 qui
1541 4264 1664 4303 cum
1712 4263 1808 4318 per
1834 4248 2012 4303 homi-

437 4332 559 4406 nem
588 4349 653 4403 ad
685 4347 932 4404 homines
967 4355 1229 4398 venturus
1261 4351 1431 4405 esset.
1465 4342 1726 4411 praemisit
1747 4338 2011 4398 Joannem

437 4438 770 4510 pmnitentite
814 4448 1119 4505 praeconem
1144 4442 1199 4489 et
1238 4433 1454 4497 ducem,
1490 4440 1543 4487 et
1575 4441 1702 4487 ante
1748 4428 2012 4487 Joannem

438 4525 729 4594 prophetas
775 4536 988 4586 omnes,
1038 4520 1131 4590 qui
1166 4519 1428 4576 docerent
1474 4519 1742 4583 homines,
1790 4530 1851 4575 ut
1880 4522 2014 4576 resi-

437 4616 727 4686 piscerent,
770 4622 830 4665 ut
866 4612 1107 4666 redirent
1142 4610 1195 4665 in
1220 4611 1389 4675 viam,
1417 4621 1472 4665 et
1497 4612 1567 4667 ad
1588 4602 1870 4667 meliorem
1903 4612 2013 4667 fru-

437 4724 558 4778 gem
593 4720 712 4760 sese
745 4711 1146 4757 converterent.
1178 4701 1301 4756 Mox
1349 4703 1466 4773 ipse
1496 4705 1718 4759 veniens
1749 4719 1845 4760 ore
1888 4719 2016 4775 pro-

332 4828 339 4833 ›
438 4798 555 4866 prio
587 4795 855 4850 clamabat
894 4808 963 4847 ex
990 4807 1220 4862 persona
1251 4808 1388 4846 sua:
1440 4791 1616 4849 Venite
1643 4795 1713 4848 ad
1752 4810 1866 4861 me,
1897 4810 2013 4847 om-

439 4903 549 4951 nes,
601 4887 689 4954 qui
742 4883 995 4937 laboratis
1037 4892 1084 4936 et
1124 4884 1327 4936 onerati
1372 4883 1528 4948 estis,
1563 4895 1610 4938 et
1658 4901 1750 4953 ego
1783 4886 2014 4952 reﬁciam

437 4995 527 5034 vos
589 4979 657 5029 θ’.
695 4977 979 5043 Quomodo
1025 4986 1207 5030 autem
1293 4991 1482 5030 vocem
1535 4991 1688 5030 suam
1740 4979 2016 5032 audientes

438 5067 692 5137 excepit?
747 5066 959 5121 facilem
1009 5066 1090 5121 eis
1141 5076 1486 5137 peccatorum
1531 5067 1737 5120 veniam
1794 5067 2018 5138 largitus

440 5170 544 5225 est,
577 5158 831 5213 celeriter
869 5159 1017 5226 ipsos
1055 5167 1110 5212 et
1145 5169 1420 5213 momento
1452 5159 1714 5230 temporis
1764 5162 1831 5215 ab
1861 5162 1948 5226 iis,
1988 5178 2020 5217 a

438 5253 636 5322 quibus
665 5250 1021 5320 angebantur,
1057 5234 1343 5305 liberavit:
1387 5249 1619 5306 Verbum
1644 5260 1864 5307 sanctos
1898 5254 2017 5307 red-

366 5390 369 5391 ν
440 5342 600 5407 didit,
651 5342 889 5412 Spiritus
935 5341 1312 5409 continuavit,
1356 5350 1511 5397 vetus
1567 5342 1729 5398 homo
1774 5343 1828 5397 in
1873 5358 2013 5413 aqua

439 5435 685 5506 sepultus
707 5443 812 5503 est,
840 5450 1013 5517 novus
1058 5443 1368 5506 generatus,
1399 5435 1569 5505 gratia
1617 5434 1815 5493 floruit.
1870 5437 2013 5504 Quid

2097 1887 2345 1958 χείρους·
2378 1888 2493 1949 τοῖς
2533 1886 2591 1938 δὲ
2622 1885 2985 1957 ἀσθενήσασιν
3012 1884 3227 1955 ὀρέγειν
3274 1885 3690 1957 φιλανθρωπίας

2097 1977 2295 2043 δεξιὰν,
2332 1978 2425 2031 καὶ
2473 1977 2778 2046 ἀνεγείρειν
2809 1978 2875 2030 ἐκ
2916 1975 3009 2030 τοῦ
3041 1975 3239 2047 πηλοῦ,
3276 1978 3371 2031 καὶ
3399 1976 3689 2049 καθαίρειν

2100 2074 2166 2125 ὲκ
2217 2071 2324 2124 τῶν
2379 2062 2763 2141 μολυσμάτων.
2813 2069 3045 2124 Διπλοῦν
3101 2070 3212 2141 γάρ
3259 2070 3325 2124 ἂν
3374 2068 3547 2134 οὕτως
3590 2069 3690 2124 τὸν

2100 2161 2321 2216 ἔπαινον
2366 2162 2586 2233 ήραντο,
2614 2162 2718 2232 τῆς
2747 2179 2807 2215 τε
2843 2161 2978 2225 ιδίας
3007 2162 3377 2234 ἀνδραγαθίας
3404 2162 3541 2232 ὁμοῦ
3588 2162 3693 2215 καὶ

2100 2254 2205 2332 τῆς
2237 2254 2564 2323 φιλαδέλφου
2610 2255 2706 2307 καὶ
2752 2256 2994 2326 χρηστῆς
3045 2253 3389 2323 συμπαθείας
3436 2253 3505 2307 τά
3548 2254 3693 2324 γέρα

2100 2343 2491 2415 λαμϐάνοντες.
2523 2346 2661 2398 Νυνὶ
2690 2344 2747 2398 δὲ
2778 2343 3058 2415 ἄνθρωποί
3086 2361 3147 2397 τε
3183 2344 3335 2407 ὄντες
3370 2344 3480 2397 τῶν
3514 2345 3694 2414 χαμαὶ

2103 2438 2434 2508 ἐρχομένων,
2473 2436 2570 2492 καὶ
2607 2436 2809 2501 ζῶντες
2835 2435 2949 2506 βίον
2973 2437 3036 2489 οὐ
3067 2436 3160 2490 τὸν
3196 2436 3485 2505 ἀγγελικὺν
3519 2437 3695 2505 ἐγγὺς

2101 2529 2212 2583 τῶν
2252 2530 2582 2600 ἀσωμάτων,
2622 2527 2758 2581 ἀλλά
2789 2527 3051 2587 τοιοῦτον,
3075 2522 3186 2581 οἷον
3229 2529 3294 2583 ἄν
3328 2545 3417 2591 τις
3457 2529 3550 2581 καὶ⁵
3595 2526 3694 2581 ὑπ’

2102 2619 2335 2684 εὐθύνας
2358 2619 2556 2688 ἀγάγοι
2586 2620 2681 2673 καὶ⁵
2706 2619 3002 2688 σκώψειεν·
3030 2618 3344 2682 δικάζουσιν
3375 2618 3694 2689 αὐστηρῶς,

2104 2712 2199 2765 καὶ
2231 2710 2368 2781 μετὰ
2415 2710 2614 2779 πολλῆς
2658 2709 2757 2778 τῆς
2799 2707 3084 2770 αὐθεντίας
3115 2709 3215 2777 τὴν
3261 2705 3698 2776 κατακρίνουσαν

2106 2800 2334 2872 φέρουσι
2362 2799 2544 2869 ψῆφον
2562 2815 2577 2829 ’
2610 2798 2687 2862 ὡς
2724 2798 2823 2868 ἐμὲ
2852 2796 3112 2860 πολλάκις
3139 2796 3243 2850 ὑπὸ
3273 2795 3369 2849 τοῦ
3398 2795 3567 2864 τύφου
3595 2796 3699 2850 καὶ

2105 2892 2206 2963 τῆς
2234 2890 2555 2957 ἀλαζονείας
2578 2889 3012 2961 ἀποπνιγόμενον
3045 2889 3219 2943 εἰπεῖν
3256 2889 3342 2941 ἐπ’
3366 2888 3551 2950 αὐτοῖς
3590 2886 3699 2951 τὰς

2110 2984 2475 3055 εύαγγελικάς
2520 2985 2708 3055 ῥήσεις
2732 3024 2747 3049 ,
2791 2983 2875 3036 ὅτι
2909 2981 3010 3046 τάς
3040 2981 3231 3045 δοκοὺς
3271 2982 3330 3034 ὲν
3372 2983 3487 3045 τοῖς
3542 2979 3699 3044 ἰδίοις

2108 3076 2407 3148 ὀφθαλμοῖς
2435 3074 2510 3147 μὴ
2551 3072 2862 3145 βλέποντες,
2888 3073 3000 3128 τῶν
3035 3072 3330 3145 ἀλλοτρίων
3357 3071 3538 3140 ὄψεων
3559 3072 3701 3126 ἀπο-

2110 3170 2318 3239 φυσᾶτε
2354 3167 2424 3221 τὰ
2469 3166 2693 3238 κάρφη·
2743 3165 2839 3219 καὶ
2887 3164 2957 3218 τὰ
3004 3163 3285 3235 βαρύτατα
3336 3164 3534 3237 φορτία
3579 3164 3700 3225 τοῖς

2109 3261 2291 3324 ἄλλοις
2332 3258 2707 3329 δεσμεύοντες,
2746 3259 3116 3329 περινοστεῖτε
3156 3256 3342 3327 βαρεῖς
3382 3254 3569 3327 κριταὶ
3598 3257 3701 3309 καὶ

2109 3351 2356 3412 ἀσθενεῖς
2399 3347 2717 3419 ἀχθοφόροι,
2748 3345 2809 3400 τὸ
2851 3345 3004 3416 βῆμα
3040 3344 3137 3398 τοῦ
3164 3343 3400 3417 Χριστοῦ
3442 3343 3696 3415 προλαμ-

2111 3439 2385 3503 ϐάνοντες,
2428 3438 2523 3491 καὶ
2571 3435 2665 3490 τοῦ
2699 3434 2889 3507 κριτοῦ
2939 3435 3037 3506 τὴν
3085 3435 3358 3504 ἀπόφασιν
3410 3437 3702 3507 προαρπά-

2111 3531 2328 3597 ζοντες·
2371 3528 2546 3582 δοῦλοι
2582 3528 3024 3601 καταφρονηταὶ,
3067 3525 3164 3580 καὶ
3195 3527 3559 3597 ἀπαραιτητοι
3585 3525 3700 3580 τῶν

2111 3620 2416 3694 ὁμοδούλων
2443 3619 2649 3693 κριταί.

2184 3888 2248 3940 Ei
2294 3884 2517 3956 ζηλοῦτε
2556 3884 2710 3950 Θεὸν,
2749 3885 2825 3949 ὡς
2860 3885 2980 3939 κατ’
3022 3884 3207 3938 εἰκόνα
3243 3882 3578 3947 κτισθεντες,
3610 3900 3704 3954 μι-

2119 3979 2366 4050 μήσασθε
2434 3977 2588 4048 ὑμῶν
2640 3976 2732 4030 τὸν
2782 3977 3123 4047 ὀιρχιξτυπον⁸
3179 3970 3225 4029 ὦ
3274 3974 3610 4044 Χριστιανοὶ,
3636 3973 3702 4026 τὸ

2116 4070 2495 4141 φιλάνθρωπον
2557 4070 2766 4139 ὄνομα,
2820 4066 3099 4139 ζηλώσατε
3143 4064 3238 4118 τοῦ
3295 4061 3533 4134 Χριστοῦ
3597 4063 3702 4132 τὴν

2116 4164 2371 4233 ἀγάπην·
2408 4161 2751 4230 ἀποϐλέψατε
2784 4161 2922 4231 πρὸς
2959 4160 3050 4212 τὸν
3087 4155 3316 4210 πλοῦτον
3354 4155 3453 4225 τῆς
3486 4153 3702 4206 ἐκείνου

2119 4255 2548 4328 φιλανθρωπίας.
2583 4254 2810 4310 Μέλλων
2839 4253 2948 4325 γὰρ
2981 4249 3284 4323 ἀνθρώποις
3315 4245 3706 4315 ἐπιφαίνεσθαι.

2118 4347 2184 4400 δι’
2218 4346 2531 4419 ἀνθρώπου,
2578 4344 2896 4417 προκαθῆκε
2937 4342 3037 4414 μὲν
3076 4341 3168 4394 τὸν
3205 4338 3506 4408 Ἰωάννην,-
3530 4341 3705 4406 μετα-

2118 4440 2268 4502 νοίας
2315 4440 2565 4510 κήρυκα,
2616 4435 2975 4509 μεταμελείας
3008 4431 3325 4504 εἰσηγητὴν,
3362 4430 3459 4482 καὶ
3492 4429 3706 4492 πάντας

2120 4529 2228 4599 πρὸ
2278 4529 2525 4582 Ἰωάννου
2578 4528 2868 4598 προφήτας
2934 4522 3270 4595 ἐπιστροφῆς
3322 4518 3701 4581 διδασκάλους.

2120 4615 2254 4673 Εἶτα
2288 4621 2381 4672 καὶ
2421 4619 2581 4684 αὐτὸς
2625 4619 2740 4689 μετ’
2773 4618 2950 4687 ὀλίγον
2992 4615 3298 4687 ἐπιφανεὶς,
3326 4611 3505 4683 οἰκείᾳ
3545 4612 3702 4683 φωνῇ

2124 4710 2222 4781 βοᾷ
2252 4708 2718 4781 αύτοπροσώπως’
2752 4709 2931 4762 Δεῦτε
2958 4708 3107 4777 πρὸς
3136 4708 3233 4777 μὲ,
3271 4704 3494 4770 πάντες
3523 4708 3579 4759 οὶ
3604 4720 3709 4759 κο-

2122 4802 2375 4869 πιῶντες
2433 4802 2534 4856 καὶ
2593 4800 3092 4870 πεφορτισμένοι,
3146 4799 3308 4869 κάγὼ
3365 4798 3705 4851 ἀναπαύσω

2121 4891 2299 4962 ὑμᾶς.
2325 4894 2464 4956 Τοὺς
2492 4894 2549 4946 δὲ
2571 4894 2638 4964 τῇ
2668 4892 2858 4962 κλήσει
2882 4890 3203 4953 πεισθέντας
3231 4888 3348 4951 πῶς
3372 4887 3703 4951 ὑπεδέξατο;

2126 4985 2357 5037 Ἀπονον
2394 4985 2593 5038 ἔδωκεν
2619 4982 2728 5038 τῶν
2753 4982 3164 5056 ἁμαρτημάτων
3191 4981 3290 5046 τὴν
3314 4979 3528 5048 ἀφεσιν,
3564 4980 3707 5032 άκα-

2128 5073 2305 5146 ριαίαν
2338 5075 2426 5127 καὶ
2459 5074 2720 5143 σύντομον
2748 5072 2847 5144 τὴν
2880 5072 2989 5126 τῶν
3017 5070 3325 5124 λυπούντων
3346 5067 3702 5138 ἀπαλλαγήν·

2126 5165 2297 5234 Λόγος
2325 5164 2575 5235 ἡγίασεν,
2594 5165 2819 5238 Πνεῦμα
2861 5165 3224 5237 ἐσφράγισεν
3265 5162 3294 5213 ὀ
3337 5158 3569 5221 παλαιὸς
3611 5160 3708 5213 άν-

2128 5254 2342 5326 θρωπος
2376 5256 2633 5326 ὲνετάφη,
2659 5257 2688 5308 ὁ
2717 5255 2834 5318 νέος
2859 5254 3074 5324 ἐτέχθη,
3101 5251 3378 5322 ἁνηὸήσας
3402 5251 3467 5318 τῇ
3495 5247 3702 5319 χάριτι.

2124 5345 2190 5397 Τί
2228 5344 2297 5398 τά
2340 5346 2500 5416 ἐξῆς;
2541 5344 2599 5399 ’0
2637 5345 2924 5418 ἄνθρωπος
2954 5347 3187 5409 οἰκεῖος,
3235 5342 3350 5395 ἀντ’
3394 5340 3703 5411 ἀλλοτρίου,

2124 5438 2239 5502 υἱὸς
2279 5440 2401 5493 ἀντὶ
2447 5439 2620 5506 ξένου,
2657 5439 2865 5511 μύστης
2894 5440 2958 5492 ἐκ
2990 5436 3249 5509 βεϐήλου,
3280 5434 3434 5504 ἅγιος
3479 5433 3538 5500 ἐξ
3573 5432 3707 5485 άσεσ-

515 5548 564 5583 ⁸⁸
592 5547 694 5605 Job
720 5564 833 5616 xiv,
861 5548 897 5603 4
924 5563 1034 5604 sec.
1071 5546 1242 5604 LXX.
1316 5548 1363 5581 ⁹⁰
1395 5547 1528 5605 Luc.
1554 5565 1611 5615 κ,
1640 5549 1726 5605 i9.
1770 5549 1816 5582 ⁹¹
1854 5550 2005 5606 Matt!

2114 5571 2172 5619 ιι,
2215 5557 2267 5621 5,
2298 5557 2345 5612 ί.
2422 5557 2467 5588 ⁹²
2508 5555 2802 5620 Mattlmu,
2841 5554 2934 5611 28.

516 5657 651 5740 (ὅθ’)
688 5659 987 5740 Ούδεξς-τ
1008 5658 1218 5740 acroi}.
1251 5658 1425 5740 Locus
1460 5662 1778 5740 memoriter
1815 5665 2008 5721 citatus

2118 5667 2247 5722 crba
2299 5667 2480 5740 ἡμέρα
2513 5666 2625 5720 οὐδ’
2660 5666 2730 5720 ἂν
2762 5666 2859 5737 μία
2898 5664 3024 5738 Ιυιῖ
3053 5662 3359 5722 inversione
3401 5658 3480 5715 sic
3543 5655 3711 5712 collo-

444 5731 651 5783 canda:
687 5730 795 5782 οὐδ’
832 5731 898 5784 ἂν
929 5731 1027 5801 μία
1057 5730 1259 5802 ἡμέρα,
1294 5732 1449 5788 Enn.
1485 5731 1727 5787 l‘nnoL.
