3896 6268
167 330 285 388 557

1023 328 1306 385 HOMILIA
1348 328 1485 384 XIII.
1522 327 1970 386 ADHORTATIO
2016 327 2109 382 AD
2159 325 2688 384 [’(ENITENTIAM.

3324 330 3436 392 338

166 445 330 507 εοῦς.
381 443 446 495 Ὃ
506 441 683 496 τοίνυν
740 444 862 505 ταῖς
929 440 1100 505 οὕτως
1162 442 1604 514 μεγαλοπρεπέσι
1661 443 1756 497 καὶ

1868 442 2052 496 deinde
2096 450 2445 495 consecutum
2497 442 2627 496 est?
2660 442 2751 511 qui
2771 436 2774 440 “
2798 442 3046 502 inimicus
3072 444 3267 512 fuerat,
3298 449 3437 502 ami-

166 535 602 605 ἀνυπερὸλήτοις
656 534 887 605 δωρεαῖς
937 533 1278 598 πλουτισθεὶς
1301 573 1318 599 ,
1376 534 1638 605 ἁμαρτὼν
1675 536 1756 598 είς

169 622 264 675 τὸν
301 622 580 692 φιλότιμον
607 622 702 674 καὶ
726 622 931 690 ἀγαθὸν
962 622 1284 694 εὐεργέτην,
1316 625 1469 695 παρά
1501 625 1597 695 μὲν
1627 625 1756 693 ὑμῖν

168 716 290 775 τοῖς
319 711 597 775 δυσκόλοις
623 714 716 766 καὶ
739 712 1077 783 ἀμαλάκτοις
1103 713 1384 776 δικασταῖς
1420 713 1583 775 εὐθὺς
1618 713 1754 783 μήτε

169 803 339 871 λόγου
366 800 708 872 μεταλαϐὼν,
740 803 956 864 πάντως
990 802 1056 855 ἂν
1085 803 1178 854 ἐπί
1214 802 1305 855 τὸν
1334 802 1553 873 ὄλεθρον
1592 802 1754 874 ἢχθη,

171 896 275 946 καὶ
313 893 414 963 τῆς
450 892 637 946 ἐνθάδε
668 891 815 961 ζωῆς
865 894 1202 957 ἀποκοπεὶς,
1247 893 1342 945 καὶ
1380 892 1478 964 τὴν
1507 894 1623 945 ἐκεῖ
1662 908 1757 945 κο-

169 982 496 1053 λαζόμενος.
532 982 687 1036 Ἐπεὶ
723 982 781 1036 δὲ
826 983 984 1046 ἄλλος
1022 984 1169 1037 ἐστὶν
1193 986 1222 1037 6
1261 984 1362 1054 τῆς
1407 984 1590 1054 ψήφου
1640 982 1758 1036 Κύ-

172 1088 319 1143 ριος,
356 1071 387 1122 6
416 1070 583 1124 ποιῶν
611 1071 674 1124 τὸ
718 1070 866 1134 ἔλεος
916 1073 996 1134 είς
1044 1071 1289 1141 χιλιάδας
1321 1072 1415 1125 καὶ
1456 1072 1755 1144 μυριάδας,

173 1163 277 1217 καὶ
324 1166 400 1234 μὴ
442 1164 610 1217 θέλων
639 1164 733 1217 τὸν
779 1163 1008 1219 θάνατον
1042 1165 1136 1218 τοῦ
1170 1164 1515 1236 ἁμαρτωλοῦ,
1551 1166 1757 1237 ἀναμέ-

172 1273 291 1309 νων
320 1256 378 1309 δὲ
414 1256 513 1326 τὴν
550 1257 888 1327 ἐπιστροφήν
911 1256 1101 1309 ὀὐδὲν
1143 1256 1313 1320 οὕτως
1350 1258 1401 1309 οἱ
1435 1258 1534 1328 τὴν
1566 1256 1759 1329 πρώην

174 1347 347 1418 χάριν
399 1345 721 1417 ὑϐρίσαντες
762 1346 1210 1418 ἐτιμωρήθησαψ
1246 1346 1383 1400 ἀλλὰ
1428 1346 1590 1401 πάλιν
1634 1347 1759 1400 δεύ-

170 1455 345 1510 τερος
378 1438 525 1500 ἕλεος
563 1439 659 1490 καὶ
695 1437 980 1491 ἀκολουθεῖ
1019 1436 1098 1508 τῷ
1137 1438 1410 1509 προτέρῳ,
1450 1439 1545 1492 καὶ
1586 1440 1762 1510 ἀμνη-

173 1528 342 1600 στείᾳ
396 1528 691 1599 συγγνώμη
743 1529 1095 1593 συνάπτεται,
1136 1530 1233 1582 καὶ
1278 1529 1511 1601 δάκρυον
1559 1530 1759 1594 στάξαν

175 1620 499 1690 ίσοδυναμεῖ
552 1619 632 1689 τῷ
681 1619 921 1690 λουτρῷ,
964 1620 1060 1673 καὶ
1108 1621 1409 1691 στεναγμὸς
1465 1621 1760 1692 ἐπίμοχθος

1857 546 1954 586 cus
1983 532 2191 593 evasit;
2230 534 2323 600 qui
2369 531 2598 596 alienus,
2631 534 2807 589 filius:
2838 536 2929 604 qui
2968 536 3244 606 profanus,
3277 553 3436 593 sacer

1856 636 1921 679 ac
1956 623 2097 691 pius.
2138 620 2187 676 Is
2227 637 2377 692 ergo,
2411 623 2504 692 qui
2536 632 2644 677 tam
2696 625 2994 695 magnificis
3026 637 3080 681 et
3109 626 3433 683 incredibili-

1856 717 1956 770 bus
2013 711 2237 767 aﬂectus
2301 714 2646 777 muneribus,
2700 718 2990 785 benignum
3045 731 3109 772 at.
3160 717 3431 772 liberalem

1859 805 2169 875 largitorem
2205 805 2448 872 ingratus
2482 804 2724 869 oﬂ'endit,
2767 823 2798 861 a
2828 809 2981 862 nobis
3010 810 3224 877 quidem
3246 810 3435 863 docto-

1858 897 2007 951 ribus
2046 896 2355 963 severisque
2388 894 2659 962 judicibus
2699 900 2884 951 statim
2934 900 3132 953 indicta
3169 914 3334 955 causa
3365 900 3434 954 ad

1858 987 2156 1041 cruciatum
2193 998 2491 1055 raperetur,
2538 990 2899 1059 praesentique
2946 993 3185 1059 privatus
3236 993 3339 1047 vita
3375 992 3427 1046 in

1859 1082 2026 1132 altera
2054 1078 2375 1147 supplicium
2430 1079 2715 1135 inveniret.
2761 1080 2955 1136 Verum
3001 1083 3253 1149 quoniam
3297 1082 3436 1138 aiius
3522 1152 3532 1162 ⁸

1853 1168 2037 1237 judicii
2067 1167 2347 1230 Dominus,
2375 1169 2466 1237 qui
2496 1170 2548 1222 in
2580 1171 2784 1223 infinita
2817 1170 2981 1223 millia
3014 1171 3240 1226 millium
3273 1174 3436 1227 mise-

1860 1258 2150 1312 ricordiam
2194 1260 2405 1324 tribuit,
2444 1276 2541 1314 nec
2586 1261 2699 1315 vult
2735 1272 2963 1316 mortem
2995 1265 3313 1333 peccatoris,
3340 1263 3437 1317 sed

1858 1359 2154 1419 exspectat,
2184 1360 2243 1403 ut
2276 1351 2557 1420 resipiscat
2587 1353 2633 1384 ’³
2659 1369 2674 1417 ;
2699 1368 2764 1407 eo
2797 1355 2876 1419 lit,
2901 1362 2959 1406 ut
2988 1369 3055 1408 ne
3094 1354 3168 1408 illi
3193 1354 3435 1423 quidem,

1859 1443 1948 1510 qui
1975 1441 2206 1508 priorem
2235 1443 2464 1510 gratiam
2494 1445 2939 1500 contumeliosius
2965 1444 3294 1516 abjecerunt,
3321 1462 3437 1501 me-

1862 1533 1965 1585 rito
1992 1533 2297 1587 adiciantur
2336 1536 2639 1605 supplicio:
2692 1538 2787 1592 sed
2816 1553 2846 1591 a
2887 1538 3185 1607 posteriore
3228 1540 3440 1593 miseri-

1861 1625 2044 1678 cordia
2083 1624 2236 1694 prior
2273 1627 2596 1697 excipiatur,
2640 1638 2696 1682 et
2728 1629 2924 1684 oblivio
2960 1646 3082 1685 cum
3121 1632 3276 1685 venia
3306 1645 3440 1686 con-

173 1712 450 1778 ὲπανάγει
484 1711 584 1781 τὴν
619 1710 780 1781 χάριν
841 1711 979 1781 πρὸς
1008 1711 1186 1778 ὀλίγον
1214 1712 1666 1784 άναχωρήσασαν.
1696 1714 1760 1765 Εἰ

1868 1712 2126 1784 iungatur,
2178 1725 2238 1770 ut
2271 1716 2629 1788 lacrymarnm
2674 1718 2863 1775 effusio
2925 1721 3121 1775 lavacri
3174 1723 3279 1775 vim
3338 1723 3439 1775 lta~

173 1802 439 1864 ἀπιστεῖς
493 1801 573 1872 τῷ
613 1801 778 1871 λόγῳ,
841 1801 1045 1872 Πέτρον
1077 1799 1372 1873 ἐρώτησον,
1405 1803 1464 1856 ἐν
1503 1805 1570 1873 τῇ
1612 1803 1760 1873 οἰκίᾳ.

1868 1803 2006 1869 beat,
2059 1807 2399 1876 gemitusque
2451 1809 2671 1863 reducat
2720 1811 2972 1877 gratiam,
2997 1826 3117 1882 quae
3170 1813 3441 1882 paulisper

171 1892 277 1946 τοῦ
315 1893 614 1964 ἀρχιερέως
646 1892 980 1963 καθήμενον,
1028 1893 1121 1945 καὶ
1161 1892 1304 1957 λέξει
1348 1909 1464 1956 σοι,
1511 1894 1658 1957 ὅπως
1702 1894 1764 1947 τὸ

174 1984 548 2055 παράπτωμα
581 1986 682 2054 τῆς
707 1983 990 2054 ἀρνήσεως
1029 1983 1243 2055 πικρῶς
1280 1984 1611 2056 ὀδυράμενος
1644 1986 1767 2037 ἐκα-

176 2074 364 2147 θάρθη
382 2092 398 2106 ·
429 2075 522 2128 καὶ
553 2075 653 2128 οὐκ
680 2074 938 2128 ἀνέλυσεν
967 2076 1048 2139 είς
1079 2075 1173 2129 τὸν
1214 2076 1453 2148 Σίμωνα,
1483 2076 1620 2130 ἀλλὰ
1659 2076 1766 2130 Πέ-

173 2186 318 2241 τρος
349 2170 616 2239 διέμεινεν
644 2171 673 2222 6
695 2168 1014 2232 ἀπόστολος.

266 2362 417 2432 Ἐγὼ
458 2363 519 2417 δὲ
549 2362 775 2434 νομίζω,
830 2362 911 2415 ὅτι
947 2362 1041 2417 καὶ
1073 2361 1276 2425 Ἰούδας
1327 2359 1356 2413 6
1392 2360 1765 2431 Ἰσκαριώτης,

176 2456 230 2508 εί
272 2454 353 2525 μὴ
393 2454 606 2524 ταχέως
633 2454 797 2517 αὐτὸς
842 2453 1036 2507 ἐαυτοῦ
1077 2453 1293 2523 ἐγένετο
1340 2453 1554 2525 δήμιος,
1593 2452 1767 2523 ἀσύγ-

180 2562 437 2617 γνωστον
479 2546 669 2617 κρίνας
716 2545 815 2616 τὴν
862 2544 1157 2617 ἁμαρτίαν,
1212 2542 1538 2617 προσπεσὼν
1578 2544 1634 2598 δὲ
1677 2544 1769 2598 τὸν

184 2639 349 2691 έλεον
399 2638 618 2708 ᾔτησεν,
665 2638 765 2690 οὐκ
812 2637 878 2691 ἂν
924 2636 1033 2690 τῶν
1082 2635 1385 2707 οἰκτιρμῶν
1430 2634 1540 2688 τῶν
1588 2635 1805 2705 πάσης·

180 2729 614 2800 ὁπερχεομένων
661 2729 761 2799 τῆς
806 2726 1131 2799 οἰκουμένης
1173 2727 1496 2798 ήστόχησεν.
1549 2726 1770 2797 Τεκμή-

182 2841 314 2895 ριον
333 2824 398 2877 ’δὲ
428 2823 524 2876 τοῦ
556 2822 715 2891 λόγου
742 2821 941 2885 πάντες
971 2819 1208 2889 Ἑϐραῖοι
1233 2819 1282 2870 οί
1319 2817 1461 2887 μετά
1486 2816 1579 2871 τὸν
1608 2832 1770 2870 σταυ-

184 2915 287 2988 ρὸν
334 2912 743 2978 πιστεύσαντες,
786 2912 879 2965 καὶ
921 2909 998 2981 τῷ
1033 2908 1249 2982 λουτρῷ
1280 2907 1381 2972 τὰς
1411 2906 1590 2979 ψυχὰς
1629 2905 1767 2978 ὁμοῦ

182 3007 287 3060 καὶ
337 3005 438 3068 τὰς
488 3008 675 3075 χεῖρας
720 3002 1028 3073 νιψάμενοι.
1069 3002 1133 3054 Εἰ
1177 3000 1235 3054 δὲ
1264 3001 1313 3052 oi
1357 2998 1769 3068 σταυρώσαντες

180 3098 521 3170 ήλεήθησαν,
562 3095 679 3158 πῶς
716 3095 816 3149 οὐκ
853 3094 918 3148 ἂν
946 3095 975 3147 6
1015 3089 1765 3188 rtpoGeitgmtﬂcudpvqctstag
1793 3130 1836 3188 ο

181 3189 546 3260 ἁπήλαυσενς
585 3187 830 3257 Ἐδέσμει
866 3187 996 3239 ποτὲ
1023 3185 1117 3238 καὶ⁹
1145 3184 1358 3247 Παῦλος
1382 3182 1762 3254 Χριστιανοὺς,

179 3280 332 3336 ἀλλὰ
378 3279 653 3349 βαστάσας
700 3276 924 3349 ὕστερον
971 3273 1189 3337 ἁλύσεις
1223 3274 1366 3345 ὑπὲρ
1401 3273 1659 3345 Χριστοῦ,
1701 3274 1765 3326 ἐκ

180 3373 294 3443 τῆς
331 3369 726 3432 ταυτοπαθείας
767 3369 924 3422 ἔλυσε
953 3366 1022 3421 τά
1061 3366 1409 3438 ἐγκλήματα·
1439 3367 1656 3437 ἥμαρτε
1688 3364 1768 3417 λι..

183 3465 378 3529 θάζων
408 3464 678 3533 Στέφανον
723 3461 816 3514 καὶ
870 3459 1206 3513 συνευδοκῶν
1253 3462 1371 3523 τοῖς
1420 3460 1761 3527 φονεύουσιν,

181 3556 333 3611 ἀλλὰ
384 3553 655 3616 λιθασθεὶς
703 3552 948 3623 ἐξήλειψε
1004 3553 1066 3605 τὸ
1102 3551 1501 3623 πλημμέλημα.
1544 3548 1767 3602 Ἐτελώ-

182 3667 320 3705 νουν
363 3647 493 3700 ποτέ
532 3646 808 3709 Ματθαῖος
853 3645 949 3698 καὶ
982 3645 1278 3714 Ζακχαῖος,
1313 3641 1452 3696 ἀλλὰ
1491 3642 1556 3711 τῇ
1597 3656 1767 3692 κατα-

182 3742 455 3814 φρονήσει
489 3738 597 3793 τῶν
626 3737 924 3809 χρημάτων
949 3737 1047 3807 τὴν
1078 3735 1370 3789 τελωνείαν
1397 3734 1763 3803 πατήσαντες,

184 3836 215 3887 6
262 3832 366 3903 μὲν
411 3834 475 3901 τῇ
520 3830 664 3900 οἰκίᾳ
714 3830 804 3882 τὸν
847 3827 1054 3899 Ἰησοῦν
1096 3826 1328 3891 ἐδέξατο,
1376 3827 1471 3879 καὶ
1504 3826 1569 3894 τῇ
1619 3826 1764 3895 ψυχῇ

191 3925 399 3977 πλέον’
433 3925 461 3976 6
492 3922 548 3975 δὲ
583 3919 911 3991 θαυμαστῶν
957 3918 1206 3988 πράξεων
1242 3915 1634 3987 εὐαγγελιστὴς
1672 3915 1768 3967 καὶ

193 4010 551 4083 συγγραφεὺς
563 4008 953 4080 άπεδείχθη.”0
978 4006 1236 4078 τελώνης,
1267 4007 1296 4058 6
1320 4007 1456 4078 μετὰ
1486 4004 1580 4058 τοῦ
1609 4007 1769 4076 Φαρι-

194 4104 358 4159 σαίου
386 4103 680 4172 ἀναγκαῖον
703 4102 782 4165 είς
812 4101 1051 4172 μνήμην,
1089 4102 1121 4170 ἠ
1154 4097 1292 4169 γυνὴ
1323 4099 1357 4169 ή
1387 4096 1482 4169 τὴν
1516 4094 1766 4168 δραχμὴν

190 4192 512 4250 ἀπολέσασα
551 4191 647 4245 καὶ
679 4189 933 4261 εὑροῦσα.

1865 1905 2186 1952 recesserat.
2235 1898 2292 1952 Si
2352 1900 2585 1954 orationi
2640 1912 2838 1956 nostrae
2890 1902 3049 1957 fidem
3098 1919 3207 1958 non
3251 1905 3438 1970 habes,

1866 1984 2083 2039 Petrum
2115 1986 2168 2041 in
2215 1988 2422 2044 aedibus
2452 1991 2716 2060 principis
2749 1993 3089 2047 sacerdotum
3146 1995 3440 2065 interroga,

1866 2085 1921 2133 et
1995 2078 2138 2133 dicet
2199 2080 2318 2148 tibi,
2392 2086 2661 2151 quomodo
2736 2085 3108 2155 abnegationis
3162 2100 3440 2156 peccatum

1866 2182 2052 2224 amare
2087 2169 2277 2239 lugens
2304 2172 2605 2242 expiaverit
2649 2174 2696 2207 ”
2719 2214 2736 2239 ,
2780 2190 2877 2230 nec
2908 2177 2961 2231 in
2999 2173 3273 2232 Simonem
3318 2193 3440 2232 mu-

1867 2267 2010 2315 tatus
2042 2262 2131 2329 sit,
2171 2262 2267 2317 sed
2301 2262 2493 2320 Petrus
2527 2269 2881 2334 permanserit
2912 2270 3181 2338 apostolus

1940 2348 2055 2420 Ego
2093 2361 2271 2406 autem
2307 2363 2361 2407 et
2391 2353 2584 2409 Judam
2646 2355 2958 2412 lscariotam
3012 2359 3284 2425 existimo,
3338 2360 3441 2415 nisi

1867 2438 1950 2491 sui
2000 2438 2167 2508 ipsius
2204 2442 2444 2497 carnifex
2488 2457 2609 2499 esse
2646 2454 3008 2514 properasset,
3055 2445 3263 2503 facinus
3286 2464 3442 2504 suurn

1866 2530 2085 2597 gravius
2141 2543 2383 2601 putans,
2442 2549 2602 2604 quam
2682 2546 2741 2592 ut
2796 2538 2897 2593 sibi
2950 2550 3134 2608 posset
3195 2541 3442 2611 ignosci,

1868 2623 1961 2677 sed
2012 2624 2235 2695 supplex
2289 2627 2502 2683 veniam
2557 2630 2825 2699 petiisset,
2880 2630 2997 2699 eius
3041 2635 3443 2697 misericordim.

1868 2726 1987 2781 quin
2016 2728 2112 2781 per
2145 2714 2331 2770 orbem
2371 2728 2490 2773 erat
2532 2718 2746 2786 diﬂ'usa,
2800 2738 2906 2779 non
2959 2724 3128 2780 fuisse
3168 2737 3442 2797 expertem

1871 2804 2110 2859 futurum
2158 2824 2173 2860 :
2229 2809 2315 2862 cui
2336 2811 2553 2878 quidem
2605 2814 2680 2866 rei
2747 2817 3051 2871 testimonio
3099 2828 3225 2873 sunt
3273 2817 3444 2873 Juda'i

1870 2896 1982 2960 illi,
2015 2899 2105 2966 qui
2150 2914 2273 2953 enm
2308 2899 2580 2957 Christum
2625 2906 2771 2959 cruci
2824 2906 3171 2973 suilixissent,
3218 2911 3445 2966 creden-

1870 2996 1971 3053 tes,
2006 2989 2273 3058 baptismo
2323 3002 2528 3049 mentes
2559 2995 2721 3049 simul
2775 3007 2830 3052 et
2885 3015 3074 3055 manus
3129 3002 3440 3060 abluerunt.

1870 3077 2023 3145 Quod
2061 3082 2105 3134 si
2135 3082 2232 3146 illi,
2267 3085 2358 3151 qui
2392 3084 2665 3140 Christum
2711 3089 2760 3141 in
2797 3104 3013 3144 crucem
3059 3103 3302 3161 egerant,
3340 3096 3444 3148 mi-

1874 3170 2223 3254 sericordiam
2267 3183 2394 3227 sunt
2442 3179 2741 3245 consecuti,
2795 3191 2850 3234 et
2889 3182 2999 3251 ipse
3047 3184 3307 3252 profecto,
3349 3187 3443 3254 qui

1874 3252 2021 3308 illum
2061 3256 2389 3325 prodiderat,
2442 3265 2653 3317 veniam
2714 3268 3077 3336 impetrasset
3133 3271 3194 3327 Et
3243 3252 3445 3331 Paulus

1872 3343 2161 3412 aliquando
2204 3346 2547 3405 Christianos
2581 3353 2771 3413 vinxit.
2814 3355 2907 3409 sed
2941 3356 3079 3411 idem
3118 3358 3231 3428 ipse
3255 3373 3444 3429 postea

1872 3450 1970 3505 pro
2011 3435 2228 3491 Christo
2279 3449 2498 3496 catenas
2539 3446 2790 3513 gestavit,
2838 3450 3136 3517 eodemque
3168 3452 3442 3508 cruciatus

1873 3544 2070 3597 genere
2097 3533 2301 3587 crimen
2332 3533 2606 3600 dissolvit;
2640 3537 2904 3602 peccavit,
2938 3552 3063 3591 cum
3105 3539 3440 3609 Stephanum

1874 3619 2137 3689 lapidibus
2163 3632 2391 3691 peteret,
2416 3634 2471 3679 et
2509 3625 2626 3693 ejus
2653 3625 3089 3684 interfeclOribus
3128 3631 3440 3695 assentiret,

1874 3720 1994 3778 post
2035 3722 2214 3765 autem
2249 3714 2361 3783 ipse
2393 3729 2611 3783 quoque
2644 3714 2907 3783 lapidibus
2947 3732 3117 3772 caesus
3162 3727 3439 3787 peccatum

1873 3800 2127 3857 abolevit.
2160 3802 2445 3859 Matthzeus
2483 3806 2528 3838 "
2569 3817 2624 3860 et
2659 3804 2950 3861 Zacchaaus
2980 3807 3026 3839 "
3057 3809 3186 3862 olim
3220 3809 3443 3864 fuerunt

1875 3894 2178 3963 publicani,
2210 3895 2305 3950 sed
2337 3911 2460 3950 mox
2512 3912 2696 3952 mensa
2741 3898 3145 3968 publicanorum
3187 3913 3438 3955 contem-

1872 3992 1983 4051 pta,
2029 3983 2165 4037 alter
2194 3998 2378 4039 eorum
2409 3986 2567 4041 domo
2595 3998 2757 4057 atque
2794 3989 2974 4043 animo
3002 4005 3101 4045 suo
3117 3986 3297 4045 Jesum
3322 4005 3442 4046 sus-

1874 4077 2056 4144 cepit,
2121 4075 2260 4130 alter
2334 4093 2512 4131 rerum
2581 4079 2980 4135 admirabilium
3077 4082 3441 4152 promulgatur

1873 4178 1925 4222 et
1954 4168 2185 4238 scriptor
2225 4167 2450 4224 effectus
2478 4180 2580 4225 est.
2623 4170 2847 4241 Oportet
2881 4184 2936 4226 ut
2975 4173 3314 4242 publicanum
3344 4190 3441 4242 pa-

1873 4262 2003 4315 riter
2035 4271 2089 4316 et
2111 4260 2440 4318 Pharisaenm
2467 4268 2724 4321 memoria
2751 4276 3053 4331 teneamus,
3077 4279 3130 4322 et
3162 4269 3437 4326 mulierem

1874 4351 2043 4415 illam,
2080 4367 2200 4420 qua:
2231 4354 2540 4409 drachmam
2573 4359 2827 4412 amissam
2860 4358 3063 4413 invenit
3091 4361 3112 4391 ’

274 4454 364 4520 Ἐξ
386 4453 559 4525 ἀρχῆς
595 4453 653 4506 δὲ
680 4455 761 4515 εἰς
788 4451 940 4515 τέλος
967 4451 1021 4504 ετ
1053 4467 1135 4515 τις
1167 4450 1292 4513 τοὺς
1325 4447 1647 4520 ἀνθρώπους
1667 4445 1762 4500 τοῦ

1944 4443 2001 4498 Si
2030 4443 2442 4525 quis‘ltomines,
2472 4448 2561 4518 qui
2586 4449 2797 4505 saeculis
2823 4451 3072 4505 omnibus
3097 4452 3164 4507 ad
3198 4454 3299 4508 hoc
3333 4469 3425 4508 us-

190 4545 315 4619 βίου
343 4545 541 4607 παντὸς
576 4546 634 4596 ἐν
661 4545 775 4607 τοῖς
801 4542 1036 4614 καθεξῆς
1069 4542 1278 4613 χρόνοις
1306 4539 1601 4608 λογίσαιτο,
1635 4536 1762 4599 τοὺς

190 4634 421 4697 πολλοὺς
445 4634 669 4705 εὑρήσει
703 4633 967 4705 πρότερον
1010 4631 1107 4702 μὲν
1136 4629 1483 4701 ἐνσχεθέντας
1518 4627 1764 4697 άμαρτήυ

193 4742 385 4800 μασιν,
421 4722 538 4779 εἷτα
597 4729 661 4796 τῇ
684 4726 839 4796 πρὸς
888 4723 949 4776 τὸ
985 4725 1231 4795 κρεῖττον
1284 4722 1421 4791 ῥοπῇ
1461 4717 1746 4790 μεταθεμέ-

189 4835 319 4880 νους
335 4818 434 4886 τῆς
485 4816 727 4888 γνώμης.
779 4814 914 4869 Θεοῦ
944 4815 1051 4887 γὰρ
1082 4816 1278 4868 οἰκεῖον
1309 4815 1404 4865 καὶ
1439 4811 1599 4897 μόνον
1624 4808 1770 4872 ἐξαί-

191 4924 349 4979 ρετον
385 4908 758 4978 πλημμελείας
814 4907 982 4977 χωρὶς
1038 4907 1212 4959 πάντα
1258 4903 1570 4975 κατορθοῦν.
1642 4903 1770 4954 ’Λν-

190 4998 412 5070 θρωπος
437 4997 495 5050 δὲ
528 4999 633 5052 ὑπὸ
657 4998 872 5069 γένεσιν
899 4999 994 5052 καὶ
1026 4997 1232 5069 φθοράν
1263 4997 1524 5067 ἠγμένος,
1555 4995 1648 5048 καὶ
1678 5010 1770 5046 το-

193 5088 400 5142 σούτων
437 5090 694 5161 ὑπάρχων
745 5090 991 5153 δεκτικὸς
1032 5088 1241 5154 παθῶν,
1290 5088 1473 5141 οὔποτ’
1502 5087 1567 5141 ἂν
1602 5087 1771 5140 ἀκατ-

196 5181 461 5251 ηγόρητος
517 5182 750 5254 δειχθείη
783 5182 1174 5253 περικοπείσης
1210 5180 1557 5252 συγγνώμης.
1601 5178 1763 5232 Ἀπὸ·-

194 5273 390 5342 δλεψον
420 5274 557 5344 πρὸς
583 5275 673 5328 τὸν
702 5274 864 5328 Δαδὶδ
894 5274 985 5327 τὸν
1036 5274 1257 5345 βασιλέα
1291 5272 1383 5326 τοῦ
1424 5271 1659 5343 Ἰσραὴλ,
1708 5269 1767 5322 ὃν

194 5368 316 5420 κατ’
344 5367 574 5438 ἐκλογὴν
605 5369 1009 5440 ἐχειροτόνησεν
1054 5369 1082 5420 6
1113 5367 1266 5432 Θεὸς,
1298 5365 1539 5428 ἐπαίνοις
1570 5364 1626 5417 δὲ
1656 5363 1769 5425 τοῖς

192 5457 293 5526 τῆς
365 5459 666 5530 μαρτυρίας
713 5460 1016 5531 ἐκόσμησε,
1068 5459 1274 5527 λέγων’
1325 5452 1527 5526 Ηῦρον
1579 5455 1770 5523 ἄνδρα

194 5546 345 5599 κατὰ
397 5548 512 5615 τὴν
562 5538 814 5618 καρδίαν
852 5569 973 5620 μου
1020 5550 1197 5605 Διιϐὶδ
1237 5551 1341 5603 τὸν
1388 5548 1494 5602 τοῦ
1530 5547 1765 5601 Ἰεσσαί.

1869 4546 1973 4603 que
2004 4541 2214 4603 tempus
2244 4537 2590 4606 exstiterunt,
2627 4539 2880 4595 universo
2901 4542 3081 4596 animo
3112 4543 3436 4614 complecta-

1871 4631 1979 4687 tur,
2010 4622 2177 4679 fulsse
2208 4625 2408 4681 multos
2449 4628 2858 4697 animadvertet,
2888 4632 2980 4701 qui
3018 4646 3140 4687 cum
3180 4649 3240 4688 se
3291 4637 3438 4704 prius

1872 4713 2087 4784 ﬂagitiis
2109 4716 2501 4787 inquinassent,
2516 4720 2581 4773 ad
2604 4720 2806 4791 frugem
2825 4722 3016 4777 bonam
3040 4723 3235 4779 deinde
3261 4726 3438 4781 redic-

1870 4815 2012 4860 runt.
2046 4807 2175 4862 Illud
2200 4811 2341 4865 enim
2368 4810 2463 4867 Dei
2491 4813 2658 4868 solius
2687 4815 2959 4884 proprium
2986 4826 3086 4880 est,
3122 4825 3181 4870 ut
3208 4817 3274 4872 ab
3289 4818 3437 4873 omni

1868 4907 2091 4970 peccato
2126 4911 2362 4958 remotus
2403 4903 2583 4960 omnia
2626 4916 2773 4961 recte
2815 4917 2985 4978 gerat.
3014 4907 3189 4964 Homo
3230 4917 3432 4976 autem,

1867 4992 1959 5061 qtti
1997 5003 2176 5048 ortum
2198 5004 2358 5065 atque
2382 4996 2658 5051 interitum
2690 4999 2856 5064 subit,
2904 5000 3104 5069 quique
3155 5006 3263 5053 tam
3296 5001 3436 5054 mul-

1870 5083 1939 5137 tis
1960 5085 2454 5153 perturbationibus
2471 5097 2553 5144 est
2579 5090 2866 5155 obnoxius,
2900 5107 3171 5163 nunquam
3199 5092 3463 5165 eﬂ‘ugere.

1869 5176 2086 5243 poterit,
2105 5178 2232 5247 quin
2258 5191 2541 5236 accusetur
2560 5189 2611 5236 et
2634 5183 3043 5247 condemnetur,
3063 5183 3109 5239 si
3124 5185 3290 5239 venia:
3311 5201 3437 5255 spes

1866 5266 2163 5323 auferatur.
2188 5270 2482 5328 Considera
2497 5274 2626 5328 mihi
2652 5274 2904 5330 Davidem
2926 5277 3095 5342 ipsum
3112 5276 3325 5333 lsraelis
3352 5293 3435 5331 reo

1868 5375 2012 5429 gem,
2037 5375 2198 5430 quem
2222 5363 2362 5418 Deus
2389 5365 2497 5420 sibi
2514 5366 2866 5436 singularem
2897 5368 3165 5437 elegerat,
3191 5368 3432 5423 testium-

1869 5450 2063 5522 nioque
2079 5468 2175 5509 suo
2186 5454 2513 5511 collaudarat
2526 5497 2540 5522 ,
2561 5457 2762 5522 Inveni,
2780 5458 3051 5527 inquiens.
3067 5460 3237 5512 virum
3252 5475 3426 5514 accitu:

1868 5541 1993 5597 dum
2008 5560 2099 5598 cor
2122 5562 2293 5602 meum
2306 5547 2480 5604 David
2516 5547 2717 5605 Filium
2739 5547 2888 5604 leue
2914 5549 2980 5603 ’⁸.
3009 5548 3106 5604 llic
3141 5556 3262 5620 post
3301 5564 3437 5618 pra:-

266 5658 314 5690 "
348 5657 548 5736 _l‘3_200|_t.
597 5663 898 5736 ινιιιηὲξό.
975 5664 1021 5697 ’⁵
1071 5662 1543 5731 Mattlt.xxrt,75.
1620 5658 1763 5714 "illa

1912 5677 1986 5726 κ,
2014 5665 2065 5720 9.
2144 5667 2189 5698 ⁹⁶
2224 5665 2354 5724 Luc.
2390 5682 2504 5733 χιιι,
2528 5666 2583 5720 9..
2619 5696 2627 5705 ~
2660 5666 2705 5700 ⁹⁷
2737 5665 2866 5721 Luc.
2891 5678 2983 5733 xv,
3015 5665 3069 5721 8.
3145 5662 3191 5698 ”
3225 5663 3269 5719 ll
3297 5663 3431 5736 Reg.

197 5743 317 5792 xui,
343 5728 435 5796 li;
486 5731 605 5799 Act.
629 5747 747 5798 xm,
782 5732 867 5787 22.
