3892 6272
424 297 531 355 359

1582 304 1591 313 λ
1694 283 1753 339 S.
1794 283 2071 339 ASTERII
2111 282 2418 339 AMASEN!

3567 286 3691 345 360

423 414 629 471 clarum
656 408 785 462 illud
815 406 1009 461 diviute
1026 400 1201 457 laudis
1237 396 1585 469 praeconium,
1609 398 1852 452 mulieris
1879 396 1997 467 pul-

2107 391 2277 460 Οὗτος
2328 394 2465 465 μετά
2518 394 2615 466 τὴν
2651 394 2909 466 λαμπρὰν
2941 394 3264 466 μαρτυρίαν,
3297 389 3451 461 οὗτος
3486 399 3691 475 ἐπειδὴ

428 501 739 557 clnitudiue
770 506 979 567 captus,
1019 495 1217 564 quibus
1258 507 1317 545 se
1352 491 1587 560 peccatis
1610 489 1993 553 obstrinxerit,

427 609 621 649 omnes
679 591 907 646 scimus.
965 590 1213 641 Attamen
1260 583 1400 637 idem
1438 598 1467 634 a
1514 582 1768 650 propheta
1817 595 1999 648 repre-

431 687 629 743 hensus
654 681 949 736 admissum
972 676 1148 732 scelus
1167 672 1407 743 agnovit,
1437 679 1495 726 et
1515 672 1846 740 poenitentia:
1883 687 1995 726 mo-

431 779 557 829 dum
584 773 819 843 posteris
870 769 1129 837 scriptum
1179 765 1413 834 reliquit.
1455 762 1814 830 Quamobrem
1842 763 1993 816 dolo-

433 882 545 920 rem
576 866 690 932 ejus
738 864 791 917 in
824 861 962 916 libro
1011 858 1349 912 Psalmorum
1398 863 1651 924 tauquam
1687 854 1740 908 in
1779 854 1998 919 speculo

434 952 673 1006 videmus
700 963 1033 1017 expressum,
1066 946 1152 1000 ubi
1186 959 1329 1000 nunc
1344 943 1511 1009 luctu,
1537 950 1591 996 et
1612 942 1861 1012 squalore
1878 958 2000 998 cor-

433 1059 532 1111 pus
565 1040 839 1095 excruciat
869 1057 883 1093 :
923 1054 1063 1093 nunc
1085 1036 1183 1090 sibi
1218 1043 1404 1090 noctes
1433 1035 1499 1087 ad
1540 1031 1824 1102 lugendum
1858 1048 1998 1099 prte-

433 1131 642 1196 scribit,
668 1131 809 1200 quod
845 1129 1059 1198 quidem
1099 1136 1308 1195 tempus
1340 1125 1611 1179 comnmni
1642 1123 1996 1178 laborantium

432 1222 596 1291 quicti
645 1223 825 1274 datum
866 1227 978 1283 est;
1019 1234 1159 1271 llllllc
1197 1218 1462 1287 lacrymas
1499 1232 1530 1269 e
1570 1216 1842 1284 palpebris
1885 1215 2000 1269 suis

431 1326 684 1380 tauquam
731 1326 762 1365 e
806 1311 1043 1364 fontibus
1072 1346 1075 1349 ι
1113 1307 1463 1378 profundens,
1494 1307 1745 1360 lectulum
1779 1307 1996 1376 irrigat,

427 1410 483 1455 ct
515 1402 1024 1471 quinquagesimum
1057 1398 1321 1467 psalmum
1349 1398 1502 1451 nobis
1523 1396 1787 1458 elaborat,
1819 1397 1996 1464 inquo

432 1494 599 1546 Deum
626 1492 938 1560 pmniteutia
973 1488 1218 1558 placandi
1244 1488 1549 1556 exemplum
1570 1486 1862 1555 eﬂlngitur.
1885 1485 1994 1541 Ne-

424 1598 531 1652 que
557 1599 685 1637 vero
712 1584 889 1636 luctus
922 1581 1092 1649 ipsius
1131 1579 1310 1633 inanis
1350 1577 1471 1633 fuit.
1503 1578 1609 1631 Sed
1639 1592 1830 1647 graves
1878 1576 1998 1646 ejus

2095 486 2173 558 τῷ
2220 486 2382 541 πάθει
2442 489 2542 558 τῆς
2571 487 2953 558 σωμεραστίας
2998 486 3160 551 ἑάλω,
3219 489 3312 541 καὶ
3351 490 3693 561 περιέπεσεν

2095 578 2325 641 ἐκείνοις
2349 572 2797 648 οἶςγινὼσκομεν
2830 578 3086 642 ἅπαντες,
3121 574 3283 649 ἦλθεν
3321 578 3378 632 δὲ
3410 582 3549 651 μετά
3582 582 3691 637 τὸν

2095 669 2313 740 ἔλεγχον
2369 669 2463 723 τοῦ
2507 672 2787 742 προφήτου
2823 672 2903 734 είς
2949 670 3314 742 ἀναλογισμὸν
3354 672 3450 726 τοῦ
3476 676 3685 739 κακοῦ,

2096 762 2443 832 ἀνάγραπτον
2479 763 2688 833 ἀφῆκεν
2742 766 2856 827 τοῖς
2892 764 2973 826 εἰς
3002 762 3226 835 ὕστερον
3265 764 3543 835 ἐσομένοις
3576 767 3689 838 τῆς

2101 853 2390 921 μετανοίας
2418 854 2509 907 τὸν
2546 854 2744 924 μόχθον
2764 870 2778 885 ι
2806 855 2901 908 καὶ
2931 854 3262 926 θεωροῦμεν,
3300 855 3376 919 ὡς
3397 859 3456 910 ἐν
3483 859 3685 923 εἰκόνι,

2096 943 2175 1013 τῷ
2196 944 2500 1015 ψαλτηρίῳ,
2542 945 2631 999 τὸν
2660 928 3012 1016 μόχθον·’νῦν
3070 946 3169 1016 μὲν
3201 948 3569 1018 ἐκτηκόμενον
3607 950 3684 1019 τῇ

2097 1034 2242 1109 λύπῃ
2279 1035 2340 1089 τὸ
2374 1035 2567 1107 σῶμαο
2595 1033 2751 1100 αὖθις
2793 1037 2849 1090 δὲ
2894 1037 2992 1108 τὴν
3022 1037 3193 1092 νύκτα
3247 1039 3437 1109 καιρὸν
3463 1039 3688 1111 θρήνων

2100 1127 2443 1197 ποιούμενον,
2490 1129 2589 1199 τὴν
2610 1128 2794 1200 κοινὴν
2817 1127 2927 1181 τῶν
2973 1130 3151 1183 πόνων
3207 1130 3539 1184 ἀνάπαυσινσ
3582 1131 3686 1185 καὶ

2097 1221 2164 1289 τῇ
2194 1219 2349 1291 κλίνῃ
2403 1218 2463 1272 τὸ
2491 1219 2726 1289 δάκρυον
2768 1221 3091 1298 ἐπιρρέοντα
3122 1222 3200 1285 ὡς
3247 1224 3312 1275 ἐκ
3340 1223 3537 1293 πηγῶν
3566 1223 3685 1275 τῶν

2101 1310 2410 1381 βλεφάρων,
2474 1315 2571 1366 καὶ
2600 1313 2763 1366 πάλιν
2796 1315 2928 1384 ἡμῖν
2956 1314 3047 1367 τὸν
3076 1320 3438 1386 πεντηκοστὸν
3463 1315 3685 1387 ψαλμὸν

2101 1402 2502 1473 ἐκπονήσαντα,
2532 1402 2700 1457 τύπον
2728 1404 2820 1457 τὸν
2852 1404 3201 1476 ίλασκόμενον
3236 1407 3390 1460 Θεόν.
3411 1408 3487 1460 Ού
3524 1408 3625 1478 μὲν
3651 1407 3686 1459 6

2099 1491 2298 1562 θρῆνος
2325 1492 2474 1563 αὐτῷ
2508 1493 2683 1564 μάτην
2704 1494 3000 1566 ὲξεπονήθη
3021 1512 3036 1526 ·
3059 1495 3173 1549 ἀλλ’
3197 1497 3245 1549 οἱ
3271 1496 3456 1567 βαρεῖς
3487 1514 3683 1550 στενα-

2098 1582 2231 1652 γμοὶ
2274 1583 2367 1635 τὸν
2401 1582 2547 1636 ἔλεον
2586 1584 3002 1653 ἐφειλκύσαντο·
3060 1587 3302 1640 ἀπέλαϐε
3352 1588 3410 1641 δέ
3453 1589 3685 1658 καὶτῆς

425 1673 657 1739 gemitus
686 1669 1116 1726 misericordiam
1143 1666 1485 1728 invenerunt,
1514 1671 1572 1717 ut
1594 1672 1649 1717 et
1671 1663 1877 1732 imperii
1915 1662 1997 1715 di-

2101 1670 2382 1742 βασιλικῆς
2406 1672 2690 1737 αύθεντίας
2722 1674 2819 1745 τὴν
2839 1675 3108 1743 ἐξουσίαν,
3140 1679 3234 1730 καὶ
3257 1678 3357 1748 τῆς
3377 1678 3515 1749 πρὸς
3544 1679 3684 1732 Θεὸν

425 1765 653 1833 gnitate,
678 1772 730 1816 et
764 1759 1001 1813 amicitia
1046 1758 1134 1810 Dei
1177 1757 1347 1810 libere
1393 1758 1683 1809 frueretur.
1716 1752 1832 1807 Rex
1870 1753 1995 1807 item

2103 1763 2310 1828 ἱκεσίας
2334 1740 2435 1835 τὴν
2471 1740 2801 1837 παρρησίαν.
2854 1740 3100 1838 Ὁμοίως
3120 1740 3371 1831 κάκεῖνος
3445 1769 3544 1840 τῆς
3574 1768 3682 1822 Νι-

428 1853 514 1907 ille
544 1851 898 1905 Ninivitarum
929 1845 1268 1900 multitudine
1303 1853 1646 1912 peccatorum
1673 1843 1737 1895 ad
1760 1841 1996 1909 exitium

428 1941 829 2004 contendebat,_
857 1952 960 1991 una
998 1953 1119 1990 cum
1160 1935 1390 2006 populis,
1437 1934 1637 2002 quibus
1677 1931 1996 2001 imperabat.

429 2034 493 2085 Et
521 2033 586 2098 is,
632 2033 719 2099 qui
753 2038 969 2099 peccata
999 2029 1237 2096 ipsorum
1274 2026 1647 2093 redarguebat,
1687 2024 1828 2076 diem
1872 2037 2001 2091 sup-

434 2125 598 2193 plicio
621 2120 941 2191 pra’liuitam
966 2117 1319 2172 deutmliabat
1352 2114 1803 2183 appropinquare.
1830 2110 1995 2166 Cum-

424 2229 531 2283 que
577 2212 869 2280 prudenter
912 2209 989 2262 illi
1051 2216 1219 2261 semet
1282 2204 1576 2275 aﬂligentcs
1632 2203 1995 2256 calamitatem

424 2300 738 2370 effugissent
766 2301 841 2363 ",
882 2298 1099 2352 dolebat
1150 2296 1409 2365 propheta
1463 2294 1606 2362 quod
1645 2292 1784 2346 mala
1809 2333 1824 2358 ,
1875 2307 1995 2361 qua:

426 2393 769 2461 praedixerat,
802 2405 907 2443 non
937 2387 1262 2447 evenissent,
1316 2384 1516 2453 Deique
1558 2380 1993 2436 commiseratio-

429 2499 552 2539 nem
595 2485 778 2552 iniquo
811 2481 991 2533 animo
1022 2479 1246 2533 ferebat.
1280 2478 1347 2529 At
1385 2475 1493 2539 ille,
1526 2474 1614 2542 qui
1656 2473 1852 2539 ubique
1885 2482 1995 2525 tum

428 2573 636 2636 verbis,
683 2583 792 2626 tum
831 2570 986 2623 factis
1041 2569 1277 2632 indicat,
1322 2574 1523 2636 quanta
1564 2564 1812 2620 homines
1837 2565 1999 2617 bene-

428 2662 657 2719 volentia
701 2659 1124 2729 complectatur,
1165 2657 1311 2721 fecit,
1343 2665 1401 2710 ut
1428 2654 1706 2709 cucurbita
1749 2666 2000 2706 nascere-

429 2766 533 2821 tur,
553 2769 670 2823 quac
698 2760 858 2821 caput
891 2752 1007 2820 ejus
1025 2750 1092 2802 ab
1115 2748 1308 2818 injuria
1338 2747 1467 2802 solis
1494 2745 1844 2807 defenderet;
1895 2744 1996 2796 sub

428 2849 615 2900 illltbra
641 2853 819 2899 autem
864 2844 1032 2912 ipsius
1070 2857 1135 2896 eo
1177 2841 1479 2895 dormiente
1532 2837 1713 2892 statim
1765 2835 1994 2889 exaruit.

426 2939 527 3004 Qui
578 2953 699 2992 cum
750 2943 1100 3004 experrectus
1153 2946 1265 2987 rem
1293 2946 1435 2998 aegre
1475 2929 1658 2993 ferret,
1701 2927 1994 2995 reprehen-

427 3030 591 3091 ditur,
622 3026 787 3098 quod,
821 3041 944 3080 cum
978 3025 1090 3092 ipse
1117 3022 1407 3091 virgultum
1446 3019 1725 3074 exaruisse
1752 3016 1999 3083 indigne-

429 3134 534 3186 tur,
584 3120 719 3174 nolit
762 3119 926 3172 Deum
971 3114 1272 3187 propinquo
1302 3123 1467 3167 tanta).
1499 3110 1736 3166 civitatis
1771 3107 1994 3164 interitu

425 3208 751 3266 commoveri
773 3206 827 3260 ’?

499 3384 606 3445 Vos
635 3385 822 3457 igitur,
858 3382 948 3453 qui
981 3381 1101 3436 duri
1132 3380 1264 3434 estis
1290 3389 1451 3449 atque
1485 3379 1744 3444 immites,
1775 3382 1892 3454 ejus
1910 3385 2002 3453 qui

428 3495 526 3535 nos
564 3476 889 3548 procreavit,
928 3473 1313 3542 benignitatem
1360 3481 1415 3527 et
1444 3474 1787 3528 clementiam
1824 3476 2004 3530 imita-

432 3570 585 3624 tniui.
617 3567 792 3622 Nolite
815 3581 909 3620 vos
946 3566 997 3618 in
1026 3578 1321 3619 conservos
1353 3572 1564 3617 vestros
1595 3565 2004 3634 praeberejudi-

429 3676 521 3716 ces
546 3658 772 3714 acerbos
798 3664 852 3712 et
885 3671 1094 3725 graves,
1134 3656 1305 3708 donec
1332 3654 1515 3707 veniat
1552 3656 1641 3709 ille
1669 3658 1760 3725 qui
1798 3672 1998 3710 arcana

428 3751 673 3806 cordiqu
701 3747 1015 3818 patefaciet,
1058 3756 1109 3800 et
1139 3755 1406 3814 potestate
1445 3761 1540 3800 sua
1585 3748 1782 3815 cuique
1806 3763 2003 3803 conve-

431 3844 666 3897 nientem
690 3847 884 3894 statum
916 3839 1119 3891 tribuet
1160 3838 1213 3892 in
1245 3838 1353 3891 vita
1383 3853 1545 3907 quam
1595 3848 1995 3907 exspectamus.

431 3933 606 3988 Nolite
662 3932 931 3985 tristiores
970 3929 1023 3984 iu
1081 3929 1215 3982 alios
1251 3944 1315 3983 ac
1357 3928 1657 3983 severiores
1703 3935 2002 3984 sententias

434 4030 591 4085 terre,
626 4036 694 4076 ne
734 4022 920 4074 iisdem
964 4035 1057 4074 vos
1110 4019 1393 4072 sententiis
1443 4020 1911 4085 condemnemini,
1947 4031 2004 4075 et

436 4111 665 4179 propriis
695 4110 874 4163 verbis
909 4118 1159 4174 tauquam
1189 4108 1438 4161 dentibus
1481 4110 1807 4163 acutissimis
1832 4111 1994 4164 cunti-

431 4200 656 4271 gamini.
709 4199 756 4254 Α
785 4215 892 4269 quo
923 4200 1142 4269 quidem
1194 4200 1421 4254 crimine
1462 4200 1711 4255 videntur
1761 4202 1892 4257 tuihi
1936 4219 1999 4258 ea

431 4292 705 4363 Evangelii
752 4294 912 4347 verba
960 4307 1059 4346 nos
1101 4292 1417 4345 deterrere:
1451 4288 1630 4346 Nolite
1649 4293 1913 4362 judicare,
1944 4306 1999 4348 ut

2099 1855 2231 1926 νευὴ
2271 1854 2575 1925 βασιλεύειν
2625 1855 2824 1927 λαχὼν,
2857 1857 2934 1927 τῷ
2991 1858 3090 1928 μὲν
3136 1858 3332 1930 πλήθει
3355 1858 3465 1914 τῶν
3492 1861 3681 1931 ἀμαρ-

2098 1943 2229 1997 τιῶν
2265 1944 2626 2014 συνηλαύνετο
2648 1947 2780 2015 πρὸς
2817 1947 2909 1999 τὸν
2941 1946 3181 2016 ὄλεθρον,
3211 1946 3348 2017 ὁμοῦ
3372 1951 3481 2011 τοῖς
3508 1950 3682 2019 ἀρχο-

2102 2034 2281 2104 μένοις
2306 2033 2475 2097 λαοῖς,
2531 2034 2628 2088 καὶ
2679 2034 2707 2085 6
2738 2035 2836 2105 τῆς
2882 2036 3157 2107 ἁμαρτίας
3187 2035 3407 2105 ἔλεγχος
3433 2035 3680 2104 ἐγγίζειν

2102 2126 2220 2194 μετ’
2249 2125 2426 2194 ὀλίγον
2458 2125 2556 2197 τὴν
2585 2125 2919 2198 προθεσμίαν
2942 2127 3043 2196 τῆς
3067 2126 3334 2198 τιμωρίας
3356 2128 3677 2198 ἐκήρυττεν.

2111 2215 2328 2285 Ἐπειδὴ
2357 2215 2414 2268 δὲ
2444 2215 2930 2279 συνετῶςέαυτοὺς
2945 2216 3312 2281 κακώσαντες,
3349 2218 3547 2286 ἔφυγον
3576 2217 3679 2288 τὴν

2100 2309 2296 2378 πεῖραν
2350 2306 2451 2376 τῆς
2492 2310 2797 2379 συμφορᾶς,
2833 2307 3074 2380 ἐλυπήθη
3105 2309 3204 2380 μὲν
3236 2311 3318 2363 ὅτι
3355 2310 3428 2380 μὴ
3449 2308 3681 2379 ἠλήθευ-

2103 2415 2194 2450 σεν
2236 2398 2264 2449 6
2318 2396 2429 2451 τῶν
2462 2398 2650 2451 κακῶν
2683 2401 2988 2471 προφήτης,
3021 2401 3113 2454 καὶ
3135 2401 3271 2472 πρὸς
3294 2401 3384 2454 τὸν
3409 2400 3557 2453 ἐλεον
3580 2399 3678 2453 τοῦ

2100 2489 2236 2541 Θεοῦ
2260 2488 2509 2559 χαλεπῶς
2555 2490 2922 2561 ἠγροικίσατο.
2964 2492 3023 2544 ’0
3067 2492 3124 2544 δὲ
3154 2491 3426 2562 πανταχοῦ
3458 2491 3551 2545 καὶ
3588 2491 3680 2546 διὰ

2098 2580 2270 2649 λόγων
2302 2583 2398 2633 καὶ
2440 2580 2690 2652 πράξεων
2724 2580 3007 2653 γνωρίζων
3045 2584 3214 2653 ἡμῖν,
3256 2584 3387 2654 ὅσην
3419 2583 3531 2653 ἔχει
3576 2582 3680 2654 τὴν

2099 2673 2236 2743 πρὸς
2266 2674 2393 2736 τοὺς
2418 2672 2739 2745 ἀνθρώπους
2773 2674 3081 2745 εὐμένειαν,
3123 2674 3248 2743 φύει
3279 2676 3380 2746 μὲν
3399 2676 3498 2747 τὴν
3526 2675 3681 2730 κολό-

2098 2762 2299 2818 κυνθαν
2335 2764 2475 2836 ὑπὲρ
2517 2766 2778 2837 κεφαλῆς,
2812 2765 2889 2837 τῷ
2934 2768 3186 2839 προφήτῃ
3213 2770 3423 2839 σκέπην
3454 2768 3552 2838 τῆς
3586 2768 3707 2820 λυ..

2099 2854 2306 2928 πούσης
2341 2856 2582 2921 ἀκτῖνος,
2642 2855 3097 2920 ὑποκαθεύδοντος
3120 2858 3191 2917 ,δὲ
3224 2860 3290 2928 τῇ
3326 2860 3456 2928 σκιᾷ
3481 2858 3678 2929 ἀθρόον

2098 2941 2451 3015 άποξηράνας
2484 2945 2674 3016 αὑτήν.
2708 2944 2841 2999 Εῐτα
2861 2946 2937 3008 ὡς
2961 2946 3232 3010 δυσκόλως
3248 2944 3392 3018 εἶχεν
3419 2948 3680 3017 ἀφυπνώ-

2101 3051 2200 3097 σας
2236 3035 2371 3106 πρὸς
2397 3034 2458 3087 τὸ
2488 3034 2722 3106 συμϐάν,
2752 3034 3000 3100 ὀνειδίζει
3032 3036 3128 3089 καὶ
3164 3037 3459 3107 μέμφεται.
3489 3039 3554 3092 Εἰ
3578 3040 3679 3109 μὲν

2103 3123 2274 3188 οὕτως
2301 3124 2562 3195 ἐμπαθῶς
2612 3125 2995 3193 ἐπιστυγνάζοι
3027 3125 3104 3197 τῷ
3135 3127 3463 3199 μαρανθέντι
3511 3129 3680 3200 λαχά-

2106 3234 2198 3286 νῳ,
2226 3217 2254 3268 ὀ
2300 3215 2357 3269 δὲ
2398 3216 2531 3279 Θεὸς
2559 3217 2658 3269 οὐκ
2688 3215 2753 3269 ἂν
2785 3217 3096 3290 ἐπεκλάσθη
3151 3218 3453 3290 τηλικαύτῃ
3510 3221 3677 3289 ἐγγὺς

2102 3304 2332 3379 ἐλθούσῃ
2364 3305 2609 3359 κινδύνου
2629 3322 2646 3370 ;

2172 3395 2388 3448 Μάθετε
2415 3389 2529 3454 οὖν,
2560 3396 2607 3448 oi
2640 3394 2865 3467 σκληροὶ
2916 3396 3011 3450 καὶ
3035 3396 3424 3469 δυσμείλικτοι,
3453 3398 3554 3471 τὴν
3580 3398 3674 3453 τοῦ

2103 3486 2387 3548 κτίσαντος
2439 3486 2585 3556 ἡμᾶς
2628 3487 2991 3557 χρηστότητα,
3055 3490 3151 3543 καὶ
3190 3489 3264 3560 μὴ
3316 3490 3530 3557 γίνεσθε
3569 3492 3676 3545 τῶν

2100 3575 2405 3647 ὁμοδούλων
2457 3578 2645 3649 πικροὶ
2710 3578 2803 3631 καὶ
2856 3577 3041 3650 βαρεῖς
3090 3580 3361 3646 δικασταὶ,
3411 3583 3572 3654 ἄχρις
3610 3584 3673 3638 ἂν

2101 3667 2365 3737 ἀφίκηται
2416 3670 2445 3720 6
2483 3667 2551 3720 τά
2583 3668 2804 3739 κρυπτά
2848 3670 2957 3723 τῶν
2985 3671 3218 3740 καρδιῶν
3255 3656 3673 3741 ἀποκαλύπτων,

2102 3757 2196 3810 καὶ
2253 3758 2371 3811 κατ’
2395 3757 2637 3824 ἐξουσίαν
2673 3759 2994 3830 δεσποτικὴν
3030 3764 3243 3831 ἑκάστῳ
3296 3765 3398 3835 τῆς
3444 3769 3673 3837 προσδο-

2102 3847 2354 3918 κωμένης
2397 3846 2542 3918 ζωῆς
2574 3848 2899 3919 ἀποκληρῶν
2928 3851 3024 3920 τὴν
3052 3856 3400 3915 κατάστασιν.
3422 3858 3514 3929 Μὴ
3549 3877 3675 3915 σκυ-

2102 3936 2329 4008 θρωπάς
2383 3940 2645 4010 ἐκφέρετε
2691 3942 2831 4006 ’τὰς
2894 3943 3214 4012 ἀποφάσεις
3278 3948 3365 4000 ἵνα
3427 3948 3503 4021 μὴ
3555 3955 3673 4015 ταῖς
3718 3993 3729 3999 -

2100 4027 2317 4097 ὁμοίαις
2345 4029 2709 4101 ύποὸληθῆτε,
2743 4035 2836 4087 καὶ
2882 4034 2991 4088 τῶν
3016 4036 3230 4091 οἰκείων
3260 4041 3539 4110 στομάτων
3563 4045 3673 4107 τοῖς

2098 4119 2281 4188 λόγοις
2310 4121 2386 4184 ὡς
2434 4121 2642 4177 ὀδοῦσιν
2674 4124 2950 4191 ὀξυτάτοις
2978 4128 3340 4199 περιπαρῆτε.
3379 4133 3536 4185 Δοκεῖ
3565 4133 3672 4204 γάρ

2105 4230 2195 4281 μοι
2241 4214 2335 4266 καὶ
2391 4214 2427 4284 ἡ
2457 4214 2782 4288 εύαγγελικὴ
2830 4219 3130 4290 πρόρρησις
3175 4221 3363 4275 τούτου
3396 4226 3671 4295 προφυλα-

2104 4303 2265 4374 κτικὴ
2294 4304 2581 4373 τυγχάνειν
2624 4305 2719 4358 τοῦ
2757 4305 3245 4379 πλημμελήματος,
3274 4312 3538 4380 λέγουσα’
3574 4316 3670 4387 Μὴ

431 4401 494 4438 ne
528 4385 838 4453 judicemini
867 4384 910 4438 ’.
941 4380 1146 4449 Quibus
1190 4398 1321 4436 sane
1376 4382 1552 4436 verbis
1610 4400 1711 4437 non
1761 4386 1997 4439 aufertur

2105 4393 2358 4460 κρίνετε,
2417 4395 2517 4448 ἵνα
2563 4394 2651 4463 μὴ
2690 4395 2950 4466 κριθῆτε.
2986 4401 3060 4452 Οὐ
3106 4400 3215 4473 γὰρ
3245 4402 3342 4474 τὴν
3372 4405 3552 4476 κρίσιν
3579 4380 3671 4461 καί

430 4478 585 4529 uoltis
630 4473 857 4529 facultas
907 4475 1141 4529 humane
1188 4474 1522 4544 benigneque
1567 4473 1860 4544 judiCandi,
1906 4482 1999 4532 sed

431 4565 788 4629 interdicitur,
811 4580 877 4618 ne
919 4564 1135 4631 gravius
1175 4575 1229 4618 et
1263 4565 1505 4633 asperius
1552 4565 1834 4634 iudicando
1879 4582 2004 4621 cou-

431 4656 775 4709 tlctunemus.
803 4652 1039 4708 Leviora
1092 4654 1255 4723 igitur
1283 4655 1367 4708 fac
1393 4654 1617 4709 aliorum
1655 4656 1907 4725 pondera,
1934 4674 2003 4713 ue

430 4747 482 4800 in
506 4749 694 4800 eadem
741 4746 1101 4799 damnationis
1160 4747 1360 4800 trutina
1409 4748 1650 4802 actiones
1690 4755 1794 4803 tute
1823 4748 2000 4817 depri-

428 4846 667 4903 mantur,
706 4836 922 4906 quando
960 4836 1067 4890 vita
1110 4848 1292 4892 nostra
1329 4848 1585 4908 tauquam
1622 4839 1673 4892 in
1716 4838 1871 4893 lance
1904 4839 1998 4893 Dei

422 4927 628 4999 judicio
661 4926 1080 4982 examinabitur.
1112 4926 1212 4992 Tu,
1253 4927 1344 4997 qui
1379 4944 1604 4997 corpore
1647 4930 1870 4983 indutus
1902 4945 1993 4996 es,

427 5030 483 5075 et
507 5021 561 5073 in
589 5035 750 5074 carne
784 5020 938 5084 vivis,
970 5035 1124 5086 cave,
1148 5035 1214 5075 ne
1249 5021 1471 5077 medicae
1500 5022 1634 5076 artis
1658 5022 1994 5077 curationem

427 5109 652 5178 abjicias
693 5120 749 5165 et
792 5113 1130 5179 asperneris;
1165 5128 1287 5165 nam
1323 5111 1449 5167 licet
1480 5116 1757 5168 commoda
1794 5114 1993 5171 fruaris

429 5200 751 5265 valetudine,
789 5216 892 5254 nou
925 5209 1103 5254 tamen
1130 5215 1342 5270 semper
1365 5201 1438 5255 ita
1476 5201 1612 5256 liber
1645 5203 1712 5257 ab
1739 5203 1881 5257 omni
1907 5203 1992 5257 fu-

428 5297 583 5343 turus
617 5304 676 5344 es
706 5291 913 5355 morbo,
946 5297 1003 5343 ut
1031 5303 1190 5358 opera
1214 5290 1403 5344 medici
1427 5304 1704 5358 nunquam
1730 5291 1992 5361 indigeas.

427 5380 680 5435 Animum
732 5381 900 5434 habes
954 5380 1022 5435 ad
1074 5394 1161 5434 res
1201 5389 1441 5434 terrenas
1477 5384 1812 5450 caducaeque
1866 5397 1993 5451 pro-

429 5476 673 5542 pensum,
716 5470 954 5541 quandiu
1032 5469 1232 5526 oblitus
1309 5469 1393 5525 sui
1443 5469 1702 5541 impletur
1750 5475 1993 5544 corporis

504 5664 549 5699 ⁹’
580 5664 701 5723 Ion.
744 5681 823 5732 ιιι,
862 5666 878 5721 l
912 5683 1031 5737 sqq.
1114 5667 1276 5724 'Jam.
1302 5686 1372 5736 tr,
1410 5670 1426 5723 l
1458 5687 1572 5740 sqq.

2102 4482 2203 4551 τὴν
2238 4482 2653 4553 εὐγνωμοσύνην
2687 4484 2938 4540 ἐκϐάλλει
2962 4501 2976 4517 ·
3016 4489 3194 4559 κρίσιν
3215 4490 3271 4543 δέ
3300 4492 3552 4562 ὀνομάζει
3576 4494 3670 4566 τὴν

2101 4574 2443 4642 τραχυτέραν
2480 4572 2821 4644 κατάκρισιν.
2862 4575 3093 4647 Ποίησον
3123 4575 3235 4646 οὖν,
3273 4582 3322 4633 εί
3352 4581 3517 4646 δοκεῖ,
3549 4584 3672 4638 κοῦ-

2103 4676 2200 4727 φον
2230 4660 2290 4713 τὸ
2325 4661 2607 4732 σταθμίον,
2643 4666 2694 4716 εί
2714 4682 2799 4719 πω
2823 4665 3000 4735 βούλει
3027 4669 3101 4741 μὴ
3132 4670 3267 4741 πρὸς
3286 4671 3382 4742 τὴν
3412 4675 3672 4746 κατακρί-

2100 4767 2298 4804 νουσαν
2331 4752 2639 4822 πλάστιγγα
2667 4756 2761 4808 καὶ
2803 4757 2902 4820 τὰς
2933 4758 3032 4823 σάς
3054 4761 3280 4832 πράξεις
3309 4764 3673 4837 καθελκυσθῆ-

2101 4858 2212 4906 ναι,
2243 4843 2372 4897 ὅταν
2417 4847 2446 4898 6
2475 4844 2587 4915 βίος
2627 4847 2805 4919 ἡμῶν,
2838 4849 2914 4913 ὡς
2958 4853 3015 4904 ἐν
3040 4850 3207 4923 ζυγῷ,
3247 4858 3311 4925 τῇ
3364 4856 3542 4927 κρίσει
3580 4858 3669 4912 τοῦ

2102 4932 2239 4986 Θεοῦ
2289 4934 2701 5009 ταλαντεύηται.
2738 4940 2903 5012 Σῶμα
2945 4944 3322 5014 περικείμενος
3362 4950 3456 5000 καὶ
3477 4948 3670 5013 διαζῶν

2099 5026 2159 5076 ἐν
2199 5028 2380 5098 σαρκὶ,
2423 5031 2635 5100 μήποτε
2669 5032 2949 5105 ἀπελάσῃς
2974 5036 3067 5089 τοῦ
3111 5035 3226 5105 βίου
3246 5037 3343 5104 τὴν
3366 5040 3473 5092 ἀπὸ
3503 5042 3672 5112 ἰατρι-

2100 5115 2201 5185 κῆς
2221 5117 2532 5189 θεραπείαν.
2568 5121 2685 5175 Κᾶν
2708 5124 2815 5194 γὰρ
2846 5126 2937 5178 ἐπὶ
2962 5125 3208 5180 πλεῖστον
3236 5128 3358 5181 ὅσον
3406 5128 3588 5200 εὐεξίᾳ
3611 5148 3671 5184 τε

2101 5208 2192 5259 καὶ
2215 5207 2374 5280 ὑγεία
2412 5210 2669 5286 συζήσῃς,
2712 5215 2827 5268 ἀλλ’
2852 5217 2949 5287 οὐχ
2978 5217 3149 5282 οὕτως
3194 5219 3519 5285 διατελέσεις
3552 5221 3671 5276 ἀνο-

2103 5312 2215 5360 σος.
2246 5297 2320 5362 ὡς
2349 5300 2405 5352 ἐν
2439 5303 2595 5375 χρείᾳ
2651 5304 2727 5377 μὴ
2769 5306 3020 5374 γενέσθαι
3055 5310 3156 5380 τῆς
3215 5310 3529 5381 ἐπιμελείας
3577 5310 3669 5364 τοῦ

2103 5386 2517 5459 θεραπεύοντος.
2549 5396 2658 5449 Καὶ
2690 5396 2865 5469 ψυχὴν
2888 5398 3024 5468 ἔχων
3048 5400 3508 5473 κατακλινομένην
3539 5404 3672 5473 πρὸς

2101 5478 2171 5533 τὰ
2197 5481 2381 5551 γήϊνα,
2423 5483 2584 5556 ἡνίκα
2615 5485 2680 5541 ἂν
2717 5489 2917 5561 ἑαυτῆς
2967 5489 3350 5563 ἐπιλαθομὲνη,
3403 5492 3511 5548 τῶν
3544 5511 3674 5566 προ-

1657 5673 1677 5703 ¹
1706 5671 1895 5728 Matth.
1927 5689 2022 5741 ιιι,
2051 5675 2099 5729 1.
