3892 6272
203 316 300 372 56!

1018 305 1305 364 HOMILIA
1342 304 1480 359 XIII.
1516 295 1962 359 ADHORTATIO
1999 297 2090 352 AD
2127 297 2651 354 PLENITENTIAM.

3370 299 3478 355 362

204 425 486 485 ο-παθειῶν
517 423 813 496 ἐμπλησθῇ
864 422 960 476 τοῦ
1017 420 1290 494 σώματος,
1337 420 1412 492 μὴ
1446 417 1661 489 ἀναίρει
1706 415 1800 469 τὸν

1911 412 2299 473 affectionibus.
2321 414 2554 471 Proinde
2578 412 2697 469 .noli
2732 413 3161 470 misericordiam
3184 416 3473 487 denegare,

204 525 373 585 ἔλεον,
431 521 523 575 ἴνα
577 517 654 590 μὴ
701 516 1012 589 άμοιρήσῃς
1073 512 1425 586 συγγνώμης,
1469 513 1598 566 ὅταν
1621 508 1798 580 αὐτῆς

203 611 428 681 ἐπιδεὴς
452 610 750 679 καταστῇς.
796 605 998 677 Ἱερεύς
1023 604 1107 667 τίς
1138 606 1277 668 ἐστι,
1311 604 1405 657 καὶ
1440 600 1798 673 ἡγεμονεύειν

204 703 397 773 ἔλαχεν
423 698 522 754 τοῦ
544 696 708 755 λαοῦ’
762 713 824 750 συ
832 694 1060 767 μπαθῶν
1092 694 1276 767 ὁράτω
1311 693 1421 748 τῶν
1446 693 1702 764 ὑπηκόων
1727 691 1798 746 τά

206 792 504 864 πτώματα,
537 789 716 854 εἰδὼς,
738 789 821 842 ὅτι
849 787 951 841 κᾶν
970 789 1004 858 ἡ
1036 786 1192 853 τάξις
1242 785 1336 840 τοῦ
1366 785 1482 857 βίου
1534 782 1799 856 διαφορὰν

204 886 302 956 ἔχῃ
335 885 479 956 πρὸς
527 881 657 945 τοὺς
691 880 940 943 πολλοὺς,
972 877 1109 932 ἀλλὰ
1140 880 1207 947 τῇ
1254 876 1413 947 φύσει
1438 876 1547 931 τῶν
1573 892 1799 946 ποιμαι-

205 974 449 1044 νομένων
483 969 636 1023 ούδὲν
669 968 997 1038 διενήνοχεν
1033 966 1303 1020 κοινωνῶν
1346 965 1405 1018 δὲ
1440 964 1634 1035 αὐτῆς,
1668 964 1799 1028 ἴσως

207 1064 337 1117 ποτὲ
374 1062 698 1132 κοινωνήσει
724 1059 817 1113 κα)⁵
843 1056 1136 1128 πλημμελή
1145 1073 1334 1127 ματος.

273 1153 467 1209 Ταῦτα
480 1153 578 1207 καὶ
598 1150 838 1222 Μωῦσῆς
860 1147 984 1202 ίδὼν
1010 1146 1317 1220 (ἄνθρωπος
1340 1147 1449 1221 γάρ
1472 1148 1559 1219 ἦν,
1588 1148 1681 1203 κα)⁸
1701 1147 1800 1219 τὴν

207 1245 369 1315 φύσιν
383 1242 727 1316 ἐγνώριζεν),
738 1242 828 1295 τὸν
848 1240 1048 1312 μόσχον
1060 1240 1163 1295 ύπὲ
1168 1259 1200 1313 ρ
1211 1241 1306 1294 τοῦ
1326 1241 1518 1313 ἱερέως
1539 1243 1799 1313 ἱερουγεῖ-

209 1337 335 1392 σθαι
367 1336 639 1403 διέταξεν,
676 1335 1062 1407 ἡμαρτηκότος
1093 1334 1315 1397 πάντως
1347 1332 1442 1387 καὶ
1486 1330 1798 1404 καθαρσίων

204 1428 493 1498 δεομένου,
540 1428 639 1481 καὶ
672 1426 952 1482 πλειόνων.
980 1428 1158 1498 Ὅπερ
1201 1427 1261 1479 δὲ
1288 1422 1356 1497 ἧν
1385 1425 1507 1479 τότε
1548 1427 1578 1479 ό
1607 1424 1801 1497 ἐνσαρ-

207 1540 303 1587 κος
337 1522 565 1593 μόσχος,
611 1519 772 1574 τοῦτο
815 1518 912 1575 νῦν
958 1521 1106 1574 ἐστιν
1146 1521 1181 1589 ἠ
1211 1517 1503 1589 ἀσώματος
1562 1516 1801 1589 μεταμέ-

204 1612 352 1675 λεια,
380 1614 482 1666 καὶ⁸
506 1613 542 1682 ἡ
573 1611 912 1683 ἀναίμακτος
935 1610 1122 1682 δέησις
1141 1626 1157 1640 ·
1206 1604 1275 1681 ἧς
1310 1608 1799 1681 ὑψηλολογούμενοι

205 1704 304 1758 καὶ
357 1701 849 1775 μεγαλαυχοῦντες,
891 1702 992 1774 τὴν
1043 1702 1364 1773 εὐεργεσίαν
1399 1703 1474 1774 μὴ
1526 1701 1799 1772 λύσωμεν,

204 1761 553 1859 είδότέςίδτι
579 1761 674 1849 καὶ
706 1761 915 1865 ’Δαρῶν
992 1761 1360 1866 δοκιμώτατος
1382 1761 1559 1865 ἱερεὺς
1582 1792 1661 1864 τῷ
1832 1761 1878 1816 Β

205 1885 472 1957 ζητοῦντι
522 1887 679 1951 θεοὺς
745 1885 1086 1957 συναπήχθη,
1115 1886 1212 1941 καὶ
1242 1884 1383 1957 μετὰ
1422 1886 1522 1955 τῆς
1563 1883 1801 1955 ἀδελφῆς

204 1978 313 2048 τῆς
347 1978 568 2050 Μαρίας
592 1978 735 2032 ἑάλω
763 1978 843 2050 τῷ
879 1977 1178 2049 γογγυσμῷ
1198 1991 1217 2009 ⁸
1244 1978 1340 2031 καὶ
1358 1978 1407 2030 εί
1440 1977 1515 2049 μὴ
1544 1978 1574 2030 ὁ
1598 1993 1804 2045 γογγυα

208 2071 371 2135 cesi;
415 2071 711 2137 ἱκέτευσεν,
763 2071 863 2125 οὐκ
917 2069 985 2124 ἂν
1016 2070 1116 2141 τὴν
1173 2069 1446 2141 τιμωρίαν
1495 2068 1800 2137 διέφευγεν.

211 2162 418 2227 ⁸’Δλλος
445 2162 615 2226 ἐστὶν,
673 2162 773 2232 οὐχ
802 2161 1001 2233 ίερεὺς,
1024 2160 1161 2216 ἀλλὰ
1200 2156 1281 2224 εἷς
1307 2159 1415 2214 τῶν
1439 2159 1670 2224 πολλῶν,
1705 2175 1801 2228 φο⁶

204 2257 426 2312 δείσθω
454 2256 626 2328 βαρὺν
660 2252 963 2307 ἐπιτιθέναι
990 2251 1174 2322 ζυγόν.
1213 2253 1278 2305 Εἰ
1320 2252 1429 2324 γὰρ
1457 2253 1487 2305 ό
1518 2251 1805 2323 καθαίρειν

206 2350 314 2404 τὸν
338 2349 469 2403 λαὸν
496 2346 825 2421 προϐληθεὶς
855 2346 1047 2419 χρῄζει
1075 2345 1390 2417 καθαρσίων
1439 2344 1632 2412 ἐνίοτε,
1659 2346 1712 2399 τί
1736 2344 1803 2400 ἂν

206 2441 385 2498 πάθοι
416 2441 446 2494 ὁ
477 2439 616 2512 μηδὲ
641 2438 742 2510 τῆς
772 2438 1108 2511 χειροτονίας
1134 2437 1272 2508 ἔχων
1304 2437 1403 2510 τὴν
1432 2436 1695 2508 δύναμιν;

289 2706 690 2780 Μιμησώμεθα
714 2704 813 2777 τὴν
849 2703 1214 2777 ποιμαντικὴν
1253 2701 1350 2757 τοῦ
1381 2703 1652 2758 Δεσπότου
1675 2721 1687 2733 ·
1721 2706 1809 2772 ἐγε-

210 2801 491 2871 κύψωμεν
537 2802 650 2865 τοῖς
674 2798 1047 2869 Εὐαγγελίοις,
1103 2797 1200 2850 καὶ
1229 2795 1419 2869 ὥσπερ
1471 2798 1531 2851 ἐν
1559 2797 1808 2868 ἐσόπτρῳ

208 2897 322 2966 τὴν
350 2893 497 2947 ίδέαν
520 2890 925 2962 καταμάθωμεν
977 2888 1080 2959 τῆς
1104 2888 1419 2958 ἐπιμελείας
1446 2906 1505 2942 τε
1542 2889 1640 2942 καὶ
1670 2906 1809 2960 χρη-

213 2988 509 3060 στότητος.
559 2984 751 3039 Βλέπω
777 2981 887 3053 γὰρ
943 2982 1063 3035 ἐκεῖ
1091 2980 1150 3033 ἐν
1205 2978 1539 3051 παραϐολαῖς
1565 2981 1659 3034 καὶ⁹
1696 2983 1810 3043 τοῖς

1900 521 1970 561 ue
2002 506 2215 561 veniam
2240 506 2354 575 ipse
2376 519 2482 559 non
2516 503 2787 569 invenias,
2827 504 3044 572 quando
3072 504 3242 573 ipsam
3269 506 3482 562 deside-

1900 598 2068 653 rabis.
2120 596 2385 651 Sacerdos
2413 602 2499 651 est
2538 594 2758 663 aliquis,
2791 593 3081 664 p0pulique
3107 597 3325 663 regendi
3363 614 3486 653 mu-

1899 706 2004 746 nus
2032 691 2256 746 sortitus
2284 698 2368 744 est
2393 704 2409 741 :
2443 689 2772 757 privatorum
2804 701 2967 743 casus
2991 687 3439 745 commisereatnr
3463 730 3481 756 ,

1903 781 2323 851 meminerilque
2365 795 2446 847 se,
2501 779 2749 849 quamvis
2799 779 3062 848 dignitate
3119 790 3338 850 praestet
3380 781 3479 848 iis,

1900 889 2041 946 quos
2074 874 2338 945 gubernat
2385 888 2451 928 ac
2495 873 2668 943 regit,
2705 884 2952 927 naturam
3012 882 3196 927 tamen
3235 877 3480 931 eamdem

1902 968 2124 1031 habere.
2157 967 2387 1036 ideoque
2419 979 2578 1035 posse
2598 964 2887 1035 aliquando
2912 964 3148 1022 fortasse
3173 967 3227 1022 in
3260 969 3480 1023 eosdem

1900 1073 2118 1115 errores
2147 1057 2403 1112 incidere.

1972 1153 2105 1219 Quae
2138 1167 2261 1206 cum
2296 1150 2510 1221 Moyses
2543 1164 2649 1205 non
2671 1149 2944 1220 ignoraret
2966 1150 3197 1221 (quippe
3224 1160 3280 1206 et
3319 1153 3483 1207 homo

1901 1252 2021 1297 erat
2069 1250 2126 1297 et
2167 1241 2403 1297 hominis
2447 1252 2696 1295 naturam
2742 1252 3080 1311 perSpectam
3124 1253 3180 1297 et
3206 1244 3480 1313 cognitam

1900 1336 2180 1407 habebat),
2218 1334 2519 1396 constituit.
2545 1345 2605 1388 ut
2626 1348 2722 1402 pro
2749 1336 3032 1390 sacerdote
3060 1336 3258 1391 vitulus
3285 1339 3481 1391 immo-

1901 1426 2127 1491 laretur,
2152 1437 2410 1496 peccante
2433 1424 2689 1480 nimirum
2726 1434 2781 1479 et
2807 1426 2922 1495 ipso
2944 1428 3338 1494 expiationibus
3362 1430 3481 1499 plu-

1904 1519 2056 1575 ribus
2095 1520 2391 1589 indigeute.
2429 1518 2585 1587 Quod
2611 1530 2790 1574 autem
2822 1527 2950 1573 tunc
2975 1530 3093 1573 erat
3122 1521 3176 1574 in
3208 1536 3374 1575 carne
3401 1522 3484 1574 vi-

1903 1610 2070 1675 tulus,
2124 1610 2265 1664 idem
2324 1626 2472 1666 nunc
2521 1620 2606 1666 est
2652 1612 2972 1678 incorporea
3032 1613 3368 1681 poenitentia,
3400 1613 3481 1667 in.

1908 1713 2245 1775 cruentaque
2268 1706 2612 1774 deprecatio:
2648 1721 2751 1775 qua
2788 1706 3005 1775 quidem
3050 1706 3347 1760 cavendum
3374 1717 3478 1770 est,

1910 1811 1979 1852 ne
2011 1796 2162 1863 elati,
2195 1796 2597 1867 gloriantesque
2639 1797 3052 1863 humanitatem,
3084 1806 3138 1851 et
3174 1796 3481 1852 beneﬁcen-

1910 1887 2037 1941 tiam
2068 1887 2435 1955 repudiemus,
2466 1902 2590 1941 cnm
2629 1886 2865 1942 sciamus
2910 1887 3091 1942 Aaron
3144 1888 3484 1944 sacerdotem

1906 1976 2053 2030 illum
2083 1977 2553 2048 probatissimum.
2586 1978 2785 2048 popqu
2830 1979 2960 2034 deos
3005 1979 3271 2048 Ilagilattli
3302 1978 3484 2033 indul-

1905 2068 2064 2131 sisse,
2091 2080 2149 2125 et
2198 2079 2400 2126 temere
2426 2070 2714 2125 admodum
2767 2086 3046 2125 murmure
3076 2081 3294 2140 captum
3339 2085 3485 2127 esse.

1906 2158 2060 2225 Quod
2094 2159 2141 2215 si
2199 2160 2266 2227 is,
2305 2159 2397 2229 qui
2444 2171 2899 2225 murmuraverat,
2953 2175 3057 2215 non
3099 2161 3484 2232 supplicasset.

1905 2248 2225 2320 supplicium
2260 2266 2366 2305 non
2398 2250 2682 2305 evasisset.
2705 2249 2859 2304 Alius
2887 2264 3064 2306 autem
3097 2261 3200 2318 est,
3246 2268 3353 2307 non
3393 2268 3485 2308 sa-

1905 2342 2118 2406 cerdos,
2150 2343 2244 2397 sed
2299 2356 2438 2397 uitus
2469 2356 2502 2396 e
2543 2341 2758 2413 populo,
2794 2353 2984 2401 caveat
3013 2359 3079 2400 ne
3102 2345 3319 2413 gravius
3338 2344 3489 2415 judi-

1905 2434 2080 2489 cando
2108 2433 2295 2504 jugnm
2337 2433 2548 2488 subeat.
2593 2432 2728 2487 Nam
2755 2434 2799 2489 si
2849 2436 2895 2489 is
2938 2436 3027 2502 qui
3062 2437 3128 2489 ad
3158 2437 3487 2505 expiandum

1906 2523 2159 2593 populum
2183 2524 2422 2579 delectus
2450 2536 2554 2590 est,
2592 2524 2794 2596 indiget
2825 2525 2939 2595 ipse
2981 2527 3310 2595 expiatione,
3355 2528 3486 2598 quid

1909 2616 2004 2673 lict
2033 2616 2129 2684 illi,
2161 2617 2254 2688 qui
2284 2618 2547 2687 ejusmodi
2574 2633 2767 2673 munus
2790 2635 2893 2675 non
2925 2620 3191 2675 sustinet?

1980 2709 2261 2776 Imitemur
2285 2723 2404 2764 eam
2444 2709 2698 2778 pascendi
2734 2711 3028 2777 rationem,
3081 2727 3189 2782 qua
3226 2713 3489 2769 Dominus

1908 2815 2039 2856 usus
2066 2809 2182 2865 est;
2218 2799 2506 2869 Evangelia
2537 2800 2998 2872 contemplemur;
3023 2803 3204 2873 ibique
3224 2814 3485 2875 tanquam

1910 2891 1964 2945 in
1989 2890 2229 2960 speculo,
2272 2892 2562 2962 diligentia:
2591 2900 2648 2947 et
2689 2893 3039 2961 benignitatis
3073 2898 3490 2966 exennplum-in-

1909 2990 2147 3049 tuentes,
2178 2996 2273 3037 eas
2318 2984 2711 3053 perdiscamus.
2763 2983 2882 3039 Illic
2928 2987 3071 3041 enim
3128 2989 3181 3042 in
3218 2990 3487 3058 parabolis

210 3076 681 3148 ἐπισκιασμένοις
727 3074 836 3128 τῶν
893 3072 1066 3141 λόγων
1120 3071 1293 3143 ἄνδρα
1335 3072 1566 3142 ποιμένα
1613 3071 1801 3126 ἑκατὸν

1915 3075 2355 3145 adnmbratisque
2377 3078 2717 3133 sermonibus
2742 3077 2899 3132 video
2926 3089 3140 3135 centum
3173 3084 3354 3137 ovium
3384 3085 3486 3138 ho-

213 3173 548 3244 προῦάτων·
586 3168 646 3233 ὃς
699 3166 820 3231 ἐνὸς
877 3166 1190 3238 θρέμματος
1239 3164 1656 3236 άποσχισθέντος
1704 3166 1804 3236 τῆς

210 3264 428 3334 ἀγέλης
456 3261 554 3315 καλ⁸
581 3258 951 3327 πλανωμένου,
989 3258 1050 3310 ού
1087 3260 1200 3319 τοῖς
1232 3257 1291 3309 ἐν
1319 3255 1470 3320 τάξει
1503 3256 1598 3309 καὶ
1626 3256 1804 3310 ἁπλα-

210 3358 329 3420 νῶς
352 3351 671 3425 νεμομένοις
708 3352 1034 3422 παρέμεινεν
1057 3366 1072 3380 ο
1108 3349 1222 3403 ἀλλ’
1271 3349 1523 3419 ὁρμήσας
1566 3349 1657 3401 ἐπὶ
1707 3350 1806 3417 τὴν

213 3449 474 3518 ζήτησιν,
515 3440 717 3505 πολλὰς
748 3442 847 3510 μὲν
873 3440 1125 3494 διώδευσε
1156 3438 1469 3509 κοιλότητάς
1489 3456 1548 3493 τε
1587 3440 1680 3493 καὶ
1711 3440 1809 3509 φά.

218 3552 461 3610 ραγγας,
500 3534 749 3604 μεγάλων
771 3532 831 3587 δὲ
865 3533 958 3586 καὶ
986 3530 1204 3603 ὑψηλῶν
1233 3531 1577 3603 ὑπερηνέχθη
1611 3532 1807 3585 σκοπέ-

213 3632 352 3694 λων,
395 3628 491 3682 καὶ
541 3628 661 3689 ταῖς
695 3625 949 3698 ἐρημίαις
999 3624 1283 3695 καρτερῶς
1332 3624 1684 3696 ἐνεμόχθησε,
1710 3626 1808 3696 μὲ-

214 3739 347 3794 χρις
405 3720 476 3774 ἂν
499 3712 685 3789 ηὗρεν.
726 3716 912 3790 Εύρὼν
935 3717 992 3770 δὲ
1032 3719 1132 3771 οὐκ
1162 3716 1409 3787 ἐπληξεν,
1444 3719 1506 3771 ού
1548 3718 1653 3789 μὴν
1688 3717 1807 3770 οὐδὲ

216 3813 427 3883 ῆλασεν
459 3807 703 3881 σφοδρῶς
725 3806 958 3876 ἐπείγων
984 3808 1118 3880 πρὸς
1150 3807 1249 3878 τὴν
1280 3807 1513 3877 ἀγέλην·
1552 3807 1665 3862 ἀλλ’
1697 3809 1808 3860 ἐπι-

217 3902 339 3966 θεὶς
368 3901 450 3971 τῷ
485 3899 672 3970 αὐχένι
710 3899 804 3952 καὶ
843 3899 1077 3969 κομίσας
1112 3900 1249 3970 μετὰ
1277 3898 1512 3966 φειδοῦς,
1535 3900 1648 3961 τοῖς
1692 3915 1809 3951 συν-

216 3994 413 4064 νόμοις
441 3990 904 4061 ἁπεκατέστησεν,
940 3991 1147 4061 χαίρων
1199 3992 1286 4043 ἐπ’
1308 3990 1501 4060 ἐκείνῳ
1539 3988 1720 4055 πλέον,
1770 3991 1803 4060 ἢ

215 4086 300 4156 τῷ
327 4083 527 4154 πλήθει
566 4082 674 4136 τῶν
697 4081 892 4137 ἄλλων.
952 4084 1251 4154 Νοήσωμεν
1280 4084 1458 4137 τοίνυν
1489 4082 1550 4137 τὸ
1579 4083 1808 4153 πρᾶγμα

219 4181 287 4233 τὸ
312 4182 428 4244 τοῖς
460 4180 776 4251 αἰνίγμασιν
804 4179 1245 4251 ἐγκρυπτόμενον
1262 4197 1275 4210 ·
1313 4180 1375 4233 τὸ
1401 4181 1510 4250 γὰρ
1537 4180 1807 4251 πρόϐατον

218 4274 327 4325 οὐκ
363 4272 538 4336 ὅντως
580 4271 852 4343 πρόϐατον
874 4288 889 4303 ο
927 4273 1022 4325 καὶ
1053 4274 1081 4325 ό
1112 4271 1314 4344 ποιμὴν
1341 4271 1398 4325 δὲ
1437 4272 1654 4334 πάντως
1680 4269 1809 4325 ἄλλο

219 4379 302 4425 τι,
329 4362 392 4415 ού
434 4362 543 4434 μὴν
579 4364 609 4416 ό
652 4362 760 4417 τῶν
791 4363 1001 4432 ἀλόγων
1025 4361 1255 4433 νομεύςο
1287 4363 1402 4416 ἀλλ’
1428 4357 1575 4415 ἔστιν
1607 4362 1807 4415 ὑποδεί-

220 4468 417 4525 γματα
442 4452 616 4507 ταῦτα
652 4455 763 4506 τῶν
818 4454 1006 4523 ἱερέων
1042 4454 1361 4508 παιδευτικά
1383 4470 1399 4486 ·
1446 4454 1530 4506 ἴνα
1558 4453 1667 4506 τῶν
1719 4453 1807 4508 άν-
1837 4441 1880 4497 ί)

220 4540 465 4615 θρὼπων
492 4543 631 4613 μήτε
668 4541 971 4613 προχείρως
997 4541 1402 4613 ἀπελπίζωμεν,
1432 4542 1566 4613 μήτε
1601 4545 1803 4614 καταρ-

221 4631 565 4706 ρᾳθυμῶμεν
589 4631 1021 4686 κινδυνευόντων.
1052 4633 1312 4705 Ζητῶμεν
1337 4633 1396 4687 δὲ
1433 4634 1527 4687 τὸν
1555 4633 1799 4706 ἐμπαθῆ,

219 4727 322 4780 καὶ
346 4726 713 4795 ἐπανάγωμεν
738 4726 819 4789 εἰς
863 4725 1039 4792 τάξιν,
1086 4725 1180 4779 καὶ
1208 4725 1480 4799 χαίρωμεν
1507 4730 1621 4791 τοῖς
1646 4728 1803 4801 στρέ-

219 4835 439 4889 φουσιν,
472 4818 569 4872 καὶ
587 4816 669 4888 τῷ
691 4816 1019 4891 πληρώματι
1040 4818 1152 4873 τῶν
1182 4818 1357 4890 ὀρθῶς
1380 4818 1635 4890 βιούντων
1667 4821 1801 4876 ἁνα-

220 4909 566 4982 μιγνύωμεν.

1910 3169 2111 3224 miuem
2142 3179 2414 3237 pastorem
2464 3167 2486 3200 ³
2509 3211 2525 3233 ,
2564 3169 2655 3237 qui
2704 3185 2826 3223 cum
2859 3170 3069 3225 illarum
3106 3188 3212 3227 una
3245 3187 3274 3226 a
3322 3189 3488 3245 grege

1906 3262 2269 3325 discessisset,
2306 3270 2359 3316 et
2402 3263 2710 3317 errabunda
2761 3274 3083 3333 vagaretur,
3141 3281 3247 3320 non
3284 3269 3486 3322 mansit

1908 3368 2030 3407 cum
2070 3352 2196 3419 illis,
2229 3368 2350 3422 qua:
2381 3362 2660 3407 servantes
2690 3355 2934 3409 ordinem
2978 3354 3365 3424 pascebantur;
3390 3357 3486 3411 sed

1907 3446 1975 3498 ad
2024 3459 2142 3498 eam
2184 3445 2566 3513 requirendam
2617 3444 2910 3513 prolectus,
2944 3446 3143 3501 multas
3186 3446 3351 3502 valles
3378 3448 3487 3502 sal-

1909 3546 2102 3607 tusque
2146 3536 2461 3604 superavit,
2517 3550 2745 3605 magnos
2805 3547 2967 3604 atque
3014 3538 3213 3592 arduos
3273 3548 3486 3594 montes

1910 3628 2261 3689 transcendit,
2295 3626 2347 3680 in
2384 3626 2763 3682 solitudinibus
2790 3630 3134 3697 peragrando
3172 3628 3337 3684 multo
3361 3645 3483 3684 cum

1909 3717 2095 3774 labore
2132 3718 2317 3773 tandiu
2372 3717 2779 3787 pervestigavil,
2824 3717 2995 3772 donec
3020 3729 3292 3775 errantem
3335 3721 3485 3776 inve-

1914 3812 2017 3865 nit.
2047 3811 2326 3865 Inventam
2360 3819 2541 3864 autem
2588 3826 2696 3864 non
2743 3809 3069 3876 verberavit,
3101 3827 3200 3867 nec
3245 3817 3487 3881 urgendo

1909 3903 2282 3957 vehementius
2304 3900 2371 3955 ad
2410 3916 2626 3973 gregem
2659 3903 2939 3973 compulit,
2982 3904 3076 3958 sed
3109 3904 3349 3960 humeris
3374 3906 3486 3959 suis

1909 3993 2237 4063 impositam,
2268 3999 2321 4046 et
2350 3992 2543 4047 leniter
2572 4001 2861 4048 tractatam
2894 3996 2959 4047 ad
2980 4009 3194 4064 gregem
3228 4005 3483 4066 gestavn.,

1909 4088 2171 4158 majorem
2207 4101 2273 4142 ex
2304 4102 2408 4139 una
2443 4084 2532 4140 illa
2578 4086 2822 4150 inventa,
2860 4101 3021 4155 quam
3062 4101 3126 4141 ex
3158 4088 3483 4157 reliquarum

1909 4178 2278 4242 multitudine,
2329 4178 2570 4232 Iaatitiam
2623 4177 2947 4246 percipiens.
2988 4175 3124 4231 Rem
3153 4178 3486 4234 obscuritate

1909 4272 2275 4326 similitudinis
2296 4270 2633 4333 obvolutam,
2677 4278 2842 4338 atque
2875 4267 3206 4323 reconditam
3236 4268 3486 4323 conside-

1913 4380 2112 4420 remus.
2139 4362 2269 4419 Ovis
2311 4365 2428 4417 hmc
2460 4378 2564 4416 non
2594 4376 2749 4416 ovem
2780 4360 3022 4423 omnino,
3050 4375 3149 4415 nec
3181 4369 3369 4428 pastor
3395 4360 3485 4415 ille

1910 4454 2068 4523 plane
2099 4464 2391 4522 pastorem,
2435 4455 2529 4507 sed
2577 4452 2724 4506 aliud
2758 4450 3013 4520 quiddam
3044 4450 3335 4521 signiﬁcat.
3390 4451 3486 4507 llis

1909 4544 2171 4614 exemplis
2209 4558 2379 4600 sacrae
2407 4558 2494 4609 res
2521 4544 2886 4599 continentur.
2924 4540 3033 4598 Nos
3069 4544 3215 4598 enim
3242 4558 3485 4597 commo-

1911 4648 2061 4703 nent,
2114 4651 2182 4691 ne
2223 4636 2472 4691 homines
2508 4646 2609 4704 pro
2670 4633 2897 4704 perditis
2932 4648 2997 4689 ac
3031 4632 3334 4703 desperatis
3384 4636 3485 4688 ha-

1909 4731 2153 4795 beamus,
2183 4744 2318 4784 neve
2348 4743 2443 4783 eos
2463 4728 2517 4781 in
2540 4724 2797 4795 periculis
2824 4735 3104 4781 versantes
3126 4723 3483 4795 negligamus.

1911 4832 2004 4879 aut
2030 4837 2225 4894 segnes
2253 4820 2422 4876 simus
2451 4819 2517 4871 ad
2570 4816 2852 4875 ferendum
2883 4816 3163 4878 auxilium,
3197 4819 3293 4871 sed
3326 4829 3421 4869 eos
3453 4833 3483 4868 a

1911 4928 2066 4973 recta
2098 4913 2308 4968 vivendi
2341 4911 2551 4965 ratione
2577 4909 2942 4973 deﬂecteutes,
2965 4919 3020 4963 et
3048 4918 3297 4962 errantes
3317 4908 3480 4962 redu-

218 5019 412 5061 camus
443 5004 497 5058 in
532 5003 675 5059 viam
697 5045 714 5072 ,
750 5019 1045 5076 eorumque
1083 5005 1336 5062 Imtemur
1392 5007 1599 5075 reditu,
1644 5021 1801 5084 atque

1911 5029 1986 5073 sos
2013 5028 2137 5069 cum
2169 5012 2308 5068 bene
2347 5007 2542 5080 pieque
2612 5005 2908 5061 viventium
2980 5002 3321 5058 multitudine
3352 5017 3487 5059 con-

210 5101 535 5172 jungamns.

304 5191 433 5243 Ἐπὶ
489 5190 743 5245 τοσοῦτον
792 5191 848 5245 δὲ
897 5193 988 5249 τὸν
1030 5194 1179 5265 ἱερέα
1218 5194 1492 5265 προσῆκεν
1543 5197 1665 5250 ἀντὶ
1705 5197 1804 5269 τῆς

214 5282 531 5353 ἁποτομίας
576 5283 677 5355 τὴν
723 5282 1128 5355 φιλανθρωπίαν
1174 5285 1385 5351 ἀσκεῖν,
1432 5285 1571 5339 ὥστε
1627 5286 1729 5341 κᾶν
1777 5291 1806 5343 ό

213 5373 503 5444 Δεσπότης
558 5374 845 5429 ἐκκόπτειν
883 5375 1078 5448 κελεύῃ
1137 5376 1385 5454 τινάηὼς
1429 5379 1595 5448 φυτὸν
1628 5378 1803 5454 ἄχρη-

1986 5196 2118 5251 'l‘am
2152 5192 2361 5246 alienus
2410 5195 2594 5242 autem
2635 5204 2663 5241 a
2696 5186 2933 5242 cardeudi
2979 5184 3275 5240 acerbitate
3300 5196 3481 5241 sacer-

1911 5287 2012 5343 dos
2042 5298 2163 5340 essc
2191 5282 2375 5342 debet.
2421 5290 2674 5346 tanquam
2718 5285 3001 5347 promptus
3046 5288 3099 5330 et
3150 5283 3372 5344 paratus
3414 5277 3482 5327 ad

1910 5376 2260 5436 excolendam
2290 5372 2704 5432 humanitatem,
2729 5378 2809 5435 ut,
2835 5367 3050 5423 etiamsi
3084 5365 3345 5422 Dominus
3381 5364 3481 5418 ali-

219 5478 370 5528 στον,
401 5465 568 5520 αὑτὸν
596 5464 673 5529 ὡς
718 5465 1020 5536 φυτοκόμον
1079 5467 1250 5521 αίτείν
1273 5466 1352 5521 δεῖ
1383 5467 1482 5540 τὴν
1523 5467 1689 5538 φειδὼ
1714 5470 1801 5524 καὶ

1911 5482 2094 5537 quem,
2127 5466 2204 5521 uti
2232 5464 2468 5536 plantam
2501 5462 2772 5527 inutilem,
2795 5459 3113 5516 exscindere
3134 5456 3342 5527 iubeat,
3365 5454 3481 5523 ipse

217 5556 538 5629 ὑπέρθεσιν.
598 5556 798 5613 Τοῦτον
855 5557 964 5629 γὰρ
1013 5560 1147 5631 ἡμῖν
1198 5561 1499 5632 παρίστησι
1538 5561 1628 5615 τὸν
1683 5560 1810 5615 νοῦν

292 5763 315 5795 ³
347 5761 487 5818 Luc.
520 5774 610 5823 xv,
632 5759 666 5812 4
693 5772 814 5828 sqq.

545 5861 819 5922 Parnm.
866 5856 984 5919 Gn.
1030 5855 1158 5920 XL.

1914 5569 2173 5631 tanquam
2209 5556 2403 5614 insitor
2435 5556 2629 5613 debeat
2661 5551 2987 5624 supplicare,
3015 5558 3075 5607 ut
3106 5547 3347 5617 ignoscat
3381 5560 3477 5617 pa-

3089 5838 3167 5902 12
