3892 6272
374 292 482 359 563

1653 292 1713 349 S.
1751 286 2030 350 ASTERII
2070 289 2375 349 AMASENI

3532 302 3645 360 5M

376 425 595 484 rumper
615 420 670 468 et
685 411 1010 469 sententiam
1030 406 1262 465 diﬂerat.
1296 408 1385 462 Sic
1401 407 1545 461 enim
1569 413 1753 460 nionet
1779 403 1957 459 oratio

2068 402 2157 473 τῆς
2182 404 2436 477 ἀκάρπου
2491 405 2661 477 συκῆς
2707 406 2735 459 ὁ
2756 405 2940 477 λόγος·
2963 407 3031 480 ἢν
3058 407 3342 480 ἐκτέμνειν
3400 409 3650 480 θέλοντος

314 536 332 580 ι
375 506 464 558 illa
489 504 556 559 de
600 502 706 557 ilcu
723 502 766 571 ⁸,
789 518 953 572 quam
995 501 1072 556 uti
1121 498 1361 555 sterilem
1393 511 1517 552 cum
1556 494 1815 551 Dominus
1853 491 1959 547 vel-

348 580 455 649 'let
489 592 807 657 concidere,
829 601 951 647 orat
980 586 1242 660 agricola,
1267 585 1419 642 utilli
1451 583 1719 655 paulisper
1748 589 1957 652 parcat,

342 693 435 764 θυι
466 697 677 738 moram
709 681 951 751 aliquam
983 680 1296 746 interponat
1332 694 1346 730 :
1384 674 1591 745 aliquid
1620 673 1763 730 enim
1806 672 1960 728 bona:

344 773 493 842 'spei
547 776 603 829 ln
649 772 927 843 diligentia
962 784 1059 825 sua
1111 769 1378 839 reliquum
1434 782 1575 824 esse.
1633 764 1755 822 Noli
1793 766 1957 837 igitur

379 879 500 921 esse
571 873 677 919 tam
732 862 909 917 facilis
954 862 1021 916 ad
1076 858 1481 931 amputandum,
1528 866 1584 914 et
1631 858 1957 913 exscinden-

380 959 530 1020 dum,
565 966 644 1021 tu,
682 955 775 1025 qui
809 952 1119 1018 Dominum,
1157 966 1226 1007 ne
1287 951 1339 1006 id
1389 948 1569 1016 iaciat,
1607 949 1770 1005 debes
1803 948 1959 1003 obse-

380 1062 557 1115 crare,
616 1062 790 1117 neque
856 1055 963 1100 tam
1023 1043 1271 1101 celeriter
1327 1040 1720 1111 desperandum
1775 1039 1962 1095 existi-

382 1156 493 1196 ma.
533 1128 876 1211 Diligentiam
937 1136 1230 1199 adhibeto,
1282 1131 1799 1205 reprehensionibus
1847 1131 1960 1186 cir-

382 1230 711 1296 curnl‘odito,
762 1228 1229 1285 cohortationibus
1280 1225 1484 1290 foveto,
1513 1234 1769 1295 tanquam
1800 1222 1958 1288 (imo;

382 1328 856 1387 documentorum,
883 1321 1038 1391 quasi
1060 1334 1328 1390 aquarum
1359 1317 1513 1388 copia
1542 1317 1804 1387 irrigato;
1831 1330 1960 1385 pras-

382 1416 577 1485 ceptis,
606 1423 666 1469 ut
689 1413 830 1469 vallo
870 1412 1227 1467 communito.
1271 1408 1448 1465 Tuum
1480 1419 1624 1474 esto,
1643 1408 1858 1478 placare
1874 1407 1963 1475 ju-

384 1509 525 1565 dicis
571 1508 834 1562 animum.
885 1504 1085 1559 Demus
1119 1517 1359 1573 operam,
1402 1510 1460 1557 ut
1492 1501 1681 1557 eodem
1712 1500 1960 1565 nomine,

382 1614 490 1669 quo
523 1596 803 1660 Dominus,
836 1593 1173 1664 appellemur
1204 1611 1219 1647 :
1248 1591 1297 1647 is
1324 1592 1470 1647 enim
1495 1591 1696 1647 dicitur
1712 1590 1963 1647 consola-

383 1699 491 1755 tor,
521 1689 647 1745 dum
676 1686 954 1742 hominum
979 1684 1168 1755 generi
1199 1683 1412 1739 Patrem
1445 1683 1733 1753 propitium
1766 1682 1961 1737 reddit.

2060 492 2155 547 τοῦ
2178 494 2386 567 Κυρίου
2439 496 2528 551 διά
2556 497 2657 569 τὴν
2706 498 3007 570 ἀκαρπίαν,
3036 501 3068 553 ὁ
3092 500 3337 572 γεωργὸς
3388 504 3645 570 ἱκετεύει,

2062 587 2157 640 καὶ
2208 588 2476 661 ἀναϐολὴν
2516 591 2659 643 αίτεῖ
2711 592 2808 644 καὶ
2840 590 3159 662 ὑπέρθεσιν,
3212 592 3435 659 ἐλπίδας
3494 596 3649 668 αὐτῷ

2060 679 2305 750 χρηστὰς
2341 680 2636 735 ὑποτείνων
2664 680 2756 735 διά
2812 682 2912 753 τῆς
2947 683 3154 745 οἰκείας
3182 685 3519 756 ἐπιμελείας.
3550 689 3646 762 Μὴ

2061 770 2239 825 τοίνυν
2258 771 2426 825 κόπτε
2456 772 2781 845 προχείρως,
2812 775 2841 827 ὁ
2868 774 2968 846 τὴν
3004 777 3178 849 τομὴν
3204 777 3358 849 παρά
3406 779 3501 832 τοῦ
3525 780 3644 833 Κυ-

2064 863 2181 935 ρίου
2206 865 2556 936 ἐπαγομένην
2613 866 2844 922 κωλύειν
2876 868 3129 937 ὀφείλων,
3174 869 3309 940 μήδὲ
3340 871 3647 939 καταγινω-

2064 972 2163 1010 σκε
2193 956 2402 1028 ταχέως
2456 958 2554 1029 τὴν
2611 958 2946 1031 ἀχρηστείαν
2964 976 2978 990 '
3004 960 3117 1013 ἀλλ’
3142 962 3361 1016 ἐκπόνει
3388 962 3487 1033 τὴν
3519 962 3645 1014 ὲπι-

2066 1045 2307 1116 μέλειαν.
2368 1046 2586 1101 Σκάπτε
2618 1051 2733 1110 τοῖς
2779 1048 3056 1121 ἐλέγχοιςο
3119 1050 3291 1105 θάλπε
3320 1050 3398 1113 ὡς
3451 1051 3651 1122 κόπρῳ

2060 1140 2182 1201 ταῖς
2211 1139 2646 1212 παρακλήσεσιν·
2675 1139 2862 1205 πότιζε
2880 1144 2947 1211 τῇ
2978 1141 3237 1214 ἐπιρροίᾳ.
3253 1141 3361 1196 τῶν
3390 1142 3649 1213 μαθημά-

2062 1245 2171 1283 των
2187 1246 2200 1260 ·
2221 1230 2564 1303 περίφρασσε
2587 1234 2700 1295 τοῖς
2717 1232 3175 1303 προφυλακτικοῖς
3190 1233 3300 1286 τῶν
3329 1234 3647 1305 παραγγελ-

2067 1320 2251 1392 μάτων
2278 1321 2354 1385 ὡς
2413 1319 2795 1394 χαρακώματι.
2829 1324 2927 1377 Σὸν
2973 1325 3091 1376 ἐστι
3120 1323 3184 1376 τὸ
3234 1324 3645 1402 παραιτεῖσθαι,

2062 1409 2157 1464 τοῦ
2179 1410 2369 1482 κριτοῦ
2392 1412 2455 1464 τὸ
2480 1410 2721 1477 δικάζειν
2745 1427 2760 1441 °
2812 1414 2991 1467 έκεῖνο
3028 1412 3291 1484 κληθῆναι
3332 1414 3647 1468 σπουδάσωο

2069 1519 2187 1574 μεν,
2216 1502 2246 1555 ὃ
2291 1502 2511 1573 λέγεται
2541 1504 2638 1557 καὶ
2663 1506 2692 1557 ὁ
2720 1503 2953 1576 Κύριοςο
3005 1505 3358 1578 Παράκλητος
3385 1505 3493 1577 γάρ
3529 1506 3651 1558 ὀνο-

2069 1594 2297 1667 μάζεται
2354 1594 2498 1668 ὑπὲρ
2559 1594 2653 1651 τοῦ
2688 1597 2880 1666 γένους
2910 1596 3021 1650 τῶν
3057 1597 3379 1669 ἀνθρώπων,
3410 1598 3501 1650 τὸν
3534 1598 3650 1649 Πα-

2066 1685 2199 1755 τέρα
2220 1686 2619 1757 ὲξιλεούμενος·
2668 1687 2868 1759 ὁμοίως
2896 1688 2989 1742 καὶ
3037 1689 3098 1742 τὸ
3121 1687 3345 1759 Πνεῦμα
3388 1688 3487 1759 τῆς
3513 1688 3649 1759 ἀλη-

384 1781 504 1849 Qtto
533 1779 750 1850 quidem
784 1776 1005 1833 nomine
1032 1785 1258 1832 vocatur
1283 1775 1445 1830 etiam
1465 1774 1552 1830 ille
1574 1773 1819 1829 veritatis
1838 1771 1962 1841 Spi-

2068 1778 2234 1842 θείας,
2257 1778 2358 1850 τὴν
2385 1778 2526 1850 ὑπὲρ
2554 1778 2713 1851 ήμῶν
2759 1780 2995 1851 σπουδὴν
3022 1778 3215 1833 ἔλαϐεν
3237 1779 3425 1850 ὄνομα.
3459 1781 3649 1850 Παρά‹

383 1874 542 1937 ritus,
574 1885 674 1942 pro
706 1885 805 1927 suo
831 1886 958 1942 erga
995 1884 1094 1925 nos
1144 1868 1325 1923 studio
1355 1876 1519 1937 atque
1565 1866 1958 1925 benevolentia.

383 1965 512 2021 Haec
534 1976 719 2020 autem
768 1962 1168 2034 deprecationis
1200 1969 1256 2018 et
1285 1960 1673 2018 consolationis
1713 1976 1961 2023 munera,

386 2072 482 2127 pro
515 2056 895 2127 peccatoribus
928 2053 1308 2123 suscipiuntur
1344 2052 1590 2118 omnino,
1634 2068 1740 2108 non
1776 2067 1875 2123 pro
1898 2053 1965 2107 iis

382 2148 475 2217 qui
529 2157 659 2204 sunt
700 2148 1024 2203 innocentes
1056 2154 1112 2202 et
1155 2144 1316 2202 nullis
1364 2144 1689 2200 criminibus
1717 2145 1961 2200 obnoxii.

382 2239 548 2294 Hosis
590 2254 801 2304 curam,
852 2238 1143 2303 sacerdos,
1173 2246 1227 2292 et
1273 2235 1689 2293 sollicitudinem
1725 2234 1963 2290 imitare.

382 2328 605 2386 Imitare
633 2330 778 2386 illius
797 2344 928 2401 erga
962 2329 1219 2401 populum
1245 2328 1415 2383 animi
1449 2326 1792 2383 aﬂ‘ectionem
1825 2341 1842 2380 :
1874 2326 1965 2395 qui

384 2421 557 2477 Deum
581 2422 901 2487 obsecrans,
921 2434 992 2477 ne
1016 2420 1211 2491 populo
1249 2419 1342 2491 qui
1366 2428 1685 2490 peccaverat
1709 2420 1969 2474 irascere-

383 2522 491 2576 tur,
514 2526 637 2567 cum
676 2524 793 2567 rem
823 2510 1036 2582 longius
1057 2510 1202 2576 duci,
1227 2525 1327 2567 nec
1342 2510 1442 2566 sibi
1465 2510 1542 2579 id,
1558 2510 1701 2581 quod
1725 2510 1965 2580 petebat,

385 2601 616 2658 concedi
653 2601 1136 2666 animadverteret,
1167 2599 1527 2671 supplicabat,
1552 2609 1611 2654 ut
1639 2598 1740 2655 sibi
1771 2597 1965 2655 saltem

386 2692 597 2758 liceret,
629 2701 756 2749 ante
795 2691 1079 2756 decedere,
1121 2705 1191 2746 ne
1234 2706 1443 2755 eorum,
1475 2703 1614 2760 quos
1658 2697 1880 2761 paverat
1912 2695 1967 2742 et

386 2784 719 2855 gubernarat
738 2822 755 2850 ,
783 2776 1061 2839 interitum
1089 2791 1380 2854 spectaret.
1406 2779 1513 2836 Sed
1536 2794 1713 2851 opera:
1732 2780 1965 2851 pretium

385 2884 495 2941 est,
520 2882 582 2930 ut
611 2872 777 2930 verba
800 2872 969 2943 ipsius
992 2873 1045 2929 in
1075 2872 1312 2929 medium
1338 2869 1627 2928 aderamus
1657 2912 1673 2926 .
1701 2869 1963 2940 Obsecro,

387 2965 584 3036 inquit,
600 2965 846 3036 peccavit
859 2963 1088 3036 populus
1107 2974 1388 3035 peccatum
1406 2979 1678 3036 magnum,
1695 2962 1967 3019 fecerunt-

388 3073 495 3129 que
523 3058 628 3115 sibi
661 3058 794 3115 deos
823 3072 1040 3114 aureos.
1082 3056 1147 3111 Et
1175 3072 1320 3113 nunc
1346 3058 1393 3112 si
1419 3055 1695 3112 dimittitis
1717 3056 1797 3112 eis
1839 3071 1967 3127 pec-

387 3157 567 3204 catum
594 3149 720 3217 hoc,
737 3149 948 3205 dimitte
978 3166 994 3203 :
1020 3145 1081 3204 Si
1105 3147 1302 3213 minus,
1324 3147 1440 3203 dele
1454 3164 1536 3202 me
1555 3151 1619 3202 de
1643 3146 1798 3211 libro,
1814 3163 1970 3217 quem

386 3241 711 3311 scripsisti“.
738 3240 952 3308 Cernis,
987 3240 1259 3311 quomodo
1283 3239 1513 3310 propria:
1543 3238 1773 3294 salutem
1800 3237 1973 3293 multi-

389 3330 593 3386 tudinis
642 3331 941 3399 anteponit,
976 3330 1063 3385 cui
1111 3329 1215 3385 nisi
1259 3330 1515 3398 impetrat
1573 3327 1968 3398 impunitatein,

387 3419 596 3489 llagitat
626 3428 685 3474 ut
713 3419 832 3490 ipse
864 3418 1147 3474 deleatur?
1183 3417 1338 3473 Nunc
1361 3428 1541 3473 autem
1591 3416 1684 3487 qui
1722 3416 1973 3471 acerbio-

387 3525 478 3566 res
520 3524 580 3566 se
627 3510 1005 3580 peccatoribus
1060 3517 1341 3580 praestant,
1370 3522 1465 3564 eos
1496 3510 1564 3564 ad
1612 3522 1672 3564 se
1719 3511 1973 3564 acceden-

390 3611 472 3656 tes
526 3600 865 3670 propellunt,
917 3600 1188 3669 supplices
1217 3609 1626 3669 prostratosque
1669 3599 1904 3671 fugiunt,
1938 3615 1969 3654 a

388 3688 816 3761 lacrymantibus
841 3690 1028 3745 oculos
1054 3697 1354 3755 removent,
1383 3696 1439 3744 et
1459 3704 1518 3744 se
1542 3698 1682 3745 totos
1699 3698 1967 3745 avertunt.

459 3776 570 3833 Cur
640 3778 803 3849 igitur
858 3779 989 3833 inihi
1033 3777 1229 3845 Lucas,
1265 3778 1374 3834 imo
1418 3794 1545 3833 vero
1576 3777 1809 3849 Spiritus
1842 3794 1973 3834 san-

387 3880 508 3927 ctus
534 3870 822 3940 descripsit
850 3870 1017 3925 lilium
1049 3871 1331 3943 prodigum
1359 3871 1402 3937 ⁸,
1448 3873 1539 3941 qui
1585 3873 1830 3943 primum;
1855 3872 1968 3927 dis-

387 3977 549 4035 cessu
573 3977 672 4020 suo
712 3962 1008 4033 ignominia
1037 3971 1245 4035 patrem
1280 3962 1481 4030 ail‘ecit,
1511 3966 1704 4021 deinde
1729 3966 1970 4035 volupta-

390 4055 537 4112 tibus
563 4056 921 4126 ebrietatique
973 4054 1210 4121 deditus,
1243 4065 1298 4110 et
1330 4054 1656 4111 feminarum
1694 4057 1970 4111 amorilms

387 4156 599 4217 captus,
632 4155 889 4219 paternas
930 4161 1121 4203 omnes
1168 4146 1388 4203 divitias
1433 4147 1750 4218 dilapidavit
1807 4156 1969 4217 atque

386 4239 674 4296 exhausit?
696 4239 825 4294 Post
853 4247 1033 4294 autem
1082 4238 1274 4305 multo,
1306 4254 1428 4294 cum
1465 4239 1597 4294 satis
1635 4239 1742 4310 jam
1778 4239 1830 4294 in
1864 4240 1966 4293 mi-

386 4330 531 4386 seria
561 4340 812 4389 versatus
843 4341 1010 4398 esset,
1046 4332 1182 4389 adeo
1204 4340 1262 4388 ut
1292 4332 1549 4389 subulcus
1569 4332 1794 4388 etl‘ectns
1821 4348 1968 4386 mer-

2067 1871 2262 1943 κλητος
2288 1870 2398 1941 γὰρ
2431 1871 2652 1925 κάκεῖνο
2681 1871 2896 1940 λέγεται
2922 1888 2937 1903 ·
2973 1871 3236 1943 πρεσϐεία
3268 1870 3326 1924 δὲ
3351 1871 3445 1924 καὶ
3466 1869 3647 1940 παρὰ·-

2067 1962 2257 2033 κλησις
2277 1962 2417 2033 ὑπὲρ
2448 1961 2557 2015 τῶν
2586 1962 2984 2033 ἡμαρτηκότων
3019 1962 3234 2026 πάντως
3266 1960 3649 2026 σπουδάζεται,

2065 2054 2125 2108 οὐ
2159 2052 2266 2126 μὴν
2291 2052 2398 2107 τῶν
2427 2052 2733 2108 ἀνευθύνων
2762 2054 2857 2107 καὶ
2888 2053 3256 2123 ἀνεγκλήτων.
3317 2053 3589 2123 Ζήλωσον,
3616 2056 3654 2107 ὁ

2070 2145 2270 2217 ἱερεὺς,
2296 2144 2357 2198 τὸ
2405 2143 2762 2217 κηδεμονικὸν
2792 2142 2888 2197 τοῦ
2948 2144 3191 2208 Μωσέως
3210 2159 3225 2173 ’
3254 2143 3491 2215 μίμησαι
3544 2144 3650 2215 τὴν

2067 2238 2275 2292 ἐκείνου
2301 2238 2430 2308 περὶ
2482 2239 2609 2309 τοὺς
2633 2235 2969 2309 ἀρχομένους
2996 2236 3265 2289 διάθεσιν·
3303 2236 3362 2301 ὃς
3389 2253 3656 2308 παρακα-

2067 2330 2174 2383 λῶν
2218 2330 2311 2384 τὸν
2364 2329 2518 2396 Θεὸν,
2566 2329 2654 2382 ἵνα
2696 2330 2770 2400 μὴ
2806 2328 3045 2400 δυσμενῆ
3076 2328 3153 2400 τῷ
3188 2328 3302 2399 λαῷ
3323 2328 3649 2400 πλημμελή-

2069 2439 2245 2489 σαντι,
2275 2422 2461 2494 ἐπειδὴ
2498 2422 2693 2493 μικρὸν
2722 2420 2920 2493 ᾔσθετο
2966 2422 3379 2494 παρελκομένης
3402 2423 3649 2492 χάριτος,

2066 2513 2227 2569 τοῦτο
2249 2512 2379 2583 γοῦν
2418 2512 2679 2578 ίκέτευεν,
2708 2510 3074 2584 προαπελθεῖν
3103 2512 3200 2566 τοῦ
3229 2512 3383 2577 λαοῦ,
3407 2512 3484 2584 μὴ
3513 2512 3648 2567 θεά-

2070 2619 2231 2675 σηται
2260 2600 2369 2656 τῶν
2389 2600 2823 2672 ποιμαινομένων
2849 2600 2941 2655 τὸν
2982 2601 3223 2673 ὄλεθρον.
3251 2603 3415 2656 Οὐδὲν
3449 2602 3507 2657 δὲ
3532 2597 3651 2657 οἷον

2068 2696 2238 2767 αὐτῆς
2258 2692 2742 2767 ἀπομνημονεῦσαι
2769 2695 2868 2765 τῆς
2887 2694 3084 2760 λέξεως
3104 2713 3119 2729 ο
3142 2694 3363 2766 Δέομαι,
3395 2694 3648 2766 ήμάρτη-

2069 2805 2165 2843 κεν
2193 2791 2222 2843 ὁ
2242 2788 2368 2852 λαὸς
2399 2788 2672 2860 ἁμαρτίαν
2717 2786 2979 2858 μεγάλην,
3019 2787 3114 2841 καὶ
3147 2788 3408 2859 ἐποίησαν
3433 2788 3652 2854 ἑαυτοῖς

2069 2879 2225 2945 θεοὺς
2250 2878 2505 2952 χρυσοῦς.
2528 2879 2638 2932 Καὶ
2655 2877 2750 2933 νῦν
2777 2880 2826 2932 εί
2853 2878 2953 2950 μὲν
2981 2880 3128 2951 ἀφῇς
3149 2880 3334 2944 αὐτοῖς
3358 2878 3458 2951 τὴν
3474 2880 3656 2951 ἀμαρο

2069 2970 2208 3035 τίαν,
2254 2971 2425 3038 ἀφεςο
2479 2968 2641 3023 Ειδὲ
2682 2967 2794 3038 μὴ,
2826 2966 3155 3036 mw.»
3191 2984 3269 3037 με
3309 2968 3379 3022 ἐκ
3409 2966 3521 3036 τῆς
3545 2968 3651 3033 ,ϐί-

1994 3102 2039 3162 c
2073 3064 2222 3117 ὅλου
2271 3057 2349 3132 ἧς
2731 3058 3090 3162 Ὀρᾷςηόπως
3135 3058 3236 3162 τήν
3285 3057 3379 3162 τοῦ
3409 3057 3652 3131 πλήθους

2075 3151 2347 3226 σωτηρίαν
2374 3151 2474 3223 τῆς
2506 3149 2713 3213 οἰκείας
2760 3149 3067 3221 προτίθησι,
3127 3148 3221 3203 καὶ
3267 3148 3653 3221 ἐξαλειφθῆναι

2072 3243 2242 3314 ζητεῖ,
2273 3243 2321 3295 εί
2354 3241 2431 3313 μὴ
2461 3238 2717 3312 κατορθοῖ
2749 3238 2828 3310 τῷ
2859 3238 3026 3310 κοινῴ
3050 3239 3150 3310 τὴν
3182 3238 3550 3311 συγγνώμην;
3585 3240 3652 3295 Ol.

2069 3334 2127 3389 δὲ
2148 3333 2243 3388 νῦν
2273 3332 2410 3405 πρὸς
2430 3332 2558 3396 τοὺς
2580 3331 2994 3403 ἁμαρτάνοντας
3020 3330 3450 3403 πικραινόμενοι,
3473 3346 3650 3401 προσ-

2074 3427 2252 3490 ιόντας
2307 3424 2653 3479 ἐλαύνουσιν·
2722 3423 3148 3489 ὑποπίπτοντας,
3209 3422 3649 3495 παρατρέχουσι·

2070 3518 2433 3590 δακρυόντων,
2459 3517 2561 3571 οὐκ
2579 3515 2845 3569 ὲπικλῶσι
2868 3515 2929 3569 τὸ
2963 3515 3276 3587 πρόσωπον.

2141 3783 2207 3837 Τί
2234 3780 2326 3838 οῦν
2346 3785 2375 3837 ὁ
2402 3782 2637 3849 Λουκᾶς,
2676 3782 2877 3854 μᾶλλον
2913 3782 2971 3836 δὲ
2998 3780 3059 3835 τὸ
3080 3780 3307 3852 Πνεῦμα
3345 3780 3522 3849 ἅγιον,
3562 3780 3652 3835 ἀνι

2072 3874 2277 3947 έγραψέ
2312 3892 2402 3946 μοι
2429 3874 2520 3928 τὸν
2544 3875 2657 3928 υἱὸν
2693 3874 2785 3927 τὸν
2820 3875 3028 3929 ἄσωτον
3051 3888 3064 3903 ⁸
3113 3873 3172 3936 ὃς
3198 3872 3496 3943 καθύϐρισε
3549 3874 3651 3943 μὲν

2068 3968 2137 4036 τῇ
2162 3966 2503 4036 ἀναχωρήσει
2537 3962 2730 4037 πρώτῃ
2766 3964 2858 4018 τὸν
2887 3963 3310 4035 γεννησαμενον,
3348 3959 3468 4017 εἶτα
3507 3963 3649 4035 πρὸς

2068 4055 2167 4121 τάς
2195 4056 2389 4128 ήδονάς
2448 4055 2544 4110 καὶ
2575 4046 2745 4126 μέθας
2775 4053 3184 4125 ὲκϐακχευθεὶς,
3223 4055 3318 4110 καὶ
3355 4053 3649 4126 φιλογύνης

2069 4148 2379 4218 γενόμενος,
2425 4148 2603 4203 πάντα
2628 4148 2718 4201 τὸν
2749 4146 3012 4218 πατρικὸν
3063 4145 3296 4199 πλοῦτον
3343 4145 3646 4212 ἐκένωσεν,

2082 4240 2305 4313 Ἐπειδὴ
2327 4240 2384 4293 δὲ
2411 4240 2624 4312 χρόνοις
2682 4238 2904 4310 ὕστερον
2937 4237 3138 4301 ἱκανῶς
3162 4237 3649 4309 ὲνταλαιπωρήσας

2070 4335 2182 4397 τοῖς
2244 4331 2486 4404 μόχθοις,
2521 4332 2596 4394 ὡς
2622 4331 2712 4383 καὶ
2774 4328 3022 4402 συϐώτης
3068 4329 3318 4398 γενέσθαι
3356 4328 3649 4399 μισθωτὸς,

386 4424 659 4493 cenarius,
692 4426 901 4491 eodem,
936 4441 1042 4496 quo
1077 4427 1248 4496 porci,
1280 4436 1589 4482 vesceretur
1626 4426 1781 4490 cibo;
1840 4435 1963 4478 tan-

2071 4425 2165 4479 καὶ
2202 4425 2300 4494 τῆς
2331 4422 2501 4492 αὐτῆς
2533 4424 2819 4492 μετασχεῖν
2847 4424 2961 4485 τοῖς
2988 4420 3190 4492 χοίροις
3218 4419 3444 4491 τροφῆς.
3484 4423 3652 4474 ἐπαν-

386 4518 509 4573 dem
535 4518 828 4588 aliquando
852 4518 1181 4588 resipiscens
1205 4534 1326 4575 cum
1369 4519 1436 4574 ad
1486 4518 1716 4589 patriam
1743 4519 1961 4573 domum

386 4608 727 4676 revertisset,
757 4624 863 4665 non
897 4611 1095 4666 avertit
1128 4625 1187 4666 se
1221 4621 1394 4681 pater,
1428 4624 1529 4665 nec
1558 4624 1831 4663 reversum
1867 4624 1963 4662 ex-

383 4702 545 4758 clusit
570 4701 761 4757 tllium.
798 4701 938 4769 Quin
964 4704 1126 4758 etiam
1156 4702 1398 4758 occurrit
1424 4702 1636 4758 obviam
1668 4700 1960 4771 appropin-

381 4797 597 4865 quanti,
628 4804 684 4851 et
731 4796 1046 4864 complexus
1084 4810 1229 4858 eum,
1268 4804 1433 4864 atque
1480 4794 1753 4849 inhaerens
1801 4792 1961 4856 collo,

384 4887 759 4944 misericordia
790 4896 1093 4944 commotus
1126 4887 1395 4957 lacrymas
1438 4883 1596 4947 fudit,
1635 4896 1690 4940 et
1732 4899 1829 4954 pro
1863 4884 1965 4937 mi-

381 4992 505 5033 sero
530 4993 720 5035 rursus
758 4979 975 5034 beatum
1011 4977 1264 5042 reddidit,
1297 4977 1529 5046 ingenuo
1565 4976 1710 5030 illum
1736 4974 1967 5029 indueus

383 5069 732 5134 vestimento,
767 5079 822 5125 et
852 5070 905 5124 in
934 5085 1094 5124 manu
1121 5067 1239 5136 ejus
1261 5066 1519 5121 annulum
1567 5067 1870 5135 imponens,
1902 5081 1965 5122 ac

384 5163 525 5217 diem
562 5162 759 5219 festum
811 5178 998 5234 agens,
1031 5161 1481 5233 magniﬁcumque
1524 5168 1581 5214 et
1619 5158 1956 5229 splendidum

382 5255 690 5311 convivium
737 5254 1040 5310 celebrans.
1072 5254 1196 5308 llaec
1238 5253 1391 5307 nobis
1436 5251 1730 5306 similitudo
1760 5266 1963 5322 propo-

382 5346 486 5399 sita
512 5355 615 5410 est,
660 5353 720 5397 ut
766 5343 1208 5413 resipiscentibus
1244 5341 1544 5397 Ecclesium
1575 5350 1832 5412 tanquam
1865 5342 1963 5396 do-

381 5452 528 5492 mum
583 5447 865 5506 paternam
909 5435 1217 5505 aperiamus
1245 5475 1261 5499 ,
1310 5448 1512 5503 eosque
1559 5435 1867 5488 humaniter
1908 5441 1965 5488 et

380 5529 615 5601 benigne
651 5528 1043 5605 suscipiamus,
1081 5542 1148 5583 ne
1197 5542 1320 5583 cum
1355 5526 1556 5598 porcis,
1608 5525 1661 5581 id
1699 5535 1803 5593 est,
1839 5540 1959 5581 cum

454 5708 623 5763 ‘Luc.
670 5724 789 5776 ιιιιι,
824 5706 856 5762 6
884 5723 1002 5778 sqq.

2069 4517 2199 4587 ἦλθε
2253 4515 2391 4587 πρὸς
2422 4515 2520 4586 τὴν
2560 4514 2830 4586 πατρικὴν
2872 4514 3058 4566 ἑστίαν
3113 4512 3521 4586 σωφρονισθείς,
3548 4514 3651 4567 οὐκ

2071 4606 2398 4679 ἀπεστράφη
2430 4607 2459 4658 δ
2486 4605 2689 4677 πατὴρ,
2723 4604 2844 4658 οὐδὲ
2879 4603 3148 4674 ἐπέθηκεν
3176 4603 3325 4675 αὐτῷ
3353 4603 3451 4667 τὰς
3478 4602 3650 4675 θύρας

2070 4696 2447 4752 ἐπανελθόντιο
2482 4693 2620 4748 ἀλλά
2655 4696 2764 4748 πᾶν
2794 4694 3123 4758 τούναντίον,
3152 4693 3529 4766 προσέδραμεν
3556 4694 3651 4761 ὲγ-

2071 4789 2298 4860 γίζοντι,
2327 4788 2422 4842 καὶ
2441 4786 2703 4857 ὲπεκλίθη
2725 4785 2804 4858 τῷ
2833 4786 3111 4858 τραχήλῳ,
3142 4787 3237 4840 καὶ
3282 4786 3516 4858 δάκρυον
3552 4788 3652 4838 ἐπ-

2072 4881 2265 4949 έσταξε
2331 4879 2633 4952 συμπαθῶς
2678 4877 2757 4950 τῷ
2804 4880 3026 4950 αὐχένι,
3090 4879 3345 4951 εποίησεν
3373 4878 3430 4931 δὲ
3485 4878 3649 4936 πάλιν

2065 4975 2185 5030 ἀντὶ
2207 4973 2392 5027 ἀθλίου
2430 4970 2788 5044 μακαριστὸν,
2847 4971 3139 5044 ἐλευθερίῳ
3173 4970 3450 5043 ἀμφιέσας
3483 4972 3649 5041 ἐσθῆ-

2063 5084 2138 5132 τι,
2192 5067 2286 5119 καὶ
2335 5063 2622 5119 δακτύλιον
2676 5067 2743 5137 τῇ
2801 5066 2946 5136 χειρὶ
3006 5064 3272 5137 περιθεὶς,
3325 5065 3420 5119 καὶ
3450 5066 3646 5137 ἑορτὴν

2063 5156 2211 5225 ἄγων
2244 5154 2342 5227 τὴν
2371 5155 2605 5227 ἡμέραν,
2637 5156 2731 5209 καὶ¹
2754 5154 3081 5227 εὐτρεπίσας
3107 5154 3340 5225 εὐωχίαν
3366 5154 3646 5226 λαμπράν.

2060 5245 2245 5301 Ταῦτα
2277 5246 2333 5300 δὲ
2362 5245 2543 5299 πάντα
2576 5246 2734 5315 λόγος
2772 5246 2890 5298 ἐστὶ
2918 5244 3306 5317 παραϐολικὸς,
3340 5245 3650 5313 ὑπανοίγων

2060 5341 2136 5405 ὡς
2166 5340 2436 5413 πατρικὴν
2466 5340 2659 5393 ἑστίαν
2718 5338 2817 5411 τὴν
2851 5337 3201 5410 Ἐκκλησίαν,
3236 5340 3333 5393 καὶ
3360 5338 3650 5410 δεχόμενος

2061 5433 2417 5506 φιλοφρόνως,
2445 5433 2530 5486 ἵνα
2555 5431 2630 5504 μὴ
2655 5430 2787 5485 ὦσιν
2813 5429 3110 5501 ὀμοδίαιτοι
3148 5433 3260 5495 τοῖς
3291 5430 3516 5502 χοίροις,
3540 5434 3653 5495 τοῖς

2060 5527 2329 5600 δαίμοσιν,
2354 5526 2618 5595 γένωνται
2673 5523 2731 5579 δὲ
2762 5522 2924 5578 πάλιν
2968 5521 3028 5588 ἐξ
3075 5520 3371 5594 ἀλλοτρίων
3401 5523 3507 5576 υἱοί
3526 5539 3538 5551 ’
3566 5524 3652 5576 ἵνα

1085 5706 1105 5738 ⁸
1138 5703 1309 5762 Exod.
1338 5720 1510 5772 χχιιι,
1542 5704 1611 5759 5‘2
1641 5719 1766 5776 sqq.
1843 5704 1865 5738 °
1900 5703 2030 5761 Luc.
2068 5719 2159 5770 ιν,
2195 5704 2249 5758 ll
2275 5719 2397 5775 sqq.
