3896 6268
248 313 365 381 365

1073 311 1351 377 nonth
1384 319 1523 376 xm.
1566 305 2012 376 annoanno
2061 320 2150 378 At)
2183 284 2681 379 PmNtrENTiAtt

3425 313 3529 383 368

247 444 338 514 τῷ
367 441 667 515 βουλήματι
716 443 812 496 τοῦ
837 442 972 497 Θεοῦ
1007 443 1242 508 συζῶσιν
1293 444 1370 508 ὡς
1399 443 1596 517 γνώμῃ
1623 444 1846 515 πατρὸς.

1955 443 2287 500 daemonibus
2309 447 2471 501 vitam
2507 447 2724 514 degant,
2759 445 2852 500 sed
2886 459 2952 500 ex
2995 444 3184 502 alienis
3218 462 3428 503 rursum
3459 447 3526 504 ad

248 537 354 590 καὶ
379 539 493 599 τοῖς
524 535 700 604 ἁγίοις
727 535 1008 606 ἀνδράσιν,
1038 535 1116 598 ὡς
1140 535 1408 604 ἀδελφοῖς.
1447 536 1519 588 Σὺ
1550 533 1607 588 δὲ
1637 535 1710 607 μὴ
1744 534 1841 606 ζή-

249 628 352 682 λου
370 629 470 700 τὴν
495 627 722 700 γνώμην
751 627 844 681 τοῦ
870 627 1266 700 πρεσϐυτέρου,
1302 626 1433 698 μηδὲ
1461 625 1841 696 καταγόγγυζε

249 721 361 789 τῆς
385 719 482 774 τοῦ
515 721 722 790 πατρὸς
751 719 1189 792 φιλανθρωπίας,
1233 721 1314 772 ὅτι
1378 719 1471 773 καὶ
1514 719 1604 772 τὸν
1633 720 1840 774 ἄσωτον

250 813 355 865 καὶ
387 810 650 882 ὑϐριστὴν
673 811 1015 881 είσῳκίσατο.
1047 808 1304 879 Θαύμαζε
1336 807 1532 878 μᾶλλον
1573 807 1672 877 τὴν
1705 809 1842 874 ἀγα-

250 904 482 975 θότητα,
513 904 608 956 καὶ
637 903 806 974 μιμοῦ
838 901 931 956 τοῦ
964 901 1100 955 Θεοῦ
1126 901 1223 972 τὴν
1259 901 1568 970 εὐμένειαν,
1605 900 1841 963 καὶτοὺς

248 997 320 1048 ἐκ
353 996 456 1066 τῆς
488 995 696 1064 πλάνης
745 993 1182 1066 ὑποστρέφοντας
1215 989 1571 1058 ὲναγκαλίζου
1605 991 1696 1044 καὶ
1743 1007 1842 1043 πει

250 1089 562 1160 ριπτύσσου
583 1105 596 1118 ⁸
625 1087 800 1152 οῦτως
830 1087 938 1158 γὰρ
979 1087 1079 1160 ἔσῃ
1097 1085 1317 1154 τυφλῶν
1341 1084 1553 1155 ear,th
1583 1084 1674 1138 καὶ
1707 1083 1842 1138 πλα-

248 1182 516 1251 νωμένων
536 1178 874 1243 διδάσκαλοςε

327 1441 474 1513 Πρὸς
513 1441 611 1507 μὲν
645 1428 737 1495 οῦν
768 1441 893 1504 τοὺς
921 1425 1293 1512 τραχυτέρους
1328 1441 1427 1511 τὴν
1455 1439 1681 1510 γνώμην
1700 1481 1714 1505 ,
1747 1441 1842 1494 καὶ

250 1533 356 1604 τὴν
409 1533 714 1604 ἀποτομίαν
776 1534 882 1605 πρὸ
935 1535 1035 1605 τῆς
1089 1532 1433 1604 συμπαθείας
1501 1530 1839 1596 ἀσκοῦντας,

254 1626 466 1688 ἱκανῶς
502 1628 633 1696 ἡμῖν
688 1625 937 1696 εἴρηται,
988 1626 1082 1678 καὶ
1125 1625 1277 1678 οὐδὲν
1333 1625 1414 1678 δεῖ
1455 1623 1837 1696 μακροτέρωνο

251 1718 424 1771 ἄκουε
445 1717 500 1770 δὲ
526 1717 710 1770 λοιπὸν
739 1717 832 1770 καὶ
859 1720 888 1770 ό
918 1719 1016 1788 τῆς
1043 1718 1375 1789 ἐπιστροφῆς
1399 1717 1669 1788 δεόμενος,
1694 1717 1843 1779 ὅπως

1952 534 2184 589 filiorum
2217 551 2500 590 numerum
2529 535 2769 604 ascripti,
2803 550 2868 590 ex
2911 534 3004 590 Dei
3051 539 3367 608 praescripto
3406 549 3528 593 tan-

1949 641 2110 695 quam
2147 642 2212 682 ex
2253 629 2420 696 patris
2448 628 2723 683 sententia
2757 627 2961 692 vivant,
2984 638 3039 682 et
3078 639 3390 682 sanctorum
3435 631 3531 684 hos

1950 718 2180 782 minum,
2216 729 2274 773 ut
2311 721 2539 774 fratrum
2579 721 2972 775 consuetudine
3005 722 3371 791 perfruantur.
3414 720 3526 777 Noli

1951 808 2134 863 fratris
2165 809 2384 876 majoris
2415 820 2538 863 natu
2565 810 2890 864 sententiam
2931 813 3108 879 sequi,
3143 827 3240 865 nec
3269 813 3339 866 ob
3363 813 3532 880 patris

1952 901 2344 954 humanitatem
2379 901 2666 970 indignari,
2709 902 2852 970 quod
2892 902 3281 971 nequissimum
3339 903 3528 964 filium.

1953 990 2043 1060 qui
2074 989 2294 1046 familia:
2318 994 2569 1047 dedecori
2606 993 2724 1057 fuit,
2765 994 3082 1061 susceperit.
3121 993 3215 1048 Dei
3241 994 3533 1062 benignitas

1957 1093 2062 1138 tem
2093 1087 2275 1154 potius
2321 1096 2372 1139 et
2399 1085 2746 1140 clementiam
2766 1087 3062 1150 admirans,
3086 1088 3306 1155 eos,qui
3328 1087 3531 1141 relictis

1952 1176 2232 1232 erroribus
2275 1177 2341 1229 ad
2402 1176 2610 1246 frugem
2661 1176 2855 1232 bonam
2900 1178 3150 1242 redeunt,
3201 1178 3533 1248 amplectere

1952 1275 2306 1336 amanterque
2336 1267 2476 1321 fove.
2527 1267 2617 1322 Sic
2648 1270 2790 1322 enim
2844 1270 2952 1323 eris
3004 1284 3270 1324 caecorum
3319 1271 3447 1336 dux,
3475 1280 3532 1326 et

1951 1361 2094 1413 viam
2127 1362 2437 1416 errantibus
2459 1363 2874 1416 demonstrabis.

2030 1450 2176 1507 Satis
2225 1453 2390 1506 multa
2437 1453 2503 1506 ad
2545 1467 2660 1515 eos,
2699 1455 2787 1522 qui
2840 1457 3112 1510 severiore
3157 1466 3282 1510 sunt
3325 1456 3528 1524 animo,

1951 1533 2156 1614 quique
2181 1544 2525 1598 acerbitatem
2561 1545 2760 1614 potius,
2789 1561 2952 1614 quam
2984 1547 3256 1602 lenitatem
3287 1559 3341 1604 et
3369 1549 3530 1604 mistu

1954 1635 2240 1689 ricordiam
2273 1647 2548 1690 exercent.
2586 1636 2738 1692 Nunc
2761 1639 2890 1692 mihi
2927 1653 3042 1702 vos,
3073 1640 3268 1708 quibus
3299 1640 3352 1693 in
3387 1641 3528 1696 viam

1955 1728 2284 1781 redeundum
2340 1739 2457 1792 est,
2510 1743 2576 1783 ac
2628 1730 3090 1798 resipiscendum,
3152 1732 3432 1786 attendite.
3471 1733 3528 1787 Si

254 1825 320 1860 σε
364 1811 640 1879 προσῆκεν
672 1806 1090 1875 ἐπιστυγνάζειν
1127 1810 1238 1870 τοῖς
1286 1809 1680 1879 ἁμαρτήμασιν
1701 1848 1714 1869 ,
1748 1805 1845 1858 καὶ

1954 1819 2113 1873 vultis
2153 1819 2361 1873 discere
2407 1831 2513 1888 quo
2560 1821 2720 1876 modo
2757 1821 2996 1891 peccatis
3025 1822 3210 1876 dolere
3235 1831 3287 1877 et
3328 1825 3530 1878 errorie

251 1900 326 1953 τὰ
369 1897 790 1970 παραπτώματα
828 1900 930 1970 τῆς
975 1898 1198 1971 καρδίας
1241 1898 1606 1970 ἀποθρηνεῖν⁸
1643 1898 1842 1970 μᾶλλον

251 1989 312 2042 δὲ
337 2029 353 2054 ,
384 1991 435 2042 εἰ
463 1989 642 2053 δοκεῖ,
681 1991 952 2059 σκόπησον
990 1991 1090 2060 τὴν
1127 1989 1450 2062 ἁμαρτωλὸν
1479 1992 1714 2059 γυναῖκα
1744 1990 1843 2062 τὴν

254 2081 414 2153 παρὰ
458 2081 550 2134 τοῦ
588 2082 773 2135 Λουκᾶ
813 2081 907 2134 ἐπὶ
954 2080 1050 2134 τοῦ
1101 2081 1365 2152 παρόντος
1404 2080 1842 2150 ἀναγνωσθεῖσαν

254 2177 418 2245 ἡμῖν.
455 2172 729 2244 Κάκείνης
757 2173 817 2226 τὸ
843 2173 1097 2226 ταπεινὸν
1133 2174 1226 2226 καὶ
1255 2172 1540 2226 εὐσύνετον
1577 2173 1839 2240 ζήλωσον,

256 2265 357 2318 καὶ
386 2262 517 2316 λάϐε
550 2262 781 2325 κανόνας
815 2262 1101 2333 μετανοίας
1132 2262 1539 2334 ἡκριὸωμένης.
1585 2261 1844 2316 Ἐλθοῦσα

255 2356 372 2427 γὰρ
399 2356 492 2408 ἐπὶ
514 2355 606 2408 τὸν
630 2350 777 2408 οἷκον
804 2354 897 2406 τοῦ
923 2355 1240 2424 Φαρισαίου,
1263 2352 1387 2407 οὔτε
1417 2354 1477 2406 τὸ
1505 2353 1706 2426 πλῆθος
1735 2354 1843 2407 τῶν

256 2447 607 2516 ἑστιωμένων
632 2445 982 2518 ἠρυθρίασεν,
1004 2443 1127 2498 οὔτε
1150 2447 1239 2499 τὸν
1268 2445 1454 2517 καιρὸν
1476 2445 1576 2516 τῆς
1613 2447 1844 2516 εὐωχίας

251 2539 335 2602 ὡς
363 2539 591 2610 ἄκαιρον
620 2539 699 2603 εἰς
730 2537 1110 2608 ἐξομολόγησιν
1140 2538 1368 2608 ἔφευγεν
1393 2555 1406 2567 ·
1439 2537 1572 2592 ἀλλά
1603 2541 1669 2609 τῇ
1700 2538 1844 2610 λύπῃ

256 2632 617 2702 συνεχομένη,
667 2631 761 2683 κα)⁸
796 2629 1024 2701 σφοδρὸν
1058 2629 1256 2700 ἔχουσα
1287 2629 1394 2682 τῶν
1436 2629 1844 2701 πλημμελημά-

251 2741 368 2776 των
414 2723 476 2775 τὸ
517 2720 732 2782 πένθος,
783 2720 904 2772 οὐδὲ
943 2719 1005 2771 τὸ
1049 2718 1389 2790 βραχύτατον
1427 2719 1575 2788 ὴιρίει
1613 2718 1704 2771 τὸν
1735 2718 1844 2772 τῶν

254 2814 548 2885 ἁμαρτιῶν
576 2812 778 2884 ἰατρόν.
815 2813 891 2864 Οὐ
930 2811 1036 2882 μὴν
1060 2810 1179 2863 οὐδὲ
1207 2811 1286 2873 εἰς
1310 2810 1372 2862 τὸ
1402 2809 1691 2880 πρόσωπον
1723 2809 1843 2864 κατ’

251 2905 382 2974 ῦψιν
409 2903 680 2975 ἐρχομένη
711 2902 950 2955 ἱκέτευεν
971 2917 983 2930 ·
1017 2900 1154 2954 ἀλλά
1184 2901 1246 2953 τὸ
1276 2901 1492 2966 ἀνάξιον
1524 2902 1722 2974 ἑαυτῆς
1751 2901 1845 2956 καὶ

253 2995 710 3067 ἀπαρρησίαστον
741 2992 830 3046 διὰ
862 2991 958 3046 τοῦ
995 2993 1272 3063 σχήματος
1307 2994 1714 3064 ὲρμηνεύουσα,
1746 2995 1846 3066 τὴν

254 3089 406 3143 κατά
447 3086 616 3140 νώτου
652 3083 836 3157 χώραν
887 3083 1299 3150 καταλαϐοῦσα,
1345 3085 1439 3137 καὶ
1478 3084 1599 3137 οὐδὲ
1635 3083 1844 3138 ἑστῶσα

253 3177 471 3242 ἁπλῶς,
507 3175 644 3230 ἀλλὰ
680 3175 910 3228 κατόπιν
943 3173 1051 3226 τῶν
1088 3173 1262 3226 ποδῶν
1296 3174 1566 3245 λαϐομένη
1591 3211 1606 3238 ,
1641 3173 1851 3227 λύσασα
1878 3170 1922 3229 C

252 3267 318 3322 δὲ
352 3267 451 3329 τὰς
480 3265 654 3335 κόμας
675 3303 689 3328 ,
719 3264 812 3317 καὶ
842 3265 954 3326 τοῖς
987 3263 1276 3334 πράγμασι
1314 3263 1713 3334 δημοσιεύουσα
1751 3264 1850 3336 τὴν

260 3357 567 3413 πενθοῦσαν
599 3356 808 3427 ψυχὴν,
841 3358 933 3410 καὶ
962 3359 1076 3420 τοῖς
1120 3358 1279 3410 ποσὶν
1307 3356 1399 3410 τοῦ
1448 3356 1621 3427 Ἰησοῦ
1654 3357 1716 3410 τὸ
1757 3356 1851 3410 δάε

258 3469 433 3524 κρυον
462 3450 813 3522 ἐπιρρέουσα,
845 3448 981 3519 μετὰ
1006 3447 1208 3519 πολλῆς
1234 3449 1334 3519 τῆς
1363 3447 1706 3519 συμπαθείας
1729 3450 1849 3520 ᾔτει

257 3545 357 3597 τὸν
383 3543 530 3596 ἔλεον
549 3560 562 3572 ·
610 3543 706 3596 καὶ
737 3541 988 3595 τοσοῦτον
1024 3541 1387 3612 προχεομένη,
1415 3541 1558 3594 ὥστε
1592 3543 1684 3596 καὶ
1718 3541 1849 3615 βρέο

258 3653 382 3706 χειν
415 3636 543 3698 τοὺς
567 3634 754 3698 πόδας,
783 3634 876 3688 καὶ
901 3636 968 3704 τῇ
995 3633 1141 3705 κόμῃ
1175 3633 1337 3687 πάλιν
1370 3633 1719 3705 ὲκμάττουσα
1751 3636 1848 3706 τὴν

259 3729 578 3799 ὑγρότητα,
611 3729 792 3780 πᾶσαν
841 3725 1128 3780 εὐλάϐειαν
1172 3726 1435 3797 ταπεινὴν
1483 3725 1846 3784 ἐπεδείκνυτο.

258 3823 384 3876 Ἵνα
412 3821 468 3874 δὲ
494 3819 727 3874 συνελὼν
750 3820 908 3886 εἴπω,
941 3818 1147 3882 πάσαις
1169 3821 1290 3883 ταῖς
1314 3818 1597 3889 αἰσθήσεσι
1621 3819 1712 3872 καὶ
1737 3823 1848 3882 τοῖς

262 3914 458 3986 μέλεσι
490 3916 601 3976 τοῖς
659 3911 1036 3983 ἡμαρτηκόσιν
1074 3913 1106 3981 ή
1138 3911 1272 3981 γυνὴ
1304 3910 1400 3981 τὴν
1445 3911 1734 3980 μετάνοιαν
1764 3910 1850 3974 ἐξ·

257 4008 482 4060 επόνει·
508 4009 542 4077 ἡ
576 4006 631 4058 δὲ
654 4005 892 4076 δημοσία
924 4005 1018 4057 καὶ
1047 4005 1125 4067 εἰς
1159 4001 1219 4055 τὸ
1253 4003 1494 4071 ἐμφανὲς
1524 4001 1696 4066 οῦτως
1729 4003 1848 4056 ὀδυ-

263 4099 476 4170 ρομένη
517 4097 616 4160 τὰς
651 4096 959 4168 ἁμαρτίας,
1008 4095 1131 4148 τίνα
1184 4093 1302 4148 κατ’
1338 4093 1469 4147 ἰδίαν
1511 4095 1604 4146 ἐπὶ
1654 4094 1849 4164 σχολῆς

258 4193 554 4262 ἔπραττεν,
586 4189 794 4255 ἔξεστιν
831 4188 1247 4259 τεκμηράμενον
1279 4189 1526 4258 σννορᾷν.
1574 4187 1757 4258 Ἠμῶν
1791 4186 1848 4240 δὲ

258 4286 296 4355 ἡ
330 4283 430 4353 μὲν
456 4281 766 4352 ὑπόσχεσις,
794 4280 1080 4350 μετάνοιαν
1107 4278 1532 4346 ἐπαγγέλλεταιο
1562 4281 1596 4350 ἠ
1623 4277 1679 4331 δὲ
1709 4280 1850 4350 πρᾶ-

260 4378 378 4441 ξις,
415 4375 563 4430 οὐδὲν
592 4375 847 4428 ἐπίπονον
879 4373 1147 4428 δείκνυσιν
1167 4389 1180 4404 ο
1224 4371 1359 4425 ἀλλὰ
1390 4373 1489 4443 τὴν
1520 4371 1691 4442 αὐτὴν
1726 4370 1848 4442 ἔχο-

264 4486 370 4538 μεν
403 4466 496 4520 τοῦ
533 4466 648 4536 βίου
683 4466 1050 4530 κατάστασιν,
1081 4465 1146 4534 ἥν
1185 4465 1276 4516 καὶ
1308 4464 1413 4535 πρὸ
1441 4463 1541 4533 τῆς
1575 4465 1848 4535 ἁμαρτίας

259 4559 507 4629 εἴχομεν.
541 4558 842 4630 Φαιδρότης
869 4557 978 4628 γὰρ
1001 4557 1164 4627 ὁμοία
1196 4556 1288 4610 καὶ
1318 4555 1481 4626 ἐσθὴς
1508 4557 1542 4626 ἡ
1572 4555 1730 4626 αὑτὴ,
1758 4556 1851 4608 καὶ

257 4651 546 4724 τραπέζης
578 4651 875 4713 ἀπόλαυσις
899 4647 1148 4719 δαψιλὴς,
1176 4649 1272 4701 καὶ
1310 4647 1474 4712 ὕπνος
1511 4649 1720 4719 μακρὸς
1755 4648 1850 4701 καὶ

256 4745 556 4813 λελυμένος
580 4746 658 4808 είς
679 4743 840 4815 κόρον
863 4756 877 4770 ⁸
901 4741 1148 4814 ἀσχολίαι
1170 4740 1227 4794 δὲ
1255 4741 1347 4794 καὶ
1376 4741 1653 4812 φροντίδες
1682 4739 1849 4793 ἐπάλ-

259 4836 440 4908 ληλοι,
471 4835 641 4907 λήθην
671 4833 998 4906 ἐμποιοῦσαι
1028 4837 1093 4906 τῇ
1119 4833 1265 4905 ψυχῇ
1293 4833 1390 4904 τῆς
1418 4833 1623 4896 οἰκείας
1655 4834 1848 4904 ἐπιμε-

258 4930 418 4993 λείας
440 4945 454 4959 ·
487 4929 645 4999 μόνον
688 4927 745 4980 δὲ
776 4925 837 4979 τὸ
869 4926 1040 4997 ὄνομα
1081 4927 1178 4996 τῆς
1226 4924 1512 4997 μετανοίας
1545 4925 1849 4996 ἐπιγραφό-

265 5024 413 5096 μεθα
445 5023 691 5095 ἄκαρπόν
721 5039 780 5075 τε
814 5022 909 5076 καὶ
933 5020 1294 5092 ἀνενέργητον
1319 5035 1332 5048 ·
1364 5017 1471 5071 τῶν
1514 5017 1613 5087 μὲν
1645 5034 1853 5088 μυστη-

263 5118 404 5191 ρίων
447 5117 670 5178 ἑαυτοὺς
720 5113 1047 5186 χωρίζοντες
1113 5113 1206 5166 καὶ
1257 5109 1358 5181 τῆς
1405 5109 1688 5173 κοινωνίας
1744 5109 1853 5164 τῶν

260 5209 598 5280 ἀπορρήτων
641 5206 1036 5278 ἀγιασμάτων,
1089 5203 1345 5274 οὐδεμίαν
1389 5203 1446 5257 δὲ
1490 5202 1721 5273 σπουδὴν
1753 5202 1854 5274 τῆς

263 5301 607 5373 ἐπιστροφῆς
626 5302 724 5370 τῆς
753 5299 889 5370 πρὸς
919 5296 1060 5353 αύτά
1091 5295 1426 5366 ποιούμενοι,
1457 5293 1573 5348 ἀλλ’
1609 5293 1684 5358 ὡς
1713 5292 1853 5347 εὐώ-

262 5411 358 5448 νου
419 5390 887 5463 καταφρονοῦντες
937 5389 1038 5461 τῆς
1095 5388 1468 5450 ἀπολαύσεως.
1541 5386 1852 5456 Ἐννόησον,

263 5486 542 5556 ἄνθρωπε,
571 5484 814 5555 πηλίκων
843 5482 1160 5554 ἀξιούμενος
1186 5479 1490 5552 ὲχωρίσθης
1521 5479 1620 5549 τῆς
1656 5494 1851 5549 μετου-

267 5578 390 5642 σίας
419 5579 660 5631 ὲκείνων.
690 5577 752 5630 El
783 5577 1070 5648 βασιλικῆς
1099 5579 1162 5630 σὺ
1189 5575 1472 5649 τραπέζης
1493 5574 1736 5644 μετέχων
1761 5568 1849 5647 ᾖς,

265 5663 386 5719 εἶτα
434 5667 814 5739 προσκρούσας
862 5668 960 5738 τῆς
996 5667 1160 5738 τιμῆς
1187 5665 1533 5738 ἀπερρίφης,
1567 5665 1747 5718 πόσων
1784 5664 1848 5716 ἂν

265 5759 526 5830 ἑξωνήσω
549 5760 844 5832 χρημάτων
874 5760 932 5814 τὸ
959 5759 1118 5814 πάλιν
1147 5758 1402 5847 γενέσθαι
1428 5757 1578 5828 asilo;
1608 5757 1699 5812 καὶ
1722 5759 1849 5828 ὁμου

1951 1914 2051 1967 bus
2091 1914 2284 1967 vestris
2323 1913 2681 1982 ingemiscere
2734 1915 2995 1982 debeatis,
3038 1916 3320 1970 mulierem
3377 1917 3531 1972 nobis

1950 2020 1978 2058 a
2017 2004 2159 2058 Luca
2193 2005 2243 2057 in
2279 2007 2564 2073 praesentia
2597 2007 2927 2076 descriptam
2973 2009 3340 2064 considerate.
3378 2008 3530 2065 Illius

1951 2097 2334 2150 demissionem
2383 2097 2548 2150 animi
2585 2108 2746 2166 atque
2792 2099 3132 2167 prudentiam
3173 2100 3527 2165 :emulatnini,

1950 2188 2364 2258 absolutumque
2405 2189 2456 2242 in
2513 2204 2576 2244 ea
2630 2192 2785 2245 nobis
2833 2192 3137 2261 exemplum
3198 2187 3532 2261 pmnitentitit

1951 2283 2283 2346 constituite,
2316 2296 2434 2350 qua:
2459 2282 2718 2338 Pharisaei
2747 2286 2966 2339 domum
2996 2287 3240 2354 ingressa
3276 2303 3374 2341 nec
3397 2303 3534 2342 cons

1953 2374 2197 2426 vivarum
2225 2373 2624 2426 multitudinem
2651 2375 2887 2439 erubuit,
2932 2392 3029 2431 nec
3053 2377 3283 2431 convivii
3323 2389 3532 2446 tempus

1952 2463 2326 2534 importunum
2359 2467 2715 2531 existimavit,
2751 2482 2860 2536 quo
2911 2469 3087 2523 minus
3127 2470 3192 2523 ad
3225 2470 3528 2526 confessio;
3561 2537 3567 2542 _

1953 2571 2074 2610 nem
2114 2558 2471 2627 confugeret;
2517 2557 2610 2612 sed
2663 2558 2847 2614 dolore
2914 2559 3131 2624 affecta,
3187 2570 3240 2615 et
3286 2572 3528 2630 peccata,

1952 2661 2074 2718 quae
2124 2651 2496 2714 commiserat,
2543 2651 2893 2706 vehementer
2939 2651 3236 2717 detestata,
3297 2667 3367 2707 ne
3412 2667 3532 2707 nto-s

1952 2750 2192 2795 montum
2234 2742 2450 2810 quidem
2491 2743 2746 2812 temporis
2783 2743 2888 2798 sibi
2932 2745 3380 2814 interponendum
3417 2746 3534 2801 exis

1951 2833 2214 2898 stimavit,
2253 2850 2363 2904 quo
2415 2834 2594 2890 minus
2636 2835 2819 2889 statim
2852 2836 2920 2890 ad
2963 2846 3306 2904 peccatorum
3361 2837 3534 2894 medii

1953 2939 2075 2980 cum
2109 2926 2416 2980 accederet.
2449 2924 2559 2981 Nec
2587 2936 2768 2980 tamen
2814 2927 2865 2980 in
2910 2937 3256 2997 conspectum
3286 2927 3402 2996 ejus
3432 2929 3532 2985 ad-

1952 3016 2179 3071 veniens
2213 3015 2572 3086 supplicabat,
2597 3019 2690 3072 sed
2727 3033 2793 3072 ex
2821 3017 3004 3072 habitu
3037 3034 3096 3074 se
3125 3019 3400 3089 indignam
3433 3036 3533 3089 pus

1956 3115 2096 3170 tans,
2139 3119 2260 3174 qua:
2303 3105 2474 3174 ipsum
2525 3106 2913 3177 alloqueretur,
2961 3122 2988 3161 a
3026 3119 3179 3178 tergo
3225 3109 3402 3164 locum
3437 3125 3532 3164 oc:

1954 3198 2190 3265 cnpavit,
2218 3211 2316 3251 nec
2350 3196 2507 3266 plane
2546 3205 2716 3260 stans.
2743 3197 2837 3252 sed
2884 3206 3034 3252 retro
3059 3207 3329 3268 prostrata
3366 3200 3532 3270 pedes

1953 3287 2095 3342 illius
2139 3288 2416 3358 complexa
2465 3295 2566 3352 est,
2609 3287 2908 3357 solutisque
2943 3291 3116 3346 comis
3162 3289 3338 3361 reipsa
3393 3307 3531 3347 mte-

1952 3380 2126 3434 rentls
2175 3380 2338 3434 animi
2375 3378 2715 3434 aﬂectionem
2750 3380 3094 3448 ostendebat,
3123 3390 3178 3436 et
3204 3380 3334 3436 Jesu
3367 3383 3534 3452 pedes

1952 3471 2206 3543 lacrymis
2250 3471 2450 3540 rigans,
2490 3473 2658 3526 multo
2707 3487 2830 3526 cum
2877 3472 3065 3528 dolore
3101 3473 3530 3531 misericordiam

1950 3562 2275 3631 postulabat.
2319 3561 2547 3614 Tantam
2597 3563 2740 3616 enim
2779 3561 2965 3616 ell‘udit
3005 3564 3110 3618 vim
3142 3564 3530 3637 lacrymarum,

1952 3664 2010 3707 ut
2046 3655 2210 3723 pedes
2256 3653 2374 3724 ejus
2400 3656 2670 3720 ablueret,
2719 3657 3046 3724 eosdemque
3085 3673 3272 3713 rursus
3322 3661 3531 3728 capillis

1953 3745 2311 3815 abstergeret,
2357 3755 2520 3816 atque
2551 3748 2623 3800 ita
2665 3761 2881 3802 omnem
2908 3748 3074 3802 animi
3111 3748 3292 3804 amicti
3329 3751 3528 3807 demisi

1951 3836 2155 3890 sionem
2186 3837 2504 3891 declararet.
2538 3837 2773 3901 Etenim,
2807 3849 2864 3892 ut
2896 3841 3132 3894 breviter
3165 3842 3346 3896 omnia
3383 3859 3534 3897 com-

1949 3928 2176 3997 plectar,
2213 3929 2461 3982 sensibus
2493 3940 2546 3982 et
2577 3930 2833 3984 membris
2865 3931 3136 3998 omnibus,
3163 3934 3358 4002 quibus
3413 3951 3534 4005 pec-

1950 4029 2170 4075 caverat
2209 4021 2418 4087 mulier,
2455 4022 2824 4088 pmnitentiatn
2865 4023 2992 4093 egit.
3040 4022 3308 4088 Quantum
3351 4039 3529 4080 autent

1953 4120 2138 4176 postea
2170 4125 2266 4179 per
2294 4112 2464 4164 otium
2510 4123 2728 4180 peccata
2770 4112 2931 4167 fuerit
2963 4115 3249 4179 detestata,
3281 4132 3399 4184 qua:
3433 4135 3530 4187 pu-‘

1951 4199 2088 4254 blice
2122 4210 2416 4270 aperteque
2459 4217 2520 4255 ea
2584 4212 2863 4271 tantopere
2910 4204 3062 4268 luxit,
3108 4205 3528 4273 conjicientibus

1952 4291 2079 4345 licet
2136 4291 2452 4360 intelligere.
2500 4290 2608 4346 Nos
2659 4302 2838 4346 autem
2883 4293 3062 4348 verbis
3104 4296 3316 4362 quidem
3358 4298 3532 4366 praui-

1954 4382 2175 4436 tentiam
2232 4382 2567 4450 pollicemur,
2612 4381 2768 4436 factis
2806 4396 2934 4437 vero
2980 4383 3113 4436 nihil
3158 4385 3318 4438 studii
3385 4387 3533 4441 labe.

1883 4514 1927 4568 υ
1959 4475 2140 4543 risque
2167 4487 2508 4544 praestamus,
2535 4474 2628 4527 sed
2662 4475 2851 4528 eadem
2887 4475 3098 4528 vivendi
3137 4478 3532 4532 consuetudine

1959 4565 2178 4630 utimur,
2228 4579 2333 4632 qua
2379 4564 2554 4633 prius,
2601 4580 2762 4634 quam
2811 4575 3030 4633 peccata
3075 4567 3382 4622 confitendo
3439 4568 3534 4624 όεει

1958 4664 2307 4716 teStaremur,
2351 4655 2654 4708 utebamur.
2704 4655 2908 4708 Eadem
2967 4655 3018 4708 in
3061 4657 3206 4709 vultu
3262 4657 3531 4722 hilaritas,

1953 4743 2095 4797 idem
2149 4743 2201 4796 iu
2250 4745 2493 4812 corporis
2520 4744 2665 4798 cultu
2713 4744 2967 4812 victuque
3011 4745 3283 4814 splendor.
3327 4746 3532 4803 Somno

1955 4837 2019 4891 ad
2047 4837 2352 4892 satietatem
2382 4851 2554 4905 usque
2597 4836 2957 4907 indulgemus,
2992 4839 3226 4906 negotiis
3276 4851 3332 4894 et
3375 4857 3533 4896 occtrl

1952 4929 2260 4997 potionibus
2311 4929 2493 4983 animo
2520 4929 2822 4983 sedulitatis
2849 4928 3176 4985 oblivionem
3235 4932 3530 4997 injicituus,

1952 5020 2286 5090 ptenitentite
2331 5035 2528 5074 nomen
2571 5024 2730 5074 inane
2784 5021 3070 5084 duntaxat,
3120 5031 3175 5076 et
3225 5023 3388 5077 nullis
3433 5038 3533 5077 ex-

1955 5125 2203 5180 pressum
2249 5110 2407 5164 factis
2463 5112 2778 5165 retinemus.
2803 5109 2844 5162 Α
2891 5111 3164 5180 mysteriis
3196 5112 3411 5180 quidem
3444 5129 3531 5166 ar-

1953 5215 2323 5270 canorumque
2394 5203 2778 5257 communione
2855 5213 3316 5258 sacramentorum
3375 5205 3532 5272 culpa

1953 5301 2138 5346 nostra
2187 5293 2488 5348 decidimus
2551 5304 2605 5347 et
2651 5309 2988 5363 separamur,
3041 5311 3141 5350 nec
3187 5305 3366 5349 tamen
3416 5306 3532 5349 stus

1951 5385 2099 5439 ditnn
2151 5400 2214 5439 ac
2253 5385 2585 5456 diligentiam
2641 5389 2985 5452 adhibemus,
3015 5397 3072 5440 ut
3097 5390 3163 5442 ad
3208 5402 3272 5441 ea
3305 5373 3530 5442 fruenda

1951 5486 2313 5544 revertamur,
2344 5478 2437 5534 sed
2472 5488 2530 5532 ut
2565 5479 2710 5545 vilia,
2736 5489 2788 5534 et
2820 5495 2939 5548 qua:
2979 5495 3144 5548 parvo
3185 5479 3360 5548 pretio
3394 5481 3534 5533 redi;

1950 5569 2022 5623 mi
2069 5570 2307 5635 possint,
2355 5571 2779 5626 contemnimus.
2828 5571 3153 5638 Censidera,
3200 5572 3381 5634 homo,
3428 5576 3534 5640 qud

1958 5665 2217 5734 dignitate
2261 5664 2373 5731 jam
2419 5676 2643 5720 ornatus
2693 5665 2884 5730 fueris,
2914 5681 3056 5721 nunc
3103 5676 3280 5721 autem
3325 5681 3530 5721 careas.

1959 5754 2014 5808 Si
2059 5756 2218 5825 regia:
2254 5770 2451 5811 mensa:
2481 5757 2752 5828 particeps
2797 5760 2862 5814 ab
2894 5773 2958 5814 eo
2996 5757 3199 5814 honore
3228 5761 3296 5814 ob
3325 5761 3534 5816 erinielt
