3892 6272
343 314 449 373 567

1520 325 1537 350 ³
1618 314 1676 372 S.
1719 314 1997 372 ASTERll
2035 315 2339 373 AMASENI

3506 318 3615 377 558

346 429 564 499 aliquod
588 428 882 486 excidisses
905 435 1156 499 quantam
1175 427 1415 499 pecunia;
1428 427 1536 481 vim
1562 426 1927 499 impenderes,

2037 428 2335 502 τράπεζος;
2378 430 2553 484 Τίνων
2583 429 2642 483 δὲ
2681 429 2853 504 θύρας
2891 431 2990 486 οὐκ
3027 430 3094 486 ἂν
3143 430 3447 503 διώχλησας
3497 433 3613 486 ἱκε-

346 531 405 577 ιιι
425 520 479 577 in
503 523 642 593 regis
659 524 886 594 gratiam
912 523 1136 589 redires,
1154 530 1213 575 ιιι
1227 521 1484 575 honorem
1502 519 1781 592 pristinum
1799 520 1944 574 redi-

2038 521 2211 577 τεύων
2232 562 2248 587 ,
2293 522 2685 595 ἀπορούμενος,
2726 525 2948 591 στένων,
2983 523 3215 579 ἀϐίωτον
3244 525 3479 595 νομίζων
3522 525 3616 578 τὸν

348 613 558 669 meres?
574 612 813 681 Quorum
832 624 1008 670 autem
1030 614 1170 669 fores
1198 610 1444 682 supplex,
1461 611 1734 677 haesitans,
1755 610 1932 666 dolens

2039 614 2173 686 βίον,
2207 618 2272 689 τῇ
2300 616 2455 688 τήξει
2483 619 2578 671 καί⁷
2624 619 2800 688 σχέσει
2841 619 2934 673 τοῦ
2982 619 3277 691 προσώπου
3314 619 3415 690 τῆς
3446 619 3505 672 ὲν
3537 617 3616 688 τῷ

349 704 748 775 frequentares?
768 704 940 760 Vitam
964 702 1204 775 profecto
1242 704 1408 773 ipsam
1433 702 1529 757 tibi
1556 702 1803 757 acerbam
1835 703 1937 756 dn-

350 812 521 862 ceres,
544 799 814 867 squalore,
835 800 1068 864 etluctn,
1092 805 1147 851 et
1163 795 1337 850 vultus
1356 794 1680 850 demissione
1695 793 1932 848 dolorem

349 891 513 945 animi
538 907 647 960 prae
667 901 719 946 te
746 892 954 946 ferres:
982 905 1196 944 omnem
1232 889 1486 959 denique,
1520 896 1579 941 ut
1606 888 1778 950 aiunt,
1810 900 1926 941 mo—

348 996 505 1037 veres
554 982 805 1053 lapidem,
859 991 917 1035 ut
954 983 1022 1054 ab
1054 996 1117 1035 ea
1177 990 1229 1035 te
1283 979 1592 1034 calamitate
1644 977 1924 1033 liberares.

346 1072 500 1128 Nunc
538 1081 717 1127 autem
758 1072 852 1143 qui
892 1072 1172 1141 seiunctus
1215 1079 1298 1126 est
1335 1072 1403 1124 ab
1434 1069 1674 1124 amicitia
1719 1067 1838 1135 Dei,
1870 1078 1924 1124 el

346 1177 474 1221 vere
529 1163 810 1219 sublimem
870 1163 1015 1218 illam
1081 1163 1400 1232 dignitatem
1467 1161 1693 1225 amisit,
1764 1174 1927 1229 quem

346 1254 583 1311 laborem
658 1256 943 1325 impendit,
993 1254 1137 1325 quod
1198 1254 1432 1309 studium
1498 1252 1740 1316 adhibet,
1796 1252 1925 1320 quid

346 1346 603 1401 eximium
638 1347 796 1416 gerit,
844 1361 950 1415 quo
992 1346 1286 1401 demissum
1351 1355 1515 1413 atque
1552 1342 1834 1410 humilem,
1870 1354 1927 1398 et

348 1438 604 1494 alllictum
647 1439 885 1494 animum
931 1440 1180 1494 ostendat
1209 1438 1405 1495 suum?
1430 1435 1545 1491 Non
1570 1445 1655 1491 est
1690 1451 1924 1491 consen-

2036 707 2189 780 βάθει
2217 708 2395 781 λύπης
2421 709 2519 782 τὴν
2554 709 2747 782 ὀδύνην
2778 711 3088 782 ὲμφαίνων’
3135 712 3315 765 πάντα
3341 710 3509 775 λίθον,
3552 707 3617 764 τὸ

2032 800 2125 855 τοῦ
2157 801 2348 871 λόγου,
2391 802 2591 865 κινῶν,
2643 804 2838 875 μέχρις
2874 798 2936 859 οὗ
2972 802 3156 875 σαυτῷ
3198 803 3296 875 τὴν
3327 801 3613 874 συμφορὰν

2031 892 2464 965 έπηνώρθωσας;
2510 894 2569 948 Ὀ
2594 894 2649 948 δὲ
2681 897 2780 966 τῆς
2813 894 2950 966 πρὸς
2981 894 3113 948 Θεὸν
3144 891 3471 956 οἶκειώσεως
3498 910 3611 964 χω-

2029 984 2262 1057 ρισθεὶς,
2319 986 2414 1039 κα)⁸
2454 985 2556 1055 τῆς
2603 986 2772 1050 ὅντως
2796 986 3004 1057 ὑψηλῆς
3042 986 3206 1057 τιμῆς
3243 984 3524 1050 ἐκπεσὼν,
3556 985 3612 1038 τί

2031 1076 2173 1147 μέγα
2202 1076 2296 1130 καὶ
2329 1075 2606 1146 ἀξιόλογον
2635 1080 2867 1151 ποιήσας
2891 1079 3071 1150 ψυχῆς
3097 1080 3491 1151 κεκακωμένης
3518 1081 3610 1132 ὲν-

2026 1164 2266 1234 δείξηται
2306 1166 2698 1238 ταπεινότητα;
2739 1169 2850 1221 Οὐκ
2900 1168 3048 1222 ἔστιν
3093 1168 3387 1223 ἀκόλουθον
3434 1172 3613 1224 νοσεῖν

2026 1254 2255 1325 λέγοντα
2290 1256 2391 1328 τὴν
2421 1255 2588 1328 αὐτὴν
2625 1255 2769 1327 ζωὴν
2820 1256 3061 1329 μετιέναι
3098 1260 3211 1321 τοῖς
3251 1258 3607 1326 ὑγιαίνουσιν.

2030 1344 2197 1417 Ἀλλη
2226 1344 2338 1417 γὰρ
2366 1345 2543 1399 δίαιτα
2571 1345 2666 1399 τοῦ
2711 1344 3014 1417 ἀρρώστου,
3040 1345 3134 1399 καὶ
3160 1344 3346 1416 ἕτερος
3373 1343 3487 1415 βίος
3514 1344 3611 1398 τοῦ

2028 1436 2383 1507 ὑγιαίνοντος.

350 1538 588 1594 laneum,
636 1539 695 1585 ut
745 1530 835 1599 qui
887 1542 947 1584 se
994 1538 1257 1600 aegrotare
1303 1527 1614 1591 conﬁtetur,
1680 1518 1872 1582 eadem
1929 1526 2105 1582 victus
2140 1528 2351 1583 ratione
2401 1534 2604 1594 utatur,
2658 1540 2763 1595 qua
2805 1533 3030 1581 utuntur
3074 1525 3172 1591 illi,
3223 1527 3314 1597 qui
3351 1538 3608 1598 prospera

349 1632 477 1677 sunt
504 1622 829 1677 valetudine.
862 1620 1016 1675 Alius
1035 1620 1178 1674 enim
1208 1620 1545 1689 aegrotantis,
1572 1619 1712 1674 alius
1742 1616 1968 1673 valentis
1990 1628 2074 1673 est
2103 1616 2317 1672 vivendi
2348 1617 2558 1675 modus.

418 1712 607 1767 Nonne
638 1713 789 1768 vides
837 1721 1039 1781 quanta
1069 1714 1141 1766 sit
1169 1714 1313 1766 inter
1343 1720 1689 1780 aegrotantem
1746 1711 1928 1766 valen-
1958 1719 2002 1772 Β

345 1814 563 1874 temque
599 1802 903 1859 dill‘erentia
952 1818 1115 1875 sensu
1161 1804 1451 1873 percepta?
1485 1803 1578 1859 llle
1620 1819 1717 1874 pro
1782 1804 1926 1858 arbi-

346 1905 492 1951 tratu
542 1910 640 1949 suo
697 1896 868 1961 vivit,
909 1909 1230 1965 quocunque
1284 1895 1397 1949 vult
1455 1896 1834 1965 proﬁciscitur,
1873 1904 1928 1950 et

346 1988 493 2043 omni
525 1986 700 2042 ollicio
747 1996 802 2043 et
843 2002 1067 2042 munere
1113 1986 1282 2042 libere
1322 1987 1593 2058 fungitur:
1622 1989 1708 2043 hic
1746 1997 1926 2043 autem

346 2074 401 2128 in
435 2082 666 2144 angusto
694 2075 846 2143 jacet
891 2075 1160 2143 cubiculo,
1202 2076 1390 2144 procul
1428 2077 1497 2131 ab
1523 2078 1764 2131 onmium
1794 2091 1928 2132 con-

345 2166 634 2221 suetudine
701 2166 1059 2236 omnibusque
1106 2166 1339 2235 negOtiis
1382 2175 1643 2223 remotus.
1678 2166 1926 2237 Agricul-

348 2268 522 2313 turam
557 2256 784 2323 omittit,
825 2258 950 2313 licet
994 2257 1138 2311 illius
1187 2265 1345 2311 antea
1399 2266 1547 2312 esset
1593 2257 1930 2313 studiosissi-

346 2364 486 2404 mus.
519 2348 873 2404 Cumulandae
911 2350 1154 2419 pecuniae
1197 2365 1385 2405 curam
1438 2349 1646 2419 abjicit,
1683 2349 1930 2419 quamvis

348 2439 415 2494 ad
445 2453 559 2495 rem
597 2440 673 2495 ιιιί
721 2447 992 2494 mercator
1025 2439 1135 2508 jam
1183 2449 1330 2495 esset
1358 2441 1635 2495 attentior.
1663 2439 1764 2507 Qui
1808 2455 1933 2496 cou-

344 2530 505 2587 viviis
549 2530 679 2586 olim
728 2529 1029 2600 magniﬁcis
1078 2540 1131 2587 et
1168 2531 1485 2603 sybariticis
1534 2532 1927 2597 delectabatur,

348 2634 485 2690 aqua
533 2635 676 2675 nunc
717 2629 772 2676 et
815 2620 973 2691 panis
1014 2620 1246 2677 lrustulo
1291 2624 1550 2689 vescitur,
1596 2639 1701 2679 non
1745 2625 1929 2680 liberis

351 2713 676 2778 oblectatur,
717 2728 821 2767 non
856 2713 1043 2769 uxoris
1072 2714 1244 2768 utitur
1270 2716 1697 2783 consuetudine;
1730 2716 1807 2771 illi
1842 2717 1930 2773 die

348 2814 618 2875 noctuque
664 2820 750 2860 res
798 2813 880 2861 est
914 2820 1038 2861 cum
1087 2806 1333 2872 medicis,
1370 2822 1505 2877 quos
1553 2808 1764 2877 magnis
1794 2824 1932 2877 prae-

350 2897 473 2953 miis
527 2902 778 2961 accersit,
830 2907 890 2952 ut
936 2912 1124 2953 eorum
1163 2912 1329 2967 opera
1384 2898 1744 2954 convalescat.
1781 2897 1926 2967 llaec,

348 2986 439 3055 qui
485 2988 730 3057 corporis
782 2989 970 3041 morbo
1010 2987 1239 3042 laborat.
1297 2986 1376 3043 ’l‘n
1439 3004 1567 3044 vero
1610 2989 1764 3059 cujus
1818 2989 1931 3044 ani-

2107 1712 2269 1784 Ὁρᾷς
2296 1711 2398 1781 ὅση
2440 1710 2589 1763 ἐστὶν
2620 1710 2654 1781 ἡ
2687 1708 2781 1763 τοῦ
2821 1709 3154 1778 ύγιαίνοντος
3185 1710 3474 1782 μεταϐολὴ,
3505 1710 3612 1780 τῆς

2025 1801 2120 1856 τοῦ
2144 1802 2497 1866 ἀσθενοῦντος
2526 1801 2847 1873 μεταϐολῆς,
2870 1801 2971 1871 τῆς
2999 1802 3140 1856 κατὰ
3164 1803 3262 1873 τὴν
3289 1803 3401 1869 ἒξιν
3426 1802 3611 1856 αἰσθό-

2030 1912 2222 1967 μενος;
2257 1895 2345 1947 Ἐν
2366 1894 2622 1967 δωματίῳ
2650 1892 2831 1965 μικρῷ
2872 1894 3212 1958 κατάκειται,
3253 1895 3436 1964 πάσης
3477 1909 3609 1946 συν-

2028 1986 2190 2056 ήθους
2234 1985 2596 2056 ἀναχωρήσας
2626 1981 2939 2053 φροντίδος·
2981 1983 3173 2054 ἀμελεί
3200 1982 3473 2054 γεωργίας
3514 1982 3613 2035 καὶ
3718 2040 3727 2047 ,
3826 1978 3836 1988 ’

2030 2078 2235 2150 σφόδρα
2271 2076 2576 2149 γεωργικὸς
2615 2076 2876 2145 ὑπάρχων
2898 2092 2912 2107 ·
2955 2076 3148 2145 ἀφίησι
3185 2074 3414 2129 πλούτου
3450 2073 3612 2145 μέριο

2032 2186 2190 2242 μναν,
2224 2171 2253 2223 ό
2295 2168 2676 2240 χρηματιστὴς
2723 2167 2818 2220 καὶ
2869 2166 3224 2238 φιλέμπορος.
3265 2165 3458 2220 ’Υδατι
3511 2165 3610 2218 καὶ

2027 2260 2205 2332 ψωμῷ
2240 2261 2618 2332 διατρέφεται,
2651 2262 2700 2315 εί
2731 2261 2826 2315 καὶ
2863 2260 3128 2331 πρότερον
3169 2260 3378 2331 τρυφῆς
3404 2258 3612 2328 γέμου-

2032 2369 2130 2407 σαν
2164 2352 2258 2406 καὶ
2285 2352 2648 2423 Συϐαριτικὴν
2696 2350 3021 2423 παρετίθετο
3067 2349 3344 2419 τράπεζαν
3366 2367 3379 2381 ·
3416 2346 3615 2401 παισὶν-

2029 2445 2130 2498 ούκ
2172 2443 2592 2516 ὲπευφραίνεται
2624 2442 2693 2496 τά
2730 2443 2935 2514 συνήθη
2956 2484 2970 2506 ,
3012 2442 3259 2512 γαμετῆς
3292 2439 3609 2511 χωρισθείς*

2031 2537 2142 2599 τοῖς
2188 2537 2389 2605 ἰατροῖς
2426 2531 2671 2586 σύνεστιν
2710 2531 2927 2602 νύκτωρ
2972 2548 3032 2584 τε
3083 2531 3178 2584 καὶ
3214 2529 3332 2600 μεθ’
3372 2529 3608 2599 ἡμέραν,

2030 2627 2127 2682 καὶ
2162 2626 2376 2689 πολλοῖς
2411 2624 2621 2696 μισθοῖς
2659 2623 2799 2697 πρὸς
2839 2622 3121 2693 ἀγαπητὸν
3147 2622 3340 2691 κέρδος
3388 2620 3612 2674 σπεύδει

2029 2720 2129 2791 τὴν
2165 2718 2372 2787 ὑγείαν.
2409 2714 2597 2771 Ταῦτα
2626 2717 2656 2769 ό
2693 2715 2788 2769 τοῦ
2822 2714 3073 2785 σώματος
3121 2714 3420 2784 ἄρρωστος.
3465 2711 3521 2766 '0
3550 2711 3610 2765 δὲ

2029 2810 2128 2881 τὴν
2152 2808 2327 2883 ψυχὴν
2368 2807 2552 2871 κακῶς
2584 2806 2927 2877 διακείμενος
2966 2803 3061 2858 τὸν
3112 2801 3402 2874 ἀσώματον
3449 2819 3609 2873 περι-

2031 2904 2316 2973 νοστήσας,
2354 2900 2432 2971 τῷ
2464 2898 2632 2972 ἰατρῷ
2670 2898 2766 2953 καὶ
2795 2896 3178 2969 προσωιητῶς
3210 2893 3486 2965 ὁμολογῶν
3516 2895 3612 2947 καὶ

2032 2992 2244 3055 δεικνὺς
2275 2990 2372 3061 τὴν
2403 2990 2687 3044 ἀσθένειαν
2706 3030 2721 3054 ,
2758 2986 3191 3057 καταλιμπάνεις
3219 2983 3479 3055 νέμεσθαι
3514 2984 3613 3039 καὶ

351 3094 471 3133 mus
498 3093 640 3149 mger
661 3088 763 3145 est,
799 3095 896 3135 cur
921 3096 1026 3135 non
1064 3081 1130 3133 ad
1167 3080 1432 3135 medicum
1469 3081 1772 3137 animorum
1804 3096 1929 3152 pro-

2037 3080 2376 3154 σφακελὶζειν
2397 3081 2458 3135 τὸ
2482 3080 2653 3144 πάθος
2673 3119 2688 3144 ,
2722 3080 2810 3133 ῐνα
2847 3078 2985 3152 πρὸς
3012 3078 3103 3130 τὸν
3143 3075 3262 3129 ὅλον
3302 3075 3464 3144 ὄγκον
3491 3074 3612 3128 δια-

349 3170 544 3239 peras?
592 3186 688 3225 cur
737 3186 842 3225 non
908 3171 956 3225 ei
1005 3172 1318 3227 conﬁtendo
1376 3172 1620 3226 morbum
1688 3174 1927 3228 ostendis

277 3268 289 3277 '
352 3261 546 3316 tuum?
574 3260 712 3328 Quid
750 3263 972 3331 pateris,
1010 3270 1069 3317 ut
1112 3262 1452 3331 depaswtur,
1496 3271 1553 3315 nt
1599 3273 1836 3330 superet,
1873 3271 1931 3317 ut

352 3351 758 3407 inllammetur?
784 3351 1038 3407 ‘Tandcm
1079 3352 1368 3422 aliquando
1427 3354 1705 3424 resipisce,
1749 3370 1811 3409 ae
1849 3365 1931 3411 te-

352 3443 529 3512 ipsum
576 3457 774 3507 nosce;
806 3442 973 3497 Deum
1024 3441 1309 3509 oll‘endisd,
1345 3454 1742 3514 procreatorem
1782 3457 1930 3500 tuum

360 3534 609 3597 irritasti,
640 3549 784 3600 eum,
812 3533 904 3603 qui
930 3542 985 3589 et
1017 3536 1301 3605 pnesentis
1327 3537 1451 3591 vitae
1475 3545 1792 3605 potestatem
1829 3537 1930 3591 ha-

356 3626 476 3690 bet,
506 3633 560 3678 et
590 3624 782 3678 futurae
836 3623 1097 3679 Dominus
1132 3639 1196 3679 ac
1235 3623 1403 3693 judex
1446 3635 1549 3685 est.
1586 3626 1802 3682 Deliciis
1848 3627 1934 3680 in-

354 3717 578 3788 dulgens
616 3717 668 3770 in
711 3716 956 3770 morbum
1000 3716 1253 3787 delapsus
1280 3718 1382 3773 es?
1410 3733 1532 3773 eum
1571 3718 1746 3774 inedia
1774 3731 1826 3774 et
1848 3719 1932 3791 je-

349 3814 520 3887 juniis
554 3829 707 3870 cura.
736 3815 962 3872 Animus
989 3813 1201 3870 laborat
1228 3798 1619 3872 incontinentia
1640 3817 1663 3871 ?
1683 3818 1936 3872 adhibea-

351 3921 447 3965 tur
476 3910 847 3977 temperantia:
866 3911 1343 3966 medicamentum.
1372 3909 1649 3978 Multiplici
1676 3926 1740 3964 ac
1770 3910 1932 3964 nimia

356 3998 598 4069 pecuniae
626 4000 917 4068 cupiditate
942 4000 998 4055 in
1027 3999 1218 4055 febrim
1249 4000 1415 4055 animi
1445 3999 1713 4055 incidit-ili?
1735 4000 1932 4054 libera-

358 4090 508 4148 litate
545 4102 599 4147 et
639 4092 980 4161 eleemosyna
1022 4091 1342 4161 depellatur.
1393 4090 1516 4145 ΙΙωο
1563 4090 1705 4144 enim
1750 4098 1835 4144 est
1864 4090 1938 4144 ni-

357 4182 522 4237 mium
561 4182 787 4251 expleta:
821 4181 1018 4236 mentis
1057 4182 1288 4236 curatio.
1318 4179 1479 4236 Laesit
1510 4192 1560 4233 te
1591 4195 1773 4234 rerum
1804 4181 1936 4234 alie-

358 4290 550 4330 narum
597 4273 869 4343 direptio?
925 4288 1044 4342 quae
1075 4282 1229 4344 rapta
1275 4284 1423 4340 sunt,
1463 4274 1529 4328 ad
1562 4275 1809 4344 proprios
1834 4275 1934 4328 do-

2030 3176 2198 3248 χεθῇ;
2247 3173 2407 3228 Ἀλλά
2448 3172 2797 3244 σωφρόνησον
2820 3210 2835 3235 ,
2863 3170 3032 3239 γνῶθι
3067 3168 3283 3221 σαυτόν.
3310 3167 3442 3221 Θεὸν
3484 3165 3609 3221 ὲλύ-

2032 3285 2234 3341 πησαςσ
2260 3269 2350 3322 τὸν
2382 3266 2710 3338 δημιουργόν
2734 3281 2825 3318 σου
2857 3261 3234 3332 παρώργισας,
3269 3261 3358 3314 τὸν
3380 3260 3477 3313 καὶ
3507 3258 3615 3328 τῆς

2032 3362 2312 3434 παρούσης
2333 3359 2478 3430 ζωῆς
2507 3360 2604 3429 τὴν
2634 3356 2882 3422 ἐξουσίαν
2904 3354 3113 3425 ἔχοντα,
3146 3350 3357 3420 καὶτῆς
3389 3348 3614 3419 μελλού-

2034 3471 2134 3524 σης
2188 3453 2375 3525 κύριον
2427 3451 2522 3504 καὶ
2571 3450 2783 3522 κριτήν.
2849 3446 2982 3500 Ἀπὸ
3029 3446 3240 3517 τρυφῆς
3290 3438 3574 3509 ὲκακώθης
3593 3455 3627 3503 ;.

2032 3542 2255 3615 νηστείᾳ
2288 3541 2622 3612 θεράπευσον
2667 3540 2768 3609 τὴν
2814 3537 3128 3592 ἀπόλαυσιν.
3184 3534 3469 3588 Ἀκολασία
3512 3533 3612 3603 τὴν

2031 3632 2207 3704 ψυχὴν
2233 3631 2503 3701 ἔϐλαψεη
2542 3630 2863 3701 σωφροσύνη
2899 3628 3139 3697 γενέσθω
3166 3628 3265 3696 τῆς
3301 3622 3612 3696 ἀρρωστίας

2034 3726 2344 3796 φάρμακον.
2368 3720 2656 3786 Πλεονεξία
2694 3720 2957 3784 πολύυλος
2988 3719 3080 3772 τὸν
3107 3717 3294 3787 νοητὸν
3319 3714 3617 3788 εἰργάσατο

2034 3815 2297 3888 πυρετόν;
2327 3814 2660 3885 ἐλεημοσύνη
2685 3811 2977 3867 κενωσάτω
3002 3809 3101 3880 τὴν
3133 3808 3471 3878 πλησμονήν.
3497 3807 3612 3857 Κα-

2037 3905 2257 3978 θάρσιον
2291 3905 2398 3977 γὰρ
2429 3904 2536 3958 τῶν
2576 3901 3023 3974 πεπληρωμένων
3067 3898 3370 3970 μετάδοσις.
3410 3895 3612 3949 Ἐϐλα-

2034 4000 2135 4070 ψεν
2166 4001 2311 4071 ἡμᾶς
2348 3996 2572 4069 ἁρπαγὴ
2604 3996 2711 4051 τῶν
2748 3992 3068 4065 ἀλλοτρίωνς
3109 3987 3448 4043 ὲπανελθέτω
3476 3985 3613 4055 πρὸς

2035 4090 2128 4144 τὸν
2156 4089 2284 4145 ἴδιον
2321 4088 2588 4159 δεσπότην
2625 4086 2687 4140 τὸ
2716 4087 3006 4156 ἅρπαγμα.
3038 4079 3247 4144 Ψεῦδος
3277 4080 3423 4150 ἡμᾶς
3449 4080 3539 4146 ὲγγ
3552 4079 3615 4141 ὺς

2036 4181 2136 4252 τῆς
2186 4179 2462 4244 ἀπωλείας
2511 4180 2718 4251 ῆγαγεν
2764 4174 3071 4247 (Ἀπολεῖς
3103 4172 3244 4244 γὰρ,
3278 4171 3430 4243 φησὶ,
3462 4168 3614 4224 πάν-

2037 4289 2145 4338 τας
2172 4270 2314 4337 τοὺς
2348 4269 2692 4336 λαλοῦντας
2726 4267 2793 4321 τὸ
2835 4264 3063 4335 ψεῦδος
3084 4264 3139 4333 );
3189 4261 3416 4333 ἀλήθεια
3454 4260 3615 4330 μελε-

365 4368 543 4421 miuos
597 4374 959 4419 revertantur.
1023 4362 1357 4418 Mendacium
1398 4374 1465 4433 te
1508 4365 1752 4432 proxime
1781 4363 1932 4419 duxit

2037 4363 2264 4436 τηθεῖσα
2298 4362 2550 4434 στησάτω
2584 4360 2675 4415 τὸν
2721 4358 3224 4426 κίνδυνον.,⁹’ορκος
3277 4351 3617 4423 παραϐαθεὶς

360 4459 426 4514 ad
452 4459 723 4513 interitum
743 4456 963 4527 (Perdet
986 4455 1154 4519 enim,
1178 4455 1370 4525 inquit,
1396 4472 1572 4509 omne:
1590 4458 1683 4527 qui
1703 4456 1928 4527 loquun-

356 4567 446 4610 tur
487 4550 905 4621 mendacium");
934 4548 1179 4603 veritatis
1226 4546 1404 4602 studio
1437 4548 1734 4617 periculum
1775 4550 1937 4603 evite-

362 4657 471 4699 tur.
513 4640 877 4711 Jurisjurandi
928 4638 1149 4694 violatio
1196 4636 1480 4693 sublimem
1516 4636 1794 4692 Zachariae
1841 4637 1934 4692 lilii

359 4732 595 4789 securim
653 4730 871 4786 sustulit
913 4745 1010 4800 per
1063 4743 1192 4783 aera
1248 4726 1565 4781 volitantem
1618 4741 1682 4782 ac
1720 4727 1923 4781 caedem

367 4824 711 4879 minitantem
732 4822 797 4875 ³⁸1
831 4822 1128 4875 induantur
1156 4819 1336 4875 omnia
1374 4833 1525 4873 arma
1571 4816 1930 4887 pieuiteutite,

365 4927 424 4971 ut
449 4916 657 4972 securis
690 4915 858 4979 acies,
884 4923 938 4968 et
967 4914 1108 4968 ictus
1152 4910 1515 4983 proltulsetur.
1552 4910 1735 4978 lmpiis
1770 4911 1939 4963 haere-

365 5006 595 5062 ticorum
624 5005 973 5077 opinionibus
998 5002 1194 5072 aliquis
1228 5001 1463 5056 inlectus
1497 5000 1621 5054 est?
1656 4998 1819 5054 rectis
1845 4997 1941 5052 Ec-

367 5097 547 5152 clesiae
583 5095 815 5153 decretis
861 5095 1097 5164 seipsum
1140 5091 1344 5160 expiet,
1388 5087 1940 5158 superstitionemque

2039 4455 2161 4525 ἄγει
2194 4456 2489 4527 πετόμενον
2524 4455 2586 4509 τὸ
2622 4453 2857 4525 διαέριον
2896 4450 2988 4504 τοῦ
3036 4446 3305 4519 Ζαχαρίου
3350 4445 3617 4517 δρέπανον

2038 4547 2137 4619 τὴν
2177 4546 2348 4619 τομὴν
2389 4545 2680 4613 ἀπειλοῦν;
2727 4541 3074 4615 ἐνδυσώμεθα
3118 4542 3299 4595 πᾶσαν
3336 4538 3435 4609 τὴν
3482 4554 3617 4590 παν-

2040 4638 2231 4693 οπλίαν
2252 4639 2351 4709 τῆς
2380 4637 2787 4711 μετανοίας,ἵνα
2808 4634 2907 4706 τὴν
2936 4633 3120 4704 ἀκμὴν
3146 4626 3619 4701 ἀποκρουσιὶψεθα

2041 4730 2134 4783 τοῦ
2168 4730 2457 4801 δρεπάνου.
2489 4730 2797 4803 Αίρετικοῖς
2821 4727 3089 4798 δόγμασιν
3116 4723 3329 4785 ἀσεϐῶς
3355 4738 3439 4783 τις
3473 4718 3617 4773 ὲδού·

2035 4822 2257 4888 λευσεν;
2296 4823 2463 4896 ὀρθῆς
2502 4823 2659 4893 δόξης
2702 4823 3017 4894 φρονήματι
3062 4818 3161 4890 τὴν
3203 4812 3619 4884 δεισιδαιμονίαν

2037 4913 2450 4981 φυγαδευσάτω.
2497 4910 2667 4964 Τοῦτο
2714 4909 2822 4981 γάρ
2865 4909 3015 4961 ἐστιν
3058 4906 3093 4977 ἡ
3142 4902 3438 4976 μετάνοια’
3469 4897 3621 4961 λύσις

2038 5002 2133 5056 καὶ
2173 5003 2477 5074 ἀφανισμὸς
2504 5002 2615 5055 τῶν
2657 5000 2850 5072 πρώην
2882 5000 2916 5071 ἢ
2964 4997 3109 5052 κατά
3149 4994 3347 5068 πρᾶξιν
3382 4992 3603 5062 ὲνεργου

2040 5090 2248 5159 μένων,
2284 5090 2318 5162 ἢ
2347 5091 2489 5146 κατὰ
2516 5090 2761 5145 διάθεσιν
2794 5087 3127 5159 νοουμένων.

367 5194 619 5261 deponat.
643 5189 782 5257 Quid
822 5189 967 5244 enim
1004 5186 1149 5242 aliud
1198 5193 1279 5241 est
1322 5182 1662 5253 poenitentia,
1691 5180 1811 5245 nisi
1849 5180 2136 5240 dissolutio
2184 5195 2240 5242 et
2291 5186 2501 5242 eversio
2531 5184 2954 5257 praeteritorum,
3005 5194 3127 5251 quae
3179 5191 3261 5233 vet
3293 5190 3373 5243 re,
3403 5185 3491 5230 vet
3529 5187 3625 5228 co-

368 5283 622 5355 gitatione
647 5291 773 5338 sunt
792 5279 1067 5337 admissa?
1096 5338 1115 5351 ί
1528 5354 1537 5355 7
1930 5318 1935 5327 .

438 5377 538 5444 Qui
579 5390 708 5432 vero
741 5376 955 5447 cognita
1003 5372 1334 5444 poenitentiae
1374 5369 1606 5423 utilitate
1655 5367 1834 5444 adhuc
1884 5367 1938 5421 in

367 5469 693 5539 ﬂagitiorum
731 5478 786 5522 et
821 5466 1108 5538 impietatis
1134 5479 1291 5521 cteno
1314 5463 1606 5526 volutatur,
1642 5459 1832 5514 similis
1854 5469 1941 5515 est

369 5562 448 5619 illi
476 5577 657 5627 servo,
678 5561 769 5630 qui
798 5560 1074 5615 dominum
1119 5558 1221 5612 sibi
1267 5555 1468 5610 iratum
1496 5554 1693 5621 sciens,
1728 5553 1782 5608 in
1812 5552 1940 5624 ejus

443 5738 462 5769 ⁷
482 5734 625 5791 Psul.
657 5753 707 5800 ν,
737 5738 788 5789 7.

878 5740 899 5769 ⁸
924 5736 1051 5794 Luc.
1080 5751 1162 5803 ιιι,
1193 5735 1227 5791 9
1257 5748 1379 5804 sqq.

2131 5373 2188 5427 '0
2207 5371 2264 5426 δὲ
2296 5371 2575 5443 γνωρίζων
2601 5369 2662 5424 τὸ
2687 5370 2789 5438 τῆς
2816 5362 3098 5438 μετανοίας
3123 5361 3425 5432 ὠφέλιμον,
3457 5353 3543 5408 ἀεὶ
3572 5350 3631 5406 δὲ

2050 5460 2179 5531 περὶ
2208 5460 2300 5515 τὸν
2328 5459 2583 5532 βόρϐορον
2621 5459 2722 5530 τῆς
2760 5455 2992 5527 ἀνομίας
3038 5451 3425 5523 στρεφόμενος,
3460 5443 3629 5512 dedit}.

2049 5550 2303 5623 τυγχάνει
2361 5549 2755 5621 παραπλήσιος,
2810 5543 3130 5618 γνωρίζοντι
3168 5538 3268 5612 τὴν
3323 5535 3492 5609 ὀργὴν
3536 5532 3631 5588 τού
