3896 6268
270 327 398 387 569

1210 331 1498 390 llOMlLlA
1534 331 1676 390 XIV.
1708 330 1779 388 ΙΝ
1813 330 2216 395 PRINCIPIUM
2252 340 2703 402 JEJUNlORUM.

3442 316 3566 401 57o

270 448 585 516 δεσπότου,
618 452 676 507 ἐν
721 453 877 524 ὂψεσι
903 454 960 510 δὲ
994 453 1161 510 αὐτοῦ
1192 456 1256 511 τὸ
1290 458 1459 514 κακδν
1504 455 1876 531 ἐργαζομένῳ,

1985 470 2283 532 conspectu
2307 464 2569 521 scelerate
2589 480 2649 520 se
2679 463 2841 534 gerit,
2874 472 3260 533 peccatumque
3288 462 3545 532 duplicat.

275 542 389 595 καὶ
414 543 513 614 τὴν
540 544 813 616 ἁμαρτίαν
848 546 1314 615 τριπλασιάζοντι.
1348 547 1682 620 Εὐαίσθητος
1712 547 1868 616 γενοῦ

273 634 430 702 πρὸς
461 634 563 706 τήν
607 637 968 710 περιέχουσάν
1012 656 1072 693 σε
1121 639 1299 693 νόσον.
1348 640 1644 711 Σύντριψον
1676 640 1871 695 σαυτὸν

272 725 412 778 ὅσον
438 725 661 781 δύνασαι
682 746 694 759 ·
729 728 962 801 ζήτησον
1003 730 1099 783 καὶ
1139 730 1384 800 ἀδελφῶν
1414 730 1703 802 ὁμοψύχων
1739 731 1869 786 πέν-

275 812 383 877 θος
406 813 641 886 βοηθοῦν
675 833 755 871 σοι
788 818 924 889 πρὸς
952 817 1050 890 τὴν
1084 819 1425 892 ἐλευθερίαν·
1458 820 1629 886 δεῖξόν
1663 839 1754 892 μοι
1787 838 1870 874 πι-

273 904 419 976 κρόν
455 923 550 959 σου
590 908 684 960 καὶ
709 909 929 977 δαψιλὲς
971 910 1033 963 τὸ
1073 910 1327 981 δάκρυον,
1361 913 1449 965 ἵνα
1498 912 1636 983 μίξω
1676 912 1770 964 καὶ
1808 912 1870 966 τὸ

274 994 421 1065 ἐμόν
440 1015 455 1028 ο
494 996 623 1050 λάϐε
654 1000 746 1051 καὶ
778 1000 869 1053 τὸν
907 1002 1056 1072 ἱερέα
1090 1004 1349 1056 κοινωνὸν
1381 1004 1481 1073 τῆς
1513 1002 1763 1073 θλίψεως,
1794 1002 1870 1068 ὡς

277 1090 522 1161 πατέρα.
565 1092 660 1155 Τίς
692 1092 800 1165 γὰρ
846 1093 1018 1157 οὕτως
1052 1095 1242 1166 Πατὴρ
1282 1095 1651 1166 ψευδώνυμος,
1695 1096 1729 1168 ἢ
1769 1097 1869 1168 τὴν

273 1179 466 1252 ψυχὴν
493 1182 869 1253 ἀδαμάντινος,
898 1185 973 1249 ὡς
1005 1185 1079 1257 μὴ
1102 1185 1489 1258 συνοδύρεσθαι
1516 1190 1629 1252 τοῖς
1658 1188 1870 1253 τέκνοις

276 1271 748 1345 λυπουμένοις,ἢ
798 1274 959 1330 πάλιν
1007 1277 1496 1349 συνευφραίνεσθαι
1543 1278 1866 1351 χαίρουσιν;

288 1361 502 1433 Ἰερεὺς
547 1363 663 1417 υἱοῦ
708 1362 803 1418 τοῦ
851 1365 992 1419 κατὰ
1039 1365 1335 1438 θρησκείαν
1394 1368 1567 1432 οὕτως
1616 1367 1868 1440 ὀδύρεται

275 1453 587 1524 ἁμαρτίαν,
616 1454 692 1518 ὡς
731 1454 924 1508 Ἰακὼὸ
953 1455 1047 1510 τοῦ
1087 1458 1287 1528 Ἰωσὴφ
1315 1458 1407 1512 τὸν
1436 1460 1755 1531 ᾑμαγμένον
1787 1478 1870 1531 χι-

274 1542 434 1595 τῶνα
452 1560 467 1573 ·
495 1542 572 1607 ῶς
605 1544 769 1597 Δαὸὶδ
798 1544 892 1598 τοῦ
937 1546 1290 1618 Ἀϐεσσαλὼμ
1318 1548 1407 1601 τὸν
1448 1549 1666 1621 ὄλεθρον
1688 1589 1703 1616 ,
1731 1549 1807 1614 ῶς
1840 1551 1868 1602 ὁ

288 1630 427 1704 Ἑλὴ
455 1633 545 1687 τὸν
606 1635 758 1705 Ὀφνὶ
789 1636 885 1689 καὶ⁵
914 1637 1108 1701 ’Φινεὲς
1137 1640 1403 1704 πεσόντας
1437 1642 1529 1694 ἐπὶ
1562 1641 1661 1710 τῆς
1688 1658 1866 1711 παρα-

272 1724 513 1789 τάξεως,
539 1725 615 1789 ὡς
650 1727 891 1797 Μωῦσῆς
920 1727 1011 1782 τὸν
1040 1728 1165 1783 λαὸν
1192 1729 1283 1783 τὸν
1324 1730 1481 1785 ἄθεον
1513 1732 1863 1803 μοσχοποιίαν

276 1817 781 1887 καινοτομήσαντα.
807 1795 921 1890 Πρὸ
940 1819 1047 1872 τῶν
1080 1822 1405 1892 σωματικῶν
1429 1795 1700 1894 πατέρων,
1730 1823 1862 1894 θάῥ-
1891 1795 1936 1850 Β

277 1908 455 1979 ρησον
503 1906 582 1978 τῷ
626 1907 768 1961 κατά
817 1908 949 1963 Θεόν
987 1927 1046 1963 σε
1094 1916 1448 1984 γεννήσαντι·
1502 1914 1673 1981 δεῖξον
1712 1915 1862 1988 αύτῷ

277 1997 726 2070 ἀπερυθριάστως
765 2000 835 2054 τὰ
883 2004 1269 2074 κεκρυμμένα·
1317 2006 1604 2076 γύμνωσον
1648 2006 1717 2062 τά
1764 2008 1864 2080 τῆς

273 2088 464 2158 ψυχῆς
486 2090 791 2161 ἀπόρρητα,
815 2090 889 2157 ὡς
918 2093 1086 2164 ἰατρῷ
1110 2095 1279 2159 πάθος
1307 2097 1564 2150 δεικνύων
1597 2099 1866 2171 κεκαλυμ-

280 2180 482 2250 μένον·
518 2179 1113 2255 αύτὺςέπιμελήσεται
1157 2186 1251 2239 καὶ
1303 2186 1402 2256 τῆς
1455 2188 1865 2262 εὐσχημοσύνης

276 2271 381 2324 καὶ
408 2269 511 2339 τῆς
541 2271 852 2343 θεραπείας·
888 2273 1050 2328 πλέον
1077 2276 1110 2346 ἡ
1140 2275 1304 2341 αἰδὼς
1328 2275 1438 2330 τῶν
1461 2279 1663 2347 γονέων
1700 2281 1866 2335 ἄπτε-

276 2376 379 2412 ται
414 2358 531 2414 τῶν
570 2362 915 2417 πεπονθότων
955 2364 1159 2419 αὐτῶν.
1208 2366 1271 2419 Ἡ
1313 2367 1422 2439 γὰρ
1464 2368 1690 2423 ἐκείνων
1738 2370 1865 2438 δόξα

273 2449 392 2503 τῶν
436 2454 854 2523 γεννησαμένων
908 2454 1091 2520 ἐστὶν,
1152 2458 1246 2510 κα)⁵
1291 2460 1325 2530 ή
1365 2459 1593 2530 αἰσχύνη
1642 2461 1860 2533 ὁμοίως.

281 2540 537 2612 ’Δδηλος,
569 2543 806 2614 ἀδελφοὶ,
839 2546 939 2619 τῆς
968 2547 1116 2618 ζωῆς
1144 2550 1176 2620 ή
1204 2549 1531 2623 προθεσμία.
1565 2552 1862 2624 Φθάσωμεν

277 2634 351 2702 τῇ
384 2634 670 2706 ἐπιμελείᾳ
710 2636 807 2708 τὴν
843 2638 1039 2704 ἔξοδον.
1067 2641 1297 2695 Ἄτοπον
1319 2642 1428 2714 γὰρ
1464 2643 1590 2707 τοὺς
1641 2644 1740 2716 μὲν
1763 2645 1864 2716 τῆς

279 2720 487 2791 σαρκὸς
515 2721 908 2795 λελογισμένως
938 2729 1289 2800 ποιουμένους
1313 2731 1411 2803 τὴν
1445 2732 1699 2803 πρόνοιαν
1719 2772 1735 2796 ,
1768 2750 1864 2787 κα-

277 2810 491 2882 θαίρειν
517 2814 741 2879 ἑαυτοὺς
771 2816 880 2870 τῶν
910 2817 1049 2872 ὑλῶν
1081 2820 1186 2889 πρὸ
1215 2822 1312 2892 τῆς
1345 2822 1599 2894 ἐπιτολῆς
1643 2822 1738 2876 τοῦ
1772 2824 1860 2877 λε-

278 2906 517 2973 γομένου
559 2907 749 2970 κυνός·
778 2909 867 2962 ἴνα
911 2908 985 2981 μὴ
1032 2910 1292 2965 διασαπέν
1325 2914 1390 2967 ἐκ
1428 2914 1528 2984 τῆς
1572 2914 1711 2985 ἄγαν
1746 2914 1863 2987 θερ-

280 2996 519 3065 μότητος
549 2997 612 3051 τὸ
650 3000 835 3071 ὑγρὸν,
868 3002 1144 3056 νοσοποιὺν
1177 3003 1337 3075 σῆψιν
1372 3005 1691 3077 ἐργάσηται·
1734 3007 1861 3071 τοὺς

1968 551 2199 618 Explora
2248 555 2498 612 celeriter
2549 568 2604 613 et
2659 556 2945 627 diligenter
2990 555 3356 610 animadverte
3401 569 3550 609 mor-

1967 643 2120 711 bum,
2152 660 2259 715 quo
2278 646 2501 704 al'fectus
2529 663 2609 704 es.
2640 648 2864 719 Suscipe
2895 662 2962 702 ex
2993 662 3059 703 eo
3078 646 3339 713 dolorem,
3366 662 3545 717 quan-

1970 746 2086 791 tum
2119 739 2414 793 maximum
2449 747 2622 807 potes;
2659 738 2833 809 aﬁlige
2866 748 2941 806 te,
2974 738 3278 808 fratresque
3316 737 3549 794 benevo-

1968 828 2123 884 volos
2169 839 2329 899 atque
2362 830 2645 886 unanimes
2684 831 2901 895 adhibe,
2951 831 3043 900 qui
3113 830 3272 884 simul
3325 830 3545 885 doleant

1970 917 2386 988 adjnmentoque
2458 918 2602 983 sint,
2667 930 2725 974 ut
2777 920 3039 974 libereris.
3113 917 3349 975 Ostende
3401 918 3538 974 mihi

1969 1024 2180 1064 amaras
2224 1018 2389 1079 atque
2422 1009 2616 1065 uberes
2652 1008 2916 1079 lacrymas
2964 1018 3103 1075 tuas,
3152 1018 3212 1064 ut
3248 1025 3396 1065 meas
3440 1024 3541 1081 ego

1968 1114 2183 1169 quoque
2252 1100 2658 1156 commisceam.
2719 1099 3035 1156 Alllictionis
3102 1101 3424 1171 participem
3486 1110 3544 1156 et

1969 1191 2178 1245 socium
2232 1206 2387 1245 sume
2438 1192 2801 1257 sacerdotem,
2835 1200 2894 1244 ut
2942 1201 3172 1260 patrem.
3219 1190 3351 1257 Quis
3398 1191 3541 1247 enim
3588 1194 3663 1223 κ’

1971 1289 2079 1333 tam
2124 1279 2260 1334 falso
2299 1279 2607 1334 nominatur
2655 1278 2838 1351 Pater,
2887 1292 2979 1333 aut
3021 1290 3128 1334 tam
3177 1281 3313 1335 duro
3382 1291 3544 1349 atque

1969 1371 2318 1425 adamantiuo
2348 1371 2531 1426 animo
2562 1372 2819 1442 praeditus
2842 1380 2946 1435 est,
2983 1372 3073 1440 qui
3111 1387 3215 1427 non
3245 1372 3372 1428 ﬁliis
3410 1387 3544 1428 πιαι-

1970 1462 2217 1517 rentibus
2246 1462 2448 1526 doleat,
2485 1471 2541 1516 et
2578 1463 2937 1531 gaudentibus
2978 1462 3235 1518 laetetur?
3272 1463 3541 1521 Sacerdos

1971 1552 2042 1606 ita
2086 1552 2333 1605 tristatur
2365 1554 2434 1604 ob
2465 1562 2748 1620 peccatum
2785 1550 2947 1615 illius,
2981 1566 3140 1620 quem
3186 1561 3411 1622 propter
3454 1567 3541 1606 re-

1970 1641 2217 1712 ligionem
2268 1642 2432 1696 habet
2473 1641 2593 1697 loco
2636 1641 2749 1706 ﬁlii,
2782 1652 2839 1695 ut
2874 1641 3042 1697 Jacob
3078 1641 3186 1695 visa
3223 1642 3404 1697 tunica
3449 1638 3542 1698 Jo-

1968 1735 2098 1804 seph
2151 1734 2412 1801 sanguine
2468 1748 2763 1803 conspersa
2824 1732 3211 1802 querebatur”,
3264 1742 3323 1785 ut
3374 1733 3539 1788 David

1964 1825 2097 1879 luxit
2126 1823 2410 1878 Absalonis
2440 1823 2713 1880 interitum
2736 1823 2802 1887 ιο,
2841 1833 2899 1875 ιιι
2923 1820 3042 1877 Heli
3072 1819 3303 1890 Ophuim
3330 1829 3383 1875 et
3406 1820 3533 1876 Phi-

1965 1931 2140 1977 ueem,
2185 1914 2275 1985 qui
2312 1913 2365 1969 in
2402 1914 2520 1969 acie
2558 1914 2954 1978 ceciderant",
3002 1921 3060 1966 ut
3100 1911 3275 1967 Moses
3316 1911 3538 1982 impium

1964 2005 2214 2076 populum
2273 2005 2364 2074 qui
2419 2021 2598 2060 rerum
2657 2020 2917 2059 novarum
2980 2003 3255 2059 studiosus
3311 2001 3539 2057 vitulum

1964 2098 2065 2151 sibi
2120 2095 2529 2153 conﬂaverat“.
2566 2096 2928 2163 Quamobrem
2998 2095 3173 2166 major
3224 2094 3318 2149 tibi
3371 2094 3423 2149 in
3475 2108 3542 2149 co

1965 2188 2156 2243 ﬁducia
2194 2188 2285 2254 sit,
2316 2188 2406 2257 qui
2452 2198 2503 2241 te
2552 2187 2604 2241 in
2660 2187 2766 2241 Deo
2814 2185 3021 2256 genuit,
3057 2199 3219 2254 quam
3260 2183 3314 2238 in
3352 2182 3478 2249 illis,
3507 2198 3539 2238 a

1964 2281 2158 2350 quibus
2190 2293 2414 2349 corpore
2449 2289 2760 2347 procreatus
2791 2292 2869 2332 es.
2900 2277 3169 2331 Audacter
3212 2273 3440 2330 ostende
3463 2275 3539 2330 illi

1963 2385 2082 2440 quae
2118 2380 2244 2425 sunt
2276 2370 2569 2424 recondita.
2596 2368 2773 2423 Animi
2803 2383 3003 2422 arcana
3037 2376 3286 2435 tanquam
3329 2364 3540 2421 occulta

1964 2462 2181 2517 Vulnera
2245 2462 2454 2517 medico
2508 2471 2712 2531 relege.
2761 2459 2879 2529 Ipse
2925 2466 2980 2513 et
3029 2458 3267 2523 honoris,
3299 2466 3354 2511 et
3390 2457 3537 2512 vale-

1967 2552 2168 2608 tudinis
2225 2563 2328 2608 tuae
2374 2554 2641 2608 rationem
2684 2550 2924 2605 habebit.
2972 2548 3230 2603 Filiorum
3276 2548 3540 2604 dedecore

1967 2645 2138 2714 magis
2171 2654 2456 2698 moventur
2501 2652 2774 2713 parentes,
2808 2656 2969 2712 quam
3025 2642 3123 2710 ipsi
3167 2640 3283 2699 ﬁlii.
3312 2639 3446 2695 Nam
3481 2648 3540 2695 ut

1964 2732 2195 2788 ﬁliorum
2236 2732 2404 2803 gloria
2448 2733 2515 2787 ad
2560 2738 2815 2802 parentes
2860 2731 3113 2800 pertinet,
3143 2731 3221 2786 sic
3251 2729 3415 2785 etiam
3444 2730 3539 2785 de-

1965 2823 2128 2879 decus
2158 2834 2212 2877 et
2239 2823 2533 2892 turpitudo.
2576 2821 2820 2876 Incertus
2868 2829 2973 2887 est,
3010 2819 3229 2889 fratres,
3275 2820 3540 2877 terminus

1962 2915 2112 2978 vim,
2139 2915 2436 2969 discessum
2466 2928 2497 2967 e
2530 2912 2641 2967 vita
2671 2911 2947 2982 diligentia
3000 2922 3410 2981 praevertamus.
3435 2911 3541 2967 Ab-

1962 3005 2183 3059 surdutn
2211 3006 2354 3058 enim
2385 3013 2489 3069 est,
2513 3017 2635 3059 cum
2680 3000 2780 3066 illi,
2808 3000 2900 3070 qui
2943 3000 3186 3066 corporis
3212 3001 3539 3055 valetudinis

277 3086 340 3139 δὲ
371 3089 513 3141 κατὰ
551 3089 791 3145 διάνοιαν
825 3092 1143 3165 ἐπιμελείας
1169 3095 1467 3168 χρῄζοντας
1500 3098 1575 3170 μὴ
1609 3098 1856 3170 προφθά-

1965 3100 2225 3152 rationem
2272 3095 2493 3160 habent,
2522 3094 2732 3162 seipsos
2760 3101 3065 3161 expurgent
3108 3100 3234 3146 ante
3274 3091 3533 3146 caniculae

279 3195 398 3231 νειν
430 3180 524 3234 τοῦ
566 3182 795 3237 θανάτου
832 3184 928 3256 τὴν
971 3186 1195 3256 ἁδηλίαν
1229 3188 1325 3243 καὶ
1363 3187 1459 3244 τοῦ
1496 3190 1853 3263 κολαστηρίου

1964 3196 2233 3252 exortum,
2269 3202 2358 3251 ne,
2386 3185 2529 3254 quod
2560 3183 2837 3238 humidum
2871 3181 2924 3236 iu
2956 3181 3059 3236 illis
3088 3191 3196 3247 est,
3227 3182 3535 3237 vehementi

278 3270 456 3342 πυρὸς
482 3272 580 3342 τὴν
608 3272 785 3337 ζέσιν,
818 3275 910 3331 τοῦ
945 3270 1196 3349 ἀλήκτως
1235 3278 1542 3348 φλέγοντος,
1575 3283 1669 3335 καὶ
1700 3283 1851 3354 μηδέ-

278 3376 412 3412 ποτε
433 3358 759 3432 ψυχομένου.
783 3364 894 3436 Τὴν
918 3366 1166 3439 δραχμήν
1187 3364 1332 3439 εἶχες
1349 3370 1447 3441 τὴν
1474 3371 1850 3444 εύαγγελικὴν,

277 3450 379 3503 καὶ
402 3451 581 3515 καλῶς
608 3446 887 3521 ἐπλούτεις
906 3457 984 3529 τῷ
1010 3460 1254 3530 χρήματι
1274 3475 1288 3489 ·
1319 3457 1436 3515 εἶτα
1463 3462 1852 3536 διάρᾳθυμίαν

274 3539 590 3606 ἀπώλεσας.
624 3544 793 3615 ’Ἄψον
821 3546 913 3600 τὸν
953 3549 1018 3601 ἐκ
1045 3550 1143 3619 τῆς
1181 3551 1714 3623 μετανοίαςλύχνον·
1748 3572 1849 3610 κα-

274 3629 522 3701 τάκυψον
567 3635 874 3708 ἐπιμελῶς·
923 3638 1155 3712 ζήτησον
1191 3641 1251 3695 τὸ
1286 3644 1567 3715 κειμήλιον
1600 3648 1710 3709 τοῖς
1735 3647 1849 3718 γηί-

275 3741 391 3789 νοις
426 3728 864 3799 ἐγκρυπτόμενον
916 3732 1162 3790 πάθεσιν.
1227 3733 1494 3807 Εύρηκὼς
1544 3738 1734 3792 ἀνελοῦ
1764 3740 1858 3793 καὶ

280 3817 457 3873 σῶσον
478 3836 491 3851 ·
531 3820 616 3875 ἵνα
653 3840 734 3877 σοι
775 3826 1136 3898 συγχαρῶμεν
1178 3829 1228 3883 οἱ
1268 3829 1505 3897 γείτονες
1548 3832 1720 3903 χαρὰν
1758 3832 1857 3905 τὴν

276 3910 342 3960 ἐν
373 3910 613 3982 Χριστῷ.
637 3907 708 3984 ’ᾯ
748 3916 945 3988 πρέπει
971 3916 1099 3982 δόξα
1122 3916 1217 3971 νῦν
1255 3918 1350 3972 καὶ
1376 3919 1463 3972 ἀεὶ
1492 3922 1585 3974 καὶ
1628 3923 1707 3986 είς
1731 3923 1859 3988 τοὺς

275 4000 483 4064 αἰῶνας
502 4003 610 4057 τῶν
638 4005 869 4060 αἰώνων.
910 4006 1102 4079 Ἀμήν.

1962 3279 2128 3348 ipsius
2166 3276 2361 3331 ardore
2391 3280 2787 3343 carrumpatur,
2814 3280 2869 3327 et
2912 3273 3131 3328 morbos
3178 3272 3387 3340 pariat;
3416 3287 3534 3340 eos,

1958 3371 2049 3441 qui
2076 3370 2239 3424 animi
2280 3379 2467 3423 curam
2489 3373 2707 3437 gerunt,
2740 3364 3007 3419 incertum
3035 3363 3227 3418 mortis
3251 3364 3393 3419 diem
3426 3378 3535 3419 non

1958 3467 2322 3521 autevertere,
2366 3463 2423 3510 et
2463 3453 2711 3508 ardorem
2756 3450 3119 3507 excruciantis
3170 3450 3317 3508 illius
3370 3452 3535 3522 ignis,

1960 3549 2051 3619 qui
2084 3559 2345 3602 aeternum
2388 3544 2677 3609 comburit,
2708 3550 2763 3599 et
2810 3541 3014 3598 nullum
3042 3554 3279 3610 unquam
3313 3542 3536 3615 refrige-

1960 3642 2097 3704 rium
2123 3638 2380 3693 admittit.
2412 3635 2736 3693 Drachmam
2760 3632 3150 3705 evangelicam,
3177 3648 3343 3704 quam
3374 3649 3531 3690 acce-

1956 3750 2134 3805 peras,
2180 3740 2237 3786 et
2277 3744 2382 3801 qua
2431 3728 2580 3784 dives
2636 3725 2860 3782 ell‘ectus
2906 3723 3109 3792 fueras,
3172 3725 3386 3795 ignavia
3441 3733 3533 3779 tua

1958 3824 2262 3897 perdidisti,
2290 3818 2619 3892 ptenitentia’
2652 3817 2925 3872 lucernam
2969 3815 3205 3872 accende
3227 3815 3293 3870 ".
3331 3815 3533 3870 lncliua

1958 3930 2011 3975 te
2043 3918 2347 3988 diligenter.
2383 3911 2535 3966 lllam
2563 3924 2754 3982 gazam
2797 3910 2850 3964 in
2892 3908 3122 3963 terrenis
3159 3905 3535 3965 aﬁ‘ectionibus

1957 4012 2226 4068 defossam
2259 4006 2544 4075 conquire,
2572 4003 2843 4057 inventam
2877 4000 3002 4053 tolle
3059 4007 3221 4068 atque
3248 4011 3532 4063 conserva,

276 4100 343 4142 ιιι
388 4105 485 4143 nos
521 4091 684 4147 vicini
732 4095 1086 4165 gratulemur,
1117 4105 1172 4152 et
1215 4110 1279 4155 eo
1305 4100 1502 4170 gaudio
1539 4101 1856 4173 aﬁiciamur,
1896 4105 2041 4178 quod
2082 4111 2168 4159 est
2219 4102 2273 4156 iu
2321 4096 2557 4161 Christo,
2626 4092 2715 4150 cui
2782 4091 2949 4162 gloria
2983 4091 3038 4146 in
3071 4092 3266 4147 sacula
3303 4089 3531 4146 saeculo-

278 4196 422 4235 rum.
454 4180 647 4239 Amen.

1018 4280 1116 4334 IA'.
1250 4342 1253 4345 _

493 4366 683 4432 Λόγος
707 4367 792 4433 είς
816 4366 931 4436 τὴν
954 4369 1152 4440 ἀρχὴν
1180 4369 1300 4426 τῶν
1320 4374 1636 4439 νηστειῶν.

350 4454 610 4511 Σύνθετον
668 4458 804 4523 ζῶον
856 4463 885 4514 ὁ
931 4463 1236 4537 ἄνθρωπος,
1294 4467 1403 4520 ἀπὸ
1454 4467 1705 4538 σώματος
1759 4469 1851 4523 τοῦ

281 4547 629 4617 φαινομένου,
682 4549 902 4621 καὶτῆς
930 4550 1155 4623 λογικῆς
1207 4554 1302 4609 καὶ
1354 4555 1645 4626 ἀσωμάτου
1674 4555 1853 4627 ψυχῆς

277 4635 458 4709 λαχὼν
507 4634 647 4693 εἶναι
694 4640 831 4713 ὅπερ
872 4643 1040 4699 ἐστίν.
1092 4646 1213 4700 Τῶν
1270 4646 1328 4701 δὲ
1371 4646 1464 4700 δύο
1494 4646 1699 4702 τούτων
1742 4649 1851 4704 τῶν

282 4729 698 4800 προρρηθέντων
751 4732 849 4802 οὐχ
905 4733 1165 4805 ὁμότιμος
1213 4737 1247 4807 ή
1300 4737 1460 4806 φύσις
1514 4736 1607 4792 καὶ
1637 4738 1670 4808 ή
1702 4736 1848 4804 ἀξία·

282 4820 418 4874 ἀλλά
452 4821 513 4875 τὸ
546 4823 645 4893 μὲν
677 4822 904 4896 ὄργανον
936 4825 1364 4899 ἐδημιουργήθη,
1400 4828 1536 4900 πρὸς
1579 4829 1679 4901 τήν
1707 4830 1852 4883 οἰκο-

279 4913 472 4985 νομίαν
499 4915 597 4985 τῆς
633 4915 938 4988 κρατούσης
970 4918 1306 4989 κινούμενον·
1340 4920 1374 4990 ή
1418 4918 1474 4972 δὲ
1501 4919 1851 4992 ήγεμονεύειν

281 5005 482 5078 ἐτάχθη
517 5007 610 5060 καὶ
657 5006 979 5077 βασιλεύειν,
1026 5009 1101 5074 ὡς
1144 5012 1409 5082 κρείττων
1450 5011 1544 5065 τοῦ
1588 5012 1846 5084 χείρονος.

281 5094 535 5151 Δαεοῦσα
575 5094 631 5149 δὲ
660 5096 797 5167 αὕτη
828 5098 888 5150 τὸ
936 5097 1268 5170 δίακριτικὺν
1315 5100 1422 5154 ἀπὸ
1465 5100 1558 5154 τοῦ
1593 5100 1706 5165 νοῦ,
1757 5102 1852 5155 καὶ

278 5185 371 5237 τοῦ
391 5185 572 5254 λόγου,
599 5186 692 5239 καί
712 5186 819 5240 τῶν
845 5187 1045 5253 καλῶν,
1080 5189 1174 5243 καὶ
1198 5189 1305 5243 τῶν
1345 5189 1598 5243 τοιούτων
1623 5189 1721 5260 τὴν
1737 5188 1853 5243 δια-

284 5275 452 5347 φορὰν
487 5271 799 5349 ἐξευρούσα,
856 5279 1110 5352 γνωρίζει
1174 5281 1272 5353 μὲν
1311 5280 1403 5334 τὸν
1447 5281 1579 5335 Θεὸν
1624 5281 1855 5354 ποιητήν

284 5366 378 5421 καὶ
399 5367 730 5440 δημιουργὸν
774 5370 884 5426 τῶν
929 5389 991 5426 τε
1035 5375 1095 5427 ἐν
1139 5374 1267 5427 ποσὶ
1291 5372 1493 5428 τούτων
1519 5374 1615 5428 καί
1638 5376 1705 5445 τῇ
1767 5373 1854 5427 αἰ-

289 5455 480 5526 σθήσει
508 5458 890 5530 καταληπτῶν,
927 5463 989 5516 οὐ
1029 5463 1135 5535 μὴν
1159 5462 1296 5518 ἀλλά
1324 5463 1419 5517 καλ⁵
1444 5462 1552 5516 τῶν
1583 5462 1854 5536 ἀοράτων,

2676 4266 2813 4323 XIV.

2159 4369 2344 4424 Oratio
2382 4382 2438 4419 ιη
2475 4362 2793 4431 principium
2826 4361 3152 4431 jejumorum
3194 4358 3337 4429 (6|).

2030 4461 2399 4530 Compositum
2437 4455 2637 4512 animal
2666 4464 2751 4509 est
2787 4456 2980 4519 homo,
3015 4469 3080 4509 ex
3115 4468 3343 4522 corpore
3368 4467 3529 4520 aspe-

1957 4556 2168 4618 ctabili,
2207 4563 2263 4609 et
2291 4566 2358 4606 ex
2394 4550 2572 4605 anima
2597 4546 2846 4603 rationali
2880 4554 2937 4602 et
2966 4545 3282 4614 incorporea
3322 4543 3531 4598 habens

1957 4657 2127 4703 totum
2171 4644 2311 4715 quod
2361 4650 2464 4698 est.
2512 4639 2780 4695 Caeterum
2821 4638 3085 4703 duorum,
3128 4651 3247 4707 qua:
3273 4634 3384 4704 jam
3437 4647 3530 4689 re-

1957 4737 2297 4800 censuimus,
2335 4750 2443 4790 non
2479 4743 2563 4788 est
2593 4729 2815 4800 aequalis
2846 4729 3068 4784 honoris
3097 4738 3320 4793 natura,
3348 4738 3529 4795 neque

1956 4830 2227 4900 dignitas:
2279 4828 2375 4882 sed
2429 4839 2626 4891 corpus
2673 4822 2892 4893 quidem
2943 4821 3219 4876 conditum
3267 4827 3354 4874 est
3409 4826 3527 4871 tan-

1957 4935 2121 4990 quam
2181 4920 2642 4979 instrumentum,
2711 4914 2780 4968 ad
2846 4913 3131 4983 imperium
3199 4907 3529 4965 dominantis

1956 5015 2150 5067 animae
2215 5008 2421 5066 moveri
2481 5006 2721 5063 solitum.
2776 5004 2848 5059 At
2901 5004 3080 5058 anima
3132 5015 3197 5056 eo
3259 5000 3528 5055 destinata

1955 5111 2069 5167 est,
2117 5110 2177 5156 ut
2227 5103 2457 5171 imperet
2500 5097 2646 5153 velut
2692 5095 3037 5167 praestantior
3086 5091 3360 5149 deteriori.
3411 5088 3527 5155 Qua

1954 5193 2296 5249 discernendi
2338 5191 2593 5247 facultate
2630 5204 2660 5243 a
2703 5196 2882 5243 mente
2919 5195 2976 5241 et
3017 5186 3227 5239 ratione
3260 5192 3478 5249 accepta
3508 5219 3525 5245 ,

1955 5294 2008 5339 et
2040 5284 2251 5341 honesti
2287 5299 2351 5339 ac
2383 5282 2644 5339 contrarii
2692 5278 2994 5337 differentia
3042 5283 3285 5344 reperta,
3329 5285 3527 5339 cogno-

1955 5376 2060 5433 scit
2098 5375 2263 5430 Deum
2302 5390 2422 5431 esse
2458 5385 2761 5430 creatorem
2804 5380 2859 5428 et
2899 5368 3386 5425 conditoremtam
3430 5376 3527 5416 eo-

1960 5484 2076 5524 rum
2099 5509 2114 5537 ,
2148 5482 2269 5539 qua:
2297 5478 2423 5524 ante
2455 5468 2640 5524 oculos
2680 5476 2736 5522 et
2781 5464 2947 5537 pedes
2982 5468 3287 5523 versantur,
3331 5470 3527 5512 sensu-

242 5628 258 5637 ‘
356 5612 379 5645 ’
415 5614 550 5672 Gen.
581 5634 795 5687 xxxvii,
827 5623 896 5677 5‘5
925 5638 1074 5693 seqq.
1152 5625 1195 5657 ¹⁰
1220 5622 1259 5680 11
1288 5624 1417 5696 Reg.
1449 5641 1563 5692 xu,
1592 5625 1645 5680 4.
1725 5626 1762 5658 “
1786 5624 1807 5680 Ι
1831 5626 1873 5681 R

1993 5643 2066 5692 tv,
2098 5627 2177 5682 l8.
2259 5627 2300 5658 "
2336 5626 2503 5680 Exod.
2534 5639 2704 5691 xxxii,
2737 5622 2805 5679 29
2830 5636 2951 5691 sqq.
3033 5617 3074 5649 ¹³
3097 5615 3228 5670 Luc.
3257 5627 3346 5677 xv,
3383 5610 3437 5676 8,
3473 5606 3524 5663 9.

359 5730 474 5807 (61)
511 5732 656 5795 Inter
712 5738 887 5811 Opera
948 5742 1189 5811 Gregorii
1242 5743 1467 5813 Nysseni
1497 5784 1511 5811 ,
1569 5745 1655 5800 cd.
1694 5743 1829 5800 1658
1857 5751 1987 5801 tom.
2025 5742 2104 5812 ll,
2136 5756 2258 5813 pag.
2291 5741 2417 5796 ΞΠ.
2451 5740 2601 5796 Edit.
