3892 6272
337 389 435 448 57-1

1617 395 1673 452 S.
1717 393 1995 453 ASTERII
2032 395 2336 456 AMASEM

3511 400 3656 460 572-

344 523 451 576 que
478 510 1038 580 comprehenduntur,
1064 529 1227 584 quam
1261 515 1732 580 inaspectabilium
1755 559 1771 586 ,
1803 533 1925 586 qua

2053 521 2127 572 ὶσα
2150 518 2275 583 νοῦς
2308 511 2596 591 ἀσώματος
2619 519 3077 592 φαντασιούμενος
3103 520 3308 592 βλέπει.
3367 523 3622 582 Ασκοῦσα

347 617 500 658 mens
537 605 780 673 corporis
828 623 1023 676 expers
1070 609 1397 678 cogitatione
1445 607 1703 664 informat
1742 620 1796 665 et
1839 611 1924 665 in—

346 705 548 750 tuetur.
586 697 755 752 Porro
784 699 1054 768 justitiam
1097 709 1152 754 et
1186 701 1437 767 virtutem
1476 717 1572 755 ceu
1626 702 1732 756 Deo
1772 711 1925 773 grata

345 801 650 851 exercens,
705 803 916 842 sacram
970 789 1362 844 institutionem
1417 791 1654 860 appetit,
1702 793 1926 863 ejusque

346 876 552 945 legibus
597 888 651 951 et
696 881 916 934 monitis
952 881 1358 945 obsecundans,
1394 897 1556 951 quam
1613 883 1927 953 longissime

346 968 580 1035 seipsam
614 985 642 1023 a
673 971 980 1025 carnalibus
1008 972 1292 1026 desideriis
1315 972 1536 1026 abducit
1562 989 1578 1038 ;
1611 972 1719 1027 Deo
1747 984 1925 1027 autem

349 1069 402 1114 et
437 1070 696 1129 quantum
735 1062 848 1116 ﬁeri
882 1073 1059 1133 potest
1091 1080 1302 1118 summo
1345 1065 1421 1118 illi
1466 1063 1606 1118 bono
1639 1065 1924 1119 assimilari

279 1217 288 1224 θ
347 1153 550 1206 studet.
597 1152 715 1220 Ipsa
771 1154 933 1208 etiam
982 1169 1137 1210 sacra
1190 1154 1526 1224 philosophia
1576 1156 1720 1208 circa
1770 1171 1924 1218 eam,

315 1231 506 1312 'quam
561 1248 979 1322 temperantiam
1028 1262 1125 1302 seu
1170 1248 1564 1302 continentiam
1613 1247 1928 1316 appellant,

349 1338 642 1406 plurimum
699 1349 754 1393 et
809 1339 1068 1407 primario
1120 1348 1381 1408 occupata
1438 1350 1562 1394 est:
1611 1354 1732 1393 cum
1785 1339 1928 1392 enim

351 1446 502 1484 mens
549 1431 638 1486 hic
686 1432 890 1504 absque
933 1431 1038 1484 ulla
1078 1431 1490 1501 perturbatione
1527 1439 1794 1495 versetur,
1835 1445 1932 1484 ne—

348 1539 453 1590 que
488 1523 650 1576 ullam
699 1523 1074 1577 admiStionem
1121 1523 1397 1588 sordium,
1436 1537 1556 1593 qua:
1598 1521 1684 1583 vel
1725 1536 1756 1575 a
1801 1536 1932 1576 ven-

352 1627 470 1680 tre,
506 1617 588 1668 vel
634 1614 848 1669 aliunde
886 1615 1251 1684 proveniunt,
1295 1615 1552 1682 patiatur,
1602 1613 1774 1668 libere
1823 1628 1936 1668 suae

351 1709 688 1775 uperationi,
745 1717 800 1762 et
847 1724 1023 1762 rerum
1075 1708 1376 1764 cazlcstium
1427 1707 1528 1762 sibi
1583 1716 1934 1777 cognatarum

353 1799 792 1870 contemplationi
835 1812 1012 1857 vacat.
1941 1869 1948 1878 κ

427 1890 594 1958 Igitur
647 1901 915 1960 quotquot
967 1893 1320 1965 philosophiae
1369 1893 1604 1961 alumni,
1651 1902 1706 1951 et
1753 1910 1933 1950 rerum

351 1978 660 2036 sublimium
686 1989 958 2038 amatores
1003 1997 1067 2038 ac
1097 1984 1344 2056 discipuli
1375 1985 1642 2042 sermonis
1671 1986 1826 2050 estis,
1853 1986 1936 2040 di—

354 2073 505 2146 ligite
533 2083 746 2143 tempus
780 2089 1060 2144 praesens,
1087 2086 1140 2130 et
1175 2087 1424 2135 sanctam
1453 2077 1934 2148 Quadragesimam

355 2181 480 2227 cum
537 2165 733 2236 gaudio
791 2166 1094 2236 suscipite,
1146 2169 1296 2226 velut
1344 2170 1716 2239 temperantiae
1765 2169 1937 2240 magi-

356 2268 526 2314 stram
551 2299 568 2324 ,
592 2259 810 2314 virtutis
838 2269 1072 2314 matrem
1093 2300 1109 2326 ,
1144 2261 1406 2316 nutricem
1439 2258 1670 2317 ﬁliorum
1699 2261 1822 2323 Dei,
1850 2262 1937 2316 in-

355 2349 658 2420 composite
705 2352 1002 2408 viventium
1053 2351 1522 2421 informatricem,
1571 2352 1937 2423 tranquillita-

359 2455 466 2497 tem
497 2441 838 2508 animarum,
873 2445 1230 2499 constantiam
1274 2459 1368 2498 seu
1411 2444 1607 2499 bonam
1656 2445 1933 2500 habitudi-

363 2548 485 2592 nem
517 2532 674 2599 vitae,
712 2549 1006 2604 pacemque
1037 2533 1349 2588 inviolatam
1380 2542 1436 2588 et
1464 2534 1936 2607 imperturbatain.

365 2624 541 2696 Hujus
571 2627 714 2683 enim
750 2627 1013 2683 severitas
1047 2635 1102 2681 et
1151 2626 1389 2697 gravitas
1433 2642 1630 2696 pravas
1671 2628 1942 2699 cupidita-

363 2729 444 2774 tes
473 2719 652 2789 sopit,
701 2719 837 2776 iram
890 2729 945 2774 et
998 2720 1392 2776 commotiones
1449 2720 1774 2790 exstinguit,
1826 2736 1941 2775 0m-

361 2825 596 2880 Itemque
629 2811 919 2879 procellam
941 2852 956 2876 ,
989 2826 1112 2881 qua:
1145 2827 1210 2867 ex
1249 2811 1417 2866 nimio
1448 2811 1570 2866 cibo
1602 2813 1823 2876 ebullit,
1858 2828 1942 2868 re-

363 2904 591 2976 frigerat
617 2914 674 2962 et
700 2915 936 2963 coercet.
976 2905 1039 2960 Et
1067 2907 1520 2976 quemadmodum
1553 2907 1761 2962 aestatis
1808 2915 1942 2962 tem-

365 3013 533 3067 pore,
568 2999 784 3068 quando
820 2999 1019 3052 nimius
1047 2997 1191 3053 solis-
1224 2998 1390 3056 ardor
1441 3009 1596 3052 terrm
1646 2999 1942 3061 incumbit,

365 3089 546 3158 aquilo
580 3089 791 3148 lenibus
823 3089 970 3143 auris
1002 3089 1182 3145 omnia
1229 3105 1486 3144 recreans
1509 3130 1522 3154 ,
1573 3090 1831 3160 impedit,
1879 3105 1944 3145 ne

2028 609 2085 662 δὲ
2132 609 2482 682 δικαιοσύνην
2536 612 2630 666 καὶ
2683 613 2908 683 ἀρετὴν,
2945 614 3022 677 ὡς
3051 614 3170 684 Θεῷ
3218 615 3368 686 φίλη,
3409 615 3620 685 ἐφίεται

2030 703 2367 773 φιλοσοφίας,
2405 705 2498 758 καὶ
2549 707 2663 770 τοῖς
2705 707 2920 776 ἐκείνης
2952 707 3142 778 νόμοις
3179 709 3274 761 καὶ
3301 709 3622 780 παραγγέλ-

2032 813 2166 866 μασι
2195 797 2514 869 πειθομένη,
2557 799 2761 868 ἀπάγει
2795 800 2892 870 μέν
2917 801 3114 872 ἑαυτὴν
3140 801 3221 854 δτι
3240 801 3485 855 πλεῖστον
3509 802 3622 854 τῶν

2033 889 2315 961 σαρκικῶν
2364 890 2821 962 ἐπιθυμημάτων,
2876 893 3083 960 ἐγγίζει
3135 892 3193 946 δὲ
3225 892 3343 964 Θεῷ
3389 893 3483 946 καὶ
3517 895 3634 967 ὅση

2029 978 2260 1050 δύναμις
2289 980 2626 1043 οἰκειοῦσθαι
2671 980 2748 1052 τῷ
2784 981 2974 1052 ἀγαθῷ
3006 982 3474 1054 πραγματεύεται.
3508 983 3624 1036 Αὐ-

2029 1071 2130 1141 τῆς
2183 1072 2240 1125 δὲ
2311 1072 2411 1142 τῆς
2469 1074 2618 1143 ἱερᾶς
2671 1073 2988 1142 φιλοσοφίας
3047 1075 3175 1146 περὶ
3230 1075 3328 1144 τὴν
3380 1073 3617 1144 λεγομέ-

2032 1182 2130 1236 νην
2158 1165 2486 1236 ἐγκράτειαν
2516 1166 2577 1218 τὸ
2606 1165 2856 1219 πλεῖστον
2901 1166 2997 1219 καὶ
3025 1165 3360 1239 κυριώτερον
3393 1167 3625 1238 στρέφε-

2031 1272 2143 1310 ται’
2177 1256 2412 1310 ἐνταῦθα
2459 1258 2567 1329 γὰρ
2598 1259 2628 1311 ό
2661 1257 2787 1321 νοῦς
2822 1257 3091 1322 ἀθόλωτος
3127 1260 3322 1329 μένων,
3355 1260 3449 1312 καὶ
3468 1259 3624 1311 οὔδει

2037 1349 2167 1418 μίαν
2195 1347 2478 1420 ἐπιμιξίαν
2510 1349 2619 1402 τῶν
2648 1349 2755 1402 ἀπὸ
2797 1351 3034 1422 γαστρὸς
3083 1351 3116 1421 ἢ
3160 1349 3268 1403 τῶν
3294 1349 3468 1403 ἄλλων
3529 1351 3626 1420 ρυτ

2035 1440 2339 1512 πασμάτων
2373 1441 2678 1512 δεχόμενος,
2714 1442 3110 1513 ἀνεμπόδιστον
3160 1443 3274 1513 ἔχει
3329 1423 3430 1513 τὴν
3472 1444 3626 1513 ἐνέρε

2034 1547 2212 1604 γειαν,
2237 1531 2331 1585 καὶ
2357 1529 2455 1603 τὴν
2481 1531 2610 1610 περὶ
2639 1531 2749 1585 τῶν
2776 1533 3048 1606 οὐρανίων
3074 1533 3169 1590 καὶ
3201 1533 3476 1604 συγγενῶν
3505 1533 3630 1585 ἐαυς

2034 1621 2111 1692 τῷ
2137 1621 2387 1694 Θεωρίαν.

2109 1885 2321 1958 Οὐκοῦν
2370 1888 2486 1942 ὅσοι
2536 1886 2636 1958 τῆς
2679 1884 3000 1955 φιλοσοφίας
3055 1883 3334 1955 τρόφιμοι,
3374 1885 3467 1936 καὶ
3514 1883 3635 1938 τῶν

2039 1978 2259 2050 ὑψηλῶν
2285 1978 2513 2050 ἐρασταὶ
2538 1979 2635 2032 καὶ
2666 1977 2907 2049 μαθηταὶ
2959 1975 3054 2030 τοῦ
3080 1975 3260 2044 λόγου,
3299 1976 3630 2046 ἀγαπήσατε

2038 2071 2131 2126 τὸν
2159 2058 2430 2135 ἐνεστῶτα
2460 2072 2674 2144 καιρὸν,
2710 2071 2804 2123 καὶ
2827 2070 2928 2142 τὴν
2960 2069 3122 2138 ἁγίαν
3167 2068 3631 2140 Τεσσαρακοστὴν

2041 2165 2321 2238 χαίροντες
2355 2164 2712 2230 ὑποδέξασθε,
2767 2163 2842 2227 ὡς
2898 2160 3256 2234 σωφροσύνης
3285 2161 3627 2226 διδάσκαλον,

2041 2258 2136 2312 καὶ
2164 2259 2366 2330 ἀρετῆς
2408 2259 2641 2330 μητέρα,
2673 2259 2770 2312 καὶ
2807 2255 3006 2328 τροφὸν
3034 2254 3142 2308 τῶν
3169 2255 3303 2308 υἱῶν
3339 2255 3432 2308 τοῦ
3466 2253 3634 2328 Θεοῦ,

2041 2350 2138 2410 καὶ
2172 2350 2518 2420 παιδαγωγὸν
2547 2349 2654 2407 τῶν
2694 2349 2970 2411 ἀτάκτων,
3005 2349 3102 2400 καὶ
3146 2347 3387 2422 γαλήνην
3419 2345 3629 2417 ψυχῶν,

2042 2444 2137 2498 καὶ
2171 2443 2492 2504 εὐστάθειαν
2550 2441 2690 2513 βίου,
2749 2439 2843 2492 κα)⁸
2896 2438 3122 2515 εἰρήνην
3173 2438 3477 2499 ἔνσπονδον,
3533 2439 3634 2492 καὶ

2043 2536 2338 2608 ἀτάραχον.
2368 2534 2586 2606 Ταύτης
2601 2535 2712 2608 γὰρ
2741 2533 2802 2586 τὸ
2836 2530 3111 2605 αὐστηρὸν
3132 2531 3228 2584 καὶ
3259 2530 3454 2601 σεμνὸν
3478 2529 3632 2600 πάθη

2044 2629 2305 2700 κοιμίζει,
2367 2626 2539 2698 ὀργὰς
2594 2627 2688 2680 καὶ
2736 2623 2943 2696 θυμοὺς
3005 2621 3391 2686 ἀποσϐέννυσι,
3452 2621 3633 2675 πάντα

2043 2720 2288 2778 κλύδωνα
2320 2719 2412 2774 τὸν
2462 2721 2527 2773 ἐκ
2582 2717 2926 2787 πολυφαγίας
2979 2714 3276 2778 ἀναζέοντα
3329 2713 3634 2785 καταψύχει

2045 2817 2141 2870 καὶ
2191 2812 2567 2869 καταστέλλει.
2604 2809 2710 2865 Καὶ
2763 2810 2900 2881 ὅπερ
2956 2809 3050 2862 ἐπ)⁵
3102 2807 3193 2862 τοῦ
3243 2808 3454 2881 θέρους,
3504 2807 3633 2860 ὅταν

2043 2909 2196 2980 ἡλίου
2216 2908 2276 2961 τὸ
2302 2905 2575 2976 φλογῶδες
2604 2902 2941 2975 καταλάμπῃ
2989 2905 3056 2974 τῇ
3089 2905 3183 2973 γῇ,
3212 2903 3241 2954 ὁ
3278 2901 3480 2972 βορρᾶς
3505 2900 3633 2963 τοὺς

2047 2999 2416 3069 θαλπομένους
2453 2997 2754 3068 εὐεργετεῖ,
2787 2995 3042 3065 πραείαις
3075 2992 3269 3066 αὔραις
3315 2991 3635 3047 ἀπελαύνων

2047 3092 2106 3145 τὸ
2127 3093 2335 3160 πνῖγος·
2371 3089 2530 3142 τοῦτο
2581 3088 2674 3143 καὶ
2714 3088 2747 3158 ἡ
2801 3087 3024 3158 νηστεία
3075 3087 3380 3158 χαρίζεται,
3433 3085 3533 3158 τὴν
3568 3085 3635 3137 ἐκ

365 3178 701 3234 suﬂ‘ocentur
732 3197 747 3244 ;
782 3179 852 3231 ita
889 3187 942 3233 et
967 3178 1232 3246 jejunium
1265 3178 1742 3233 inﬂammationem
1767 3197 1831 3234 ex
1860 3196 1942 3234 su-

2053 3181 2148 3252 τῆς
2200 3179 2643 3252 γαστριμαονίας
2667 3177 2914 3234 πύοωσιν
2942 3177 3051 3240 τῶν
3081 3176 3351 3248 σωμάτων
3398 3173 3635 3229 ἀποδιώ-

369 3270 572 3342 pet-[luo
599 3272 720 3327 cibo
758 3281 997 3341 potaque
1023 3281 1196 3329 ortam
1233 3286 1262 3325 a
1295 3271 1614 3341 corporibus
1655 3272 1906 3341 dispellit.

438 3386 506 3440 Et
553 3385 668 3440 haec
715 3385 932 3454 quidem
981 3385 1244 3440 beneﬁcia
1283 3384 1548 3455 jejunium
1600 3387 1652 3440 in
1712 3385 1946 3439 animam

368 3477 618 3542 confert,
667 3475 820 3545 cujus
870 3490 975 3530 non
1007 3477 1214 3532 minora
1242 3487 1367 3532 sunt
1401 3477 1454 3532 in
1506 3491 1704 3547 corpus
1732 3479 1946 3536 merita.

369 3571 641 3626 Extenuat
673 3569 818 3624 enim
850 3570 1092 3624 materia:
1127 3569 1434 3625 crassitiem
1457 3609 1472 3634 ,
1527 3570 1720 3626 molem
1755 3585 1949 3639 corpo-

371 3675 520 3716 ream
555 3659 816 3727 destruit,
861 3675 1136 3730 venasque
1179 3675 1247 3715 ex
1290 3660 1625 3716 abundantia
1673 3662 1952 3732 sanguinis

370 3751 702 3821 rumpendas
734 3749 983 3815 relaxat,
1016 3759 1070 3806 et
1102 3751 1261 3820 spatii
1296 3750 1499 3819 aliquid
1527 3752 1792 3822 angustiis
1825 3767 1955 3807 con-

369 3844 548 3909 cedit,
580 3857 647 3899 ne
677 3843 784 3898 illis
814 3843 1132 3913 contingat,
1161 3845 1302 3914 quod
1333 3842 1612 3898 canalibus
1634 3884 1649 3908 ,
1679 3845 1874 3912 quibus
1905 3845 1952 3900 si

369 3935 490 4007 plus
518 3950 670 4006 aqua:
694 3932 1028 4000 infundatur,
1057 3948 1217 4003 quam
1243 3935 1495 4005 capiant,
1519 3934 1951 4004 coiifringuntur,

371 4030 500 4098 quia
561 4028 859 4083 violentum
905 4017 1052 4081 illum
1103 4027 1390 4097 impulsum
1442 4041 1780 4096 nequaquam
1809 4026 1953 4085 ferre

375 4131 638 4190 possunt,
670 4129 831 4190 caput
890 4128 1132 4190 pacatam
1189 4127 1244 4174 et
1295 4120 1645 4188 tranquillam
1692 4119 1956 4174 constitu-

376 4215 578 4270 tionem
619 4215 818 4279 habet,
849 4228 1024 4282 neque
1059 4212 1468 4267 subsilientibus
1497 4211 1744 4278 arteriis,
1780 4227 1958 4283 neque

375 4312 604 4365 cerebro
644 4323 742 4378 per
788 4307 1150 4363 ascendentes
1184 4319 1414 4376 vapores
1459 4303 1788 4360 obscurato:
1843 4316 1958 4360 sto-

378 4406 568 4461 macho
613 4404 725 4475 jam
771 4417 866 4459 sua
923 4402 1144 4456 libertas
1177 4415 1272 4469 per
1299 4399 1684 4456 continentiam
1727 4408 1955 4454 constat.

2049 3292 2144 3328 κου
2153 3291 2238 3328 σα.

2119 3391 2371 3444 Τοσαῦτα
2399 3390 2456 3443 δέ
2491 3388 2669 3460 ψυχὴν
2696 3384 3082 3459 εὐεργετοῦσά,
3118 3386 3218 3456 οὐχ
3249 3379 3410 3458 ἦττον
3436 3383 3639 3453 ὠφελεῖ

2051 3484 2144 3537 καὶ
2169 3482 2228 3535 τὸ
2254 3482 2431 3553 σῶμα.
2461 3478 2726 3533 Λεπτύνει
2756 3479 2865 3550 γὰρ
2895 3483 2990 3532 καὶ
3018 3477 3127 3531 τῶν
3162 3477 3302 3531 ὑλῶν
3335 3477 3434 3539 τάς
3463 3471 3651 3546 παχύο⁶

2051 3591 2243 3644 τητας,
2277 3573 2373 3626 καὶ
2393 3572 2483 3624 τὸν
2514 3571 2677 3641 ὄγκον
2728 3570 3097 3635 ἀποσκευάζει
3118 3571 3214 3625 τοῦ
3241 3569 3514 3641 σώματος,
3545 3568 3640 3622 καὶ

2051 3665 2152 3729 τάς
2175 3665 2376 3735 φλέϐας
2399 3663 2475 3736 τῷ
2504 3662 2699 3734 πλήθει
2734 3663 3081 3736 ῥηγνυμένας
3112 3663 3206 3716 τοῦ
3238 3663 3470 3734 αἵματος
3492 3659 3643 3729 ἀνίη.

2057 3776 2130 3823 σι,
2173 3759 2268 3816 καὶ
2305 3757 2520 3812 δίδωσιν
2543 3755 2721 3826 ὀλίγον
2749 3755 2988 3827 χώρημα
3020 3759 3087 3828 τῇ
3123 3755 3422 3825 στενότητι,
3450 3754 3539 3807 ἵνα
3563 3751 3641 3823 μὴ

2055 3849 2268 3906 πάθωσι
2320 3849 2382 3902 τὸ
2438 3847 2546 3901 τῶν
2581 3847 2835 3920 σωλήνων
2872 3846 3060 3920 πάθος.
3117 3846 3231 3902 Καὶ
3279 3845 3386 3918 γὰρ
3419 3847 3638 3908 ἐκεῖνοι,

2056 3942 2184 3998 ὅταν
2218 3941 2400 4004 αὐτοῖς
2431 3938 2566 3992 πολύ
2602 3955 2655 3996 τι
2702 3937 2797 3998 καὶ
2819 3937 3055 4010 ἄμετρον
3094 3937 3238 4009 ὑπὲρ
3261 3935 3358 4008 τὴν
3401 3933 3642 4006 χώρησιν

2058 4037 2393 4111 ἐποχετεύσῃ
2443 4037 2503 4091 τὸ
2535 4035 2698 4105 ὕδωρ,
2725 4036 3110 4107 ἐκρήγνυνται,
3163 4033 3255 4086 τὸν
3281 4033 3344 4085 ἐκ
3370 4031 3472 4101 τῆς
3521 4029 3642 4100 βίας

2058 4129 2282 4185 εἰσωθού
2292 4147 2449 4202 μενον
2474 4129 2637 4198 ὄγκον
2656 4128 2730 4200 μὴ
2757 4127 3057 4196 στέγοντες.
3085 4124 3310 4196 Κεφαλὴ
3331 4123 3388 4176 δέ
3411 4124 3644 4195 πραεῖαν

2059 4225 2171 4296 ἔχει
2197 4225 2291 4278 καὶ
2321 4221 2666 4295 γαληνιῶσαν
2691 4219 3044 4285 κατάστασιν,
3078 4218 3202 4274 οὔτε
3227 4218 3336 4272 τῶν
3365 4215 3645 4290 ἀρτηριῶν

2061 4316 2438 4388 παλλομένων,
2471 4313 2596 4368 οὔτε
2627 4313 2721 4368 τοῦ
2751 4312 3057 4382 ἐγκεφάλου
3098 4313 3186 4367 διὰ
3217 4313 3317 4384 τῆς
3341 4311 3646 4375 ἀναδόσεως

2059 4409 2168 4464 τῶν
2194 4409 2384 4482 ἀτμῶν
2419 4407 2774 4480 ζοφουμένου.
2814 4407 3095 4478 Στομάχου
3124 4405 3182 4459 δὲ
3212 4404 3513 4476 ἐλευθερία,
3553 4406 3646 4472 ἐγ-

376 4497 533 4553 Tunc
563 4497 706 4552 enim
735 4511 764 4550 a
801 4503 988 4550 coacta
1017 4493 1279 4548 servitute
1305 4493 1592 4556 liberatur,
1627 4507 1696 4547 ne
1725 4502 1784 4546 nt
1814 4490 1944 4547 lebet

2061 4503 2312 4577 κράτεια.
2358 4501 2492 4554 Τότε
2521 4499 2630 4572 γὰρ
2678 4498 2896 4569 ἀφίεται
2921 4498 3022 4569 τῆς
3063 4497 3490 4568 ἡναγκασμένης
3525 4496 3647 4548 δου-

378 4591 601 4654 bulliat,
635 4588 1076 4644 concoctionibus
1105 4585 1382 4640 laborans.
1415 4584 1569 4640 Oculi
1600 4599 1733 4654 pure
1757 4592 1814 4639 et
1840 4583 1944 4638 sine

2065 4567 2238 4660 λείας,
2266 4594 2362 4649 καὶ
2387 4591 2483 4646 τοῦ
2516 4567 2656 4657 ζέενιν
2685 4567 2762 4654 ὡς
2789 4567 2988 4663 λέϐης,
3005 4567 3228 4661 κάμνων
3253 4567 3372 4652 ταῖς
3394 4588 3642 4658 πέψεσιν.

378 4682 500 4737 ullis
531 4679 769 4735 tenebris
796 4679 1018 4742 vident,
1053 4675 1262 4732 sublata
1298 4676 1442 4732 omni
1489 4675 1750 4746 caligine,
1792 4688 1955 4743 quam

379 4771 607 4826 satietas
635 4769 806 4824 oculis
833 4767 1112 4822 otl'undere
1140 4767 1420 4822 consuevit
1450 4783 1468 4830 ;ε
1511 4767 1704 4836 pedum
1745 4779 1960 4834 quoque

378 4862 587 4918 stabilis
619 4870 703 4917 est
732 4861 903 4927 actio,
935 4870 990 4915 et
1033 4875 1291 4915 manuum
1329 4860 1447 4915 sine
1479 4860 1786 4913 turbatione
1829 4871 1959 4925 ope-

380 4959 538 5012 ratio.
565 4957 873 5027 Respiratio
903 4957 1147 5012 ordinata
1182 4964 1236 5011 et
1269 4956 1333 5010 ad
1361 4956 1786 5010 mediocritatem
1827 4953 1955 5008 red-

378 5060 531 5116 acta,
566 5051 764 5120 quippe
794 5065 914 5120 quae
969 5050 1113 5104 intus
1150 5047 1458 5103 turbulento
1488 5046 1681 5117 spiritu
1714 5052 1842 5100 non‘
1869 5059 1961 5098 ur-

379 5155 596 5215 geatur.
649 5143 843 5199 Sermo
873 5141 1168 5214 jejunantis
1200 5149 1278 5196 est
1312 5145 1630 5212 perspicuus
1673 5147 1727 5193 et
1769 5137 1962 5192 distin-

377 5253 530 5305 ctus,
567 5253 720 5294 mens
747 5239 982 5308 jucunda
1013 5255 1026 5291 :
1058 5249 1110 5292 et
1138 5247 1265 5292 tunc
1295 5252 1420 5292 vere
1453 5235 1517 5288 ad
1549 5231 1956 5288 similitudinem

379 5337 620 5390 divinam
655 5334 900 5398 accedit,
929 5333 1146 5403 quando
1173 5331 1324 5401 quasi
1358 5330 1410 5384 in
1443 5331 1761 5398 incorporea
1793 5340 1958 5381 carne

378 5427 589 5495 absque
621 5425 726 5480 ulla
762 5424 978 5480 tristitia
1004 5433 1058 5478 et
1086 5424 1314 5478 tumultu
1345 5421 1586 5474 actiones
1628 5434 1755 5473 suas
1801 5417 1962 5486 perti-

377 5519 472 5572 cit.
508 5519 744 5572 Somnus
769 5516 1040 5587 iucundus
1068 5526 1154 5570 est
1177 5556 1192 5582 ,
1222 5523 1275 5568 et
1303 5511 1694 5568 insomniorum
1722 5518 1964 5579 spectro—

385 5623 612 5677 rumque
640 5622 868 5678 expers,
900 5617 953 5663 et
985 5617 1042 5660 ut
1068 5605 1252 5661 multis
1285 5605 1702 5676 praetermissis,
1748 5603 1920 5658 dicam
1945 5641 1959 5666 ,

382 5698 646 5768 jejunium
675 5709 759 5755 est
782 5713 886 5768 pax
915 5698 1217 5755 communis
1248 5697 1442 5752 animae
1471 5707 1524 5752 et
1552 5695 1827 5764 corporis,
1856 5695 1965 5750 vita

388 5791 510 5845 sine
541 5791 981 5861 perturbatione,
1014 5799 1270 5844 constans
1297 5789 1490 5856 agendi
1517 5797 1572 5842 et
1599 5786 1957 5842 conversandi

389 5881 560 5950 ratio,
603 5882 713 5937 vita
759 5896 879 5951 qua:
929 5881 1094 5938 Deum
1141 5881 1414 5949 laetiﬁcat,
1465 5881 1738 5951 inimicum
1780 5888 1960 5937 autem

2081 4687 2378 4758 Ὀφθαλμοὶ
2397 4685 2634 4758 καθαρὸν
2665 4684 2760 4738 καὶ
2790 4682 3216 4755 ἀνεπισκότητον
3243 4681 3523 4753 βλέπουσι,
3553 4680 3652 4734 πά-

2069 4763 2178 4852 σηςθ
2199 4777 2393 4850 ἀχλύος
2423 4776 2851 4849 ἀφαιρουμένης,
2867 4778 2931 4848 ἢν
2953 4777 2982 4830 ό
3020 4776 3182 4847 κόρος
3208 4778 3464 4846 καταχεῖν
3489 4771 3651 4827 εἴωθε

2067 4871 2176 4926 τῶν
2210 4871 2492 4942 ὀμμάτων⁸
2529 4868 2623 4923 καὶ
2654 4868 2761 4922 τῶν
2795 4868 2970 4922 ποδῶν
3009 4867 3219 4939 ἐδραία,
3266 4867 3560 4937 ἁκλόνητος
3589 4865 3649 4919 δὲ

2065 4964 2174 5017 τῶν
2201 4963 2397 5034 χειρῶν
2426 4965 2458 5034 ή
2492 4963 2760 5033 ἐνέργεια,
2801 4956 3024 5032 Ἀσθμα
3058 4959 3390 5030 τεταγμένον
3421 4960 3516 5012 καὶ
3557 4959 3652 5028 μέ-

2067 5074 2234 5129 τριον,
2265 5056 2394 5127 παρ’
2443 5055 2657 5116 ούδενδς
2689 5052 2795 5106 τῶν
2843 5053 3142 5124 ὀχλούντων
3186 5052 3514 5123 πνευμάτων
3566 5051 3651 5104 ἔνο

2068 5149 2219 5203 δοθεν
2249 5148 2623 5219 ἐπειγόμενον.
2673 5147 2846 5216 Λόγος
2878 5145 2972 5200 τοῦ
3007 5145 3302 5218 νηστευτοῦ
3337 5147 3516 5216 σαφὴς
3558 5143 3654 5197 καὶ

2069 5241 2494 5314 διηρθρωμένος,
2542 5239 2667 5304 νοῦς
2716 5240 2976 5313 καθαρὸς,
3027 5241 3121 5293 καὶ
3167 5239 3289 5292 τότε
3331 5237 3546 5310 ἀληθῶς
3595 5237 3655 5291 τὸ

2069 5333 2298 5396 θεοειδές
2338 5333 2497 5403 ἔχων,
2527 5333 2656 5386 ὅταν
2700 5330 2776 5395 ὡς
2801 5332 2858 5384 ἐν
2882 5330 3158 5402 ἀσωμάτῳ
3196 5333 3263 5402 τῇ
3312 5330 3476 5400 σαρκὶ
3522 5328 3654 5382 ἀλυ-

2070 5443 2172 5479 πον
2213 5426 2306 5479 καὶ
2343 5424 2679 5498 ἀθορύϐητον
2723 5424 2962 5476 ἐπιτελεῖ
3010 5422 3106 5494 τήν
3164 5423 3301 5477 ἰδίαν
3351 5422 3649 5493 ἐνέργειαν.

2073 5517 2271 5571 ’Υπνοι
2312 5517 2507 5577 ἄλυποι
2540 5517 2635 5570 καὶ
2678 5514 3124 5585 ἀφαντασίαστοι·
3177 5515 3268 5568 καὶ
3299 5514 3387 5567 ἵνα
3423 5511 3492 5565 τά
3524 5511 3648 5564 πολ-

2071 5609 2140 5664 λά
2182 5608 2558 5682 παραδραμὼν
2602 5610 2760 5674 εἴπω,
2792 5606 3018 5678 νηστεία
3071 5607 3221 5659 ἐστὶν
3269 5606 3460 5677 εἰρήνη
3503 5602 3656 5675 κοινὴ

2073 5701 2254 5773 ψυχῆς
2288 5699 2384 5754 καὶ
2430 5698 2700 5770 σώματος,
2747 5699 3019 5768 ἀτάραχος
3068 5695 3201 5766 ζωὴ,
3245 5693 3514 5762 εὐσταθὴς
3557 5709 3658 5746 πο-

2068 5791 2263 5856 λιτεία,
2315 5791 2426 5863 βίος
2452 5791 2584 5844 Θεὸν
2620 5790 2950 5860 εὐφραίνων,
2989 5790 3081 5843 καὶ
3114 5788 3296 5841 λυπῶν
3324 5787 3414 5842 τὸν
3443 5782 3656 5857 ἐχθρόν.

2076 5882 2286 5963 ’Ὠσπερ
2327 5880 2433 5954 γὰρ
2477 5880 2507 5932 ό
2541 5878 2826 5963 πολέμιος,
2865 5879 2993 5934 ὅταν
3026 5877 3116 5963 ἴδῃΔ
3145 5877 3235 5932 τὸν
3269 5876 3508 5932 ἐναντίον
3528 5872 3662 5958 γρή-
