3892 6272
232 380 301 435 τε

1087 368 1377 429 HOMILIA
1415 368 1558 426 XIV.
1588 367 1657 423 IN
1697 359 2096 426 PRINCIPIUM
2128 352 2579 416 JEJUNIORUM.

3362 346 3469 403 374

194 510 364 569 γορον
400 496 498 550 καὶ
525 495 808 569 νηφάλιον,
849 492 1204 565 ὀπλιξόμενον
1249 490 1547 562 ἐπιμελῶς,
1585 486 1791 561 καὶτὴν
1823 489 1841 548 Α

1933 498 2132 540 Ioerore
2163 480 2344 537 aliicit.
2371 472 2836 546 Quemadmodum
2867 468 3010 527 enim
3040 466 3233 532 hostis,
3256 440 3468 533 quando
3574 504 3581 509 .

198 587 422 658 ἀνδρίαν
462 585 757 649 ἀσκοῦντα,
793 578 960 657 ῆτταν
1011 584 1218 637 οίκείαν
1258 584 1473 655 ἡγεῖται
1506 581 1606 653 τὴν
1636 579 1786 650 φιλό-

200 694 368 731 πονον
410 677 620 731 ἐκείνου
678 676 1053 747 παρασκευήν·
1102 673 1245 727 οὕτω
1287 672 1382 726 καὶ
1423 674 1451 725 ὁ
1497 670 1599 739 τῆς
1651 670 1789 740 ἠμε-

199 771 372 840 τέρας
418 769 696 842 σωτηρίας
741 766 1045 832 ἐπίϐουλος,
1089 767 1271 820 πᾶσαν
1324 763 1483 835 ἡμῶν
1526 762 1627 833 τὴν
1667 762 1788 815 κατ’

199 862 406 928 ἀρετῦπν
451 861 741 916 άκοίῦειαν
810 858 887 922 ὡς
918 858 1050 913 ίδίαν
1094 859 1243 929 μισεῖ
1285 853 1590 927 συμφοράν.

274 1126 390 1178 Καὶ
429 1124 519 1179 διά
558 1123 720 1178 τοῦτο
762 1123 1023 1194 γίνωσκε,
1081 1122 1357 1194 ἄνθρωπε,
1403 1120 1503 1191 τῆς
1563 1118 1661 1191 μὲν
1700 1117 1794 1172 τοῦ

205 1216 509 1290 νηστευτοῦ
568 1217 767 1284 οἰκίας,
835 1215 1099 1286 ἀγγέλους
1167 1210 1307 1268 εἶναι
1362 1212 1611 1281 φύλακας
1636 1252 1650 1274 ,
1702 1212 1799 1264 καὶ

207 1309 489 1379 φρουροὺς
529 1305 857 1377 παρέδρους.
885 1304 992 1358 Τοῦ
1029 1305 1085 1359 δὲ
1123 1306 1244 1368 ταῖς
1276 1302 1610 1358 ἀπολαύσεσι
1658 1299 1799 1355 κατά

206 1399 308 1468 τῆς
349 1396 809 1468 Τεσσαρακοστῆς
842 1395 1210 1466 κωμάζοντος,
1258 1392 1539 1465 δαίμονας,
1567 1391 1802 1454 οἰκείους

210 1489 445 1559 κνίσσης
485 1487 693 1557 φίλους,
738 1485 834 1540 καὶ
887 1482 1126 1556 ἐραστάς
1172 1482 1440 1555 αἱμάτων,
1497 1479 1804 1552 παρέδρους

214 1580 415 1650 μέθης.
475 1579 587 1632 Καὶ
640 1577 748 1649 γάρ
799 1577 896 1630 καὶ
945 1576 1056 1630 τῶν
1110 1574 1458 1646 πνευμάτων,
1524 1570 1635 1625 εἴτε
1694 1568 1803 1627 τῶν

208 1670 424 1740 ἁγίων,
474 1669 587 1724 εἴτε
652 1668 765 1723 τῶν
828 1666 1157 1739 ἀκαθάρτων
1209 1665 1442 1719 ἕκαστον
1494 1662 1807 1736 προσχωρεῖ

209 1765 331 1826 τοῖς
374 1761 597 1825 οἰκείοις
658 1761 756 1816 καὶ
801 1759 995 1830 φίλοις,
1045 1757 1237 1829 ὥσπερ
1285 1756 1350 1829 δὴ
1395 1754 1488 1810 καὶ
1549 1753 1642 1809 ἐπὶ
1694 1751 1806 1807 τῶν

1888 574 2263 632 adversarium
2295 584 2453 627 suum
2482 566 2630 623 videt
2655 578 2776 621 esse
2806 561 3158 633 vigilantem,
3187 556 3427 612 sobrium
3450 595 3468 623 ,

1889 676 2147 725 accurate
2176 670 2445 720 armatum
2467 702 2482 728 ,
2516 666 2737 714 strenue
2760 662 2816 709 et
2849 653 3068 709 fortiter
3113 664 3234 706 sese
3275 661 3472 719 geren-

1889 766 2033 827 tem,
2063 759 2202 813 hanc
2229 768 2414 811 curam
2460 760 2517 807 et
2560 746 2897 820 diligentiam
2928 759 3026 816 pro
3061 757 3158 799 sua
3197 740 3350 797 clade
3389 740 3473 793 in-

1892 856 2222 921 terpretatur
2248 864 2263 914 ;
2294 846 2372 901 sic
2399 852 2457 900 et
2483 840 2674 898 salutis
2703 846 2907 894 nostrae
2931 834 3218 891 insidiator
3252 845 3474 888 omnem

1893 940 2112 996 virtutis
2139 938 2586 995 exercitationem
2607 974 2623 999 ,
2654 942 2917 1000 tanquam
2946 926 3228 999 propriam
3256 922 3472 981 calami-

1897 1040 2060 1087 tatem
2092 1032 2411 1088 detestatur.

1966 1125 2309 1193 Quapropter
2352 1118 2600 1183 noveris,
2635 1133 2668 1173 ο
2697 1119 2859 1174 homo
2880 1158 2897 1184 ,
2928 1114 3078 1184 eius.
3108 1110 3200 1182 qui
3225 1107 3474 1179 ieiunat.

1898 1219 2091 1271 domus
2134 1213 2387 1269 custodes
2432 1225 2553 1267 esse
2597 1210 2849 1281 angelos,
2894 1215 2951 1263 et
2998 1203 3145 1260 velut
3189 1198 3479 1257 continuos

1900 1305 2210 1374 stipatores.
2259 1302 2388 1371 Ejus
2431 1308 2613 1355 autem
2647 1301 2904 1363 domum,
2941 1296 3029 1364 qui
3065 1294 3120 1348 in
3161 1291 3480 1360 Quadragc-

1901 1395 2034 1464 sima
2071 1392 2279 1448 deliciis
2307 1405 2428 1446 sese
2461 1389 2661 1454 tradit,
2694 1387 2985 1458 stipatores
3017 1396 3141 1440 esse
3169 1383 3477 1445 daemones,

1903 1485 2153 1556 proprios
2183 1482 2390 1540 nidoris
2421 1482 2660 1546 amicos,
2691 1489 2749 1536 et
2776 1476 3060 1548 sanguinis
3093 1479 3396 1536 amatores,
3426 1478 3484 1524 et

1904 1574 2182 1630 ebrietatis
2211 1586 2535 1629 assessores.
2564 1571 2776 1626 Etenim
2809 1567 3090 1639 spiritibus
3119 1579 3334 1635 quoque
3367 1560 3483 1616 sive

1904 1664 2138 1728 sanctis,
2169 1663 2283 1718 sive
2315 1658 2543 1732 impuris
2576 1661 2664 1716 hic
2696 1674 2816 1716 mos
2845 1666 2965 1723 est,
2997 1665 3058 1711 ut
3089 1652 3484 1719 familiaribus,

1908 1754 2118 1823 sibique
2149 1753 2331 1808 charis
2361 1767 2484 1807 sese
2517 1751 2815 1822 adiungant
2836 1789 2852 1816 ,
2882 1757 3042 1821 prout
3071 1748 3237 1805 etiam
3280 1747 3335 1801 in
3371 1743 3488 1800 avi-

208 1853 453 1927 ὀρνίθων
480 1852 628 1907 ἐστιν
669 1852 820 1906 ἰδεῖν.
869 1848 1177 1922 Περιστερὰ
1214 1849 1311 1920 μὲν
1353 1847 1462 1920 γὰρ
1501 1847 1630 1918 περὶ
1677 1844 1804 1908 τοὺς
1836 1852 1841 1907 J

1933 1861 2006 1901 ius
2046 1859 2270 1900 cernere
2312 1843 2460 1899 licet.
2495 1842 2633 1898 Nam
2675 1842 2921 1897 columba
2962 1840 3108 1895 circa
3141 1838 3259 1894 loca
3288 1832 3489 1890 munda

210 1943 501 2015 καθαροὺς
527 1944 636 1997 τῶν
658 1943 840 1996 τόπων
878 1940 1189 2013 φιλοχωρεῖ,
1225 1938 1320 1992 καὶ
1352 1938 1483 2009 περὶ
1512 1935 1613 2000 τὰς
1642 1933 1805 2009 ἀρού-

212 2054 327 2108 ρας
375 2036 692 2107 στρέφεται,
731 2036 899 2106 ἑαυτῇ
952 2034 1048 2087 καί
1088 2033 1200 2095 τοῖς
1242 2030 1456 2093 τέκνοις
1498 2028 1805 2100 σπερμολο-

208 2131 417 2200 γοῦσω
466 2129 562 2183 καὶ
594 2130 628 2200 ή
663 2126 880 2201 τρυγὼν
922 2126 1096 2203 ἡδέως
1138 2127 1250 2188 τοῖς
1286 2122 1538 2187 πετάλοις
1559 2123 1669 2176 τῶν
1693 2121 1808 2176 δέν-

209 2225 369 2296 δρων
414 2222 743 2295 ἐγκάθηται,
790 2219 888 2292 ἡδύ
937 2236 991 2274 τι
1036 2216 1132 2273 καὶ
1168 2216 1366 2270 λεπτὸν
1408 2210 1804 2287 ὐποτρύςουσα.

224 2316 295 2370 '0
329 2315 389 2369 δὲ
427 2313 845 2386 γαστρίμαργος
874 2311 1066 2383 κόραξ,
1101 2311 1213 2373 τοῖς
1232 2306 1617 2380 κρεοπωλείοις
1643 2321 1812 2377 προσ-

213 2407 497 2479 κάθηται,
540 2405 681 2478 βαρύ
714 2392 774 2461 τι
815 2405 912 2460 καὶ
970 2403 1133 2476 ἀηδὲς
1188 2400 1297 2457 τῶν
1364 2397 1813 2472 κρεανομούντων

214 2499 534 2556 καταδοῶν.
582 2499 766 2564 Ὥστε,
806 2496 905 2569 τὴν
950 2493 1274 2569 ἐγκράτειαν
1311 2493 1708 2564 ἀγαπήσωμεν,
1728 2489 1815 2543 ἵνα

215 2593 365 2665 παρ’
395 2591 642 2661 ἀγγέλων
669 2588 1065 2662 ἀγαπηθιῶμεν⁸
1119 2588 1440 2658 μισήσωμεν
1473 2584 1532 2639 δὲ
1554 2582 1653 2656 τὴν
1682 2598 1816 2655 τρυ-

217 2685 340 2758 φὴν
370 2683 473 2756 τὴν
507 2681 826 2747 ἀκόλαστον,
874 2679 962 2735 ’ίνα
1002 2677 1077 2750 μὴ
1119 2679 1236 2748 μετ’
1291 2676 1506 2746 ἐκείνης
1541 2675 1642 2747 τὴν
1678 2672 1819 2747 πρὸς

215 2778 497 2848 δαίμονας
556 2773 936 2845 ἐνεκϐάλωμεν
991 2770 1299 2826 κοινωνίαν.
1355 2768 1543 2832 Οὐδεὶς
1596 2766 1819 2840 τρυφῶν

219 2871 455 2942 ἐγένετο
503 2870 811 2932 σπουδαῖοςο
845 2866 967 2930 οῦδὲ
1012 2864 1269 2936 εὐωχίαις
1302 2860 1596 2935 σχολάζων,
1621 2860 1823 2932 ἀρετῆς

224 2964 511 3036 μαθητήςο
545 2961 667 3021 οὐδὲ
702 2960 981 3036 φιλήδονος
1010 2956 1184 3027 ἅγιος,
1222 2955 1343 3014 οὐδὲ
1389 2952 1664 3033 σαρκικῶς
1687 2951 1821 3022 ζῶν,

224 3054 495 3120 κοινωνὸς
530 3053 832 3126 βασιλείας.

318 3148 476 3202 Ἐλθὲ
505 3149 571 3219 τῇ
603 3147 789 3218 μνήμῃ
819 3145 955 3218 πρὸς
969 3143 1070 3215 τὴν
1094 3141 1269 3215 ἀρχὴν
1289 3139 1382 3199 τοῦ
1421 3138 1612 3209 γένους
1643 3135 1821 3209 ἡμῶν,

1907 1943 2178 2000 versatur,
2207 1944 2260 1989 et
2287 1948 2446 2006 agros
2473 1934 2631 2001 obit,
2658 1942 2719 1988 ut
2750 1933 2852 1988 sibi
2884 1939 2938 1988 et
2978 1930 3139 2002 pullis
3184 1928 3365 1997 aliqua
3400 1940 3493 1982 se-

1911 2028 2055 2084 mina
2087 2028 2322 2099 colligat.
2353 2027 2558 2082 Turtur
2594 2025 2780 2081 itidem
2814 2024 3103 2079 arboribus
3132 2020 3375 2076 suaviter
3409 2017 3495 2072 in-

1911 2120 2054 2177 sidet
2090 2120 2252 2178 dulce
2291 2118 2549 2189 quiddam
2591 2127 2645 2173 et
2685 2129 2942 2190 argutum
2974 2112 3387 2187 submodulans.
3423 2109 3498 2167 At

1910 2226 2042 2269 vero
2087 2224 2259 2266 vorax
2303 2225 2500 2267 corvus
2548 2211 2690 2265 circa
2741 2208 2966 2265 macella
3015 2205 3198 2277 degit,
3248 2202 3495 2260 odiosum

1914 2304 2171 2376 quiddam
2203 2311 2258 2358 et
2298 2301 2651 2371 iniucundum
2695 2302 2959 2357 adversus
3003 2312 3137 2364 eos,
3170 2295 3263 2367 qui
3302 2308 3499 2351 carnes

1918 2397 2203 2463 vendunt,
2234 2396 2532 2453 crocitans.
2560 2392 2750 2466 Itaque
2782 2389 3197 2463 temperantiam
3228 2400 3499 2450 amemus,

1916 2498 1978 2543 ut
2024 2487 2094 2543 ab
2148 2485 2357 2558 angelis
2402 2498 2685 2552 amemur;
2727 2484 2854 2541 odio
2904 2482 3200 2539 habeamus
3243 2477 3503 2533 lascivam

1918 2578 2249 2650 voluptatem
2273 2619 2289 2645 ,
2331 2592 2400 2634 ne
2436 2576 2599 2633 simul
2637 2593 2759 2632 cum
2799 2574 2891 2630 illa
2928 2574 2995 2629 ad
3036 2571 3356 2628 societatem
3389 2567 3507 2624 dae-

1922 2683 2142 2724 monum
2174 2666 2583 2740 pertrabamur.
2612 2665 2803 2725 Nullus
2834 2661 3050 2721 deliciis
3085 2659 3297 2718 deditus
3326 2657 3506 2713 evasit

1922 2775 2160 2833 unquam
2198 2759 2415 2817 sedulus
2445 2768 2499 2816 et
2525 2758 2842 2823 studiosus,
2878 2769 3056 2828 neque
3100 2749 3368 2811 conviviis
3408 2761 3507 2802 va-

1923 2868 2087 2922 cans,
2122 2850 2341 2907 virtutis
2370 2849 2665 2921 discipulus
2686 2891 2702 2917 ,
2737 2863 2915 2919 neque
2948 2846 3241 2918 voluptatis
3270 2850 3505 2909 amator,

1924 2951 2175 3007 sanctus,
2212 2956 2388 3011 neque
2425 2940 2518 3012 qui
2558 2939 2855 2996 secundum
2890 2952 3111 2994 carnem
3140 2937 3390 2999 viveret,
3425 2931 3509 2988 fa-

1927 3047 2049 3091 ctus
2083 3044 2165 3090 est
2198 3049 2433 3105 unquam
2465 3034 2616 3104 regni
2651 3033 2895 3090 cmlestis
2928 3031 3199 3102 particeps

2002 3124 2309 3197 Regredere
2348 3123 2610 3179 memoria
2662 3123 2729 3178 ad
2775 3122 3102 3180 incunabula
3149 3124 3366 3195 generis
3410 3124 3515 3179 hu-

225 3200 473 3312 καὶ-τὴν
750 3200 1004 3310 εῦρῆσεις
1024 3200 1038 3215 ⁸
1056 3200 1493 3307 ὦνιμέμφόμεθα
1550 3200 1823 3303 μάρτυρα.

1933 3218 2078 3272 mani
2118 3216 2185 3281 ιδ,
2239 3215 2524 3286 discesque
2574 3216 2968 3287 experientiam
3030 3230 3096 3271 ea
3151 3216 3339 3271 testari
3392 3231 3515 3288 qua:

226 3337 358 3391 Οὐκ
390 3335 458 3389 ἂν
492 3333 601 3406 γὰρ
636 3333 772 3404 ἡμῖν
801 3329 960 3402 ἐτέθη
1002 3329 1165 3400 νόμος
1203 3326 1479 3398 νηστείας,
1517 3326 1566 3378 εί
1593 3324 1668 3395 μὴ
1691 3339 1833 3393 παρ⁴

229 3428 417 3500 εεάθη
454 3428 554 3497 τῆς
603 3423 830 3497 πρώτης
897 3420 1227 3495 ἐγκρατείας
1283 3422 1312 3474 ὁ
1367 3419 1550 3490 νόμος·
1613 3415 1714 3469 οὐκ
1762 3412 1829 3467 ἂν

230 3514 545 3590 ὠνομάσθη
591 3513 804 3585 γαστὴρ
850 3510 1167 3575 ἐπίϐουλος,
1205 3509 1254 3561 εί
1284 3508 1359 3580 μὴ
1393 3505 1665 3579 πρόφασις
1712 3502 1833 3572 ἡδο-

233 3612 344 3683 γῆς
380 3608 481 3680 τὴν
510 3605 782 3677 ἁμαρτίαν
811 3605 1126 3676 εἰσήγαγεν.
1160 3601 1261 3655 οὐκ
1292 3594 1361 3672 ῆν
1399 3597 1629 3671 ἀρότρου
1652 3594 1832 3667 χρεία,

238 3704 343 3758 καὶ
379 3700 521 3773 βοῶν
558 3698 868 3770 ἀροτήρων,
922 3696 1017 3749 καὶ
1056 3690 1395 3764 τεμνομένης
1440 3688 1700 3751 αῦλακος,
1740 3686 1833 3739 ού-

236 3799 301 3856 δὲ
343 3796 453 3869 μὴν
490 3794 845 3866 σπερμάτων,
888 3790 985 3844 καὶ
1038 3787 1230 3851 ὓδατος
1268 3786 1544 3858 άρδοντος,
1594 3782 1688 3835 καὶ
1739 3796 1835 3833 πε-

245 3891 431 3964 ριόδου
471 3888 700 3960 καιρῶν,
743 3885 838 3939 καὶ
889 3882 1156 3955 χειμῶνος
1202 3878 1555 3941 πυκνοῦντος,
1601 3873 1694 3928 καὶ
1745 3871 1835 3926 θέ-

246 3962 383 4054 ρους
417 3976 660 4041 λύον-σος,
702 3975 797 4029 καὶ
831 3971 1015 4043 πάσης
1048 3967 1254 4040 ταύτης
1284 3967 1384 4037 τῆς
1418 3962 1707 4034 ἐγκυκλίου
1745 3977 1841 4014 τα-

245 4051 584 4141 λαιπωρίας,
642 4067 690 4119 εί
737 4064 811 4136 μὴ
851 4061 940 4116 διά
970 4060 1261 4134 πρόχειρον
1312 4055 1660 4129 προπάτορος
1700 4051 1839 4107 ἀπό⁹

245 4164 446 4216 λαυσιν
508 4157 737 4228 ταύτην,
791 4152 1277 4225 κατεψηφίσθημεν
1337 4148 1436 4220 τὴν
1489 4145 1598 4200 τῶν
1664 4143 1841 4197 πόνων

252 4252 527 4325 περίοδοψ
560 4249 674 4304 ἀλλ’
706 4246 1005 4320 ἐμέλλομεν
1042 4243 1236 4316 ἐτέραν
1264 4240 1387 4295 τινὰ
1418 4237 1570 4311 παρὰ
1594 4235 1693 4310 τὴν
1714 4238 1846 4308 ὁρω-

252 4346 433 4417 μένην
462 4343 673 4412 διάγειν
697 4340 793 4396 τοῦ
830 4341 946 4413 βίου
991 4337 1343 4401 κατάστασιν,
1378 4329 1446 4407 ἦς
1489 4332 1652 4387 πάλιν
1694 4329 1847 4384 ἐλπίο

252 4438 427 4509 ζομεν
483 4437 782 4507 ἐπιτυχεῖν,
817 4434 946 4487 ὃταν
979 4430 1077 4503 τὴν
1130 4427 1356 4501 ἐμπαθῆ
1417 4425 1563 4498 ζωὴν
1612 4423 1701 4478 διὰ
1748 4423 1847 4495 τῆς

253 4529 613 4592 ἀναστάσεως
640 4521 1166 4595 άποσκευασώμεθα.
1192 4519 1340 4592 Αὕτη
1364 4518 1474 4591 γάρ
1490 4521 1532 4591 ,ἡ
1556 4516 1847 4589 εὐεργεσία

253 4624 362 4695 τῆς
384 4621 482 4674 τοῦ
523 4619 658 4674 Θεοῦ
706 4618 843 4691 πρὸς
863 4618 1009 4687 ἡμᾶς
1056 4611 1545 4684 συγκαταϐάσεως,
1578 4610 1665 4664 ἵνα
1712 4608 1849 4680 πρὸς

253 4715 363 4786 τὴν
391 4710 630 4767 παλαιάν
658 4707 1127 4778 ἀποκαταστῶμεν
1154 4703 1330 4772 ἀξίαν·
1362 4697 1430 4775 ῆς
1454 4697 1849 4772 φιλανθρώπως

261 4804 686 4881 μεταλαϐόντες,
706 4800 1041 4873 εὐαισθήτως
1072 4797 1171 4870 τὴν
1190 4798 1349 4869 χάριν
1363 4794 1465 4849 οὐκ
1485 4791 1848 4863 ἐφυλάξαμεν,

258 4900 515 4974 Νηστεία
546 4899 647 4969 τῆς
700 4894 1000 4968 μελλούσης
1035 4892 1180 4963 ζωῆς
1214 4888 1396 4943 εἱκώψ
1425 4886 1523 4959 τῆς
1567 4882 1850 4954 ἀφθάρτου

258 4990 548 5062 διαγωγῆς
579 4988 822 5062 μίμημα.
868 4987 1013 5046 Ἐκεῖ
1044 4984 1144 5037 οὐκ
1183 4981 1293 5042 εἰσὶ
1330 4979 1507 5044 πότοι,
1549 4975 1670 5034 οὐδὲ
1718 4974 1853 5028 ἀπον-

259 5083 514 5148 λαύσεις.

342 5342 551 5397 Ἐασον
570 5338 661 5392 τὸν
693 5336 908 5409 πρῶτον
948 5332 1260 5405 ἄνθρωπον,
1296 5328 1399 5401 ὁδῴ
1442 5328 1539 5383 καὶ
1573 5325 1701 5397 ἑξῆς
1732 5324 1857 5388 τοὺς

270 5433 398 5511 μετ’
431 5434 637 5486 ἐκεῖνον
669 5428 1075 5501 ἀπαρίθμησαι,
1102 5424 1168 5478 Τί
1201 5422 1290 5477 τὸν
1328 5422 1534 5480 δίκαιον
1547 5417 1671 5471 Νῶε
1697 5416 1861 5488 ἀσχη-

278 5508 462 5601 μονεῖν
494 5523 765 5597 ἐποίησεν,
796 5524 854 5576 ἐν
890 5508 1219 5590 ἀναισθησίᾳ
1247 5512 1602 5587 γυμνωθέντα
1631 5508 1740 5563 τῶν
1768 5525 1865 5580 με-

274 5618 412 5683 λῶν,
450 5617 488 5672 ἃ
514 5613 813 5671 σκέπεσθαι
846 5612 1034 5683 νόμος,
1065 5610 1160 5664 καὶ
1181 5607 1272 5663 τὸν
1296 5602 1545 5678 προπετῆ
1580 5602 1712 5673 Χάμ
1746 5601 1866 5654 ἐπι-

358 5819 406 5853 “
443 5817 582 5883 Gen.
619 5832 710 5884 tu,
749 5814 771 5873 l
808 5830 931 5889 sqq.
1012 5811 1055 5846 "
1094 5809 1231 5867 Gen.
1267 5824 1356 5877 Ix,
1384 5805 1448 5867 21
1489 5820 1609 5885 sqq.

1934 3306 2404 3379 reprehendimus.
2441 3304 2627 3374 Neque
2659 3307 2805 3363 enim
2846 3305 2934 3362 lex
2970 3305 3163 3377 jejunii
3194 3307 3353 3362 nobis
3387 3307 3517 3362 data

1933 3407 2117 3466 esset,
2161 3399 2265 3455 nisi
2304 3398 2392 3454 lex
2424 3399 2616 3468 primae
2660 3398 3037 3469 temperantiae
3074 3407 3131 3453 et
3167 3398 3517 3456 abstinentia:

1933 3492 2134 3547 violata
2175 3490 2389 3546 fuisset.
2430 3488 2544 3546 Nec
2582 3498 2774 3546 venter
2825 3490 3157 3547 insidiatoris
3194 3505 3390 3547 nomen
3435 3499 3520 3546 tu-

1936 3582 2108 3651 lisset,
2147 3584 2252 3639 nisi
2290 3592 2552 3655 praetextu
2601 3583 2893 3655 voluptatis
2936 3593 3224 3655 peccatum
3275 3583 3522 3639 induxis-

1939 3686 2042 3731 set.
2073 3676 2185 3731 Nec
2214 3691 2352 3747 opus
2382 3675 2579 3731 fuisset
2607 3685 2822 3741 aratro,
2850 3690 2954 3731 nec
2983 3675 3157 3732 bobus
3186 3674 3519 3741 aratoribus,

1940 3783 2117 3838 neque
2168 3768 2455 3837 proscissis
2512 3766 2713 3831 sulcis,
2755 3781 2933 3835 neque
2970 3766 3305 3834 seminibus,
3345 3780 3522 3835 neque

1942 3875 2081 3930 aqua
2115 3859 2182 3914 ad
2218 3858 2585 3931 irrigandum,
2625 3873 2804 3930 neque
2831 3857 3055 3928 periodo
3088 3866 3389 3927 temporum
3411 3898 3427 3922 ,
3465 3865 3528 3911 ut

1942 3952 2155 4016 hieme,
2190 3965 2310 4021 quae
2345 3949 2598 4021 astringit
2634 3958 2689 4006 et
2738 3934 3072 4014 condénsat,
3102 3956 3158 4003 et
3187 3956 3376 4004 testate
3404 3961 3526 4017 quae

1944 4042 2150 4098 solvit:
2188 4043 2297 4099 imo
2337 4043 2405 4098 ab
2443 4042 2592 4097 omni
2642 4042 2743 4097 ista
2795 4038 3049 4096 circulari
3098 4022 3319 4094 miseria
3368 4037 3528 4094 liberi

1946 4133 2277 4200 fuissemus,
2318 4130 2423 4186 nisi
2465 4130 2535 4186 ob
2564 4129 2732 4201 primi
2774 4129 3015 4200 parentis
3066 4128 3239 4183 nostri
3286 4142 3529 4198 praepro-

1946 4237 2128 4294 peram
2163 4221 2489 4291 voluptatem
2520 4221 2586 4275 ad
2621 4219 2762 4274 hanc
2806 4217 3049 4272 laborum
3085 4215 3367 4286 periodum
3396 4231 3531 4273 con.

1948 4311 2188 4369 demnati
2229 4311 2567 4375 fuissemus;
2608 4308 2702 4364 sed
2741 4307 2903 4362 aliam
2946 4305 3239 4376 quamdam
3280 4307 3405 4360 vita:
3437 4320 3530 4360 ra-

1951 4406 2151 4461 tionem
2192 4405 2261 4460 ab
2300 4405 2401 4460 ista
2454 4410 2724 4474 prtcsente
2764 4399 2995 4455 multum
3036 4396 3308 4453 diversam
3350 4398 3533 4458 acturi

1951 4509 2192 4559 eramus,
2216 4508 2379 4563 quam
2412 4507 2510 4547 nos
2540 4498 2958 4559 recuperaturos
2984 4501 3288 4559 speramus,
3316 4487 3533 4556 quando

1954 4586 2120 4639 vitam
2159 4583 2300 4638 banc
2336 4582 2516 4652 pravis
2552 4578 2928 4635 affectionibus
2964 4576 3254 4634 obnoxiam
3304 4590 3403 4647 per
3451 4590 3538 4630 re.

1957 4674 2346 4732 surrectionem
2388 4672 2721 4729 exuerimus.
2762 4669 2876 4727 Hoc
2912 4670 3059 4726 enim
3094 4667 3420 4725 beneficium
3453 4676 3538 4729 est

1959 4766 2051 4821 Dei
2091 4764 2158 4819 ad
2189 4777 2289 4819 nos
2322 4761 2729 4825 descensionis,
2769 4768 2825 4815 ut
2864 4758 2919 4814 in
2973 4757 3251 4826 antiquam
3292 4754 3536 4827 dignita-

1960 4864 2069 4912 tem
2107 4853 2477 4921 restituamur,
2515 4852 2673 4924 cujus
2704 4864 2827 4906 cum
2865 4847 3097 4918 benigne
3126 4845 3421 4916 participes
3452 4843 3537 4898 l’a-e

1959 4950 2030 5006 cti
2065 4963 2349 5015 essemus,
2389 4945 2623 5019 gratiam
2657 4944 3055 5013 circumspecte
3092 4954 3199 4994 non
3235 4935 3540 4995 custodivi-

1963 5057 2107 5098 mus.
2153 5040 2425 5111 Jejunium
2470 5039 2594 5092 vita:
2642 5034 2835 5091 futura:
2877 5033 3057 5103 imago
3084 5039 3191 5088 est.
3236 5027 3542 5100 lncorrupti

1966 5143 2140 5191 status
2179 5132 2430 5188 imitatio.
2463 5130 2541 5186 ibi
2573 5144 2681 5185 non
2709 5135 2839 5184 sunt
2866 5125 3331 5196 compotationes,
3369 5136 3545 5193 neque

1966 5223 2412 5282 comessationes.

2036 5318 2105 5372 At
2142 5316 2385 5386 relinque
2423 5312 2655 5385 primum
2697 5310 2974 5366 hominem
3000 5347 3016 5373 ,
3058 5321 3227 5379 perge
3265 5304 3491 5362 ulterius
3524 5322 3541 5373 ;

1966 5419 2022 5467 et
2054 5417 2297 5480 posteros
2325 5406 2446 5477 ejus
2487 5418 2766 5462 enumera.
2801 5401 2940 5469 Quid
2986 5397 3141 5469 justo
3170 5397 3285 5453 Noe
3316 5397 3548 5469 ignomi-

1971 5503 2117 5558 niam
2148 5499 2491 5568 conciliavit,
2526 5513 2648 5554 cum
2686 5498 2922 5550 nudatus
2961 5501 3108 5548 esset
3140 5490 3207 5545 iis
3248 5490 3509 5544 membris
3533 5528 3549 5556 ,

1976 5613 2094 5669 quae
2134 5605 2331 5655 natura
2370 5595 2476 5666 tegi
2511 5593 2664 5668 jubet
2694 5592 2781 5646 "‘3
2821 5588 2961 5658 Quid
2991 5582 3343 5644 temerarium
3376 5579 3550 5643 Cham
