3892 6272
330 248 440 308 575

1619 253 1679 309 ε.
1717 224 1991 318 Αδτιειιιι
2029 254 2327 313 AMASENI

3485 256 3596 312 376

335 365 586 431 induxit,
619 373 679 421 ut
711 373 924 437 patrem
956 364 1260 448 irrideret?
1288 366 1358 423 ita
1392 374 1452 423 ut
1481 381 1549 424 ex
1577 386 1687 425 uno
1721 372 1915 427 delicto

2043 372 2249 441 Γελάσαι
2268 376 2335 445 τῇ
2372 373 2514 448 μέθῃ
2543 371 2639 428 τοῦ
2671 372 2877 445 πατρὸς
2911 369 3343 444 παρεσκεύασεν,
3375 369 3464 424 ἴνα
3495 369 3596 439 γέ-

237 458 254 472 ⁵
335 455 442 511 duo
472 456 615 511 mala
638 458 949 512 exstiterint
974 477 987 513 :
1021 447 1123 511 una
1154 458 1296 514 enim
1323 460 1553 515 ebrietas
1581 472 1787 531 patrem
1818 465 1915 521 de—

333 546 450 601 bito
483 554 818 618 tegumento,
851 557 906 603 et
939 547 1106 602 [ilium
1157 548 1408 607 libertate
1442 552 1690 621 privavit.

416 722 686 778 Caeterum
716 726 936 792 quando
972 726 1166 782 iterum
1199 730 1384 783 oculos
1418 743 1567 785 meos
1599 730 1817 786 reflecto
1847 733 1914 788 ad

344 810 460 869 Beli
497 818 835 873 sacerdotem
869 818 937 885 ¹⁶,
967 819 1100 874 etin
1136 820 1299 875 rebus
1337 821 1406 875 ab
1434 822 1551 893 ipso
1577 824 1742 892 gestis
1768 839 1919 879 men-

344 914 450 959 tem
491 921 727 978 occupo,
766 910 1034 981 integram
1071 921 1315 967 catenam
1352 914 1723 970 calamitatum
1759 932 1825 972 ex
1859 932 1917 972 se

344 1005 532 1050 mutuo
570 1013 832 1052 nexarum
893 1001 1144 1067 invenio;
1192 1016 1314 1069 qua;
1352 1005 1418 1055 ab
1459 1019 1565 1059 uno
1617 1006 1913 1075 principio,

344 1101 536 1157 nempe
556 1104 583 1141 a
609 1100 796 1144 ventre
823 1101 878 1146 et
901 1093 1149 1147 satietate
1175 1095 1436 1163 originem
1466 1098 1753 1152 duxerunt.
1781 1098 1916 1153 Nam

347 1178 442 1233 filii
477 1179 598 1235 lleli
636 1183 809 1249 patris
840 1184 923 1238 sui
961 1185 1321 1239 sacerdotium
1355 1202 1452 1255 pro
1483 1191 1771 1246 occasione
1799 1192 1919 1246 libi-

345 1271 484 1325 dinis
511 1281 564 1327 et
592 1274 750 1327 luxus
781 1276 1123 1344 arripientes,
1149 1278 1413 1334 sacriﬁcia
1437 1281 1791 1349 profanabant
1822 1324 1837 1349 ,
1865 1295 1921 1338 et

347 1361 496 1429 prius
544 1362 718 1417 ventri
767 1379 902 1430 suo,
944 1382 1111 1434 quam
1169 1368 1278 1422 Deo
1324 1369 1390 1424 de
1433 1371 1623 1427 hostiis
1655 1374 1922 1441 primitias

351 1451 671 1509 offerebant.
702 1455 900 1510 Secuta
930 1467 1015 1512 est
1045 1459 1335 1516 fornicalio
1357 1502 1372 1525 ,
1399 1478 1554 1518 soror
1583 1465 1918 1525 deliciarum.

358 1543 466 1598 Sed
520 1545 605 1600 his
649 1547 904 1602 omnibus
965 1552 1280 1619 supervenit
1324 1551 1592 1619 judicium
1643 1555 1921 1622 divinum,

347 1636 491 1705 quod
551 1651 793 1692 severam
848 1637 1003 1694 valde
1053 1650 1106 1694 et
1159 1642 1547 1698 inexorabilem
1593 1648 1919 1701 sententiam

2018 479 2178 534 νηται
2200 461 2294 517 δύο
2314 462 2462 517 κακά
2504 463 2570 517 δι’
2600 462 2718 528 ἑνὸς
2761 461 3266 534 πλημμελήματος;
3324 460 3441 515 Μία
3483 460 3596 532 γὰρ

2020 553 2160 625 μέθη
2194 554 2287 607 καὶ
2315 553 2407 607 τὸν
2444 552 2655 624 πατέρα
2714 553 2815 623 τῆς
2866 550 3174 623 εὐπρεποῦς
3211 549 3440 613 σκέπης,
3497 549 3599 603 καὶ

2013 643 2219 699 τὺνυίδν
2242 644 2341 715 τῆς
2364 642 2693 714 ἐλευθερίας,
2722 641 3060 714 ἐγύμνωσεν.

2090 734 2259 789 Ὅταν
2286 736 2342 788 δὲ
2371 734 2533 788 πάλιν
2573 734 2708 805 πρὸς
2730 733 2858 795 τούς
2887 732 3084 795 παῖδας
3116 730 3294 786 ἀπίδω
3332 730 3480 784 Ἠλεὶ
3498 729 3597 784 τοῦ

2021 825 2211 898 ἱερέως
2238 824 2335 879 καὶ
2371 824 2508 894 πρὸς
2541 824 2755 895 ἐκείνην
2794 822 2893 896 τὴν
2921 822 3161 894 ἱστορίαν
3195 820 3479 892 ἀσχολήσω
3504 820 3600 874 τὸν

2018 916 2165 978 νοῦν,
2199 915 2440 987 ὁρμαθδν
2490 916 2730 988 εὑρίσκω
2764 913 3084 985 συμφορῶν,
3117 913 3375 984 ἀλλήλαις
3412 911 3600 965 συνδε-

2016 1007 2258 1078 δεμένων
2291 1007 2399 1060 ἀπὸ
2424 1008 2551 1078 μιᾶς
2571 1006 2767 1078 ἀρχῆς,
2796 1007 2896 1078 τῆς
2910 1006 2999 1061 διὰ
3013 1005 3274 1078 γαστέρα,
3294 1006 3388 1058 καὶ
3414 1005 3596 1077 κόρον.

2021 1098 2277 1151 Κάκεῖνοι
2312 1095 2420 1166 γὰρ
2450 1097 2550 1167 τὴν
2588 1094 2685 1149 τοῦ
2730 1096 2937 1168 πατρὸς
2985 1096 3312 1169 ἱερωσύνην,
3344 1095 3601 1167 ἀφορμὴν

2024 1188 2238 1259 θέμενοι
2289 1186 2623 1258 ἡδυπαθείας
2691 1188 2788 1241 καὶ
2846 1186 3199 1250 ἀπολαύσεως
3254 1186 3351 1249 τὰς
3407 1184 3603 1247 θυσίας

2022 1279 2312 1352 ἐὸεὸήλουν
2346 1279 2441 1333 καὶ
2477 1282 2541 1351 τῇ
2575 1278 2774 1351 γαστρὶ
2805 1278 2913 1350 πρὸ
2945 1278 3038 1332 τοῦ
3071 1277 3207 1331 Θεοῦ
3226 1277 3336 1332 τῶν
3383 1276 3601 1348 ἱερείων

2022 1376 2350 1447 ἀπήρχοντο.
2392 1373 2702 1427 ’Ἠκολούθει
2736 1373 2794 1426 δὲ
2815 1373 2911 1427 καὶ
2934 1375 2968 1443 ἡ
2994 1372 3238 1443 πορνεία,
3268 1370 3471 1441 ἀδελφὴ
3501 1371 3604 1441 τῆς

2020 1467 2232 1538 τρυφῆς
2278 1466 2544 1538 ἁμαρτία,
2596 1465 2690 1519 καὶ
2745 1464 2958 1527 τούτοις
3019 1464 3186 1517 πᾶσιν
3239 1465 3274 1533 ἠ
3309 1461 3459 1534 παρά
3504 1460 3604 1516 τοῦ

2022 1555 2157 1609 Θεοῦ
2195 1555 2397 1626 κρίσις,
2427 1552 2706 1625 αὐστηρὰν
2737 1553 2831 1607 καὶ
2860 1552 3133 1622 ἀπότομον
3182 1548 3281 1622 τὴν
3310 1549 3464 1621 δίκην
3505 1549 3609 1601 ἒπ-

2024 1649 2255 1718 άγουσα.
2293 1647 2485 1711 Ἐθνος
2513 1646 2622 1717 γὰρ
2662 1646 2917 1717 πολέμιον
2939 1645 3007 1698 δι’
3047 1642 3285 1707 ἐκείνους
3316 1642 3456 1696 κατά
3493 1640 3609 1694 τῶν

352 1727 610 1793 induxit;
670 1744 793 1783 nam
850 1726 1071 1800 propter
1117 1731 1239 1787 illos
1288 1748 1422 1805 gens
1474 1734 1685 1789 hostilis
1735 1747 1921 1792 contra

2043 1738 2422 1814 Ἰεροσολύμων
2458 1740 2809 1811 ἐστράτευσε.
2841 1738 2952 1792 Καὶ
2988 1736 3076 1790 ἴνα
3103 1735 3306 1805 πλῆθος
3357 1734 3610 1807 σκυθρω-

349 1816 785 1890 Hierosolymam
836 1823 1132 1892 pugnabat.
1180 1824 1245 1878 Et
1275 1833 1335 1879 ut
1370 1827 1614 1882 tristibus
1654 1828 1925 1884 narratio-

351 1909 510 1964 nibus
540 1911 921 1980 compendium
960 1913 1225 1971 faciamus
1246 1955 1262 1978 ,
1293 1915 1479 1971 lascivi
1508 1917 1585 1972 illi
1613 1918 1842 1988 juvenes
1870 1919 1923 1974 in

349 2000 467 2056 acie
493 2001 837 2066 ceciderunt,
888 2005 1061 2072 patria
1099 2006 1259 2061 simul
1302 2023 1424 2062 cum
1466 2009 1576 2065 reis
1618 2009 1921 2080 periclitata

350 2101 433 2146 est
460 2133 475 2157 ,
512 2107 637 2148 arca
673 2093 761 2148 Dei
796 2105 951 2164 capta
985 2107 1040 2151 et
1071 2098 1136 2151 ab
1167 2099 1413 2155 hostibus
1444 2101 1677 2157 abducta
1708 2121 1721 2155 :
1755 2113 1808 2157 et
1836 2116 1925 2157 sc-

355 2184 444 2238 nio
470 2183 755 2240 conlectus
789 2187 1046 2243 sacerdos
1074 2189 1277 2245 nuntiis
1302 2189 1552 2247 infaustis
1581 2194 1923 2250 immortuus.

352 2271 583 2329 Tantum
615 2276 877 2332 malorum
906 2278 975 2332 ob
1004 2279 1141 2349 gula:
1169 2281 1495 2351 voluptatem
1532 2284 1737 2339 civitati
1772 2285 1925 2341 inve-

351 2373 493 2419 ctum
523 2375 622 2421 est.

424 2455 623 2513 Omnes
651 2459 814 2530 igitur
831 2459 1156 2530 jejunemus.
1181 2465 1250 2519 At
1268 2466 1613 2523 sacerdotum
1640 2468 1931 2526 familiares

352 2544 620 2618 jejunium
662 2565 762 2619 pro
791 2553 1091 2608 domestico
1121 2564 1173 2608 et
1197 2557 1349 2623 quasi
1388 2555 1628 2626 ejusdem
1657 2559 1793 2614 laris
1820 2576 1933 2614 ma-

355 2640 524 2710 gistro
574 2645 947 2710 temperantiae
1001 2645 1236 2712 habere,
1288 2656 1342 2701 et
1387 2650 1626 2717 ejusdem
1663 2660 1932 2721 praecepta

356 2731 546 2788 audire
587 2735 831 2803 debent;
893 2738 1187 2793 absurdum
1238 2740 1384 2795 enim
1443 2743 1931 2800 nummulariorum

358 2823 497 2882 ﬁlios
524 2830 731 2899 argenti
760 2831 1019 2899 probandi
1050 2832 1300 2902 peritiam
1330 2842 1514 2890 tenere
1540 2876 1555 2900 ,
1580 2844 1635 2890 et
1660 2833 1932 2892 fabrormn

2026 1831 2143 1886 πῶν
2170 1831 2526 1904 διηγημάτων
2564 1830 2831 1901 συντέμω,
2882 1831 2930 1883 οξ
2966 1829 3063 1900 μὲν
3102 1827 3392 1882 ἀκόλαστοι
3427 1824 3611 1878 νεανί-

2029 1942 2168 1987 σκοι,
2190 1925 2282 1978 ἐπὶ
2313 1924 2415 1994 τῆς
2446 1921 2804 1994 παρατάξεως
2834 1921 3051 1984 ἔπεσον,
3089 1919 3185 1974 καὶ
3210 1922 3244 1990 ὴ
3269 1918 3468 1989 πατρὶς
3493 1918 3611 1979 τοῖς

2026 2016 2333 2089 ἁμαρτοῦσι
2364 2014 2821 2073 συνεκινδύνευσε.
2874 2013 2969 2067 καὶ
3006 2013 3040 2083 ἠ
3070 2010 3165 2064 τοῦ
3204 2007 3339 2064 Θεοῦ
3374 2006 3610 2071 κιϐωτὸς

2027 2108 2370 2181 αἰχμάλωτος
2402 2105 2556 2178 παρά
2580 2105 2691 2159 τῶν
2726 2104 2999 2175 πολεμίων
3031 2100 3282 2174 ἀπήχθη,
3321 2100 3415 2153 καὶ⁵
3458 2099 3488 2150 ὁ
3516 2096 3614 2166 γέ-

2032 2216 2140 2271 ρων
2167 2200 2196 2252 ὁ
2220 2198 2400 2269 ἱερεὺς
2429 2197 2551 2259 ταῖς
2590 2191 2875 2262 ἀγγελίαις
2922 2189 3029 2244 τῶν
3059 2186 3244 2243 κακῶν
3275 2183 3609 2246 ὲπαπέθανε,

2029 2291 2122 2344 ml.
2148 2288 2401 2351 τοσοῦτος
2440 2285 2605 2357 ἑσμὸς
2638 2282 2821 2339 κακῶν
2863 2281 2953 2336 διὰ
2991 2280 3269 2351 φάρυγγος
3304 2274 3495 2347 ἡδονὴν
3510 2275 3616 2326 ἐπ-

2029 2380 2231 2453 ηνέχθη
2348 2378 2517 2432 πόλει.

2103 2474 2310 2535 Πάντες
2329 2466 2423 2524 οὖν
2451 2467 2856 2540 νηστεύσωμεν
2885 2466 2935 2518 οἱ
2968 2463 3025 2516 δὲ
3046 2460 3155 2515 τῶν
3190 2458 3379 2530 ἱερέων
3397 2456 3615 2517 οἰκεῖοι,

2033 2568 2128 2622 καὶ
2190 2563 2411 2637 μᾶλλον,
2467 2562 2543 2626 ὡς
2593 2558 2841 2612 σύνοικον
2872 2556 3089 2627 ἔχοντες
3135 2547 3453 2605 διδάσκαλον
3509 2544 3618 2637 τῆς

2033 2635 2381 2725 ἐγκρατείας.
2412 2650 2505 2703 καὶ
2533 2649 2631 2718 ἀφ’
2663 2646 2872 2710 ἑστίας,
2913 2643 2983 2697 τὰ
3008 2642 3270 2712 φιλόσοφα
3301 2635 3619 2710 παραγγέλ-

2039 2762 2202 2816 ματα.
2257 2745 2490 2796 Ἀτοπον
2537 2739 2644 2813 γὰρ
2670 2738 2797 2801 τοὺς
2843 2735 2943 2808 μὲν
2974 2733 3169 2796 παῖδας
3214 2730 3324 2784 τῶν
3355 2727 3617 2801 τραπεζι-

2034 2836 2165 2900 τῶν,
2211 2830 2712 2905 ἀργυρογνώμονας
2745 2826 2908 2892 εἷναι,
2936 2826 3032 2880 καὶ
3075 2823 3204 2888 τούς
3236 2821 3465 2885 οἰκείους
3504 2818 3619 2872 τῶν

356 2915 651 2975 familiares
679 2921 825 2977 circa
858 2922 1036 2992 ignem
1063 2933 1118 2977 et
1141 2923 1390 2979 incudem
1417 2927 1619 2980 versari
1649 2944 1665 2994 ;
1692 2942 1787 2982 eos
1808 2943 1935 2982 vero

2043 2922 2282 2996 χαλκέων
2312 2921 2442 2992 περὶ
2473 2920 2536 2973 τὺ
2569 2917 2682 2991 πῦρ
2727 2915 3057 2990 στρέφεσθαι
3104 2913 3199 2968 καὶ
3242 2911 3334 2965 τὸν
3377 2909 3619 2980 ἄκμονα·

357 3009 451 3078 qui
496 3025 619 3065 cum
669 3012 1047 3068 sacerdotibus
1095 3014 1321 3084 degunt.
1371 3016 1487 3070 sive
1528 3017 1637 3072 sint
1681 3018 1933 3088 cognati,

2043 3017 2165 3079 τοὺς
2190 3014 2248 3067 δὲ
2276 3011 2383 3067 τῶν
2409 3010 2600 3082 ἱερέων
2633 3010 2803 3080 ἐγγὺς
2823 3007 2933 3061 εἴτε
2967 3006 3269 3115 συγγῗνεῖςζ
3300 3001 3409 3056 εἴτε
3442 3000 3621 3115 άλλως

359 3100 474 3157 sive
515 3102 624 3156 alio
667 3104 825 3158 modo
866 3104 918 3157 in
971 3104 1228 3160 familiam
1281 3108 1554 3177 coaptati,
1610 3124 1865 3165 exerrare
1905 3126 1935 3165 a

2043 3106 2276 3169 οἰκείους
2307 3101 2632 3176 ἀφηνιάξειν
2650 3100 2748 3155 τοῦ
2775 3099 3001 3164 σκοποῦ,
3032 3090 3076 3165 ᾧ
3101 3095 3200 3167 ζῇν
3220 3093 3410 3164 ἔλαχεν
3452 3093 3482 3144 ὁ
3517 3090 3624 3162 τῆς

361 3208 560 3264 scopo,
590 3193 657 3247 ad
691 3209 851 3263 quem
898 3194 1115 3251 familiae
1165 3196 1360 3253 ductor
1397 3208 1453 3254 et
1497 3196 1757 3255 Dominus
1787 3215 1939 3256 suam

359 3284 526 3340 vitam
559 3284 903 3341 conformare
930 3286 1108 3344 debet.

433 3376 515 3439 0b
542 3378 749 3432 ventris
779 3377 1084 3447 cupidinem
1115 3379 1314 3451 ingenti
1346 3380 1544 3434 damno
1581 3379 1807 3435 allectus
1854 3392 1938 3438 est

363 3468 506 3525 Esau
537 3470 723 3525 senior
756 3470 897 3525 illius
928 3468 1099 3525 lsaaci
1133 3472 1200 3524 ¹⁷.
1240 3469 1374 3527 Cum
1415 3473 1557 3527 ertim
1596 3487 1662 3528 ex
1702 3472 1942 3542 professo

363 3569 591 3615 venator
629 3569 804 3626 esset,
845 3571 901 3616 et
938 3561 1104 3616 semel
1153 3570 1278 3631 post
1322 3564 1545 3617 multam
1600 3563 1943 3631 defatigatio-

365 3667 489 3707 nem
522 3652 742 3707 domum
778 3667 1030 3707 reversus
1059 3667 1185 3723 erga
1218 3656 1551 3724 propositam
1583 3671 1764 3711 escam
1801 3655 1943 3711 fame

374 3754 429 3798 et
486 3745 762 3801 desiderio
828 3744 1149 3799 intolerabili
1206 3743 1532 3810 alliceretur,
1586 3746 1944 3816 primogenita

372 3853 468 3892 sna
494 3851 594 3906 pro
636 3836 891 3890 lenticula
922 3835 1077 3892 fratri
1105 3850 1207 3891 suo
1250 3836 1510 3890 vendidit.
1545 3836 1619 3890 Ex
1648 3852 1754 3906 quo
1780 3837 1942 3892 etiam

366 3930 589 3994 evenit,
624 3936 685 3982 ut
724 3936 910 3997 postea
959 3927 1132 3983 eidem
1181 3926 1618 3982 benedictionem
1663 3935 1942 3998 paternam

367 4020 687 4090 praeriperet
721 4017 805 4072 ":
860 4027 916 4073 et
963 4016 1042 4073 sic
1088 4017 1343 4086 paulatim
1383 4034 1415 4073 a
1457 4018 1659 4074 virtute
1702 4027 1806 4075 eta
1839 4019 1946 4076 Deo

370 4108 740 4176 abalienatus,
774 4109 1194 4178 patriarchalem
1257 4108 1483 4180 gloriam
1531 4109 1731 4165 amisit.
1776 4110 1843 4166 Et
1879 4111 1948 4167 ab

370 4196 587 4252 lsraelis
615 4195 985 4252 familiaritate
1013 4205 1299 4266 separatus
1321 4238 1337 4265 ,
1375 4198 1489 4267 ipse
1520 4209 1575 4254 et
1601 4199 1865 4255 barbarus
1893 4211 1948 4257 et

369 4288 672 4360 alienigena
714 4287 929 4354 factus,
960 4297 1068 4343 tam
1111 4304 1459 4344 numerosum
1490 4304 1557 4345 ex
1592 4306 1651 4346 se
1689 4291 1944 4363 populum

368 4382 696 4453 procreavit.

445 4472 542 4527 llic
574 4473 688 4542 ipse
726 4474 946 4528 morbus
971 4473 1134 4528 etiam
1178 4471 1393 4529 Veteris
1419 4472 1753 4530 Testamenti
1784 4492 1951 4547 popu-

368 4566 482 4619 lum
513 4564 581 4619 ad
615 4563 1104 4635 transgressimnem
1151 4566 1453 4620 divinarum
1501 4565 1676 4638 legum
1720 4566 1948 4624 induxit.

370 4658 505 4712 Cum
559 4656 702 4711 enim
755 4655 970 4729 Moyses
1014 4659 1068 4712 in
1111 4658 1227 4730 lege
1264 4659 1579 4731 accipienda
1624 4668 1677 4715 et
1728 4659 1949 4715 ferenda

371 4761 672 4821 occupatus
701 4763 879 4818 esset,
915 4752 1004 4808 isti
1037 4755 1281 4824 abruptis
1310 4757 1561 4811 omnibus
1586 4756 1856 4826 repagulis
1884 4758 1950 4810 ad

372 4838 556 4898 luxum
590 4852 645 4899 et
678 4843 908 4899 choreas
958 4847 1201 4901 conversi
1243 4856 1370 4901 sunt
1401 4847 1443 4879 "
1473 4864 1487 4901 :
1524 4861 1659 4917 quos
1710 4846 1953 4903 diabolus

374 4935 446 4989 lla
488 4934 835 5000 vacillantes,
864 4943 921 4991 et
948 4935 1233 4991 honestam
1268 4937 1392 4992 vita:
1421 4937 1686 4991 rationem
1727 4934 1951 4990 concul—

374 5039 563 5083 cantes
617 5027 818 5085 sensim
875 5029 943 5084 ad
994 5028 1325 5101 impietatem
1366 5028 1598 5084 induxit.
1637 5026 1770 5083 llinc
1801 5026 1952 5081 vituli

372 5119 686 5187 Iabricatio,
710 5121 1012 5178 diabolicus
1040 5120 1239 5188 cultus,
1266 5122 1447 5175 Aaron
1482 5119 1677 5191 piaculi
1706 5133 1951 5182 consors,

374 5210 512 5283 legis
533 5213 809 5282 corruptio
829 5255 844 5279 ,
884 5212 1184 5268 tabularum
1229 5212 1521 5274 contritio,
1554 5219 1609 5265 et
1642 5208 1842 5281 Moysis
1869 5222 1956 5263 se-

376 5303 585 5358 cundus
634 5302 686 5357 iu
733 5313 970 5360 montem
1020 5318 1312 5368 ascensus,
1349 5313 1400 5357 et
1432 5303 1614 5358 omnia
1664 5304 1808 5368 haec,
1836 5316 1957 5372 qua:

374 5410 527 5448 sarra
574 5395 798 5450 historia
854 5406 961 5450 tam
1006 5394 1259 5451 ﬂebiliter
1297 5395 1642 5459 lamentatur,
1678 5408 1743 5448 ex
1771 5394 1957 5447 immo-

373 5483 498 5539 dico
528 5485 649 5541 cibo
684 5486 1006 5557 principium
1034 5496 1091 5540 et
1119 5500 1339 5541 causam
1368 5494 1743 5555 sumpserunt.

448 5667 496 5700 “
530 5668 553 5725 l
584 5671 713 5741 Reg.
749 5683 826 5738 tv,
858 5669 882 5724 l
916 5683 1035 5741 sqq.

1117 5668 1157 5700 "
1198 5667 1333 5726 Gen.
1366 5682 1490 5731 xxv,
1520 5670 1588 5721 δυ
1619 5681 1738 5737 sqq.
1809 5665 1857 5699 ¹⁸
1880 5664 2015 5723 Gen.
2042 5681 2214 5733 xxv",
2243 5665 2307 5721 19
2346 5678 2466 5733 sqq.

2041 3197 2224 3261 ἑστίας
2249 3193 2477 3268 ἡγεμὼν
2508 3193 2603 3247 καὶ
2621 3191 2919 3263 Δεσπότης.

2126 3376 2358 3449 Ἔϐλάϐη
2397 3375 2486 3428 διὰ
2541 3373 2785 3446 γαστέρα
2850 3372 3082 3444 μέγιστα
3131 3370 3225 3426 καὶ
3277 3373 3306 3425 ό
3346 3370 3475 3434 παῖς
3525 3367 3624 3423 τοῦ

2055 3470 2240 3524 Ἰσαὰκ
2261 3471 2290 3523 ὁ
2316 3466 2708 3539 πρεσϐύτερος.
2753 3464 2974 3537 Ἐπειδὴ
3013 3463 3121 3536 γὰρ
3155 3461 3420 3536 θηρευτὴς
3446 3460 3623 3533 ὐπάρ-

2042 3579 2153 3633 χων
2177 3561 2238 3614 τὸ
2264 3557 2623 3630 ἐπιτήδευμα,
2650 3557 2739 3610 καί
2772 3573 2901 3609 ποτε
2931 3554 3069 3628 μετά
3099 3554 3297 3627 δρόμον
3332 3551 3502 3606 πολὺν
3529 3551 3624 3604 ἐπὶ

2042 3653 2140 3725 τὴν
2174 3650 2351 3706 οίκίαν
2378 3648 2726 3720 ὑποστρέψας
2745 3648 2961 3718 ἀσχέτῳ
2994 3646 3151 3718 πείνῃ
3181 3644 3259 3716 τῷ
3293 3642 3623 3715 προφανέντι

2046 3744 2293 3816 βρώματι
2315 3741 2606 3814 περιέχειν,
2638 3739 2864 3794 ἀπέδοτο
2889 3739 2985 3810 μὲν
3013 3737 3092 3809 τῷ
3113 3736 3325 3809 ἀδελφῷ
3354 3734 3527 3807 φακοῦ
3555 3732 3623 3787 τὰ

2045 3832 2409 3908 πρωτοτόκια·
2452 3829 2659 3886 ἐκεῖθέν
2699 3848 2759 3884 τε
2813 3829 3001 3884 λοιπὸν
3055 3829 3150 3884 καὶ
3203 3828 3302 3901 τὴν
3349 3826 3627 3899 πατρικὴν

2044 3924 2292 3994 εὐλογίαν
2325 3922 2560 3992 ὲκλάπη’
2602 3921 2697 3976 καὶ
2723 3921 2894 3985 οῦτως
2938 3920 3077 3975 κατὰ
3107 3918 3300 3992 μικρὸν
3327 3918 3624 3988 ἀλλοτριω-

2047 4015 2161 4081 Osi;
2187 4015 2389 4087 ἀρετῆς
2411 4013 2505 4067 καὶ
2529 4011 2688 4077 Θεοῦ,
2728 4012 2830 4083 τὴν
2864 4010 3270 4084 πατριαρχικὴν
3316 4007 3474 4074 δόξαν
3516 4006 3627 4060 ἀτι-

2046 4105 2233 4160 ὠλεσε·
2256 4107 2351 4160 καὶ
2362 4104 2457 4158 τοῦ
2493 4104 2707 4176 Ἰσραὴλ
2729 4102 2871 4157 κατά
2900 4102 3000 4174 τὴν
3021 4101 3291 4157 οἱκείωσιν
3314 4096 3627 4171 χωρισθεὶς,

2047 4195 2210 4259 αὐτός
2269 4212 2329 4248 τε
2395 4192 2670 4265 βάρϐαρος
2726 4192 2945 4261 ἐγένετο
3005 4191 3100 4245 καὶ
3165 4187 3484 4258 ἀλλόφυλος,
3531 4184 3629 4242 καὶ

2047 4287 2287 4344 τοιοῦτον
2315 4287 2375 4354 ἐξ
2412 4286 2577 4342 αὐτοῦ
2609 4286 2734 4340 λαὸν
2761 4285 3149 4355 ἀπεγέννησεν.

1981 4391 2028 4448 D
2125 4381 2273 4454 Αὐτη
2309 4383 2341 4452 ἡ
2369 4380 2543 4447 νόσος,
2569 4378 2663 4432 καὶ
2690 4379 2783 4432 τὸν
2810 4378 2909 4449 τῆς
2937 4375 3181 4439 Παλαιᾶς
3204 4372 3478 4446 Διαθήκης
3502 4371 3630 4426 λαὸν

2055 4473 2135 4537 εἰς
2164 4472 2474 4545 παράϐασιν
2491 4470 2599 4524 τῶν
2623 4469 2780 4524 θείων
2801 4469 2895 4522 καὶ
2923 4467 3081 4539 ἱερῶν
3109 4466 3312 4538 νόμων,
3337 4464 3627 4537 ἐξήγαγεν.

2070 4565 2295 4637 Ἐπειδὴ
2319 4564 2427 4636 γὰρ
2452 4561 2729 4623 Μωύσέως
2753 4562 2819 4631 τῇ
2854 4556 3156 4627 ἐπαγγελίᾳ
3177 4554 3271 4609 τοῦ
3303 4556 3466 4626 νόμου
3504 4570 3630 4626 σχο-

2055 4656 2310 4721 λάζοντος
2329 4698 2343 4720 ,
2385 4651 2817 4724 ἐκδιαιτηθέντες
2842 4651 2890 4703 oi
2920 4649 3222 4721 ἄνθρωποι,
3257 4649 3394 4720 πρὸς
3422 4645 3633 4718 τρυφὴν

2056 4749 2152 4803 καὶ
2177 4747 2396 4820 χορείας
2424 4745 2759 4816 ἐτράπησαν,
2796 4741 2938 4796 κατά
2966 4741 3131 4813 μέρος
3161 4740 3358 4803 αὐτοὺς
3390 4736 3633 4791 ὀλισθαί-

2060 4857 2248 4903 νοντας
2278 4839 2372 4894 καὶ
2401 4837 2706 4900 πατοῦντας
2736 4835 2834 4907 τὴν
2868 4834 3125 4905 εὐνομίαν
3175 4830 3271 4886 τοῦ
3308 4831 3422 4901 βίου
3448 4871 3463 4895 ,
3500 4830 3636 4900 πρὸς

2058 4932 2316 4987 ἀσέϐειαν
2356 4932 2385 4984 ό
2427 4928 2671 4992 διάϐολος
2715 4925 3092 4995 ἐφειλκύσατο.
3134 4922 3404 4999 Κάκεῖθεν
3449 4922 3636 4976 λοιπὸν

2063 5020 2469 5095 μοσχοποίησις,
2520 5018 2867 5090 ἐπιτήδευσις
2905 5015 3249 5087 δαιμονῶσα,
3280 5014 3375 5068 καὶ
3426 5011 3637 5085 Ἀαρὼν

2060 5112 2335 5169 κοινωνῶν
2387 5110 2483 5165 τοῦ
2525 5111 2851 5183 μιάσματος,
2903 5109 2997 5162 καὶ
3024 5107 3117 5162 τοῦ
3143 5107 3309 5178 νόμου
3339 5105 3636 5175 διαφθορὰ,

2058 5209 2154 5261 καὶ
2180 5204 2286 5258 τῶν
2326 5201 2548 5258 πλακῶν
2582 5202 2937 5277 συντριμμδς,
2964 5200 3058 5255 καὶ
3083 5198 3362 5262 Μωύσέως
3389 5196 3640 5268 δεύτερος

2059 5297 2259 5371 δρόμος
2289 5297 2380 5351 ἐπὶ
2410 5295 2470 5349 τὸ
2503 5295 2649 5368 ὅρος,
2682 5295 2775 5348 καὶ
2800 5294 2977 5348 πάντα
3004 5293 3195 5356 ταῦτα,
3237 5294 3338 5346 ὅσα
3367 5291 3400 5361 ὴ
3429 5287 3641 5360 ἱστορία

2061 5388 2449 5462 σχετλιάζουσα
2474 5388 2816 5462 ὀλοφύρεται,
2842 5386 2951 5441 ἀπὸ
2974 5384 3230 5460 βρώσεως
3262 5382 3508 5455 ἀμέτρου
3545 5376 3642 5452 τὴν

2061 5482 2234 5556 ἀρχὴν
2267 5482 2393 5555 ἔσχε
2426 5481 2522 5536 καὶ
2552 5480 2650 5553 τὴν
2678 5477 2878 5535 αἰτίαν.

2545 5663 2585 5696 ιι
2621 5657 2790 5715 Exod.
2821 5672 2967 5711 xxxu
2990 5654 3120 5723 ,θ’
3157 5669 3278 5725 δΨίι
