3892 6272
207 353 315 411 377

1127 352 1415 411 HOMlLlA
1451 354 1592 412 xrv.
1629 353 1694 412 iN
1727 354 2129 415 PRINCIPIUM
2161 357 2605 418 .IEJUNIORUM.
2830 316 2841 323 i
3365 300 3491 416 ,τπδ’

277 469 430 525 Θέλω
449 469 507 524 δὲ
535 470 664 543 ὑμῖν
691 471 785 526 και
813 471 942 526 ἄλλο
981 473 1323 545 παραθέσθαι
1364 476 1630 548 διήγημα,
1665 476 1780 530 δεύ-

1962 477 2118 534 Libet
2143 494 2272 536 vero
2308 487 2362 536 et
2388 478 2533 535 aliud
2557 475 2815 549 quiddam
2855 490 3304 543 commemorare,
3333 485 3472 531 tem-

206 578 367 634 τερον
415 562 515 632 μὲν
557 562 651 615 τοῦ
693 563 1079 635 προλεχθέντος
1119 568 1233 630 τοῖς
1282 567 1514 638 χρόνοις,
1554 568 1793 622 ἰσοδυνα-

211 652 350 723 μοῦν
381 652 438 704 δὲ
464 652 606 707 κατὰ
631 653 729 725 τὴν
758 656 973 727 πρᾶξιν.
1015 656 1072 709 Ὁ
1104 656 1276 711 Σαοὺλ
1307 659 1335 712 ὁ
1365 658 1617 728 βασιλεὺς
1648 676 1789 730 παρ-

206 744 486 810 ετάττετο,
527 744 622 797 καὶ
662 745 751 798 διὰ
779 746 980 817 πολλῆς
1000 749 1275 819 φροντίδος
1296 745 1398 820 ἦγε
1421 750 1511 804 τὸν
1535 750 1787 821 πόλεμον·

206 834 562 905 ἀπηγόρευσε
593 834 651 888 δὲ
679 835 755 906 τῷ
799 836 913 909 λαῷ
939 839 1146 910 τροφῆς
1176 841 1233 893 ὲν
1277 840 1459 913 ἐκείνῃ
1505 844 1570 913 τῇ
1606 843 1791 913 ἡμέρᾳ

209 924 563 994 μεταλαϐεῖν,
633 927 781 999 ὅρκῳ
828 929 928 999 τὴν
974 930 1153 1001 κρίσιν
1204 931 1641 1003 έπισφραγίσας,
1696 935 1789 986 καὶ

208 1013 439 1080 θάνατος
485 1013 554 1088 ἦν
597 1019 631 1088 ἡ
681 1018 852 1090 ζημία
896 1020 976 1090 τῷ
1024 1022 1452 1092 παρακούσαντι.
1500 1025 1687 1094 Πάσης
1732 1025 1789 1079 δὲ

203 1109 306 1180 τῆς
364 1113 623 1182 στρατιᾶς
672 1110 943 1175 εὐπειθῶς
987 1111 1287 1182 δεξαμένης
1329 1112 1391 1165 τὺ
1437 1113 1785 1184 πρόσταγμα,

207 1202 373 1272 μόνος
397 1206 426 1256 ὁ
460 1202 555 1256 τοῦ
585 1202 851 1273 βασιλέως
879 1204 1007 1265 παῖς
1048 1203 1303 1257 Ἰωνάθαν
1335 1205 1529 1275 σμήνει
1569 1222 1787 1276 περιτυ-

203 1291 339 1363 χὼν,
369 1294 580 1347 καὶτοῦ
608 1293 821 1365 μέλιτος
846 1293 1115 1365 ἡττηθεὶς,
1148 1294 1400 1366 ἐμπήξας
1431 1299 1542 1361 τοῖς
1576 1297 1786 1368 κηρίοις

202 1384 266 1436 τὸ
296 1384 602 1455 σκῆπτρον,
632 1383 727 1437 τοῦ
772 1383 1154 1459 γλυκάσματος
1202 1386 1562 1455 ἀπεγεύσατο.
1611 1386 1783 1442 *Ηλθε

200 1472 261 1525 δὲ
299 1475 475 1542 ἔγγὺς
506 1474 598 1528 τοῦ
632 1474 900 1539 κινδύνου,
932 1477 982 1528 εἰ
1019 1474 1093 1547 μὴ
1129 1476 1188 1529 τὸ
1220 1477 1423 1548 πλῆθος
1454 1479 1600 1532 ἅπαν
1629 1482 1782 1551 κοινῇ

202 1564 346 1634 πρὸς
373 1564 473 1635 τὴν
500 1564 672 1637 ὁρμὴν
697 1562 791 1618 τοῦ
824 1565 1029 1636 πατρὸς
1071 1566 1164 1619 καὶ
1207 1565 1469 1636 βασιλέως
1501 1568 1779 1640 ἀντέσχεν,

202 1655 520 1723 ἀπαγαγεῖν
552 1656 647 1724 τὴν
678 1657 910 1727 ἀπειλὴν
934 1660 1016 1722 είς
1039 1657 1200 1730 ἔργον
1228 1659 1533 1729 ὁρίσαντος.

274 1744 425 1815 Πρὸς
454 1744 511 1797 δὲ
535 1747 646 1808 τοῖς
668 1745 978 1816 εἰρημένοις
1003 1746 1171 1817 μυρία
1192 1747 1415 1801 τοιαῦτα
1440 1748 1646 1813 ἔξεστιν
1673 1751 1780 1805 ἀπὸ

1893 584 2023 638 pore
2068 570 2283 638 quidem
2334 571 2605 638 posterius
2644 568 2736 625 sed
2782 569 2925 638 quod
2983 568 3051 624 ad
3095 583 3207 623 rem
3253 569 3466 631 attinet,

1891 660 2049 728 plane
2073 660 2421 726 atquivalens.
2448 658 2573 715 Saul
2615 674 2707 714 rex
2758 660 2810 713 in
2841 658 3037 715 castris
3060 668 3199 725 erat,
3224 667 3279 714 et
3302 657 3467 712 multa

1892 750 2258 810 sollicitudine
2305 750 2504 805 bellum
2550 750 2991 805 administrabat.
3042 748 3322 804 interdixit
3363 763 3465 801 au-

1894 847 1997 893 tem
2022 840 2250 908 populo,
2281 855 2345 894 ne
2371 841 2491 908 quis
2538 839 2625 893 illo
2659 839 2748 893 die
2775 840 2953 894 cibum
2983 839 3307 901 sumeret";
3337 852 3461 893 sen-

1890 928 2115 982 tentiam
2152 944 2305 984 suam
2345 928 2696 999 jurejurando
2726 930 3036 999 obsignans,
3069 930 3286 984 decreto
3320 943 3464 982 mor-

1891 1019 1959 1073 tis
1989 1019 2255 1088 supplicio
2313 1021 2357 1074 si
2416 1022 2538 1089 quis
2589 1036 2692 1075 non
2730 1022 3170 1088 obtemperasset.
3207 1021 3336 1076 Cum
3367 1035 3464 1072 au-

1888 1117 1993 1164 tem
2029 1119 2171 1165 totus
2203 1110 2476 1165 exercitus
2526 1113 2835 1165 mandatum
2878 1112 3057 1166 debito
3080 1111 3337 1180 obsequio
3366 1127 3461 1165 ac-

1887 1201 2159 1269 cepisset,
2225 1202 2371 1256 solus
2427 1201 2690 1256 Jonatlias
2712 1243 2728 1267 ,
2777 1202 2918 1257 ﬁlius
2948 1204 3089 1272 regis
3113 1246 3126 1265 ,
3159 1203 3210 1256 in
3247 1202 3464 1257 alveare

1887 1292 2146 1358 incidens,
2179 1293 2458 1363 mellisque
2489 1293 2770 1348 dulcedine
2818 1295 3013 1359 victus,
3036 1294 3157 1347 favo
3186 1304 3457 1362 sceptrum

1885 1380 2141 1451 inﬁgens,
2184 1382 2518 1438 dulcedinem
2555 1383 2698 1436 illam
2750 1384 3009 1465 gustavit.
3047 1383 3329 1439 Proximus
3363 1401 3459 1439 an-

1886 1482 1992 1527 tem
2028 1476 2272 1543 periculo
2294 1477 2418 1542 fuit,
2463 1470 2565 1532 nisi
2599 1488 2742 1534 totus
2771 1479 2998 1549 populus
3035 1479 3303 1535 communi
3332 1493 3461 1535 con-

1883 1576 2043 1617 sensu
2093 1565 2422 1620 retardasset
2476 1566 2734 1634 impetum
2791 1566 2996 1642 patris,
3045 1568 3135 1636 qui
3173 1566 3459 1621 intentatas

1883 1652 2058 1706 minas
2083 1654 2149 1706 ad
2188 1670 2302 1708 rem
2338 1655 2586 1711 conferre
2628 1656 2858 1711 volebat.
3214 1649 3223 1659 ’

1951 1743 2155 1799 Praeter
2192 1746 2328 1809 haec,
2365 1759 2617 1802 sexcenta
2649 1746 2752 1800 alia
2790 1763 2856 1801 cx
2887 1747 3182 1814 Scripturis
3209 1750 3457 1814 couigerc

199 1834 316 1888 τῶν
331 1808 581 1905 ΤραφὶἷΝ
611 1808 1023 1908 σύλλεξαμενον,
1058 1808 1243 1907 σαφῶς
1272 1808 1527 1905 κατιδεῖν,
1556 1842 1630 1904 ὡς
1652 1843 1779 1911 ἀγα-

1884 1833 2034 1898 Ιίεει,
2076 1838 2220 1891 unde
2265 1838 2494 1892 dilucide
2522 1839 2826 1901 elucescat,
2869 1839 3056 1908 quanti
3105 1838 3345 1893 facienda
3387 1838 3458 1892 sit

202 1924 298 1978 θὸν
321 1926 356 1995 ἡ
385 1927 699 1998 ἐγκράτεια,
726 1928 819 1981 καὶ
843 1927 1167 1993 τούναντίον,
1194 1929 1425 2000 χαλεπὸν
1451 1932 1482 2000 ἡ
1505 1930 1780 1995 ἀκώλυτος

199 2017 315 2072 τῶν
347 2019 526 2071 πότων
563 2019 658 2072 καὶ
705 2020 812 2072 τῶν
857 2020 1001 2089 ὄψων
1034 2019 1353 2082 ἀπόλαυσις.
1399 2021 1639 2090 Νηστεία
1670 2021 1779 2075 τῶν

204 2108 385 2175 ἁγίων
415 2108 743 2179 σύντροφος·
796 2110 1014 2181 νηστεία
1059 2110 1240 2181 πάσης
1282 2110 1494 2179 ἀγαθῆς
1531 2111 1780 2183 πράξεως

202 2198 472 2268 ἀρχηγός.
509 2199 618 2252 Καὶ
642 2199 829 2269 ὥσπερ
860 2201 909 2252 οἱ
937 2202 1173 2271 τεχνῖται
1204 2199 1370 2269 χωρὶς
1402 2199 1648 2270 ὀργάνων
1680 2202 1779 2254 οὐκ

201 2289 489 2359 ἐνεργοῦσι
520 2289 619 2353 τὰς
646 2290 839 2361 τέχνας
864 2308 876 2320 ·
913 2291 1054 2344 οὕτω
1083 2292 1178 2344 καὶ
1215 2292 1264 2343 oi
1298 2291 1571 2344 σπουδαῖοι
1600 2292 1691 2344 καὶ
1722 2293 1778 2345 ἐν

206 2385 605 2451 πνευματικαῖς
665 2384 846 2454 χάρισι
900 2383 1217 2453 βοηθέντες,
1272 2383 1400 2436 ἄνευ
1456 2384 1780 2456 ἐγκρατείας

201 2469 403 2523 οὔποτέ
435 2489 487 2524 τι
514 2472 622 2524 τῶν
651 2472 941 2542 θαυμάτων
975 2474 1063 2527 καὶ
1104 2474 1405 2545 τεραστίων
1435 2477 1775 2546 εἰργάσαντο.

203 2561 504 2632 Νηστεύων
562 2563 825 2627 Ἐλισαῖος
880 2565 1068 2636 ἤγειρε
1111 2564 1303 2635 νεκρὸν
1350 2566 1442 2618 καὶ
1486 2565 1735 2635 ὲψύχωσε
1761 2584 1774 2598 ·

207 2647 488 2718 νηστεύων
528 2649 731 2718 Μωσῆς
767 2644 871 2702 εἶδε
900 2651 1061 2703 Θεόν·
1100 2650 1373 2721 νηστεύων
1404 2653 1636 2723 Δανιὴλ,
1680 2657 1780 2726 τῆς

203 2739 462 2809 γεητείας
492 2741 587 2793 καὶ
626 2739 830 2811 πλάνης
856 2739 965 2793 τῶν
1009 2740 1305 2812 Ἀσσυρίων
1339 2741 1607 2813 ἐκράτησε
1633 2761 1647 2774 ·
1684 2761 1779 2815 νη-

207 2830 418 2883 στεύων
463 2830 553 2882 ttat
593 2831 622 2882 ὁ
652 2830 855 2901 Κύριος
901 2830 993 2883 τοῦ
1035 2830 1277 2883 διαϐόλου
1311 2831 1417 2884 τῶν
1459 2834 1778 2904 πειρασμῶν

202 2922 495 2992 ἠνέσχετο·
538 2920 887 2991 νηστεύοντες
932 2920 1027 2974 καὶ
1073 2923 1122 2974 οἱ
1152 2922 1458 2987 ἀπόστολοι,
1490 2924 1589 2988 τὰς
1637 2926 1776 2998 ὑπὲρ

201 3012 316 3065 τῶν
342 3011 644 3066 σπουδαίων
671 3011 1008 3084 πραγμάτων
1035 3012 1245 3083 δεήσεις
1271 3013 1488 3066 ἐτέλουν
1508 3030 1522 3044 ·
1557 3016 1779 3087 νηστείᾳ

1878 1928 2253 1993 temperantia.
2294 1937 2345 1983 et
2380 1943 2409 1981 ε
2449 1930 2746 1995 contrario,
2769 1944 2931 1997 quam
2963 1944 3127 1996 grave
3156 1928 3353 1981 malum
3388 1926 3460 1981 sit

1878 2012 2303 2083 intemperanler
2345 2032 2404 2071 se
2450 2017 2572 2071 cibo
2622 2028 2858 2086 potnque
2914 2018 3270 2087 ingurgitare.
3307 2015 3453 2083 Jeju-

1880 2104 2024 2157 nium
2082 2116 2393 2160 sanctorum
2442 2107 2772 2161 collactanea
2834 2116 2945 2173 est;
2990 2106 3248 2175 jejunium
3280 2105 3458 2162 omnis

1879 2193 2002 2249 boni
2026 2197 2206 2266 operis
2232 2196 2467 2251 initium.
2510 2198 2578 2252 Et
2612 2199 3062 2267 quemadmodum
3095 2198 3316 2268 opiﬁces
3338 2198 3457 2252 sine

1880 2285 2254 2342 instrumentis
2306 2303 2410 2341 non
2462 2298 2662 2357 agunt,
2697 2304 2814 2357 qua:
2864 2288 2998 2343 artis
3030 2304 3138 2342 sua:
3172 2297 3329 2352 sunt;
3381 2287 3455 2342 ita

1880 2377 2052 2431 seduli
2080 2388 2133 2433 et
2170 2380 2222 2432 in
2256 2380 2631 2447 spiritualibus
2673 2382 2866 2452 gratiis
2896 2382 3172 2444 celebrati,
3195 2382 3325 2435 nihil
3355 2381 3457 2434 mi-

1886 2468 2195 2523 raculorum
2229 2486 2466 2539 unquam
2505 2472 2624 2526 sine
2675 2473 3028 2541 temperantia
3058 2477 3452 2542 perpetrarunt.

1878 2558 2135 2627 Jejunans
2181 2563 2391 2617 Eliseus
2438 2574 2709 2618 mortuum
2741 2567 2999 2621 excitavit
3036 2575 3091 2621 et
3123 2566 3348 2631 revixit;
3376 2565 3459 2635 je-

1873 2650 2073 2720 junans
2103 2651 2312 2723 Moyses
2344 2653 2506 2708 Deum
2542 2655 2696 2709 vidit.
2736 2641 2994 2725 Jejunans
3030 2655 3238 2716 Daniel,
3267 2655 3457 2707 incan-

1882 2743 2116 2798 tationes
2161 2754 2215 2798 et
2260 2759 2478 2800 errores
2525 2745 2868 2815 Assyriorum
2927 2745 3151 2799 domuit.
3197 2742 3457 2810 Jejunans

1879 2834 2040 2888 etiam
2089 2835 2346 2890 Dominus
2394 2834 2591 2889 diaboli
2639 2836 3049 2906 impressionem
3100 2833 3456 2905 compescuit.

1880 2926 2125 2994 Apostoli
2156 2939 2371 2997 quoque
2401 2941 2489 2981 res
2522 2928 2693 2983 serias
2726 2941 3021 2996 precesque
3048 2941 3149 2980 non
3179 2926 3298 2980 sine
3321 2925 3456 2993 jeju-

1880 3012 1972 3065 nio
2018 3013 2388 3081 perliciebant.
2430 3012 2681 3068 Ninivitm
2726 3013 3198 3068 comminationem
3263 3011 3457 3066 mortis.

204 3101 487 3156 Νινευῖται
508 3103 606 3174 τὴν
633 3102 858 3173 ἀπειλὴν
881 3103 1136 3173 ἐνίκησαν
1164 3102 1258 3156 τοῦ
1286 3103 1515 3158 θανάτου
1536 3118 1550 3133 ⁸
1582 3106 1676 3159 καὶ
1699 3106 1775 3169 ὡς

1884 3102 2079 3167 jejunio
2100 3101 2435 3172 effugerunt;
2464 3116 2518 3157 et
2540 3113 2599 3157 ut
2621 3104 2860 3158 breviter
2893 3104 3074 3157 omnia
3106 3102 3451 3172 complectar,

202 3195 413 3250 ἐπίπαν
442 3197 633 3257 εἰπεῖν,
670 3193 808 3265 αὕτη
839 3194 972 3265 πρὸς
1009 3194 1141 3247 Θεὸν
1181 3195 1528 3266 παράκλητος
1550 3213 1564 3227 ·
1599 3195 1777 3260 αἰδοῦς

202 3286 360 3352 ἀξία,
396 3285 492 3339 καὶ
536 3285 775 3356 πρέσϐυς
808 3286 1151 3350 ἀξιόπιστος,
1202 3286 1413 3355 ταχέως
1453 3287 1778 3341 δυσωποῦσα

206 3376 350 3448 ὕπερ
378 3369 454 3430 ὧν
494 3378 812 3448 προσαγάγῃ
842 3376 919 3448 τῷ
945 3377 1063 3447 Θεῷ
1087 3377 1186 3447 τὴν
1222 3378 1520 3449 ἱκετηρίαν.
1552 3379 1642 3432 Διὸ
1671 3382 1779 3443 πᾶς

199 3467 344 3539 ἀνὴρ
382 3467 628 3538 εὐσεϐὴς,
672 3470 766 3522 καὶ
808 3470 956 3532 ὅστις
983 3466 1225 3538 φιλόθεος
1259 3469 1459 3538 μᾶλλον
1493 3468 1525 3540 ἢ
1557 3470 1651 3523 καὶ
1692 3487 1780 3539 φι-

200 3556 454 3628 λήδονος,
501 3560 707 3631 χαίρων
767 3578 854 3631 μοι
925 3560 1020 3612 καὶ
1062 3558 1462 3631 εὐθυμούμενος
1516 3561 1777 3632 πρόσελθε

200 3652 326 3713 ταῖς
354 3650 588 3720 ἡμέραις
617 3652 714 3721 τῆς
744 3652 1087 3724 ἐγκρατείας.
1113 3654 1301 3717 Οὐδεὶς
1325 3653 1432 3724 γὰρ
1461 3654 1779 3727 σκυθρωπὰ-

205 3739 315 3805 ζων
346 3742 407 3794 ὲν
436 3742 580 3811 ἀρχῇ
620 3741 728 3794 τῶν
759 3741 1004 3811 ἀγώνων,
1039 3746 1283 3811 γενναῖος
1314 3744 1642 3815 ἀγωνιστής.
1687 3746 1777 3817 Μὴ

202 3831 360 3900 γίνου
391 3831 638 3900 στυγνὸς,
668 3830 743 3894 ὠς
778 3832 994 3903 βρέφος,
1028 3833 1118 3885 ἐπὶ
1150 3832 1212 3885 τὸ
1236 3832 1597 3886 διδασκαλεῖον
1626 3834 1778 3887 ἑλκο-

207 3922 374 3996 μένου
400 3936 415 3951 ·
447 3923 523 3993 μὴ
552 3921 929 3991 καταγόγγυζε
969 3924 1068 3994 τῆς
1111 3921 1219 3976 τῶν
1268 3923 1494 3995 ἡμερῶν
1542 3923 1779 3995 καθαρό-

167 4006 391 4085 ’τητος·
429 4012 506 4084 μὴ
554 4013 705 4083 ζήτει
739 4015 837 4083 τῆς
881 4012 1171 4084 ἑϐδομάδος
1210 4013 1272 4066 τὸ
1315 4014 1498 4079 τέλος,
1537 4015 1612 4078 ὡς
1644 4014 1780 4085 μετὰ

204 4103 454 4176 χειμῶνα
486 4104 701 4175 πικρὸν,
734 4102 1035 4173 παρουσίαν
1064 4103 1223 4176 ἔαρος
1242 4120 1257 4135 ·
1295 4107 1370 4176 μὴ
1399 4103 1655 4175 ὲπιθύμει
1686 4104 1779 4159 τοῦ

207 4195 493 4251 Σαϐϐάτου
519 4194 608 4248 διὰ
638 4194 826 4265 μέθην,
865 4195 941 4259 ὡς
997 4196 1246 4260 Ἰουδαῖος
1266 4212 1279 4227 ·
1316 4196 1389 4268 μὴ
1436 4196 1656 4269 ἀρίθμει
1684 4198 1782 4262 τὰς

205 4289 422 4360 ἡμέρας
472 4287 570 4359 τῆς
621 4286 1104 4359 Τεσσαρακοστῆς,
1152 4287 1228 4352 ὡς
1284 4288 1454 4360 ἀργὸς
1511 4288 1780 4358 μισθωτὸς

204 4378 495 4449 ἀναμένων
528 4378 629 4447 τῆς
669 4378 933 4448 ὲμμίσθου
976 4378 1311 4449 προθεσμίας
1356 4379 1417 4431 τὸ
1469 4379 1654 4443 τέλος·
1706 4380 1780 4452 μὴ

1874 3193 2142 3262 jejunium
2180 3206 2264 3249 est
2298 3197 2517 3265 dignum
2551 3196 2707 3263 cujus
2731 3204 2987 3264 tanquam
3016 3194 3172 3263 legati
3201 3194 3337 3247 ratio
3357 3193 3456 3247 lia-

1879 3286 2091 3349 beatur,
2120 3296 2175 3340 et
2207 3300 2437 3355 quorum
2482 3288 2694 3341 ratione
2719 3289 2783 3340 ad
2815 3288 2981 3342 Deum
3031 3286 3296 3356 legatione
3341 3284 3455 3338 l‘nn-

1878 3377 2041 3446 gitur,
2078 3377 2421 3432 exaudiatur.
2447 3376 2711 3444 Quocirca
2734 3376 2982 3447 quisquis
3008 3384 3092 3430 est
3122 3376 3240 3445 pius
3265 3374 3453 3428 Deum-

1878 3483 1981 3536 que
2022 3467 2205 3522 colens
2248 3477 2304 3522 et
2359 3468 2531 3537 magis
2575 3483 2736 3537 quam
2779 3467 3078 3536 voluptates
3118 3479 3329 3529 amans,
3367 3464 3457 3521 ille

1879 3559 2129 3613 alacriter
2188 3559 2273 3614 his
2326 3558 2517 3614 diebus
2572 3559 2914 3613 abstinentiae
2958 3558 3023 3612 ad
3078 3571 3162 3611 me
3209 3556 3451 3619 accedat,

1882 3651 2060 3704 nullus
2116 3650 2295 3715 enim,
2344 3651 2435 3720 qui
2489 3650 2642 3705 initio
2684 3652 3043 3705 certaminum
3083 3646 3364 3700 vultuosus
3401 3655 3457 3701 et

1882 3743 2049 3796 tristis
2111 3750 2236 3809 est,
2294 3757 2589 3812 generosus
2647 3741 2848 3797 athleta
2908 3749 3014 3798 est.
3069 3738 3148 3795 Ne
3206 3737 3456 3794 eﬂiciaris

1880 3844 2106 3889 maestus
2126 3875 2142 3899 ,
2177 3842 2434 3904 tanquam
2463 3834 2743 3904 puerulus,
2770 3833 2861 3903 qui
2894 3831 3156 3886 violenter
3184 3831 3249 3884 ad
3271 3829 3453 3883 ludum

1880 3925 2198 3981 litterarium
2236 3926 2514 3991 trahitur;
2570 3940 2638 3980 ne
2693 3938 2999 3980 nturmures
3042 3924 3305 3977 adversus
3356 3921 3455 3975 bo-

1881 4031 1996 4070 rum
2022 4016 2231 4069 dierum
2274 4016 2562 4085 puritatem
2590 4031 2606 4081 ;
2654 4028 2721 4069 ne
2744 4008 2956 4083 quaeras
2987 4013 3143 4066 ﬁnem
3171 4010 3461 4064 hebdoma-

1881 4111 1981 4172 dae,
1999 4108 2139 4162 sicut
2162 4117 2281 4177 post
2316 4107 2694 4161 inclementem
2741 4106 2974 4160 hiemem
3026 4103 3288 4158 adventus
3313 4100 3457 4155 veris

1880 4201 2180 4270 expetitur;
2229 4214 2297 4255 ne
2340 4201 2615 4255 desideres
2658 4198 2950 4253 Sabbatum
2998 4198 3067 4250 ob
3111 4194 3450 4254 ebrietatem,

1884 4299 2135 4358 tanquam
2175 4288 2424 4355 Iudaeus;
2473 4303 2542 4343 ne
2592 4301 2848 4341 numeres
2882 4282 3312 4352 Quadragesinta:
3340 4280 3455 4334 dies

1880 4379 2023 4434 velut
2046 4381 2269 4449 ignavus
2299 4378 2686 4442 mercenarius,
2711 4385 3035 4445 exspectans
3073 4373 3244 4426 donec
3275 4369 3457 4426 elaba-

206 4470 381 4524 λυποῦ
402 4511 417 4533 ,
456 4470 536 4523 ὅτι
567 4486 659 4523 σου
690 4472 798 4524 ἀπὸ
824 4469 1045 4542 πρώτης
1081 4470 1230 4542 ὥρας
1257 4472 1289 4541 ἡ
1321 4470 1466 4524 οἰκία
1494 4471 1555 4523 οὐ
1582 4471 1778 4526 καπνί-

1884 4479 1970 4523 tur
1983 4470 2119 4539 ejus,
2145 4469 2210 4522 de
2228 4485 2335 4538 quo
2362 4474 2687 4523 conventum
2718 4473 2823 4531 est,
2853 4475 3093 4533 tempus;
3120 4477 3186 4515 ne
3218 4460 3453 4532 angaris,

210 4564 386 4628 ζεται,
416 4562 538 4616 οὐδὲ
565 4564 593 4615 ὁ
629 4564 887 4635 μάγειρος
911 4564 1107 4634 ἕστηκε
1147 4563 1283 4636 πρὸς
1311 4563 1372 4617 τὸ
1405 4563 1533 4636 πῦρ.

275 4742 520 4813 Χάρισαί
561 4760 611 4795 τι
643 4743 737 4796 καὶ
765 4744 829 4813 τῇ
859 4741 1002 4812 ψυχῇ
1028 4781 1044 4805 ,
1090 4740 1164 4811 μὴ
1212 4741 1389 4795 πάντα
1433 4739 1512 4810 τῷ
1544 4739 1777 4811 σώματι.

201 4835 318 4907 Τὴν
360 4833 519 4904 μὲνὴ
552 4832 726 4903 ἀποχὴ
754 4833 862 4885 τῶν
897 4834 1077 4886 σιτίων
1104 4833 1324 4903 τρέφει·
1356 4831 1419 4884 τὸ
1447 4830 1505 4883 δὲ
1537 4832 1571 4901 ἡ
1606 4830 1778 4900 ἐμφό-

204 4944 388 5001 ρησις.
459 4924 598 4977 Ἀλλ’
637 4923 821 4994 ἐπειδὴ
864 4924 931 4978 τὰ
973 4923 1067 4977 δύο
1104 4923 1353 4994 ἀλλήλοις
1393 4920 1774 4985 συνέζευκται,

206 5018 304 5072 καὶ
337 5014 409 5068 τὰ
444 5013 578 5067 πολῦ
612 5013 987 5084 κεχωρισμένα
1032 5013 1172 5066 κατὰ
1203 5012 1303 5082 τὴν
1344 5011 1526 5081 φύσιν,
1567 5015 1631 5084 τῇ
1683 5010 1776 5066 τοῦ

202 5105 555 5180 Δημιουργοῦ
590 5106 842 5176 συνεδέθη
882 5105 1105 5177 προνοίᾳ
1137 5106 1231 5158 καὶ
1256 5104 1454 5176 τέχνῃ,
1487 5101 1781 5175 βουλευσώ-

206 5197 351 5268 μεθα
378 5197 531 5258 ὅπως
552 5194 618 5248 ἂν
643 5194 926 5267 ἀμφότερα
954 5196 1272 5264 διαγένοιτο,
1295 5195 1403 5248 τῶν
1430 5195 1780 5266 καταλλήλων

200 5289 441 5344 ἕκαστον
468 5286 668 5359 χρειῶν
709 5288 784 5360 μὴ
826 5275 1198 5359 στερούμενον.
1249 5288 1341 5341 Ἐκ
1383 5287 1492 5341 τῶν
1533 5286 1626 5340 δύο
1656 5304 1780 5341 συν-

201 5378 466 5448 έστηκας,
493 5376 768 5445 ἄνθρωπε,
797 5378 891 5430 καὶ
918 5377 1105 5432 σιωπῶ
1145 5377 1315 5443 τέως,
1349 5377 1428 5430 ὅτι
1469 5376 1603 5430 πολὺ
1647 5393 1780 5448 προ-

203 5469 496 5541 τιμότερον
520 5469 553 5538 ἡ
580 5467 759 5539 ψυχὴ,
788 5468 885 5522 καὶ
929 5470 1202 5540 προσῆκεν
1233 5468 1418 5542 ἐκείνῃ
1457 5468 1643 5540 νέμειν
1680 5467 1781 5538 τῆς

203 5558 422 5623 εὐνοίας
444 5558 510 5613 τὸ
536 5557 715 5612 πλέον.
744 5557 974 5614 Δίκασον
996 5560 1053 5615 δὲ
1081 5558 1429 5633 ἀμφοτέροις,
1461 5559 1536 5624 ὡς
1568 5558 1782 5630 λογικὸς

276 5758 326 5795 ⁸³
359 5759 381 5815 ι
407 5758 542 5830 Reg.
579 5774 690 5826 XIV,
718 5760 791 5815 24
815 5776 938 5833 sqq.

1878 4562 1923 4617 si
1954 4577 1981 4614 a
2018 4562 2187 4629 prima
2223 4560 2355 4614 liora
2383 4560 2574 4614 domus
2616 4573 2723 4613 non
2759 4556 3115 4627 perfundatur
3145 4553 3291 4607 fumo
3313 4592 3330 4617 ,
3363 4566 3450 4605 ne-

1876 4667 1983 4724 que
2009 4666 2214 4721 coquus
2241 4661 2343 4706 stet
2379 4652 2445 4705 ad
2482 4651 2681 4721 ignem.

1950 4744 2023 4797 Da
2051 4743 2211 4797 etiam
2242 4742 2443 4813 aliquid
2490 4743 2718 4809 animae,
2761 4757 2864 4795 non
2904 4739 3086 4793 omnia
3127 4733 3365 4806 corpori.
3389 4732 3456 4788 ll-

1880 4833 1986 4888 lam
2035 4835 2202 4886 nutrit
2248 4831 2573 4886 abstinentia
2599 4831 2665 4885 ab
2691 4830 2966 4884 alimentis
2994 4868 3009 4891 ,
3044 4841 3241 4895 corpus
3275 4832 3452 4877 autem

1885 4925 2114 4995 repletio
2144 4939 2236 4979 seu
2267 4922 2515 4994 ingestio.
2551 4922 2655 4978 Sed
2699 4937 2822 4978 cum
2854 4923 2959 4977 duo
2991 4922 3105 4975 haec
3140 4920 3248 4987 jam
3274 4924 3459 4970 mutuo

1883 5016 1994 5072 sint
2020 5015 2296 5084 copulata,
2338 5015 2585 5085 quamvis
2616 5022 2807 5068 natura
2850 5012 3078 5067 multum
3118 5007 3459 5071 dissidentia,

1878 5106 2189 5163 Conditoris
2241 5114 2421 5161 tamen
2482 5106 2824 5174 providentia
2882 5114 2937 5159 et
2995 5113 3113 5158 arte
3175 5113 3453 5163 connexa,

1879 5199 2148 5268 dispicere
2168 5206 2407 5268 oportet,
2432 5198 2708 5267 quomodo
2733 5196 2948 5265 utrique
2975 5195 3171 5250 horum
3203 5192 3452 5255 satisﬁat,

1877 5290 1951 5345 ita
1977 5298 2035 5344 ut
2066 5282 2311 5344 neutrum
2345 5288 2525 5344 debito
2569 5287 2809 5343 subsidio
2847 5287 3103 5357 privetur.
3134 5285 3213 5339 Ex
3248 5282 3456 5337 duabus

1884 5382 2048 5437 rebus
2079 5388 2489 5449 coagmentatus
2525 5394 2587 5435 es
2606 5420 2623 5445 ,
2652 5395 2686 5435 o
2716 5379 2896 5434 homo.
2927 5377 3082 5432 Mitto
3109 5375 3311 5440 dicere,
3344 5372 3459 5427 ani-

1885 5487 2028 5528 mam
2090 5472 2262 5527 multo
2313 5472 2741 5541 praestantiorem
2774 5483 2929 5538 esse,
2975 5482 3040 5524 ac
3069 5465 3291 5537 proinde
3333 5464 3457 5534 plus

1886 5550 2276 5621 benevolentiae.
2306 5564 2355 5620 ei
2392 5562 2600 5621 deberi.
2635 5560 2733 5620 Jus
2764 5563 2852 5618 dic
2882 5559 3154 5627 utrisque,
3196 5566 3452 5628 tanquam
