3896 6268
407 381 518 438 579

1691 380 1751 440 s.
1795 380 2071 439 ssrenu
2110 380 2416 438 AMASENI
2454 462 2459 467 _
2508 460 2519 465 _

3578 374 3693 439 σεο

403 499 636 554 rationis
682 499 954 571 particeps
987 508 1042 554 et
1073 513 1262 569 aequus
1303 499 1495 569 judex.
1548 498 1812 569 Exspecta
1860 514 1989 570 pau-

2095 497 2185 551 καλ⁴
2219 496 2535 569 εὐγνώμων.
2602 497 2861 569 Ἀνάσχου
2896 496 2954 551 δὲ
3004 496 3199 570 μικρὸν
3220 538 3235 562 ,
3268 498 3361 551 καὶ
3394 497 3445 551 εἰ
3486 497 3694 570 βουλη-

404 590 571 659 lisper
596 632 611 655 ,
662 602 718 646 et
774 608 903 661 ego,
953 593 997 649 si
1042 592 1226 657 lubet,
1258 609 1357 664 pro
1395 591 1578 649 anima
1604 602 1857 662 tanquam
1889 606 1990 661 pro

405 680 633 734 muliere
662 668 852 748 ’lideli,
900 696 1085 737 eorum
1111 723 1126 746 ,
1177 684 1230 737 in
1270 681 1466 753 quibus
1499 696 1558 738 se
1607 682 1804 752 injuria
1846 680 1990 735 allici

406 774 602 827 merito
624 776 997 841 conqueritur,
1044 775 1413 831 defensionem
1446 777 1747 831 instituam.
1794 773 1988 827 Anima

406 863 571 934 igitur
597 880 752 920 sacra
806 874 917 929 est,
963 878 1018 921 et
1047 883 1074 919 a
1120 870 1365 939 corporis
1400 869 1748 923 concretione
1796 866 1987 932 lihera,

405 956 727 1013 immortalis
776 969 831 1013 et
881 959 1138 1015 interitus
1203 963 1405 1017 nescia.
1446 960 1633 1030 Neque
1687 975 1807 1014 cum
1846 969 1989 1013 terra

402 1058 457 1100 et
486 1049 866 1116 terrestrihus,
925 1054 1018 1105 sed
1068 1067 1188 1106 cum
1226 1051 1337 1105 Deo
1380 1050 1759 1122 cognationem
1806 1049 1987 1102 habet.

399 1135 536 1191 Cum
560 1154 689 1193 vero
723 1156 854 1210 pura
889 1143 992 1207 sit,
1045 1145 1197 1211 puris
1220 1143 1537 1209 delectatur,
1578 1150 1633 1196 et
1677 1155 1799 1194 cum
1839 1138 1991 1207 origo

400 1229 519 1296 ejus
546 1233 776 1284 materia
806 1243 1023 1300 careat,
1064 1234 1195 1305 fugit
1219 1249 1437 1304 quoque
1482 1248 1571 1288 res
1622 1232 1861 1286 materiae
1894 1232 1993 1284 im-

403 1335 636 1375 mersas.
672 1320 940 1378 Caeterum
990 1335 1277 1395 postquam
1305 1342 1335 1380 a
1363 1324 1474 1379 Deo
1514 1332 1776 1380 statutum
1800 1333 1905 1389 est,
1935 1332 1994 1376 ut

401 1410 681 1464 vasculum
728 1427 792 1465 ex
845 1421 991 1468 terra
1019 1414 1311 1468 lormatum
1354 1415 1609 1470 informet
1630 1425 1790 1483 atque
1820 1412 1995 1467 admio

405 1499 624 1565 nistret,
667 1503 804 1573 ipsa.
839 1514 898 1559 ut
924 1506 1230 1577 obsequens
1261 1508 1459 1562 famula
1487 1548 1500 1572 ,
1526 1508 1638 1561 luto
1684 1505 1907 1569 assidet,
1940 1513 1995 1557 et

400 1593 662 1649 excubias
695 1596 827 1665 agit,
860 1601 1032 1654 donec
1079 1600 1392 1654 mandatum
1425 1600 1659 1671 accipiat
1684 1638 1699 1663 ,
1733 1597 1877 1668 quod
1910 1609 1997 1649 se-

401 1685 741 1754 parationem
777 1689 1047 1759 impetret.
1082 1689 1218 1745 lluic
1256 1691 1439 1762 igitur,
1482 1706 1602 1762 qua:
1631 1704 1830 1758 corpus
1864 1685 1996 1741 vivi-

403 1774 551 1837 tteat,
587 1774 812 1841 prodest
833 1791 862 1829 a
884 1778 1021 1833 cibis
1053 1778 1385 1835 abstinentia
1406 1821 1421 1847 ,
1453 1789 1674 1835 terreno
1700 1789 1879 1834 autem
1913 1777 1995 1831 in—

2094 587 2193 659 θῇς
2216 629 2230 652 ,
2275 586 2385 655 ἐγὼ
2423 587 2513 640 τὸν
2548 588 2689 659 ὑπὲρ
2717 587 2820 658 τῆς
2851 587 3029 658 ψυχῆς
3055 587 3214 657 λόγον
3245 588 3585 659 ποιήσομαι,
3611 590 3695 653 ὡς

2092 678 2315 747 γυναικὶ
2359 679 2701 751 πιστευσάσῃί
2746 680 3094 750 συνηγορίαν,
3130 681 3215 749 ἐφ’
3248 672 3328 743 οἷς
3382 679 3695 733 ἀδικεῖσθαι

2091 768 2239 838 λέγει
2286 770 2382 823 καὶ
2430 769 2878 841 καθυϐρίζεσθαι.
2932 769 3080 842 Αὕτη
3144 769 3325 824 τοίνυν
3367 771 3516 825 ἐστὶν
3567 771 3699 842 ἱερὰ

2093 861 2190 916 κα)⁸
2212 859 2525 932 ἀσώματος,
2548 863 2814 925 ἀθάνατος
2838 862 2932 915 καὶ
2953 860 3159 915 ἀνώλεθ
3168 878 3281 933 ρος·
3302 860 3363 914 ού
3392 862 3530 933 πρὸς
3559 863 3695 930 γῆν,

2093 954 2188 1003 καὶ
2213 952 2282 1006 τὰ
2309 954 2458 1024 τῇδε,
2495 953 2632 1008 ἀλλά
2664 954 2800 1026 πρὸς
2824 954 2956 1009 Θεὸν
2982 953 3181 1024 ἔχουσα
3207 953 3307 1023 τὴν
3336 953 3690 1022 συγγένειαν.

2092 1045 2325 1118 Καθαρά
2370 1046 2426 1100 δὲ
2469 1042 2604 1101 οὖσα
2652 1047 2833 1120 χαίρει
2881 1049 2994 1111 τοῖς
3038 1046 3337 1120 καθαροῖς,
3386 1046 3481 1100 καί¹
3522 1045 3696 1101 άῦλον

2094 1136 2291 1207 ἔχουσα
2320 1138 2419 1210 τὴν
2467 1139 2701 1207 γένεσιν,
2733 1138 2924 1209 φεύγει
2967 1139 3066 1203 τὰς
3110 1138 3263 1204 ῦλας.
3314 1139 3461 1210 Πλὴν
3495 1136 3695 1208 ἐπειδὴ

2096 1230 2442 1299 προσετάχθη
2469 1229 2531 1282 τὸ
2571 1232 2634 1283 ὲκ
2678 1231 2780 1301 γῆς
2812 1230 3097 1302 μορφωθὲν
3133 1230 3325 1294 σκεῦος
3353 1231 3693 1300 οἰκονομεῖν,

2094 1318 2169 1382 ὡς
2217 1320 2475 1392 εὐπειθὴς
2514 1320 2609 1374 τοῦ
2649 1321 2914 1375 δεσπότου
2959 1321 3120 1394 δούλη
3175 1321 3253 1393 τῷ
3307 1321 3465 1393 πηλῷ
3508 1337 3692 1393 προσ-

2094 1409 2303 1481 εδρεύει
2335 1411 2431 1464 καὶ
2481 1412 2580 1482 τῆς
2613 1411 2857 1482 φυλακῆς
2890 1411 3093 1482 ἔχεται,
3141 1413 3237 1467 καὶ
3271 1414 3367 1484 τῆς
3413 1413 3501 1465 ἐπ’
3532 1412 3696 1485 αὐτῷ

2096 1502 2372 1573 προνοίας,
2408 1502 2602 1574 μέχρις
2634 1504 2701 1557 ἂν
2745 1502 2873 1575 ἔλθῃ
2911 1503 3237 1575 πρόσταγμα
3284 1504 3374 1557 τὸν
3402 1505 3694 1578 χωρισμὸν

2094 1592 2407 1664 ὲπιτρέπον.
2443 1593 2660 1665 Ταύτην
2692 1594 2791 1665 μὲν
2819 1590 2913 1649 οῦν
2946 1596 3045 1668 τὴν
3093 1596 3155 1650 τὸ
3189 1595 3349 1668 σῶμα
3386 1596 3694 1662 ζωοποιοῦν

2098 1700 2198 1738 σαν
2227 1684 2464 1755 ὀνίνησιν
2494 1687 2527 1756 ἡ
2563 1685 2743 1757 ἀποχὴ
2795 1685 2904 1741 τῶν
2950 1686 3277 1760 βρωμάτων,
3308 1687 3386 1759 τῷ
3413 1688 3590 1762 γηίνῳ
3623 1689 3690 1742 δὲ

2096 1774 2313 1847 ὀργάνῳ
2343 1778 2377 1846 ἡ
2422 1775 2533 1831 τῶν
2570 1778 2754 1830 σιτίων
2784 1776 3081 1842 ἀπόλαυσις
3106 1817 3122 1843 ,
3174 1778 3469 1848 ἀναγκαία.
3512 1778 3690 1833 Οὐδὲν

402 1875 708 1920 strumeuto
755 1867 997 1924 alimenti
1054 1873 1332 1940 perceptio
1378 1874 1685 1929 necessaria
1725 1882 1829 1926 est.
1866 1869 1983 1927 Non

2095 1867 2241 1940 ζητεῖ
2271 1869 2452 1935 πλέον,
2492 1868 2568 1933 ὡς
2594 1870 2879 1940 κρείττων.
2921 1870 3159 1943 Μέρισόν
3192 1888 3323 1943 μοι,
3380 1871 3547 1943 φησὶ,
3580 1871 3687 1925 τοῦ

403 1956 556 2023 plura
582 1960 776 2026 qnzerit
802 1970 1054 2032 tanquam
1086 1965 1458 2020 excellentior.
1483 1964 1705 2036 Largire
1723 1964 1857 2019 mihi
1884 1967 1985 2018 hoc

404 2058 616 2117 tempus
653 2052 811 2117 anni,
858 2054 925 2108 da
964 2070 1059 2109 sex
1086 2071 1301 2111 menses
1330 2057 1421 2122 ei,
1453 2058 1598 2127 quod
1628 2056 1984 2127 gubernatur.

402 2136 640 2205 reliquos
691 2141 1078 2210 gubernatrici.
1127 2143 1279 2201 Justa
1325 2147 1559 2216 petitio;
1613 2162 1789 2217 neque
1843 2146 1988 2216 quis-

401 2241 562 2295 quam
620 2231 765 2287 adeo‘
800 2235 1049 2304 corporis
1070 2252 1261 2293 amans
1306 2246 1362 2294 et
1402 2239 1456 2294 in
1497 2238 1720 2293 alteram
1776 2248 1983 2307 partem

400 2334 633 2390 vergens
651 2322 820 2390 judex
846 2327 974 2393 erit,
1004 2329 1095 2397 qui
1128 2330 1287 2387 dictis
1323 2346 1431 2387 non
1459 2331 1805 2403 sull‘ragetur.

473 2412 584 2483 Ego
629 2431 755 2471 vero
797 2420 962 2474 etiam
1011 2422 1301 2492 hyperbole
1334 2440 1465 2480 usus
1507 2434 1561 2479 et
1593 2427 1785 2495 aequali
1825 2427 1989 2498 parti-

402 2502 549 2560 tione
603 2521 713 2561 non
771 2519 1098 2577 contentus,
1155 2514 1511 2571 imbecillitati
1563 2519 1808 2587 corporis
1856 2533 1986 2573 con-

400 2595 745 2652 desceudam.
785 2597 993 2657 Habeat
1034 2602 1198 2672 igitur
1226 2618 1424 2674 corpus
1472 2605 1659 2661 decem
1697 2622 1913 2663 menses
1931 2618 1986 2664 et

399 2685 563 2754 paulo
589 2687 727 2757 plus.
777 2690 1055 2748 Concedat
1098 2693 1229 2748 mihi
1273 2696 1756 2768 Quadragesimam
1787 2708 1842 2753 et
1863 2701 1986 2770 qui.

401 2775 522 2831 dem
572 2778 801 2835 solidam
831 2821 848 2847 ,
889 2792 949 2837 ut
986 2786 1263 2857 paulisper
1303 2804 1373 2844 ex
1426 2803 1585 2845 cteno
1616 2791 1835 2856 liberer,
1868 2792 1984 2848 luto

400 2880 500 2935 per
538 2872 945 2940 temperantiam
990 2875 1332 2946 refrigerato.
1374 2879 1498 2935 Haec
1522 2920 1537 2946 ,
1592 2895 1626 2935 ο
1664 2880 1980 2948 Christiani,

399 2959 544 3029 justa
572 2964 844 3030 postulata
884 2975 1044 3033 sunt,
1072 2968 1187 3023 sive
1218 2969 1383 3026 homo
1405 3012 1421 3038 ,
1452 2974 1568 3028 sive
1594 2974 1733 3030 Deus
1761 2975 1980 3043 iudicet.

402 3047 471 3102 Et
523 3059 613 3115 tu,
653 3053 743 3121 qui
797 3052 961 3120 judex
1008 3070 1103 3121 es,
1148 3057 1203 3111 in
1239 3068 1478 3129 tempore
1514 3061 1658 3115 enim
1696 3062 1981 3129 advenisti,

401 3140 702 3209 astipulare
730 3144 924 3199 animze
955 3156 1145 3202 contra
1188 3164 1384 3218 corpus
1414 3150 1757 3220 disceptanti.
1791 3150 1980 3224 Igitur,

400 3249 436 3286 ο
480 3234 788 3292 Christiane
812 3278 827 3303 ,
861 3238 1197 3309 voluptatum
1242 3241 1565 3309 illecebras,
1616 3260 1712 3299 ceu
1744 3246 1983 3316 juvenile

402 3325 681 3392 quiddam,
727 3330 955 3383 trucida.
985 3328 1080 3385 Vir
1120 3347 1209 3401 es,
1242 3348 1309 3388 ne
1341 3335 1521 3405 sapias
1545 3351 1665 3406 quae
1698 3352 1985 3406 puerorum

404 3424 552 3480 sunt,
586 3416 676 3486 qui
703 3419 805 3472 nisi
842 3420 945 3475 mel
970 3423 1263 3493 accipiant,
1293 3424 1693 3496 lacrymantur;
1734 3426 1836 3482 nisi
1872 3443 1989 3483 car-

407 3521 531 3560 nem
583 3517 638 3562 et
671 3510 855 3564 vinum
896 3514 1233 3582 praebueris,
1291 3519 1643 3574 concidentes
1701 3520 1987 3589 palpitant,

404 3598 552 3653 velut
577 3602 813 3656 animam
845 3604 1176 3662 exhalaturi.
1205 3608 1272 3663 Et
1301 3620 1506 3678 quanto
1550 3612 1724 3682 magis
1751 3614 1988 3683 plorant,

406 3705 472 3744 eo
502 3690 707 3761 majore
732 3694 890 3747 undio
915 3711 1105 3752 omnes
1139 3698 1409 3755 alliciunt.
1440 3701 1736 3769 Erubesco,
1778 3708 1993 3774 quando

405 3781 621 3838 intueor
660 3787 933 3842 voracium
972 3792 1434 3858 moestitudinem,
1489 3805 1544 3850 et
1597 3798 1868 3862 quomodo
1911 3799 1996 3853 in-

408 3876 545 3929 tuitu
581 3874 918 3933 abstinentiae
956 3880 1190 3950 ejulent;
1236 3884 1473 3940 oscitant
1524 3895 1817 3956 perpetuo;
1865 3903 1997 3957 pau-

408 3962 573 4018 lulum
625 3968 991 4034 decumbunt;
1041 3982 1386 4042 exsurgunt.
1434 3983 1491 4028 et
1540 3990 1728 4031 rursus
1758 3978 1997 4034 dormire

407 4068 703 4128 ceguntur;
742 4060 886 4116 diem
918 4063 1038 4118 sine
1076 4079 1239 4119 sensu
1275 4067 1576 4135 transigere
1602 4069 1850 4138 Student;
1880 4086 2000 4141 gra-

406 4162 621 4217 Vantur,
645 4154 759 4209 sole
795 4157 1001 4212 tardius
1021 4158 1089 4213 ad
1119 4174 1372 4215 occasum
1400 4165 1684 4231 tendente;
1710 4165 1825 4221 dies
1840 4165 1999 4220 solito

405 4241 680 4314 longiores
720 4247 1070 4316 appellitant;
1095 4250 1316 4321 insuper
1356 4255 1617 4310 stomachi
1659 4256 1874 4313 dolores
1898 4263 2000 4313 titt-

405 4347 561 4404 gunt,
601 4338 888 4403 spirituum
932 4340 1318 4410 intensionem,
1348 4347 1697 4414 gravedinem
1721 4349 1914 4418 capitis
1946 4359 2003 4405 et

407 4427 564 4481 bona:
590 4432 993 4486 constitutionis
1017 4438 1379 4489 eversionem.
1428 4437 1592 4506 Atqui
1633 4440 1746 4495 haec
1779 4442 2000 4497 satieta—

2085 1959 2333 2013 ἐνιαυτοῦ
2361 1960 2450 2013 τὸν
2475 1960 2688 2031 χρόνον,
2719 1961 2808 2026 δὸς
2839 1963 2966 2026 τοὺς
2997 1962 3056 2029 ἒξ
3091 1962 3268 2033 μῆνας
3292 1962 3369 2035 τῷ
3400 1963 3690 2034 κυϐερνω⁹

2088 2050 2258 2121 μένῳ,
2292 2051 2541 2115 καὶτοὺς
2562 2050 2915 2123 λειπομένους
2947 2052 3026 2123 τῷ
3056 2054 3384 2128 κυϐερνήτῃ.
3414 2053 3616 2108 Δικαία
3644 2056 3686 2126 ἠ

2084 2139 2302 2211 αἴτησις
2328 2156 2343 2171 ·
2375 2141 2469 2194 καὶ
2496 2141 2675 2205 οὐδεὶς
2713 2142 2856 2195 οὕτω
2888 2140 3268 2213 φιλοσώματος
3300 2142 3684 2216 ἐτερορῤεπὴς

2084 2232 2369 2306 δικαστὴς,
2395 2233 2471 2299 ὡς
2507 2235 2582 2308 μὴ
2616 2237 2729 2299 τοῖς
2762 2235 3077 2307 λεγομένοις
3107 2235 3459 2308 ἐπιψηφίσαι.

2168 2409 2310 2480 Ἐγὼ
2328 2410 2385 2465 δὲ
2417 2412 2511 2466 καὶ
2538 2412 2845 2485 ὑπερϐολὴν
2878 2414 3214 2486 ποιήσομαι,
3248 2415 3349 2469 οὐκ
3376 2415 3678 2487 ἀντέχομαι

2084 2501 2184 2572 τῆς
2222 2501 2545 2574 ἰσομοιρίας.
2581 2503 3008 2573 Συγκαταϐαίνω
3052 2507 3124 2577 τῇ
3160 2504 3414 2577 ἀσθενείᾳ
3440 2505 3535 2559 τοῦ
3562 2505 3677 2560 σώ-

2089 2610 2272 2663 ματος.
2321 2593 2547 2665 Ἀφίημι
2598 2593 2726 2658 τοὺς
2766 2594 2898 2649 δέκα
2941 2595 3117 2666 μῆνας
3157 2594 3235 2666 τῷ
3278 2594 3526 2667 σώματι,
3574 2597 3678 2651 καὶ

2089 2685 2283 2757 μικρόν
2308 2702 2384 2739 τι.
2425 2685 2891 2756 Προσχαρισάσθω
2935 2687 3389 2758 Τεσσαρακοστὴν
3442 2687 3675 2760 ἀνύϐρι-

2087 2792 2232 2839 στον,
2273 2776 2361 2829 ἵνα
2389 2775 2581 2847 μικρὸν
2609 2775 2908 2846 ἀπαλλαγῶ
2932 2777 3025 2831 τοῦ
3057 2777 3338 2850 βορϐόρου,
3374 2778 3470 2833 τοῦ
3496 2778 3675 2851 πηλοῦ

2084 2872 2153 2940 τῇ
2178 2868 2478 2939 ἐγκρατείᾳ
2501 2868 2788 2938 ψυγέντος.
2818 2867 3025 2938 Ταῦτα,
3049 2863 3095 2923 ὧ
3120 2871 3459 2942 Χριστιανοὶ,
3484 2871 3681 2927 δίκαιά

2085 2977 2145 3014 τε
2194 2961 2289 3013 καὶ
2336 2961 2727 3033 ἀναντίρῤητα,
2776 2959 2877 3014 κᾶν
2919 2962 3051 3026 Θεὸς
3077 2961 3301 3035 δικάζῃ,
3332 2962 3437 3017 κᾶν
3465 2962 3679 3035 ἀνθρω-

2088 3071 2205 3117 πος.
2252 3054 2363 3108 Καὶ
2410 3054 2473 3107 σὺ
2517 3052 2574 3106 δέ
2621 3070 2747 3124 μοι,
2788 3054 2817 3106 ό
2853 3053 3148 3126 δικαστὴς,
3209 3054 3544 3126 ἐπιψηφισον
3575 3056 3680 3125 (ὲν

2087 3142 2264 3215 καιρῷ
2311 3142 2418 3215 γάρ
2490 3141 2816 3214 παρεγένου)
2884 3142 3308 3215 ἀμφισϐητούσῃ
3381 3146 3449 3215 τῇ
3525 3143 3680 3217 ψυχῇ

2089 3235 2225 3305 πρὸς
2253 3235 2314 3287 τὸ
2347 3234 2526 3305 σῶμα.
2562 3232 2752 3287 Ἀνελε
2782 3234 2961 3289 τοίνυν
3007 3251 3116 3305 μοι,
3147 3235 3176 3286 ό
3205 3234 3547 3306 Χριστιανὸς,
3574 3234 3685 3306 τὴν

2089 3324 2447 3397 ἡδυπάθειαν,
2490 3325 2565 3390 ὡς
2602 3324 2962 3398 μειρακιώδη.
3025 3325 3189 3397 Ἀνὴρ
3223 3322 3311 3391 εἴ,
3366 3326 3441 3398 μὴ
3488 3325 3684 3397 φρόνει

2088 3417 2159 3470 τὰ
2187 3416 2294 3470 τῶν
2325 3398 2554 3488 νηπίων.
2600 3418 2817 3470 Ἐκεῖνα
2847 3416 2913 3470 ἂν
2938 3414 3013 3488 μὴ
3038 3415 3182 3490 λάϐῃ
3206 3415 3439 3489 μέλιτος,
3467 3416 3683 3490 θρηνεῖν

2092 3509 2159 3564 ἂν
2194 3508 2269 3581 μὴ
2293 3507 2388 3562 τοῦ
2415 3508 2611 3579 κρέους
2634 3507 2828 3579 ὀρέξῃς
2858 3507 2891 3579 ἥ
2915 3506 3008 3561 τοῦ
3035 3508 3202 3574 οἴνου,
3241 3508 3509 3565 πίπτοντα
3537 3512 3686 3562 ἀπο-

2092 3601 2350 3672 σπαίρει,
2403 3599 2689 3654 ἀποκναίει
2742 3599 2800 3653 δὲ
2854 3600 3061 3662 πάντας
3115 3600 3208 3653 ἐπὶ
3250 3600 3500 3654 πλεῖστον
3554 3601 3688 3656 ὅσον

2093 3688 2628 3762 κλαυθμυριζόμενα.
2667 3686 2938 3760 Ἐρυθριῶ
2959 3687 3097 3761 πρὸς
3126 3689 3224 3760 τὴν
3250 3691 3550 3761 κατήφειαν
3570 3689 3689 3745 τῶν

2094 3782 2545 3855 γαστριμάργων,
2567 3783 2715 3845 ὅπως
2737 3779 3023 3835 σπενδοῦσι
3039 3780 3174 3851 πρὸς
3199 3782 3297 3851 τὴν
3314 3782 3545 3834 ἀσιτίαν.
3570 3784 3691 3837 Χα-

2098 3877 2343 3946 σμῶνται
2390 3875 2649 3946 συνεχῶς,
2676 3872 3087 3928 κατακλίνονται
3120 3874 3315 3946 μικρόν
3337 3890 3351 3905 ’
3381 3874 3691 3929 διανίσταν-

2096 3986 2220 4038 ται,
2242 3970 2404 4023 πάλιν
2427 3967 2776 4022 καθεύδουσιν
2796 3967 3224 4039 ἠναγκασμένοι.
3253 3968 3340 4020 Ἑν
3362 3968 3693 4041 ἀναισθησίᾳ
3725 3982 3743 3997 ·

2101 4061 2457 4126 σπουδάζουσι
2480 4061 2577 4126 τάς
2610 4061 2824 4133 ἡμέρας
2851 4059 3135 4126 διατελεῖν,
3169 4058 3422 4130 ἄχθονται
3448 4061 3526 4132 τῷ
3548 4060 3692 4133 ἡλίῳ

2101 4156 2238 4227 πρὸς
2269 4154 2367 4227 τὴν
2395 4155 2545 4210 δύσιν
2570 4154 2905 4227 βραδύνοντι.
2937 4155 3303 4227 Μακροτέρας
3340 4153 3438 4218 τὰς
3468 4154 3691 4226 ἡμέρας

2099 4252 2200 4322 τῆς
2234 4248 2521 4322 συνηθείας
2565 4248 3052 4321 προσαγορεύουσι.
3101 4248 3438 4303 Πλάσσονται
3472 4248 3529 4301 δὲ
3571 4247 3692 4302 λοι-

2104 4342 2203 4395 πὸν
2229 4341 2515 4413 στομάχων
2543 4340 2858 4412 ἀλγηδόνας,
2891 4339 2989 4393 καὶ
3039 4340 3364 4411 πνευμάτων
3401 4340 3648 4403 ὲντάσεις
3670 4379 3687 4403 ,

2104 4435 2198 4489 καὶ
2231 4432 2371 4504 βάρη
2418 4435 2516 4503 τῆς
2550 4432 2823 4503 κεφαλῆς,
2859 4434 2955 4487 καὶ
2986 4432 3298 4504 ἀνατροπὴν
3334 4430 3437 4502 τῆς
3480 4430 3687 4497 ἕξεως,

409 4519 497 4582 tis,
534 4535 639 4573 non
667 4520 862 4588 jejunii
887 4524 1081 4578 indicia
1124 4536 1268 4579 sunt.
1305 4526 1607 4585 Fastidiose
1644 4530 1712 4585 ad
1744 4545 1989 4587 severam

2104 4526 2362 4595 Καίτοιγε
2395 4523 2606 4589 ταῦτα,
2651 4526 2750 4597 τῆς
2792 4525 3112 4596 πλησμονῆς
3159 4526 3318 4586 εἰσιν,
3364 4524 3425 4577 οὐ
3468 4523 3565 4594 τῆς
3593 4540 3685 4595 νη-

409 4625 649 4664 mensani
679 4616 963 4683 accedunt,
1002 4628 1344 4674 murmurant
1377 4629 1569 4677 contra
1589 4623 1697 4678 olet
1790 4625 2005 4680 (Σουνίο-

409 4701 493 4755 cia
533 4700 742 4769 jaciunt
795 4705 847 4760 in
893 4708 1161 4778 legumina
1186 4751 1201 4776 ,
1230 4712 1386 4781 quasi
1418 4714 1620 4768 frustra
1662 4722 1844 4770 creata
1878 4716 1989 4770 fue-

409 4794 545 4859 rint;
576 4810 700 4849 nam
743 4796 1076 4867 voluptatum
1103 4812 1373 4858 amatores
1403 4804 1566 4859 etiam
1604 4806 1988 4875 philosoohan-

410 4892 498 4941 tur
519 4894 709 4940 contra
742 4888 942 4957 edulia,
968 4904 1089 4960 quae
1118 4894 1471 4964 temperantia
1496 4897 1738 4967 apponit.

482 5064 603 5121 Uno
627 5067 869 5124 anhelitu
895 5085 1093 5141 aquam
1118 5075 1434 5142 extrahunt,
1462 5076 1617 5145 quasi
1639 5085 1991 5133 essetamara

409 5170 439 5210 a
467 5158 691 5215 medicis
736 5162 963 5230 praebita
1006 5164 1173 5233 potio.
1223 5164 1376 5221 Multi
1414 5169 1578 5221 etiam
1608 5169 1790 5223 vinum
1837 5169 1988 5239 inge-

409 5249 560 5306 niose
592 5249 896 5319 imitantur,
930 5269 1191 5326 suamque
1230 5257 1582 5327 cupiditatem
1632 5258 1855 5314 laetitiis
1876 5260 1993 5329 qui-

409 5340 634 5398 busdam
658 5345 968 5413 potionibus
998 5348 1366 5405 consolantur.
1394 5352 1499 5406 Alii
1530 5352 1694 5408 etiam
1734 5353 1787 5408 in
1836 5352 1993 5406 oleri-

408 5431 510 5487 bus
556 5432 777 5491 delicias
820 5448 1110 5506 quaerunt,
1171 5442 1417 5513 liuntque
1468 5443 1592 5499 miri
1637 5446 1989 5516 cupediarum

408 5533 709 5584 structores
747 5538 803 5584 et
845 5531 1106 5587 artiﬁces.
1136 5534 1291 5601 Quod
1315 5536 1471 5591 valde
1501 5537 1710 5593 fatuum
1737 5539 1990 5594 stultum-

407 5630 516 5684 que
575 5618 840 5689 arbitror;
884 5638 1006 5677 nam
1034 5624 1299 5694 jejunium
1345 5628 1664 5685 voluntariae
1706 5640 1759 5686 et
1807 5630 1988 5686 libera:

409 5709 608 5763 mentis
648 5724 1027 5783 argumentum
1055 5726 1160 5782 est,
1197 5733 1301 5775 non
1329 5721 1543 5778 servilis
1563 5722 1809 5792 quaedam
1853 5722 1988 5777 sini-

406 5796 627 5855 steritas
646 5841 664 5870 ,
705 5817 827 5876 quae
861 5808 1003 5879 quod
1033 5805 1340 5866 faciendum
1369 5819 1482 5879 est,
1523 5827 1628 5870 non
1658 5813 1787 5870 facit
1815 5822 1874 5872 ut
1901 5814 1989 5873 de-

2093 4618 2274 4681 στείας
2303 4616 2683 4689 γνωρίσματα.
2731 4615 2935 4685 Ἀηδῶς
2961 4617 3054 4669 ἐπὶ
3078 4616 3178 4686 τὴν
3206 4614 3410 4685 σεμνὴν
3434 4612 3689 4685 ἔρχονται

2090 4708 2390 4782 τράπεζαν,
2418 4707 2895 4777 καταγογγύζουσι
2928 4706 3039 4762 τῶν
3069 4706 3340 4778 λαχάνων,
3377 4704 3689 4778 λοιδοροῦσι

2089 4802 2159 4855 τά
2188 4802 2393 4874 δσπρια
2442 4801 2517 4864 ὡς
2555 4801 2734 4871 μάτην
2770 4800 3169 4871 ὲπεισαχθὲντα
3216 4801 3285 4869 τῇ
3336 4797 3515 4850 κτίσει
3540 4814 3554 4826 ·
3595 4797 3689 4866 γίς

2090 4912 2269 4949 νονται
2321 4894 2427 4965 γὰρ
2479 4893 2574 4947 καὶ
2628 4893 2938 4963 φυσιολόγοι
2975 4893 3025 4948 οἰ
3070 4890 3344 4963 φιλήδονοι
3392 4888 3534 4945 κατά
3577 4889 3689 4944 τῶν

2092 4988 2240 5059 ὄψων
2270 4988 2368 5058 τῆς
2402 4984 2752 5057 ἐγκρατείας.

2174 5079 2458 5133 Ἀπνευστὶ
2503 5078 2563 5132 τὸ
2599 5077 2746 5151 ὕδωρ
2780 5078 3051 5143 ἕλκουσιν,
3080 5076 3158 5142 ὡς
3189 5076 3352 5149 ἀηδὲς
3392 5075 3691 5148 φάρμακον

2091 5172 2245 5245 παρά
2260 5173 2459 5245 ἰατρῶν
2476 5171 2734 5237 Λαϐόντες
2759 5174 2924 5226 πιεῖν.
2940 5171 3005 5225 Οἱ
3024 5170 3209 5224 πολλοί
3228 5169 3286 5224 δὲ
3311 5168 3407 5223 καὶ
3425 5168 3517 5223 τὸν
3540 5164 3689 5222 οἶνον

2092 5265 2425 5336 σοφίζονται,
2449 5265 2625 5329 νόθοις
2646 5267 3012 5329 κατασκευαῖς
3035 5265 3133 5335 τὴν
3164 5261 3477 5333 φιληδονίαν
3504 5277 3691 5333 παρα-

2097 5356 2445 5429 μυθούμενοι.
2479 5356 2586 5409 Καὶ
2613 5356 2762 5410 ἄλλοι
2782 5355 3069 5428 τοιγαροῦν
3087 5356 3189 5427 τὴν
3210 5353 3405 5425 χρείαν
3430 5352 3718 5439 λαχάνοιςγ

2093 5448 2494 5523 ἐπιτηδεύουσι,
2520 5450 2616 5505 καὶ⁸
2647 5449 2882 5503 ποικίλοι
2902 5450 3144 5518 γίνονται
3179 5446 3282 5518 τῆς
3326 5445 3714 5514 ἀπολαύσεωςς

2095 5542 2366 5601 σοφισταί.
2397 5539 2568 5597 Τοῦτο
2585 5541 2707 5596 λίαν
2730 5540 2923 5612 εὔηθες
2947 5540 3043 5593 καὶ
3063 5541 3309 5611 ἀνόητον.
3356 5540 3707 5623 Ἐγκράτειαι

2092 5632 2435 5698 αύτεξουσίου
2456 5633 2550 5687 καὶ
2562 5631 2846 5701 ἐλευθέρου
2871 5632 3222 5704 φρονήματός
3238 5632 3355 5685 ἐστι
3373 5630 3679 5702 γνώρισμα,

2094 5727 2155 5779 ού
2185 5725 2540 5798 δουλότροπος
2572 5724 2844 5797 σκαιωρία
2882 5721 3122 5795 ζητοῦσα
3145 5724 3208 5779 τὸ
3238 5725 3601 5797 προκείμενον
3621 5725 3681 5779 ού

2095 5816 2275 5889 καθὼς
2323 5817 2601 5890 προσῆκεν
2644 5814 3043 5893 ἐξεργάσασθαι
3068 5858 3083 5887 ,
3128 5817 3263 5877 ἀλλά
3300 5818 3688 5899 δουλοπρεπῶς
