3896 6268
142 365 228 424 ssi
1053 351 1337 425 nemus
1363 368 1501 426 xw.
1536 367 1603 425 IN
1642 368 2043 431 PRINCIPIUM
2072 368 2525 430 JEJUNtouUM.
3261 378 3373 437 ass

149 486 487 557 σκαιωρῆσαι.
518 484 723 541 Μισθὺν
749 485 995 550 ἀπαιτεῖς
1019 490 1104 557 ἐφ’
1129 485 1211 553 οἷς
1239 489 1338 561 ζῇς
1367 491 1506 545 κατά
1536 492 1687 562 νόμοι

1831 502 1907 557 et,
1947 494 2042 548 sed
2070 510 2135 549 ex
2166 495 2350 550 servili
2384 493 2619 564 quadam
2645 494 2945 551 coactione.
2981 493 3129 550 Petis
3159 509 3369 549 merce-

146 577 227 648 τῆς
239 576 458 649 ἀρετῆς.
488 577 695 640 Μισθὸς
714 577 767 629 δὲ
791 579 882 633 καὶ
902 579 1156 649 ἐπίχειρα
1177 583 1289 645 τοῖς
1307 581 1512 647 ἀδόλοις
1532 584 1684 655 ἔργά.

1833 600 1938 648 em,
1962 600 2027 640 eo
2048 590 2193 655 quod
2222 603 2288 641 ex
2313 587 2516 640 virtute
2543 587 2706 641 vitam
2754 587 3030 642 instituas.
3067 588 3136 642 At
3163 601 3368 642 merces

144 679 265 728 ταις,
294 662 354 715 οὐ
377 664 494 726 τοῖς
522 663 845 736 κακούργοις
873 667 1218 738 ἐπήγγελται.

1830 686 1852 729 t
1875 678 2272 748 manupretium
2308 679 2555 749 genuinis
2585 688 2636 733 et
2671 678 2902 734 sinceris
2933 668 3196 747 operariis
3218 718 3233 743 ,
3260 694 3367 732 non

1797 768 2005 824 dolosis
2029 778 2083 824 et
2106 769 2354 839 malignis
2386 770 2733 838 promittitur.

200 846 284 917 Μὴ
336 845 527 899 νόθευε
570 845 665 916 τὴν
701 847 974 917 νηστείαν,
1023 848 1109 903 ἵνα
1149 848 1224 920 μὴ
1257 850 1437 922 πάθης
1482 851 1551 905 τά
1588 852 1698 906 τῶν

1868 859 1986 914 Noli
2042 859 2347 915 adulterare
2387 860 2892 930 Quadragesimam,
2952 874 3019 916 ne
3083 860 3178 914 tibi
3229 861 3366 915 idem

145 938 401 1010 καπήλων.
432 940 501 992 Ei
527 938 634 1010 γὰρ
661 941 858 993 ἐκεῖνοι
887 940 967 1011 τῷ
994 940 1121 1011 οἴνῳ
1150 942 1295 1014 ὕδωρ
1325 945 1683 1015 παραμιγνύν-

1832 949 1945 1005 ἰιοιι
1988 951 2321 1019 cauponibus
2370 950 2603 1005 eveniat.
2654 950 2711 1004 Si
2761 953 2901 1005 enim
2957 951 3028 1004 illi
3079 966 3198 1006 eum
3243 953 3370 1005 vino

146 1046 221 1095 τες
260 1028 597 1096 κολάζονται,
641 1031 705 1083 σὺ
744 1030 823 1101 τῷ
864 1032 1120 1103 αὐστηρῷ
1168 1034 1269 1105 τῆς
1310 1035 1560 1104 νηστείας
1599 1036 1684 1100 τάς

1833 1056 1994 1110 quam
2037 1041 2341 1108 aﬂ‘undunt,
2395 1044 2711 1110 puniuntur,
2747 1046 3014 1111 quomodo
3038 1044 3241 1111 tu,qui
3274 1059 3370 1097 au-

147 1122 525 1192 σεσοφισμένας
548 1121 876 1186 ἀπολαύσεις
913 1123 1166 1192 εἰσάγων,
1203 1126 1323 1188 πῶς
1352 1125 1685 1198 ἀτιμώρητος

1832 1132 2028 1186 teritati
2058 1132 2250 1201 jejunii
2283 1133 2615 1187 adulterinas
2661 1136 2923 1203 quasdam
2968 1135 3250 1199 illecebras
3276 1150 3368 1188 su-

144 1213 463 1288 παρελεύσῃ;
495 1215 590 1285 Μή
621 1231 709 1284 μοι
733 1214 974 1287 πρόφερε
997 1216 1095 1279 τὰς
1124 1216 1512 1288 πεπλασμένας
1534 1217 1682 1271 ἀσθε‹

1835 1224 2134 1291 erinducis,
2162 1240 2376 1294 poenam
2407 1225 2672 1295 en‘ugies?
2702 1227 2783 1280 Ne
2818 1227 2949 1281 mihi
2976 1227 3373 1280 eomtnentitias

146 1303 290 1367 νείας.
329 1305 421 1375 Μὴ
450 1302 790 1373 καταψεύδου
826 1304 924 1373 τῆς
954 1305 1429 1377 Τεσσαρακοστῆς,
1452 1307 1528 1370 ὡς
1548 1324 1684 1361 νοσο·

1836 1312 2197 1369 nbecillitates
2246 1314 2512 1383 proferas.
2546 1314 2622 1369 Ne
2673 1316 2955 1371 mentiaris
3011 1317 3192 1372 inesse
3236 1317 3374 1383 Qua-

144 1395 314 1449 ποιοῦ·
358 1396 673 1450 τούναντίον
720 1394 829 1466 γὰρ
870 1395 1059 1463 ὑγείας
1103 1397 1220 1450 ἐστὶ
1273 1397 1553 1468 ποιητική.
1604 1397 1682 1450 Mi

1836 1401 2201 1471 ragesimam,
2258 1403 2401 1457 velut
2454 1405 2761 1459 morborum
2827 1404 3189 1471 eﬂ‘ectricem;
3247 1423 3372 1461 nam

145 1486 458 1568 προφασίζου
494 1486 796 1558 προφάσεις
835 1486 893 1538 ὲν
915 1486 1235 1559 ἁμαρτίαις,
1269 1487 1367 1540 σὺν
1392 1486 1683 1560 ἀνθρώποις

1850 1492 2144 1556 contrario,
2180 1494 2435 1571 sanitatis
2461 1493 2699 1551 eﬂ'ectrix
2725 1503 2824 1549 est.
2857 1493 2935 1550 Ne
2956 1510 3181 1551 excuses
3208 1511 3371 1551 excu-

144 1578 513 1648 ἐργαζομένοις
550 1576 875 1651 φιληδονίαν.
908 1575 1018 1629 -Διὰ
1062 1575 1350 1648 συνήθειάν
1381 1594 1461 1630 σοι
1499 1577 1675 1648 κακὴν

1838 1585 2034 1640 itiones
2060 1585 2111 1639 in
2134 1586 2372 1654 peccatis
2396 1603 2517 1642 cum
2563 1585 2871 1641 hominibus
2896 1588 3247 1655 operantibus
3275 1588 3376 1641 ini.

146 1669 377 1753 πολέμιος
417 1668 703 1741 νομίζεται
749 1671 782 1740 ἡ
829 1668 1155 1741 ἐγκράτειαο
1202 1670 1262 1722 οὐ
1312 1668 1419 1740 μὴν
1460 1671 1684 1738 φυσικῶς

1838 1676 2054 1733 uitatem
2080 1717 2095 1744 ,
2144 1687 2199 1732 et
2227 1676 2515 1747 voluptatis
2568 1676 2803 1735 studium
2836 1675 3169 1732 sectantibus
3190 1675 3257 1730 ⁸¹.
3291 1675 3376 1730 0b

144 1759 271 1812 ἐστιν
295 1759 562 1830 ἐπαχθής.
591 1759 899 1830 Τεκμήριον
920 1759 976 1813 δὲ
1004 1759 1097 1813 τοῦ
1125 1759 1306 1828 λόγου,
1331 1760 1531 1824 πάντες
1568 1760 1682 1831 βάρ-

1835 1770 1992 1823 talam
2039 1770 2482 1825 consuetudinem
2514 1769 2722 1824 videtur
2751 1769 2845 1824 tibi
2887 1770 3239 1837 temperantia
3281 1767 3373 1821 ad-

147 1849 279 1920 6αροι
302 1851 414 1904 ὅσοι
457 1849 587 1904 οὔτε
611 1850 885 1920 ἀμπέλους
921 1851 1261 1919 φυτεύουσιν,
1302 1851 1425 1905 οὐτε
1453 1830 1685 1905 πίνουσιι

1838 1875 1976 1915 ersa.
2006 1858 2170 1928 Atqui
2215 1873 2286 1913 ne
2306 1858 2530 1930 pbysice
2551 1858 2771 1927 quidem
2794 1830 3017 1913 adversa
3038 1867 3138 1912 est.
3152 1856 3376 1912 Testan-

145 1939 294 1996 οἶνον·
324 1943 460 1998 ἀλλά
488 1944 555 1996 τὸ
592 1943 892 2015 αὐτόματον
916 1944 1251 1997 ἐπισπῶνται
1284 1945 1377 1997 καὶ
1407 1943 1683 2017 ἀγεώργη·

1839 1967 1885 2005 lt‘
1917 1951 2021 2005 hoc
2053 1957 2135 2005 tot
2169 1949 2421 2013 barbari,
2455 1949 2546 2019 qui
2593 1963 2767 2020 neque
2799 1949 2934 2003 vites
2972 1948 3215 2017 plantant
3241 1991 3256 2015 ,
3288 1964 3377 2003 ne-

146 2052 226 2088 τον
261 2036 404 2107 πόμα
438 2036 503 2090 τὸ
549 2034 732 2108 ὕδωρ,
786 2037 880 2090 καὶ
928 2034 1284 2108 γνωρίζονται
1326 2039 1559 2106 γενναῖοι
1602 2036 1684 2089 καἸ

1837 2058 1902 2098 ne
1943 2042 2128 2097 vinum
2161 2041 2392 2107 bibunt,
2440 2041 2531 2095 sed
2557 2056 2778 2110 aquam,
2823 2057 2942 2111 qua:
2966 2050 3159 2111 Sponte
3198 2054 3296 2095 sua
3321 2047 3375 2092 et

146 2127 361 2197 ἀριστεῖς
388 2130 447 2181 ὲν
478 2128 770 2199 πολέμοις,
802 2128 896 2182 καὶ
929 2127 1187 2199 κρατοῦσι
1223 2128 1333 2181 τῶν
1376 2128 1684 2193 πολυοίνων¹

1839 2134 2000 2204 bsque
2038 2132 2144 2187 ulla
2178 2132 2390 2188 cultura
2433 2132 2698 2197 nascitur,
2747 2148 2843 2201 pro
2892 2142 3019 2202 potu
3056 2132 3278 2186 habent.
3312 2131 3377 2184 Et

147 2214 210 2279 ὡς
237 2217 394 2282 εἰκὸς,
438 2217 753 2289 μεθυόντων
775 2220 824 2271 οἱ
852 2218 1135 2289 νήφοντες.
1165 2216 1402 2288 Σὼματα
1426 2218 1483 2272 δὲ
1513 2218 1685 2283 αὐτοῖς

1840 2239 1974 2279 tmen
2003 2223 2256 2296 generosi
2282 2234 2444 2291 sunt,
2475 2230 2529 2277 et
2573 2223 2626 2277 in
2661 2222 2860 2291 prmliis
2883 2222 3131 2289 strenui,
3159 2222 3378 2290 vinique

147 2305 303 2377 κοῦφα
334 2309 427 2363 καὶ
460 2309 734 2380 μοχθηρά,
777 2310 868 2361 καὶ
895 2310 1078 2379 ταχεῖς
1107 2308 1205 2379 μὲν
1232 2307 1497 2378 ἀναϐῆναι
1531 2309 1685 2362 ἵπποι

1842 2324 2013 2372 οισι-οε
2048 2315 2269 2369 domant
2294 2352 2310 2379 ,
2361 2314 2557 2383 quippe
2599 2311 2766 2367 sobrii
2794 2313 2996 2368 ebrios.
3025 2311 3263 2381 Corpora
3290 2309 3380 2363 lta~

148 2396 190 2448 οῖ
218 2397 457 2462 τοιοῦτοι,
492 2399 711 2467 εὐφυεῖς
757 2397 813 2450 δὲ
857 2396 1158 2469 τολμηταὶ,
1192 2397 1285 2449 καὶ
1319 2395 1457 2469 πρὸς
1487 2395 1686 2462 τοξείαπ.

1835 2415 1926 2462 ent
1964 2406 2124 2477 agilia
2164 2415 2219 2461 et
2270 2405 2468 2461 laboris
2516 2405 2793 2475 patientia.
2848 2404 2915 2458 Et
2977 2403 3110 2457 tales
3155 2401 3373 2470 quidem

149 2485 382 2559 εὔστοχοι.
438 2490 728 2560 Ἀσφαλεῖς
762 2488 819 2541 δὲ
856 2488 992 2558 μετὰ
1017 2488 1109 2541 τοῦ
1143 2488 1403 2558 θάρσους,
1434 2489 1528 2542 καὶ
1556 2487 1687 2557 γνώ-

1839 2499 2002 2554 eleres
2028 2507 2187 2562 sunt,
2229 2498 2273 2552 si
2314 2512 2483 2565 equus
2527 2498 2598 2552 sit
2632 2496 3042 2563 ascendendus,
3111 2486 3377 2562 ingeniosi

154 2595 243 2648 μην
264 2581 317 2632 ὲν
344 2581 578 2654 ἀπόροις
613 2580 790 2652 εὑρεῖν
820 2579 1012 2635 ἱκανοί.
1044 2580 1135 2652 Μὴ
1164 2575 1256 2633 οὖν
1284 2580 1583 2655 κατηγόρει
1604 2581 1692 2634 τόῦ

1837 2604 1929 2644 ero
1960 2599 2014 2644 et
2040 2589 2273 2645 audaces
2304 2597 2359 2644 et
2380 2590 2446 2643 ad
2489 2588 2591 2643 tela
2617 2586 2865 2663 iacienda
2901 2600 3154 2656 sagaces;
3197 2583 3375 2640 securi

153 2666 336 2736 ὓδατος,
361 2673 436 2737 ὡς
466 2670 753 2737 νοσώδους,
776 2670 851 2733 ὡς
877 2669 1155 2741 ἐξιτήλους
1192 2670 1286 2723 καὶ
1307 2670 1553 2735 ἀσθενεῖς
1574 2671 1691 2735 τοὺς

1841 2696 2016 2751 noque
2045 2697 2167 2739 cum
2201 2697 2296 2736 sua
2325 2680 2672 2744 confidentia,
2726 2679 2778 2732 in
2828 2679 2990 2733 rebus
3011 2678 3190 2733 dubiis
3223 2675 3379 2732 facile

150 2761 438 2830 χρωμένους
466 2760 922 2833 ἐνεργαζομένουε
957 2759 1165 2833 ἐλέγχει
1202 2759 1313 2833 γάρ
1356 2778 1450 2815 σου
1479 2762 1577 2833 τὴν
1608 2779 1688 2815 συ-

1845 2775 1929 2828 uid
1972 2773 2115 2828 facto
2154 2772 2226 2827 sit
2269 2787 2438 2840 opus,
2471 2771 2773 2839 inveniunt.
2821 2768 2900 2824 Ne
2924 2770 3086 2839 igitur
3110 2768 3383 2837 vituperes

152 2854 419 2937 κοωᾳντίαν
454 2857 493 2927 ἡ
524 2858 708 2925 πεῖρα.
1802 2880 2031 2934 aquam,
2066 2873 2126 2920 ut
2157 2864 2468 2918 morborum
2521 2876 2739 2917 causam
2766 2900 2781 2926 ,
2840 2869 2895 2915 et
2933 2860 3087 2929 quasi
3130 2858 3385 2915 bibentes

1802 2958 2064 3012 evanidos
2084 2966 2137 3010 et
2154 2953 2442 3023 languidos
2462 2952 2666 3008 efficiat
2683 2969 2697 3006 :
2714 2951 3035 3007 calumniam
3068 2950 3211 3007 enim
3233 2957 3380 3004 tuam

1802 3048 2136 3115 experientia
2172 3045 2389 3100 refellit.
3030 3056 3037 3063 '

212 3124 272 3180 Τί
292 3127 430 3195 λέγω
455 3128 591 3199 περὶ
625 3126 720 3181 τοῦ
751 3125 934 3193 οἴνους
962 3126 1163 3183 Σκύθαι
1197 3129 1247 3181 οἱ
1299 3128 1560 3200 νομάδες,
1587 3128 1700 3183 ὅσοι
1728 3163 1750 3219 ί

1904 3138 2010 3204 Quid
2036 3137 2212 3191 dicam
2238 3136 2303 3189 de
2325 3135 2452 3189 vino
2474 3134 2498 3187 ?
2531 3133 2746 3204 Scytha:
2775 3131 3032 3187 nomades
3057 3169 3073 3196 ,
3115 3129 3206 3201 qui
3234 3128 3391 3185 habia
3438 3202 3442 3211 ἢ

157 3220 479 3290 προσοικοῦσι
514 3219 605 3272 τὸν
636 3219 943 3291 Βόσπορον,
970 3220 1064 3273 καὶ
1098 3220 1212 3273 ὅσοι
1252 3219 1330 3291 τῷ
1383 3221 1558 3291 Ῥήνῳ
1600 3238 1695 3276 πο-

1831 3235 1917 3279 ant
1949 3228 2014 3279 ad
2044 3224 2409 3292 Bosphorum,
2442 3232 2497 3277 et
2529 3224 2619 3292 qui
2648 3224 2715 3276 ad
2753 3222 3029 3285 Rhenum,
3063 3219 3180 3273 sine
3209 3219 3369 3274 domo

153 3309 290 3381 ταμῷ
322 3311 771 3383 προσκάθηνταο,
807 3310 982 3364 ἄοικοι
1026 3310 1127 3381 μέν
1164 3312 1271 3365 εἱσι
1308 3311 1402 3364 καὶ
1441 3311 1691 3364 ἀνέστιοι.

1843 3328 1855 3370 t
1899 3316 2011 3371 lare
2072 3318 2292 3383 degunt.
2351 3313 2584 3368 Scenitze
2617 3314 2804 3367 vivunt
2843 3326 2908 3366 ex
2942 3312 3061 3380 pilis
3091 3312 3381 3379 oviumque

155 3396 398 3472 Σκηνῆται
438 3403 504 3455 δὲ
531 3400 734 3471 βιοῦσιν
781 3402 847 3454 ἐκ
891 3400 1061 3454 πίλων
1093 3401 1187 3455 καὶ
1220 3400 1428 3455 κωδίων
1456 3402 1552 3455 καὶ
1592 3402 1693 3454 τῶν

1848 3407 2123 3469 elleribus,
2171 3415 2225 3457 et
2267 3404 2474 3474 seipsos
2503 3402 2666 3457 obvio
2692 3403 2885 3472 quovis
2913 3412 3221 3473 legumento
3262 3412 3386 3469 ope'

156 3495 543 3564 προστυχόντων
587 3493 1063 3565 προκαλυμμάτων
1100 3493 1311 3556 ἑαυτοῖς
1351 3492 1450 3565 τὴν
1490 3493 1694 3565 σκέπην

1844 3503 1982 3566 lunt;
2034 3511 2208 3566 neque
2254 3511 2393 3565 pane
2437 3504 2829 3558 sustentantur,
2875 3508 2974 3548 nec
3010 3504 3246 3546 aratrum
3284 3508 3382 3547 no-

157 3582 487 3654 πηγνύμενοι.
518 3583 608 3637 Διὸ
656 3582 749 3637 καὶ
807 3582 972 3655 άρτον
1023 3582 1084 3634 οὐ
1130 3582 1563 3653 προσφέρονται,
1606 3584 1695 3639 καὶ

1845 3599 1967 3656 unt,
2013 3602 2190 3658 neque
2244 3597 2445 3641 terram
2492 3587 2888 3657 proscindunt:
2921 3586 3190 3653 quomodo
3240 3585 3383 3638 enim

157 3668 356 3743 ἄροτρον
383 3675 489 3728 οὐκ
518 3674 692 3727 ἴσασιν
709 3688 723 3703 ’
749 3671 867 3725 οὐδὲ
895 3672 997 3741 γῆν
1020 3671 1378 3742 ἀνατέμνουσι
1405 3687 1419 3701 ο
1454 3672 1571 3741 πῶς
1592 3672 1695 3743 γὰρ

1846 3684 1897 3745 i,
1937 3681 2132 3752 quibus
2164 3678 2419 3735 frumenti
2469 3688 2522 3733 et
2568 3677 2794 3731 aliorum
2838 3692 2903 3732 ex
2946 3687 3085 3731 terra
3117 3677 3383 3731 seminum

158 3758 300 3814 οίτοῦ
327 3762 472 3818 σίτου
500 3763 595 3817 καὶ
627 3761 735 3816 τῶν
765 3763 829 3814 ὲκ
854 3760 960 3831 γῆς
989 3761 1316 3832 σπερμάτων
1343 3762 1419 3832 μὴ
1454 3762 1696 3833 μεμαθη-

1846 3789 1934 3828 sus
1959 3772 2132 3826 nullus
2158 3780 2261 3837 est,
2285 3780 2338 3823 et
2366 3770 2457 3838 qui
2481 3767 2867 3838 agriculturam
2893 3782 2997 3822 non
3039 3764 3384 3822 didicerunt?

159 3850 293 3919 κότις
339 3856 435 3929 τὴν
470 3854 779 3927 γεωργίαν;
812 3852 998 3923 Ὅμως
1028 3852 1195 3924 χωρὶς
1229 3852 1393 3923 ἄρτου
1424 3852 1518 3905 καὶ
1557 3853 1697 3906 οἴνου

1850 3866 1990 3918 itam
2015 3864 2220 3932 absque
2260 3875 2399 3929 pane
2440 3869 2494 3914 et
2532 3860 2661 3913 vino
2687 3859 2990 3928 agitantes,
3041 3856 3388 3911 nihilominus

159 3938 444 4012 διαζῶντες,
480 3946 617 4011 εἰσὶν
654 3942 907 4013 ἀνδρεῖοι,
948 3941 1044 3999 καὶ
1067 3941 1207 4005 ὅλοις
1234 3942 1408 3994 ἔθνεσι
1444 3941 1578 4010 πρὸς
1605 3941 1697 3994 πό-

1845 3956 1991 4011 iriles
2012 3964 2175 4018 sunt,
2200 3962 2256 4008 et
2274 3952 2342 4007 ad
2374 3952 2570 4008 bellum
2603 3952 2831 4021 integris
2857 3950 3106 4020 gentibus
3145 3947 3379 4003 inferen-

161 4028 299 4102 λεμον
333 4036 657 4108 ἀξιόμαχοι,
701 4032 810 4086 τῶν
846 4048 907 4085 τε
945 4031 1151 4085 πολλῶν
1196 4030 1557 4102 κρατοῦντες·
1609 4032 1699 4093 καὶ

1852 4064 1934 4102 um
1968 4048 2204 4117 expediti
2232 4090 2246 4113 ,
2280 4046 2582 4113 multosque
2621 4044 2726 4098 sibi
2753 4044 3081 4112 subjugant;
3111 4055 3210 4095 nec
3239 4041 3390 4108 quid.

160 4122 288 4177 υῦδὲν
315 4129 512 4191 αὐτοὺς
540 4124 770 4195 ἔϐλαψεν
796 4124 958 4196 ἄρτος
1001 4124 1096 4177 καὶ
1124 4120 1267 4187 οἶνος
1293 4121 1447 4176 ἀπὼν
1472 4140 1485 4153 ο
1526 4121 1640 4177 ἀλλ’
1666 4127 1698 4195 ἡ

1850 4154 1973 4193 nam
2001 4137 2303 4192 detrimenti
2352 4137 2457 4191 illis
2501 4134 2657 4202 panis
2686 4144 2738 4188 et
2771 4134 2878 4187 vini
2926 4132 3169 4188 absentia
3224 4131 3386 4200 parit.

163 4216 386 4288 πατρῷος
413 4218 690 4289 συνήθεια,
724 4215 887 4285 φύσις
908 4218 1020 4279 τοῖς
1050 4212 1355 4284 ἀνθρώποις
1380 4213 1611 4283 ἐγένετο.

1850 4232 1916 4285 ed
1936 4230 2103 4298 patria
2123 4230 2457 4283 consuetudo
2472 4228 2557 4281 bis
2573 4226 2880 4281 hominibus
2897 4225 2947 4277 in
2968 4236 3214 4277 naturam
3232 4222 3388 4278 abiit.

220 4305 310 4359 Διά
348 4310 399 4363 τί
449 4309 508 4362 δὲ
538 4307 725 4361 τοῦτον
778 4309 807 4360 ὁ
852 4305 1008 4374 λόγος
1041 4304 1706 4376 άπεμνημόνευσεν;”ῐνα

1883 4319 2047 4387 Cujus
2097 4319 2171 4373 rei
2219 4320 2390 4387 gratia
2438 4318 2629 4371 horum
2669 4316 2928 4370 memini?
2976 4315 3041 4369 Ut
3088 4315 3385 4377 discamus,

168 4395 425 4471 μάθωμεν,
448 4402 526 4465 ὡς
551 4398 741 4473 ἀγωγὴ
778 4398 873 4452 καὶ
901 4397 1134 4469 ἄσκησις
1173 4396 1309 4467 πρὸς
1342 4397 1520 4451 ὲκεῖνο
1544 4400 1706 4452 τυποῖ

1848 4412 2188 4466 ducationem
2242 4420 2297 4464 et
2336 4407 2778 4462 exercitationem
2835 4406 3066 4461 formare
3112 4404 3386 4459 hominem

164 4485 241 4541 τὸν
274 4491 570 4566 ἄνθρωπον,
606 4491 739 4563 πρὸς
765 4491 902 4562 ὅπερ
940 4489 1008 4543 ἂν
1042 4486 1390 4560 βουληθῶμεν
1427 4488 1520 4542 καὶ
1552 4488 1702 4559 μελε-

1847 4504 1889 4558 .d
1921 4503 2046 4557 illud
2076 4503 2215 4571 quod
2264 4500 2527 4564 volumus,
2571 4498 2642 4553 et'
2675 4500 2727 4552 in
2760 4512 2868 4567 quo
2916 4511 3015 4551 nos
3046 4510 3385 4551 exercemus.

165 4579 410 4655 τήσωμεν.
457 4584 676 4639 Ἐθισον
719 4582 914 4643 σαυτὸν
953 4580 1087 4653 πρὸς
1129 4580 1476 4654 ἐγκράτειαν,
1506 4579 1600 4633 καὶ
1638 4581 1703 4652 τᾷ

1851 4594 2077 4650 ιεευείοο
2107 4603 2158 4647 te
2196 4594 2262 4646 ad
2299 4591 2727 4660 temperantiam,
2763 4600 2817 4642 et
2846 4606 2966 4642 cum
3005 4599 3243 4658 tempore
3271 4588 3389 4642 sine

164 4674 317 4747 χρόνῳ
338 4680 623 4749 γενήσεται
656 4673 967 4745 ἀνεπαχθὴς
1004 4673 1266 4736 σύνοικος.
1292 4673 1388 4725 Ἂν
1414 4671 1470 4724 δὲ
1500 4672 1702 4726 τούναν·

1847 4685 2060 4741 nolestia
2093 4693 2268 4738 tecum
2309 4681 2755 4735 commorabitur.
2792 4681 2832 4733 Ε
2866 4678 3157 4744 contrario,
3193 4678 3238 4732 si
3285 4691 3385 4731 vo-

166 4760 281 4828 ‘tiov,
310 4766 401 4830 τὰς
438 4765 767 4829 ἀπολαύσεις
799 4762 893 4817 καὶ
931 4760 1029 4827 τάς
1068 4761 1302 4831 εὐωχίας
1342 4760 1473 4832 ἔχῃς
1501 4761 1704 4833 συντρό

1849 4783 2055 4842 uptates
2084 4781 2137 4827 et
2171 4771 2593 4826 comessationes
2624 4785 2792 4834 ames,
2825 4783 3099 4839 nunquam
3126 4766 3387 4838 jejunium

168 4869 280 4921 φτιυς
300 4863 387 4919 καὶ
422 4861 626 4931 φίλους,
661 4857 914 4913 οὐδέποτε
947 4856 1198 4928 νηστείαν
1235 4855 1559 4925 ἀγαπήσειςο
1588 4854 1706 4915 ἀλλά

1859 4865 2042 4934 iliges;
2077 4862 2172 4918 sed
2205 4860 2559 4930 temperantia
2595 4861 2870 4929 apparebit
2909 4860 3002 4914 tibi
3033 4859 3244 4930 gravis,
3277 4866 3393 4911 tan-

171 4960 241 5001 σοι
278 4957 514 5020 φανεῖται
562 4952 772 5023 βαρεῖα,
815 4950 890 5014 ὡς
940 4948 1063 5020 ξένη
1113 4948 1207 5001 καὶ
1257 4946 1551 5018 ἀσυνήθης.
1597 4948 1709 5012 Bia;

1859 4971 1981 5010 uatn
2022 4954 2302 5024 peregrina
2337 4965 2392 5005 et
2422 4952 2652 5006 insueta.
2693 4949 2812 5004 Vita
2847 4961 3151 5018 temperans
3200 4949 3395 5002 futurze

170 5037 414 5118 ἐγκρατὴς
442 5043 739 5117 μελλούσης
763 5043 858 5098 καὶ
881 5041 1156 5111 ἀφθάρτου
1180 5038 1324 5111 ζωῆς
1357 5043 1504 5093 ἐστιν
1531 5037 1708 5093 εἰκών⁴

1854 5056 1872 5102 ι
1901 5046 2262 5116 corruptionis
2288 5043 2481 5099 nesciae
2511 5045 2634 5098 vita:
2673 5042 3018 5097 simulacrum
3046 5050 3128 5096 est
3153 5058 3169 5094 :
3201 5054 3392 5108 quem-

184 5125 259 5193 Ὧς
285 5134 385 5207 γὰρ
411 5138 553 5201 τότε,
590 5134 689 5207 τὴν
722 5133 941 5205 ἐμπαθῆ
963 5133 1140 5204 σάρκα
1164 5131 1364 5199 ταύτην
1379 5130 1722 5201 ἀποδυσάμε-

1854 5138 2102 5190 dmodum
2153 5134 2297 5188 enim
2360 5140 2486 5186 tunc
2540 5129 2876 5198 corruptibili
2955 5142 3120 5183 carne
3190 5138 3389 5189 exuta,

174 5233 243 5271 νοι
283 5224 548 5298 ἐλεύθεροι
588 5226 861 5297 διάξομεν,
909 5223 1169 5295 οὐδεμίαν
1221 5223 1432 5293 ἔχοντες
1478 5224 1712 5295 ἀνάγκην

1860 5228 1972 5285 beri
2002 5229 2264 5292 vivemus,
2312 5225 2452 5279 nulla
2502 5225 2820 5277 necessitate
2859 5220 3095 5285 astricti,
3129 5230 3185 5272 ut
3219 5218 3392 5272 ventri

174 5320 350 5387 γαστρὶ
382 5321 733 5392 λειτουργεῖν,
767 5319 862 5373 καὶ
888 5321 1001 5382 τοῖς
1032 5316 1214 5379 ἄλλοις
1242 5314 1508 5368 δουλεύειν
1554 5315 1712 5369 πάθε-

1858 5320 2026 5375 taliis
2059 5315 2435 5372 affectionibus
2478 5316 2803 5376 serviamus,
2846 5313 2919 5366 ita
2969 5321 3025 5365 et
3072 5324 3214 5364 nunc
3250 5309 3295 5362 si
3328 5323 3396 5365 ex

178 5417 278 5454 σιντ
305 5410 465 5476 οὕτως
493 5414 587 5466 καὶ
608 5410 704 5465 νῦν
735 5410 800 5464 ἂν
822 5410 919 5482 τὴν
951 5408 1148 5478 πολλὴν
1178 5405 1443 5477 ἀνάγκην,
1476 5407 1572 5460 καί
1589 5405 1716 5477 ὓλην

1858 5411 2134 5467 iecessaria
2165 5409 2265 5463 ista
2296 5410 2578 5475 servitute,
2609 5418 2661 5462 et
2691 5420 2758 5460 ex
2789 5403 3027 5459 materiae
3047 5398 3396 5455 concretione

179 5492 333 5559 αὐτῶν
348 5503 599 5557 ἀποϐάλω
605 5520 725 5574 μεν,
738 5502 902 5572 ἐγγὺς
925 5502 1023 5572 τῆς
1043 5498 1495 5573 προσδοκωμένης
1512 5496 1655 5568 ἀφθα
1663 5515 1717 5566 ρ-

1858 5518 1925 5558 .οε
1959 5499 2201 5556 nonnihil
2231 5500 2684 5569 expcdiverimus,
2732 5511 2897 5568 prope
2920 5496 2986 5549 ad
3027 5498 3396 5560 exspectatam

184 5582 285 5651 σίας
328 5593 575 5665 ἐσόμεθα.
619 5595 728 5648 Καὶ
771 5595 1048 5668 συντόμως
1096 5593 1289 5660 εἰπεῖν,
1327 5591 1586 5664 φύγωμεν
1625 5591 1721 5673 τὴν

1861 5593 2287 5667 acorruptionem
2316 5594 2635 5650 accedemus
2664 5593 2764 5664 :et}
2788 5600 2848 5647 ut
2873 5585 3193 5657 compendio
3213 5581 3399 5650 omnia

255 5763 294 5814 εί
319 5767 455 5845 Ρειι.
479 5790 612 5848 (7.31,,
634 5777 683 5837 ι.
