3896 6268
430 393 535 449 585
1706 387 1765 444 S.
1804 380 2082 441 ASTERII
2121 380 2428 437 AMASENI
3578 378 3698 435 384

437 508 791 578 complectar,
838 506 1108 577 fugiamus
1142 518 1243 575 pro
1284 501 1493 559 viribus
1530 501 1714 558 luxum
1761 511 1817 557 et
1857 501 2010 556 volu-

2124 497 2429 566 φιληδονίαν
2466 496 2548 560 είς
2591 493 2818 565 δύναμιν
2838 509 2853 525 ο
2904 493 3183 565 ἀμήχανον
3229 491 3338 564 γάρ
3378 492 3471 546 τὸν
3519 493 3699 549 αὐτὸν

432 610 642 670 ptatum
672 599 1050 654 illectamenta.
1078 595 1222 650 Fieri
1256 596 1399 649 enim
1431 610 1536 649 non
1567 601 1759 663 potest,
1785 602 1845 646 ut
1864 591 2004 647 idem

2124 582 2252 640 εἶναι
2290 586 2568 659 φιλήδονον
2615 586 2709 638 καὶ
2764 583 3029 655 φιλόθεον.
3067 583 3125 637 Ὁ
3157 584 3265 655 γάρ
3314 583 3697 654 φιλοσώματος

436 691 507 744 sit
533 699 586 742 et
615 689 946 756 voluptatum
994 695 1047 740 et
1095 685 1187 739 Dei
1228 695 1478 751 amator;
1532 698 1654 737 nam
1688 682 1779 752 qui
1814 694 2007 750 corpus

2124 676 2167 744 εξ
2199 677 2443 747 ἀνάγκης
2463 676 2611 730 ἐσται
2638 676 2731 729 καὶ
2756 675 3183 747 φιλοχρήματος,
3212 674 3242 727 6
3266 674 3323 728 δὲ
3347 674 3701 744 φιλοχρήμα-

438 790 604 845 amat,
638 780 726 834 ille
761 777 1063 833 necessario
1105 791 1317 846 quoque
1369 776 1652 846 pecuniam
1688 775 1907 828 amabit.
1938 772 2011 826 At

2124 787 2225 834 τος,
2276 770 2459 833 ἄδικος
2478 787 2492 803 ·
2529 772 2558 823 6
2585 769 2642 822 δὲ
2664 769 2764 840 τῆς
2793 767 3007 832 ἀδικίας
3035 768 3164 821 είσω
3204 766 3404 830 πεσὼν,
3441 767 3698 837 ὑπερϐή-

439 874 532 941 qui
558 871 836 942 pecuniam
862 877 1025 930 amat,
1047 869 1094 922 is
1119 868 1346 935 injustus
1363 877 1474 932 est;
1508 877 1564 921 at
1588 866 1676 934 qui
1710 866 1761 918 in
1787 865 2008 933 laqueos

2124 877 2268 913 σεται
2289 859 2487 931 ῥᾳδίως
2505 858 2737 930 θεσμοὺς
2772 859 3073 921 εὐσεϐείας,
3109 859 3201 911 καὶ
3233 863 3464 928 πατήοει
3486 859 3696 927 νόμους

439 961 720 1030 iniustitiae
753 960 958 1025 incidit,
1009 959 1054 1013 is
1102 958 1261 1013 facile
1311 959 1472 1013 etiam
1533 959 1748 1011 decreta
1795 955 2010 1024 pietatis

2124 950 2289 1017 τοφῶν
2307 967 2319 981 ·
2351 953 2661 1021 ὲγχειρήσει
2695 950 2753 1004 δὲ
2781 952 2895 1004 τοῖς
2921 947 3387 1019 ἀπηγορευμένοις
3426 946 3692 1009 εὐκόλως,

443 1052 889 1121 transgretlietur,
947 1058 1002 1104 et
1066 1050 1368 1117 sapientum
1439 1048 1585 1117 leges
1651 1045 2006 1109 eoneulcabit,

2124 1042 2327 1095 ἐκεῖθεν
2360 1041 2537 1112 ἐαυτῷ
2562 1041 2662 1106 τὰς
2703 1041 2834 1105 ὔλας
2870 1040 3139 1111 ἀθροίζων
3165 1040 3267 1110 τῆς
3309 1037 3690 1102 ἀπολαύσεως,

440 1145 599 1201 facile
628 1147 791 1201 etiam
830 1145 883 1197 in
917 1144 1103 1198 illicita
1141 1143 1372 1204 labetur,
1410 1141 1535 1196 inde
1582 1141 1683 1195 sibi
1727 1137 2008 1192 materiam

2124 1133 2212 1186 καὶ
2239 1133 2416 1187 πάντα
2439 1133 2508 1186 τὰ
2528 1133 2742 1204 λάφυρα
2765 1132 2866 1203 τῆς
2892 1130 3107 1194 ἀδικίας
3156 1132 3223 1201 τῇ
3250 1130 3413 1200 ἡδονῇ
3446 1130 3695 1200 δωροφο-

441 1239 508 1293 ad
558 1237 855 1293 suavitates
908 1251 1203 1306 corrogatis
1253 1244 1309 1289 et
1364 1234 1656 1304 colligens;
1723 1232 2013 1300 omniaque

442 1330 723 1398 iniustitiae
753 1328 923 1400 spolia
968 1327 1231 1398 voluptati
1330 1335 1588 1395 tanquam
1625 1323 1855 1380 dominae
1898 1334 2012 1375 suae

440 1422 667 1477 donans.

513 1556 593 1612 Ne
625 1555 827 1627 fugeris
856 1554 1070 1609 labores
1102 1562 1157 1608 et
1184 1552 1547 1617 dillicultates,
1575 1566 1694 1622 quae
1721 1566 1777 1606 tn
1805 1560 2011 1620 tempe-

2113 1224 2242 1292 οῶν,
2278 1224 2355 1289 ὡς
2375 1224 2650 1296 δεσποίνῃ.

2185 1547 2276 1617 Μὴ
2303 1535 2506 1618 ’φύγῃς
2541 1548 2641 1618 τὴν
2690 1545 2990 1620 μοχθηρίαν
3033 1545 3132 1616 τῆς
3165 1544 3512 1616 ἐγκρατείας·
3548 1544 3693 1599 ἀλλὰ

441 1648 623 1702 rautia
653 1649 856 1700 insunt.
895 1645 1001 1700 Sed
1033 1659 1181 1713 spem
1221 1658 1430 1712 Oppone
1464 1642 1710 1711 praesenti
1743 1640 1930 1703 labori,
1959 1647 2012 1693 et

2124 1638 2212 1702 τὰς
2239 1639 2458 1703 ἐλπίδας
2502 1638 2715 1702 ἀντίθες
2749 1637 2823 1708 τῷ
2852 1637 3081 1708 παρόντι
3116 1636 3284 1708 πόνῳ,
3333 1638 3426 1690 καὶ
3469 1636 3695 1706 κούφως

439 1739 637 1792 leniter
668 1736 1049 1792 abstinentiam
1094 1735 1161 1789 ab
1199 1733 1473 1789 alimentis
1507 1732 1667 1787 teres.
1703 1732 1889 1801 lugere
1917 1729 2009 1784 tibi

2117 1730 2426 1802 παρελεύσῃ
2456 1729 2557 1802 τὴν
2593 1729 2695 1799 τῆς
2742 1728 3097 1801 μεταλήψεως
3130 1728 3371 1800 ἁποχήν’
3401 1728 3520 1782 εἰπὲ
3550 1728 3696 1800 πρὸς

442 1830 556 1885 haec
586 1828 668 1881 vel
699 1829 800 1881 alia
827 1826 1043 1897 pietatis
1073 1826 1274 1880 monita
1303 1844 1316 1880 :
1341 1825 1598 1879 Amarum
1629 1833 1710 1878 est
1729 1822 2012 1892 jejunium,

2124 1818 2308 1872 ἑαυτὸν
2360 1822 2583 1891 ῥήματα
2637 1818 2946 1884 εὐσεόείας·
2987 1818 3166 1890 Πικρὰ
3210 1820 3241 1890 ἡ
3281 1820 3522 1891 νηστεία,
3569 1816 3694 1872 ἀλλ’

444 1920 539 1975 sed
565 1918 736 1973 dulcis
759 1919 1066 1988 paradisus.
1123 1916 1343 1972 Molesta
1394 1924 1476 1972 est
1528 1916 1673 1980 sitis,
1722 1914 1813 1970 sed
1850 1928 2014 1984 prope

440 2021 525 2066 est
562 2010 717 2075 fons,
762 2026 827 2065 ex
858 2025 965 2079 quo
1004 2009 1094 2077 qui
1147 2009 1364 2073 biberit,
1411 2023 1519 2062 non
1562 2009 1708 2063 sitiet
1757 2007 1809 2061 in
1853 2016 2016 2061 aeter—

442 2120 569 2159 num
601 2106 668 2159 ”.
708 2104 1070 2171 Importunum
1122 2111 1205 2157 est
1252 2090 1470 2171 corpus,
1527 2101 1622 2155 sed
1663 2099 1890 2154 validior
1931 2107 2016 2153 est

444 2193 761 2259 incorporea
795 2191 996 2244 anima.
1037 2188 1311 2244 Emortuae
1352 2199 1477 2244 sunt
1512 2189 1677 2253 vires,
1722 2191 1814 2243 sed
1851 2202 2017 2258 pr0pe

442 2289 528 2336 est
580 2282 926 2336 resurrectio.
983 2280 1077 2335 Dic
1120 2279 1320 2345 ventri,
1364 2294 1487 2333 eum
1530 2280 1695 2332 instat
1742 2287 1797 2333 et
1835 2286 2011 2347 urget,

446 2372 576 2427 illud
605 2372 813 2426 Domini
849 2372 1071 2427 verbum
1106 2390 1119 2425 :
1154 2369 1276 2423 Non
1306 2371 1360 2424 in
1388 2371 1500 2423 solo
1527 2386 1660 2437 parte
1688 2369 1806 2423 vivit
1836 2370 2011 2434 homo,

441 2465 535 2517 sed
569 2464 623 2517 in
646 2465 787 2518 omni
821 2464 991 2530 verba,
1032 2465 1171 2532 quod
1209 2464 1437 2533 procedit
1464 2463 1528 2515 de
1553 2478 1640 2515 ore
1668 2461 1762 2514 Dei
1794 2461 1874 2527 ";
1909 2476 2014 2514 non

444 2564 527 2611 est
564 2556 755 2620 fames,
791 2556 886 2610 sed
918 2556 1111 2626 exigua
1144 2555 1360 2619 dilatio;
1401 2569 1506 2608 non
1558 2563 1640 2608 est
1679 2566 1857 2621 poena,
1893 2567 2013 2621 qua:

448 2646 607 2700 vitari
641 2653 896 2714 nequeat,
927 2647 1022 2700 sed
1056 2645 1222 2700 libera
1256 2643 1614 2708 abstinentia;
1660 2658 1765 2695 non
1805 2641 2014 2696 servilis

444 2739 761 2803 necessitas,
810 2737 903 2791 sed
946 2736 1117 2791 libere
1164 2746 1413 2805 suscepta
1467 2734 1628 2789 actio.
1677 2732 1931 2796 Precare,
1963 2742 2018 2787 et

446 2830 591 2883 vires
621 2826 1129 2898 suppeditabuntur.
1163 2826 1435 2895 lnvocato,
1466 2837 1523 2881 et
1555 2824 1608 2879 in
1635 2830 1887 2894 promptu
1913 2823 2013 2878 eri‘

447 2919 681 2992 adiutor.

520 3051 722 3108 Recole
755 3053 1016 3110 memoria
1046 3062 1280 3109 veterem
1320 3053 1607 3110 historiam
1644 3054 1711 3120 “,
1743 3062 1797 3109 et
1820 3054 2017 3109 intelli-

448 3156 542 3210 ges
606 3146 874 3213 quomodo
928 3144 1020 3214 qui
1072 3144 1292 3214 pietatis
1335 3159 1495 3199 causa
1542 3159 1736 3214 corpus
1785 3145 2016 3216 castiga-

2117 1912 2247 1982 ἡδὺς
2293 1911 2321 1964 6
2364 1912 2723 1983 παράδεισοςο
2767 1911 3014 1983 ἐπαχθὴς
3058 1914 3094 1982 ἡ
3125 1910 3275 1980 δίψα,
3310 1912 3425 1965 ἀλλ’
3455 1912 3623 1980 ἐγγὺς
3655 1912 3694 1982 ἡ

2116 2002 2289 2074 πηγὴ,
2318 2002 2377 2067 ἐξ
2403 1998 2485 2076 ἧς,
2504 2005 2532 2056 6
2566 2003 2734 2056 πίνων
2759 2003 2819 2057 οὐ
2843 2002 3059 2073 διψήσει
3080 2002 3275 2067 είς-τὸν
3306 2001 3492 2055 αἰῶνα.
3527 2002 3695 2055 Ἀτο-

2115 2112 2216 2149 πον
2254 2094 2316 2148 τὸ
2358 2095 2537 2165 σῶμα,
2581 2093 2694 2149 ἀλλ’
2733 2094 3052 2165 ίσχυροτέρα
3096 2093 3261 2164 ψυχὴ,
3295 2095 3329 2165 ή
3376 2092 3687 2164 ἀσώματος.

2115 2185 2303 2257 Νεκρά
2329 2188 2362 2257 ή
2388 2184 2637 2256 δύναμις,
2661 2185 2782 2238 ἀλλ’.
2801 2185 2968 2254 ἐγγὺς
2991 2187 3024 2255 ἡ
3050 2184 3363 2247 ἀνάστασις.
3394 2182 3529 2237 Εἰπὲ
3551 2184 3694 2253 πρὸς

2115 2278 2211 2348 τὴν
2240 2278 2561 2345 ἐπείγουσαν
2586 2275 2828 2347 γαστέρα
2857 2276 2951 2329 καὶ
2986 2276 3049 2329 σὺ
3074 2275 3168 2328 τοῦ
3204 2275 3408 2347 Κυρίου
3433 2275 3494 2328 τὸ
3518 2275 3689 2345 ῥῆμαθ

2121 2371 2241 2421 Οὐκ
2263 2368 2355 2421 ἐπ’
2392 2369 2547 2436 ἄρτῳ
2566 2368 2734 2437 μόνῳ
2768 2366 3008 2435 ζήσεται
3049 2367 3375 2437 ἅνθρωπος,
3422 2368 3559 2421 ἀλλ’
3587 2366 3691 2422 ἐπὶ

2116 2458 2293 2513 παντὶ
2310 2458 2531 2529 ῥήματι
2563 2458 2732 2515 Θεοῦ.
2792 2459 2865 2512 Οὐ
2915 2458 3073 2529 λιμός
3126 2462 3295 2523 ἐστιν,
3346 2458 3480 2511 ἀλλὰ
3517 2456 3694 2529 μικρά

2118 2552 2364 2624 παρολκή
2383 2569 2396 2582 ’
2416 2551 2516 2605 οὐκ
2539 2551 2909 2622 ἀπαραίτητος
2933 2552 3191 2625 τιμωρία,
3228 2551 3342 2603 ἀλλ’
3368 2550 3694 2622 αὐθαίρετος

2115 2643 2333 2715 ἀποχὴ·
2380 2645 2441 2697 οὐ
2486 2643 2856 2715 δουλοπρεπὴς
2891 2625 3124 2713 ἀνάγκη,
3173 2642 3288 2696 ἀλλ’
3324 2643 3580 2714 ἐλευθέρα
3604 2659 3695 2713 φο·-

2115 2734 2357 2804 λοσοφία.
2374 2730 2562 2800 Εὖξαι,
2582 2735 2676 2789 καὶ
2700 2734 2937 2805 ἰσχύσεις
2953 2751 2969 2767 ο
3000 2734 3345 2801 ἐπικάλεσαι,
3365 2735 3460 2789 καὶ
3473 2735 3693 2806 ἐτοιμος

2117 2826 2524 2897 παραστήσεταί
2556 2843 2637 2879 σοι
2664 2824 2873 2897 βοηθός.

2198 3047 2457 3103 ’Δνάλαϐε
2481 3050 2547 3119 τῇ
2575 3049 2764 3122 μνήμῃ
2791 3048 3024 3103 παλαιάν
3064 3047 3325 3119 ἱστορίανν
3348 3048 3441 3101 καὶ
3470 3046 3696 3121 μαθήσῃ

2120 3139 2269 3203 ὅπως
2289 3142 2338 3194 οἱ
2369 3139 2434 3193 δι’
2458 3140 2735 3194 εὐσέὸειαν
2766 3158 2925 3211 σωμα
2957 3140 3255 3205 πιέζοντες,
3296 3137 3407 3192 τῶν
3439 3136 3693 3210 τρυφών-

449 3241 596 3301 runt,
657 3234 882 3289 delicate
940 3235 1247 3290 viventibus
1307 3245 1363 3290 et
1419 3252 1628 3291 merum
1688 3237 1805 3292 sine
1861 3237 2018 3291 modo

2124 3248 2248 3295 των,
2291 3232 2385 3286 καὶ
2420 3231 2587 3284 πολὺν
2627 3232 2966 3303 ἐγχεομένων
3004 3231 3095 3285 τὸν
3140 3230 3397 3300 ἄκρατον,
3437 3227 3560 3282 οὐτε
3609 3231 3696 3294 είς

449 3321 916 3387 exltaurientibus,
944 3337 1117 3392 neque
1148 3324 1349 3379 viribus
1371 3327 1478 3378 sint
1502 3324 1815 3390 inferiores,
1846 3339 2019 3393 neque

450 3423 671 3482 aspectu
726 3413 1040 3479 deteriores,
1083 3414 1237 3483 quasi
1283 3416 1480 3472 amissa
1520 3426 1802 3473 venustate
1853 3416 2020 3472 deﬂo-

455 3505 849 3558 ruerintznam
900 3504 1244 3575 Assyriorum
1306 3521 1423 3571 rex,
1484 3506 1575 3576 qui
1634 3507 1812 3561 omnia
1867 3507 2018 3561 carui

453 3596 801 3666 largiebatur,
830 3598 1029 3667 quique
1057 3598 1123 3650 ad
1162 3598 1513 3667 voluptariam
1551 3599 1738 3664 vitam,
1774 3599 1919 3653 velut;
1950 3600 2018 3653 ad

451 3701 715 3758 praesepe,
747 3704 852 3742 uno
882 3689 1046 3743 verbo
1071 3704 1260 3744 omnes
1296 3690 1593 3760 voluptatis
1644 3692 2017 3758 administros,

452 3777 650 3831 eximie
703 3791 935 3846 corpore
965 3779 1188 3857 decoros
1233 3787 1287 3832 et
1334 3790 1554 3849 aspectu
1600 3780 1857 3836 amabiles
1903 3797 2022 3837 esse

451 3864 640 3929 voluit,
680 3872 740 3919 ut
767 3880 871 3920 non
920 3865 1094 3921 solum
1138 3881 1199 3922 os
1226 3878 1281 3922 et
1310 3879 1535 3938 gustus,
1594 3870 1688 3925 sed
1735 3880 1790 3926 et
1835 3871 2019 3927 oculus

454 3957 649 4011 intuitu
689 3956 1105 4026 pulchritudinis
1134 3958 1517 4018 oblectaretur.
1550 3961 1699 4016 Tunc
1726 3970 1838 4019 tres
1868 3963 2019 4034 pueri

453 4046 522 4100 de
565 4046 880 4114 captivitate
932 4043 1099 4100 Israel
1160 4046 1215 4101 in
1294 4047 1594 4118 catalogum
1653 4048 2019 4104 ministrorum

454 4137 724 4208 regiorum
756 4138 1004 4207 ascripti,
1046 4141 1114 4194 ab
1143 4140 1285 4195 escis
1316 4141 1477 4210 regiae
1502 4157 1734 4207 mensae,
1764 4151 2020 4214 tanquam

453 4228 783 4285 admistione
839 4229 1262 4302 idolotltytorum
1326 4230 1586 4301 pollutis,
1647 4233 2022 4300 abstinentes,

452 4319 585 4374 solis
638 4318 1003 4390 leguminibus
1055 4323 1441 4377 vescebantur.
1498 4321 1794 4393 Oportebat
1842 4335 2020 4380 autem

452 4409 639 4463 viuum
663 4424 877 4480 quoque
905 4409 1090 4480 lugere
1120 4421 1340 4481 prepter
1369 4412 1701 4479 libationem,
1723 4425 1777 4470 et
1808 4431 2021 4472 omnem

2119 3322 2345 3394 δύναμίν
2368 3326 2505 3377 εἰσιν
2542 3324 2941 3396 ἀσθενέστεροι,
2974 3322 3096 3377 οὔτε
3121 3324 3227 3394 μὴν
3258 3325 3340 3386 είς
3368 3322 3431 3375 τὸ
3456 3322 3695 3393 φανῆναι

2127 3412 2599 3485 σκυθρωπότεροι,
2637 3414 2670 3486 ἢ
2702 3410 3093 3485 ἀπηνθηκότες
3140 3414 3237 3486 τὴν
3282 3414 3479 3485 χάριν·
3516 3415 3546 3468 6
3581 3414 3694 3487 γάρ

2125 3503 2375 3574 βασιλεὺς
2408 3503 2517 3557 τῶν
2562 3506 2866 3577 ’Δσσυρίων
2907 3507 3112 3569 ἐκεῖνος
3152 3507 3180 3559 6
3220 3506 3397 3560 πάντα
3421 3507 3488 3577 τῇ
3524 3506 3697 3577 σαρκὶ

2122 3594 2250 3661 ζῶν,
2277 3596 2370 3650 καὶ
2387 3594 2465 3666 τῷ
2493 3596 2767 3668 τρυφῶντι
2806 3596 2906 3668 βίῳ
2936 3597 3012 3661 ὡς
3039 3597 3215 3668 φάτνῃ
3245 3596 3694 3668 προσδεδεμένος,

2122 3686 2310 3758 ἐπειδὴ
2342 3686 2469 3750 τοὺς
2497 3687 2765 3757 οἰνοχόους
2794 3685 2942 3757 αὐτῷ
2979 3686 3072 3741 καὶ¹
3096 3687 3554 3757 τραπεζοποιοὺς,
3596 3688 3700 3741 καὶ

2121 3778 2327 3841 πάντας
2359 3777 2544 3841 ἁπλῶς
2574 3779 2699 3842 τοὺς
2729 3777 3008 3849 ὑπηρέτας
3033 3778 3134 3849 τῆς
3154 3778 3527 3843 ἀπολαύσεως,
3569 3778 3697 3831 ἐκέ-

2119 3870 2277 3924 λευσε
2303 3870 2424 3924 κατ’
2452 3870 2679 3942 ἐκλογὴν
2702 3872 2920 3940 εὐφυεῖς
2941 3865 3079 3923 εἶναι
3105 3870 3165 3924 τὸ
3194 3870 3370 3942 σῶμα,
3395 3872 3490 3924 καὶ
3521 3870 3697 3942 ὀφθῆ-

2121 3980 2207 4016 ναι
2246 3963 2556 4035 χαρίεντας,
2580 3962 2666 4016 ἵνα
2693 3963 2767 4035 μὴ
2808 3962 2965 4033 μόνον
2993 3961 3055 4015 τὸ
3089 3962 3264 4032 στόμα
3295 3963 3391 4017 καὶ
3418 3963 3452 4033 ή
3479 3960 3695 4031 γεῦσις,

2121 4055 2256 4108 ἀλλά
2295 4057 2388 4108 καὶ
2422 4054 2700 4125 ὀφθαλμὸς
2729 4052 2877 4124 αὐτῷ
2913 4053 3056 4107 κατὰ
3097 4053 3205 4107 τῶν
3239 4054 3533 4125 ὁρωμένων
3556 4070 3697 4126 τρυ-

2121 4144 2255 4214 φῶν.
2291 4146 2424 4198 Τότε
2464 4144 2530 4217 δὴ
2565 4145 2660 4198 καὶ
2700 4146 2750 4198 οί
2781 4147 2930 4216 τρεῖς
2958 4143 3231 4198 νεανίσκοι
3265 4147 3329 4198 ἐκ
3360 4145 3460 4216 τῆς
3488 4147 3697 4217 αἰχμα-

2121 4237 2321 4301 λωσίας
2360 4236 2456 4291 τοῦ
2521 4236 2735 4308 Ἰσραὴλ
2790 4235 2869 4308 τῷ
2910 4234 3194 4307 καταλόγῳ
3243 4236 3351 4290 τῶν
3404 4236 3701 4308 ὑπηρετῶν

2121 4330 2485 4401 ἐγκριθέντες,
2505 4330 2836 4401 ἀπεχόμενοι
2864 4328 2923 4383 δὲ
2950 4328 3058 4382 τῶν
3095 4328 3241 4400 ὄψων
3266 4329 3367 4400 τῆς
3407 4327 3699 4399 βασιλικῆς

2120 4420 2424 4494 τραπέζης,
2450 4421 2526 4485 ὡς
2558 4424 2623 4493 τῇ
2660 4418 2910 4493 ἐπιμιξίᾳ
2931 4419 3041 4474 τῶν
3084 4419 3445 4474 εἰδωλοθύτων
3489 4436 3697 4490 μεμια-

451 4514 696 4567 carnem,
745 4512 964 4571 propter
1003 4504 1312 4573 praedictam
1355 4520 1595 4560 causam.
1642 4505 1775 4563 Cum
1814 4523 1944 4565 vero
1988 4525 2019 4563 a

2124 4513 2349 4586 σμένης,
2373 4512 2661 4585 σπέρματα
2680 4512 2952 4567 ἐσιτοῦντο
2998 4512 3178 4585 μόνον.
3199 4508 3308 4565 Ἦν
3332 4512 3390 4566 δέ
3418 4512 3513 4565 καὶ
3550 4507 3699 4577 οἶνος

451 4593 708 4662 prtefecto
726 4605 1066 4664 cogerentur,
1098 4606 1156 4651 ut
1177 4598 1520 4653 comederent
1546 4613 1609 4653 ea
1639 4613 1757 4666 qua:
1784 4615 2019 4671 appone-

2127 4573 2359 4675 φευκτδς
2409 4573 2640 4676 διάΙτὴν
2674 4604 2904 4675 σπονδὴν
2934 4573 3028 4657 κοὶι
3071 4606 3180 4658 πᾶν
3227 4604 3416 4675 κρέας,
3462 4602 3551 4656 διὰ
3595 4573 3698 4676 τὴν

451 4684 650 4737 bantur
677 4699 745 4739 ne
782 4685 920 4741 forte
946 4702 1043 4757 per
1071 4688 1452 4744 abstinentiam
1478 4691 1656 4747 vultus
1684 4702 2018 4747 venustatem

452 4774 838 4842 deperderent;
893 4785 949 4828 et
1000 4775 1113 4842 ipse
1159 4776 1230 4831 ob
1271 4792 1377 4832 non
1408 4778 1547 4833 bene
1582 4787 1801 4835 curatos
1834 4779 2018 4835 adole-

451 4873 666 4920 scentes
687 4866 737 4919 in
766 4866 1057 4935 periculum
1078 4869 1266 4937 capitis
1292 4869 1553 4925 incideret
1575 4888 1589 4923 :
1612 4868 1760 4936 Sine,
1782 4871 2016 4941 aiebant,

452 4964 509 5011 et
536 4956 818 5025 permitte;
852 4973 957 5013 non
985 4960 1361 5028 apparebimus
1392 4962 1503 5032 regi
1528 4962 1700 5018 forma
1730 4962 2019 5034 deteriore,

452 5063 616 5114 quam
649 5048 722 5103 illi
750 5050 839 5119 qui
870 5052 921 5105 in
962 5050 1169 5107 deliciis
1192 5053 1396 5121 vivunt,
1434 5069 1611 5124 neque
1634 5056 1814 5112 vultus
1847 5059 2017 5113 nostri

451 5141 773 5209 elegantiam
801 5158 954 5198 suam
988 5144 1257 5200 amitteut.
1295 5144 1479 5217 Neque
1515 5155 1568 5202 te
1594 5148 1826 5215 crucies,
1863 5152 2019 5222 quasi

451 5233 564 5303 regi
608 5233 887 5288 ministros
918 5234 1187 5290 deformes
1221 5236 1556 5293 adducturus
1592 5238 1711 5294 sis:
1741 5254 1864 5294 nam
1906 5241 2017 5309 ille,

450 5324 541 5390 qui
569 5338 668 5379 nos
688 5324 931 5380 condidit
954 5333 1008 5380 et
1028 5325 1299 5392 formavit,
1327 5328 1556 5396 gratiam
1579 5328 1749 5398 dabit,
1781 5340 1835 5385 et
1851 5346 2019 5401 expe-

455 5415 645 5468 tientia
690 5416 863 5470 disces
915 5424 1115 5471 nostra:
1152 5416 1564 5486 pulchritudinis
1605 5431 1660 5474 et
1701 5426 2017 5488 venustatis,

452 5520 571 5574 qttze
606 5516 951 5577 procuratur,
991 5510 1398 5578 temperantiam
1433 5525 1553 5567 esse
1580 5513 2018 5571 conciliatricem.

453 5600 606 5664 Quod
635 5610 691 5655 et
718 5599 920 5658 factum
945 5611 1030 5658 est
1059 5624 1073 5659 :
1099 5617 1221 5659 nam
1247 5603 1617 5662 adolescentes
1639 5606 1726 5662 isti
1752 5607 1947 5663 decore
1968 5615 2022 5662 et

2132 4695 2535 4769 προρρηθεῖσαν
2565 4696 2765 4751 αἰτίαν.
2812 4697 2899 4761 Ὡς
2940 4695 3000 4749 δέ
3044 4695 3196 4767 παρὰ
3245 4694 3341 4748 τοῦ
3388 4695 3699 4766 ἐφεστῶτος

2131 4785 2504 4856 ἠναγκάζοντο
2538 4786 2786 4860 μετέχειν
2832 4786 2939 4841 τῶν
2979 4787 3440 4859 προσφερομένων
3488 4787 3696 4851 αὐτοῖς,

2125 4876 2212 4930 ἴνα
2242 4878 2450 4949 μήποτε
2475 4879 2553 4942 είς
2573 4876 2909 4949 δυσμορφίαν
2930 4878 3109 4932 αὐτῶν
3146 4880 3211 4932 ἐκ
3246 4878 3345 4950 τῆς
3368 4879 3699 4950 ἐγκρατείας

2122 4970 2185 5024 τὸ
2214 4970 2409 5034 κάλλος
2443 4969 2777 5043 μεταϐληθῇ,
2810 4970 3060 5042 ἔγκλημα
3081 4971 3138 5024 δὲ
3162 4971 3368 5025 ἐκείνου
3395 4970 3488 5025 καὶ
3518 4988 3697 5043 τιμω.

2129 5059 2217 5133 ρία
2247 5060 2471 5132 γένηται
2502 5060 2563 5114 τὸ
2583 5061 2692 5114 τῶν
2711 5061 3006 5116 νεανίσκων
3025 5061 3259 5134 εἰδεχθὲς
3277 5077 3337 5114 τε
3372 5063 3465 5116 καὶ
3489 5061 3696 5134 ἀθερά-

2127 5167 2322 5204 πευτον
2341 5167 2356 5182 ’
2388 5151 2511 5217 Ἔα,
2549 5151 2702 5222 φησὶ,
2727 5153 2822 5206 καὶ
2848 5150 3218 5224 συγχώρησον,
3249 5152 3308 5205 οὐ
3340 5152 3704 5223 φανησόμεθα

2124 5243 2202 5314 τῷ
2219 5242 2428 5313 βασιλεῖ
2444 5243 2552 5297 τῶν
2578 5241 2908 5314 τρυφώντων
2934 5244 3262 5316 ἀτιμότεροι,
3282 5243 3403 5297 οὐδὲ
3434 5243 3501 5296 τὰ
3526 5244 3700 5314 πρόσσ

2125 5354 2250 5391 ωπα
2292 5336 2448 5408 ἡμῶν
2477 5334 2798 5408 ἀπανθήσει.
2822 5334 2955 5389 Οὐδὲ
2985 5335 3316 5407 άγωνιάσῃς,
3347 5335 3429 5409 ὡς.
3458 5334 3699 5408 δυσμόρ-

2123 5445 2256 5497 (PM
2278 5427 2426 5498 αὑτῷ
2451 5426 2728 5498 ὑπηρέτας
2752 5428 3060 5500 προσάγων·
3096 5428 3154 5480 '0
3191 5428 3300 5498 γὰρ
3324 5426 3571 5497 τεχνίτης
3594 5426 3698 5497 τῆς

2121 5516 2457 5581 διαπλάσεως
2490 5515 2648 5589 ἡμῶν
2672 5516 2833 5571 δώσει
2856 5517 2954 5589 τὴν
2980 5516 3159 5589 χάριν,
3185 5519 3277 5571 καὶ
3307 5516 3526 5589 μαθήσῃ
3544 5514 3699 5586 παρὰ

2123 5611 2221 5680 τῆς
2250 5611 2463 5682 πείρας,
2491 5609 2687 5665 ὅτιτοῦ
2712 5609 2977 5682 ἡμετέρου
3010 5608 3261 5677 κάλλους,
3285 5608 3498 5680 καὶτῆς
3525 5621 3698 5660 σπου-

522 5801 568 5834 ⁸³
606 5798 759 5858 Ιοοιι.
797 5818 871 5871 tv,
905 5802 991 5858 l3.
1067 5804 1122 5838 ἰ
1142 5806 1331 5863 Matth.
1374 5820 1445 5872 tv,
1478 5804 1532 5860 4.
1609 5807 1655 5840 ”
1676 5804 1812 5863 Dan.
1860 5823 1899 5876 ι,
1941 5810 1974 5865 5
1999 5826 2121 5882 sqq.
