3892 6272
158 304 276 365 $85

1079 293 1367 353 HOMILIA
1398 292 1546 351 XIV.
1581 290 1653 349 IN
1688 289 2093 350 PRINCIPIUM
2124 289 2581 349 JEJUNIORUM.

3333 252 3439 354 asa

163 419 483 491 δαζομένης
518 415 851 490 εὐμορφίας,
876 416 912 488 ἡ
952 413 1175 486 νηστεία
1211 410 1562 485 κομμώτρια.
1596 411 1664 464 '0
1695 409 1760 481 δὴ

1879 408 2269 479 pulchritudine
2309 408 2489 463 vultus
2542 420 2736 464 omnes
2770 405 2927 476 alios,
2980 408 3142 465 etiam
3188 411 3441 468 carnivo-

161 517 263 574 καὶ
301 514 525 584 γέγονε.
569 511 682 567 Καὶ
714 510 824 585 γὰρ
864 507 1205 582 ὑπερήνθουν
1248 509 1299 560 οί
1340 507 1636 571 νεανίσκοι,
1667 505 1764 559 καὶ

162 607 382 668 ⁸πάντας
418 604 552 667 τοὺς
580 604 925 676 κρεοφάγους
964 598 1480 671 παρηυδοκίμησαν.

235 696 302 751 Τί
345 695 405 751 δὲ
430 696 462 748 6
500 692 778 765 Σαμψώνς
814 691 1012 757 Εὐθὺς,
1054 690 1164 746 ἀπὸ
1187 690 1490 759 γάλακτος,
1529 689 1631 743 οὐκ
1653 688 1761 741 ὲδι-

164 788 341 859 δάχθη
387 785 706 857 mort-etiam;
743 784 917 848 οὕτως
972 782 1067 836 τοῦ
1113 781 1426 854 πνεύματος
1466 785 1532 854 τῇ
1596 782 1764 852 μητρὶ

166 876 634 950 χρηματίσαντος,
690 874 766 937 ὡς
822 873 1068 944 προσ-ἧκε
1122 871 1184 925 τὸ
1238 870 1450 925 παιδίον
1501 869 1763 937 ἄγευστον

165 972 310 1025 οἴνου
346 969 447 1023 καὶ
476 968 661 1038 πάσης
700 965 1028 1034 διαφυλάξαι
1062 962 1299 1035 τρυφῆς.
1347 961 1458 1015 Καὶ
1494 960 1577 1023 τίς
1615 961 1758 1029 ίσχυ-

176 1061 262 1131 ρος
288 1058 417 1113 κατ’
446 1059 693 1121 ἐκεῖνον;
725 1056 810 1120 τίς
841 1055 898 1109 δὲ
926 1054 1185 1125 ἀριστεὺς
1225 1052 1399 1114 οὕτως
1420 1049 1719 1121 ὀνομαστός
1745 1066 1759 1114 ;

170 1151 352 1215 Μόνος
395 1149 696 1220 ἀξιόμαχος
726 1143 818 1218 ἦν,
866 1146 1004 1218 πρὸς
1034 1147 1214 1199 πᾶσαν
1252 1142 1561 1215 παράταξιν
1605 1141 1761 1195 πολε-

176 1244 315 1314 μίων
351 1242 449 1296 καὶ
502 1240 706 1312 πλῆθος
735 1238 1127 1310 ἀναρίθμητον,
1159 1239 1281 1290 κατ’
1311 1235 1561 1303 ἐξουσίαν
1606 1233 1762 1305 ἐτρέ-

173 1351 337 1387 πετο·
354 1334 415 1397 ὃς
443 1330 508 1400 γέ
534 1348 667 1384 ποτε
698 1329 884 1399 ξίφους
907 1328 940 1398 ἢ
961 1328 1188 1400 δόρατος
1209 1327 1516 1399 ἀπορήσας,
1536 1325 1764 1394 σιαγόνα

170 1424 229 1477 δὲ
258 1422 588 1494 ἀνελόμενος
618 1420 761 1483 ὄνου,
792 1418 995 1489 χιλίους
1021 1417 1219 1489 ἀνδρας
1256 1415 1588 1488 πολεμιστάς
1631 1431 1763 1469 κατ-

173 1516 444 1588 έστρωσε,
474 1514 622 1585 μόνῳ
646 1512 724 1583 τῷ
742 1511 913 1582 ὀστέῳ
938 1511 1393 1582 διαχρησάμενος.

246 1606 443 1669 Οὕτως
484 1604 671 1658 τοίνυν
712 1602 808 1656 καὶ
845 1602 911 1656 σὺ
945 1599 1153 1665 ἔλπιζε,
1183 1602 1278 1655 καὶ
1316 1600 1588 1672 ίσχύσεις’
1630 1618 1765 1672 προ-

177 1693 383 1766 θυμοῦ,
427 1693 522 1746 καὶ
544 1690 911 1765 δυναμωθήσῃ
930 1708 945 1723 ⁸
985 1689 1074 1755 δὸς
1101 1690 1199 1762 τὴν
1232 1689 1400 1761 ἀκοὴν
1433 1693 1498 1761 τῇ
1525 1690 1762 1761 μαθήσει

172 1788 287 1847 τῶν
321 1785 745 1857 κεκρυμμένων,
785 1783 883 1837 καὶ
910 1783 1321 1854 ἀμνημονήσεις
1348 1782 1579 1853 τροφῆς.
1619 1782 1708 1844 Ὠς
1737 1784 1766 1835 6

171 1877 353 1949 δῆμος
375 1876 456 1946 τῷ
481 1873 658 1946 Ἰησοῦ
683 1873 964 1943 ἑπόμενος,
984 1871 1127 1942 λόγῳ
1149 1872 1244 1926 καὶ⁵
1262 1871 1409 1943 ἔργῳ
1433 1871 1763 1935 παιδεύοντι,

173 1965 544 2036 αίδεσθῶμεν,
577 1965 627 2016 οί
652 1963 912 2033 ἀκρατεῖς
944 1961 1037 2015 καὶ
1058 1960 1350 2031 φιλήδονοι,
1387 1960 1654 2031 ’Έλληνας
1674 1960 1768 2013 καὶ

187 2056 486 2118 Ἰουδαίους
509 2052 892 2124 νηστεύοντας,
922 2052 1099 2123 μάτην
1125 2052 1223 2122 μὲν
1251 2050 1344 2104 καὶ
1383 2050 1524 2123 ὑπὲρ
1554 2050 1766 2115 οὐδενὸς

172 2148 276 2204 τοῦ
307 2150 518 2213 τέλουςσ
544 2146 667 2218 είκῆ
698 2146 807 2220 γὰρ
831 2148 1027 2200 ἐκεῖνοι
1056 2143 1376 2216 ζημιοῦνται
1395 2144 1423 2197 δ
1464 2143 1537 2215 μὴ
1562 2143 1770 2198 ὲσθίου-

177 2257 269 2294 σι·
307 2240 455 2310 πλὴν
497 2239 572 2303 ὡς
615 2236 855 2309 ζηλωτὸν
899 2235 995 2291 καὶ
1044 2235 1255 2307 πρέπον
1302 2236 1416 2297 τοῖς
1461 2234 1767 2299 σπουδαίοις

181 2331 479 2404 μετιόντας
518 2329 580 2383 τὸ
626 2328 979 2401 πρόσταγμα.
1011 2327 1360 2397 Χριστιανοῑς
1390 2325 1589 2395 πρέπει
1618 2324 1769 2378 πολι-

175 2423 337 2486 τείας
357 2420 634 2493 ἀκρίϐεια,
660 2420 754 2473 καὶ
785 2416 1098 2489 φιλοσοφίας
1133 2412 1516 2487 σεμνότης,οἷς
1537 2416 1768 2489 πάρεστι

176 2514 428 2589 καθαρὸς
458 2513 553 2567 καὶ
602 2510 806 2583 ἀληθὴς
856 2511 955 2582 τῆς
990 2508 1273 2571 εὐσεϐείας
1316 2510 1344 2561 6
1389 2507 1564 2576 λόγος.
1606 2511 1667 2562 υί
1702 2508 1761 2562 δὲ

175 2607 379 2662 τούτου
416 2604 585 2677 χωρὶς
624 2604 723 2675 τὴν
756 2602 953 2674 ἠθικὴν
991 2600 1283 2665 πονοῦντες
1324 2602 1577 2670 ἄσκησιν,
1608 2601 1770 2672 ὅμοιά

180 2715 283 2770 μοι
310 2696 599 2758 δοκοῦντες
635 2690 985 2765 ἐργάζεσθαι,
1016 2691 1125 2746 τῶν
1145 2691 1272 2746 ἀνευ
1307 2691 1557 2763 θεμελίου
1593 2693 1769 2757 οίκίας

176 2785 711 2849 κατασκευαζόντων
735 2824 749 2849 ,
783 2785 819 2856 ἢ
859 2783 994 2841 ναῦν
1059 2783 1444 2855 πηγνυμένων,
1481 2784 1555 2855 μὴ
1598 2800 1768 2837 κατα-

176 2878 484 2950 ϐληθείσης
509 2877 609 2948 τῆς
641 2875 909 2949 τροπίδος.
934 2873 1176 2929 Τοιοῦτοι
1200 2874 1260 2928 δὲ
1298 2871 1535 2944 Ἑϐραῖοι
1568 2873 1769 2945 δυσμα-

180 2970 323 3034 θεῖς.

256 3228 371 3283 Καί
400 3244 494 3298 μοι
538 3225 767 3297 σφοδρὸς
804 3224 834 3278 6
873 3223 1049 3293 γέλως
1077 3221 1342 3294 ἐμπίπτει
1364 3259 1380 3285 ,
1424 3222 1552 3274 ὅταν
1576 3221 1770 3286 αὐτοὺς

191 3321 490 3390 θεάσωμαι
521 3317 902 3381 ἀνυποδέτους,
939 3317 997 3369 ὲν
1026 3314 1240 3377 λευκοῖς
1276 3314 1505 3386 τρίϐωσι
1553 3330 1772 3384 περινο-

183 3408 452 3471 στοῦντας
469 3406 540 3460 τὰ
563 3406 796 3476 ἀμφοδα’
827 3404 1028 3468 ὄνειδος
1049 3402 1345 3465 Μωῡσέως,
1376 3400 1639 3471 αἰσχύνην
1664 3402 1773 3454 τῶν

184 3500 492 3570 προφητῶν
517 3537 534 3562 ,
580 3499 896 3567 γεννήματα
943 3495 1038 3548 τοῦ
1084 3494 1338 3565 Ἀϐραὰμ
1363 3492 1732 3564 ἀμϐλωθρίδια
1757 3508 1769 3521 ·

184 3588 412 3652 δούλους
434 3586 536 3656 τῆς
562 3585 891 3656 ἀφροσύνης,
927 3583 1053 3647 τοὺς
1078 3583 1177 3653 τῆς
1225 3581 1540 3653 ἐλευθερίας
1588 3580 1737 3644 υίούς
1757 3597 1770 3611 ’

184 3679 430 3753 ἀμαθεῖς
465 3677 562 3731 καὶ
593 3677 861 3747 ἀνόμουςο
894 3676 1023 3738 τοὺς
1061 3673 1221 3746 δῆθεν
1260 3673 1506 3745 μαθητάς
1555 3672 1647 3729 τοῦ
1688 3673 1775 3726 νό-

189 3788 326 3843 μου,
350 3767 723 3830 ἀπολέσαντας
753 3766 855 3836 τῆς
886 3765 1165 3827 ἐκϐάσεως
1190 3764 1291 3835 τὴν
1323 3763 1545 3830 ἐλπίδα,
1586 3764 1774 3835 ἐπειδὴ

186 3860 321 3923 τοὺς
356 3856 563 3919 τύπους
595 3854 689 3909 τοῦ
734 3853 1019 3926 μέλλοντος
1074 3852 1313 3917 συνετῶς
1352 3853 1454 3905 ούκ
1505 3851 1771 3917 ἐδέξαντο.

186 3948 443 4019 Μωῦσῆς
456 3948 564 4018 γάρ
582 3948 689 4001 πᾶν
714 3946 742 3999 ὃ
762 3945 1016 4018 ἔπραττε,
1036 3944 1143 3998 τῶν
1165 3946 1243 4007 εἰς
1268 3943 1393 3996 ὕστε
1401 3960 1490 4013 ρον
1506 3943 1776 4013 ἐσομένων

190 4040 396 4094 εἴδωλα
432 4036 738 4110 προετύπου
758 4053 772 4069 ·
832 4036 937 4090 κᾶν
984 4034 1081 4106 τὴν
1130 4035 1504 4107 σκηνοπηγίαν
1546 4037 1639 4088 καὶ
1678 4034 1775 4105 τὴν

194 4132 509 4202 ὑπόμνησιν
541 4128 651 4183 τῶν
695 4127 1034 4196 σαλπίγγων,
1071 4126 1273 4197 ὁμοίως
1307 4124 1405 4196 τὴν
1450 4125 1775 4197 περιτομὴν,

190 4222 267 4277 τά
314 4222 527 4291 ἄζυμα,
569 4219 667 4281 τὰς
715 4218 991 4291 πικρίδας.
1037 4217 1225 4271 Πάντα
1251 4212 1319 4288 ἦν
1350 4219 1532 4270 ἐκεῖνα
1574 4218 1672 4287 τῆς
1718 4217 1777 4268 ἐν

194 4311 424 4384 Χριστῷ
455 4309 729 4372 πολιτείας
772 4308 1086 4381 μηνύματα,
1128 4310 1335 4372 εἰκόνες
1376 4309 1770 4380 προχαραχθεῖο

1865 515 1978 570 ros,
2010 500 2168 572 longe
2196 507 2615 572 exsuperarunt.

1932 674 2072 742 Quid
2099 689 2228 729 vero
2261 672 2492 731 Samson
2531 675 2613 728 ’⁸2
2655 673 2739 731 An
2782 688 2891 729 non
2943 674 3128 729 statim
3162 676 3230 730 ab
3272 675 3440 733 ubere

1863 768 2055 823 doctus
2086 777 2172 822 est
2191 765 2471 837 jejunare?
2502 766 2738 838 Angelus
2782 766 2926 821 enim
2957 767 3118 821 matri
3163 770 3438 837 praecepit,

1863 868 1923 913 ut
1960 858 2223 913 infantem
2270 873 2301 911 a
2339 858 2463 913 vino
2512 866 2567 913 et
2613 859 2683 912 ab
2741 858 2887 912 omni
2931 858 3203 927 voluptate
3255 859 3440 927 procul

1866 951 2093 1005 haberet
2121 959 2175 1006 et
2196 948 2572 1006 educaret.oAt
2600 950 2721 1019 quis
2751 948 2856 1003 isto
2887 949 3109 1004 fortior?
3144 948 3277 1018 Quis
3305 951 3442 1006 adeo

1864 1042 2171 1097 celebratus
2219 1040 2454 1096 hostium
2512 1039 2921 1109 triumphator?
2967 1039 3123 1095 Solus
3165 1055 3285 1094 cum
3322 1041 3442 1094 uni-

1863 1146 2022 1185 versa
2048 1131 2164 1185 acie
2193 1130 2373 1185 hostili
2406 1130 2681 1199 congredi,
2729 1139 2783 1182 et
2828 1129 2879 1183 in
2919 1130 3236 1186 innumeras
3258 1134 3443 1202 copias

1865 1223 2125 1293 impetum
2158 1230 2410 1291 potenter
2434 1219 2615 1276 facere
2643 1235 2842 1287 ausus;
2873 1221 2964 1289 qui
3000 1221 3288 1291 aliquando
3315 1238 3443 1278 ense

1863 1320 1921 1366 et
1961 1311 2117 1366 basta
2165 1311 2474 1377 destitutus,
2523 1319 2738 1379 arrepta
2769 1311 3079 1366 mandibula
3108 1313 3250 1368 asini
3288 1312 3437 1368 mille

1864 1404 2011 1458 viros
2037 1402 2252 1467 stravit,
2289 1401 2407 1457 solo
2440 1403 2545 1457 hoc
2574 1414 2699 1456 osse
2722 1416 2873 1457 usus.

1939 1570 2016 1625 ita
2043 1571 2210 1643 igitur
2240 1581 2294 1627 tu
2324 1586 2542 1642 quoque
2572 1572 2718 1629 bona
2747 1588 2844 1646 spe
2869 1583 2988 1631 esto
3021 1593 3037 1631 :
3065 1584 3118 1629 et
3155 1576 3301 1632 vires
3348 1577 3440 1633 tibi

1866 1664 2152 1718 addentur.
2197 1663 2394 1719 Alacer
2441 1674 2831 1734 promptusque
2868 1680 2984 1720 rem
3030 1668 3339 1737 aggredere,
3389 1678 3447 1724 et

1800 1773 1838 1827 Β
1868 1755 2331 1810 corroboraberis.
2380 1754 2457 1808 Da
2499 1769 2661 1809 aures
2693 1765 2814 1810 tuas
2859 1756 3159 1824 disciplinis
3207 1758 3449 1813 occulto-

1870 1862 2010 1911 rum,
2066 1855 2119 1901 et
2168 1845 2508 1902 oblivisceris
2544 1847 2671 1914 cibi,
2737 1848 2896 1904 sicuti
2948 1851 3176 1919 papulus
3212 1860 3449 1922 secutus

1868 1935 2075 2002 Jesum,
2132 1940 2224 2007 qui
2263 1939 2429 1993 verbo
2476 1946 2532 1992 et
2581 1953 2744 2008 opere
2778 1924 3025 1994 docebat.
3072 1939 3447 1996 Bevereantur

1871 2030 2293 2099 intemperantes
2345 2039 2401 2084 et
2440 2031 2804 2101 voluptatibus
2842 2030 3006 2087 dediti
3041 2032 3279 2100 Graecos,
3345 2034 3448 2089 hoc

1871 2127 1978 2184 est,
2012 2119 2242 2189 gentiles
2272 2128 2326 2174 et
2358 2117 2595 2187 Judams,
2624 2122 2715 2191 qui
2746 2120 3014 2191 jejunant,
3063 2123 3265 2179 frustra
3317 2126 3443 2194 qui—

1869 2209 1992 2264 dem
2033 2220 2088 2264 et
2136 2212 2255 2265 sine
2309 2211 2710 2279 emolumento;
2764 2227 2889 2266 nam
2921 2220 3126 2268 temere
3167 2229 3226 2270 se
3269 2215 3447 2270 inedia

1872 2301 2103 2356 multant
2132 2310 2188 2355 et
2216 2309 2530 2364 macerant;
2567 2302 2919 2359 nihilominus
2949 2314 3125 2359 tamen
3157 2305 3446 2375 jejunium,

1869 2401 1928 2448 ut
1956 2408 2066 2447 rem
2101 2392 2261 2447 seriis
2286 2404 2341 2448 et
2371 2394 2627 2463 gravibus
2648 2395 2957 2451 hominibus
2976 2396 3191 2467 dignam
3213 2409 3266 2453 et
3286 2415 3448 2454 temu-

1869 2484 2106 2551 landam,
2135 2488 2455 2556 suscipiunt.
2497 2488 2840 2545 Christianos
2883 2490 3039 2545 decet
3087 2490 3316 2547 instituti
3365 2495 3447 2553 sui

1871 2584 2120 2631 accurata
2150 2576 2484 2644 observatio,
2513 2589 2568 2634 et
2597 2594 2767 2635 sacrm
2799 2581 3146 2637 institutionis
3189 2585 3447 2652 gravitas,

1869 2670 2063 2739 quippe
2091 2669 2286 2740 quibus
2317 2686 2443 2726 vera
2482 2680 2538 2728 et
2574 2686 2707 2742 pura
2758 2674 2974 2742 pietatis
3026 2676 3261 2731 colenda
3310 2678 3451 2733 ratio

1870 2767 2138 2827 suppetat.
2173 2758 2274 2827 Qui
2297 2760 2413 2815 sine
2439 2760 2541 2817 hac
2569 2761 2621 2815 in
2657 2763 2847 2825 morali
2872 2763 3024 2832 quasi
3055 2765 3452 2821 exercitatione

1869 2847 2168 2914 elaborant,
2191 2850 2398 2906 similes
2440 2851 2574 2906 mihi
2608 2852 2858 2908 videntur
2912 2854 3042 2920 illis,
3090 2857 3181 2925 qui
3228 2857 3449 2911 domum

1870 2939 1987 2994 sine
2040 2938 2391 2997 fundamento
2440 2942 2729 3009 aediﬁcant,
2790 2955 2884 2999 aut
2930 2945 3054 3009 illis,
3110 2946 3201 3016 qui
3256 2963 3448 3002 navem

1871 3041 2217 3099 construunt,
2267 3033 2471 3091 omissa
2527 3034 2735 3095 carina.
2797 3035 2956 3092 Tales
3008 3048 3134 3093 sunt
3189 3038 3450 3098 indociles

1798 3112 1840 3169 C
1874 3122 2104 3177 Hebraei.

1940 3211 2051 3267 Nec
2091 3214 2260 3268 risum
2297 3223 2484 3270 tenere
2529 3215 2704 3281 valeo,
2761 3218 2977 3288 quando
3019 3220 3222 3290 aspicio
3270 3236 3451 3278 excat-

1871 3313 2074 3368 ceatos,
2100 3314 2155 3359 et
2176 3305 2422 3361 candidis
2449 3306 2627 3375 palliis
2655 3308 2870 3364 indutos
2907 3311 3139 3368 circuire
3168 3315 3401 3384 compita
3428 3333 3446 3383 ;

1871 3394 2127 3463 probrum
2159 3395 2379 3467 Mnysis,
2425 3406 2479 3451 ct
2525 3399 2759 3456 dedecus
2784 3405 3192 3473 prophetarum,
3235 3416 3289 3461 et
3332 3423 3449 3475 eos,

1872 3487 1963 3557 qui
2003 3498 2158 3542 erant
2187 3490 2461 3558 genimina
2506 3492 2760 3560 Abrahae,
2796 3510 2941 3550 nunc
2976 3497 3236 3552 abortivis
3279 3514 3452 3555 anan.-

1873 3580 2071 3635 merari
2098 3596 2112 3646 ;
2145 3596 2437 3652 servosque
2470 3583 2793 3653 insipientia:
2816 3586 2987 3643 factos
3015 3588 3154 3655 illos,
3178 3591 3269 3659 qui
3297 3603 3456 3648 erant

1875 3669 1970 3723 lilii
2004 3669 2293 3736 libertatis,
2339 3672 2589 3728 indoctos
2618 3683 2676 3729 et
2722 3674 2959 3746 exleges,
2992 3679 3082 3747 qui
3130 3679 3259 3736 olim
3296 3693 3453 3738 erant

1875 3760 2123 3830 discipuli
2163 3761 2332 3832 legis;
2368 3763 2459 3832 qui
2502 3779 2651 3834 spem
2695 3764 3036 3825 liberationis
3079 3778 3135 3825 et
3183 3773 3452 3829 evasionis

1875 3854 2193 3918 amiserunt,
2232 3862 2513 3925 postquam
2548 3854 2748 3926 figuras
2773 3856 3071 3915 futurorum
3100 3861 3264 3917 stulte
3298 3879 3455 3935 repu-

1877 3943 2378 4017 diaruntdioyses
2425 3946 2603 4010 enim,
2656 3947 2710 4002 in
2756 3948 3003 4003 omnibus
3067 3965 3185 4018 qua:
3236 3954 3450 4023 agebat,

1877 4032 2179 4086 futurorum
2242 4033 2504 4105 imagines
2566 4035 2976 4107 pratformabat;
3028 4037 3145 4094 sive
3188 4040 3451 4111 jejunium

1878 4124 2177 4188 intuearis,
2220 4123 2336 4180 sive
2402 4128 2779 4197 scenopegiam
2829 4142 2926 4183 seu
2985 4130 3453 4186 tabernaculorum

1877 4215 2326 4280 exstructionem,
2381 4218 2498 4273 sive
2549 4228 3117 4274 commemorationem
3162 4221 3450 4289 tubarum,

1880 4302 1993 4362 Sive
2037 4307 2532 4377 circ’umcisionem,
2582 4325 2769 4380 azyma
2802 4319 2856 4365 et
2895 4310 3132 4365 lactucas
3176 4322 3441 4381 agrestes.

198 4422 291 4458 σαι
322 4405 438 4464 τοῖς
465 4404 531 4455 ὲκ
557 4401 920 4472 προσαγωγῆς
952 4402 1500 4471 μυσταγωγουμένοις
1523 4401 1657 4472 πρὸς
1677 4402 1774 4474 τὴν

1881 4396 2069 4453 Omnia
2099 4398 2214 4453 hazc
2245 4395 2567 4453 Christianae
2597 4400 2871 4469 religionis
2912 4409 3225 4471 argumenta
3277 4413 3449 4466 erant,

195 4492 499 4547 τελείωσιν.

285 4668 430 4738 Ἐγὼ
457 4669 555 4741 μὲν
576 4667 686 4740 γάρ
708 4668 737 4720 6
763 4667 1106 4739 Χριστιανὸς,
1135 4665 1342 4720 καὶτοῦ
1375 4664 1779 4736 σταυρωθέντος

197 4762 410 4826 δοῦλος,
445 4760 694 4831 νηστεύω
741 4760 942 4825 καλῶς,
978 4759 1089 4812 εἴτε
1130 4759 1267 4831 πρὸς
1308 4757 1405 4829 τὴν
1448 4756 1637 4810 ἐλπίδα
1682 4759 1780 4828 τῆς

197 4853 554 4917 ἀναστάσεως
587 4852 821 4924 ἐμαυτὸν
845 4849 1207 4920 ἐκκαθαίρων,
1234 4849 1345 4901 εἴτε
1372 4847 1779 4917 ὲπιστυγνάζων

197 4943 700 5013 ὡς’φιλοδέσποτος
726 4942 911 5005 δοῦλος
938 4943 1049 5005 τοῖς
1070 4938 1163 4993 τοῦ
1198 4937 1401 5010 Κυρίου
1435 4954 1535 5008 μου
1561 4937 1781 4991 πάθεσι.

198 5037 279 5089 Σὺ
310 5034 368 5088 δὲ
390 5034 420 5086 6
444 5033 554 5088 τῶν
576 5032 781 5102 φονέων
810 5032 923 5095 υίὸς
956 5031 1050 5084 καὶ
1084 5030 1191 5083 τῶν
1216 5030 1309 5082 τὸν
1346 5028 1516 5099 ἀμνὸν
1548 5027 1783 5098 σφαξάν-

197 5144 315 5181 των
345 5126 639 5195 ἀπόγονος,
695 5124 788 5178 καὶ
814 5124 913 5196 τὴν
947 5121 1308 5195 κληρονομίαν
1337 5121 1430 5175 τοῦ
1471 5121 1785 5192 ὲκχεθέντος

199 5219 439 5290 algam;
468 5217 534 5269 ὲκ
557 5215 667 5269 τῶν
698 5215 951 5286 πατέρων
980 5214 1290 5285 δεξάμενος,
1320 5211 1428 5266 τῶν
1451 5212 1626 5278 οὕτως
1661 5217 1786 5269 ἐαυ-

201 5314 320 5375 τοῖς
375 5310 471 5362 καὶ
525 5309 639 5371 τοῖς
692 5308 903 5371 τέκνοις
959 5304 1345 5376 ὲπευξαμένων
1373 5344 1389 5369 ,
1442 5304 1582 5377 ὑπὲρ
1638 5305 1782 5368 τίνος

202 5400 522 5477 maestius;
559 5399 701 5454 εἰπέ.
732 5398 794 5453 Ei
840 5399 939 5471 μὲν
963 5399 1037 5463 ὡς
1072 5396 1346 5469 μετανοῶν
1372 5397 1456 5467 ἐφ’
1490 5390 1569 5460 οἷς
1599 5396 1784 5468 ἥμαρ-

206 5508 319 5557 τες,
349 5488 814 5562 ὑπερασπάζομαί
841 5507 900 5543 σε
924 5489 1024 5562 τῆς
1055 5487 1301 5560 γνώμης,
1336 5488 1430 5543 καὶ
1466 5485 1782 5543 καταλιπὼν

285 5699 333 5732 ⁸⁸
357 5697 543 5755 Judic.
575 5709 696 5758 xm,
730 5691 764 5746 '5
802 5706 922 5761 sqq.

1814 4464 1855 4519 θ
1882 4496 1936 4542 et
1968 4487 2227 4555 imagines
2264 4486 2369 4542 illis
2395 4464 2813 4558 praedelineatae,
2848 4489 2938 4559 qui
2977 4464 3046 4542 ad
3074 4464 3451 4559 perfeCtiuneni

1882 4577 2199 4632 initiabantu
2210 4595 2251 4633 r.

1952 4667 2065 4739 Ego
2095 4669 2309 4737 quidem
2348 4669 2694 4726 Christianus
2728 4681 2783 4727 et
2811 4671 3063 4727 Crucilixi
3111 4688 3301 4730 servus
3331 4689 3457 4745 gra-

1882 4761 2028 4815 viter
2055 4759 2106 4813 in
2131 4759 2352 4830 jejuniis
2383 4776 2467 4816 me
2501 4777 2751 4826 exerceo,
2778 4763 2891 4818 sive
2919 4773 2976 4818 ut
3001 4764 3068 4819 ad
3098 4780 3247 4834 spem
3280 4781 3458 4820 resur-

1888 4852 2142 4907 rectionis
2191 4868 2275 4907 me
2332 4853 2507 4923 ipsum
2564 4867 2900 4924 expurgem,
2977 4857 3092 4910 sive
3147 4864 3205 4909 ut
3246 4855 3454 4910 Domini

1880 4957 2072 4999 amans
2123 4957 2315 4999 servus
2359 4944 2692 5001 cruciatibus
2723 4945 2934 5000 Domini
2986 4946 3090 5002 mei
3133 4947 3456 5016 compatiar.

1882 5033 1967 5089 Tu
2016 5048 2168 5102 vero,
2222 5050 2256 5089 ο
2317 5035 2708 5091 homicidarum
2765 5037 2965 5107 proles,
3018 5047 3074 5093 et
3128 5051 3313 5092 eorum
3368 5039 3459 5108 qui

1883 5128 2093 5197 Agnum
2121 5135 2429 5182 mactarunt
2453 5141 2745 5197 pronepos,
2782 5127 2874 5197 qni
2902 5127 3272 5184 biereditatem
3302 5128 3460 5184 cl'l'nsi

1886 5215 2167 5288 sanguinis
2218 5232 2248 5271 a
2298 5218 2542 5287 patribus
2580 5219 2863 5289 accepisti,
2898 5220 2988 5288 qui
3025 5234 3147 5275 eam
3197 5218 3321 5274 (iliis
3350 5221 3464 5274 suis

1891 5308 2172 5379 imprecati
2197 5319 2345 5375 sunt,
2378 5309 2536 5381 cujus
2564 5324 2731 5366 causa
2773 5310 3021 5380 jejunas?
3059 5311 3116 5366 Si
3150 5311 3464 5381 paenitentia

1893 5398 2086 5456 ductus
2111 5399 2182 5455 ob
2216 5414 2279 5455 ea
2305 5415 2427 5471 quae
2452 5400 2700 5471 patrasti,
2721 5399 3066 5454 vehementer
3097 5400 3256 5455 laudo
3278 5399 3454 5454 volun-

1899 5498 2061 5547 tatem
2108 5499 2253 5547 tuam
2286 5511 2300 5548 :
2335 5491 2520 5550 relicta
2551 5491 2714 5565 igitur
2752 5489 3159 5562 malignautium
3190 5505 3463 5563 synagoga
