3892 6272
424 285 531 353 ssi
1705 280 1762 340 s.
1798 266 2075 337 ASTERﬂ
2111 263 2415 334 AMASENI
3581 260 3695 327 sse

428 411 626 467 festina
671 410 741 466 ad
768 408 981 481 piorum
1024 404 1345 462 Ecclesiam.
1391 398 1526 459 Veni
1573 403 1642 458 ad
1688 401 2002 467 sanguinem

2131 396 2205 467 τὴν
2237 391 2558 464 συναγωγὴν
2597 390 2708 446 τῶν
2750 391 3224 464 πονηρευομένων,
3278 387 3512 445 σπεῦσον
3549 388 3695 462 πρὸς

425 504 592 573 -Δεηί,
625 513 680 559 et
709 475 996 573 aspergere
1028 518 1045 555 :
1069 498 1194 553 inde
1219 496 1362 552 enim
1388 494 1486 550 tibi
1514 492 1748 563 expiatio
1769 487 2003 557 eveniet,

2131 487 2206 555 τὴν
2235 482 2563 554 Ἐκκλησίαν
2582 482 2692 537 τῶν
2717 480 2976 535 εὐσεϐῶν.
3012 480 3166 535 Ἐλθὲ
3188 480 3328 552 πρὸς
3348 477 3411 532 τὸ
3430 475 3571 550 αἷμα
3594 479 3695 534 τοῦ

432 570 578 650 unde
610 570 895 663 peccatum
942 589 1284 646 contraxisti.
1322 586 1379 642 Si
1430 600 1559 640 vero
1600 599 1742 639 nunc
1791 596 2006 652 quoque

2131 574 2276 646 ιμνοῦ
2309 575 2403 628 καὶ
2431 572 2766 643 ραντίσθητι.
2810 572 3049 625 Ἐκεῖθεν
3081 573 3192 645 γάρ
3222 589 3304 625 σοι
3337 570 3571 643 ὑπάρξει
3596 572 3699 625 καὶ

433 661 670 754 antiquis
698 684 948 753 alligatus
990 694 1069 744 es,
1126 681 1255 750 quid
1300 676 1402 733 sibi
1446 677 1560 731 vult
1603 673 1931 730 abstinentia
1960 676 2005 742 εει

2131 686 2139 737 ι
2184 664 2472 737 κάθαρσις,
2520 664 2643 718 ὅθεν
2691 664 3004 734 συνεστήσω
3053 662 3152 734 τὴν
3199 661 3495 734 ἁμαρτίαν.
3538 663 3603 716 Εἰ
3634 661 3699 716 δὲ

432 773 614 829 cibis?
649 775 729 828 Au
758 772 1014 827 Niloticos
1042 770 1345 825 crocodilos
1384 768 1636 831 imitaris,
1669 779 1803 835 quos
1832 764 2004 827 aiunt,

2131 775 2188 810 ,τι
2210 759 2303 811 καὶ
2326 756 2419 810 νῦν
2444 759 2557 819 τοῖς
2584 756 2766 818 αὐτοῖς
2791 754 3166 826 προσδέδεσαι,
3189 753 3244 807 τί
3277 771 3360 808 σοι
3386 753 3636 824 βούλεται
3658 753 3698 825 ἡ

435 865 701 932 capitibus
740 864 1041 926 hominum,
1075 875 1212 931 quos
1261 862 1615 920 devorarunt.
1655 858 2004 928 illacrymari,

2131 848 2290 920 ιποχὴ
2329 846 2438 901 τῶν
2487 847 2708 912 σιτίων;
2737 847 2810 900 ’Ἦ
2848 846 2976 909 τοὺς
3002 846 3276 917 Νειλῴους
3298 845 3701 916 κροκοδείλους

434 969 487 1013 et
520 960 644 1012 iletu
676 955 933 1025 prosequi
969 954 1168 1008 caedem
1197 970 1212 1005 :
1241 966 1343 1005 non
1373 951 1514 1020 quod
1539 949 1645 1003 ulla
1676 949 2010 1017 paenitudine

438 1056 749 1119 tangantur,
782 1045 1072 1117 (quomodo
1105 1044 1247 1097 enim
1278 1042 1610 1113 potnitentiae
1642 1055 1803 1096 sensu
1834 1039 2013 1094 allice-

437 1147 627 1193 rcntur
665 1133 917 1189 animalia
964 1131 1188 1186 rationis
1216 1130 1456 1199 expertia
1503 1136 1559 1184 et
1590 1126 1891 1197 aquatica?)
1918 1125 2012 1181 sed

438 1229 719 1299 deplorant
737 1234 919 1295 caput.
950 1238 1014 1277 eo
1041 1222 1322 1292 quodcum
1353 1235 1519 1275 carne
1545 1228 1746 1285 careat,
1773 1219 2010 1287 ineptum

437 1320 510 1374 sit
553 1318 619 1373 ad
656 1316 876 1373 cibum?
914 1315 1103 1369 Simile
1148 1312 1273 1382 quid
1308 1322 1363 1367 et
1388 1312 1529 1366 circa
1555 1309 1819 1381 jejunium
1849 1325 2017 1379 appa-

439 1417 541 1465 ret.
572 1407 796 1463 Choreae
841 1413 895 1459 et
929 1402 1245 1458 saltationes
1283 1402 1347 1455 ad
1384 1402 1771 1456 abstinentiam
1814 1402 2016 1455 media-

442 1498 622 1559 trices,
668 1493 939 1547 adversari
980 1491 1034 1545 in
1082 1491 1314 1559 speciem
1340 1490 1623 1555 videntur;
1672 1504 1794 1543 nam
1845 1490 2015 1544 absti-

443 1586 623 1641 nentia
652 1593 733 1638 est
758 1581 1139 1638 contractioris
1172 1581 1295 1634 vitae
1339 1588 1393 1633 et
1437 1579 1701 1633 decentiaa
1736 1579 2014 1647 magistra,

441 1677 638 1731 chorea
666 1685 845 1727 autem
891 1673 1085 1726 mentis
1129 1685 1224 1739 per
1263 1669 1456 1725 multas
1487 1668 1869 1725 immoderatas
1921 1685 2016 1724 vo-

443 1766 671 1828 luptates
706 1763 912 1821 dill'usae
948 1764 1108 1818 index
1135 1771 1238 1819 est.

516 1941 821 1997 Mcmineris
864 1939 1083 1996 Mosaici
1137 1939 1280 1994 illius
1327 1938 1453 1994 dieti
1493 1938 1755 1993 :Decima
1805 1939 2018 2008 septimi

445 2035 652 2091 mensis
682 2045 893 2104 oportet
912 2032 1161 2103 jejunare
1183 2033 1252 2086 “.
1277 2030 1554 2101 Significat
1587 2033 1729 2087 enim
1762 2032 2021 2100 septimus

449 2128 653 2182 mensis
694 2126 978 2193 septimum
1034 2126 1195 2191 diem,
1238 2133 1293 2179 et
1336 2125 1544 2178 decima
1599 2125 1712 2179 dies
1755 2125 2020 2180 decimam

446 2220 656 2285 horam,
699 2235 802 2290 qua
832 2216 1080 2272 Christus
1106 2217 1159 2269 in
1192 2230 1352 2270 cruce
1377 2215 1557 2269 emisit
1594 2215 1864 2285 spiritum.
1899 2214 2025 2270 Cui-

447 2312 577 2366 libet
602 2311 763 2365 etiam
793 2310 868 2364 rei
897 2322 1006 2363 sua:
1044 2317 1171 2362 sunt
1200 2307 1301 2361 sub
1328 2320 1545 2361 sensum
1579 2306 1831 2361 cadentes
1860 2315 2021 2370 notas,

447 2416 515 2457 ex
549 2402 745 2470 quibus
776 2398 1177 2469 inaspectabilis
1209 2397 1423 2452 aiiectio
1451 2407 1504 2452 et
1527 2396 1807 2465 dispositio
1830 2396 2023 2451 anima:

446 2493 810 2562 cognoscitur.
849 2489 925 2544 Tu
971 2502 1098 2544 vero
1137 2504 1254 2553 cur,
1289 2503 1408 2558 quae
1462 2489 1678 2543 misceri
1734 2496 2024 2558 nequeunt,

448 2584 700 2649 miscere,
745 2591 797 2638 et
849 2584 901 2636 in
945 2582 1084 2636 idem
1132 2595 1251 2650 quae
1298 2590 1546 2650 separata
1610 2591 1737 2635 sunt
1782 2581 2027 2651 redigere

449 2671 663 2728 tentas?
692 2668 901 2724 Habent
932 2679 984 2724 et
1011 2669 1145 2724 alias
1175 2669 1565 2732 solemnitates,
1605 2684 1834 2737 quarum
1865 2670 2023 2724 aliam

448 2770 649 2817 vocant
678 2760 1090 2831 Sceuopegiam,
1127 2774 1220 2815 seu
1251 2758 1446 2815 festum
1482 2758 1977 2814 Tabernaculorum
2008 2773 2024 2823 ;

406 2894 409 2897 η
452 2849 619 2907 aliam
652 2851 924 2906 Tubarum
954 2851 1386 2907 recordationem
1433 2865 1528 2905 seu
1557 2852 2027 2904 commemoratio-

451 2959 614 3008 nem;
667 2956 768 2997 nec
801 2941 1106 3013 intelligunt
1159 2942 1367 3007 miseri,
1419 2956 1479 2996 se
1523 2940 1833 2996 Christiana
1889 2940 2028 2997 festa

450 3034 625 3098 obire,
661 3032 788 3102 quia
812 3033 1111 3087 exstructio
1145 3032 1618 3087 tabernaculorqu
1662 3042 1746 3086 est
1772 3045 2026 3100 expressa

456 3123 625 3192 ﬁgura
660 3122 937 3186 Ecclesiae,
964 3137 1123 3193 quam
1155 3120 1296 3177 Deus
1328 3123 1561 3178 Verbum
1592 3122 1863 3177 excitavit.
1899 3121 2029 3176 Eam

452 3216 524 3270 ob
554 3228 775 3269 causam
807 3213 951 3269 l‘oliis
988 3223 1187 3268 ornant
1234 3213 1663 3279 tabernaculum,
1712 3223 1767 3269 et
1823 3227 2035 3283 proscc-

455 3306 605 3360 nium
639 3305 754 3361 sive
779 3305 1104 3360 vestibulum
1133 3305 1413 3361 frondibus
1445 3314 1498 3359 et
1530 3305 1796 3361 fructibus
1830 3306 2031 3362 conde-

454 3404 667 3459 corant,
699 3402 755 3448 ut
790 3394 1147 3465 significetur,
1196 3411 1392 3451 novam
1437 3397 1579 3452 hanc
1608 3406 1664 3451 et
1698 3396 2030 3452 fructiferam

456 3485 752 3544 Ecciesiam
800 3488 901 3557 legi
949 3488 1295 3554 successisse,
1351 3496 1405 3542 et
1457 3490 1611 3558 quasi
1658 3489 2029 3555 succrevisse;

455 3577 734 3633 Tubarum
764 3593 892 3634 vero
924 3577 1119 3633 festum
1159 3579 1401 3634 incendit
1429 3580 1658 3644 animos,
1706 3590 1766 3635 ut
1810 3580 2036 3650 quilibet

458 3671 618 3723 homo
642 3668 873 3724 sollicite
895 3684 954 3723 se
975 3669 1044 3724 ad
1070 3671 1524 3726 resurrectionem
1552 3680 1852 3742 praeparet;
1884 3686 2033 3739 nam,

457 3760 624 3818 Paulo
663 3770 799 3817 teste
824 3763 890 3818 ’τι
914 3763 1059 3818 Tuba
1083 3774 1253 3829 canet,
1289 3774 1335 3817 et
1363 3765 1554 3818 mortui
1576 3775 1863 3835 resurgent.
1890 3766 2033 3821 Idem

458 3851 616 3908 docet
661 3852 907 3910 Salvator
958 3855 1011 3908 in
1071 3854 1360 3926 Evangelio
1397 3870 1412 3908 :
1455 3855 1629 3909 Mittet
1670 3857 1880 3927 angelos
1912 3873 2035 3911 suos

456 3960 576 3999 cum
601 3946 725 3999 tuba
756 3955 805 4000 et
829 3962 952 4001 voce
969 3963 1188 4017 magna,
1214 3958 1261 4001 et
1292 3948 1675 4017 congregabunt
1708 3950 1894 4003 electos
1919 3950 2035 4018 ejus

458 4053 491 4089 a
516 4047 741 4105 quatuor
781 4038 941 4093 ventis
962 4056 995 4093 a
1018 4040 1236 4093 summis
1274 4039 1520 4095 caelorum
1557 4056 1718 4111 usque
1756 4041 1826 4095 ad
1856 4042 2036 4096 termi-

461 4145 553 4183 nos
592 4145 771 4184 eorum
807 4129 873 4185 “.

532 4302 656 4357 llaec
683 4313 734 4356 et
778 4303 973 4358 similia
1003 4321 1125 4360 cum
1157 4305 1397 4362 Hebraeis
1436 4323 1463 4362 a
1500 4307 1655 4364 nobis
1686 4309 2028 4382 objiciuntur,

2114 943 2283 1011 μιμῇ,
2309 938 2405 1002 οὓς
2434 955 2565 1005 φασι
2587 941 2707 1003 ταῖς
2728 937 2992 1007 κεφαλαῖς
3023 938 3340 1010 ἐπιθρηνεῖν
3354 937 3463 990 τῶν
3485 937 3703 1007 ἀνθρώ-

2112 1046 2229 1083 πων
2265 1023 2340 1084 ὧν
2380 1029 2607 1100 ἔφαγον,
2642 1028 2740 1082 καὶ
2775 1028 3034 1099 δακρύειν
3065 1028 3157 1082 τὸν
3203 1028 3382 1098 φόνον,
3431 1026 3495 1081 ού
3528 1026 3702 1097 μετάδ-

2112 1137 2259 1176 νοιαν
2278 1119 2372 1175 τοῦ
2388 1121 2679 1191 γενομένου
2714 1120 3089 1192 λαμϐάνοντας
3123 1119 3264 1190 (πῶς
3289 1117 3397 1192 γάρ
3422 1117 3493 1172 τά
3525 1117 3705 1186 ἄλογα

2115 1212 2280 1284 θηρία
2319 1215 2413 1267 καὶ
2440 1213 2636 1284 ἔνυδρα
2656 1231 2670 1275 ς
2691 1211 2735 1282 ),
2783 1212 2921 1266 ἀλλὰ
2967 1212 3030 1266 τὸ
3060 1212 3299 1281 ἄσαρκόν
3322 1211 3423 1281 τῆς
3454 1208 3704 1280 κεφαλῆς

2114 1303 2493 1375 ὀδυρομένους,
2523 1303 2598 1367 ὡς
2632 1304 2713 1366 είς
2743 1301 2945 1374 βρῶσιν
2988 1302 3090 1355 οὐκ
3128 1299 3452 1371 ἐπιτήδειον;
3488 1292 3614 1352 Οἷον
3640 1297 3703 1351 δὲ

2117 1393 2210 1446 καὶ
2239 1394 2301 1446 τὸ
2328 1395 2458 1466 περὶ
2481 1393 2583 1464 τὴν
2606 1392 2859 1463 νηστείαν
2890 1393 3094 1463 σχῆμα.
3136 1392 3360 1462 Χορεῖαι
3395 1389 3492 1443 καὶ
3532 1388 3707 1461 ὀρχή-

2119 1504 2253 1553 σεις,
2279 1487 2379 1558 τῆς
2413 1488 2656 1552 ἀσιτείας
2701 1486 2773 1540 τὰ
2819 1487 2963 1558 μέσα
3004 1485 3099 1539 καί⁵
3144 1483 3438 1548 ἐπεισόδια,
3464 1484 3719 1554 πρᾶγμα

2117 1581 2195 1652 τῷ
2225 1582 2466 1651 σχήματι
2494 1578 2574 1649 τῷ
2602 1580 2914 1649 φαινομένῳ
2951 1577 3290 1649 μαχόμενον
3325 1575 3551 1647 νηστεία
3593 1574 3705 1644 γὰρ

2122 1670 2455 1734 πυκνώσεως
2493 1671 2588 1724 καὶ
2619 1669 2855 1740 κοσμίας
2887 1668 3227 1741 καταπολῆς
3269 1669 3469 1721 νοεῖται
3507 1665 3708 1720 παιδαιέ

2118 1764 2330 1835 γωγδς,
2369 1762 2560 1834 χορεία
2603 1762 2660 1816 δὲ
2706 1761 2998 1834 ἑρμηνεύει
3040 1760 3103 1815 τὸ
3143 1758 3536 1831 διακεχυμένον
3584 1761 3707 1822 ταῖς

2119 1856 2379 1927 ἀκράτοις
2409 1855 2505 1908 καὶ
2527 1854 2749 1917 πολλαῖς
2772 1851 3109 1916 εὐπαθείαις.

2190 1944 2583 2016 Μνημόνευσον
2615 1944 2724 2017 γάρ
2768 1942 3007 1997 ἐνταῦθα
3050 1941 3217 2014 ῥητοῦ
3256 1940 3351 1995 τοῦ
3402 1939 3706 1996 Μωσαῖκοῦ

2121 2037 2213 2091 τοῦ
2255 2037 2528 2105 λέγοντος,
2569 2039 2636 2107 τῇ
2676 2035 2879 2107 δεκάτῃ
2910 2034 3006 2088 τοῦ
3041 2034 3269 2106 ἑϐδόμου
3301 2032 3470 2106 μηνὸς
3509 2034 3707 2105 χρῆναι

2121 2128 2424 2200 νηστεύειν.
2469 2127 2631 2199 Δηλοῖ
2678 2126 2787 2199 γὰρ
2819 2129 2849 2180 6
2887 2126 3115 2198 ἕϐδομος
3171 2126 3276 2197 μὴν
3317 2125 3418 2196 τὴν
3472 2125 3709 2196 ἑϐδόμην

2124 2221 2365 2291 ἡμέραν·
2398 2221 2432 2289 ἡ
2460 2219 2517 2273 δὲ
2547 2219 2749 2289 δεκάτη
2786 2218 2999 2290 ἡμέρα,
3033 2217 3130 2290 τὴν
3157 2217 3392 2288 δεκάτην
3427 2215 3599 2288 ὤραν,
3648 2218 3707 2268 ὲν

2123 2305 2157 2385 ᾖ
2187 2311 2215 2362 ὀ
2247 2310 2451 2382 Κύριος
2483 2310 2578 2362 ἐπὶ
2609 2310 2703 2364 τοῦ
2747 2310 2981 2381 σταυροῦ
3017 2311 3196 2380 ἀφῆκε
3225 2312 3301 2373 τὸ,
3326 2308 3566 2380 πνεῦμα.
3597 2308 3710 2362 Καὶ

2126 2404 2340 2472 ἑκάστῳ
2358 2401 2647 2473 πράγματι
2678 2401 2937 2473 ὲξαίρετά
2979 2403 3095 2455 ἐστι
3129 2403 3226 2455 καὶ
3254 2402 3322 2456 τά
3354 2417 3612 2473 σχηματα
3644 2402 3711 2454 ὲκ

2124 2492 2223 2562 τῆς
2263 2491 2587 2563 αίσθητικῆς
2636 2492 2959 2559 ἐπιφανείας
3012 2491 3112 2562 τὴν
3153 2492 3332 2563 ἄωρον
3378 2492 3478 2563 τῆς
3524 2492 3710 2562 ψυχῆς

2125 2583 2385 2654 δηλοῦντα
2406 2582 2669 2637 διάθεσιν.
2694 2584 2765 2636 Σὺ
2803 2583 2863 2637 δὲ
2892 2584 2946 2637 τί
2976 2584 3236 2655 μιγνύεις
3261 2582 3330 2637 τὰ
3357 2584 3584 2653 ἄμικτα,
3614 2582 3712 2636 καὶ

2128 2672 2320 2746 φύρεις
2359 2674 2419 2726 ὲν
2455 2670 2641 2743 ταυτῷ
2670 2672 2741 2726 τά
2774 2673 3198 2745 κεχωρισμένα;
3234 2672 3385 2727 Εἰσὶν
3407 2674 3589 2736 αὐτοῖς
3617 2671 3713 2724 καὶ⁸

2128 2765 2284 2820 ἄλλαι
2329 2763 2687 2836 πανηγύρεις.
2720 2764 2832 2836 Τὴν
2883 2766 2980 2837 μὲν
3015 2765 3401 2837 Σκηνοπηγίαν
3440 2763 3667 2819 καλοῦσι
3688 2778 3705 2794 '

2128 2855 2227 2926 τὴν
2272 2854 2331 2907 δὲ
2371 2854 2557 2908 ἀκούω
2602 2853 2928 2924 Σαλπίγγων
2972 2856 3299 2928 ὑπόμνησιν.
3335 2855 3605 2928 Λελήθασι
3653 2854 3713 2908 δὶ

2130 2944 2475 3019 Χριστιανῶν
2509 2947 2786 3017 μυστήρια
2829 2947 3200 3018 ἑορτάζοντες,
3246 2946 3432 3018 ἐπειδὴ
3477 2947 3577 3019 τῆς
3612 2945 3715 3017 μὲν

2056 3066 2101 3128 C
2134 3038 2340 3128 σκηνῆς
2362 3038 2396 3109 ἡ
2418 3036 2749 3109 δημιουργία
2775 3036 3093 3109 ἐμπρακτός
3123 3040 3239 3092 ἐστι
3276 3037 3583 3109 προφητεία
3614 3041 3713 3113 τῆ,

2145 3127 2468 3198 Ἐκκλησίας
2511 3128 2714 3199 ταύτης
2737 3170 2752 3195 ,
2787 3130 2853 3199 ἣν
2878 3131 2907 3182 6
2932 3130 3103 3198 Λόγος
3138 3127 3295 3200 ἡμῶν
3326 3133 3712 3203 συνεστήσατο.

2130 3219 2229 3273 Διά
2255 3217 2437 3285 τοῦτο,
2491 3220 2585 3273 καὶ
2613 3210 2833 3290 φύλλοις
2874 3220 3138 3292 κοσμοῦσι
3189 3220 3291 3294 τὴν
3344 3221 3573 3294 σκηνὴν,
3620 3223 3717 3277 καὶ

2130 3309 2377 3381 ὀπώραις
2406 3311 2812 3376 καλλωπίζουσι
2832 3312 2904 3367 τά
2926 3314 3257 3385 προσκήνια,
3308 3316 3389 3379 είς
3419 3315 3593 3369 τύπον
3618 3314 3714 3370 τοῦ

2129 3402 2231 3473 τὴν
2274 3402 2403 3457 νέαν
2448 3404 2777 3476 Ἐκκλησίαν
2819 3404 2918 3476 τὴν
2964 3403 3245 3477 εὔκαρπον
3288 3405 3717 3462 ὑποϐλαστάνειν

2130 3493 2210 3565 τῷ
2233 3494 2402 3564 νόμῳ.
2442 3495 2508 3548 Ἠ
2537 3494 2593 3548 δὲ
2619 3495 2728 3549 τῶν
2766 3494 3087 3566 Σαλπίγγων
3118 3497 3301 3570 ἑορτὴ,
3338 3498 3596 3571 διεγείρει
3615 3500 3717 3564 τὰς

2131 3585 2311 3657 ψυχάς
2340 3584 2478 3659 πρὸς
2501 3587 2818 3658 ὲτοιμασίαν
2842 3588 2940 3659 τῆς
2963 3588 3334 3655 ἀναστάσεως,
3363 3588 3546 3653 καθὼς
3571 3589 3710 3645 Παῦε

2132 3677 2222 3742 λός
2259 3695 2391 3749 φησι
2415 3693 2429 3707 ·
2462 3680 2760 3733 Σαλπίσει
2807 3679 2936 3752 γάρ,
2992 3680 3092 3735 καὶ
3122 3684 3178 3736 al
3209 3680 3412 3750 νεκροὶ
3447 3681 3763 3749 ἀγαστὴ..

2134 3784 2368 3823 vortat.
2419 3768 2672 3823 Διδάσκει
2718 3769 2775 3824 δὲ
2805 3771 2970 3835 αὐτὸς
3015 3772 3057 3821 6‘
3094 3771 3227 3837 Θεὸς
3280 3772 3375 3826 καὶ¹
3419 3771 3609 3844 Σωτὴρ
3657 3774 3719 3828 ὲν

2134 3858 2492 3929 Εὐαγγελίοις
2538 3860 2749 3930 λέγων’
2808 3863 3160 3918 ’Δποστελεῐ
3210 3863 3354 3928 τοὺς
3421 3863 3719 3934 ἀγγέλους

2135 3950 2323 4009 αὑτοῦ
2346 3955 2498 4021 μετὰ
2531 3952 2872 4024 σάλπιγγος
2916 3955 3013 4008 καὶ
3047 3954 3256 4025 φωνῆς
3286 3953 3579 4025 μεγάλης,
3617 3954 3718 4010 καὶ

2132 4043 2485 4108 ἐπισυνάξει
2508 4044 2652 4111 τοὺς
2681 4045 3010 4113 ἐκλεκτοὺς
3038 4047 3226 4101 αὑτοῦ
3248 4048 3318 4100 ἐκ
3351 4045 3472 4100 τῶν
3495 4042 3721 4101 τεσσά-

2127 4155 2255 4207 ρων
2280 4137 2518 4208 ἀνέμων
2543 4137 2643 4192 ἀπ’
2671 4137 2871 4207 ἄκρων
2899 4137 3193 4207 οὐρανῶν,
3241 4137 3353 4206 ἕως
3378 4138 3578 4207 ἄκρων
3606 4140 3717 4193 αὐ-

2134 4242 2274 4283 των.

2207 4321 2423 4375 Τούτων
2438 4320 2495 4374 δὲ
2512 4319 2618 4375 τῶν
2650 4321 2823 4391 λόγων
2841 4321 3152 4387 ἀκούοντες,
3171 4320 3312 4393 τάχα
3337 4320 3558 4395 τοιαύτῃ
3582 4324 3720 4397 χρή-

462 4407 562 4446 nac
605 4390 915 4447 defensione
945 4394 1203 4450 adversus
1235 4410 1333 4451 nos
1365 4406 1619 4467 utuntur;
1650 4415 1710 4456 se
1756 4402 1869 4456 haec
1895 4400 2027 4456 festa

2138 4430 2318 4466 σονται
2374 4413 2511 4484 πρὸς
2562 4390 2731 4483 ἡμᾶς
2771 4413 3127 4485 ἀντιρρήσειο
3174 4390 3273 4467 δτῖ
3312 4414 3423 4468 τῶν

461 4482 760 4549 celebrare,
794 4483 846 4536 in
875 4485 1193 4540 memoriam
1220 4488 1630 4555 miraculorum,
1663 4502 1717 4547 et
1748 4495 1800 4548 in
1830 4494 2037 4565 gratia-

461 4587 580 4626 rum
628 4575 895 4627 actionem
951 4590 1048 4644 pro
1084 4578 1361 4633 beneiiciis
1411 4584 1652 4652 acceptis
1690 4585 1754 4638 ad
1799 4597 2036 4640 montem

463 4660 637 4728 Siuai,
663 4673 720 4717 et
755 4667 991 4732 quando,
1041 4666 1166 4720 dum
1204 4667 1287 4721 lex
1314 4668 1566 4738 ferretur,
1607 4675 1733 4728 tuba
1779 4677 2036 4731 insonuit.

458 4748 570 4804 Nec
628 4752 1062 4809 animadvertunt
1118 4757 1307 4823 Sltilli,
1372 4759 1531 4813 etiam
1600 4763 1656 4817 in
1705 4763 2043 4834 legislatione

463 4844 644 4897 tubam
699 4843 1025 4916 ad’aliquid
1081 4848 1225 4904 aliud
1269 4851 1682 4920 signiﬁcantium
1742 4857 2037 4912 adhibitam

460 4944 599 4991 esse.
628 4932 763 4989 Nam
799 4951 918 4992 cum
950 4939 1039 5007 qui
1069 4939 1239 5011 legem
1286 4958 1381 5012 pro
1430 4945 1609 5009 regula
1642 4947 1763 5002 vitm
1799 4960 1945 5004 recte
1975 4965 2041 5006 ac

462 5026 656 5081 decore
682 5029 1064 5096 componenda:
1092 5031 1310 5102 accipit,
1360 5033 1549 5090 timere
1589 5037 1779 5092 debeat
1822 5053 2038 5108 pmnam

461 5129 527 5168 ex
585 5118 1059 5185 transgressione:
1098 5120 1216 5176 ideo
1279 5123 1422 5178 Deus
1488 5135 1752 5196 praecepta
1798 5129 1925 5184 vitae
1983 5130 2037 5184 in

464 5208 656 5263 tabulis
700 5207 923 5279 lapideis
972 5223 1192 5268 exarata
1237 5215 1547 5271 hominibus
1603 5221 1789 5285 edens,
1842 5223 2028 5277 statim

459 5313 642 5353 vocem
671 5302 810 5355 tubae
837 5305 1083 5372 apposuit
1122 5306 1190 5371 ²⁹,
1233 5316 1289 5361 ut
1316 5317 1461 5362 esset
1495 5309 1804 5379 symbolum
1849 5329 2031 5368 resur-

460 5389 715 5446 rectionis
752 5405 819 5446 ex
846 5393 1103 5463 mortuis,
1129 5403 1191 5450 ut
1233 5398 1610 5452 mandatorum
1655 5401 1899 5472 discipuli
1934 5419 2032 5474 per

461 5483 907 5539 resurrectionem
934 5486 1282 5556 subsequenti
1303 5485 1507 5556 judicio
1532 5489 1585 5544 in
1610 5501 1845 5550 mentem
1875 5511 2033 5553 revo-

2138 4505 2476 4578 μεμνημένοι
2500 4505 2816 4576 θαυμάτων,
2844 4504 2952 4557 τῶν
2974 4504 3071 4558 τοῦ
3103 4506 3238 4560 Θεοῦ
3266 4506 3595 4579 εὐεργεσιῶν
3620 4517 3722 4579 χα-

2139 4598 2392 4669 ριστήρια
2411 4596 2585 4649 ταῦτα
2609 4597 2976 4668 προσάγουσιν
2991 4597 3133 4671 ὑπὲρ
3151 4599 3246 4653 τοῦ
3267 4598 3425 4670 ὅρους
3452 4601 3601 4664 Σινᾶ,
3624 4603 3721 4655 καὶ

2134 4686 2232 4756 τῆς
2271 4684 2572 4753 σάλπιγγος
2602 4685 2703 4756 τῆς
2724 4687 3010 4758 ηχησάσης
3033 4688 3092 4739 ὲν
3134 4690 3201 4759 τῇ
3232 4688 3378 4742 δόσει
3410 4688 3503 4742 τοῦ
3526 4690 3718 4761 νόμον.

2137 4776 2249 4829 Οὐκ
2272 4775 2419 4828 ἴσασι
2447 4776 2504 4828 δὲ
2541 4777 2589 4828 οἱ
2617 4776 3033 4848 ματαιόφρονες,
3059 4779 3142 4831 ὅτι
3170 4780 3263 4832 καὶ
3288 4778 3459 4852 τότεὴ
3486 4779 3722 4851 σάλπιγξ

2135 4865 2381 4929 τυπικῶς
2424 4865 2749 4938 παρελήφθη
2802 4867 3081 4939 διδομένου
3128 4869 3222 4923 τοῦ
3267 4870 3456 4942 νόμου.
3500 4870 3720 4945 Ἐπειδὴ

2137 4956 2245 5027 γὰρ
2266 4958 2294 5009 ὀ
2322 4957 2483 5027 νόμον
2511 4956 2806 5028 λαμϐάνων
2844 4960 2923 5022 είς
2952 4961 3154 5014 κανόνα
3184 4960 3299 5032 βίου
3335 4962 3431 5014 καὶ
3460 4960 3723 5017 εὔτακτον

2137 5047 2434 5113 πολιτείαν,
2465 5047 2673 5118 ὀφείλει
2714 5050 3013 5105 δεδοικέναι
3060 5053 3160 5124 τὴν
3197 5056 3262 5106 ὲκ
3300 5056 3400 5125 τῆς
3432 5054 3723 5126 παρακοῆς

2136 5139 2411 5209 τιμωρίαν
2429 5156 2442 5169 ’
2475 5138 2565 5192 διὰ
2592 5140 2752 5194 τοῦτο
2778 5142 2807 5194 6
2841 5142 2973 5208 Θεὸς
2998 5143 3067 5198 τὰ
3091 5145 3190 5216 τῆς
3217 5142 3364 5216 ζωῆς
3391 5146 3424 5215 ἡ
3436 5144 3553 5214 μῶν
3582 5156 3726 5219 παρ-

2138 5229 2460 5301 αγγέλματα
2517 5230 2773 5304 ἔγγραφα
2834 5238 2947 5299 τοῖς
3003 5234 3313 5307 ἀνθρώποις
3375 5237 3679 5308 ἐκπέμπων
3704 5277 3720 5305 ,

2140 5320 2302 5383 εὐθὺς
2355 5322 2664 5395 προσέθηκε
2714 5326 2807 5378 καὶ
2864 5327 2966 5398 τὴν
3025 5328 3208 5401 φωνὴν
3250 5329 3351 5399 τῆς
3398 5328 3721 5399 σάλπιγγος,

2142 5412 2408 5485 σύμϐολον
2436 5414 2537 5486 τῆς
2562 5416 2626 5468 ὲκ
2655 5416 2865 5488 νεκρῶν
2887 5419 3261 5486 ἀναστάσεως,
3292 5422 3379 5475 ἵνα
3407 5421 3458 5474 οί
3483 5419 3725 5492 μαθηταὶ

2139 5502 2249 5558 τῶν
2275 5503 2741 5575 προσταγμάτων,
2769 5507 2859 5561 διὰ
2897 5509 2996 5580 τῆς
3029 5511 3382 5576 ἀναστάσεως
3410 5511 3510 5583 τὴν
3540 5511 3740 5583 κρίσιν’

566 5682 612 5715 ⁸⁸
643 5683 815 5743 Levit.
844 5702 954 5759 xw,
986 5689 1078 5746 29.
1154 5692 1197 5726 ³⁷
1231 5690 1253 5746 l
1284 5693 1410 5751 Cor.
1441 5711 1530 5765 xv,
1558 5697 1648 5756 52.
1721 5700 1764 5732 ’⁸
1794 5699 1984 5758 Matth.
2026 5718 2176 5774 xxiv,
2205 5704 2296 5762 51.
2378 5708 2423 5739 ¹²
2459 5705 2634 5763 Exod.
2671 5723 2784 5775 xu,
2819 5707 2882 5763 l9
