3896 6268
376 248 511 330 '599

1667 267 1728 325 S.
1767 267 2043 326 ASTERII
2080 267 2383 326 AMASENI

3540 264 3651 324 400

405 390 690 446 admodum
726 388 965 445 membra
1009 385 1282 458 corporis;
1320 391 1376 439 et
1419 395 1600 439 sermo
1636 390 1724 436 est
1767 381 1967 436 multo-

2082 380 2221 433 ἐστὶν
2253 379 2431 449 λόγου,
2472 378 2543 444 ὡς
2571 380 2706 454 μέλη
2731 381 2981 455 σώματος
2998 398 3012 413 ⁶
3042 382 3135 436 καὶ
3157 383 3185 435 6
3209 380 3307 452 μὲν
3336 379 3492 456 λόγος
3518 378 3652 432 ire):

402 498 524 541 rum
574 482 860 538 verborum
884 482 931 514 “
954 479 1233 552 congeries
1258 476 1501 548 quaedam
1547 483 1603 530 et
1627 481 1971 544 conspectus;

402 576 568 631 verba
598 587 727 629 vero
763 580 928 641 guttae
966 580 1092 627 sunt
1125 578 1181 625 et
1209 567 1485 640 portiones
1522 572 1823 637 gustusque
1865 578 1973 619 ser-

402 666 626 722 monis:
659 665 795 721 adeo
833 673 893 719 ut
931 662 1385 733 quemadmodum
1418 659 1608 714 multa:
1648 666 1810 729 guttae
1856 657 1993 714 etii--

401 761 557 817 ciunt
580 759 831 825 imbrem,
864 773 966 814 nec
994 766 1173 812 tamen
1205 755 1377 810 imber
1401 763 1565 824 guttae
1596 760 1969 825 comparatur:

402 851 483 907 sic
514 849 682 905 multa
713 851 878 905 verba
931 861 1235 903 sermonem
1285 853 1637 915 componunt,
1666 856 1847 900 sermo
1876 860 1975 898 att-

403 955 510 1001 tem
541 944 597 1001 iu
625 942 845 999 nomina
871 949 927 998 et
956 942 1121 998 verba
1160 948 1411 1004 secatur;
1447 944 1502 993 et
1542 936 1708 992 verba
1750 936 1971 1007 quidem

401 1037 771 1093 attribuuntur
794 1033 1056 1098 sermoni,
1090 1046 1197 1088 nou
1224 1042 1403 1087 tamen
1435 1044 1618 1086 sermo
1646 1028 1847 1086 verbis.
1867 1027 1993 1082 lta-t

399 1145 509 1200 que
544 1127 806 1200 propheta
833 1127 1092 1197 quoniam
1139 1125 1393 1180 hortatur
1434 1123 1627 1189 Deum,
1664 1130 1725 1178 ut
1768 1132 1974 1177 annuat

399 1223 467 1277 ad
500 1219 829 1292 particulare
859 1217 1147 1279 verborum
1187 1230 1408 1272 suorum
1444 1228 1692 1278 examen,
1728 1227 1972 1269 omnem-

399 1332 506 1389 que
534 1315 830 1374 dictionem
879 1327 1030 1369 suam
1081 1310 1373 1381 diligenter
1407 1317 1780 1378 recognoscat,
1809 1314 1866 1360 et
1895 1320 1975 1361 se-

398 1408 634 1465 cundum
688 1405 962 1477 recognita
999 1403 1263 1458 concedat
1300 1415 1419 1471 qua:
1447 1408 1723 1470 petuntur,
1749 1412 1854 1453 non
1885 1398 1969 1453 di-

396 1501 480 1556 xit
512 1519 528 1554 :
563 1497 869 1555 Sermonem
915 1510 1088 1550 meum
1135 1494 1351 1547 auribus
1382 1492 1584 1562 percipe
1608 1530 1623 1555 ,
1654 1491 1747 1545 sed
1774 1487 1971 1545 :Verba

396 1607 513 1645 mea
549 1588 766 1644 auribus
794 1587 1018 1655 percipe,
1048 1582 1288 1639 Domine.
1332 1581 1445 1637 Hoc
1479 1590 1584 1645 est,
1616 1579 1868 1651 Singulas
1891 1580 1972 1633 di-

397 1685 608 1740 ctiones
630 1679 895 1737 orationis
924 1692 1055 1732 mea:
1076 1675 1263 1730 sedulo
1294 1673 1412 1744 lege
1435 1688 1499 1727 ac
1523 1684 1866 1741 recognosce.
1894 1669 1972 1726 Ne

2078 472 2185 525 λῶν
2212 472 2731 545 ρημάτων,’σωρεία
2757 475 2839 539 τίς
2882 476 3031 527 ἐστιν
3076 473 3171 527 καὶ
3216 460 3558 541 σύνοψις,’τά
3590 470 3654 524 δὲ

2081 562 2301 633 ῥήματα
2337 561 2565 632 ψεκάδες
2606 566 2742 618 εἰσὶν
2775 564 2868 618 τοῦ
2907 565 3067 634 λόγου
3100 564 3195 618 καὶ
3230 563 3508 634 γεύματαο
3557 561 3657 613 καὶ

2078 652 2266 723 ὥσπερ
2298 654 2489 707 πολλαὶ
2521 655 2620 727 μὲν
2657 655 2891 726 ψεκάδες
2920 656 3073 711 ὑετὸν
3102 655 3516 726 ἀπαρτίζουσιν,
3550 653 3656 705 οὐκ

2079 744 2158 799 ἔτι
2183 745 2241 799 δὲ
2272 747 2300 800 6
2328 747 2481 809 ὑετὸς
2505 747 2697 818 ψεκάδι
2730 747 3125 820 παρεικάζεται
3144 764 3158 780 ο
3194 746 3365 810 οὕτως
3385 744 3453 798 τά
3480 742 3656 797 πολλά

2080 837 2181 909 μὲν
2218 837 2437 908 ῥήματα
2472 838 2563 892 τὸν
2603 838 2759 909 λόγον
2811 838 3187 911 συντηροῦσιν,
3227 838 3256 892 6
3297 838 3353 891 δὲ
3393 835 3548 905 λόγος
3569 836 3657 897 εἰς

2078 930 2315 1000 ὀνόματα
2345 930 2439 983 καὶ
2469 930 2688 1002 ῥήματα
2728 931 2982 1001 τέμνεται
3003 947 3016 961 ο
3057 930 3152 982 καὶ
3184 928 3254 982 τὰ
3293 928 3390 998 μὲν
3433 929 3657 998 ῥήματα.

2078 1021 2174 1074 καὶ¹
2202 1020 2348 1090 λόγοι
2376 1020 2645 1089 λέγονται,
2673 1022 2734 1076 ού
2763 1021 2870 1093 μὴν
2893 1022 2991 1092 μὲν
3020 1022 3242 1093 ῥήματα.
3269 1019 3435 1087 λόγοι.
3468 1019 3525 1072 ’0
3556 1013 3658 1071 οὖν

2077 1116 2360 1186 προφήτης
2396 1116 2477 1179 εἰς
2503 1114 2603 1186 τὴν
2640 1114 2780 1168 κατά
2815 1114 2979 1187 μέρος
2998 1113 3106 1167 τῶν
3140 1111 3302 1166 αὑτοῦ
3339 1110 3511 1179 λόγων
3565 1105 3659 1173 ἐξ-

2077 1206 2263 1261 έτασιν
2280 1205 2613 1278 παρακαλῶν
2645 1205 2925 1260 ἐπινεῦσαι
2981 1204 3071 1258 τὸν
3118 1203 3278 1271 Θεὸν,
3335 1201 3430 1256 καὶ
3471 1202 3657 1255 πᾶσαν

2078 1294 2242 1348 αὑτοῦ
2277 1294 2420 1360 λέξιν
2450 1294 2692 1366 ἀκριϐῶς
2723 1293 3051 1363 ἀναγνῶναι,
3080 1278 3174 1347 καὶ
3201 1291 3336 1364 πρὸς
3369 1289 3440 1344 τὰ
3461 1291 3659 1358 ἀναγιξ

2078 1385 2398 1456 νωσκόμενα
2422 1384 2605 1440 δοῦναι
2637 1386 2706 1439 τὰ
2734 1385 3049 1458 αἰτούμενα,
3088 1384 3189 1438 οὐκ
3223 1380 3397 1446 εἶπεν,
3431 1384 3533 1436 Τὸν
3561 1381 3658 1435 λό-

2078 1496 2174 1548 γον
2212 1495 2313 1549 μου
2338 1478 2614 1544 ἐνώτισαι,
2646 1478 2804 1543 ἀλλὰ,
2837 1480 2913 1533 Τὰ
2952 1477 3187 1547 ῥήματά
3216 1494 3335 1547 μου
3354 1474 3655 1539 ἐνὼτισαι,

2076 1573 2280 1641 Κύριε·
2308 1573 2428 1626 ἀντί
2453 1572 2571 1637 τοῦ,
2607 1572 2876 1640 Ἐκάστην
2903 1570 3044 1635 λέξιν
3078 1569 3187 1640 (79)
3220 1570 3321 1639 τῆς
3348 1566 3659 1639 προσευχῆς

2081 1682 2182 1736 μου
2211 1664 2456 1737 ἀκριϐῶς
2487 1664 2779 1734 ἀνάγνωθι.
2808 1662 2900 1733 Μὴ
2928 1663 3170 1734 προσχῇς
3199 1662 3287 1731 ὑφ’
3312 1659 3370 1713 ἓν
3396 1658 3487 1713 τὸν
3520 1659 3663 1729 χάρ-

399 1791 509 1832 uno
543 1781 837 1844 compecto
866 1772 919 1824 in
958 1769 1203 1824 chartam
1233 1766 1502 1822 intendas.
1536 1762 1651 1817 Non
1683 1762 1827 1818 enim
1852 1761 1971 1816 uni—

2082 1774 2195 1828 την.
2240 1758 2316 1810 Οὐ
2367 1757 2478 1827 γὰρ
2527 1757 2656 1827 μίαν
2688 1756 2872 1828 δέησιν
2918 1754 3160 1826 περιέχει
3204 1770 3304 1824 μου
3354 1753 3390 1823 ἡ
3445 1750 3654 1822 δέησις.

398 1882 520 1924 cam
573 1862 1009 1935 deprecationem
1060 1858 1437 1928 complectitur
1478 1870 1596 1911 mea
1633 1854 1827 1911 oratio.
1864 1852 1971 1910 Sed

397 1961 522 2031 quia
550 1971 882 2028 unaquaeque
903 1955 1067 2010 dictio
1091 1951 1359 2023 propriam
1419 1951 1581 2006 habet
1639 1948 1970 2019 rogationem

399 2052 576 2124 (dives
614 2052 757 2105 enim
798 2062 863 2102 ac
907 2054 1100 2117 potens
1130 2055 1213 2099 est
1258 2058 1416 2113 quem
1453 2040 1624 2113 rogo),
1663 2039 1827 2095 Verba
1858 2056 1973 2094 mea

399 2142 615 2197 auribus
653 2139 876 2207 percipe,
920 2135 1164 2190 Domine.

471 2233 551 2288 Ac
591 2228 753 2285 sicuti
804 2243 902 2283 nos
949 2225 1164 2295 quando
1197 2220 1435 2277 libellum
1477 2217 1775 2290 supplicem
1802 2216 1971 2288 judici

402 2324 732 2396 explicatum
763 2320 1065 2383 offerimus,
1097 2317 1140 2372 si
1174 2316 1228 2371 in
1259 2314 1451 2370 charta
1488 2311 1641 2381 plura
1667 2311 1978 2365 continean-

400 2427 490 2472 tur
529 2416 727 2487 capita,
761 2414 840 2469 sic
882 2423 1136 2481 rogamus
1187 2421 1309 2462 eum
1342 2423 1357 2460 :
1390 2403 1446 2457 ld
1505 2401 1705 2457 laboris
1734 2400 1973 2470 suscipe,

399 2509 637 2573 domine,
680 2515 852 2562 totum
901 2502 1143 2559 libellum
1191 2499 1256 2554 ad
1304 2497 1528 2553 verbum
1583 2496 1765 2566 legito,
1809 2495 1975 2549 multa

398 2612 528 2658 sunt
564 2614 686 2671 quae
733 2605 1016 2669 petuntur,
1056 2607 1124 2648 ne
1161 2590 1427 2660 scriptum
1472 2589 1618 2644 velut
1651 2602 1811 2643 unam
1852 2602 1977 2641 nar-

400 2692 669 2750 rationem
719 2697 934 2760 reputes
966 2702 979 2739 :
1006 2686 1122 2757 pari
1176 2684 1334 2739 modo
1368 2682 1661 2752 Propheta,
1692 2681 1780 2751 qui
1810 2682 1975 2736 Deum

399 2786 654 2842 obsecret
684 2790 742 2837 ut
775 2780 1082 2837 consentiat
1129 2778 1182 2831 in
1236 2775 1625 2846 particularem
1660 2774 1975 2843 petitionum

399 2890 622 2933 suarum
669 2869 1152 2933 examinationem,
1207 2865 1328 2921 ait:
1364 2864 1537 2919 Verba
1591 2880 1707 2918 mea
1762 2862 1976 2917 auribus

398 2969 624 3042 percipe.
666 2964 907 3027 Domine,
953 2960 1185 3033 iutellige
1239 2958 1524 3013 clamorem
1567 2974 1761 3013 meum.
1803 2956 1848 3012 0
1886 2956 1976 3012 Dei

402 3058 826 3132 benignitatem!
863 3052 1130 3124 Intellige,
1160 3066 1278 3123 pro,
1304 3049 1977 3118 AnimadverteJnteltigi-

2086 1847 2302 1920 Ἐπειδὴ
2351 1848 2410 1902 δὲ
2470 1847 2675 1918 ἑκάστη
2736 1847 2883 1912 λέξις
2944 1846 3081 1900 ἰδίαν
3137 1845 3250 1916 ἔχει
3308 1842 3661 1916 παράκλησιν

2075 1937 2348 2011 (πλούσιος
2393 1938 2501 2009 γὰρ
2530 1939 2623 1991 καὶ
2659 1938 2882 2001 δυνατὸς
2935 1940 2965 1992 6
3014 1934 3542 2008 παρακαλούμενος),
3576 1933 3661 1989 Τὰ

2069 2030 2303 2103 ῥήματά
2320 2049 2438 2101 μου
2462 2030 2758 2097 ἐνώτισαι,
2783 2032 2980 2100 Κύριε.

2144 2221 2258 2275 Καὶ
2307 2220 2495 2293 ὥσπερ
2539 2222 2703 2292 ἡμεῖς
2746 2220 2994 2292 ἐντυχίαν
3020 2218 3098 2291 τῷ
3144 2220 3368 2291 δικαστῇ
3406 2214 3655 2272 ἀναπτύ-

2075 2313 2265 2380 ξαντες
2291 2314 2425 2386 (80),
2471 2313 2567 2368 ἐὰν
2604 2313 2664 2368 ἐν
2705 2313 2783 2384 τῷ
2804 2314 2992 2386 ’χάρτῃ
3026 2312 3198 2367 πολλὰ
3239 2311 3536 2384 ἐμφέρεται
3583 2307 3661 2364 τὰ

2076 2401 2382 2470 κεφάλαια,
2420 2401 2848 2474 παρακαλοῦμεν
2900 2401 3096 2456 αὐτόν·
3139 2399 3357 2472 Κάμοῦ,
3394 2399 3657 2464 δέσποτα,

2075 2494 2211 2565 πρὸς
2255 2493 2399 2560 λέξιν
2443 2495 2546 2570 ῷτὸν
2594 2494 2801 2565 χάρτην
2852 2494 3146 2563 ἀνάγνωθι,
3197 2491 3368 2546 πολλά
3406 2493 3555 2545 ἐστιν
3584 2489 3657 2544 τά

2076 2583 2402 2656 ζητούμενα,
2431 2585 2504 2656 μὴ
2544 2585 2619 2649 ὡς
2660 2584 2718 2639 ἓν
2746 2586 2991 2657 διήγημα
3021 2584 3251 2658 νομίσῃς
3278 2583 3338 2638 τὸ
3365 2583 3658 2655 σύγγραμ-

2079 2695 2154 2749 μα
2173 2694 2186 2708 ·
2219 2677 2392 2741 οὕτως
2422 2679 2450 2730 6
2477 2678 2762 2750 προφήτης
2792 2681 2873 2742 εἰς
2918 2677 3017 2750 τὴν
3047 2677 3188 2732 κατὰ
3225 2676 3389 2749 μέρος
3415 2675 3525 2730 τῶν
3558 2676 3658 2747 ζη-

2074 2769 2350 2842 τουμένων
2385 2769 2534 2841 αύτῷ
2571 2770 2815 2838 ἐξέτασιν
2855 2771 3135 2824 ἐπινεῦσαι
3176 2769 3267 2823 τὸν
3297 2769 3430 2823 Θεὸν
3468 2784 3659 2839 παρα-

2076 2864 2276 2928 καλῶν,
2311 2863 2503 2935 φησίν·
2545 2864 2622 2919 Tit
2661 2864 2901 2934 ῥήματὰ
2944 2880 3062 2933 μου
3110 2863 3410 2927 ἐνώτισαι,
3457 2863 3656 2932 Κύριε,

2077 2956 2263 3022 σύνες
2294 2956 2402 3025 τῆς
2434 2957 2701 3027 κραυγῆς
2745 2975 2884 3027 μου.
2915 2958 2981 3010 Ὢ
3012 2958 3111 3029 τῆς
3149 2956 3244 3010 τοῦ
3288 2955 3424 3011 Θεοῦ
3468 2956 3662 3027 φιλαν-

2079 3048 2324 3120 Θρωπίας
2347 3048 2459 3118 (81)
2487 3049 2499 3101 l
2533 3047 2624 3114 Τὸ,
2652 3049 2859 3115 Σύνες,
2884 3048 3005 3102 ἀντὶ
3034 3046 3147 3113 τοῦ,
3175 3048 3406 3119 Νόησον.
3438 3048 3662 3101 Σύνετε

400 3113 622 3222 ἕξουσι,
670 3113 975 3215 insipientes
1018 3113 1073 3199 ei
1114 3113 1328 3212 populo,
1363 3151 1436 3205 et,
1489 3141 1662 3203 stulti,
1695 3113 1976 3210 aliquando

2082 3113 2177 3210 δή,
2206 3113 2465 3210 ἄφρονες
2490 3140 2558 3192 ἐν
2596 3113 2676 3205 τῷ
2711 3113 2858 3206 λαῷ,
2888 3138 3009 3201 καὶ,
3024 3138 3227 3210 μωροὶ,
3256 3113 3401 3193 ,ποτὲ
3430 3136 3659 3208 φρονή-

400 3244 571 3313 sapite
589 3241 656 3296 “.
684 3239 846 3308 Atqui
894 3251 991 3290 uos
1035 3249 1157 3289 cum
1187 3233 1488 3302 sapientem
1522 3231 1699 3285 virum
1752 3228 1982 3299 alloqui-

403 3350 544 3401 mur,
571 3348 675 3388 non
705 3332 971 3385 audemus
999 3327 1177 3381 dicere
1209 3342 1222 3377 :
1254 3325 1635 3379 Animadverte
1667 3338 1786 3393 quae
1821 3322 1976 3390 dico;

404 3442 473 3482 ne
522 3424 613 3480 ille
652 3432 907 3492 tanquam
959 3418 1232 3488 negligens
1257 3425 1351 3470 aut
1377 3416 1543 3469 tarda:
1586 3415 1780 3468 mentis
1819 3413 1980 3468 homo

310 3508 311 3511 “
381 3528 704 3593 ῖῐεριιιειιιτ.
740 3515 850 3570 Deo
880 3518 1059 3566 autem
1089 3510 1179 3579 qui
1215 3509 1379 3564 etiam
1407 3515 1569 3562 antea
1617 3503 1980 3576 cogitationes

404 3611 576 3675 novit,
626 3607 894 3679 propheta
945 3603 1082 3658 dixit
1111 3619 1125 3655 :
1160 3600 1424 3670 Intellige,
1452 3599 1840 3654 animadverte.
1875 3596 1979 3651 Sed

403 3700 857 3775 quemadmodum
886 3697 1103 3753 dicens:
1126 3692 1357 3748 Auribus
1381 3693 1607 3763 percipe,
1641 3692 1844 3748 sciebat
1870 3692 1980 3747 Deo

404 3806 750 3866 nequaquam
796 3804 917 3845 esse
957 3802 1118 3842 aures
1159 3784 1477 3851 sensibiles,
1530 3781 1610 3838 sic
1648 3781 1875 3837 dicendo
1911 3781 1981 3837 ad

405 3888 615 3945 Deum:
646 3882 910 3953 Intellige,
952 3894 1058 3935 non
1096 3888 1353 3947 tanquam
1389 3875 1457 3931 ad
1489 3889 1613 3930 eum
1663 3873 1754 3943 qui
1795 3874 1981 3929 edoce—

405 3992 558 4039 retur
583 3994 649 4036 ac
676 3979 952 4049 ignoraret
984 3972 1327 4043 loquebatur,
1359 3967 1452 4024 sed
1481 3976 1737 4037 tanquam
1764 3965 1830 4021 ad
1855 3980 1979 4020 eum

366 4148 375 4153 π
405 4079 500 4151 qui
562 4072 998 4133 inenarrabiliter
1031 4079 1087 4126 et
1124 4067 1455 4140 cogitatione
1503 4065 1667 4122 citius
1707 4065 1981 4136 cognoscit

406 4170 701 4245 postulata,
731 4175 1023 4238 antequam
1050 4163 1173 4233 quis
1201 4170 1368 4231 petat.
1401 4159 1510 4215 Aut
1541 4157 1702 4212 etiam
1733 4157 1858 4228 quia
1900 4156 1982 4225 ju-

406 4276 525 4321 stus
557 4263 667 4319 Deo
700 4258 1032 4331 cogitatione
1058 4253 1401 4325 loquebatur,
1428 4259 1661 4321 eratque
1689 4249 1742 4305 ei
1774 4248 1980 4304 clamor

406 4363 663 4414 contenta
690 4350 891 4413 oratio.
920 4354 977 4405 et
1004 4345 1331 4417 loquebatur
1353 4356 1461 4398 non
1489 4342 1742 4411 loquens,
1774 4339 1980 4395 clama-

2079 3246 2245 3286 σατε.
2301 3231 2410 3284 Καὶ
2460 3233 2618 3303 ἡμεῖς
2646 3231 2766 3309 ,μὲν
2827 3231 2975 3302 σοφῷ
3025 3231 3180 3303 ἀνδρὶ
3223 3229 3543 3296 λαλοῦντες,
3593 3229 3663 3285 οὐ

2078 3323 2366 3395 τολμῶμεν
2412 3324 2609 3391 εἰπεῖν,
2634 3324 2843 3396 Νόησω)
2872 3323 2909 3378 ἀ
2952 3323 3115 3393 λέγω,
3151 3323 3237 3377 ἵνα
3271 3323 3344 3395 μὴ
3374 3323 3450 3387 ὡς
3467 3322 3661 3392 όλίγω-

2083 3435 2174 3489 ρος
2205 3417 2237 3489 ἢ
2271 3417 2569 3489 βραδύνους
2595 3418 2846 3491 νομισοῇ.
2877 3418 2997 3489 Θεῷ
3023 3417 3080 3471 δὲ
3106 3417 3183 3490 τῷ
3216 3419 3311 3472 καὶ
3336 3416 3442 3489 πρὸ
3467 3416 3663 3471 τούτου

2077 3511 2178 3576 τὰς
2202 3511 2528 3584 ἐνθυμήσεις
2566 3514 2728 3567 εἰδότι
2771 3515 2799 3567 6
2843 3514 3129 3584 προφήτης
3178 3512 3391 3581 ἔλεγεν,
3443 3512 3673 3587 Σύνες,

2079 3604 2290 3676 νόησον.
2331 3606 2468 3659 Ἀλλ’
2502 3596 2689 3679 ὥσπερ
2719 3606 2799 3672 τὸ,
2839 3605 3168 3670 Ἐνώτισαι,
3205 3603 3394 3672 εἰπὼν,
3428 3605 3488 3658 οὐ
3522 3605 3661 3659 πάν·

2078 3714 2186 3761 τως
2212 3690 2327 3751 ὦτα
2352 3696 2589 3769 αἰσθητά
2624 3697 2716 3753 τὸν
2741 3697 2873 3752 Θεὸν
2900 3697 3043 3769 ἔχειν
3080 3696 3195 3769 ᾔδει
3220 3714 3234 3728 ·
3259 3694 3434 3759 οὕτως
3466 3696 3562 3751 καὶ
3596 3696 3664 3749 τὸ

2079 3791 2253 3843 εἰπεῖν
2279 3789 2363 3861 τῷ
2396 3789 2536 3860 Θεῷ,
2578 3790 2788 3857 Σύνες,
2819 3791 2915 3861 οὐχ
2949 3789 3025 3853 ὼς
3064 3787 3535 3859 ἀναδιδασκομένῳ
3564 3788 3663 3842 καὶ

2079 3880 2362 3950 ἀγνοοῦντι
2390 3879 2589 3946 ἐλάλει,
2621 3881 2736 3935 ἀλλ’
2782 3881 2859 3945 ὡς
2909 3881 3233 3953 ἀπορῤήτως
3281 3880 3377 3933 καὶ
3405 3878 3664 3950 ὀξύτερον

2078 3973 2320 4038 διανοίας
2345 3972 2506 4027 εἰδότι
2535 3973 2604 4027 τά
2627 3974 2907 4044 αἰτήματα
2936 3974 3042 4045 πρὸ
3067 3972 3159 4026 τοῦ
3189 3972 3432 4044 αἰτῆσαι.
3467 3973 3537 4026 Ἢ
3563 3972 3663 4026 καὶ

2080 4065 2267 4138 ἐπειδὴ
2302 4065 2444 4119 κατὰ
2483 4065 2723 4120 διάνοιαν
2758 4067 2787 4119 6
2824 4066 3031 4129 δίκαιος
3073 4064 3153 4135 τῷ
3184 4064 3304 4136 Θεῷ
3334 4062 3534 4128 ἐλάλει,
3563 4065 3664 4117 καὶ

2077 4154 2145 4231 ἦν
2169 4158 2317 4230 αὐτῷ
2349 4157 2566 4231 κραυγὴ
2617 4159 2651 4228 ἡ
2695 4156 2947 4222 σύντονος
2989 4157 3286 4229 προσευχὴ,
3341 4157 3435 4211 καὶ
3481 4156 3664 4211 ἐλάλει

2083 4249 2157 4323 μὴ
2182 4249 2378 4330 λαλῶν,
2406 4250 2498 4304 καὶ
2526 4250 2753 4322 ἔκραξεν
2779 4250 2907 4305 ἄνευ
2938 4250 3121 4321 φωνῆς
3137 4267 3150 4281 ·
3174 4250 3348 4315 οὐδεὶς
3367 4250 3424 4305 δὲ
3449 4248 3665 4323 ἀνθρὼ-

2079 4356 2196 4394 πων
2217 4342 2326 4394 νοεί
2345 4340 2523 4411 ψυχῆς
2556 4339 2798 4411 κραυγὴν
2815 4340 3193 4412 ἀνεκλάλητον,
3218 4341 3269 4393 εἰ
3299 4341 3373 4414 μὴ
3406 4340 3538 4405 Θεὸς
3565 4342 3664 4411 μό-

406 4452 612 4520 batque
651 4447 771 4503 sine
794 4459 965 4510 voce;
994 4438 1273 4496 hominum
1311 4446 1494 4493 autem
1542 4433 1722 4490 nullus
1750 4432 1976 4503 percipit

2082 4448 2200 4497 νος’
2233 4430 2322 4485 διὰ
2356 4432 2513 4486 τοῦτο
2550 4432 2626 4503 τῷ
2659 4431 2803 4504 μόνῳ
2832 4432 3082 4487 ἀκούοντι
3115 4433 3223 4487 τῶν
3261 4432 3339 4505 μὴ
3361 4432 3664 4488 λαλούντων

405 4540 734 4602 ἰηείῐεὼὶιεω
776 4537 970 4594 anima:
998 4534 1314 4597 clamorem,
1347 4532 1445 4587 sed
1480 4527 1627 4585 solus
1652 4526 1824 4594 Deus;
1856 4523 1976 4581 ideo

2084 4523 2266 4593 ἔλεγεν
2286 4540 2299 4554 ·
2325 4524 2514 4590 Σύνες
2539 4522 2646 4593 τῆς
2679 4522 2946 4595 κραυγῆς
2966 4542 3106 4595 μου.
3134 4525 3303 4580 -Σὺ
3322 4525 3455 4596 γὰρ,
3472 4525 3660 4596 φησὶν,

407 4635 549 4694 dixit
575 4634 644 4690 ad
671 4645 796 4689 eum
838 4629 932 4701 qui
968 4626 1119 4684 solus
1144 4640 1245 4681 eos
1276 4622 1371 4694 qui
1407 4635 1518 4677 non
1550 4619 1847 4690 loquuntur
1876 4631 1976 4670 au-

480 4795 526 4830 “
552 4793 700 4852 Psal.
729 4807 883 4857 XCIII,
910 4788 964 4845 8.

484 4957 596 5031 (79)
635 4953 831 5022 Λέξις.
864 4949 1073 5031 Vocem
1096 4947 1299 5031 λέξεως
1334 4945 1590 5031 retinebit
1617 4944 1707 5015 qui
1740 4944 1880 5031 vol-et
1920 4943 1974 4998 in

412 5016 815 5097 Ch‘rysbstgtno,
851 5030 991 5079 orat.
1028 5018 1447 5097 Deprenite‘ntia
1484 5027 1533 5072 et
1561 5016 1974 5097 cop'tpunctione,

412 5084 494 5156 ί]
518 5084 648 5153 ἓιιίι.
674 5084 872 5159 Paris"
896 5108 1023 5146 ann.
1050 5084 1213 5153 1609,
1242 5104 1298 5159 p.
1322 5088 1457 5159 680;
1482 5097 1538 5142 et
1562 5086 1691 5159 LVl
1707 5084 1978 5141 Saviliauo

412 5186 511 5228 seu
537 5166 745 5232 Grazco,
776 5182 829 5233 p.
857 5156 982 5232 774,
1010 5162 1048 5233 Ι.
1077 5176 1170 5226 xx,
1196 5156 1286 5215 ubi
1315 5160 1383 5213 de
1412 5158 1623 5233 Ra_h_ab.
1651 5156 1765 5227 Ego
1797 5165 1978 5233 autem

412 5227 979 5303 emendabo'SéEewg.
1025 5230 1383 5303 Locummnon
1423 5228 1705 5303 subiungo,
1739 5227 1865 5297 quia
1906 5227 1981 5303 iis

412 5295 558 5368 nota:
588 5310 706 5365 ista:
732 5295 1061 5369 scribuntur,
1101 5302 1191 5371 qui
1221 5299 1389 5355 libros
1422 5295 1645 5365 habent,
1674 5295 1875 5368 eosque
1904 5295 1982 5349 leo

411 5388 621 5453 gereget
651 5379 896 5453 relegere
921 5389 1028 5430 non
1043 5373 1359 5453 pigrantur.

485 5451 599 5521 (80)
650 5438 1079 5521 ’Eri'vxlauzc'é
1115 5438 1392 5521 δικαστῇ.
1416 5439 1573 5521 Circa
1609 5453 1792 5493 vocem
1827 5438 1979 5490 ἐντυ-

414 5511 540 5593 χίἀς
573 5511 683 5593 non
705 5511 871 5589 pauca
903 5515 1004 5570 viri
1033 5514 1198 5593 docti.
1224 5511 1426 5592 Iisunos
1450 5511 1526 5593 de
1544 5524 1692 5591 more
1723 5522 1981 5593 suppres-

414 5580 538 5658 sis;
560 5580 896 5661 proferemus
923 5602 988 5661 ex
1017 5580 1364 5661 adversariis
1414 5582 1613 5661 nostris
1632 5580 1982 5661 'emeudatio-

416 5647 576 5716 nem:
602 5660 678 5715 Ea
724 5661 828 5715 erit
860 5660 911 5712 in
946 5654 1259 5717 Athanasio,
1292 5651 1480 5705 homil.
1523 5652 1600 5717 in“
1624 5647 1978 5709 Parasceven,

397 5714 561 5822 iam
585 5714 846 5789 latronem
900 5730 1095 5785 bonum
1139 5724 1215 5780 ita
1245 5714 1546 5792 Compellat,
1572 5714 1643 5774 *Ω
1672 5718 1863 5791 λῃστά,
1891 5718 1979 5771 τὸν

2082 4615 2266 4685 μόνος
2283 4615 2607 4671 ἐπίστασαι
2632 4615 2741 4682 τὰς
2764 4615 3011 4686 καρδίας
3030 4616 3150 4672 τῶν
3168 4617 3511 4687 ἀνθρώπων,
3540 4617 3663 4671 ἐλε-

2081 4941 2402 5011 προγονικὸν
2456 4939 2655 5011 κλῆρον
2707 4937 3041 5009 ἀπολόμενον
3073 4936 3181 5011 ’διὰ
3233 4935 3363 5011 μιᾷς
3405 4934 3664 5011 εύτυχίας

2081 5005 2698 5083 ἀνακτησάμενε.ἑ’νοιολ
2725 5005 3089 5083 θηίιιιίτεροιιί
3134 5005 3404 5083 ἐντυχίας.
3444 5005 3499 5083 ιιι
3532 5005 3613 5062 εει
3641 5026 3658 5063 :

2085 5082 2130 5137 0
2167 5077 2307 5136 latro
2331 5077 2419 5150 qui
2451 5080 2645 5134 auitam
2670 5080 3036 5150 [twreditatem
3093 5077 3341 5150 antissent
3382 5077 3540 5150 uui_ca
3569 5094 3664 5150 pe-

2086 5155 2272 5207 titione
2300 5145 2641 5220 recuperasti.
2668 5147 3426 5220 Porroijudiceselegantera
3454 5145 3663 5220 Grtgcis
3708 5169 3717 5196 ι

2086 5216 2434 5293 appellantur
2468 5219 2664 5293 κύριοι
2683 5216 3029 5293 Δςτῆς-ιζιόιιφου.
3064 5216 3499 5293 _l.u_Col‘le_ctione
3546 5216 3660 5293 βο-
3712 5242 3733 5267 χ

2089 5287 2265 5358 mana,
2307 5300 2462 5360 parte
2486 5287 2614 5360 t,'p.
2645 5287 2868 5356 15,16}
2890 5287 3098 5343 'Judicii
3126 5287 3351 5360 domini,
3384 5289 3663 5360 egraminu-

2090 5363 2246 5417 tionis
2294 5358 2573 5417 dominus.‘
2603 5360 2754 5429 Quod
2805 5361 2924 5415 ideo
2972 5359 3283 5429 observari,
3335 5358 3461 5425 quia
3515 5359 3658 5426 apud

2080 5432 2377 5495 Philonem,
2429 5431 2568 5488 libro
2612 5426 2689 5485 De
2728 5430 3015 5500 Decalogo.
3070 5442 3123 5496 p.
3160 5426 3319 5500 764,
3348 5436 3661 5500 portentosa

2081 5505 2343 5571 scriptum
2378 5503 2616 5557 invenies
2638 5503 2765 5565 τοὺς
2793 5497 3129 5570 κατηγόρους
3162 5497 3473 5571 τῆςψήφου

2153 5567 2266 5643 (8|)
2308 5573 2378 5626 Ὢ
2421 5571 2530 5641 τῆς
2563 5571 2667 5626 τοῦ
2705 5572 2851 5643 Θεοῦ
2906 5567 3657 5643 φιλανθρωπίαςένιθηὶιιξ

2084 5636 2272 5700 catena
2302 5644 2353 5696 in
2383 5660 2411 5696 ι.
2440 5636 2666 5711 psalmos
2692 5658 2709 5694 :
2744 5640 2788 5694 0
2815 5636 3071 5710 ingentem
3112 5641 3375 5711 prophetae
3402 5636 3653 5709 loquendi

2084 5713 2404 5771 libertatem!
2438 5708 2465 5769 ο
2510 5712 2697 5768 miram
2730 5712 2826 5768 Dei
2862 5708 3268 5779 benignitatem!
