3892 6272
210 305 305 366 401

1417 312 1702 371 HOMILIA
1738 314 1853 372 XV.
1890 312 1962 373 IN
1993 315 2189 375 PSAL.
2230 318 2295 373 Υ.

3352 315 3454 374 409

215 445 311 500 γεν
333 429 362 483 s
389 428 667 503 Σαλομών.
687 429 894 494 Σύνες,
911 426 1032 484 ἀντι
1057 421 1174 495 τοῦ,
1204 427 1440 500 θέλησον
1459 429 1529 483 τὰ
1551 431 1668 482 κατ’
1695 400 1765 500 ἐμ

1896 428 2010 482 dit:
2040 429 2283 499 Intellige
2334 429 2610 484 clamorem
2657 442 2824 481 meum
2861 425 2942 480 :T
2945 444 2978 482 ιι
3037 429 3194 494 enim,
3255 428 3453 499 inquit,

212 521 438 592 γνῶναι.

275 704 452 758 Τοῦτο
471 702 580 776 γὰρ
601 703 820 774 ἐπάγει,
863 703 927 757 τὸ
957 704 1164 759 εἰπεῖν·
1205 703 1478 773 Πρόσχες
1510 702 1586 771 τῇ
1615 703 1785 773 φωνῇ

207 796 323 865 τῆς
347 795 610 866 δώσεὼς
650 815 789 867 μου.
833 797 944 850 Καὶ
991 796 1098 868 μὴν
1141 798 1290 867 φωνῇ
1342 795 1402 848 ού
1437 795 1782 867 προσέχεται.

219 889 381 944 ’Λλλά
409 890 505 943 καὶ
533 892 566 961 ἡ
598 889 770 962 φωνὴ,
792 891 868 944 ὅτ’
894 889 962 944 ἂν
992 889 1092 960 μὲν
1123 888 1388 961 ἀγράφως
1418 889 1780 960 προφέρηται,

202 985 328 1040 τότε
350 985 520 1060 ἀκρῆς
542 984 731 1057 χρῄζει
752 1000 766 1015 ’
797 985 873 1038 ὅτ’
889 983 954 1038 ἂν
973 984 1032 1038 δὲ
1060 985 1093 1056 ἡ
1121 983 1272 1055 φωνὴ
1297 985 1354 1036 ὲν
1375 983 1550 1057 χάρτῃ
1573 986 1778 1056 γραφῇ,

200 1076 298 1130 καὶ
329 1074 408 1145 τῷ
433 1073 644 1144 βασιλεί
679 1073 1033 1147 προσενεχθῇ,
1075 1074 1196 1127 τότε
1233 1073 1310 1138 ὡς
1339 1073 1428 1126 διὰ
1457 1073 1564 1128 τῶν
1596 1089 1780 1145 γραμ-

202 1167 394 1239 μάτων
435 1165 692 1231 λαλοῦσα,
752 1165 1044 1238 ὀφθαλμῶν
1101 1165 1288 1237 χρείαν
1333 1165 1465 1236 ἔχει.
1513 1165 1780 1230 Πολλάκις

93 1253 109 1276 ⁸
197 1261 311 1332 γάρ
360 1261 435 1333 μὴ
488 1259 666 1314 λαλῶν
706 1258 1066 1328 ἀναγινώσκει
1108 1261 1137 1312 ὁ
1173 1259 1375 1330 ἄρχων,
1420 1256 1513 1312 καὶ
1562 1258 1662 1328 ὁρᾷ
1690 1255 1780 1309 τὸν

197 1353 411 1423 χάρτην
457 1350 535 1416 ῶς
584 1342 793 1425 ἱκέτην,
834 1352 927 1406 καὶ⁹
981 1351 1079 1414 τὰς
1124 1350 1432 1422 ἐγγράφους
1482 1349 1666 1419 φωνὰς
1702 1351 1779 1413 ὼς

193 1443 439 1506 ﬁssum;
467 1443 696 1509 ἱκεσίας,
726 1443 822 1497 καὶ
858 1443 985 1506 τοὺς
1021 1441 1212 1511 λόγους
1248 1441 1342 1505 οὓς
1381 1437 1526 1512 εἶχεν
1564 1440 1651 1495 διὰ
1679 1440 1776 1493 τοῦ

193 1531 447 1595 πυλῶνος
489 1532 590 1603 τῆς
631 1533 800 1603 ἀκοῆς
846 1534 1160 1600 εἰσαγαγεῖν
1200 1534 1266 1603 τῇ
1299 1531 1526 1604 διανοίᾳ,
1553 1531 1776 1596 τούτους

191 1621 269 1686 ῶς
311 1622 403 1676 διὰ
454 1623 796 1695 τιμιωτέρων
847 1623 1034 1694 θυμῶν
1086 1622 1194 1676 τῶν
1244 1623 1502 1693 ὀμμάτων
1540 1623 1769 1691 εἰσάγει.

191 1713 470 1781 Πρόσχες
523 1712 600 1782 τῇ
651 1712 822 1783 φωνῇ
867 1712 977 1782 τῆς
1032 1711 1293 1780 δεήσεώς
1337 1729 1476 1782 μου.
1515 1714 1604 1778 Ὠς
1639 1717 1772 1786 ὁρᾷς

189 1801 435 1866 ἀκούεις,
461 1803 555 1856 καὶ
581 1781 665 1867 ὡς.
684 1781 900 1867 ἀκούεις
931 1801 1148 1873 βλέπεις
1172 1802 1278 1874 (82)
1297 1819 1309 1832 ·
1342 1781 1636 1874 άνόργανον
1803 1781 1844 1835 Β

187 1893 288 1945 καὶ
309 1893 520 1964 ἀμερὲς
551 1894 644 1948 καὶ
677 1893 882 1948 ἁπλοῦν
909 1894 970 1947 τὸ
987 1895 1158 1949 Θεῖον.
1186 1895 1295 1948 Καὶ
1320 1896 1504 1965 ἐπειδὴ
1533 1896 1769 1966 δεήσεως

185 1985 438 2057 ἐμνήσθη
464 2003 478 2017 ο
511 1985 692 2058 δέησιν
733 1987 788 2040 δὲ
839 1988 1114 2060 ἔγγραφον
1145 1989 1319 2054 οὐδεὶς
1351 1989 1625 2060 ἀρχόντων
1654 1991 1770 2042 ἐπι-

184 2079 436 2150 δέχηται,
473 2080 607 2134 ἀλλά
655 2080 907 2152 βασιλεὺς
957 2082 1148 2152 μόνον·
1200 2082 1288 2137 διὰ
1331 2083 1487 2136 τοῦτο
1535 2083 1628 2136 καὶ
1671 2086 1768 2155 τὴν

184 2174 347 2238 ἀξίαν
370 2172 466 2227 τοῦ
496 2174 868 2244 ἱκετευομένου
894 2175 1164 2245 ὁμολογεῖ.
1204 2174 1268 2227 '0
1302 2175 1602 2242 ,Βασιλεύς
1624 2192 1763 2244 μου.

183 2265 506 2332 Βασιλεύεις
536 2266 644 2338 γὰρ
683 2268 777 2320 καὶ
817 2267 912 2320 τοῦ
951 2266 1249 2339 συνηγόρου
1287 2268 1382 2320 καὶ
1419 2266 1517 2338 τῆς
1542 2283 1768 2337 συνηγο-

184 2359 480 2429 ρουμένης.
516 2357 750 2413 Βασιλέα
795 2359 852 2413 δὲ
897 2358 1153 2424 καλέσας,
1188 2357 1274 2411 ἵνα
1313 2358 1386 2430 μὴ
1421 2358 1645 2429 νομισθῇ
1669 2358 1765 2412 ἄν·

182 2448 408 2520 θρωπον
464 2450 806 2518 ὲπιϐοᾶσθαι,
876 2451 937 2504 τὸ
988 2452 1187 2523 κράτος
1243 2446 1338 2505 καὶ
1391 2450 1488 2522 τὴν
1533 2450 1766 2524 ὕπαρξιν

178 2540 441 2610 ὁμολογεί
479 2541 571 2596 τοῦ
606 2542 887 2613 βασιλέως.
929 2542 1307 2614 Προλαμϐάνει
1347 2543 1438 2596 τὸν
1472 2543 1672 2614 Θωμᾶν
1707 2543 1765 2597 ὲν

179 2635 246 2704 τῇ
283 2633 548 2705 ὁμολογίᾳ
580 2634 681 2704 τῆς
709 2634 986 2704 ἀληθείας.
1029 2635 1240 2706 ’Ὠσπερ
1287 2634 1393 2707 γὰρ
1428 2635 1634 2698 ἐκεῖνος
1681 2627 1763 2686 εῖ-

177 2741 312 2778 πεν·
380 2724 444 2777 ’0
492 2725 707 2794 Κύριός
746 2742 864 2795 μου
921 2723 1020 2780 καὶ
1073 2727 1106 2780 ὁ
1152 2722 1296 2790 Θεός
1337 2742 1488 2795 μουο
1523 2726 1618 2780 καὶ
1664 2725 1766 2780 οὐκ

177 2816 430 2889 ἠρκέσθη
484 2817 628 2889 μόνῳ
665 2817 742 2888 τῷ
797 2819 999 2884 εἰπεῖν,
1044 2817 1106 2870 Ὃ
1149 2817 1362 2885 Κύριός
1400 2835 1539 2887 μου,
1577 2819 1763 2890 ἐπειδὴ

178 2907 276 2961 καὶ
321 2905 613 2979 ἅνθρωπος
667 2907 768 2977 τῆς
831 2906 1200 2978 προσηγορίας
1255 2906 1458 2976 ταύτης
1509 2907 1716 2980 ἠξιώθη
1745 2925 1760 2939 °

180 2998 355 3062 οὕτως
400 2996 513 3068 γὰρ
553 2997 681 3070 περὶ
727 2997 820 3050 τοῦ
869 2997 1117 3069 Ἀϐραὰμ
1161 2997 1345 3066 ἔλεγεν
1372 2999 1405 3068 ἡ
1435 2998 1653 3070 Σάρρα*
1701 2999 1763 3051 Ὀ

1891 521 2031 574 solus
2066 524 2202 575 nosti
2230 522 2388 575 corda
2414 521 2700 582 hominum,
2737 519 2874 573 dixit
2921 519 3175 577 Salomon
3194 521 3259 575 “.
3283 520 3454 578 Intel-

1889 612 1988 682 lige
2008 655 2023 677 ,
2059 613 2110 666 id
2134 623 2238 678 est,
2258 611 2405 667 Velis
2435 627 2553 666 mea
2586 626 2942 681 cognoscere.

1963 703 2079 758 Hoc
2105 704 2306 773 quippe
2344 703 2638 773 subjungit,
2668 718 2732 757 ac
2769 703 2901 758 dicit
2933 723 2946 758 :
2991 705 3047 758 5.
3084 703 3305 759 Intende
3341 705 3452 760 voci

1885 794 2145 848 orationis
2173 809 2321 848 mew.
2353 794 2602 848 Attamen
2656 794 2774 849 voci
2823 809 2929 849 non
2977 796 3293 850 intenditur.
3347 796 3454 852 Sed

1884 903 2008 954 vox,
2055 889 2271 958 quando
2310 886 2515 956 absque
2565 888 2766 958 scripto
2807 887 3102 958 profertur,
3155 899 3282 943 tunc
3323 903 3454 943 aure

1883 977 2120 1049 indiget;
2154 978 2237 1032 sin
2268 988 2449 1032 autem
2480 993 2582 1032 vox
2627 978 2682 1032 in
2715 979 2900 1034 charta
2934 980 3136 1048 scripta
3167 979 3258 1046 sit,
3290 989 3453 1049 atque

1881 1071 1997 1141 regi
2026 1070 2301 1137 oﬂ'eratur,
2333 1080 2460 1126 tunc
2483 1086 2604 1140 quae
2638 1070 2780 1125 velut
2801 1087 2896 1142 per
2933 1071 3143 1126 litteras
3179 1070 3447 1138 loquatur,

1879 1163 2050 1219 oculis
2097 1178 2232 1232 opus
2282 1163 2464 1219 habet.
2513 1163 2669 1232 Saepe
2716 1163 2860 1216 enim
2908 1163 3024 1217 sine
3069 1161 3282 1230 loquela
3323 1160 3451 1229 legit

1877 1257 2253 1328 magistratus,
2301 1264 2357 1310 et
2407 1255 2628 1325 respicit
2675 1255 2740 1308 ad
2796 1253 3035 1309 chartam
3089 1263 3343 1321 tanquam
3378 1251 3446 1305 ad

1877 1349 2193 1419 supplicem,
2223 1347 2288 1402 ad
2321 1348 2556 1416 scriptas
2589 1359 2750 1400 voces
2779 1353 3031 1414 tanquam
3065 1343 3130 1398 ad
3161 1341 3445 1398 miserabi-

1876 1443 1955 1498 les
1989 1442 2448 1512 supplicationes;
2491 1449 2548 1495 et
2590 1454 2869 1495 sermones
2904 1453 3037 1508 quos
3085 1453 3179 1508 per
3221 1438 3444 1506 januam

1876 1537 2024 1591 auris
2052 1534 2456 1590 introducturus
2486 1532 2662 1588 fuerat
2691 1533 2758 1587 ad
2781 1543 3039 1598 mentem,
3065 1533 3162 1586 bos
3187 1539 3443 1600 tanquam

1873 1643 1970 1697 per
2001 1627 2294 1682 nobiliores
2325 1627 2491 1691 fores,
2523 1640 2717 1696 nempe
2740 1625 2950 1691 oculos,
2985 1624 3214 1680 inducit.
3255 1622 3442 1677 Ιηιεησ-

1873 1721 1936 1774 de
1985 1721 2098 1774 voci
2145 1719 2398 1775 orationis
2429 1734 2576 1774 mea.
2615 1719 2766 1774 Sicut
2798 1719 2972 1784 vides,
3002 1718 3184 1782 audis;
3217 1724 3272 1771 et
3300 1715 3442 1772 sicut

1873 1815 2044 1878 audis,
2081 1815 2292 1878 cernis;
2334 1827 2456 1867 nam
2499 1813 2640 1867 Deus
2674 1810 2891 1882 organis
2921 1820 2973 1864 et
3005 1807 3245 1879 partibus
3269 1815 3442 1877 caret,

1871 1905 2207 1974 simplexque
2234 1915 2337 1958 est.
2374 1903 2439 1957 Et
2467 1903 2594 1972 quia
2623 1902 2883 1957 orationis
2905 1916 2996 1956 seu
3033 1914 3252 1970 precum
3289 1913 3442 1953 men-

1872 1997 2071 2052 tionem
2101 1995 2264 2061 l‘ecit,
2300 1996 2530 2064 scriptas
2559 2010 2688 2050 vero
2723 2009 2910 2064 preces
2951 2009 3108 2048 nemo
3146 1991 3442 2062 magistra-

1871 2099 2017 2142 tuum
2046 2088 2290 2158 recipiat,
2324 2089 2415 2143 sed
2454 2087 2603 2143 solus
2637 2087 2929 2155 imperator
2954 2099 3018 2139 ac
3055 2099 3186 2146 rex;
3222 2083 3347 2137 ideo
3372 2090 3428 2136 et

1867 2179 1986 2248 ejus
2012 2179 2098 2234 cui
2143 2178 2412 2248 supplicat
2446 2175 2734 2233 conﬁtetur
2755 2176 3095 2246 dignitatem.
3133 2172 3245 2228 Rea:
3270 2189 3439 2227 meus.

1868 2269 2086 2339 Regnas
2114 2269 2257 2324 enim
2298 2281 2462 2338 super
2489 2268 2896 2337 deprecatorem
2925 2275 2978 2321 et
3001 2280 3163 2336 super
3195 2280 3314 2320 eam
3342 2278 3440 2334 pro

1867 2376 1971 2432 qua
2006 2362 2287 2432 deprecor.
2323 2361 2459 2415 Cum
2509 2368 2688 2415 autem
2719 2358 2929 2414 vocarit
2957 2371 3156 2427 regem,
3184 2370 3250 2409 ne
3281 2364 3438 2424 pute-

1868 2465 1957 2510 tur
1995 2456 2231 2511 hominis
2271 2454 2531 2509 auxilium
2588 2452 2898 2523 implorare,
2950 2450 3241 2507 conﬁtetur
3290 2447 3438 2518 regis

1865 2551 2165 2619 potentiam
2198 2557 2255 2602 et
2306 2548 2686 2604 substantiam.
2748 2546 3017 2601 Praevenit
3069 2544 3333 2598 Thomam
3384 2540 3439 2594 in

1867 2641 2208 2699 confessione
2238 2641 2504 2696 veritatis.
2550 2638 2687 2693 Nam
2722 2638 2862 2693 sicut
2918 2637 3007 2691 ille
3049 2635 3185 2690 dixit
3214 2653 3228 2688 :
3255 2633 3440 2687 Domi-

1866 2751 1964 2788 nus
1998 2750 2141 2788 meus
2167 2740 2218 2788 et
2246 2732 2388 2787 Deus
2413 2749 2556 2787 meus
2581 2731 2626 2763 ⁸³
2656 2769 2673 2795 ,
2706 2744 2881 2798 neque
2914 2737 3199 2785 contentus
3225 2725 3326 2780 fuit
3353 2725 3437 2779 di—

1865 2839 1990 2881 cere
2017 2826 2296 2892 duntaxat,
2325 2824 2575 2878 Dominus
2604 2839 2747 2878 meus
2767 2865 2782 2888 ,
2807 2820 3237 2891 quandoquidem
3273 2817 3440 2872 homo

1866 2930 2080 2987 quoque
2137 2915 2240 2971 hac
2285 2914 2645 2986 appellatione
2697 2914 2892 2983 dignus
2942 2912 3160 2966 habitus
3212 2919 3326 2976 est;
3359 2908 3439 2964 sic

1865 3009 2062 3078 quippe
2086 3009 2151 3062 de
2175 3007 2483 3062 Abrahamo
2511 3006 2688 3060 locuta
2729 3014 2813 3060 est
2845 3005 2976 3059 Sara
3003 3021 3016 3058 :
3055 3002 3306 3056 Dominus
3336 3017 3436 3053 au-

179 3089 248 3144 δὲ
285 3089 501 3158 κύριός
536 3106 656 3158 μου
685 3090 1112 3158 πρεσϐύτερος’
1156 3090 1356 3161 ὁμοίως
1385 3089 1444 3142 δὲ
1470 3091 1564 3145 καὶ
1592 3092 1621 3143 6
1663 3090 1764 3146 Ἰα-

1874 3111 1970 3153 tem
2033 3115 2180 3155 meus
2214 3115 2371 3154 aenea:
2405 3099 2582 3165 est“;
2619 3098 2846 3169 parique
2894 3096 3052 3150 modo
3102 3092 3267 3148 Jacob
3302 3091 3437 3146 dixit

180 3176 296 3230 κὼὸ
342 3177 535 3246 ἔλεγεν
577 3176 656 3246 τῷ
697 3177 906 3249 βεϐήλῳ
947 3178 1149 3231 Ἡσαῦ·
1200 3178 1262 3232 '0
1287 3179 1490 3248 κύριός
1528 3199 1648 3250 μου
1677 3199 1764 3250 γι-

179 3270 424 3335 νώσκει,
458 3267 550 3321 ὅτι
581 3269 653 3323 τὰ
688 3268 895 3322 παιδία
927 3270 1275 3340 ἁπαλώτερα
1297 3286 1312 3301 °
1355 3271 1529 3335 οὐδεὶς
1572 3272 1629 3325 δὲ
1654 3271 1764 3327 τῶν

178 3364 351 3432 ἁγίων
384 3357 573 3415 εἶπενο
613 3362 672 3416 '0
711 3363 841 3426 Θεὸς
878 3363 906 3415 ὁ
949 3363 1059 3418 ἄνω
1095 3382 1218 3434 μου.
1262 3364 1414 3418 Ἐπεὶ
1451 3361 1544 3419 οὖν
1577 3365 1655 3433 τὸ,
1701 3366 1764 3420 '0

178 3457 387 3525 κύριός
419 3472 564 3523 μου,
593 3455 686 3508 καὶ
711 3435 1020 3528 ἀνθρώποις
1044 3456 1260 3527 ἐλέχθη,
1289 3458 1348 3510 οὐ
1385 3458 1542 3528 μόνον
1569 3459 1762 3528 ἁγίοις,

177 3549 311 3602 ἀλλὰ
359 3547 460 3600 και
513 3546 780 3617 βεϐήλοις,
814 3547 987 3612 οὐδεὶς
1031 3548 1087 3601 δὲ
1137 3549 1244 3602 τῶν
1283 3549 1586 3620 ἀνθρώπων
1614 3531 1765 3624 παρά

178 3659 320 3706 τινος
354 3639 468 3694 τῶν
498 3640 670 3708 ἁγίων
699 3641 950 3710 ἤκουσεν,
987 3642 1051 3694 Ὀ
1075 3642 1216 3708 Θεός
1240 3658 1253 3672 ·
1296 3643 1383 3697 ἵνα
1415 3643 1561 3716 δείξῃ
1589 3645 1618 3696 ὁ
1645 3645 1762 3697 Θω-

179 3738 305 3805 μᾶς,
335 3736 424 3789 ὅτι
454 3733 547 3786 τὸν
577 3734 810 3806 Χριστὸν
840 3735 940 3805 οὐχ
973 3734 1047 3798 ὡς
1077 3734 1363 3805 ἄνθρωπον
1400 3735 1762 3807 ὲκυριολόγει,

178 3830 284 3881 ἀλλ’
315 3830 398 3891 ὼς
430 3827 566 3881 Θεὸν
591 3826 862 3898 ὁμολόγει,
883 3827 983 3880 οὐκ
1020 3820 1173 3880 εἶπεν
1203 3828 1408 3894 ἁπλῶς,
1457 3829 1518 3882 '0
1551 3830 1766 3897 Κύριός

177 3939 312 3988 μου,
367 3919 529 3983 ἀλλά,
572 3919 634 3972 '0
681 3919 893 3987 Κύριός
924 3935 1042 3988 μου
1095 3918 1194 3972 καὶ
1246 3923 1278 3973 ὁ
1329 3921 1473 3987 Θεός
1506 3938 1657 3992 μου·
1691 3921 1766 3986 ὡς

177 4012 462 4086 ἀγοράσας
504 4028 574 4082 με
606 4009 682 4080 τῷ
715 4010 1068 4081 ἰδίῳ-αἵματι,
1101 4012 1466 4085 πραθέντατῇ
1501 4014 1762 4086 ἁμαρτίᾳ.

187 4104 250 4156 '0
281 4103 432 4167 Θεός
453 4117 601 4171 μου·
630 4100 706 4165 ὡς
732 4101 924 4172 ἄφεσιν
956 4103 1239 4175 ἁμαρτιῶν
1263 4122 1354 4176 μοι
1378 4106 1762 4177 χαρισάμενος

176 4196 354 4259 οὐδεὶς
399 4194 512 4265 γάρ
538 4191 760 4248 δύναται
812 4195 1030 4264 ἀφιέναι
1080 4197 1371 4268 ἁμαρτίας,
1422 4201 1471 4252 εί
1519 4198 1593 4270 μὴ
1628 4193 1706 4264 εἷς
1737 4201 1766 4252 6

178 4288 333 4352 Θεὸς.
378 4287 443 4341 Ὃ
472 4287 690 4356 Κύριός
709 4304 828 4357 μου
856 4288 954 4341 καὶ
984 4291 1016 4341 ό
1045 4290 1188 4353 Θεός
1206 4305 1324 4356 μου
1351 4305 1364 4351 7
1401 4290 1520 4342 ἀντὶ
1546 4289 1661 4355 τοῦ,
1706 4291 1764 4344 '0

178 4379 450 4450 δεσπότης
484 4395 586 4450 μου
643 4381 737 4434 καὶ
773 4381 802 4433 6
837 4379 1170 4451 δημιουργός
1216 4381 1326 4451 (85)
1380 4400 1502 4453 μου.
1542 4384 1616 4438 Τὸ
1655 4384 1763 4456 γάρ

179 4473 491 4538 δεσπόζειν,
539 4471 748 4526 πολλῶν
780 4474 926 4527 ἐστιν
950 4486 964 4502 ⁸
997 4473 1057 4526 τὸ
1097 4473 1153 4526 δὲ
1193 4474 1563 4546 δημιουργεῖν,
1599 4477 1760 4549 μόνου

177 4565 340 4618 Θεοῦ.
690 4569 692 4572 ’

252 4657 429 4712 Τοῦτο
487 4657 666 4712 τοίνυν
707 4659 813 4728 πρὸ
857 4657 951 4711 τοῦ
1000 4657 1172 4728 Θωμᾶ
1213 4658 1560 4731 ὡμολόγησεν
1612 4661 1705 4714 καὶ
1734 4663 1762 4714 ὁ

179 4751 494 4824 προφήτης.
526 4749 760 4803 Βασιλέα
788 4749 893 4821 γὰρ
921 4749 1011 4804 τὸν
1053 4749 1538 4821 παρακαλούμενον
1572 4753 1760 4816 εἰπὼν,

1868 3189 2096 3261 profano
2143 3189 2335 3255 Esau:
2369 3189 2625 3244 Dominus
2683 3204 2828 3242 meus
2895 3186 2991 3240 scit
3043 3184 3178 3256 quod
3232 3181 3439 3252 parvuli

1864 3291 1983 3336 sunt
2042 3281 2426 3347 teneriores“;
2482 3281 2662 3335 nullus
2724 3293 2856 3334 vero
2913 3285 3225 3331 sanctorum
3278 3273 3435 3334 dixit.

1865 3374 2006 3429 Deus
2035 3374 2273 3430 caelestis
2321 3389 2509 3435 meus;
2546 3373 2693 3442 quia,
2723 3373 2967 3440 inquam,
2995 3368 3149 3432 illud,
3177 3365 3437 3420 Dominus
3503 3369 3510 3376 '

1864 3482 2030 3534 meus,
2061 3466 2224 3521 etiam
2255 3466 2559 3521 hominibus
2593 3465 2797 3520 dictum
2834 3463 2954 3528 fuit,
2989 3476 3096 3516 non
3133 3459 3288 3514 modo
3315 3472 3440 3512 san-

1865 3558 1992 3624 ctis,
2019 3557 2114 3612 sed
2162 3567 2216 3612 et
2259 3557 2538 3628 profanis,
2579 3556 2759 3611 nullus
2791 3567 2973 3611 autem
3025 3555 3186 3609 homo
3227 3567 3257 3606 a
3302 3566 3441 3620 quo-

1864 3665 2025 3721 quam
2065 3659 2373 3706 sanctorum
2415 3650 2604 3716 audiit,
2646 3649 2822 3713 Deus;
2864 3658 2921 3702 ut
2954 3647 3266 3703 ostenderet
3292 3643 3439 3699 Tho-

1866 3759 2006 3809 mas,
2039 3744 2184 3816 quod
2224 3743 2500 3799 Christum
2529 3759 2637 3798 non
2673 3742 2816 3798 velut
2838 3741 3112 3796 hominem
3145 3737 3442 3809 appellaret

1868 3833 2178 3900 Dominum,
2233 3837 2327 3892 sed
2383 3836 2550 3890 Deum
2601 3849 2722 3890 esse
2755 3836 3129 3894 conﬁteretur,
3168 3846 3271 3885 non
3301 3829 3442 3884 dixit

1865 3930 2183 4000 simpliciter
2213 3946 2225 3980 :
2261 3929 2516 3983 Dominus
2561 3943 2706 3981 meus
2727 3968 2742 3994 ,
2771 3928 2886 3992 sed,
2923 3925 3181 3978 Dominus
3213 3939 3356 3978 meus
3390 3931 3440 3976 at

1867 4021 2007 4077 Deus
2051 4037 2235 4085 meus;
2273 4031 2523 4089 tanquam
2564 4018 2656 4088 qui
2694 4017 2972 4072 redemisti
3024 4030 3111 4069 me
3171 4022 3263 4069 tuo
3311 4029 3440 4069 san-

1865 4114 2046 4182 guine,
2074 4113 2441 4170 venundatum
2494 4119 2735 4182 peccato.
2787 4109 2929 4164 Deus
2983 4123 3149 4171 meus,
3186 4116 3439 4173 tanquam

1866 4209 1957 4277 qui
1989 4206 2122 4262 mihi
2153 4206 2382 4276 largitus
2406 4203 2482 4258 sis
2518 4202 2891 4257 remissionem
2931 4208 3294 4268 peccatorum.
3332 4196 3439 4252 Ne-

1867 4313 1956 4354 mo
1980 4299 2124 4354 enim
2143 4296 2610 4367 potestdimittere
2635 4303 2879 4358 peccata,
2908 4292 3011 4347 nisi
3037 4290 3181 4345 solus
3210 4288 3434 4343 Deus“.

1869 4390 2126 4445 Dominus
2172 4404 2317 4442 meus
2353 4397 2399 4440 et
2433 4386 2572 4440 Deus
2627 4403 2795 4451 meus,
2827 4385 3005 4454 quasi,
3044 4381 3225 4437 Herus
3261 4395 3436 4443 meus,

1869 4491 1928 4536 et
1965 4489 2182 4537 creator
2224 4493 2396 4534 meus.
2426 4477 2558 4532 Nam
2589 4477 2778 4532 herum
2808 4491 2950 4542 esse,
2981 4475 3054 4530 ad
3089 4472 3286 4528 multos
3314 4486 3436 4540 per-

1869 4574 2034 4640 tinet;
2068 4586 2256 4627 creare
2285 4580 2486 4633 autem,
2516 4570 2682 4625 solius
2704 4579 2789 4625 est
2829 4569 2942 4623 Dei.

1939 4665 2054 4721 Hoc
2085 4681 2212 4734 ergo
2251 4678 2376 4722 ante
2415 4665 2676 4720 Thomam
2716 4662 2995 4733 professus
3027 4667 3110 4716 est
3150 4657 3435 4729 propheta.

1872 4758 2006 4814 Cum
2038 4759 2180 4815 enim
2216 4772 2338 4814 eum
2371 4769 2531 4825 quem
2567 4755 2795 4825 rogabat
2831 4759 3201 4822 nuncupasset
3231 4762 3436 4819 regem,

252 4913 390 4968 “ill
417 4912 554 4985 Reg.
589 4929 707 4978 vm,
745 4915 834 4969 59.
916 4914 961 4946 ⁸³
988 4913 1143 4970 Joan.
1168 4930 1261 4980 xx,
1292 4915 1383 4969 28.
1461 4917 1507 4948 ⁸⁸
1529 4915 1663 4972 Gen.
1703 4935 1767 4973 xv

1892 4919 1980 4973 12.
2057 4920 2102 4951 ⁸⁸
2131 4919 2268 4975 Gen.
2307 4933 2499 4984 xxxnt,
2533 4919 2618 4972 15.
2713 4917 2758 4949 ⁸⁸
2788 4915 2953 4971 Marc.
2987 4913 3121 4980 tt,'1.

251 5072 371 5143 (8‘2)
423 5071 524 5138 Ὣς
552 5070 713 5143 ,ὁρᾷς
759 5073 1024 5137 ἀκούεις,
1067 5074 1163 5125 καὶ
1212 5073 1293 5139 ὠς
1335 5074 1574 5141 ἀκούεις
1615 5075 1763 5139 ,βλέ-

183 5139 514 5211 πεις.’ριιί;ι
550 5139 688 5208 Deus
724 5154 807 5196 est
847 5152 986 5194 totus
1015 5142 1219 5206 oculus.
1245 5153 1300 5198 et
1333 5153 1481 5198 totus
1515 5139 1758 5210 auditus,

183 5227 331 5269 totus
362 5212 545 5273 audit,
582 5221 637 5264 et
674 5221 816 5265 totus
860 5213 1029 5277 videt,
1071 5212 1221 5275 iuxta
1269 5213 1531 5268 Irenzeum
1579 5214 1672 5268 lib.
1711 5232 1758 5280 ι,

183 5303 304 5353 cap.
332 5284 402 5348 6;
440 5292 496 5336 et
540 5281 631 5335 lib.
666 5297 740 5353 tt,
770 5282 1023 5353 cap.16;
1055 5282 1386 5353 Clementem
1438 5285 1758 5338 Alexandri-

183 5350 348 5420 num,
378 5353 696 5410 Stromateo
723 5352 778 5417 7,
821 5352 1031 5422 p.721;
1082 5350 1343 5406 Hilarium
1393 5355 1452 5407 in
1497 5354 1759 5422 psalmum

180 5440 370 5491 cxxtx,
401 5423 818 5495 compluresque
853 5423 990 5478 alios
1020 5441 1039 5495 _:
1076 5437 1198 5477 cum
1217 5425 1430 5495 quibus
1473 5433 1521 5478 et
1567 5426 1760 5495 junges

188 5492 547 5568 Hippolytum
578 5493 657 5568 De
692 5492 958 5557 Susanna,
1003 5492 1268 5568 Auctarii
1300 5492 1580 5568 novissimi
1608 5492 1767 5568 Com-

191 5562 439 5621 Imlisiabi
494 5580 548 5632 p.
577 5563 666 5626 55,
704 5573 988 5632 postquam
1017 5564 1121 5618 hoc
1147 5562 1309 5617 modo
1337 5564 1728 5619 emaculaveris
1754 5583 1768 5617 :

193 5636 449 5702 Ἔκδικος
472 5635 503 5688 ὁ
532 5633 665 5696 Θεὸς
711 5634 838 5704 περὶ
867 5634 1083 5704 πάντων
1110 5633 1342 5702 γίνεται,
1367 5635 1526 5695 αὐτὸς
1557 5633 1631 5688 ὢν
1654 5635 1771 5698 ὅλος

189 5705 491 5778 ὀφθαλμὸς,
530 5703 793 5778 λανθάνει
819 5704 874 5778 δὲ
905 5703 1100 5778 τοῦτον
1133 5704 1240 5756 τῶν
1270 5707 1332 5778 ,ὲν
1374 5705 1560 5775 κόσμῳ
1602 5723 1772 5774 πρατ-

192 5773 446 5847 τομένων
486 5774 678 5829 οὐδέν·
728 5773 926 5830 Vindex.
958 5786 1028 5830 est
1068 5774 1204 5831 Deus
1244 5776 1307 5829 de
1348 5773 1613 5844 omnibus;
1655 5791 1772 5830 cum

1868 5078 1976 5145 ipse
2000 5079 2067 5132 sit
2098 5087 2236 5134 totus
2264 5078 2467 5140 oculus,
2495 5076 2724 5146 nihilque
2751 5075 2900 5129 illum
2929 5074 3090 5128 lateat
3119 5087 3298 5146 eorum
3321 5089 3440 5146 qua:

1864 5143 1919 5200 in
1955 5150 2149 5201 mundo
2184 5149 2337 5216 ﬁunt.
2373 5143 2660 5212 Perperam
2708 5147 2909 5215 quippe
2952 5145 3156 5216 editum
3195 5143 3325 5216 fuit,
3358 5143 3436 5196 ὣν

1863 5220 1890 5270 ὁ
1935 5219 2092 5285 λόγος
2139 5212 2433 5287 ὀφθαλμός.
2465 5219 2616 5284 Apud
2659 5212 3019 5287 La’ert—itnngin
3067 5212 3437 5281 Xenopltane:

1865 5289 2025 5342 Ὅλον
2075 5285 2228 5359 ὁρᾷν,
2275 5285 2370 5341 καὶ
2418 5287 2538 5359 ὅλον
2591 5285 2842 5359 ἀκούειν’
2903 5285 3062 5359 Totus
3114 5294 3189 5336 est
3225 5299 3432 5359 se_nsn_s,

1863 5367 2002 5480 Istus
2035 5351 2196 5424 visus,
2225 5369 2361 5412 totus
2393 5358 2628 5412 auditus.
2670 5356 2877 5410 Plinius
2901 5356 2993 5408 lib.
3024 5369 3083 5417 tt,
3111 5366 3229 5420 cap.
3260 5352 3318 5417 7,
3355 5351 3438 5407 De

1918 5447 1996 5480 eo.

1918 5447 1996 5484 ϐο.

1938 5499 2049 5571 (85)
2088 5499 2469 5569 Δημιουργός.
2507 5497 2660 5571 Apud
2718 5493 2976 5571 gyrillttm
3011 5492 3432 5571 Alexandrinum

1868 5561 2111 5624 Julianus
2142 5561 2505 5638 Ᾰιιοεὰιίιιξρ.
2553 5561 2656 5622 184
2683 5586 2697 5621 :
2727 5561 2802 5638 Τὸ
2839 5563 2946 5638 τῶν
2988 5563 3293 5638 φιλοσόφων
3336 5561 3434 5638 γέ-

1867 5657 1974 5704 νος,
2006 5642 2066 5692 τὸ
2099 5630 2203 5693 τῶν
2246 5630 2591 5712 στρατηγῶν,
2615 5638 2675 5690 τὸ
2700 5636 2806 5712 τῶν
2841 5630 3206 5706 δημιουργῶν,
3237 5633 3299 5686 τὸ
3329 5630 3449 5687 τῶν.

1871 5712 2196 5783 νομοθετῶν.
2225 5707 2328 5767 Scd
2364 5707 2542 5766 malim
2575 5707 2919 5780 δημηγόρων.
