3892 6272
460 270 571 333 407
1732 276 1791 334 S.
1834 275 2026 334 ASTEI

2145 275 2446 334 nussum
3597 275 3706 346 ωε

461 388 527 442 tis
555 401 708 456 super
730 402 961 442 mensam
996 403 1188 444 meam.
1219 387 1284 443 Et
1312 389 1456 460 quod
1480 388 1625 446 velut
1654 397 2026 447 testamentum

2137 389 2230 453 τὺς
2254 388 2495 456 ἐσθίητε
2544 386 2641 442 καὶ
2684 386 2895 457 πίνητε
2936 386 3036 442 ἐπι
3066 404 3176 456 της
3226 384 3513 457 τραπέζης
3556 403 3704 457 μου.

468 478 703 549 scriptus
749 479 821 534 sit
856 478 1096 548 psalmus
1128 482 1194 535 de
1220 496 1281 537 ea
1313 495 1434 551 quae
1480 480 1847 537 haereditatem
1890 481 2026 546 adit.

2138 480 2250 533 Καὶ
2276 479 2461 550 ἐπειδὴ
2483 477 2558 543 ὡς
2584 478 2816 549 διαθήκη
2842 477 3054 549 ἐγράφη
3087 479 3116 530 6
3169 477 3262 530 ἐπὶ
3295 477 3393 548 τῆς
3445 477 3703 547 κληρονο-

459 568 629 639 legito
675 584 797 625 eum
844 570 1152 640 diligenter,
1186 582 1352 642 atque
1388 574 1440 626 in
1488 587 1553 627 eo
1585 573 1821 643 reperies
1860 570 2026 642 qualis

2138 572 2345 645 μούσης
2375 571 2608 643 ψαλμδς,
2649 568 2922 639 ἀνάγνωθι
2973 568 3134 623 αὐτὸν
3184 569 3447 641 ἀκριϐῶς,
3502 569 3599 623 καὶ
3645 570 3705 624 ὲν

458 675 583 718 esse
608 660 805 717 debeat
833 662 1010 717 anima
1041 662 1233 719 haeres.
1278 663 1453 733 Atque
1497 665 1689 717 iterum
1724 701 1739 716 .
1762 661 1900 718 Ecce
1939 679 2026 733 ego

2133 664 2282 735 αὑτῷ
2312 664 2586 736 εὑρίσκεις
2606 663 2690 717 οἶα
2718 658 2854 717 εἶναι
2892 660 3094 730 ὀφείλει
3122 662 3156 732 ή
3178 659 3508 733 κληρονόμος
3534 659 3704 731 ψυχή.

459 754 679 823 dispono
707 762 1070 809 testamentum
1093 769 1277 808 novum
1306 754 1486 808 domui
1515 753 1720 820 Israel;
1749 772 1854 809 non
1871 755 2026 826 juxta

2132 756 2244 811 Kal.
2267 755 2462 810 πάλιν·
2500 754 2645 811 Ἰδοὺ
2673 754 2789 825 ἐγὼ
2809 752 3132 822 διατίθεμαι
3159 750 3454 819 διαθήκην
3485 749 3703 819 καινὴν

456 838 827 899 testamentum
864 842 1005 912 quod
1034 845 1268 912 disposui
1293 845 1527 914 patribus
1563 847 1741 901 vestris
1781 847 1848 904 ⁷⁸.
1876 846 2034 905 Chri-

458 942 577 988 stus
629 946 753 1011 cum
806 933 1073 1002 disposuit
1126 944 1279 990 vetus
1336 944 1751 1002 testamentum,
1791 944 2032 993 mortuus

458 1039 570 1078 non
614 1033 718 1089 est,
753 1032 808 1078 et
840 1023 1058 1080 Iudaeus
1096 1025 1462 1081 hmreditatem
1512 1041 1619 1081 non
1664 1036 1748 1083 est
1786 1027 2027 1101 adeptus.

456 1114 516 1170 lu
545 1114 893 1184 dispositione
917 1117 1059 1185 {novi
1098 1127 1341 1174 mortuus
1370 1127 1472 1185 est,
1509 1129 1564 1173 et
1591 1118 1830 1174 Ecclesia
1857 1120 2028 1174 hatre-

459 1207 682 1261 ditatem
718 1212 801 1263 est
834 1215 1143 1262 consecuta.
1192 1206 1249 1262 Si
1307 1208 1580 1275 audieris,
1632 1208 1822 1277 frater,
1876 1209 2026 1265 illum

457 1297 548 1365 qui
579 1297 736 1363 obiit,
763 1297 817 1351 in
849 1297 925 1351 tui
963 1298 1189 1367 gratiam
1226 1308 1476 1354 testatum
1506 1315 1649 1366 esse,
1696 1315 1760 1354 ac
1789 1310 1839 1354 te
1867 1300 2026 1355 insti-

459 1387 628 1442 tuisse
659 1388 944 1453 huaredem,
978 1388 1157 1442 statim
1183 1390 1378 1456 curris,
1430 1390 1715 1444 tumultum
1742 1406 1863 1443 cum
1893 1406 2023 1459 gau—

457 1478 545 1532 dio
576 1478 875 1547 conjuugls,
904 1485 957 1531 et
990 1478 1335 1547 agitationem
1359 1480 1552 1534 misces
1578 1495 1697 1534 cum
1727 1480 2021 1545 hilaritate,

455 1578 621 1637 atque
654 1568 941 1639 diligenter
974 1568 1226 1637 inquiris,
1256 1569 1501 1640 publicos
1530 1570 1828 1626 libelliones
1857 1572 2023 1627 inter-

454 1674 634 1729 rogas,
690 1660 946 1728 pecunias
1000 1659 1247 1726 insumis,
1303 1661 1438 1715 emis
1493 1662 1721 1728 tabulas,
1779 1665 2021 1732 exempla

2130 846 2211 912 τῷ
2237 846 2381 911 οῑκῳ
2410 842 2651 912 Ἰσραήλ
2672 861 2686 875 ο
2719 845 2791 897 οὐ
2824 841 2973 896 κατὰ
3025 840 3140 909 τὴν
3165 840 3457 907 διαθήκην
3503 838 3587 907 ἢν
3617 839 3703 893 διο

2131 937 2350 1007 εθέμην
2374 935 2501 1002 τοῖς
2533 934 2830 1003 πατράσιν
2847 931 3033 1003 ὑμῶν.
3052 932 3163 1005 Τὴν
3187 931 3421 986 παλαιὰν
3440 931 3702 1003 διαθήκην

2128 1028 2158 1080 6
2190 1025 2423 1099 Χριστὸς
2454 1024 2767 1096 διαθέμενος
2790 1024 2889 1078 οὐκ
2925 1022 3217 1087 ἀπέθανεν,
3248 1023 3343 1077 καὶ
3385 1023 3415 1076 6
3452 1022 3701 1086 Ἰουδαῖος

2128 1120 2228 1174 οὐκ
2247 1117 2698 1189 ἐκληρονόμησεν.
2735 1117 2845 1189 Τὴν
2895 1117 3088 1189 καινὴν
3137 1115 3453 1186 διαθέμενος
3491 1113 3700 1169 ἀπέθα-

2127 1228 2237 1277 νεν,
2266 1211 2359 1265 καὶ
2382 1210 2721 1281 ήῈκκλησία
2768 1209 2896 1282 ὲκλη
2906 1210 3225 1281 ρονόμησεν.
3249 1206 3376 1262 Ἐἀν
3400 1204 3510 1278 γὰρ
3536 1205 3701 1260 ἀκού-

2129 1315 2247 1373 σῃς
2277 1301 2493 1371 ἀδελφὲ,
2519 1302 2602 1355 ὅτι
2636 1303 2665 1355 6
2697 1301 2846 1356 δεῖνα
2871 1303 2899 1354 ὁ
2924 1299 3209 1356 ἀποθανὼν
3241 1301 3322 1363 είς
3372 1299 3433 1352 σὲ
3469 1297 3700 1364 διέθετο,

2126 1393 2220 1446 καί
2242 1409 2301 1445 σε
2326 1391 2658 1463 κληρονόμον
2678 1392 3024 1463 ὲνεστήσατο,
3056 1390 3256 1455 εὐθέως
3277 1389 3514 1462 τρέχεις,
3542 1388 3700 1460 θόρυ-

2126 1483 2218 1538 6ον
2241 1485 2382 1556 χαρᾷ
2400 1484 2654 1555 κεράσας,
2675 1484 2768 1539 καὶ
2792 1483 2957 1555 ζάλην
2980 1483 3188 1554 γαλήνῃ
3217 1480 3398 1552 μίξας,
3414 1480 3510 1534 καὶ
3537 1496 3698 1550 περι-

2124 1575 2331 1647 εργάζῃ
2380 1575 2639 1647 ἀκριϐῶς,
2681 1574 2778 1629 καὶ
2808 1576 2934 1638 τοὺς
2962 1574 3254 1645 δημοσίους
3280 1570 3698 1643 χαρτοφύλακας

2125 1668 2443 1738 ὲπερωτᾷς,
2486 1666 2579 1719 καὶ
2629 1667 2886 1737 χρήματα
2930 1664 3200 1734 δαπανᾷς,
3256 1662 3352 1717 καὶ
3406 1660 3699 1732 ἀγοράζεις

460 1726 762 1806 testamenti
786 1750 944 1822 petis,
967 1761 1025 1805 ut
1053 1751 1426 1822 corruptibiles
1448 1726 2026 1824 pecuniashaareditate

2131 1726 2453 1830 γράμματα,
2487 1757 2581 1811 καὶ
2614 1726 2923 1829 ἀντίγραφα
2959 1755 3057 1827 τῆς
3077 1726 3342 1825 διαθήκης
3368 1726 3561 1816 αἰτεῖς,
3609 1751 3699 1807 ἵνα

454 1857 713 1912 accipias.
1818 1910 1825 1917 ί

525 1933 625 1989 Hic
651 1949 777 1989 vero
810 1934 897 1990 ubi
925 1933 1173 1991 Christus
1215 1936 1452 1992 moriens
1492 1945 1543 1993 te
1570 1936 1839 1995 btet-edem
1873 1941 2029 1997 insti-

456 2025 579 2090 tuit,
613 2026 702 2080 ubi
732 2034 856 2080 sunt
889 2028 1087 2082 divitiae
1111 2043 1232 2098 quae
1275 2027 1419 2084 furto
1470 2028 1677 2085 auferri
1731 2044 2021 2102 nequeunt,

454 2116 547 2171 ubi
605 2117 888 2173 haereditas
934 2118 1189 2185 ctelestis,
1245 2128 1298 2175 et
1337 2128 1716 2176 testamentum
1768 2138 1873 2179 non
1926 2125 2025 2179 ob-

456 2211 675 2265 noxium
724 2210 939 2277 damno,
989 2211 1226 2279 psalmus
1262 2212 1545 2280 videlicet;
1597 2224 1802 2285 quanto
1857 2217 2026 2287 magis

457 2303 624 2358 debes
661 2302 831 2357 instar
859 2304 1161 2358 testamenti
1201 2304 1257 2358 in
1289 2305 1474 2359 charta
1521 2321 1675 2376 pura,
1721 2307 2027 2364 describere

454 2406 577 2445 eum
614 2393 665 2446 in
717 2392 917 2457 anima,
963 2401 1021 2447 ut
1071 2409 1362 2463 cognoscas
1396 2406 1574 2450 utrum
1616 2396 1681 2450 ad
1741 2406 1792 2452 te
1825 2407 2027 2468 spectet

452 2485 763 2551 haereditas,
799 2486 1004 2540 necne!
1048 2485 1161 2540 Non
1215 2487 1359 2542 enim
1415 2488 1661 2543 absolute
1707 2489 1892 2544 relicta
1943 2499 2027 2546 est

452 2574 762 2642 haereditas,
804 2575 898 2630 sed
933 2576 1032 2629 sub
1060 2584 1206 2631 certa
1240 2576 1563 2633 conditione.
1610 2577 1750 2632 Audi
1797 2580 2028 2648 prophe-

455 2675 566 2720 tam
596 2665 688 2735 qui
711 2665 854 2722 velut
885 2665 1099 2720 tabellio
1123 2667 1317 2722 recitat
1345 2666 1489 2721 illam
1516 2666 1624 2724 Deo
1655 2670 1709 2722 in
1740 2669 2020 2739 proposito

455 2755 686 2827 psalmo,
721 2771 784 2812 ac
816 2756 946 2811 dicit
971 2758 1037 2812 de
1062 2757 1431 2814 exhaaredibus
1463 2771 1481 2811 :
1516 2758 1573 2814 5.
1629 2758 1888 2824 Quoniam
1920 2775 2025 2814 non

454 2847 597 2901 Deus
628 2849 797 2902 volens
822 2849 1148 2919 iniquitatem
1180 2857 1236 2903 tu
1260 2865 1333 2904 es.
1361 2849 1414 2905 6.
1445 2848 1569 2904 Non
1595 2851 1852 2904 habitabit
1866 2850 2024 2920 juxta

456 2958 505 2994 ,δ
528 2940 832 3011 malignus;
868 2956 1028 3017 neque
1052 2942 1425 3009 permanebunt
1469 2942 1652 3011 injusti
1690 2952 1810 2997 ante
1848 2944 2024 2997 oculos

455 3045 594 3086 .aos.
629 3029 681 3086 7.
724 3029 898 3085 Odisti
952 3046 1126 3086 omnes
1177 3032 1267 3102 qui
1316 3044 1599 3101 operantur
1654 3034 2021 3105 iniquitatem;

454 3122 635 3191 perdes
662 3137 842 3177 omnes
881 3122 972 3191 qui
1013 3121 1298 3189 loquuntur
1338 3124 1689 3180 mendacium.
1724 3125 1934 3182 Judaaos
1967 3140 2025 3181 ut

455 3212 584 3267 odio
633 3211 823 3282 dignos
865 3211 1041 3267 fecisti
1073 3214 1427 3281 exhazredes;
1470 3214 1682 3271 Domini
1722 3215 2024 3273 interfecto-

453 3319 565 3370 res,
599 3305 852 3374 quoniam
879 3304 1044 3362 falsos
1080 3314 1243 3363 testes
1274 3317 1524 3363 emerunt
1557 3318 1745 3365 contra
1781 3319 1854 3365 te.
1887 3310 2024 3366 Ecce

455 3396 793 3465 descripsisti
819 3397 1165 3464 exhaeredes;
1192 3397 1374 3464 profer
1443 3402 1666 3472 quinam
1707 3401 2022 3459 haereditate

455 3489 749 3559 potiantur.
790 3488 1064 3557 Quinam?
1090 3489 1431 3546 [hereditatis
1450 3501 1783 3564 symmystae.
1815 3493 1881 3549 Et
1906 3495 2024 3565 qui-

452 3596 580 3636 nam
606 3581 700 3636 hi?
730 3580 930 3639 Omnes
963 3583 1234 3654 discipuli,
1269 3584 1363 3655 qui
1394 3584 1447 3640 in
1480 3584 1646 3640 Deum
1665 3595 1900 3655 sperant.
1932 3586 2021 3641 12.

453 3672 526 3726 Ει
556 3673 876 3727 [tutabantur
920 3689 1095 3728 omnes
1131 3674 1221 3743 qui
1251 3686 1459 3744 sperant
1492 3676 1546 3730 in
1574 3685 1654 3741 te;
1695 3677 1748 3729 in
1775 3686 2021 3732 retensum

454 3762 807 3831 exsultabant,
830 3773 878 3819 et
904 3764 1163 3821 habitabis
1197 3768 1253 3821 in
1276 3767 1366 3822 eis.
1396 3766 1530 3834 Quia
1565 3768 1707 3822 enim
1741 3768 1793 3822 in
1820 3778 1873 3823 te
1900 3779 2025 3824 sunt

453 3871 645 3912 omnes
662 3856 901 3913 thesauri
917 3857 1155 3913 scientia:
1175 3867 1231 3914 et
1251 3858 1528 3930 sapientia:
1546 3859 1618 3923 ",
1640 3858 1691 3913 iu
1718 3858 1823 3914 illis
1843 3869 2022 3914 autem

454 3948 692 4014 habitas,
726 3948 1070 4005 exsultabant
1098 3949 1343 4014 omnino,
1376 3948 1522 4005 velut
1550 3951 1639 4019 qui
1675 3950 1728 4005 in
1762 3960 1813 4006 te
1852 3951 2026 4006 hazre-

456 4040 637 4096 ditate-
668 4041 980 4111 possideant
1011 4055 1236 4111 magnos
1286 4040 1592 4096 thesauros.
1637 4039 1704 4095 In
1741 4043 1897 4111 ﬁnem
1930 4059 2024 4113 pro

452 4149 516 4189 ea
540 4147 657 4200 qua:
694 4132 1051 4187 hereditatem
1079 4133 1437 4202 consequitur.
1480 4132 1548 4188 Et
1589 4134 1810 4203 quinam
1857 4134 2025 4189 haere-

453 4224 589 4281 des?
617 4222 798 4278 Mites.
831 4222 970 4278 Dicit
995 4222 1049 4277 in
1081 4230 1404 4278 testamento
1425 4237 1524 4279 suo
1546 4223 1797 4279 Christus
1827 4242 1843 4278 :
1870 4222 2024 4279 Beati

419 4380 424 4386 _
453 4317 629 4380 mites,
652 4314 899 4385 quoniam
922 4314 1021 4384 ipsi
1051 4314 1355 4368 hwreditate
1381 4314 1715 4384 possidebunt
1739 4325 1932 4369 terram
1952 4316 2021 4371 ⁸⁸.

2132 1851 2233 1922 χρή
2242 1867 2383 1920 ματα
2403 1849 2811 1919 κληρονομήσῃς
2839 1846 3069 1918 φθαρτά.

2214 1939 2471 1994 Ἐνταῦθα
2495 1939 2572 2003 δὲ,
2588 1941 2720 1993 ὅπου
2742 1938 2974 2009 Χριστὸς
3003 1939 3033 1989 6
3051 1934 3336 1991 ἀποθανὼν
3363 1933 3699 2006 κληρονόμον

2133 2050 2192 2087 σε
2218 2032 2564 2103 ὲνεστήσατο,
2594 2033 2726 2084 ὅπου
2752 2029 2979 2092 πλοῦτος
2995 2028 3340 2099 ἀλῄστευτος,
3372 2026 3467 2079 καὶ⁵
3499 2024 3697 2095 κληρο-

2130 2125 2291 2195 νομία
2313 2123 2580 2194 οὐράνιος,
2604 2123 2697 2176 κα)⁸
2710 2122 2940 2193 διαθήκη
2960 2120 3213 2192 ἀζήμιος,
3233 2120 3262 2171 6
3293 2116 3527 2188 ψαλμὸς,
3545 2114 3696 2186 πόσῳ

2100 2215 2331 2287 ,μᾶλλον
2389 2212 2641 2283 ὀφείλεις,
2698 2212 2773 2276 ὡς
2808 2211 3072 2282 διαθήκην
3118 2210 3176 2263 ἐν
3226 2208 3401 2281 χάρτῃ
3446 2205 3691 2277 καθαρῷ,

2133 2303 2479 2378 μεταγράψαι
2507 2302 2665 2357 αὑτὸν
2695 2304 2752 2355 ὲν
2793 2304 2859 2372 τῇ
2893 2299 3059 2371 ψυχῇ,
3094 2301 3182 2353 ἵνα
3201 2298 3349 2369 εῖδῃς
3385 2297 3440 2350 εί
3476 2314 3557 2351 σοι
3592 2296 3694 2367 ἁρ-

2133 2396 2284 2469 μόζει
2316 2399 2349 2468 ἡ
2380 2394 2730 2467 κληρονομία,
2776 2392 2809 2463 ἢ
2839 2390 2933 2445 ob!
2974 2391 3047 2444 Οὐ
3080 2390 3188 2462 γὰρ
3224 2387 3465 2460 ἁπλῶςή
3499 2387 3697 2459 κληροο

2130 2486 2289 2559 νομία
2315 2485 2748 2550 καταλέλειπται,
2779 2481 2893 2536 ἀλλ’
2910 2481 3003 2534 ἐπὶ
3022 2480 3226 2552 αἱρέσει
3243 2479 3469 2550 φανερᾷ.
3500 2479 3695 2530 Ἀκου-

2133 2578 2231 2632 σον
2255 2574 2462 2631 καὶτοῦ
2492 2576 2768 2647 προφήτου
2796 2574 2873 2636 ὡς
2918 2571 3424 2644 συμϐολαιογράφου
3452 2584 3695 2640 παρανα-

2129 2671 2483 2740 γινώσκοντος
2504 2668 2671 2739 αὐτὴν
2700 2666 2777 2739 τῷ
2805 2665 2923 2736 Θεῷ
2940 2666 2995 2719 ὲν
3015 2665 3090 2736 τῷ
3107 2661 3447 2736 προκειμένῳ
3472 2659 3694 2734 ψαλμῷ,

2129 2764 2222 2817 καὶ
2252 2761 2499 2828 λέγοντος
2536 2759 2663 2831 περὶ
2686 2759 2794 2812 τῶν
2831 2757 3324 2828 ἀποκληρονόμωνο
3380 2753 3509 2806 Ὅτι
3555 2751 3692 2821 οὐχί

2131 2853 2273 2921 Θεὸς
2304 2855 2494 2909 θέλων
2538 2852 2795 2922 ἀνομίαν
2824 2850 2906 2904 σὺ
2938 2846 3011 2904 εἴ.
3060 2851 3141 2903 Οὐ
3197 2844 3551 2917 παροικήσει
3592 2859 3699 2899 σοι

2130 2946 2599 3015 πονηρευόμενος
2627 2984 2643 3010 ,
2726 2941 2869 2996 οὐδὲ
2922 2934 3308 3011 διαμενοῦσιν
3368 2935 3697 3006 παράνομοι

2129 3040 2441 3095 κατέναντι
2494 3037 2614 3091 τῶν
2643 3034 2966 3106 ὀφθαλμῶν
2997 3051 3132 3089 σου.
3176 3031 3501 3102 Ἐμίσησας
3544 3028 3697 3083 πάν-

2122 3150 2228 3199 τας
2247 3131 2388 3197 τοὺς
2408 3128 2834 3200 ἐργαζομένους
2854 3127 2969 3196 τὴν
2983 3125 3255 3196 ἀνομίαν,
3276 3122 3524 3187 ἀπολεῖς
3547 3120 3698 3175 πάν-

2120 3241 2227 3288 τας
2254 3221 2394 3288 τοὺς
2421 3219 2762 3285 λαλοῦντας
2808 3217 2876 3272 τὸ
2923 3216 3169 3286 ψεῦδος.
3223 3215 3362 3278 Τοὺς
3410 3212 3697 3275 Ἰουδαίους

2119 3316 2194 3379 ὼς
2228 3313 2486 3386 μισητοὺς
2512 3310 2989 3383 ἀπκληρονὸμους
3015 3308 3298 3380 ἐποίησας,
3348 3305 3475 3369 τοὺς
3503 3305 3699 3374 Κυριο-

2121 3408 2372 3470 κτὸνους·
2396 3407 2477 3459 ὃτι
2513 3405 2793 3477 μάρτυρας
2825 3402 3039 3473 ψευδεῖς
3090 3398 3230 3453 κατὰ
3259 3396 3354 3452 σοῦ
3388 3394 3692 3467 ἠγόρασαν.

2135 3497 2264 3551 Ἰδοὺ
2287 3489 2441 3559 οὗτος
2459 3493 2935 3565 ἀποκληρονόμους
2962 3488 3123 3554 εἶπας
3144 3506 3159 3522 ο
3189 3486 3309 3541 εἰπὲ
3340 3486 3486 3549 τίνες
3515 3486 3564 3538 οἱ
3589 3483 3701 3554 τῆς

2121 3588 2483 3661 κληρονομίας
2510 3584 2936 3647 ἀπολαύσαντες.
2967 3582 3155 3648 Τίνες;
3190 3581 3251 3634 Οἱ
3296 3579 3397 3650 τῆς
3430 3577 3694 3648 κληρονο-

2126 3683 2253 3753 μίας
2282 3679 2615 3752 συμμύσται.
2643 3677 2755 3731 Καὶ
2786 3676 2928 3741 τίνες
2951 3669 3131 3740 οὗτοι;
3172 3669 3427 3743 Μαθηταὶ
3470 3668 3696 3733 πάντες

2121 3776 2171 3828 oi
2225 3772 2318 3825 ἐπὶ
2341 3772 2432 3825 τὸν
2473 3770 2605 3824 Θεὸν
2634 3768 2965 3832 ἐλπίζοντες.
3002 3764 3117 3820 Kal
3170 3759 3699 3833 εὐφρανθήσονται

2123 3864 2343 3930 πάντες
2377 3867 2430 3919 οι
2467 3860 2811 3927 ἐλπίζοντες
2841 3858 2940 3913 ἐπὶ
2969 3858 3071 3912 σοί
3096 3873 3113 3891 ο
3147 3859 3236 3923 είς
3280 3853 3465 3909 αἰῶνα
3507 3852 3699 3921 ἀταλ-

2123 3953 2455 4020 λιάσονται,
2489 3954 2588 4009 καί
2615 3949 3105 4020 κατασκηνώσεις
3128 3949 3197 4004 ἐν
3216 3946 3439 4012 αὐτοῖς.
3477 3942 3700 4015 Ἐπειδὴ

2124 4049 2232 4119 γὰρ
2253 4048 2311 4101 ὲν
2345 4046 2427 4100 σοί
2447 4047 2584 4100 εἰσιν
2614 4047 2814 4109 πάντες
2839 4047 2887 4098 οἱ
2916 4042 3182 4114 θησαυροὶ¹
3206 4040 3306 4111 τῆς
3326 4037 3580 4108 γνώσεως
3602 4036 3702 4089 καὶ

2122 4140 2221 4211 τῆς
2252 4137 2462 4208 σοφίας,
2500 4140 2558 4192 ἐν
2588 4138 2775 4198 αὐτοῖς
2811 4135 2867 4189 δὲ
2898 4136 3262 4205 κατασκηνοϊς
3283 4172 3298 4197 ,
3334 4128 3701 4200 ἀγαλλιῶνται

2122 4228 2317 4293 διόλου,
2346 4228 2423 4292 ὡς
2445 4229 2502 4283 ὲν
2526 4228 2608 4282 σοὶ
2641 4225 3099 4299 κληρονομοῦντες
3147 4224 3273 4287 τοὺς
3303 4221 3572 4294 μεγάλους
3601 4218 3703 4292 θη-

2125 4320 2377 4393 σαυρούς.
2409 4322 2515 4386 Εἰς
2559 4321 2626 4373 τὸ
2652 4319 2825 4383 τέλος
2856 4318 3010 4386 ὑπὲρ
3046 4315 3156 4384 τῆς
3179 4313 3700 4384 κληρονομούσης.

454 4407 519 4463 Si
554 4408 710 4462 mites
758 4406 997 4461 haeredes
1027 4414 1191 4472 sunt,
1233 4406 1307 4461 ab
1343 4408 1658 4462 haereditate
1697 4408 1878 4474 alieni,
1929 4410 2018 4479 qui

2127 4412 2236 4466 Kal.
2265 4411 2408 4474 τίνες
2440 4411 2489 4464 οἱ
2534 4408 2894 4481 κληρονόμοι;
2930 4408 2994 4460 υἱ
3024 4407 3220 4478 πραεῖς
3258 4402 3389 4474 (87).
3442 4400 3606 4468 Λέγει
3638 4400 3704 4451 ἐν

452 4501 523 4554 ad
547 4499 682 4554 iram
713 4505 770 4553 et
790 4498 1215 4569 indignationem
1235 4500 1388 4568 proni
1420 4510 1545 4554 sunt
1573 4515 1637 4555 ac
1660 4514 2026 4570 percussores.

447 4590 564 4646 Pro
603 4606 666 4644 ea
706 4605 823 4658 quoe
858 4590 1219 4645 hereditatem.
1264 4593 1616 4658 consequitur.
1674 4591 1802 4657 Quae
1851 4594 2027 4647 anima

450 4682 672 4739 haeres?
699 4682 829 4748 Quae
858 4696 1125 4753 pauperes
1155 4683 1305 4748 aluit,
1339 4698 1404 4738 ac
1434 4699 1531 4754 per
1573 4699 1837 4753 pauperes
1876 4685 2031 4740 Chri-

451 4785 617 4833 stum.
649 4772 769 4845 lpse
789 4776 867 4830 ait
900 4792 914 4829 :
944 4774 1147 4841 Venite,
1171 4774 1426 4830 benedicti
1463 4773 1643 4830 Patris
1682 4778 1802 4839 mei,
1843 4778 1896 4831 in
1918 4779 2028 4832 bte-

450 4866 671 4920 reditate
694 4867 952 4936 possidete
977 4875 1221 4935 paratum
1261 4866 1401 4920 vobis
1430 4882 1661 4936 regnum.
1699 4868 1836 4935 Quid
1876 4870 2018 4923 enim

452 4957 547 5010 tibi
613 4955 864 5021 fecimus,
926 4954 1201 5010 hazredes?
1262 4955 1495 5019 Esurivi,
1537 4968 1584 5011 et
1627 4958 1842 5013 dedistis
1888 4960 2021 5011 mihi

450 5046 772 5101 manducare
805 5062 824 5100 :
860 5045 1017 5108 silici,
1069 5056 1118 5100 et
1174 5044 1386 5100 dedistis
1432 5046 1560 5101 mihi
1615 5048 1832 5114 bibere;
1861 5060 2021 5119 atque

450 5139 682 5208 reliqua.
715 5137 967 5205 Quandiu
1007 5138 1204 5208 fecistis
1244 5140 1339 5193 uni
1367 5139 1433 5194 de
1468 5140 1550 5194 his
1598 5140 1845 5206 minimis,
1894 5142 2022 5196 mihi

521 5256 568 5291 "
600 5254 804 5326 {erem.
837 5270 988 5322 χχιι,
1034 5254 1124 5319 51,
1159 5254 1251 5310 52.
1324 5255 1371 5289 ⁸ο
1395 5256 1509 5313 Col.
1542 5272 1603 5321 ιι,
1636 5257 1689 5311 3.
1763 5258 1808 5289 ⁸¹
1838 5256 2025 5312 Matth.
2057 5272 2110 5323 ν,

523 5348 637 5421 (877)
667 5351 733 5421 Oi
791 5349 1017 5421 πραεῖς.
1064 5346 1222 5421 Quia,
1277 5358 1360 5421 ut_
1378 5349 1473 5421 ait_
1505 5347 1749 5421 Cyrinus
1768 5348 1835 5421 ad
1860 5349 2019 5421 Joan.

451 5417 551 5483 vn,
575 5417 664 5482 33,
697 5419 779 5473 δεῖ
800 5417 1027 5492 θορύὸου
1050 5418 1250 5492 παντὸς
1280 5417 1389 5492 καὶΔ
1406 5418 1513 5470 τῶν
1540 5417 1786 5492 ᾂξρργῆς
1812 5417 2024 5492 ἀτιθάσς

454 5508 564 5561 σων
591 5486 907 5561 κινημάτων
958 5490 1062 5557 ἔξω
1093 5487 1305 5561 κεῖσθαι
1343 5486 1721 5561 τὸν-,φιλόθεον
1745 5486 1896 5561 νοῦν,
1932 5489 2023 5540 καὶ

452 5559 639 5661 ὥσπερ
661 5557 781 5614 τινὰ
808 5561 1066 5661 κυμάιτων
1092 5557 1289 5661 ἀργίαν
1303 5557 1540 5661 Α’(ιέιειιίιιι
1587 5557 1807 5661 ἀγρίακζ)
1839 5560 2024 5611 ἐπεισ-

453 5646 556 5661 orna
598 5648 624 5661 ιι
664 5634 954 5661 καλ-ιμρτρ
991 5649 1040 5661 Α..
1074 5646 1130 5661 nu
1170 5646 1190 5661 ε
1219 5644 1299 5661 un-
1396 5644 1429 5661 ν
1494 5644 1763 5661 ruunt-unm:
1792 5647 1855 5661 ηρ
1889 5646 2017 5661 ml",

453 5626 624 5698 φορὰν
663 5626 1045 5704 παραιτεῖσθαι
1074 5626 1246 5737 sit).er
1268 5626 1430 5680 τάὲκ
1493 5626 1855 5698 μικροψυχίας
1888 5646 2023 5699 συμ-

454 5698 701 5737 Εηίυηυειιη
756 5702 1005 5737 υνιυέοηυρ
1056 5700 1084 5737 κ
1159 5696 1343 5737 {im-trs!)
1377 5697 1574 5737 ,τιίδῖηιβ
1608 5699 1886 5737 inﬁmam
1914 5704 2022 5737 om?»

454 5696 723 5769 ϐαίνοντα,
745 5696 1005 5773 ’νηνέμοις
1056 5696 1111 5753 δὲ
1159 5696 1343 5767 ὥσπερ
1377 5697 1574 5761 εὐδίαις
1594 5696 1891 5770 ἐφήδεσθαι
1914 5696 2022 5763 τοῖς

2128 4502 2195 4571 τῇ
2232 4499 2462 4569 διαθήκῃ
2500 4497 2665 4552 αὑτοῦ
2705 4498 2733 4550 6
2758 4495 2990 4568 Χριστός
3010 4509 3025 4525 ³
3053 4494 3342 4561 Μακάριοι
3373 4492 3426 4544 oi
3465 4487 3700 4558 πραεῖς,

2127 4591 2217 4645 ὅτι
2265 4589 2437 4644 αὐτοὶ
2493 4587 3032 4658 κληρονομήσουσι
3059 4583 3173 4652 τὴν
3208 4584 3344 4654 γῆν.
3407 4582 3472 4636 Εἰ
3501 4582 3702 4651 πραεῖς

2126 4681 2475 4753 κληρονόμοι,
2502 4681 2551 4734 οἱ
2574 4679 2781 4752 ὀργίλοι
2805 4679 2943 4744 ξένοι
2974 4679 3074 4748 τῆς
3112 4674 3495 4746 κληρονομίας,
3526 4673 3623 4726 καὶ
3648 4671 3704 4725 οζ

2127 4773 2347 4846 θυμικοὶ
2374 4773 2468 4827 καὶ
2512 4773 2767 4845 πλῆκται.
2810 4771 2990 4839 Ὑπὲρ
3017 4767 3128 4837 τῆς
3173 4764 3701 4835 κληρονομΟὐσης.

2124 4866 2232 4921 Καὶ
2256 4867 2342 4930 τίς
2374 4868 2408 4938 ή
2432 4865 2764 4937 κληρονόμος
2790 4864 2933 4934 ψυχή
2960 4880 2975 4928 ;
3044 4862 3107 4915 Ἦ
3137 4860 3377 4929 πένητας
3425 4854 3700 4926 θρέψασα,

2126 4958 2222 5012 καὶ
2248 4958 2337 5013 διὰ
2352 4956 2459 5010 τῶν
2486 4958 2730 5029 πενήτων
2756 4955 2847 5008 τὸν
2876 4953 3128 5027 Χριστόν.
3158 4951 3326 5014 Αὐτὸς
3350 4947 3519 5015 λέγει’
3554 4945 3704 4999 A817-

2125 5065 2209 5114 τε,
2238 5051 2293 5102 oi
2341 5048 2731 5117 εὐλογημένοι
2759 5046 2867 5100 τοῦ
2897 5045 3125 5113 Πατρός
3144 5061 3284 5112 μου,
3325 5037 3704 5107 κληρονομή-

2126 5155 2273 5194 σατε
2298 5139 2414 5209 τὴν
2434 5136 2883 5209 ἠτοιμασιιένην
2912 5136 3056 5207 ὑμῖν
3101 5134 3448 5200 βασιλείαν.
3487 5130 3555 5184 Τί
3589 5130 3704 5200 γάρ

2137 5258 2191 5311 4.

2128 5351 2193 5402 ὲκ
2223 5350 2534 5420 πραΰτητος
2557 5349 2852 5418 λογισμοῖς.
2910 5343 3069 5420 Decet
3097 5342 3328 5397 animum
3386 5338 3486 5393 Dei
3509 5347 3702 5420 amari:

2128 5429 2226 5473 tem
2253 5414 2474 5487 positum
2502 5435 2610 5471 esse
2632 5414 2787 5471 extra
2840 5416 3119 5469 tumultum
3159 5428 3388 5487 omnem,
3421 5414 3702 5487 motusque

2126 5492 2221 5543 irae
2253 5481 2512 5553 immites;
2538 5506 2601 5560 ac
2646 5487 2798 5541 ueluti
2846 5487 3098 5555 ﬂuctuum
3147 5482 3365 5560 [eroeem
3393 5481 3701 5560 __quemd_qns

2127 5560 2371 5626 impetum
2398 5576 2458 5613 ea
2482 5558 2695 5625 reficere
2723 5554 2970 5628 qrtre'prte
3001 5554 3188 5628 mentis
3216 5554 3460 5620 angustia
3482 5554 3700 5628 contis}-

2128 5615 2273 5696 gunt,
2312 5639 2463 5697 atque
2486 5615 2773 5681 mansuetis
2822 5615 3244 5694 cogitationibus,
3285 5615 3379 5674 ceu
3402 5615 3697 5687 tranquilla

2127 5701 2397 5755 serenitate
2422 5697 2682 5754 delectari.
