  <div class='ocr_page' id='page_1' title='image "/cluster/home/n/w/nwhite01/storage/ocr_20150623/40/hvd.32044073501850/213.png"; bbox 0 0 3892 6272; ppageno 0'>
   <div class='ocr_carea' id='block_1_1' title="bbox 487 308 3720 369">
    <p class='ocr_par' dir='ltr' id='par_1_1' title="bbox 487 308 3720 369">
     <span class='ocr_line' id='line_1_1' title="bbox 487 308 3720 369; baseline -0.001 -4"><span class='ocrx_word' id='word_1_1' title='bbox 487 310 589 365; x_wconf 76' lang='grc'><strong>411</strong></span> <span class='ocrx_word' id='word_1_2' title='bbox 1754 312 1812 369; x_wconf 86' lang='lat' dir='ltr'><strong>S.</strong></span> <span class='ocrx_word' id='word_1_3' title='bbox 1846 310 2118 366; x_wconf 80' lang='lat' dir='ltr'><strong>AS&#39;I‘ERII</strong></span> <span class='ocrx_word' id='word_1_4' title='bbox 2163 311 2452 369; x_wconf 73' lang='lat' dir='ltr'><strong>AMASENI</strong></span> <span class='ocrx_word' id='word_1_5' title='bbox 3609 308 3720 363; x_wconf 74' lang='lat' dir='ltr'><strong>H2</strong></span> 
     </span>
    </p>
   </div>
   <div class='ocr_carea' id='block_1_2' title="bbox 482 420 2059 500">
    <p class='ocr_par' dir='ltr' id='par_1_2' title="bbox 482 420 2051 492">
     <span class='ocr_line' id='line_1_2' title="bbox 482 420 2051 492; baseline 0.001 -14"><span class='ocrx_word' id='word_1_6' title='bbox 482 420 766 478; x_wconf 85' lang='lat' dir='ltr'><strong>rannidem</strong></span> <span class='ocrx_word' id='word_1_7' title='bbox 808 421 1022 492; x_wconf 81' lang='lat' dir='ltr'><strong>spirans</strong></span> <span class='ocrx_word' id='word_1_8' title='bbox 1048 423 1236 478; x_wconf 88' lang='lat' dir='ltr'><strong>charta</strong></span> <span class='ocrx_word' id='word_1_9' title='bbox 1285 423 1479 480; x_wconf 88' lang='lat' dir='ltr'><strong>evertit</strong></span> <span class='ocrx_word' id='word_1_10' title='bbox 1509 432 1912 482; x_wconf 68' lang='lat' dir='ltr'><strong>testamentum.</strong></span> <span class='ocrx_word' id='word_1_11' title='bbox 1953 426 2051 482; x_wconf 81' lang='lat' dir='ltr'><strong>Hic</strong></span> 
     </span>
    </p>
   </div>
   <div class='ocr_carea' id='block_1_3' title="bbox 2161 420 3718 500">
    <p class='ocr_par' dir='ltr' id='par_1_3' title="bbox 2161 421 3718 500">
     <span class='ocr_line' id='line_1_3' title="bbox 2161 421 3718 500; baseline -0.004 -18"><span class='ocrx_word' id='word_1_12' title='bbox 2161 429 2327 482; x_wconf 77' lang='grc' dir='ltr'>πνέων</span> <span class='ocrx_word' id='word_1_13' title='bbox 2357 426 2458 500; x_wconf 67' lang='grc' dir='ltr'>τὴν</span> <span class='ocrx_word' id='word_1_14' title='bbox 2499 425 2759 498; x_wconf 80' lang='grc' dir='ltr'><strong>διαθήκην</strong></span> <span class='ocrx_word' id='word_1_15' title='bbox 2797 423 3108 497; x_wconf 77' lang='grc' dir='ltr'>ἀνέτρεψεν.</span> <span class='ocrx_word' id='word_1_16' title='bbox 3147 421 3428 484; x_wconf 81' lang='grc' dir='ltr'>,Ἐνταῦθα</span> <span class='ocrx_word' id='word_1_17' title='bbox 3472 422 3549 488; x_wconf 79' lang='grc' dir='ltr'>δὲ,</span> <span class='ocrx_word' id='word_1_18' title='bbox 3578 423 3718 476; x_wconf 78' lang='grc' dir='ltr'>ὅπου</span> 
     </span>
    </p>
   </div>
   <div class='ocr_carea' id='block_1_4' title="bbox 481 513 2059 591">
    <p class='ocr_par' dir='ltr' id='par_1_4' title="bbox 481 514 2048 584">
     <span class='ocr_line' id='line_1_4' title="bbox 481 514 2048 584; baseline 0.004 -16"><span class='ocrx_word' id='word_1_19' title='bbox 481 526 614 569; x_wconf 73' lang='grc' dir='ltr'>νει-ο</span> <span class='ocrx_word' id='word_1_20' title='bbox 642 514 728 568; x_wconf 91' lang='lat' dir='ltr'><strong>ubi</strong></span> <span class='ocrx_word' id='word_1_21' title='bbox 775 522 860 570; x_wconf 85' lang='lat' dir='ltr'><strong>est</strong></span> <span class='ocrx_word' id='word_1_22' title='bbox 896 514 1186 570; x_wconf 69' lang='lat' dir='ltr'><strong>haereditas</strong></span> <span class='ocrx_word' id='word_1_23' title='bbox 1232 515 1384 570; x_wconf 82' lang='lat' dir='ltr'><strong>ﬁrma</strong></span> <span class='ocrx_word' id='word_1_24' title='bbox 1429 526 1484 573; x_wconf 89' lang='lat' dir='ltr'><strong>et</strong></span> <span class='ocrx_word' id='word_1_25' title='bbox 1534 518 1906 584; x_wconf 89' lang='lat' dir='ltr'><strong>immutabilis,</strong></span> <span class='ocrx_word' id='word_1_26' title='bbox 1958 521 2048 575; x_wconf 91' lang='lat' dir='ltr'><strong>ubi</strong></span> 
     </span>
    </p>
   </div>
   <div class='ocr_carea' id='block_1_5' title="bbox 2161 513 3720 591">
    <p class='ocr_par' dir='ltr' id='par_1_5' title="bbox 2161 513 3720 591">
     <span class='ocr_line' id='line_1_5' title="bbox 2161 513 3720 591; baseline -0.004 -19"><span class='ocrx_word' id='word_1_27' title='bbox 2161 521 2178 591; x_wconf 69' lang='grc' dir='ltr'>ί]</span> <span class='ocrx_word' id='word_1_28' title='bbox 2210 518 2538 591; x_wconf 80' lang='grc' dir='ltr'><strong>κληρονομία</strong></span> <span class='ocrx_word' id='word_1_29' title='bbox 2576 517 2764 589; x_wconf 73' lang='grc' dir='ltr'>βεϐαία</span> <span class='ocrx_word' id='word_1_30' title='bbox 2793 517 2886 571; x_wconf 84' lang='grc' dir='ltr'><strong>καὶ</strong></span> <span class='ocrx_word' id='word_1_31' title='bbox 2917 513 3268 586; x_wconf 83' lang='grc' dir='ltr'>ἀμετάθετος,</span> <span class='ocrx_word' id='word_1_32' title='bbox 3310 515 3444 567; x_wconf 84' lang='grc' dir='ltr'>ὅπου</span> <span class='ocrx_word' id='word_1_33' title='bbox 3483 513 3720 568; x_wconf 88' lang='grc' dir='ltr'>διατιθέ-</span> 
     </span>
    </p>
   </div>
   <div class='ocr_carea' id='block_1_6' title="bbox 487 604 2059 682">
    <p class='ocr_par' dir='ltr' id='par_1_6' title="bbox 487 604 2051 680">
     <span class='ocr_line' id='line_1_6' title="bbox 487 604 2051 680; baseline 0.004 -22"><span class='ocrx_word' id='word_1_34' title='bbox 487 613 712 660; x_wconf 87' lang='lat' dir='ltr'><strong>testator</strong></span> <span class='ocrx_word' id='word_1_35' title='bbox 738 604 1005 673; x_wconf 82' lang='lat' dir='ltr'><strong>Christus,</strong></span> <span class='ocrx_word' id='word_1_36' title='bbox 1039 614 1423 662; x_wconf 80' lang='lat' dir='ltr'><strong>testamentum</strong></span> <span class='ocrx_word' id='word_1_37' title='bbox 1473 608 1846 680; x_wconf 78' lang='lat' dir='ltr'><strong>Evangelium,</strong></span> <span class='ocrx_word' id='word_1_38' title='bbox 1885 620 2051 665; x_wconf 83' lang='lat' dir='ltr'><strong>testes</strong></span> 
     </span>
    </p>
   </div>
   <div class='ocr_carea' id='block_1_7' title="bbox 2161 604 3718 682">
    <p class='ocr_par' dir='ltr' id='par_1_7' title="bbox 2161 604 3718 682">
     <span class='ocr_line' id='line_1_7' title="bbox 2161 604 3718 682; baseline -0.004 -19"><span class='ocrx_word' id='word_1_39' title='bbox 2161 629 2310 681; x_wconf 78' lang='grc' dir='ltr'>μενος</span> <span class='ocrx_word' id='word_1_40' title='bbox 2357 613 2388 666; x_wconf 86' lang='grc' dir='ltr'><strong>ό</strong></span> <span class='ocrx_word' id='word_1_41' title='bbox 2430 609 2682 682; x_wconf 76' lang='grc' dir='ltr'>Χριστὸς,</span> <span class='ocrx_word' id='word_1_42' title='bbox 2729 610 2822 663; x_wconf 78' lang='grc' dir='ltr'><strong>καὶ</strong></span> <span class='ocrx_word' id='word_1_43' title='bbox 2861 607 3092 679; x_wconf 80' lang='grc' dir='ltr'><strong>διαθήκη</strong></span> <span class='ocrx_word' id='word_1_44' title='bbox 3136 606 3196 660; x_wconf 84' lang='grc' dir='ltr'>τὸ</span> <span class='ocrx_word' id='word_1_45' title='bbox 3233 604 3580 674; x_wconf 83' lang='grc' dir='ltr'>Εὑαγγέλιον,</span> <span class='ocrx_word' id='word_1_46' title='bbox 3619 605 3718 658; x_wconf 70' lang='grc' dir='ltr'>καὶ</span> 
     </span>
    </p>
   </div>
   <div class='ocr_carea' id='block_1_8' title="bbox 483 694 2059 774">
    <p class='ocr_par' dir='ltr' id='par_1_8' title="bbox 483 698 2050 768">
     <span class='ocr_line' id='line_1_8' title="bbox 483 698 2050 768; baseline 0.004 -18"><span class='ocrx_word' id='word_1_47' title='bbox 483 699 750 767; x_wconf 81' lang='lat' dir='ltr'><strong>apostoli;</strong></span> <span class='ocrx_word' id='word_1_48' title='bbox 797 698 884 751; x_wconf 91' lang='lat' dir='ltr'><strong>ubi</strong></span> <span class='ocrx_word' id='word_1_49' title='bbox 929 699 1126 752; x_wconf 68' lang='lat' dir='ltr'><strong>coelum</strong></span> <span class='ocrx_word' id='word_1_50' title='bbox 1165 714 1287 753; x_wconf 91' lang='lat' dir='ltr'><strong>cum</strong></span> <span class='ocrx_word' id='word_1_51' title='bbox 1323 698 1478 754; x_wconf 89' lang='lat' dir='ltr'><strong>bonis</strong></span> <span class='ocrx_word' id='word_1_52' title='bbox 1525 701 1660 766; x_wconf 86' lang='lat' dir='ltr'><strong>suis,</strong></span> <span class='ocrx_word' id='word_1_53' title='bbox 1699 704 1821 768; x_wconf 77' lang='lat' dir='ltr'><strong>quae</strong></span> <span class='ocrx_word' id='word_1_54' title='bbox 1867 702 2050 757; x_wconf 81' lang='lat' dir='ltr'><strong>oculus</strong></span> 
     </span>
    </p>
   </div>
   <div class='ocr_carea' id='block_1_9' title="bbox 2161 694 3718 774">
    <p class='ocr_par' dir='ltr' id='par_1_9' title="bbox 2161 694 3718 774">
     <span class='ocr_line' id='line_1_9' title="bbox 2161 694 3718 774; baseline -0.005 -19"><span class='ocrx_word' id='word_1_55' title='bbox 2161 701 2425 774; x_wconf 74' lang='grc' dir='ltr'>μάρτυρες</span> <span class='ocrx_word' id='word_1_56' title='bbox 2454 704 2500 754; x_wconf 86' lang='lat' dir='ltr'><strong>oi</strong></span> <span class='ocrx_word' id='word_1_57' title='bbox 2529 700 2834 754; x_wconf 83' lang='grc' dir='ltr'><strong>ἀπόστολοι·</strong></span> <span class='ocrx_word' id='word_1_58' title='bbox 2857 701 2987 754; x_wconf 82' lang='grc' dir='ltr'>ὅπου</span> <span class='ocrx_word' id='word_1_59' title='bbox 3016 698 3239 770; x_wconf 82' lang='grc' dir='ltr'>οὐρανὸς</span> <span class='ocrx_word' id='word_1_60' title='bbox 3265 697 3358 750; x_wconf 77' lang='grc' dir='ltr'>καὶ</span> <span class='ocrx_word' id='word_1_61' title='bbox 3383 696 3452 750; x_wconf 79' lang='grc' dir='ltr'>τὰ</span> <span class='ocrx_word' id='word_1_62' title='bbox 3479 698 3535 751; x_wconf 80' lang='grc' dir='ltr'><strong>ἐν</strong></span> <span class='ocrx_word' id='word_1_63' title='bbox 3565 694 3718 767; x_wconf 78' lang='grc' dir='ltr'>αὐτῷ</span> 
     </span>
    </p>
   </div>
   <div class='ocr_carea' id='block_1_10' title="bbox 481 789 2053 854">
    <p class='ocr_par' dir='ltr' id='par_1_10' title="bbox 481 789 2053 854">
     <span class='ocr_line' id='line_1_10' title="bbox 481 789 2053 854; baseline 0.003 -12"><span class='ocrx_word' id='word_1_64' title='bbox 481 805 589 842; x_wconf 80' lang='lat' dir='ltr'><strong>non</strong></span> <span class='ocrx_word' id='word_1_65' title='bbox 624 789 772 854; x_wconf 91' lang='lat' dir='ltr'><strong>vidit,</strong></span> <span class='ocrx_word' id='word_1_66' title='bbox 795 805 886 844; x_wconf 90' lang='lat' dir='ltr'><strong>nec</strong></span> <span class='ocrx_word' id='word_1_67' title='bbox 908 791 1052 844; x_wconf 92' lang='lat' dir='ltr'><strong>auris</strong></span> <span class='ocrx_word' id='word_1_68' title='bbox 1079 792 1298 854; x_wconf 87' lang='lat' dir='ltr'><strong>audivit,</strong></span> <span class='ocrx_word' id='word_1_69' title='bbox 1318 807 1410 844; x_wconf 87' lang='lat' dir='ltr'><strong>nec</strong></span> <span class='ocrx_word' id='word_1_70' title='bbox 1432 791 1486 846; x_wconf 90' lang='lat' dir='ltr'><strong>in</strong></span> <span class='ocrx_word' id='word_1_71' title='bbox 1509 807 1601 845; x_wconf 88' lang='lat' dir='ltr'><strong>cor</strong></span> <span class='ocrx_word' id='word_1_72' title='bbox 1621 794 1848 846; x_wconf 79' lang='lat' dir='ltr'><strong>hominis</strong></span> <span class='ocrx_word' id='word_1_73' title='bbox 1871 809 2053 847; x_wconf 86' lang='lat' dir='ltr'><strong>ascen—</strong></span> 
     </span>
    </p>
   </div>
   <div class='ocr_carea' id='block_1_11' title="bbox 485 880 2052 955">
    <p class='ocr_par' dir='ltr' id='par_1_11' title="bbox 485 880 2052 955">
     <span class='ocr_line' id='line_1_11' title="bbox 485 880 2052 955; baseline 0.004 -23"><span class='ocrx_word' id='word_1_74' title='bbox 485 880 715 944; x_wconf 87' lang='lat' dir='ltr'><strong>derunt,</strong></span> <span class='ocrx_word' id='word_1_75' title='bbox 776 897 894 951; x_wconf 77' lang='lat' dir='ltr'><strong>quae</strong></span> <span class='ocrx_word' id='word_1_76' title='bbox 958 883 1269 951; x_wconf 77' lang='lat' dir='ltr'><strong>praeparavit</strong></span> <span class='ocrx_word' id='word_1_77' title='bbox 1340 884 1477 938; x_wconf 91' lang='lat' dir='ltr'><strong>Deus</strong></span> <span class='ocrx_word' id='word_1_78' title='bbox 1540 885 1605 938; x_wconf 89' lang='lat' dir='ltr'><strong>iis</strong></span> <span class='ocrx_word' id='word_1_79' title='bbox 1671 889 1762 954; x_wconf 89' lang='lat' dir='ltr'><strong>qui</strong></span> <span class='ocrx_word' id='word_1_80' title='bbox 1827 885 2052 955; x_wconf 85' lang='lat' dir='ltr'><strong>diligunt</strong></span> 
     </span>
    </p>
   </div>
   <div class='ocr_carea' id='block_1_12' title="bbox 486 971 2057 1042">
    <p class='ocr_par' dir='ltr' id='par_1_12' title="bbox 486 971 2057 1042">
     <span class='ocr_line' id='line_1_12' title="bbox 486 971 2057 1042; baseline 0.006 -21"><span class='ocrx_word' id='word_1_81' title='bbox 486 971 637 1022; x_wconf 84' lang='lat' dir='ltr'><strong>illum</strong></span> <span class='ocrx_word' id='word_1_82' title='bbox 685 971 768 1036; x_wconf 66' lang='lat'><strong>3°;</strong></span> <span class='ocrx_word' id='word_1_83' title='bbox 821 981 1020 1040; x_wconf 90' lang='lat' dir='ltr'><strong>quanto</strong></span> <span class='ocrx_word' id='word_1_84' title='bbox 1071 973 1241 1042; x_wconf 73' lang='lat' dir='ltr'><strong>magis</strong></span> <span class='ocrx_word' id='word_1_85' title='bbox 1296 973 1554 1030; x_wconf 85' lang='lat' dir='ltr'><strong>debemus</strong></span> <span class='ocrx_word' id='word_1_86' title='bbox 1607 976 1936 1030; x_wconf 84' lang='lat' dir='ltr'><strong>contendere</strong></span> <span class='ocrx_word' id='word_1_87' title='bbox 1997 983 2057 1030; x_wconf 91' lang='lat' dir='ltr'><strong>ut</strong></span> 
     </span>
    </p>
   </div>
   <div class='ocr_carea' id='block_1_13' title="bbox 490 1063 2053 1136">
    <p class='ocr_par' dir='ltr' id='par_1_13' title="bbox 490 1063 2053 1136">
     <span class='ocr_line' id='line_1_13' title="bbox 490 1063 2053 1136; baseline 0.003 -20"><span class='ocrx_word' id='word_1_88' title='bbox 490 1063 854 1117; x_wconf 70' lang='lat' dir='ltr'><strong>hazreditatem</strong></span> <span class='ocrx_word' id='word_1_89' title='bbox 889 1064 1274 1131; x_wconf 85' lang='lat' dir='ltr'><strong>adipiscamur.</strong></span> <span class='ocrx_word' id='word_1_90' title='bbox 1317 1063 1424 1118; x_wconf 85' lang='lat' dir='ltr'><strong>Pro</strong></span> <span class='ocrx_word' id='word_1_91' title='bbox 1457 1081 1516 1120; x_wconf 88' lang='lat' dir='ltr'><strong>ea</strong></span> <span class='ocrx_word' id='word_1_92' title='bbox 1543 1081 1660 1136; x_wconf 65' lang='lat' dir='ltr'><strong>qua</strong></span> <span class='ocrx_word' id='word_1_93' title='bbox 1697 1067 2053 1121; x_wconf 67' lang='lat' dir='ltr'><strong>hareditatem</strong></span> 
     </span>
    </p>
   </div>
   <div class='ocr_carea' id='block_1_14' title="bbox 485 1155 2054 1226">
    <p class='ocr_par' dir='ltr' id='par_1_14' title="bbox 485 1155 2054 1226">
     <span class='ocr_line' id='line_1_14' title="bbox 485 1155 2054 1226; baseline 0.001 -17"><span class='ocrx_word' id='word_1_94' title='bbox 485 1155 836 1226; x_wconf 81' lang='lat' dir='ltr'><strong>consequitur.</strong></span> <span class='ocrx_word' id='word_1_95' title='bbox 869 1155 1080 1210; x_wconf 85' lang='lat' dir='ltr'><strong>Chorus</strong></span> <span class='ocrx_word' id='word_1_96' title='bbox 1108 1156 1486 1225; x_wconf 83' lang='lat' dir='ltr'><strong>prOphetarum</strong></span> <span class='ocrx_word' id='word_1_97' title='bbox 1532 1172 1628 1225; x_wconf 91' lang='lat' dir='ltr'><strong>pro</strong></span> <span class='ocrx_word' id='word_1_98' title='bbox 1668 1172 1728 1211; x_wconf 89' lang='lat' dir='ltr'><strong>ea</strong></span> <span class='ocrx_word' id='word_1_99' title='bbox 1769 1157 2054 1225; x_wconf 81' lang='lat' dir='ltr'><strong>disceptat,</strong></span> 
     </span>
    </p>
   </div>
   <div class='ocr_carea' id='block_1_15' title="bbox 487 1245 2048 1316">
    <p class='ocr_par' dir='ltr' id='par_1_15' title="bbox 487 1245 2048 1316">
     <span class='ocr_line' id='line_1_15' title="bbox 487 1245 2048 1316; baseline 0.002 -18"><span class='ocrx_word' id='word_1_100' title='bbox 487 1247 672 1301; x_wconf 86' lang='lat' dir='ltr'><strong>dicens</strong></span> <span class='ocrx_word' id='word_1_101' title='bbox 705 1261 720 1298; x_wconf 87' lang='lat'><strong>:</strong></span> <span class='ocrx_word' id='word_1_102' title='bbox 751 1247 805 1300; x_wconf 74' lang='grc'><strong>2.</strong></span> <span class='ocrx_word' id='word_1_103' title='bbox 872 1245 1035 1299; x_wconf 89' lang='lat' dir='ltr'><strong>Verba</strong></span> <span class='ocrx_word' id='word_1_104' title='bbox 1078 1264 1188 1299; x_wconf 88' lang='lat' dir='ltr'><strong>mea</strong></span> <span class='ocrx_word' id='word_1_105' title='bbox 1242 1247 1459 1300; x_wconf 79' lang='lat' dir='ltr'><strong>auribus</strong></span> <span class='ocrx_word' id='word_1_106' title='bbox 1513 1248 1754 1316; x_wconf 82' lang='lat' dir='ltr'><strong>percipe,</strong></span> <span class='ocrx_word' id='word_1_107' title='bbox 1809 1247 2048 1302; x_wconf 82' lang='lat' dir='ltr'><strong>Domine.</strong></span> 
     </span>
    </p>
   </div>
   <div class='ocr_carea' id='block_1_16' title="bbox 487 1337 2052 1408">
    <p class='ocr_par' dir='ltr' id='par_1_16' title="bbox 487 1337 2052 1408">
     <span class='ocr_line' id='line_1_16' title="bbox 487 1337 2052 1408; baseline 0.001 -16"><span class='ocrx_word' id='word_1_108' title='bbox 487 1339 589 1403; x_wconf 82' lang='lat' dir='ltr'><strong>Qui</strong></span> <span class='ocrx_word' id='word_1_109' title='bbox 622 1355 780 1406; x_wconf 87' lang='lat' dir='ltr'><strong>supra</strong></span> <span class='ocrx_word' id='word_1_110' title='bbox 812 1339 1114 1399; x_wconf 84' lang='lat' dir='ltr'><strong>rebellavit,</strong></span> <span class='ocrx_word' id='word_1_111' title='bbox 1156 1337 1295 1391; x_wconf 82' lang='lat' dir='ltr'><strong>inira</strong></span> <span class='ocrx_word' id='word_1_112' title='bbox 1336 1355 1549 1408; x_wconf 66' lang='lat' dir='ltr'><strong>sponsm</strong></span> <span class='ocrx_word' id='word_1_113' title='bbox 1581 1349 1682 1394; x_wconf 75' lang='lat' dir='ltr'><strong>tua:</strong></span> <span class='ocrx_word' id='word_1_114' title='bbox 1710 1340 2052 1394; x_wconf 82' lang='lat' dir='ltr'><strong>adversarius</strong></span> 
     </span>
    </p>
   </div>
   <div class='ocr_carea' id='block_1_17' title="bbox 491 1426 2052 1495">
    <p class='ocr_par' dir='ltr' id='par_1_17' title="bbox 491 1426 2052 1495">
     <span class='ocr_line' id='line_1_17' title="bbox 491 1426 2052 1495; baseline 0.001 -13"><span class='ocrx_word' id='word_1_115' title='bbox 491 1430 660 1483; x_wconf 80' lang='lat' dir='ltr'><strong>factus</strong></span> <span class='ocrx_word' id='word_1_116' title='bbox 698 1438 781 1482; x_wconf 84' lang='lat' dir='ltr'><strong>est</strong></span> <span class='ocrx_word' id='word_1_117' title='bbox 821 1447 834 1482; x_wconf 94' lang='lat'>:</span> <span class='ocrx_word' id='word_1_118' title='bbox 868 1431 1006 1482; x_wconf 85' lang='lat' dir='ltr'><strong>sicut</strong></span> <span class='ocrx_word' id='word_1_119' title='bbox 1061 1426 1340 1495; x_wconf 86' lang='lat' dir='ltr'><strong>Scriptura</strong></span> <span class='ocrx_word' id='word_1_120' title='bbox 1396 1439 1644 1494; x_wconf 87' lang='lat' dir='ltr'><strong>testatur,</strong></span> <span class='ocrx_word' id='word_1_121' title='bbox 1707 1429 2052 1484; x_wconf 82' lang='lat' dir='ltr'><strong>Adversarius</strong></span> 
     </span>
    </p>
   </div>
   <div class='ocr_carea' id='block_1_18' title="bbox 488 1518 2053 1588">
    <p class='ocr_par' dir='ltr' id='par_1_18' title="bbox 488 1518 2053 1588">
     <span class='ocr_line' id='line_1_18' title="bbox 488 1518 2053 1588; baseline 0.001 -16"><span class='ocrx_word' id='word_1_122' title='bbox 488 1531 652 1572; x_wconf 81' lang='lat' dir='ltr'><strong>vester</strong></span> <span class='ocrx_word' id='word_1_123' title='bbox 685 1518 944 1581; x_wconf 78' lang='lat' dir='ltr'><strong>diabolus,</strong></span> <span class='ocrx_word' id='word_1_124' title='bbox 995 1527 1244 1588; x_wconf 85' lang='lat' dir='ltr'><strong>tanquam</strong></span> <span class='ocrx_word' id='word_1_125' title='bbox 1276 1518 1354 1571; x_wconf 86' lang='lat' dir='ltr'><strong>leo</strong></span> <span class='ocrx_word' id='word_1_126' title='bbox 1389 1519 1604 1582; x_wconf 79' lang='lat' dir='ltr'><strong>circuit,</strong></span> <span class='ocrx_word' id='word_1_127' title='bbox 1641 1535 1881 1588; x_wconf 74' lang='lat' dir='ltr'><strong>quwrens</strong></span> <span class='ocrx_word' id='word_1_128' title='bbox 1903 1535 2053 1588; x_wconf 87' lang='lat' dir='ltr'><strong>quem</strong></span> 
     </span>
    </p>
   </div>
   <div class='ocr_carea' id='block_1_19' title="bbox 487 1609 2056 1677">
    <p class='ocr_par' dir='ltr' id='par_1_19' title="bbox 487 1609 2056 1677">
     <span class='ocr_line' id='line_1_19' title="bbox 487 1609 2056 1677; baseline 0.003 -15"><span class='ocrx_word' id='word_1_129' title='bbox 487 1609 690 1664; x_wconf 88' lang='lat' dir='ltr'><strong>devoret</strong></span> <span class='ocrx_word' id='word_1_130' title='bbox 738 1610 803 1663; x_wconf 78' lang='grc' dir='ltr'><strong>ὀ.</strong></span> <span class='ocrx_word' id='word_1_131' title='bbox 868 1609 971 1664; x_wconf 92' lang='lat' dir='ltr'><strong>Sed</strong></span> <span class='ocrx_word' id='word_1_132' title='bbox 1017 1609 1268 1677; x_wconf 91' lang='lat' dir='ltr'><strong>quoniam</strong></span> <span class='ocrx_word' id='word_1_133' title='bbox 1319 1610 1664 1665; x_wconf 83' lang='lat' dir='ltr'><strong>adversarius</strong></span> <span class='ocrx_word' id='word_1_134' title='bbox 1717 1611 1804 1665; x_wconf 91' lang='lat' dir='ltr'><strong>ille</strong></span> <span class='ocrx_word' id='word_1_135' title='bbox 1860 1614 2056 1666; x_wconf 82' lang='lat' dir='ltr'><strong>multos</strong></span> 
     </span>
    </p>
   </div>
   <div class='ocr_carea' id='block_1_20' title="bbox 2149 783 3720 862">
    <p class='ocr_par' dir='ltr' id='par_1_20' title="bbox 2149 783 3720 862">
     <span class='ocr_line' id='line_1_20' title="bbox 2149 783 3720 862; baseline -0.005 -15"><span class='ocrx_word' id='word_1_136' title='bbox 2149 793 2308 857; x_wconf 85' lang='grc' dir='ltr'>καλά,</span> <span class='ocrx_word' id='word_1_137' title='bbox 2341 796 2400 847; x_wconf 81' lang='grc' dir='ltr'><strong><em>Ἀ</em></strong></span> <span class='ocrx_word' id='word_1_138' title='bbox 2433 791 2737 862; x_wconf 68' lang='grc' dir='ltr'><strong>ὀφθαλμὸς</strong></span> <span class='ocrx_word' id='word_1_139' title='bbox 2769 793 2882 845; x_wconf 83' lang='grc' dir='ltr'>οὐκ</span> <span class='ocrx_word' id='word_1_140' title='bbox 2927 785 3106 853; x_wconf 77' lang='grc' dir='ltr'>εἶδεν,</span> <span class='ocrx_word' id='word_1_141' title='bbox 3150 788 3247 842; x_wconf 79' lang='grc' dir='ltr'>καὶ</span> <span class='ocrx_word' id='word_1_142' title='bbox 3268 783 3376 854; x_wconf 84' lang='grc' dir='ltr'>οὖς</span> <span class='ocrx_word' id='word_1_143' title='bbox 3395 788 3505 841; x_wconf 84' lang='grc' dir='ltr'>οὐκ</span> <span class='ocrx_word' id='word_1_144' title='bbox 3533 786 3720 856; x_wconf 80' lang='grc' dir='ltr'>ἥκου-</span> 
     </span>
    </p>
   </div>
   <div class='ocr_carea' id='block_1_21' title="bbox 2147 877 3718 950">
    <p class='ocr_par' dir='ltr' id='par_1_21' title="bbox 2147 877 3718 950">
     <span class='ocr_line' id='line_1_21' title="bbox 2147 877 3718 950; baseline -0.006 -12"><span class='ocrx_word' id='word_1_145' title='bbox 2147 898 2280 948; x_wconf 87' lang='grc' dir='ltr'>σεν,</span> <span class='ocrx_word' id='word_1_146' title='bbox 2314 883 2411 938; x_wconf 78' lang='grc' dir='ltr'>καὶ</span> <span class='ocrx_word' id='word_1_147' title='bbox 2434 881 2531 936; x_wconf 69' lang='grc' dir='ltr'><strong>ἐπὶ</strong></span> <span class='ocrx_word' id='word_1_148' title='bbox 2563 882 2811 950; x_wconf 77' lang='grc' dir='ltr'><strong>καρδίαν</strong></span> <span class='ocrx_word' id='word_1_149' title='bbox 2851 879 3164 948; x_wconf 79' lang='grc' dir='ltr'>ἀνθρώπου</span> <span class='ocrx_word' id='word_1_150' title='bbox 3202 880 3312 932; x_wconf 80' lang='grc' dir='ltr'>οὐκ</span> <span class='ocrx_word' id='word_1_151' title='bbox 3347 877 3551 944; x_wconf 75' lang='grc' dir='ltr'>ἀνέϐη,</span> <span class='ocrx_word' id='word_1_152' title='bbox 3598 877 3718 929; x_wconf 84' lang='grc' dir='ltr'>ὅσα</span> 
     </span>
    </p>
   </div>
   <div class='ocr_carea' id='block_1_22' title="bbox 2147 968 3718 1044">
    <p class='ocr_par' dir='ltr' id='par_1_22' title="bbox 2147 968 3718 1044">
     <span class='ocr_line' id='line_1_22' title="bbox 2147 968 3718 1044; baseline -0.005 -16"><span class='ocrx_word' id='word_1_153' title='bbox 2147 976 2479 1044; x_wconf 73' lang='grc' dir='ltr'><strong>ἡτοίμασεν</strong></span> <span class='ocrx_word' id='word_1_154' title='bbox 2519 975 2551 1028; x_wconf 86' lang='grc' dir='ltr'><em>ὁ</em></span> <span class='ocrx_word' id='word_1_155' title='bbox 2595 974 2738 1040; x_wconf 83' lang='grc' dir='ltr'><strong>Θεὸς</strong></span> <span class='ocrx_word' id='word_1_156' title='bbox 2777 972 2901 1038; x_wconf 80' lang='grc' dir='ltr'>τοῖς</span> <span class='ocrx_word' id='word_1_157' title='bbox 2950 969 3261 1042; x_wconf 76' lang='grc' dir='ltr'><strong>ἀγαπῶσιν</strong></span> <span class='ocrx_word' id='word_1_158' title='bbox 3298 970 3516 1040; x_wconf 73' lang='grc' dir='ltr'><strong>ᾳὺτόν·</strong></span> <span class='ocrx_word' id='word_1_159' title='bbox 3564 968 3718 1038; x_wconf 85' lang='grc' dir='ltr'>πόσῳ</span> 
     </span>
    </p>
   </div>
   <div class='ocr_carea' id='block_1_23' title="bbox 2153 1059 3718 1138">
    <p class='ocr_par' dir='ltr' id='par_1_23' title="bbox 2153 1059 3718 1138">
     <span class='ocr_line' id='line_1_23' title="bbox 2153 1059 3718 1138; baseline -0.006 -18"><span class='ocrx_word' id='word_1_160' title='bbox 2153 1067 2350 1138; x_wconf 78' lang='grc' dir='ltr'>μᾶλλον</span> <span class='ocrx_word' id='word_1_161' title='bbox 2403 1065 2686 1136; x_wconf 81' lang='grc' dir='ltr'><strong>ὀφείλομεν</strong></span> <span class='ocrx_word' id='word_1_162' title='bbox 2740 1063 3034 1118; x_wconf 84' lang='grc' dir='ltr'><strong>σπουδάσαι</strong></span> <span class='ocrx_word' id='word_1_163' title='bbox 3093 1062 3483 1132; x_wconf 85' lang='grc' dir='ltr'>κληρονομεῖν;</span> <span class='ocrx_word' id='word_1_164' title='bbox 3547 1059 3718 1128; x_wconf 81' lang='grc' dir='ltr'>’Υπὲρ</span> 
     </span>
    </p>
   </div>
   <div class='ocr_carea' id='block_1_24' title="bbox 2149 1151 3718 1226">
    <p class='ocr_par' dir='ltr' id='par_1_24' title="bbox 2149 1151 3718 1226">
     <span class='ocr_line' id='line_1_24' title="bbox 2149 1151 3718 1226; baseline -0.004 -15"><span class='ocrx_word' id='word_1_165' title='bbox 2149 1157 2262 1223; x_wconf 82' lang='grc' dir='ltr'>τῆς</span> <span class='ocrx_word' id='word_1_166' title='bbox 2304 1157 2814 1226; x_wconf 75' lang='grc' dir='ltr'>κληρονομούσης.</span> <span class='ocrx_word' id='word_1_167' title='bbox 2857 1155 2964 1208; x_wconf 74' lang='grc' dir='ltr'>Καὶ</span> <span class='ocrx_word' id='word_1_168' title='bbox 3015 1155 3042 1207; x_wconf 87' lang='grc' dir='ltr'>ὁ</span> <span class='ocrx_word' id='word_1_169' title='bbox 3083 1154 3238 1224; x_wconf 81' lang='grc' dir='ltr'>χορὸς</span> <span class='ocrx_word' id='word_1_170' title='bbox 3281 1151 3390 1205; x_wconf 84' lang='grc' dir='ltr'>τῶν</span> <span class='ocrx_word' id='word_1_171' title='bbox 3424 1151 3718 1225; x_wconf 81' lang='grc' dir='ltr'><strong>προφητῶν</strong></span> 
     </span>
    </p>
   </div>
   <div class='ocr_carea' id='block_1_25' title="bbox 2152 1242 3719 1320">
    <p class='ocr_par' dir='ltr' id='par_1_25' title="bbox 2152 1242 3719 1320">
     <span class='ocr_line' id='line_1_25' title="bbox 2152 1242 3719 1320; baseline -0.005 -17"><span class='ocrx_word' id='word_1_172' title='bbox 2152 1250 2292 1320; x_wconf 84' lang='grc' dir='ltr'>ὑπὲρ</span> <span class='ocrx_word' id='word_1_173' title='bbox 2320 1249 2486 1318; x_wconf 77' lang='grc' dir='ltr'>αὐτῆς</span> <span class='ocrx_word' id='word_1_174' title='bbox 2512 1249 2807 1312; x_wconf 76' lang='grc' dir='ltr'>δικάζεται,</span> <span class='ocrx_word' id='word_1_175' title='bbox 2846 1247 3036 1314; x_wconf 81' lang='grc' dir='ltr'>λέγων’</span> <span class='ocrx_word' id='word_1_176' title='bbox 3077 1245 3151 1299; x_wconf 83' lang='grc' dir='ltr'><em>Τὰ</em></span> <span class='ocrx_word' id='word_1_177' title='bbox 3180 1242 3415 1313; x_wconf 77' lang='grc' dir='ltr'>ῥήματὰ</span> <span class='ocrx_word' id='word_1_178' title='bbox 3476 1261 3594 1312; x_wconf 86' lang='grc' dir='ltr'>μου</span> <span class='ocrx_word' id='word_1_179' title='bbox 3622 1242 3719 1295; x_wconf 79' lang='grc' dir='ltr'><strong>ὲν-</strong></span> 
     </span>
    </p>
   </div>
   <div class='ocr_carea' id='block_1_26' title="bbox 2149 1333 3719 1407">
    <p class='ocr_par' dir='ltr' id='par_1_26' title="bbox 2149 1333 3719 1407">
     <span class='ocr_line' id='line_1_26' title="bbox 2149 1333 3719 1407; baseline -0.005 -16"><span class='ocrx_word' id='word_1_180' title='bbox 2149 1339 2375 1402; x_wconf 81' lang='grc' dir='ltr'>ὡτισαι,</span> <span class='ocrx_word' id='word_1_181' title='bbox 2400 1337 2672 1407; x_wconf 82' lang='grc' dir='ltr'>Κύριε.⁹0</span> <span class='ocrx_word' id='word_1_182' title='bbox 2697 1339 2808 1392; x_wconf 82' lang='grc' dir='ltr'>ἄνω</span> <span class='ocrx_word' id='word_1_183' title='bbox 2820 1336 3108 1406; x_wconf 81' lang='grc' dir='ltr'>άντάρτης,</span> <span class='ocrx_word' id='word_1_184' title='bbox 3138 1335 3287 1388; x_wconf 72' lang='grc' dir='ltr'>κάτω</span> <span class='ocrx_word' id='word_1_185' title='bbox 3320 1333 3586 1395; x_wconf 78' lang='grc' dir='ltr'><strong>ἀντίδικος</strong></span> <span class='ocrx_word' id='word_1_186' title='bbox 3616 1333 3719 1402; x_wconf 75' lang='grc' dir='ltr'>τῆς</span> 
     </span>
    </p>
   </div>
   <div class='ocr_carea' id='block_1_27' title="bbox 2151 1423 3720 1501">
    <p class='ocr_par' dir='ltr' id='par_1_27' title="bbox 2151 1423 3720 1501">
     <span class='ocr_line' id='line_1_27' title="bbox 2151 1423 3720 1501; baseline -0.004 -18"><span class='ocrx_word' id='word_1_187' title='bbox 2151 1431 2366 1501; x_wconf 76' lang='grc' dir='ltr'>νύμφης</span> <span class='ocrx_word' id='word_1_188' title='bbox 2400 1447 2490 1483; x_wconf 90' lang='grc' dir='ltr'><strong>σου</strong></span> <span class='ocrx_word' id='word_1_189' title='bbox 2515 1429 2626 1497; x_wconf 77' lang='grc'><strong>(91)</strong></span> <span class='ocrx_word' id='word_1_190' title='bbox 2656 1430 2897 1498; x_wconf 77' lang='grc' dir='ltr'>γέγονεν’</span> <span class='ocrx_word' id='word_1_191' title='bbox 2939 1427 3013 1490; x_wconf 79' lang='grc' dir='ltr'>ὡς</span> <span class='ocrx_word' id='word_1_192' title='bbox 3039 1426 3362 1496; x_wconf 67' lang='grc' dir='ltr'>γέγραπταυ</span> <span class='ocrx_word' id='word_1_193' title='bbox 3405 1427 3471 1477; x_wconf 85' lang='lat'><strong>&#39;0</strong></span> <span class='ocrx_word' id='word_1_194' title='bbox 3499 1423 3720 1478; x_wconf 80' lang='grc' dir='ltr'>ἀντίδι-</span> 
     </span>
    </p>
   </div>
   <div class='ocr_carea' id='block_1_28' title="bbox 2152 1513 3720 1590">
    <p class='ocr_par' dir='ltr' id='par_1_28' title="bbox 2152 1513 3720 1590">
     <span class='ocr_line' id='line_1_28' title="bbox 2152 1513 3720 1590; baseline -0.005 -15"><span class='ocrx_word' id='word_1_195' title='bbox 2152 1540 2258 1588; x_wconf 80' lang='grc' dir='ltr'><strong>κος</strong></span> <span class='ocrx_word' id='word_1_196' title='bbox 2291 1520 2456 1590; x_wconf 81' lang='grc' dir='ltr'><strong>ὑμῶν</strong></span> <span class='ocrx_word' id='word_1_197' title='bbox 2483 1519 2780 1584; x_wconf 74' lang='grc' dir='ltr'>διάϐολος,</span> <span class='ocrx_word' id='word_1_198' title='bbox 2803 1519 2882 1585; x_wconf 85' lang='grc' dir='ltr'>ὡς</span> <span class='ocrx_word' id='word_1_199' title='bbox 2908 1518 3064 1572; x_wconf 79' lang='grc' dir='ltr'>λέων</span> <span class='ocrx_word' id='word_1_200' title='bbox 3086 1515 3407 1585; x_wconf 78' lang='grc' dir='ltr'>περιπατεῖ,</span> <span class='ocrx_word' id='word_1_201' title='bbox 3436 1513 3623 1582; x_wconf 79' lang='grc' dir='ltr'>ζητῶν</span> <span class='ocrx_word' id='word_1_202' title='bbox 3641 1515 3720 1568; x_wconf 74' lang='grc' dir='ltr'><strong>τι.</strong></span> 
     </span>
    </p>
   </div>
   <div class='ocr_carea' id='block_1_29' title="bbox 2151 1595 3720 1680">
    <p class='ocr_par' dir='ltr' id='par_1_29' title="bbox 2151 1595 3720 1680">
     <span class='ocr_line' id='line_1_29' title="bbox 2151 1595 3720 1680; baseline -0.004 -13"><span class='ocrx_word' id='word_1_203' title='bbox 2151 1631 2228 1667; x_wconf 87' lang='grc' dir='ltr'>να</span> <span class='ocrx_word' id='word_1_204' title='bbox 2255 1595 2534 1679; x_wconf 70' lang='grc' dir='ltr'>καταπίῃ.</span> <span class='ocrx_word' id='word_1_205' title='bbox 2577 1611 2714 1664; x_wconf 80' lang='grc' dir='ltr'>Ἀλλ’</span> <span class='ocrx_word' id='word_1_206' title='bbox 2741 1609 2926 1680; x_wconf 80' lang='grc' dir='ltr'>ἐπειδὴ</span> <span class='ocrx_word' id='word_1_207' title='bbox 2959 1611 2988 1662; x_wconf 91' lang='grc' dir='ltr'><strong>ό</strong></span> <span class='ocrx_word' id='word_1_208' title='bbox 3018 1609 3280 1670; x_wconf 79' lang='grc' dir='ltr'>ἀντίδικος</span> <span class='ocrx_word' id='word_1_209' title='bbox 3311 1602 3462 1672; x_wconf 67' lang='grc' dir='ltr'>οὗτος</span> <span class='ocrx_word' id='word_1_210' title='bbox 3495 1606 3720 1669; x_wconf 82' lang='grc' dir='ltr'>πολλοὺς</span> 
     </span>
    </p>
   </div>
   <div class='ocr_carea' id='block_1_30' title="bbox 488 1694 2059 1772">
    <p class='ocr_par' dir='ltr' id='par_1_30' title="bbox 488 1701 2051 1771">
     <span class='ocr_line' id='line_1_30' title="bbox 488 1701 2051 1771; baseline 0.001 -16"><span class='ocrx_word' id='word_1_211' title='bbox 488 1702 796 1756; x_wconf 56' lang='lat' dir='ltr'><strong>exheredes</strong></span> <span class='ocrx_word' id='word_1_212' title='bbox 842 1702 965 1756; x_wconf 84' lang='lat' dir='ltr'><strong>fecit</strong></span> <span class='ocrx_word' id='word_1_213' title='bbox 996 1701 1065 1754; x_wconf 90' lang='lat' dir='ltr'><strong>ab</strong></span> <span class='ocrx_word' id='word_1_214' title='bbox 1104 1702 1278 1762; x_wconf 90' lang='lat' dir='ltr'><strong>initio,</strong></span> <span class='ocrx_word' id='word_1_215' title='bbox 1312 1716 1406 1770; x_wconf 90' lang='lat' dir='ltr'><strong>pro</strong></span> <span class='ocrx_word' id='word_1_216' title='bbox 1449 1704 1559 1770; x_wconf 87' lang='lat' dir='ltr'><strong>ipsa</strong></span> <span class='ocrx_word' id='word_1_217' title='bbox 1609 1718 1730 1771; x_wconf 71' lang='lat' dir='ltr'><strong>quae</strong></span> <span class='ocrx_word' id='word_1_218' title='bbox 1769 1703 2051 1756; x_wconf 58' lang='lat' dir='ltr'><strong>haeredita-</strong></span> 
     </span>
    </p>
   </div>
   <div class='ocr_carea' id='block_1_31' title="bbox 2161 1694 3719 1772">
    <p class='ocr_par' dir='ltr' id='par_1_31' title="bbox 2161 1697 3719 1772">
     <span class='ocr_line' id='line_1_31' title="bbox 2161 1697 3719 1772; baseline -0.004 -17"><span class='ocrx_word' id='word_1_219' title='bbox 2161 1702 2625 1772; x_wconf 71' lang='grc' dir='ltr'>ἁποκληρονόμους</span> <span class='ocrx_word' id='word_1_220' title='bbox 2666 1701 2899 1772; x_wconf 78' lang='grc' dir='ltr'>ἐξαρχῆς</span> <span class='ocrx_word' id='word_1_221' title='bbox 2932 1699 3204 1769; x_wconf 84' lang='grc' dir='ltr'>ἐποίησεν.</span> <span class='ocrx_word' id='word_1_222' title='bbox 3239 1697 3377 1768; x_wconf 81' lang='grc' dir='ltr'>ὑπὲρ</span> <span class='ocrx_word' id='word_1_223' title='bbox 3417 1698 3586 1766; x_wconf 80' lang='grc' dir='ltr'>αὐτῆς</span> <span class='ocrx_word' id='word_1_224' title='bbox 3621 1698 3719 1767; x_wconf 82' lang='grc' dir='ltr'>τῆς</span> 
     </span>
    </p>
   </div>
   <div class='ocr_carea' id='block_1_32' title="bbox 490 1791 2052 1861">
    <p class='ocr_par' dir='ltr' id='par_1_32' title="bbox 490 1791 2052 1861">
     <span class='ocr_line' id='line_1_32' title="bbox 490 1791 2052 1861; baseline 0 -14"><span class='ocrx_word' id='word_1_225' title='bbox 490 1802 596 1847; x_wconf 83' lang='lat' dir='ltr'><strong>tem</strong></span> <span class='ocrx_word' id='word_1_226' title='bbox 644 1791 991 1861; x_wconf 85' lang='lat' dir='ltr'><strong>consequitur</strong></span> <span class='ocrx_word' id='word_1_227' title='bbox 1034 1792 1313 1861; x_wconf 88' lang='lat' dir='ltr'><strong>interpello</strong></span> <span class='ocrx_word' id='word_1_228' title='bbox 1349 1803 1421 1848; x_wconf 92' lang='lat' dir='ltr'><strong>te.</strong></span> <span class='ocrx_word' id='word_1_229' title='bbox 1469 1791 1636 1847; x_wconf 78' lang='lat' dir='ltr'><strong>Verba</strong></span> <span class='ocrx_word' id='word_1_230' title='bbox 1686 1810 1800 1848; x_wconf 88' lang='lat' dir='ltr'><strong>mea</strong></span> <span class='ocrx_word' id='word_1_231' title='bbox 1839 1793 2052 1847; x_wconf 81' lang='lat' dir='ltr'><strong>auribus</strong></span> 
     </span>
    </p>
   </div>
   <div class='ocr_carea' id='block_1_33' title="bbox 489 1882 2055 1954">
    <p class='ocr_par' dir='ltr' id='par_1_33' title="bbox 489 1882 2055 1954">
     <span class='ocr_line' id='line_1_33' title="bbox 489 1882 2055 1954; baseline 0.001 -16"><span class='ocrx_word' id='word_1_232' title='bbox 489 1885 710 1953; x_wconf 83' lang='lat' dir='ltr'><strong>percipe,</strong></span> <span class='ocrx_word' id='word_1_233' title='bbox 758 1883 994 1936; x_wconf 85' lang='lat' dir='ltr'><strong>Domine.</strong></span> <span class='ocrx_word' id='word_1_234' title='bbox 1055 1883 1235 1938; x_wconf 62' lang='lat' dir='ltr'><strong>Haeres</strong></span> <span class='ocrx_word' id='word_1_235' title='bbox 1283 1882 1412 1938; x_wconf 59' lang='lat' dir='ltr'><strong>Noae</strong></span> <span class='ocrx_word' id='word_1_236' title='bbox 1465 1894 1583 1940; x_wconf 86' lang='lat' dir='ltr'><strong>erat</strong></span> <span class='ocrx_word' id='word_1_237' title='bbox 1634 1884 1824 1948; x_wconf 89' lang='lat' dir='ltr'><strong>Cham,</strong></span> <span class='ocrx_word' id='word_1_238' title='bbox 1873 1893 2055 1954; x_wconf 86' lang='lat' dir='ltr'><strong>utpote</strong></span> 
     </span>
    </p>
   </div>
   <div class='ocr_carea' id='block_1_34' title="bbox 492 1973 2054 2046">
    <p class='ocr_par' dir='ltr' id='par_1_34' title="bbox 492 1973 2054 2046">
     <span class='ocr_line' id='line_1_34' title="bbox 492 1973 2054 2046; baseline 0.003 -20"><span class='ocrx_word' id='word_1_239' title='bbox 492 1973 653 2040; x_wconf 87' lang='lat' dir='ltr'><strong>lilius;</strong></span> <span class='ocrx_word' id='word_1_240' title='bbox 679 1974 770 2028; x_wconf 88' lang='lat' dir='ltr'><strong>sed</strong></span> <span class='ocrx_word' id='word_1_241' title='bbox 787 1989 908 2028; x_wconf 92' lang='lat' dir='ltr'><strong>cum</strong></span> <span class='ocrx_word' id='word_1_242' title='bbox 929 1973 1192 2029; x_wconf 76' lang='lat' dir='ltr'><strong>eliecisset</strong></span> <span class='ocrx_word' id='word_1_243' title='bbox 1214 1984 1271 2028; x_wconf 90' lang='lat' dir='ltr'><strong>ut</strong></span> <span class='ocrx_word' id='word_1_244' title='bbox 1285 1975 1534 2030; x_wconf 88' lang='lat' dir='ltr'><strong>irrideret</strong></span> <span class='ocrx_word' id='word_1_245' title='bbox 1553 1977 1846 2032; x_wconf 89' lang='lat' dir='ltr'><strong>nuditatem</strong></span> <span class='ocrx_word' id='word_1_246' title='bbox 1865 1978 2054 2046; x_wconf 87' lang='lat' dir='ltr'><strong>patris,</strong></span> 
     </span>
    </p>
   </div>
   <div class='ocr_carea' id='block_1_35' title="bbox 491 2062 2054 2132">
    <p class='ocr_par' dir='ltr' id='par_1_35' title="bbox 491 2062 2054 2132">
     <span class='ocr_line' id='line_1_35' title="bbox 491 2062 2054 2132; baseline 0.002 -15"><span class='ocrx_word' id='word_1_247' title='bbox 491 2063 694 2117; x_wconf 91' lang='lat' dir='ltr'><strong>nudum</strong></span> <span class='ocrx_word' id='word_1_248' title='bbox 723 2064 790 2116; x_wconf 91' lang='lat' dir='ltr'><strong>ab</strong></span> <span class='ocrx_word' id='word_1_249' title='bbox 823 2062 1134 2117; x_wconf 61' lang='lat' dir='ltr'><strong>haereditate</strong></span> <span class='ocrx_word' id='word_1_250' title='bbox 1163 2073 1385 2132; x_wconf 88' lang='lat' dir='ltr'><strong>paterna</strong></span> <span class='ocrx_word' id='word_1_251' title='bbox 1420 2063 1671 2132; x_wconf 86' lang='lat' dir='ltr'><strong>reddidit,</strong></span> <span class='ocrx_word' id='word_1_252' title='bbox 1717 2073 1772 2118; x_wconf 90' lang='lat' dir='ltr'><strong>et</strong></span> <span class='ocrx_word' id='word_1_253' title='bbox 1806 2065 2054 2120; x_wconf 85' lang='lat' dir='ltr'><strong>libertate</strong></span> 
     </span>
    </p>
   </div>
   <div class='ocr_carea' id='block_1_36' title="bbox 491 2151 2054 2221">
    <p class='ocr_par' dir='ltr' id='par_1_36' title="bbox 491 2151 2054 2221">
     <span class='ocr_line' id='line_1_36' title="bbox 491 2151 2054 2221; baseline 0.001 -14"><span class='ocrx_word' id='word_1_254' title='bbox 491 2162 710 2207; x_wconf 76' lang='lat' dir='ltr'><strong>exutum</strong></span> <span class='ocrx_word' id='word_1_255' title='bbox 740 2151 912 2205; x_wconf 89' lang='lat' dir='ltr'><strong>induit</strong></span> <span class='ocrx_word' id='word_1_256' title='bbox 943 2151 1223 2218; x_wconf 81' lang='lat' dir='ltr'><strong>servitute,</strong></span> <span class='ocrx_word' id='word_1_257' title='bbox 1265 2151 1423 2221; x_wconf 88' lang='lat' dir='ltr'><strong>eique</strong></span> <span class='ocrx_word' id='word_1_258' title='bbox 1457 2152 1887 2208; x_wconf 89' lang='lat' dir='ltr'><strong>benedictionem</strong></span> <span class='ocrx_word' id='word_1_259' title='bbox 1918 2169 2054 2209; x_wconf 91' lang='lat' dir='ltr'><strong>con-</strong></span> 
     </span>
    </p>
   </div>
   <div class='ocr_carea' id='block_1_37' title="bbox 491 2239 2053 2312">
    <p class='ocr_par' dir='ltr' id='par_1_37' title="bbox 491 2239 2053 2312">
     <span class='ocr_line' id='line_1_37' title="bbox 491 2239 2053 2312; baseline 0.001 -18"><span class='ocrx_word' id='word_1_260' title='bbox 491 2241 654 2295; x_wconf 76' lang='lat' dir='ltr'><strong>vertit</strong></span> <span class='ocrx_word' id='word_1_261' title='bbox 701 2241 755 2294; x_wconf 92' lang='lat' dir='ltr'><strong>in</strong></span> <span class='ocrx_word' id='word_1_262' title='bbox 805 2239 1168 2295; x_wconf 89' lang='lat' dir='ltr'><strong>maledictum.</strong></span> <span class='ocrx_word' id='word_1_263' title='bbox 1222 2240 1533 2295; x_wconf 84' lang='lat' dir='ltr'><strong>Maledictus</strong></span> <span class='ocrx_word' id='word_1_264' title='bbox 1580 2239 1834 2296; x_wconf 82' lang='lat' dir='ltr'><strong>Chanaan</strong></span> <span class='ocrx_word' id='word_1_265' title='bbox 1896 2259 2053 2312; x_wconf 87' lang='lat' dir='ltr'><strong>puer;</strong></span> 
     </span>
    </p>
   </div>
   <div class='ocr_carea' id='block_1_38' title="bbox 495 2331 1374 2400">
    <p class='ocr_par' dir='ltr' id='par_1_38' title="bbox 495 2331 1374 2400">
     <span class='ocr_line' id='line_1_38' title="bbox 495 2331 1374 2400; baseline 0.001 -16"><span class='ocrx_word' id='word_1_266' title='bbox 495 2331 727 2400; x_wconf 79' lang='lat' dir='ltr'><strong>famulus</strong></span> <span class='ocrx_word' id='word_1_267' title='bbox 756 2331 855 2385; x_wconf 86' lang='lat' dir='ltr'><strong>erit</strong></span> <span class='ocrx_word' id='word_1_268' title='bbox 881 2331 1135 2398; x_wconf 76' lang='lat' dir='ltr'><strong>fratribus</strong></span> <span class='ocrx_word' id='word_1_269' title='bbox 1165 2334 1273 2385; x_wconf 90' lang='lat' dir='ltr'><strong>suis</strong></span> <span class='ocrx_word' id='word_1_270' title='bbox 1307 2331 1374 2385; x_wconf 84' lang='grc'><strong>⁹¹.</strong></span> 
     </span>
    </p>
   </div>
   <div class='ocr_carea' id='block_1_39' title="bbox 562 2507 2054 2577">
    <p class='ocr_par' dir='ltr' id='par_1_39' title="bbox 562 2507 2054 2577">
     <span class='ocr_line' id='line_1_39' title="bbox 562 2507 2054 2577; baseline 0.003 -16"><span class='ocrx_word' id='word_1_271' title='bbox 562 2507 749 2576; x_wconf 84' lang='lat' dir='ltr'><strong>Itaque</strong></span> <span class='ocrx_word' id='word_1_272' title='bbox 795 2523 914 2560; x_wconf 89' lang='lat' dir='ltr'><strong>cum</strong></span> <span class='ocrx_word' id='word_1_273' title='bbox 957 2507 1094 2561; x_wconf 89' lang='lat' dir='ltr'><strong>idem</strong></span> <span class='ocrx_word' id='word_1_274' title='bbox 1151 2522 1292 2562; x_wconf 90' lang='lat' dir='ltr'><strong>nunc</strong></span> <span class='ocrx_word' id='word_1_275' title='bbox 1353 2522 1570 2577; x_wconf 90' lang='lat' dir='ltr'><strong>quoque</strong></span> <span class='ocrx_word' id='word_1_276' title='bbox 1617 2507 1744 2563; x_wconf 83' lang='lat' dir='ltr'><strong>velit</strong></span> <span class='ocrx_word' id='word_1_277' title='bbox 1798 2511 2054 2567; x_wconf 80' lang='lat' dir='ltr'><strong>denudari</strong></span> 
     </span>
    </p>
   </div>
   <div class='ocr_carea' id='block_1_40' title="bbox 492 2598 2059 2669">
    <p class='ocr_par' dir='ltr' id='par_1_40' title="bbox 492 2598 2059 2669">
     <span class='ocr_line' id='line_1_40' title="bbox 492 2598 2059 2669; baseline 0.001 -15"><span class='ocrx_word' id='word_1_278' title='bbox 492 2613 745 2669; x_wconf 81' lang='lat' dir='ltr'><strong>sponsam</strong></span> <span class='ocrx_word' id='word_1_279' title='bbox 780 2607 960 2664; x_wconf 89' lang='lat' dir='ltr'><strong>tuam;</strong></span> <span class='ocrx_word' id='word_1_280' title='bbox 991 2606 1048 2651; x_wconf 90' lang='lat' dir='ltr'><strong>ut</strong></span> <span class='ocrx_word' id='word_1_281' title='bbox 1081 2609 1132 2651; x_wconf 91' lang='lat' dir='ltr'><strong>te</strong></span> <span class='ocrx_word' id='word_1_282' title='bbox 1163 2599 1333 2652; x_wconf 88' lang='lat' dir='ltr'><strong>instar</strong></span> <span class='ocrx_word' id='word_1_283' title='bbox 1365 2598 1492 2653; x_wconf 65' lang='lat' dir='ltr'><strong>Nom</strong></span> <span class='ocrx_word' id='word_1_284' title='bbox 1509 2599 1707 2653; x_wconf 90' lang='lat' dir='ltr'><strong>nudum</strong></span> <span class='ocrx_word' id='word_1_285' title='bbox 1733 2600 1784 2654; x_wconf 92' lang='lat' dir='ltr'><strong>in</strong></span> <span class='ocrx_word' id='word_1_286' title='bbox 1812 2601 2059 2669; x_wconf 87' lang='lat' dir='ltr'><strong>passione</strong></span> 
     </span>
    </p>
   </div>
   <div class='ocr_carea' id='block_1_41' title="bbox 495 2691 2053 2764">
    <p class='ocr_par' dir='ltr' id='par_1_41' title="bbox 495 2691 2053 2764">
     <span class='ocr_line' id='line_1_41' title="bbox 495 2691 2053 2764; baseline 0.003 -19"><span class='ocrx_word' id='word_1_287' title='bbox 495 2692 707 2753; x_wconf 90' lang='lat' dir='ltr'><strong>intuita,</strong></span> <span class='ocrx_word' id='word_1_288' title='bbox 754 2691 926 2744; x_wconf 83' lang='lat' dir='ltr'><strong>rideat</strong></span> <span class='ocrx_word' id='word_1_289' title='bbox 960 2700 1045 2755; x_wconf 90' lang='lat' dir='ltr'><strong>te;</strong></span> <span class='ocrx_word' id='word_1_290' title='bbox 1101 2706 1208 2759; x_wconf 80' lang='lat' dir='ltr'><strong>quo</strong></span> <span class='ocrx_word' id='word_1_291' title='bbox 1233 2706 1352 2745; x_wconf 92' lang='lat' dir='ltr'><strong>eam</strong></span> <span class='ocrx_word' id='word_1_292' title='bbox 1390 2693 1723 2761; x_wconf 67' lang='lat' dir='ltr'><strong>exharedes,</strong></span> <span class='ocrx_word' id='word_1_293' title='bbox 1771 2694 2053 2764; x_wconf 87' lang='lat' dir='ltr'><strong>dicasque:</strong></span> 
     </span>
    </p>
   </div>
   <div class='ocr_carea' id='block_1_42' title="bbox 493 2780 2059 2850">
    <p class='ocr_par' dir='ltr' id='par_1_42' title="bbox 493 2780 2059 2850">
     <span class='ocr_line' id='line_1_42' title="bbox 493 2780 2059 2850; baseline 0.003 -15"><span class='ocrx_word' id='word_1_294' title='bbox 493 2780 754 2835; x_wconf 85' lang='lat' dir='ltr'><strong>Discedite</strong></span> <span class='ocrx_word' id='word_1_295' title='bbox 779 2797 810 2834; x_wconf 92' lang='lat' dir='ltr'><strong>a</strong></span> <span class='ocrx_word' id='word_1_296' title='bbox 840 2797 940 2846; x_wconf 87' lang='lat' dir='ltr'><strong>me,</strong></span> <span class='ocrx_word' id='word_1_297' title='bbox 972 2781 1256 2836; x_wconf 84' lang='lat' dir='ltr'><strong>maledicti.</strong></span> <span class='ocrx_word' id='word_1_298' title='bbox 1292 2781 1481 2837; x_wconf 87' lang='lat' dir='ltr'><strong>Nudus</strong></span> <span class='ocrx_word' id='word_1_299' title='bbox 1515 2800 1680 2850; x_wconf 88' lang='lat' dir='ltr'><strong>eram,</strong></span> <span class='ocrx_word' id='word_1_300' title='bbox 1714 2793 1764 2838; x_wconf 89' lang='lat' dir='ltr'><strong>et</strong></span> <span class='ocrx_word' id='word_1_301' title='bbox 1795 2802 1896 2839; x_wconf 87' lang='lat' dir='ltr'><strong>non</strong></span> <span class='ocrx_word' id='word_1_302' title='bbox 1939 2803 2059 2848; x_wconf 89' lang='lat' dir='ltr'><strong>ope-</strong></span> 
     </span>
    </p>
   </div>
   <div class='ocr_carea' id='block_1_43' title="bbox 494 2871 2056 2947">
    <p class='ocr_par' dir='ltr' id='par_1_43' title="bbox 494 2871 2056 2947">
     <span class='ocr_line' id='line_1_43' title="bbox 494 2871 2056 2947; baseline 0.003 -19"><span class='ocrx_word' id='word_1_303' title='bbox 494 2875 674 2928; x_wconf 85' lang='lat' dir='ltr'><strong>ruistis</strong></span> <span class='ocrx_word' id='word_1_304' title='bbox 697 2889 777 2926; x_wconf 88' lang='lat' dir='ltr'><strong>me</strong></span> <span class='ocrx_word' id='word_1_305' title='bbox 806 2874 876 2927; x_wconf 81' lang='lat'><strong>&quot;.</strong></span> <span class='ocrx_word' id='word_1_306' title='bbox 929 2871 1000 2927; x_wconf 89' lang='lat' dir='ltr'><strong>Ut</strong></span> <span class='ocrx_word' id='word_1_307' title='bbox 1045 2874 1208 2943; x_wconf 79' lang='lat' dir='ltr'><strong>igitur</strong></span> <span class='ocrx_word' id='word_1_308' title='bbox 1259 2875 1600 2931; x_wconf 87' lang='lat' dir='ltr'><strong>adversarius</strong></span> <span class='ocrx_word' id='word_1_309' title='bbox 1647 2876 1764 2947; x_wconf 88' lang='lat' dir='ltr'><strong>ejus</strong></span> <span class='ocrx_word' id='word_1_310' title='bbox 1817 2878 2056 2934; x_wconf 88' lang='lat' dir='ltr'><strong>diabolus</strong></span> 
     </span>
    </p>
   </div>
   <div class='ocr_carea' id='block_1_44' title="bbox 2155 1788 3719 1866">
    <p class='ocr_par' dir='ltr' id='par_1_44' title="bbox 2155 1788 3719 1866">
     <span class='ocr_line' id='line_1_44' title="bbox 2155 1788 3719 1866; baseline -0.003 -19"><span class='ocrx_word' id='word_1_311' title='bbox 2155 1792 2591 1866; x_wconf 83' lang='grc' dir='ltr'>κληρονομούσης</span> <span class='ocrx_word' id='word_1_312' title='bbox 2643 1792 2952 1862; x_wconf 76' lang='grc' dir='ltr'><strong>ἐντυγχάνω</strong></span> <span class='ocrx_word' id='word_1_313' title='bbox 3016 1808 3116 1843; x_wconf 93' lang='grc' dir='ltr'>σοι.</span> <span class='ocrx_word' id='word_1_314' title='bbox 3190 1791 3266 1843; x_wconf 84' lang='grc' dir='ltr'><em>Τὰ</em></span> <span class='ocrx_word' id='word_1_315' title='bbox 3323 1788 3559 1858; x_wconf 75' lang='grc' dir='ltr'>ῥήματά</span> <span class='ocrx_word' id='word_1_316' title='bbox 3599 1807 3719 1858; x_wconf 80' lang='grc' dir='ltr'><strong>μου</strong></span> 
     </span>
    </p>
   </div>
   <div class='ocr_carea' id='block_1_45' title="bbox 2153 1874 3720 1951">
    <p class='ocr_par' dir='ltr' id='par_1_45' title="bbox 2153 1874 3720 1951">
     <span class='ocr_line' id='line_1_45' title="bbox 2153 1874 3720 1951; baseline -0.003 -15"><span class='ocrx_word' id='word_1_317' title='bbox 2153 1882 2444 1946; x_wconf 79' lang='grc' dir='ltr'>ἐνώτισαι,</span> <span class='ocrx_word' id='word_1_318' title='bbox 2469 1882 2660 1950; x_wconf 83' lang='grc' dir='ltr'>Κύριε.</span> <span class='ocrx_word' id='word_1_319' title='bbox 2685 1880 3031 1951; x_wconf 72' lang='grc' dir='ltr'><strong>κληρονόμος</strong></span> <span class='ocrx_word' id='word_1_320' title='bbox 3054 1879 3144 1932; x_wconf 81' lang='grc' dir='ltr'>τοῦ</span> <span class='ocrx_word' id='word_1_321' title='bbox 3178 1879 3298 1932; x_wconf 85' lang='grc' dir='ltr'><strong>Νῶε</strong></span> <span class='ocrx_word' id='word_1_322' title='bbox 3326 1874 3396 1949; x_wconf 78' lang='grc' dir='ltr'><strong>ἦν</strong></span> <span class='ocrx_word' id='word_1_323' title='bbox 3417 1881 3445 1932; x_wconf 86' lang='grc' dir='ltr'><strong>ό</strong></span> <span class='ocrx_word' id='word_1_324' title='bbox 3468 1878 3615 1949; x_wconf 79' lang='grc' dir='ltr'>Χὰμ,</span> <span class='ocrx_word' id='word_1_325' title='bbox 3645 1877 3720 1940; x_wconf 86' lang='grc' dir='ltr'><strong>ὡς</strong></span> 
     </span>
    </p>
   </div>
   <div class='ocr_carea' id='block_1_46' title="bbox 2156 1968 3720 2044">
    <p class='ocr_par' dir='ltr' id='par_1_46' title="bbox 2156 1968 3720 2044">
     <span class='ocr_line' id='line_1_46' title="bbox 2156 1968 3720 2044; baseline -0.001 -20"><span class='ocrx_word' id='word_1_326' title='bbox 2156 1971 2305 2035; x_wconf 77' lang='grc' dir='ltr'>Υίός·</span> <span class='ocrx_word' id='word_1_327' title='bbox 2329 1970 2466 2024; x_wconf 78' lang='grc' dir='ltr'>ἀλλὰ</span> <span class='ocrx_word' id='word_1_328' title='bbox 2495 1973 2726 2044; x_wconf 72' lang='grc' dir='ltr'>ποιήσας</span> <span class='ocrx_word' id='word_1_329' title='bbox 2757 1970 2917 2024; x_wconf 79' lang='grc' dir='ltr'>αὑτὸν</span> <span class='ocrx_word' id='word_1_330' title='bbox 2943 1969 3167 2038; x_wconf 84' lang='grc' dir='ltr'>γελάσαι</span> <span class='ocrx_word' id='word_1_331' title='bbox 3194 1968 3292 2039; x_wconf 82' lang='grc' dir='ltr'>τὴν</span> <span class='ocrx_word' id='word_1_332' title='bbox 3322 1968 3602 2039; x_wconf 83' lang='grc' dir='ltr'>γύμνωσιν</span> <span class='ocrx_word' id='word_1_333' title='bbox 3625 1968 3720 2022; x_wconf 79' lang='grc' dir='ltr'>τοῦ</span> 
     </span>
    </p>
   </div>
   <div class='ocr_carea' id='block_1_47' title="bbox 2157 2060 3720 2136">
    <p class='ocr_par' dir='ltr' id='par_1_47' title="bbox 2157 2060 3720 2136">
     <span class='ocr_line' id='line_1_47' title="bbox 2157 2060 3720 2136; baseline -0.004 -18"><span class='ocrx_word' id='word_1_334' title='bbox 2157 2064 2380 2136; x_wconf 79' lang='grc' dir='ltr'>πατρὸς,</span> <span class='ocrx_word' id='word_1_335' title='bbox 2409 2064 2612 2135; x_wconf 78' lang='grc' dir='ltr'>γυμνὸν</span> <span class='ocrx_word' id='word_1_336' title='bbox 2644 2063 2752 2134; x_wconf 79' lang='grc' dir='ltr'>τῆς</span> <span class='ocrx_word' id='word_1_337' title='bbox 2771 2061 3130 2134; x_wconf 83' lang='grc' dir='ltr'>κληρονομίας</span> <span class='ocrx_word' id='word_1_338' title='bbox 3171 2060 3265 2114; x_wconf 78' lang='grc' dir='ltr'>τοῦ</span> <span class='ocrx_word' id='word_1_339' title='bbox 3295 2061 3498 2133; x_wconf 74' lang='grc' dir='ltr'>πατρὸς</span> <span class='ocrx_word' id='word_1_340' title='bbox 3535 2061 3720 2132; x_wconf 86' lang='grc' dir='ltr'>ἐποίη-</span> 
     </span>
    </p>
   </div>
   <div class='ocr_carea' id='block_1_48' title="bbox 2157 2153 3718 2228">
    <p class='ocr_par' dir='ltr' id='par_1_48' title="bbox 2157 2153 3718 2228">
     <span class='ocr_line' id='line_1_48' title="bbox 2157 2153 3718 2228; baseline -0.003 -18"><span class='ocrx_word' id='word_1_341' title='bbox 2157 2173 2269 2220; x_wconf 88' lang='grc' dir='ltr'>σεν,</span> <span class='ocrx_word' id='word_1_342' title='bbox 2298 2157 2392 2210; x_wconf 74' lang='grc' dir='ltr'><strong>καὶ</strong></span> <span class='ocrx_word' id='word_1_343' title='bbox 2420 2155 2517 2228; x_wconf 84' lang='grc' dir='ltr'>τὴν</span> <span class='ocrx_word' id='word_1_344' title='bbox 2546 2155 2852 2226; x_wconf 75' lang='grc' dir='ltr'>ἐλευθερίαν</span> <span class='ocrx_word' id='word_1_345' title='bbox 2896 2155 3144 2220; x_wconf 90' lang='grc' dir='ltr'>ἐκδύσας,</span> <span class='ocrx_word' id='word_1_346' title='bbox 3184 2153 3424 2208; x_wconf 82' lang='grc' dir='ltr'>δουλείαν</span> <span class='ocrx_word' id='word_1_347' title='bbox 3451 2153 3718 2216; x_wconf 86' lang='grc' dir='ltr'>ἐνέδυσεν,</span> 
     </span>
    </p>
   </div>
   <div class='ocr_carea' id='block_1_49' title="bbox 2156 2243 3719 2321">
    <p class='ocr_par' dir='ltr' id='par_1_49' title="bbox 2156 2243 3719 2321">
     <span class='ocr_line' id='line_1_49' title="bbox 2156 2243 3719 2321; baseline -0.004 -17"><span class='ocrx_word' id='word_1_348' title='bbox 2156 2249 2252 2305; x_wconf 78' lang='grc' dir='ltr'>καὶ</span> <span class='ocrx_word' id='word_1_349' title='bbox 2294 2250 2394 2321; x_wconf 83' lang='grc' dir='ltr'>τὴν</span> <span class='ocrx_word' id='word_1_350' title='bbox 2433 2247 2678 2317; x_wconf 83' lang='grc' dir='ltr'>εὐλογίαν</span> <span class='ocrx_word' id='word_1_351' title='bbox 2709 2247 2857 2317; x_wconf 85' lang='grc' dir='ltr'><strong>αύτῷ</strong></span> <span class='ocrx_word' id='word_1_352' title='bbox 2897 2249 2976 2310; x_wconf 86' lang='grc' dir='ltr'><strong>είς</strong></span> <span class='ocrx_word' id='word_1_353' title='bbox 3005 2245 3249 2316; x_wconf 83' lang='grc' dir='ltr'>κατάραν</span> <span class='ocrx_word' id='word_1_354' title='bbox 3287 2243 3530 2317; x_wconf 78' lang='grc' dir='ltr'>ἔτρεψεν.</span> <span class='ocrx_word' id='word_1_355' title='bbox 3572 2245 3719 2297; x_wconf 78' lang='grc' dir='ltr'>Ἐπι-</span> 
     </span>
    </p>
   </div>
   <div class='ocr_carea' id='block_1_50' title="bbox 2156 2334 3717 2407">
    <p class='ocr_par' dir='ltr' id='par_1_50' title="bbox 2156 2334 3717 2407">
     <span class='ocr_line' id='line_1_50' title="bbox 2156 2334 3717 2407; baseline -0.004 -13"><span class='ocrx_word' id='word_1_356' title='bbox 2156 2339 2482 2407; x_wconf 78' lang='grc' dir='ltr'>κατάρατος</span> <span class='ocrx_word' id='word_1_357' title='bbox 2539 2338 2782 2406; x_wconf 80' lang='grc' dir='ltr'>Χαναὰμ</span> <span class='ocrx_word' id='word_1_358' title='bbox 2845 2337 3004 2404; x_wconf 56' lang='grc' dir='ltr'>παῖςυ</span> <span class='ocrx_word' id='word_1_359' title='bbox 3063 2335 3299 2404; x_wconf 74' lang='grc' dir='ltr'>οἰκέτης</span> <span class='ocrx_word' id='word_1_360' title='bbox 3363 2335 3535 2390; x_wconf 76' lang='grc' dir='ltr'>ἔσται</span> <span class='ocrx_word' id='word_1_361' title='bbox 3599 2334 3717 2400; x_wconf 78' lang='grc' dir='ltr'>τοῖς</span> 
     </span>
    </p>
   </div>
   <div class='ocr_carea' id='block_1_51' title="bbox 2155 2429 2803 2500">
    <p class='ocr_par' dir='ltr' id='par_1_51' title="bbox 2155 2429 2803 2500">
     <span class='ocr_line' id='line_1_51' title="bbox 2155 2429 2803 2500; baseline -0.003 -14"><span class='ocrx_word' id='word_1_362' title='bbox 2155 2430 2429 2500; x_wconf 61' lang='grc' dir='ltr'>ἀδελφοῖς</span> <span class='ocrx_word' id='word_1_363' title='bbox 2455 2429 2640 2484; x_wconf 84' lang='grc' dir='ltr'>αὑτοῦ</span> <span class='ocrx_word' id='word_1_364' title='bbox 2671 2429 2803 2498; x_wconf 76' lang='grc'><strong>(92).</strong></span> 
     </span>
    </p>
   </div>
   <div class='ocr_carea' id='block_1_52' title="bbox 2239 2517 3720 2590">
    <p class='ocr_par' dir='ltr' id='par_1_52' title="bbox 2239 2517 3720 2590">
     <span class='ocr_line' id='line_1_52' title="bbox 2239 2517 3720 2590; baseline -0.004 -14"><span class='ocrx_word' id='word_1_365' title='bbox 2239 2524 2390 2577; x_wconf 69' lang='grc' dir='ltr'>Ἐπεὶ</span> <span class='ocrx_word' id='word_1_366' title='bbox 2434 2518 2529 2576; x_wconf 84' lang='grc' dir='ltr'>οὗν</span> <span class='ocrx_word' id='word_1_367' title='bbox 2579 2523 2674 2575; x_wconf 76' lang='grc' dir='ltr'>καὶ</span> <span class='ocrx_word' id='word_1_368' title='bbox 2721 2522 2882 2584; x_wconf 77' lang='grc' dir='ltr'>αὐτὸς</span> <span class='ocrx_word' id='word_1_369' title='bbox 2937 2521 3032 2574; x_wconf 73' lang='grc' dir='ltr'>καὶ</span> <span class='ocrx_word' id='word_1_370' title='bbox 3079 2519 3176 2576; x_wconf 80' lang='grc' dir='ltr'><strong>νῦν</strong></span> <span class='ocrx_word' id='word_1_371' title='bbox 3227 2519 3325 2590; x_wconf 81' lang='grc' dir='ltr'>τὴν</span> <span class='ocrx_word' id='word_1_372' title='bbox 3366 2517 3584 2590; x_wconf 81' lang='grc' dir='ltr'>νύμφην</span> <span class='ocrx_word' id='word_1_373' title='bbox 3629 2535 3720 2570; x_wconf 91' lang='grc' dir='ltr'><strong>σου</strong></span> 
     </span>
    </p>
   </div>
   <div class='ocr_carea' id='block_1_53' title="bbox 2157 2609 3720 2683">
    <p class='ocr_par' dir='ltr' id='par_1_53' title="bbox 2157 2609 3720 2683">
     <span class='ocr_line' id='line_1_53' title="bbox 2157 2609 3720 2683; baseline -0.003 -18"><span class='ocrx_word' id='word_1_374' title='bbox 2157 2613 2507 2683; x_wconf 83' lang='grc' dir='ltr'>γυμνωθῆναι</span> <span class='ocrx_word' id='word_1_375' title='bbox 2565 2612 2832 2683; x_wconf 83' lang='grc' dir='ltr'>βούλεται·</span> <span class='ocrx_word' id='word_1_376' title='bbox 2880 2613 2966 2666; x_wconf 79' lang='grc' dir='ltr'>ἵνα</span> <span class='ocrx_word' id='word_1_377' title='bbox 3014 2612 3218 2683; x_wconf 86' lang='grc' dir='ltr'>γυμνόν</span> <span class='ocrx_word' id='word_1_378' title='bbox 3274 2628 3331 2663; x_wconf 92' lang='grc' dir='ltr'><strong>σε</strong></span> <span class='ocrx_word' id='word_1_379' title='bbox 3367 2609 3442 2674; x_wconf 81' lang='grc' dir='ltr'>ὡς</span> <span class='ocrx_word' id='word_1_380' title='bbox 3474 2609 3565 2662; x_wconf 74' lang='grc' dir='ltr'><strong>τὸν</strong></span> <span class='ocrx_word' id='word_1_381' title='bbox 3599 2609 3720 2662; x_wconf 79' lang='grc' dir='ltr'>Νῶε</span> 
     </span>
    </p>
   </div>
   <div class='ocr_carea' id='block_1_54' title="bbox 2157 2701 3722 2777">
    <p class='ocr_par' dir='ltr' id='par_1_54' title="bbox 2157 2701 3722 2777">
     <span class='ocr_line' id='line_1_54' title="bbox 2157 2701 3722 2777; baseline -0.003 -19"><span class='ocrx_word' id='word_1_382' title='bbox 2157 2706 2340 2776; x_wconf 77' lang='grc' dir='ltr'>ὁρῶσα</span> <span class='ocrx_word' id='word_1_383' title='bbox 2390 2706 2448 2757; x_wconf 84' lang='grc' dir='ltr'><strong>ἐν</strong></span> <span class='ocrx_word' id='word_1_384' title='bbox 2486 2703 2564 2775; x_wconf 84' lang='grc' dir='ltr'>τῷ</span> <span class='ocrx_word' id='word_1_385' title='bbox 2593 2704 2773 2768; x_wconf 80' lang='grc' dir='ltr'>πάθει,</span> <span class='ocrx_word' id='word_1_386' title='bbox 2808 2704 3008 2777; x_wconf 77' lang='grc' dir='ltr'>γελάσῃ</span> <span class='ocrx_word' id='word_1_387' title='bbox 3040 2720 3099 2756; x_wconf 89' lang='grc' dir='ltr'><strong>σε</strong></span> <span class='ocrx_word' id='word_1_388' title='bbox 3118 2719 3133 2733; x_wconf 84' lang='lat'><strong><em>°</em></strong></span> <span class='ocrx_word' id='word_1_389' title='bbox 3165 2704 3254 2756; x_wconf 81' lang='grc' dir='ltr'>ἴνα</span> <span class='ocrx_word' id='word_1_390' title='bbox 3284 2701 3722 2774; x_wconf 84' lang='grc' dir='ltr'>ἀποκληρονόμον</span> 
     </span>
    </p>
   </div>
   <div class='ocr_carea' id='block_1_55' title="bbox 2157 2793 3723 2868">
    <p class='ocr_par' dir='ltr' id='par_1_55' title="bbox 2157 2793 3723 2868">
     <span class='ocr_line' id='line_1_55' title="bbox 2157 2793 3723 2868; baseline -0.001 -20"><span class='ocrx_word' id='word_1_391' title='bbox 2157 2797 2320 2850; x_wconf 84' lang='grc' dir='ltr'>αὐτὸν</span> <span class='ocrx_word' id='word_1_392' title='bbox 2359 2799 2611 2868; x_wconf 78' lang='grc' dir='ltr'>ποιήσῃς,</span> <span class='ocrx_word' id='word_1_393' title='bbox 2644 2796 2834 2866; x_wconf 73' lang='grc' dir='ltr'>λέγων’</span> <span class='ocrx_word' id='word_1_394' title='bbox 2882 2794 3152 2864; x_wconf 65' lang='grc' dir='ltr'>Ὑπάγετε</span> <span class='ocrx_word' id='word_1_395' title='bbox 3183 2795 3282 2848; x_wconf 79' lang='grc' dir='ltr'><strong>ἀπ’</strong></span> <span class='ocrx_word' id='word_1_396' title='bbox 3312 2793 3480 2862; x_wconf 84' lang='grc' dir='ltr'>ἐμοῦ,</span> <span class='ocrx_word' id='word_1_397' title='bbox 3507 2795 3560 2846; x_wconf 82' lang='grc' dir='ltr'><strong>οἱ</strong></span> <span class='ocrx_word' id='word_1_398' title='bbox 3589 2809 3723 2846; x_wconf 79' lang='grc' dir='ltr'>κατ-</span> 
     </span>
    </p>
   </div>
   <div class='ocr_carea' id='block_1_56' title="bbox 2155 2885 3722 2957">
    <p class='ocr_par' dir='ltr' id='par_1_56' title="bbox 2155 2885 3722 2957">
     <span class='ocr_line' id='line_1_56' title="bbox 2155 2885 3722 2957; baseline -0.001 -15"><span class='ocrx_word' id='word_1_399' title='bbox 2155 2888 2458 2957; x_wconf 84' lang='grc' dir='ltr'>ηραμένοι.</span> <span class='ocrx_word' id='word_1_400' title='bbox 2496 2888 2733 2957; x_wconf 84' lang='grc' dir='ltr'>Γυμνὸς</span> <span class='ocrx_word' id='word_1_401' title='bbox 2766 2887 2948 2957; x_wconf 82' lang='grc' dir='ltr'>ἤμην,</span> <span class='ocrx_word' id='word_1_402' title='bbox 2989 2887 3087 2940; x_wconf 77' lang='grc' dir='ltr'>καὶ</span> <span class='ocrx_word' id='word_1_403' title='bbox 3125 2889 3195 2942; x_wconf 88' lang='grc' dir='ltr'><strong>οὺ</strong></span> <span class='ocrx_word' id='word_1_404' title='bbox 3227 2885 3598 2955; x_wconf 58' lang='grc' dir='ltr'>περιεϐάλετέ</span> <span class='ocrx_word' id='word_1_405' title='bbox 3624 2903 3722 2955; x_wconf 83' lang='grc' dir='ltr'>με.</span> 
     </span>
    </p>
   </div>
   <div class='ocr_carea' id='block_1_57' title="bbox 495 2963 2059 3050">
    <p class='ocr_par' dir='ltr' id='par_1_57' title="bbox 495 2963 2056 3037">
     <span class='ocr_line' id='line_1_57' title="bbox 495 2963 2056 3037; baseline 0.003 -18"><span class='ocrx_word' id='word_1_406' title='bbox 495 2965 787 3033; x_wconf 78' lang='lat' dir='ltr'><strong>ignominia</strong></span> <span class='ocrx_word' id='word_1_407' title='bbox 853 2963 1136 3028; x_wconf 86' lang='lat' dir='ltr'><strong>alliciatur,</strong></span> <span class='ocrx_word' id='word_1_408' title='bbox 1196 2965 1608 3036; x_wconf 86' lang='lat' dir='ltr'><strong>inveniaturque</strong></span> <span class='ocrx_word' id='word_1_409' title='bbox 1656 2983 1851 3037; x_wconf 87' lang='lat' dir='ltr'><strong>sponsa</strong></span> <span class='ocrx_word' id='word_1_410' title='bbox 1918 2969 2056 3023; x_wconf 85' lang='lat' dir='ltr'><strong>intra</strong></span> 
     </span>
    </p>
   </div>
   <div class='ocr_carea' id='block_1_58' title="bbox 2161 2963 3724 3050">
    <p class='ocr_par' dir='ltr' id='par_1_58' title="bbox 2163 2975 3724 3050">
     <span class='ocr_line' id='line_1_58' title="bbox 2163 2975 3724 3050; baseline -0.003 -17"><span class='ocrx_word' id='word_1_411' title='bbox 2163 2981 2278 3033; x_wconf 85' lang='lat' dir='ltr'><strong>&#39;lva</strong></span> <span class='ocrx_word' id='word_1_412' title='bbox 2306 2975 2399 3033; x_wconf 74' lang='grc' dir='ltr'>οὖν</span> <span class='ocrx_word' id='word_1_413' title='bbox 2427 2982 2456 3033; x_wconf 88' lang='grc' dir='ltr'><strong>ό</strong></span> <span class='ocrx_word' id='word_1_414' title='bbox 2488 2979 2757 3043; x_wconf 80' lang='grc' dir='ltr'>ἀντίδικος</span> <span class='ocrx_word' id='word_1_415' title='bbox 2790 2980 2956 3050; x_wconf 79' lang='grc' dir='ltr'>αὐτῆς</span> <span class='ocrx_word' id='word_1_416' title='bbox 2983 2978 3228 3042; x_wconf 75' lang='grc' dir='ltr'>διάϐολος</span> <span class='ocrx_word' id='word_1_417' title='bbox 3256 2977 3535 3049; x_wconf 72' lang='grc' dir='ltr'>αἰσχυνθῇ,</span> <span class='ocrx_word' id='word_1_418' title='bbox 3567 2978 3659 3029; x_wconf 77' lang='grc' dir='ltr'>καὶ</span> <span class='ocrx_word' id='word_1_419' title='bbox 3689 2979 3724 3048; x_wconf 80' lang='grc' dir='ltr'>ή</span> 
     </span>
    </p>
   </div>
   <div class='ocr_carea' id='block_1_59' title="bbox 496 3055 2059 3124">
    <p class='ocr_par' dir='ltr' id='par_1_59' title="bbox 496 3055 2059 3124">
     <span class='ocr_line' id='line_1_59' title="bbox 496 3055 2059 3124; baseline 0.002 -14"><span class='ocrx_word' id='word_1_420' title='bbox 496 3055 884 3120; x_wconf 72' lang='lat' dir='ltr'><strong>lmreditatem,</strong></span> <span class='ocrx_word' id='word_1_421' title='bbox 906 3055 1039 3110; x_wconf 92' lang='lat' dir='ltr'><strong>doce</strong></span> <span class='ocrx_word' id='word_1_422' title='bbox 1071 3055 1237 3121; x_wconf 89' lang='lat' dir='ltr'><strong>illam,</strong></span> <span class='ocrx_word' id='word_1_423' title='bbox 1264 3055 1488 3110; x_wconf 87' lang='lat' dir='ltr'><strong>Domine</strong></span> <span class='ocrx_word' id='word_1_424' title='bbox 1517 3057 1752 3124; x_wconf 82' lang='lat' dir='ltr'><strong>Christe,</strong></span> <span class='ocrx_word' id='word_1_425' title='bbox 1787 3076 1890 3114; x_wconf 91' lang='lat' dir='ltr'><strong>non</strong></span> <span class='ocrx_word' id='word_1_426' title='bbox 1920 3061 2059 3116; x_wconf 92' lang='lat' dir='ltr'><strong>deri-</strong></span> 
     </span>
    </p>
   </div>
   <div class='ocr_carea' id='block_1_60' title="bbox 496 3147 2057 3214">
    <p class='ocr_par' dir='ltr' id='par_1_60' title="bbox 496 3147 2057 3214">
     <span class='ocr_line' id='line_1_60' title="bbox 496 3147 2057 3214; baseline 0.003 -13"><span class='ocrx_word' id='word_1_427' title='bbox 496 3148 624 3201; x_wconf 83' lang='lat' dir='ltr'><strong>dere</strong></span> <span class='ocrx_word' id='word_1_428' title='bbox 679 3147 972 3200; x_wconf 85' lang='lat' dir='ltr'><strong>nuditatem</strong></span> <span class='ocrx_word' id='word_1_429' title='bbox 1033 3157 1210 3214; x_wconf 89' lang='lat' dir='ltr'><strong>tuam;</strong></span> <span class='ocrx_word' id='word_1_430' title='bbox 1265 3148 1361 3203; x_wconf 88' lang='lat' dir='ltr'><strong>sed</strong></span> <span class='ocrx_word' id='word_1_431' title='bbox 1418 3149 1590 3203; x_wconf 89' lang='lat' dir='ltr'><strong>discat</strong></span> <span class='ocrx_word' id='word_1_432' title='bbox 1652 3153 1906 3206; x_wconf 90' lang='lat' dir='ltr'><strong>mundum</strong></span> <span class='ocrx_word' id='word_1_433' title='bbox 1969 3161 2057 3206; x_wconf 89' lang='lat' dir='ltr'><strong>tua</strong></span> 
     </span>
    </p>
   </div>
   <div class='ocr_carea' id='block_1_61' title="bbox 496 3237 2054 3308">
    <p class='ocr_par' dir='ltr' id='par_1_61' title="bbox 496 3237 2054 3308">
     <span class='ocr_line' id='line_1_61' title="bbox 496 3237 2054 3308; baseline 0.004 -17"><span class='ocrx_word' id='word_1_434' title='bbox 496 3239 742 3293; x_wconf 83' lang='lat' dir='ltr'><strong>nuditate</strong></span> <span class='ocrx_word' id='word_1_435' title='bbox 763 3253 882 3292; x_wconf 88' lang='lat' dir='ltr'><strong>esse</strong></span> <span class='ocrx_word' id='word_1_436' title='bbox 905 3237 1149 3291; x_wconf 88' lang='lat' dir='ltr'><strong>indutum</strong></span> <span class='ocrx_word' id='word_1_437' title='bbox 1186 3256 1199 3291; x_wconf 75' lang='grc' dir='ltr'>ε</span> <span class='ocrx_word' id='word_1_438' title='bbox 1237 3237 1362 3308; x_wconf 89' lang='lat' dir='ltr'><strong>quia</strong></span> <span class='ocrx_word' id='word_1_439' title='bbox 1393 3239 1533 3294; x_wconf 85' lang='lat' dir='ltr'><strong>sicut</strong></span> <span class='ocrx_word' id='word_1_440' title='bbox 1559 3241 1706 3296; x_wconf 83' lang='lat' dir='ltr'><strong>dives</strong></span> <span class='ocrx_word' id='word_1_441' title='bbox 1735 3257 1855 3296; x_wconf 89' lang='lat' dir='ltr'><strong>cum</strong></span> <span class='ocrx_word' id='word_1_442' title='bbox 1885 3257 2054 3308; x_wconf 85' lang='lat' dir='ltr'><strong>esses,</strong></span> 
     </span>
    </p>
   </div>
   <div class='ocr_carea' id='block_1_62' title="bbox 495 3331 2058 3398">
    <p class='ocr_par' dir='ltr' id='par_1_62' title="bbox 495 3331 2058 3398">
     <span class='ocr_line' id='line_1_62' title="bbox 495 3331 2058 3398; baseline 0.006 -16"><span class='ocrx_word' id='word_1_443' title='bbox 495 3338 717 3398; x_wconf 86' lang='lat' dir='ltr'><strong>propter</strong></span> <span class='ocrx_word' id='word_1_444' title='bbox 752 3344 848 3383; x_wconf 90' lang='lat' dir='ltr'><strong>nos</strong></span> <span class='ocrx_word' id='word_1_445' title='bbox 879 3345 1081 3398; x_wconf 67' lang='lat' dir='ltr'><strong>egeitus</strong></span> <span class='ocrx_word' id='word_1_446' title='bbox 1109 3331 1284 3386; x_wconf 85' lang='lat' dir='ltr'><strong>factus</strong></span> <span class='ocrx_word' id='word_1_447' title='bbox 1332 3346 1415 3397; x_wconf 89' lang='lat' dir='ltr'><strong>es,</strong></span> <span class='ocrx_word' id='word_1_448' title='bbox 1464 3343 1524 3387; x_wconf 88' lang='lat' dir='ltr'><strong>ut</strong></span> <span class='ocrx_word' id='word_1_449' title='bbox 1553 3348 1651 3388; x_wconf 90' lang='lat' dir='ltr'><strong>nos</strong></span> <span class='ocrx_word' id='word_1_450' title='bbox 1688 3335 1880 3391; x_wconf 82' lang='lat' dir='ltr'><strong>divites</strong></span> <span class='ocrx_word' id='word_1_451' title='bbox 1917 3351 2058 3391; x_wconf 89' lang='lat' dir='ltr'><strong>esse-</strong></span> 
     </span>
    </p>
   </div>
   <div class='ocr_carea' id='block_1_63' title="bbox 497 3413 2060 3493">
    <p class='ocr_par' dir='ltr' id='par_1_63' title="bbox 497 3413 2060 3493">
     <span class='ocr_line' id='line_1_63' title="bbox 497 3413 2060 3493; baseline 0.006 -17"><span class='ocrx_word' id='word_1_452' title='bbox 497 3438 616 3477; x_wconf 90' lang='lat' dir='ltr'><strong>mus</strong></span> <span class='ocrx_word' id='word_1_453' title='bbox 637 3413 712 3488; x_wconf 73' lang='lat'><strong>&quot;;</strong></span> <span class='ocrx_word' id='word_1_454' title='bbox 739 3423 807 3476; x_wconf 89' lang='lat' dir='ltr'><strong>ita</strong></span> <span class='ocrx_word' id='word_1_455' title='bbox 835 3424 926 3492; x_wconf 89' lang='lat' dir='ltr'><strong>qui</strong></span> <span class='ocrx_word' id='word_1_456' title='bbox 957 3423 1151 3477; x_wconf 73' lang='lat' dir='ltr'><strong>coelum</strong></span> <span class='ocrx_word' id='word_1_457' title='bbox 1183 3434 1236 3478; x_wconf 91' lang='lat' dir='ltr'><strong>et</strong></span> <span class='ocrx_word' id='word_1_458' title='bbox 1260 3434 1455 3479; x_wconf 85' lang='lat' dir='ltr'><strong>terram</strong></span> <span class='ocrx_word' id='word_1_459' title='bbox 1477 3427 1662 3493; x_wconf 83' lang='lat' dir='ltr'><strong>vestis,</strong></span> <span class='ocrx_word' id='word_1_460' title='bbox 1688 3431 1860 3485; x_wconf 89' lang='lat' dir='ltr'><strong>nudus</strong></span> <span class='ocrx_word' id='word_1_461' title='bbox 1889 3429 2060 3486; x_wconf 82' lang='lat' dir='ltr'><strong>factus</strong></span> 
     </span>
    </p>
   </div>
   <div class='ocr_carea' id='block_1_64' title="bbox 496 3515 2060 3589">
    <p class='ocr_par' dir='ltr' id='par_1_64' title="bbox 496 3515 2060 3589">
     <span class='ocr_line' id='line_1_64' title="bbox 496 3515 2060 3589; baseline 0.004 -20"><span class='ocrx_word' id='word_1_462' title='bbox 496 3530 580 3578; x_wconf 86' lang='lat' dir='ltr'><strong>es,</strong></span> <span class='ocrx_word' id='word_1_463' title='bbox 604 3529 710 3583; x_wconf 83' lang='lat' dir='ltr'><strong>quo</strong></span> <span class='ocrx_word' id='word_1_464' title='bbox 745 3515 996 3568; x_wconf 87' lang='lat' dir='ltr'><strong>mundum</strong></span> <span class='ocrx_word' id='word_1_465' title='bbox 1031 3516 1278 3570; x_wconf 85' lang='lat' dir='ltr'><strong>vestires.</strong></span> <span class='ocrx_word' id='word_1_466' title='bbox 1340 3515 1505 3571; x_wconf 80' lang='lat' dir='ltr'><strong>Verba</strong></span> <span class='ocrx_word' id='word_1_467' title='bbox 1544 3536 1658 3574; x_wconf 84' lang='lat' dir='ltr'><strong>mea</strong></span> <span class='ocrx_word' id='word_1_468' title='bbox 1696 3522 1911 3574; x_wconf 85' lang='lat' dir='ltr'><strong>auribus</strong></span> <span class='ocrx_word' id='word_1_469' title='bbox 1949 3539 2060 3589; x_wconf 88' lang='lat' dir='ltr'><strong>per-</strong></span> 
     </span>
    </p>
   </div>
   <div class='ocr_carea' id='block_1_65' title="bbox 495 3606 2055 3680">
    <p class='ocr_par' dir='ltr' id='par_1_65' title="bbox 495 3606 2055 3680">
     <span class='ocr_line' id='line_1_65' title="bbox 495 3606 2055 3680; baseline 0.005 -20"><span class='ocrx_word' id='word_1_470' title='bbox 495 3609 624 3674; x_wconf 89' lang='lat' dir='ltr'><strong>cipe,</strong></span> <span class='ocrx_word' id='word_1_471' title='bbox 659 3607 898 3662; x_wconf 85' lang='lat' dir='ltr'><strong>Domine.</strong></span> <span class='ocrx_word' id='word_1_472' title='bbox 939 3606 1216 3661; x_wconf 86' lang='lat' dir='ltr'><strong>lsmaelem</strong></span> <span class='ocrx_word' id='word_1_473' title='bbox 1253 3622 1374 3662; x_wconf 91' lang='lat' dir='ltr'><strong>cum</strong></span> <span class='ocrx_word' id='word_1_474' title='bbox 1404 3609 1655 3680; x_wconf 64' lang='lat' dir='ltr'><strong>Egyptian</strong></span> <span class='ocrx_word' id='word_1_475' title='bbox 1685 3623 1856 3665; x_wconf 82' lang='lat' dir='ltr'><strong>matre</strong></span> <span class='ocrx_word' id='word_1_476' title='bbox 1878 3614 2055 3668; x_wconf 75' lang='lat' dir='ltr'><strong>exiite-</strong></span> 
     </span>
    </p>
   </div>
   <div class='ocr_carea' id='block_1_66' title="bbox 495 3697 2060 3758">
    <p class='ocr_par' dir='ltr' id='par_1_66' title="bbox 495 3697 2060 3758">
     <span class='ocr_line' id='line_1_66' title="bbox 495 3697 2060 3758; baseline 0.004 -8"><span class='ocrx_word' id='word_1_477' title='bbox 495 3699 678 3752; x_wconf 87' lang='lat' dir='ltr'><strong>redem</strong></span> <span class='ocrx_word' id='word_1_478' title='bbox 711 3697 998 3750; x_wconf 88' lang='lat' dir='ltr'><strong>ludibrium</strong></span> <span class='ocrx_word' id='word_1_479' title='bbox 1040 3698 1288 3751; x_wconf 86' lang='lat' dir='ltr'><strong>omnibus</strong></span> <span class='ocrx_word' id='word_1_480' title='bbox 1327 3699 1474 3755; x_wconf 81' lang='lat' dir='ltr'><strong>fecit.</strong></span> <span class='ocrx_word' id='word_1_481' title='bbox 1529 3698 1719 3754; x_wconf 83' lang='lat' dir='ltr'><strong>Videns</strong></span> <span class='ocrx_word' id='word_1_482' title='bbox 1744 3703 1886 3756; x_wconf 88' lang='lat' dir='ltr'><strong>enim</strong></span> <span class='ocrx_word' id='word_1_483' title='bbox 1920 3702 2060 3758; x_wconf 88' lang='lat' dir='ltr'><strong>Sara</strong></span> 
     </span>
    </p>
   </div>
   <div class='ocr_carea' id='block_1_67' title="bbox 495 3787 2056 3862">
    <p class='ocr_par' dir='ltr' id='par_1_67' title="bbox 495 3787 2056 3862">
     <span class='ocr_line' id='line_1_67' title="bbox 495 3787 2056 3862; baseline 0.005 -22"><span class='ocrx_word' id='word_1_484' title='bbox 495 3789 664 3857; x_wconf 81' lang='lat' dir='ltr'><strong>ﬁlium</strong></span> <span class='ocrx_word' id='word_1_485' title='bbox 691 3789 833 3858; x_wconf 84' lang='lat' dir='ltr'><strong>Agar</strong></span> <span class='ocrx_word' id='word_1_486' title='bbox 857 3787 1124 3858; x_wconf 61' lang='lat' dir='ltr'><strong>zEgyptite</strong></span> <span class='ocrx_word' id='word_1_487' title='bbox 1147 3788 1408 3843; x_wconf 82' lang='lat' dir='ltr'><strong>ludentem</strong></span> <span class='ocrx_word' id='word_1_488' title='bbox 1441 3807 1559 3845; x_wconf 88' lang='lat' dir='ltr'><strong>cum</strong></span> <span class='ocrx_word' id='word_1_489' title='bbox 1590 3791 1779 3847; x_wconf 83' lang='lat' dir='ltr'><strong>Isaaco</strong></span> <span class='ocrx_word' id='word_1_490' title='bbox 1803 3794 1914 3862; x_wconf 81' lang='lat' dir='ltr'><strong>lilio</strong></span> <span class='ocrx_word' id='word_1_491' title='bbox 1939 3811 2056 3861; x_wconf 90' lang='lat' dir='ltr'><strong>suo,</strong></span> 
     </span>
    </p>
   </div>
   <div class='ocr_carea' id='block_1_68' title="bbox 571 3948 2066 4022">
    <p class='ocr_par' dir='ltr' id='par_1_68' title="bbox 571 3948 2066 4022">
     <span class='ocr_line' id='line_1_68' title="bbox 571 3948 2066 4022; baseline 0.007 -20"><span class='ocrx_word' id='word_1_492' title='bbox 571 3951 615 3981; x_wconf 73' lang='grc'><strong>⁸⁸</strong></span> <span class='ocrx_word' id='word_1_493' title='bbox 644 3950 658 4002; x_wconf 87' lang='grc'><strong>1</strong></span> <span class='ocrx_word' id='word_1_494' title='bbox 691 3948 817 4003; x_wconf 88' lang='lat' dir='ltr'><strong>Cor.</strong></span> <span class='ocrx_word' id='word_1_495' title='bbox 853 3965 908 4014; x_wconf 87' lang='grc' dir='ltr'><strong>ιι,</strong></span> <span class='ocrx_word' id='word_1_496' title='bbox 941 3950 995 4006; x_wconf 92' lang='lat'><strong>9.</strong></span> <span class='ocrx_word' id='word_1_497' title='bbox 1069 3952 1116 3984; x_wconf 79' lang='lat'><strong>’°</strong></span> <span class='ocrx_word' id='word_1_498' title='bbox 1142 3953 1164 4006; x_wconf 88' lang='grc' dir='ltr'><strong>ι</strong></span> <span class='ocrx_word' id='word_1_499' title='bbox 1189 3950 1332 4008; x_wconf 90' lang='lat' dir='ltr'><strong>Petr.</strong></span> <span class='ocrx_word' id='word_1_500' title='bbox 1361 3968 1412 4020; x_wconf 80' lang='grc' dir='ltr'><strong>ν,</strong></span> <span class='ocrx_word' id='word_1_501' title='bbox 1442 3954 1495 4010; x_wconf 88' lang='grc'><strong>8.</strong></span> <span class='ocrx_word' id='word_1_502' title='bbox 1571 3954 1615 3986; x_wconf 82' lang='grc'><strong>⁹²</strong></span> <span class='ocrx_word' id='word_1_503' title='bbox 1643 3953 1834 4010; x_wconf 78' lang='lat' dir='ltr'><strong>Cenes.</strong></span> <span class='ocrx_word' id='word_1_504' title='bbox 1866 3970 1944 4022; x_wconf 77' lang='lat' dir='ltr'><strong>ix,</strong></span> <span class='ocrx_word' id='word_1_505' title='bbox 1977 3956 2066 4012; x_wconf 72' lang='lat'><strong>25.</strong></span> 
     </span>
    </p>
   </div>
   <div class='ocr_carea' id='block_1_69' title="bbox 574 4066 2060 4139">
    <p class='ocr_par' dir='ltr' id='par_1_69' title="bbox 574 4066 2060 4139">
     <span class='ocr_line' id='line_1_69' title="bbox 574 4066 2060 4139; baseline 0.003 -16"><span class='ocrx_word' id='word_1_506' title='bbox 574 4067 681 4139; x_wconf 79' lang='lat'><strong>(9-!)</strong></span> <span class='ocrx_word' id='word_1_507' title='bbox 722 4066 1066 4139; x_wconf 77' lang='grc' dir='ltr'>’ᾼντίδικος.</span> <span class='ocrx_word' id='word_1_508' title='bbox 1114 4068 1474 4132; x_wconf 79' lang='lat' dir='ltr'><strong>Adversarius,</strong></span> <span class='ocrx_word' id='word_1_509' title='bbox 1506 4071 1764 4124; x_wconf 82' lang='lat' dir='ltr'><strong>diabolus.</strong></span> <span class='ocrx_word' id='word_1_510' title='bbox 1794 4071 1928 4127; x_wconf 83' lang='lat' dir='ltr'><strong>Vere</strong></span> <span class='ocrx_word' id='word_1_511' title='bbox 1961 4088 2060 4128; x_wconf 86' lang='lat' dir='ltr'><strong>nos</strong></span> 
     </span>
    </p>
   </div>
   <div class='ocr_carea' id='block_1_70' title="bbox 505 4138 2056 4209">
    <p class='ocr_par' dir='ltr' id='par_1_70' title="bbox 505 4138 2056 4209">
     <span class='ocr_line' id='line_1_70' title="bbox 505 4138 2056 4209; baseline 0.001 -15"><span class='ocrx_word' id='word_1_512' title='bbox 505 4138 684 4194; x_wconf 85' lang='lat' dir='ltr'><strong>beavit</strong></span> <span class='ocrx_word' id='word_1_513' title='bbox 710 4138 792 4190; x_wconf 84' lang='lat' dir='ltr'><strong>vir</strong></span> <span class='ocrx_word' id='word_1_514' title='bbox 817 4139 882 4209; x_wconf 87' lang='lat' dir='ltr'><strong>de</strong></span> <span class='ocrx_word' id='word_1_515' title='bbox 905 4138 1093 4192; x_wconf 83' lang='lat' dir='ltr'><strong>litteris</strong></span> <span class='ocrx_word' id='word_1_516' title='bbox 1120 4139 1319 4209; x_wconf 88' lang='lat' dir='ltr'><strong>optime</strong></span> <span class='ocrx_word' id='word_1_517' title='bbox 1339 4141 1559 4195; x_wconf 89' lang='lat' dir='ltr'><strong>meritus</strong></span> <span class='ocrx_word' id='word_1_518' title='bbox 1585 4141 1833 4195; x_wconf 85' lang='lat' dir='ltr'><strong>Baluzius</strong></span> <span class='ocrx_word' id='word_1_519' title='bbox 1855 4155 2056 4209; x_wconf 87' lang='lat' dir='ltr'><strong>noster,</strong></span> 
     </span>
    </p>
   </div>
   <div class='ocr_carea' id='block_1_71' title="bbox 507 4208 2055 4280">
    <p class='ocr_par' dir='ltr' id='par_1_71' title="bbox 507 4208 2055 4280">
     <span class='ocr_line' id='line_1_71' title="bbox 507 4208 2055 4280; baseline 0.001 -16"><span class='ocrx_word' id='word_1_520' title='bbox 507 4212 808 4280; x_wconf 82' lang='lat' dir='ltr'><strong>edito-ante</strong></span> <span class='ocrx_word' id='word_1_521' title='bbox 839 4208 938 4261; x_wconf 89' lang='lat' dir='ltr'><strong>hoc</strong></span> <span class='ocrx_word' id='word_1_522' title='bbox 973 4208 1242 4280; x_wconf 84' lang='lat' dir='ltr'><strong>biennium</strong></span> <span class='ocrx_word' id='word_1_523' title='bbox 1291 4223 1453 4262; x_wconf 91' lang='lat' dir='ltr'><strong>aureo</strong></span> <span class='ocrx_word' id='word_1_524' title='bbox 1483 4210 1737 4279; x_wconf 86' lang='lat' dir='ltr'><strong>npnsculo</strong></span> <span class='ocrx_word' id='word_1_525' title='bbox 1789 4212 1928 4280; x_wconf 89' lang='lat' dir='ltr'><strong>quod</strong></span> <span class='ocrx_word' id='word_1_526' title='bbox 1953 4208 2055 4266; x_wconf 48' lang='lat' dir='ltr'><strong>La;</strong></span> 
     </span>
    </p>
   </div>
   <div class='ocr_carea' id='block_1_72' title="bbox 509 4277 2055 4350">
    <p class='ocr_par' dir='ltr' id='par_1_72' title="bbox 509 4277 2055 4350">
     <span class='ocr_line' id='line_1_72' title="bbox 509 4277 2055 4350; baseline 0.004 -20"><span class='ocrx_word' id='word_1_527' title='bbox 509 4279 744 4350; x_wconf 83' lang='lat' dir='ltr'><strong>ctantins</strong></span> <span class='ocrx_word' id='word_1_528' title='bbox 767 4278 831 4350; x_wconf 82' lang='lat' dir='ltr'><strong>de</strong></span> <span class='ocrx_word' id='word_1_529' title='bbox 861 4277 1230 4343; x_wconf 84' lang='lat' dir='ltr'><strong>persecutione</strong></span> <span class='ocrx_word' id='word_1_530' title='bbox 1261 4289 1314 4331; x_wconf 90' lang='lat' dir='ltr'><strong>et</strong></span> <span class='ocrx_word' id='word_1_531' title='bbox 1341 4277 2055 4350; x_wconf 36' lang='lat' dir='ltr'><strong>_persecutoribus-scripsit.</strong></span> 
     </span>
    </p>
   </div>
   <div class='ocr_carea' id='block_1_73' title="bbox 509 4347 2062 4416">
    <p class='ocr_par' dir='ltr' id='par_1_73' title="bbox 509 4347 2062 4416">
     <span class='ocr_line' id='line_1_73' title="bbox 509 4347 2062 4416; baseline 0.004 -16"><span class='ocrx_word' id='word_1_532' title='bbox 509 4350 613 4402; x_wconf 82' lang='lat' dir='ltr'><strong>Sed</strong></span> <span class='ocrx_word' id='word_1_533' title='bbox 639 4348 919 4401; x_wconf 87' lang='lat' dir='ltr'><strong>dolendum</strong></span> <span class='ocrx_word' id='word_1_534' title='bbox 955 4357 1038 4400; x_wconf 85' lang='lat' dir='ltr'><strong>est</strong></span> <span class='ocrx_word' id='word_1_535' title='bbox 1091 4356 1166 4400; x_wconf 91' lang='lat' dir='ltr'><strong>tot</strong></span> <span class='ocrx_word' id='word_1_536' title='bbox 1198 4347 1418 4401; x_wconf 85' lang='lat' dir='ltr'><strong>mendas</strong></span> <span class='ocrx_word' id='word_1_537' title='bbox 1456 4351 1800 4416; x_wconf 82' lang='lat' dir='ltr'><strong>remansisse,</strong></span> <span class='ocrx_word' id='word_1_538' title='bbox 1858 4347 2062 4406; x_wconf 42' lang='lat' dir='ltr'><strong>ut&#39;l‘ere</strong></span> 
     </span>
    </p>
   </div>
   <div class='ocr_carea' id='block_1_74' title="bbox 506 4417 2062 4485">
    <p class='ocr_par' dir='ltr' id='par_1_74' title="bbox 506 4417 2062 4485">
     <span class='ocr_line' id='line_1_74' title="bbox 506 4417 2062 4485; baseline 0.001 -12"><span class='ocrx_word' id='word_1_539' title='bbox 506 4423 566 4473; x_wconf 88' lang='lat' dir='ltr'><strong>lit</strong></span> <span class='ocrx_word' id='word_1_540' title='bbox 609 4421 658 4472; x_wconf 86' lang='lat' dir='ltr'><strong>in</strong></span> <span class='ocrx_word' id='word_1_541' title='bbox 694 4417 878 4485; x_wconf 87' lang='lat' dir='ltr'><strong>primis</strong></span> <span class='ocrx_word' id='word_1_542' title='bbox 929 4417 1272 4477; x_wconf 77' lang='lat' dir='ltr'><strong>eilitionibus,</strong></span> <span class='ocrx_word' id='word_1_543' title='bbox 1329 4421 1622 4483; x_wconf 70' lang='lat' dir='ltr'><strong>praesertim</strong></span> <span class='ocrx_word' id='word_1_544' title='bbox 1680 4433 1800 4473; x_wconf 89' lang='lat' dir='ltr'><strong>cum</strong></span> <span class='ocrx_word' id='word_1_545' title='bbox 1857 4436 1919 4474; x_wconf 83' lang='lat' dir='ltr'><strong>ex</strong></span> <span class='ocrx_word' id='word_1_546' title='bbox 1958 4437 2062 4475; x_wconf 89' lang='lat' dir='ltr'><strong>uno</strong></span> 
     </span>
    </p>
   </div>
   <div class='ocr_carea' id='block_1_75' title="bbox 505 4487 2063 4559">
    <p class='ocr_par' dir='ltr' id='par_1_75' title="bbox 505 4487 2063 4559">
     <span class='ocr_line' id='line_1_75' title="bbox 505 4487 2063 4559; baseline 0.002 -17"><span class='ocrx_word' id='word_1_547' title='bbox 505 4487 963 4559; x_wconf 84' lang='lat' dir='ltr'><strong>ms.quantumvis</strong></span> <span class='ocrx_word' id='word_1_548' title='bbox 984 4487 1197 4553; x_wconf 73' lang='lat' dir='ltr'><strong>optima:</strong></span> <span class='ocrx_word' id='word_1_549' title='bbox 1223 4496 1357 4559; x_wconf 72' lang='lat' dir='ltr'><strong>noue</strong></span> <span class='ocrx_word' id='word_1_550' title='bbox 1385 4488 1664 4559; x_wconf 83' lang='lat' dir='ltr'><strong>prodeunt.</strong></span> <span class='ocrx_word' id='word_1_551' title='bbox 1685 4489 1842 4543; x_wconf 85' lang='lat' dir='ltr'><strong>Certe</strong></span> <span class='ocrx_word' id='word_1_552' title='bbox 1862 4491 1928 4541; x_wconf 88' lang='lat' dir='ltr'><strong>ab</strong></span> <span class='ocrx_word' id='word_1_553' title='bbox 1951 4491 2063 4559; x_wconf 92' lang='lat' dir='ltr'><strong>ipso</strong></span> 
     </span>
    </p>
   </div>
   <div class='ocr_carea' id='block_1_76' title="bbox 507 4549 2138 4624">
    <p class='ocr_par' dir='ltr' id='par_1_76' title="bbox 507 4549 2138 4624">
     <span class='ocr_line' id='line_1_76' title="bbox 507 4549 2138 4624; baseline 0.002 -13"><span class='ocrx_word' id='word_1_554' title='bbox 507 4549 689 4611; x_wconf 70' lang='lat' dir='ltr'><strong>limine</strong></span> <span class='ocrx_word' id='word_1_555' title='bbox 739 4549 1085 4624; x_wconf 83' lang='lat' dir='ltr'><strong>depravatum</strong></span> <span class='ocrx_word' id='word_1_556' title='bbox 1121 4565 1223 4609; x_wconf 86' lang='lat' dir='ltr'><strong>est.</strong></span> <span class='ocrx_word' id='word_1_557' title='bbox 1254 4556 1356 4616; x_wconf 79' lang='lat' dir='ltr'><strong>.lla</strong></span> <span class='ocrx_word' id='word_1_558' title='bbox 1385 4549 1619 4611; x_wconf 36' lang='lat' dir='ltr'><strong>‘inchoat</strong></span> <span class='ocrx_word' id='word_1_559' title='bbox 1651 4559 1848 4614; x_wconf 88' lang='lat' dir='ltr'><strong>lacteus</strong></span> <span class='ocrx_word' id='word_1_560' title='bbox 1885 4549 2061 4624; x_wconf 63' lang='lat' dir='ltr'><strong>Paier,</strong></span> <span class='ocrx_word' id='word_1_561' title='bbox 2094 4549 2138 4604; x_wconf 83' lang='grc' dir='ltr'>Ῑ)</span> 
     </span>
    </p>
   </div>
   <div class='ocr_carea' id='block_1_77' title="bbox 506 4625 2063 4696">
    <p class='ocr_par' dir='ltr' id='par_1_77' title="bbox 506 4625 2063 4696">
     <span class='ocr_line' id='line_1_77' title="bbox 506 4625 2063 4696; baseline 0.001 -14"><span class='ocrx_word' id='word_1_562' title='bbox 506 4627 720 4682; x_wconf 81' lang='lat' dir='ltr'><strong>Audiuit</strong></span> <span class='ocrx_word' id='word_1_563' title='bbox 761 4625 1007 4678; x_wconf 87' lang='lat' dir='ltr'><strong>Dominus</strong></span> <span class='ocrx_word' id='word_1_564' title='bbox 1045 4626 1305 4696; x_wconf 79' lang='lat' dir='ltr'><strong>orationes</strong></span> <span class='ocrx_word' id='word_1_565' title='bbox 1333 4635 1472 4688; x_wconf 89' lang='lat' dir='ltr'><strong>tuas,</strong></span> <span class='ocrx_word' id='word_1_566' title='bbox 1515 4627 1717 4681; x_wconf 86' lang='lat' dir='ltr'><strong>Donate</strong></span> <span class='ocrx_word' id='word_1_567' title='bbox 1740 4629 2063 4696; x_wconf 85' lang='lat' dir='ltr'><strong>charissime,</strong></span> 
     </span>
    </p>
   </div>
   <div class='ocr_carea' id='block_1_78' title="bbox 505 4694 2065 4766">
    <p class='ocr_par' dir='ltr' id='par_1_78' title="bbox 505 4694 2065 4766">
     <span class='ocr_line' id='line_1_78' title="bbox 505 4694 2065 4766; baseline 0.001 -17"><span class='ocrx_word' id='word_1_568' title='bbox 505 4714 633 4766; x_wconf 88' lang='lat' dir='ltr'><strong>quas</strong></span> <span class='ocrx_word' id='word_1_569' title='bbox 657 4697 709 4747; x_wconf 84' lang='lat' dir='ltr'><strong>in</strong></span> <span class='ocrx_word' id='word_1_570' title='bbox 747 4705 1019 4762; x_wconf 81' lang='lat' dir='ltr'><strong>conspectu</strong></span> <span class='ocrx_word' id='word_1_571' title='bbox 1052 4694 1164 4766; x_wconf 82' lang='lat' dir='ltr'><strong>ejus</strong></span> <span class='ocrx_word' id='word_1_572' title='bbox 1196 4710 1286 4760; x_wconf 88' lang='lat' dir='ltr'><strong>per</strong></span> <span class='ocrx_word' id='word_1_573' title='bbox 1307 4711 1479 4748; x_wconf 85' lang='lat' dir='ltr'><strong>omnes</strong></span> <span class='ocrx_word' id='word_1_574' title='bbox 1499 4698 1655 4750; x_wconf 88' lang='lat' dir='ltr'><strong>horas</strong></span> <span class='ocrx_word' id='word_1_575' title='bbox 1685 4707 1791 4750; x_wconf 87' lang='lat' dir='ltr'><strong>tota</strong></span> <span class='ocrx_word' id='word_1_576' title='bbox 1819 4700 1902 4750; x_wconf 89' lang='lat' dir='ltr'><strong>die</strong></span> <span class='ocrx_word' id='word_1_577' title='bbox 1939 4694 2065 4766; x_wconf 51' lang='lat' dir='ltr'><strong>run?</strong></span> 
     </span>
    </p>
   </div>
   <div class='ocr_carea' id='block_1_79' title="bbox 506 4763 2068 4834">
    <p class='ocr_par' dir='ltr' id='par_1_79' title="bbox 506 4763 2068 4834">
     <span class='ocr_line' id='line_1_79' title="bbox 506 4763 2068 4834; baseline 0.003 -16"><span class='ocrx_word' id='word_1_578' title='bbox 506 4763 609 4832; x_wconf 80' lang='lat' dir='ltr'><strong>dis,</strong></span> <span class='ocrx_word' id='word_1_579' title='bbox 637 4775 1040 4833; x_wconf 79' lang='lat' dir='ltr'><strong>ca&#39;terorumque</strong></span> <span class='ocrx_word' id='word_1_580' title='bbox 1099 4763 1323 4831; x_wconf 82' lang='lat' dir='ltr'><strong>fratrum</strong></span> <span class='ocrx_word' id='word_1_581' title='bbox 1364 4776 1658 4818; x_wconf 87' lang='lat' dir='ltr'><strong>nostrorum</strong></span> <span class='ocrx_word' id='word_1_582' title='bbox 1711 4768 1798 4834; x_wconf 87' lang='lat' dir='ltr'><strong>qui</strong></span> <span class='ocrx_word' id='word_1_583' title='bbox 1841 4763 2068 4834; x_wconf 80' lang='lat' dir='ltr'><strong>gloriosa</strong></span> 
     </span>
    </p>
   </div>
   <div class='ocr_carea' id='block_1_80' title="bbox 508 4834 2068 4904">
    <p class='ocr_par' dir='ltr' id='par_1_80' title="bbox 508 4834 2068 4904">
     <span class='ocr_line' id='line_1_80' title="bbox 508 4834 2068 4904; baseline 0.003 -16"><span class='ocrx_word' id='word_1_584' title='bbox 508 4837 830 4898; x_wconf 77' lang='lat' dir='ltr'><strong>confessione</strong></span> <span class='ocrx_word' id='word_1_585' title='bbox 877 4837 1235 4904; x_wconf 65' lang='lat' dir='ltr'><strong>sempiternam</strong></span> <span class='ocrx_word' id='word_1_586' title='bbox 1268 4834 1366 4885; x_wconf 87' lang='lat' dir='ltr'><strong>sibi</strong></span> <span class='ocrx_word' id='word_1_587' title='bbox 1393 4851 1633 4887; x_wconf 77' lang='lat' dir='ltr'><strong>coronam</strong></span> <span class='ocrx_word' id='word_1_588' title='bbox 1673 4851 1767 4904; x_wconf 89' lang='lat' dir='ltr'><strong>pro</strong></span> <span class='ocrx_word' id='word_1_589' title='bbox 1810 4838 1932 4904; x_wconf 76' lang='lat' dir='ltr'><strong>ﬁdei</strong></span> <span class='ocrx_word' id='word_1_590' title='bbox 1959 4855 2068 4892; x_wconf 86' lang='lat' dir='ltr'><strong>sute</strong></span> 
     </span>
    </p>
   </div>
   <div class='ocr_carea' id='block_1_81' title="bbox 508 4901 2065 4974">
    <p class='ocr_par' dir='ltr' id='par_1_81' title="bbox 508 4901 2065 4974">
     <span class='ocr_line' id='line_1_81' title="bbox 508 4901 2065 4974; baseline 0.001 -16"><span class='ocrx_word' id='word_1_591' title='bbox 508 4907 707 4959; x_wconf 88' lang='lat' dir='ltr'><strong>meritis</strong></span> <span class='ocrx_word' id='word_1_592' title='bbox 737 4904 1069 4974; x_wconf 69' lang='lat' dir='ltr'><strong>qua&#39;sierunt.</strong></span> <span class='ocrx_word' id='word_1_593' title='bbox 1105 4901 1240 4953; x_wconf 85' lang='lat' dir='ltr'><strong>Ecce</strong></span> <span class='ocrx_word' id='word_1_594' title='bbox 1262 4905 1486 4974; x_wconf 77' lang='lat' dir='ltr'><strong>addetur</strong></span> <span class='ocrx_word' id='word_1_595' title='bbox 1509 4905 1589 4957; x_wconf 83' lang='lat' dir='ltr'><strong>his</strong></span> <span class='ocrx_word' id='word_1_596' title='bbox 1623 4901 1858 4958; x_wconf 82' lang='lat' dir='ltr'><strong>omnibus</strong></span> <span class='ocrx_word' id='word_1_597' title='bbox 1889 4907 2065 4960; x_wconf 79' lang='lat' dir='ltr'><strong>adver-</strong></span> 
     </span>
    </p>
   </div>
   <div class='ocr_carea' id='block_1_82' title="bbox 507 4971 2070 5045">
    <p class='ocr_par' dir='ltr' id='par_1_82' title="bbox 507 4971 2070 5045">
     <span class='ocr_line' id='line_1_82' title="bbox 507 4971 2070 5045; baseline 0.001 -17"><span class='ocrx_word' id='word_1_598' title='bbox 507 4977 680 5028; x_wconf 86' lang='lat' dir='ltr'><strong>sarius</strong></span> <span class='ocrx_word' id='word_1_599' title='bbox 703 4991 721 5028; x_wconf 91' lang='lat'><strong><em>:</em></strong></span> <span class='ocrx_word' id='word_1_600' title='bbox 747 4971 793 5028; x_wconf 79' lang='lat' dir='ltr'><strong>et</strong></span> <span class='ocrx_word' id='word_1_601' title='bbox 831 4976 1071 5045; x_wconf 61' lang='lat' dir='ltr'><strong>restituta</strong></span> <span class='ocrx_word' id='word_1_602' title='bbox 1109 4987 1202 5039; x_wconf 89' lang='lat' dir='ltr'><strong>per</strong></span> <span class='ocrx_word' id='word_1_603' title='bbox 1245 4971 1416 5025; x_wconf 84' lang='lat' dir='ltr'><strong>orbem</strong></span> <span class='ocrx_word' id='word_1_604' title='bbox 1471 4975 1866 5045; x_wconf 72' lang='lat' dir='ltr'><strong>tranquillitate,</strong></span> <span class='ocrx_word' id='word_1_605' title='bbox 1891 4979 2070 5045; x_wconf 80' lang='lat' dir='ltr'><strong>proﬂi-</strong></span> 
     </span>
    </p>
   </div>
   <div class='ocr_carea' id='block_1_83' title="bbox 508 5040 2068 5113">
    <p class='ocr_par' dir='ltr' id='par_1_83' title="bbox 508 5040 2068 5113">
     <span class='ocr_line' id='line_1_83' title="bbox 508 5040 2068 5113; baseline 0.001 -16"><span class='ocrx_word' id='word_1_606' title='bbox 508 5056 631 5113; x_wconf 77' lang='lat' dir='ltr'><strong>gata</strong></span> <span class='ocrx_word' id='word_1_607' title='bbox 659 5060 820 5104; x_wconf 86' lang='lat' dir='ltr'><strong>nuper</strong></span> <span class='ocrx_word' id='word_1_608' title='bbox 848 5040 1081 5096; x_wconf 84' lang='lat' dir='ltr'><strong>Ecclesia</strong></span> <span class='ocrx_word' id='word_1_609' title='bbox 1112 5057 1317 5094; x_wconf 87' lang='lat' dir='ltr'><strong>rursum</strong></span> <span class='ocrx_word' id='word_1_610' title='bbox 1351 5040 1610 5112; x_wconf 41' lang='lat' dir='ltr'><strong>exsurgit;</strong></span> <span class='ocrx_word' id='word_1_611' title='bbox 1636 5042 1766 5109; x_wconf 85' lang='lat' dir='ltr'><strong>Quis</strong></span> <span class='ocrx_word' id='word_1_612' title='bbox 1791 5040 1931 5099; x_wconf 83' lang='lat' dir='ltr'><strong>enim</strong></span> <span class='ocrx_word' id='word_1_613' title='bbox 1967 5040 2068 5100; x_wconf 77' lang='lat' dir='ltr'><strong>lion</strong></span> 
     </span>
    </p>
   </div>
   <div class='ocr_carea' id='block_1_84' title="bbox 509 5113 2066 5184">
    <p class='ocr_par' dir='ltr' id='par_1_84' title="bbox 509 5113 2066 5184">
     <span class='ocr_line' id='line_1_84' title="bbox 509 5113 2066 5184; baseline 0.003 -18"><span class='ocrx_word' id='word_1_614' title='bbox 509 5115 674 5178; x_wconf 83' lang='lat' dir='ltr'><strong>videt,</strong></span> <span class='ocrx_word' id='word_1_615' title='bbox 712 5114 934 5167; x_wconf 86' lang='lat' dir='ltr'><strong>addetur</strong></span> <span class='ocrx_word' id='word_1_616' title='bbox 989 5113 1073 5168; x_wconf 90' lang='lat' dir='ltr'><strong>hic</strong></span> <span class='ocrx_word' id='word_1_617' title='bbox 1125 5127 1228 5164; x_wconf 90' lang='lat' dir='ltr'><strong>non</strong></span> <span class='ocrx_word' id='word_1_618' title='bbox 1286 5113 1614 5184; x_wconf 76' lang='lat' dir='ltr'><strong>convenire?</strong></span> <span class='ocrx_word' id='word_1_619' title='bbox 1653 5113 2066 5184; x_wconf 76' lang='lat' dir='ltr'><strong>l’ropouentalii</strong></span> 
     </span>
    </p>
   </div>
   <div class='ocr_carea' id='block_1_85' title="bbox 509 5182 2070 5252">
    <p class='ocr_par' dir='ltr' id='par_1_85' title="bbox 509 5182 2070 5252">
     <span class='ocr_line' id='line_1_85' title="bbox 509 5182 2070 5252; baseline 0 -14"><span class='ocrx_word' id='word_1_620' title='bbox 509 5184 850 5252; x_wconf 87' lang='lat' dir='ltr'><strong>conjecturas</strong></span> <span class='ocrx_word' id='word_1_621' title='bbox 869 5198 1012 5248; x_wconf 90' lang='lat' dir='ltr'><strong>suas,</strong></span> <span class='ocrx_word' id='word_1_622' title='bbox 1046 5197 1160 5236; x_wconf 90' lang='lat' dir='ltr'><strong>mea</strong></span> <span class='ocrx_word' id='word_1_623' title='bbox 1191 5198 1294 5244; x_wconf 74' lang='grc' dir='ltr'>εει,</span> <span class='ocrx_word' id='word_1_624' title='bbox 1329 5182 1457 5236; x_wconf 68' lang='grc' dir='ltr'>Ιςεεε</span> <span class='ocrx_word' id='word_1_625' title='bbox 1488 5184 1728 5236; x_wconf 87' lang='lat' dir='ltr'><strong>atteritur</strong></span> <span class='ocrx_word' id='word_1_626' title='bbox 1763 5182 1843 5238; x_wconf 80' lang='lat' dir='ltr'><strong>his</strong></span> <span class='ocrx_word' id='word_1_627' title='bbox 1901 5187 2070 5238; x_wconf 89' lang='lat' dir='ltr'><strong>omni-</strong></span> 
     </span>
    </p>
   </div>
   <div class='ocr_carea' id='block_1_86' title="bbox 513 5254 2067 5320">
    <p class='ocr_par' dir='ltr' id='par_1_86' title="bbox 513 5254 2067 5320">
     <span class='ocr_line' id='line_1_86' title="bbox 513 5254 2067 5320; baseline 0.003 -14"><span class='ocrx_word' id='word_1_628' title='bbox 513 5254 608 5308; x_wconf 85' lang='lat' dir='ltr'><strong>bus</strong></span> <span class='ocrx_word' id='word_1_629' title='bbox 631 5255 980 5316; x_wconf 79' lang='lat' dir='ltr'><strong>adversarius,</strong></span> <span class='ocrx_word' id='word_1_630' title='bbox 1015 5263 1201 5320; x_wconf 84' lang='lat' dir='ltr'><strong>aperto</strong></span> <span class='ocrx_word' id='word_1_631' title='bbox 1229 5267 1408 5317; x_wconf 90' lang='lat' dir='ltr'><strong>sensu,</strong></span> <span class='ocrx_word' id='word_1_632' title='bbox 1437 5261 1492 5306; x_wconf 90' lang='lat' dir='ltr'><strong>et</strong></span> <span class='ocrx_word' id='word_1_633' title='bbox 1539 5254 1671 5307; x_wconf 87' lang='lat' dir='ltr'><strong>scita</strong></span> <span class='ocrx_word' id='word_1_634' title='bbox 1706 5255 1956 5309; x_wconf 88' lang='lat' dir='ltr'><strong>antithesi</strong></span> <span class='ocrx_word' id='word_1_635' title='bbox 2001 5269 2067 5311; x_wconf 83' lang='lat' dir='ltr'><strong>ex</strong></span> 
     </span>
    </p>
   </div>
   <div class='ocr_carea' id='block_1_87' title="bbox 509 5326 1474 5392">
    <p class='ocr_par' dir='ltr' id='par_1_87' title="bbox 509 5326 1474 5392">
     <span class='ocr_line' id='line_1_87' title="bbox 509 5326 1474 5392; baseline -0.012 -13"><span class='ocrx_word' id='word_1_636' title='bbox 509 5327 756 5379; x_wconf 88' lang='lat' dir='ltr'><strong>atteritur</strong></span> <span class='ocrx_word' id='word_1_637' title='bbox 775 5332 823 5376; x_wconf 87' lang='lat' dir='ltr'><strong>et</strong></span> <span class='ocrx_word' id='word_1_638' title='bbox 843 5326 1091 5391; x_wconf 74' lang='lat' dir='ltr'><strong>exsurgit.</strong></span> <span class='ocrx_word' id='word_1_639' title='bbox 1371 5389 1379 5392; x_wconf 20' lang='grc' dir='ltr'><strong>Δ</strong></span> <span class='ocrx_word' id='word_1_640' title='bbox 1469 5387 1474 5392; x_wconf 13' lang='grc' dir='ltr'><strong>ς</strong></span> 
     </span>
    </p>
   </div>
   <div class='ocr_carea' id='block_1_88' title="bbox 581 5389 2068 5475">
    <p class='ocr_par' dir='ltr' id='par_1_88' title="bbox 581 5389 2068 5475">
     <span class='ocr_line' id='line_1_88' title="bbox 581 5389 2068 5475; baseline 0.001 -28"><span class='ocrx_word' id='word_1_641' title='bbox 581 5394 696 5475; x_wconf 55' lang='grc' dir='ltr'><strong>ςθὲξ</strong></span> <span class='ocrx_word' id='word_1_642' title='bbox 715 5389 1176 5475; x_wconf 30' lang='grc' dir='ltr'>ξΕςτικοτὰρατοης</span> <span class='ocrx_word' id='word_1_643' title='bbox 1193 5389 1433 5475; x_wconf 60' lang='grc' dir='ltr'>Χαναᾲμ</span> <span class='ocrx_word' id='word_1_644' title='bbox 1458 5389 1628 5475; x_wconf 55' lang='lat' dir='ltr'><strong>twigs&quot;</strong></span> <span class='ocrx_word' id='word_1_645' title='bbox 1647 5391 1876 5475; x_wconf 65' lang='lat' dir='ltr'><strong>olxétnc</strong></span> <span class='ocrx_word' id='word_1_646' title='bbox 1899 5394 2068 5475; x_wconf 67' lang='grc' dir='ltr'>ἔσται</span> 
     </span>
    </p>
   </div>
   <div class='ocr_carea' id='block_1_89' title="bbox 510 5460 2068 5532">
    <p class='ocr_par' dir='ltr' id='par_1_89' title="bbox 510 5460 2068 5532">
     <span class='ocr_line' id='line_1_89' title="bbox 510 5460 2068 5532; baseline 0.002 -15"><span class='ocrx_word' id='word_1_647' title='bbox 510 5460 634 5530; x_wconf 77' lang='grc' dir='ltr'>τοῖς</span> <span class='ocrx_word' id='word_1_648' title='bbox 666 5460 946 5532; x_wconf 72' lang='grc' dir='ltr'>ἀδελφοῖς</span> <span class='ocrx_word' id='word_1_649' title='bbox 975 5460 1177 5517; x_wconf 80' lang='grc' dir='ltr'>αὐτοῦ.</span> <span class='ocrx_word' id='word_1_650' title='bbox 1245 5461 1458 5514; x_wconf 85' lang='lat' dir='ltr'><strong>Minima</strong></span> <span class='ocrx_word' id='word_1_651' title='bbox 1488 5462 1798 5532; x_wconf 88' lang='lat' dir='ltr'><strong>_mutatione</strong></span> <span class='ocrx_word' id='word_1_652' title='bbox 1826 5466 2068 5520; x_wconf 88' lang='lat' dir='ltr'><strong>emaculo</strong></span> 
     </span>
    </p>
   </div>
   <div class='ocr_carea' id='block_1_90' title="bbox 512 5527 2067 5599">
    <p class='ocr_par' dir='ltr' id='par_1_90' title="bbox 512 5527 2067 5599">
     <span class='ocr_line' id='line_1_90' title="bbox 512 5527 2067 5599; baseline 0 -11"><span class='ocrx_word' id='word_1_653' title='bbox 512 5527 750 5588; x_wconf 81' lang='lat' dir='ltr'><strong>Philonis</strong></span> <span class='ocrx_word' id='word_1_654' title='bbox 793 5527 962 5589; x_wconf 67' lang='lat' dir='ltr'><strong>Iudaei</strong></span> <span class='ocrx_word' id='word_1_655' title='bbox 1029 5534 1201 5587; x_wconf 88' lang='lat' dir='ltr'><strong>locum</strong></span> <span class='ocrx_word' id='word_1_656' title='bbox 1244 5532 1333 5582; x_wconf 93' lang='lat' dir='ltr'><strong>lib.</strong></span> <span class='ocrx_word' id='word_1_657' title='bbox 1367 5546 1422 5584; x_wconf 91' lang='grc' dir='ltr'><strong>ιιι</strong></span> <span class='ocrx_word' id='word_1_658' title='bbox 1477 5527 1628 5599; x_wconf 88' lang='lat' dir='ltr'><strong>Legis</strong></span> <span class='ocrx_word' id='word_1_659' title='bbox 1673 5532 2067 5598; x_wconf 85' lang='lat' dir='ltr'><strong>allegoriarum.</strong></span> 
     </span>
    </p>
   </div>
   <div class='ocr_carea' id='block_1_91' title="bbox 511 5599 2067 5686">
    <p class='ocr_par' dir='ltr' id='par_1_91' title="bbox 511 5599 2067 5686">
     <span class='ocr_line' id='line_1_91' title="bbox 511 5599 2067 5686; baseline 0.001 -2"><span class='ocrx_word' id='word_1_660' title='bbox 511 5617 578 5684; x_wconf 49' lang='grc' dir='ltr'>ιη</span> <span class='ocrx_word' id='word_1_661' title='bbox 595 5604 756 5686; x_wconf 61' lang='grc' dir='ltr'><strong>ὀβεξν</strong></span> <span class='ocrx_word' id='word_1_662' title='bbox 772 5604 1020 5686; x_wconf 64' lang='grc' dir='ltr'>Ἐπειδδψ</span> <span class='ocrx_word' id='word_1_663' title='bbox 1043 5603 1075 5672; x_wconf 69' lang='grc' dir='ltr'>ἡ</span> <span class='ocrx_word' id='word_1_664' title='bbox 1095 5601 1250 5686; x_wconf 50' lang='lat' dir='ltr'><strong>flexi</strong></span> <span class='ocrx_word' id='word_1_665' title='bbox 1269 5602 1550 5686; x_wconf 63' lang='grc' dir='ltr'>,ῖριιπεῖεα</span> <span class='ocrx_word' id='word_1_666' title='bbox 1583 5599 1992 5686; x_wconf 67' lang='grc' dir='ltr'><strong>μδνρν.έινοηθῇ</strong></span> <span class='ocrx_word' id='word_1_667' title='bbox 2017 5622 2067 5658; x_wconf 86' lang='grc' dir='ltr'><strong>τι</strong></span> 
     </span>
    </p>
   </div>
   <div class='ocr_carea' id='block_1_92' title="bbox 513 5670 2070 5743">
    <p class='ocr_par' dir='ltr' id='par_1_92' title="bbox 513 5670 2070 5743">
     <span class='ocr_line' id='line_1_92' title="bbox 513 5670 2070 5743; baseline 0.002 -20"><span class='ocrx_word' id='word_1_668' title='bbox 513 5673 626 5743; x_wconf 71' lang='grc' dir='ltr'>τῶν</span> <span class='ocrx_word' id='word_1_669' title='bbox 647 5674 882 5737; x_wconf 82' lang='grc' dir='ltr'><strong>ἀτόπων,</strong></span> <span class='ocrx_word' id='word_1_670' title='bbox 924 5675 1016 5726; x_wconf 77' lang='grc' dir='ltr'>καὶ</span> <span class='ocrx_word' id='word_1_671' title='bbox 1164 5670 1440 5743; x_wconf 81' lang='grc' dir='ltr'>ἐπεξέλθῃ,</span> <span class='ocrx_word' id='word_1_672' title='bbox 1467 5670 1605 5743; x_wconf 80' lang='grc' dir='ltr'>ὥστε</span> <span class='ocrx_word' id='word_1_673' title='bbox 1640 5670 1769 5743; x_wconf 85' lang='grc' dir='ltr'>αύτὸ</span> <span class='ocrx_word' id='word_1_674' title='bbox 1813 5670 2070 5743; x_wconf 57' lang='grc' dir='ltr'>ἔργῳῗτε-</span> 
     </span>
    </p>
   </div>
   <div class='ocr_carea' id='block_1_93' title="bbox 512 5740 2068 5814">
    <p class='ocr_par' dir='ltr' id='par_1_93' title="bbox 512 5740 2068 5814">
     <span class='ocr_line' id='line_1_93' title="bbox 512 5740 2068 5814; baseline 0.003 -20"><span class='ocrx_word' id='word_1_675' title='bbox 512 5741 752 5808; x_wconf 83' lang='grc' dir='ltr'>λειῶσαι,</span> <span class='ocrx_word' id='word_1_676' title='bbox 783 5745 840 5799; x_wconf 84' lang='grc' dir='ltr'><strong>ἐν</strong></span> <span class='ocrx_word' id='word_1_677' title='bbox 871 5743 949 5814; x_wconf 84' lang='grc' dir='ltr'>τῷ</span> <span class='ocrx_word' id='word_1_678' title='bbox 976 5740 1074 5813; x_wconf 86' lang='grc' dir='ltr'>τῆς</span> <span class='ocrx_word' id='word_1_679' title='bbox 1097 5740 1274 5813; x_wconf 79' lang='grc' dir='ltr'>ψυχῆς</span> <span class='ocrx_word' id='word_1_680' title='bbox 1303 5740 1483 5811; x_wconf 82' lang='grc' dir='ltr'>χωρίῳ</span> <span class='ocrx_word' id='word_1_681' title='bbox 1519 5740 1611 5793; x_wconf 69' lang='grc' dir='ltr'>καὶ</span> <span class='ocrx_word' id='word_1_682' title='bbox 1639 5742 1772 5812; x_wconf 84' lang='grc' dir='ltr'>οἴκῳ</span> <span class='ocrx_word' id='word_1_683' title='bbox 1801 5740 1989 5812; x_wconf 80' lang='grc' dir='ltr'>γέγονε</span> <span class='ocrx_word' id='word_1_684' title='bbox 2009 5745 2068 5800; x_wconf 83' lang='grc' dir='ltr'>τὸ</span> 
     </span>
    </p>
   </div>
   <div class='ocr_carea' id='block_1_94' title="bbox 2162 3069 3722 3143">
    <p class='ocr_par' dir='ltr' id='par_1_94' title="bbox 2162 3069 3722 3143">
     <span class='ocr_line' id='line_1_94' title="bbox 2162 3069 3722 3143; baseline -0.004 -17"><span class='ocrx_word' id='word_1_685' title='bbox 2162 3072 2344 3142; x_wconf 80' lang='grc' dir='ltr'>νύμφη</span> <span class='ocrx_word' id='word_1_686' title='bbox 2370 3071 2518 3136; x_wconf 80' lang='grc' dir='ltr'>ἐντὸς</span> <span class='ocrx_word' id='word_1_687' title='bbox 2547 3072 2645 3143; x_wconf 82' lang='grc' dir='ltr'>τῆς</span> <span class='ocrx_word' id='word_1_688' title='bbox 2673 3071 3032 3143; x_wconf 81' lang='grc' dir='ltr'>κληρονομίας</span> <span class='ocrx_word' id='word_1_689' title='bbox 3062 3070 3276 3143; x_wconf 82' lang='grc' dir='ltr'>εὑρεθῇ,</span> <span class='ocrx_word' id='word_1_690' title='bbox 3299 3069 3503 3134; x_wconf 80' lang='grc' dir='ltr'>δίδαξον</span> <span class='ocrx_word' id='word_1_691' title='bbox 3535 3069 3722 3141; x_wconf 76' lang='grc' dir='ltr'>αὐτὴν,</span> 
     </span>
    </p>
   </div>
   <div class='ocr_carea' id='block_1_95' title="bbox 2161 3161 3721 3235">
    <p class='ocr_par' dir='ltr' id='par_1_95' title="bbox 2161 3161 3721 3235">
     <span class='ocr_line' id='line_1_95' title="bbox 2161 3161 3721 3235; baseline -0.002 -18"><span class='ocrx_word' id='word_1_692' title='bbox 2161 3165 2404 3218; x_wconf 82' lang='grc' dir='ltr'>Δέσποτα</span> <span class='ocrx_word' id='word_1_693' title='bbox 2448 3164 2668 3235; x_wconf 73' lang='grc' dir='ltr'>Χοριστέ,</span> <span class='ocrx_word' id='word_1_694' title='bbox 2735 3163 2809 3234; x_wconf 80' lang='grc' dir='ltr'>μὴ</span> <span class='ocrx_word' id='word_1_695' title='bbox 2861 3163 3084 3232; x_wconf 83' lang='grc' dir='ltr'>γελάσαι</span> <span class='ocrx_word' id='word_1_696' title='bbox 3135 3163 3232 3234; x_wconf 79' lang='grc' dir='ltr'>τὴν</span> <span class='ocrx_word' id='word_1_697' title='bbox 3285 3161 3558 3232; x_wconf 86' lang='grc' dir='ltr'>γύμνωσίν</span> <span class='ocrx_word' id='word_1_698' title='bbox 3607 3177 3721 3214; x_wconf 89' lang='grc' dir='ltr'>σου·</span> 
     </span>
    </p>
   </div>
   <div class='ocr_carea' id='block_1_96' title="bbox 2159 3254 3722 3328">
    <p class='ocr_par' dir='ltr' id='par_1_96' title="bbox 2159 3254 3722 3328">
     <span class='ocr_line' id='line_1_96' title="bbox 2159 3254 3722 3328; baseline 0.001 -21"><span class='ocrx_word' id='word_1_699' title='bbox 2159 3255 2275 3308; x_wconf 80' lang='grc' dir='ltr'>ἀλλ’</span> <span class='ocrx_word' id='word_1_700' title='bbox 2307 3255 2391 3308; x_wconf 75' lang='grc' dir='ltr'>ἵνα</span> <span class='ocrx_word' id='word_1_701' title='bbox 2420 3255 2584 3328; x_wconf 83' lang='grc' dir='ltr'>μάθῃ,</span> <span class='ocrx_word' id='word_1_702' title='bbox 2610 3255 2692 3308; x_wconf 80' lang='grc' dir='ltr'>ὅτι</span> <span class='ocrx_word' id='word_1_703' title='bbox 2723 3255 2756 3324; x_wconf 77' lang='grc' dir='ltr'>ἡ</span> <span class='ocrx_word' id='word_1_704' title='bbox 2788 3254 2854 3325; x_wconf 80' lang='grc' dir='ltr'>σὴ</span> <span class='ocrx_word' id='word_1_705' title='bbox 2885 3254 3160 3324; x_wconf 81' lang='grc' dir='ltr'>γύμνωσις</span> <span class='ocrx_word' id='word_1_706' title='bbox 3192 3254 3283 3307; x_wconf 81' lang='grc' dir='ltr'>τὸν</span> <span class='ocrx_word' id='word_1_707' title='bbox 3315 3255 3515 3326; x_wconf 86' lang='grc' dir='ltr'>κόσμον</span> <span class='ocrx_word' id='word_1_708' title='bbox 3545 3255 3722 3308; x_wconf 70' lang='grc' dir='ltr'>ἐνέδυε-</span> 
     </span>
    </p>
   </div>
   <div class='ocr_carea' id='block_1_97' title="bbox 2163 3345 3721 3418">
    <p class='ocr_par' dir='ltr' id='par_1_97' title="bbox 2163 3345 3721 3418">
     <span class='ocr_line' id='line_1_97' title="bbox 2163 3345 3721 3418; baseline -0.001 -18"><span class='ocrx_word' id='word_1_709' title='bbox 2163 3365 2274 3401; x_wconf 74' lang='grc' dir='ltr'>σενο</span> <span class='ocrx_word' id='word_1_710' title='bbox 2319 3348 2400 3400; x_wconf 82' lang='grc' dir='ltr'>ὅτι</span> <span class='ocrx_word' id='word_1_711' title='bbox 2428 3346 2614 3418; x_wconf 80' lang='grc' dir='ltr'>ὥσπερ</span> <span class='ocrx_word' id='word_1_712' title='bbox 2645 3345 2893 3409; x_wconf 77' lang='grc' dir='ltr'>πλούσιος</span> <span class='ocrx_word' id='word_1_713' title='bbox 2925 3345 3020 3412; x_wconf 81' lang='grc' dir='ltr'>ὢν,</span> <span class='ocrx_word' id='word_1_714' title='bbox 3069 3347 3135 3399; x_wconf 82' lang='grc' dir='ltr'><strong>δι’</strong></span> <span class='ocrx_word' id='word_1_715' title='bbox 3172 3348 3321 3417; x_wconf 79' lang='grc' dir='ltr'>ἡμᾶς</span> <span class='ocrx_word' id='word_1_716' title='bbox 3354 3346 3721 3417; x_wconf 79' lang='grc' dir='ltr'>ἐπτώχευσας,</span> 
     </span>
    </p>
   </div>
   <div class='ocr_carea' id='block_1_98' title="bbox 2164 3437 3723 3511">
    <p class='ocr_par' dir='ltr' id='par_1_98' title="bbox 2164 3437 3723 3511">
     <span class='ocr_line' id='line_1_98' title="bbox 2164 3437 3723 3511; baseline 0.001 -20"><span class='ocrx_word' id='word_1_717' title='bbox 2164 3439 2249 3492; x_wconf 77' lang='grc' dir='ltr'>ἵνα</span> <span class='ocrx_word' id='word_1_718' title='bbox 2273 3440 2430 3509; x_wconf 75' lang='grc' dir='ltr'>ἡμεῖς</span> <span class='ocrx_word' id='word_1_719' title='bbox 2458 3437 2863 3508; x_wconf 82' lang='grc' dir='ltr'>πλουτήσωμεν·</span> <span class='ocrx_word' id='word_1_720' title='bbox 2895 3437 3066 3501; x_wconf 73' lang='grc' dir='ltr'>οὕτως</span> <span class='ocrx_word' id='word_1_721' title='bbox 3094 3440 3122 3490; x_wconf 87' lang='grc' dir='ltr'><strong>ό</strong></span> <span class='ocrx_word' id='word_1_722' title='bbox 3148 3439 3371 3511; x_wconf 77' lang='grc' dir='ltr'>οὐρανὸν</span> <span class='ocrx_word' id='word_1_723' title='bbox 3397 3438 3489 3492; x_wconf 69' lang='grc' dir='ltr'>καὶ</span> <span class='ocrx_word' id='word_1_724' title='bbox 3511 3439 3615 3508; x_wconf 83' lang='grc' dir='ltr'>γῆν</span> <span class='ocrx_word' id='word_1_725' title='bbox 3637 3440 3723 3492; x_wconf 85' lang='grc' dir='ltr'><strong>ἐν⁴</strong></span> 
     </span>
    </p>
   </div>
   <div class='ocr_carea' id='block_1_99' title="bbox 2162 3527 3728 3600">
    <p class='ocr_par' dir='ltr' id='par_1_99' title="bbox 2162 3527 3728 3600">
     <span class='ocr_line' id='line_1_99' title="bbox 2162 3527 3728 3600; baseline 0 -18"><span class='ocrx_word' id='word_1_726' title='bbox 2162 3529 2440 3598; x_wconf 81' lang='grc' dir='ltr'>δυόμενος,</span> <span class='ocrx_word' id='word_1_727' title='bbox 2471 3527 2786 3598; x_wconf 85' lang='grc' dir='ltr'>ἐγυμνώθης</span> <span class='ocrx_word' id='word_1_728' title='bbox 2808 3527 2892 3580; x_wconf 82' lang='grc' dir='ltr'><strong>ἵνα</strong></span> <span class='ocrx_word' id='word_1_729' title='bbox 2924 3528 3124 3599; x_wconf 88' lang='grc' dir='ltr'>κόσμον</span> <span class='ocrx_word' id='word_1_730' title='bbox 3152 3529 3394 3600; x_wconf 85' lang='grc' dir='ltr'>ἐνδύσῃς.</span> <span class='ocrx_word' id='word_1_731' title='bbox 3435 3528 3511 3583; x_wconf 82' lang='grc' dir='ltr'><em>Τὰ</em></span> <span class='ocrx_word' id='word_1_732' title='bbox 3535 3529 3728 3596; x_wconf 72' lang='grc' dir='ltr'>ῥήμα-</span> 
     </span>
    </p>
   </div>
   <div class='ocr_carea' id='block_1_100' title="bbox 2163 3619 3726 3690">
    <p class='ocr_par' dir='ltr' id='par_1_100' title="bbox 2163 3619 3726 3690">
     <span class='ocr_line' id='line_1_100' title="bbox 2163 3619 3726 3690; baseline -0.001 -18"><span class='ocrx_word' id='word_1_733' title='bbox 2163 3619 2237 3673; x_wconf 82' lang='grc' dir='ltr'><strong>τά</strong></span> <span class='ocrx_word' id='word_1_734' title='bbox 2257 3637 2374 3688; x_wconf 81' lang='grc' dir='ltr'><strong>μου</strong></span> <span class='ocrx_word' id='word_1_735' title='bbox 2404 3619 2698 3682; x_wconf 78' lang='grc' dir='ltr'>ἐνώτισαι,</span> <span class='ocrx_word' id='word_1_736' title='bbox 2728 3619 2922 3685; x_wconf 82' lang='grc' dir='ltr'>Κύριε.</span> <span class='ocrx_word' id='word_1_737' title='bbox 2957 3619 3060 3672; x_wconf 86' lang='grc' dir='ltr'><strong>Τὸν</strong></span> <span class='ocrx_word' id='word_1_738' title='bbox 3100 3619 3313 3690; x_wconf 78' lang='grc' dir='ltr'>Ἰσραὴλ</span> <span class='ocrx_word' id='word_1_739' title='bbox 3337 3619 3476 3689; x_wconf 87' lang='grc' dir='ltr'>μετὰ</span> <span class='ocrx_word' id='word_1_740' title='bbox 3509 3619 3605 3689; x_wconf 85' lang='grc' dir='ltr'>τῆς</span> <span class='ocrx_word' id='word_1_741' title='bbox 3628 3619 3726 3670; x_wconf 81' lang='grc' dir='ltr'><strong>Αί-</strong></span> 
     </span>
    </p>
   </div>
   <div class='ocr_carea' id='block_1_101' title="bbox 2165 3706 3727 3777">
    <p class='ocr_par' dir='ltr' id='par_1_101' title="bbox 2165 3706 3727 3777">
     <span class='ocr_line' id='line_1_101' title="bbox 2165 3706 3727 3777; baseline -0.001 -17"><span class='ocrx_word' id='word_1_742' title='bbox 2165 3708 2395 3777; x_wconf 76' lang='grc' dir='ltr'>γυπτίας</span> <span class='ocrx_word' id='word_1_743' title='bbox 2457 3706 2656 3777; x_wconf 81' lang='grc' dir='ltr'>μητρὸς</span> <span class='ocrx_word' id='word_1_744' title='bbox 2694 3707 3130 3777; x_wconf 76' lang='grc' dir='ltr'>ἀποκληρονόμον</span> <span class='ocrx_word' id='word_1_745' title='bbox 3183 3709 3345 3761; x_wconf 78' lang='grc' dir='ltr'>παντὶ</span> <span class='ocrx_word' id='word_1_746' title='bbox 3388 3707 3727 3776; x_wconf 81' lang='grc' dir='ltr'>διαπαίγνιον</span> 
     </span>
    </p>
   </div>
   <div class='ocr_carea' id='block_1_102' title="bbox 2169 3795 3728 3868">
    <p class='ocr_par' dir='ltr' id='par_1_102' title="bbox 2169 3795 3728 3868">
     <span class='ocr_line' id='line_1_102' title="bbox 2169 3795 3728 3868; baseline 0.002 -18"><span class='ocrx_word' id='word_1_747' title='bbox 2169 3797 2442 3868; x_wconf 82' lang='grc' dir='ltr'>ἐποίησεν.</span> <span class='ocrx_word' id='word_1_748' title='bbox 2461 3795 2698 3850; x_wconf 84' lang='grc' dir='ltr'>Ἰδοῦσα</span> <span class='ocrx_word' id='word_1_749' title='bbox 2717 3795 2825 3864; x_wconf 83' lang='grc' dir='ltr'><strong>γὰρ</strong></span> <span class='ocrx_word' id='word_1_750' title='bbox 2843 3797 3031 3865; x_wconf 61' lang='lat' dir='ltr'><strong>suppa</strong></span> <span class='ocrx_word' id='word_1_751' title='bbox 3057 3798 3165 3851; x_wconf 81' lang='grc' dir='ltr'><strong>τὸν</strong></span> <span class='ocrx_word' id='word_1_752' title='bbox 3179 3799 3314 3853; x_wconf 78' lang='grc' dir='ltr'><strong>υἱὸν</strong></span> <span class='ocrx_word' id='word_1_753' title='bbox 3323 3801 3507 3868; x_wconf 74' lang='grc' dir='ltr'>Ἅγαρ</span> <span class='ocrx_word' id='word_1_754' title='bbox 3523 3796 3728 3868; x_wconf 79' lang='grc' dir='ltr'>τῆςΑί-</span> 
     </span>
    </p>
   </div>
   <div class='ocr_carea' id='block_1_103' title="bbox 2142 3953 3426 4027">
    <p class='ocr_par' dir='ltr' id='par_1_103' title="bbox 2142 3953 3426 4027">
     <span class='ocr_line' id='line_1_103' title="bbox 2142 3953 3426 4027; baseline 0.004 -20"><span class='ocrx_word' id='word_1_755' title='bbox 2142 3954 2405 4027; x_wconf 71' lang='grc' dir='ltr'>ηιΜοιιιι.</span> <span class='ocrx_word' id='word_1_756' title='bbox 2439 3969 2566 4023; x_wconf 77' lang='lat' dir='ltr'><strong>xxv,</strong></span> <span class='ocrx_word' id='word_1_757' title='bbox 2593 3954 2703 4019; x_wconf 67' lang='lat' dir='ltr'><strong>Ml,</strong></span> <span class='ocrx_word' id='word_1_758' title='bbox 2752 3955 2836 4009; x_wconf 67' lang='grc'><strong>45.</strong></span> <span class='ocrx_word' id='word_1_759' title='bbox 2911 3955 2956 3987; x_wconf 75' lang='grc'><strong>’³</strong></span> <span class='ocrx_word' id='word_1_760' title='bbox 2984 3953 3024 4007; x_wconf 86' lang='lat' dir='ltr'><strong>ll</strong></span> <span class='ocrx_word' id='word_1_761' title='bbox 3067 3953 3191 4010; x_wconf 85' lang='lat' dir='ltr'><strong>Cor.</strong></span> <span class='ocrx_word' id='word_1_762' title='bbox 3221 3969 3338 4022; x_wconf 79' lang='lat' dir='ltr'><strong>vm,</strong></span> <span class='ocrx_word' id='word_1_763' title='bbox 3372 3954 3426 4012; x_wconf 90' lang='lat'><strong>9.</strong></span> 
     </span>
    </p>
   </div>
   <div class='ocr_carea' id='block_1_104' title="bbox 2166 4069 3726 4144">
    <p class='ocr_par' dir='ltr' id='par_1_104' title="bbox 2166 4069 3726 4144">
     <span class='ocr_line' id='line_1_104' title="bbox 2166 4069 3726 4144; baseline -0.001 -18"><span class='ocrx_word' id='word_1_764' title='bbox 2166 4071 2485 4144; x_wconf 78' lang='grc' dir='ltr'>ἁμάρτημα.</span> <span class='ocrx_word' id='word_1_765' title='bbox 2537 4071 2671 4144; x_wconf 60' lang='grc' dir='ltr'>Ἐάν</span> <span class='ocrx_word' id='word_1_766' title='bbox 2687 4071 2743 4123; x_wconf 83' lang='grc' dir='ltr'><strong>δέ</strong></span> <span class='ocrx_word' id='word_1_767' title='bbox 2775 4069 3002 4144; x_wconf 24' lang='grc' dir='ltr'>πρδςΑτὺ</span> <span class='ocrx_word' id='word_1_768' title='bbox 3037 4069 3306 4144; x_wconf 74' lang='grc' dir='ltr'>μόχθηρόν</span> <span class='ocrx_word' id='word_1_769' title='bbox 3333 4087 3384 4123; x_wconf 91' lang='grc' dir='ltr'><strong>τι</strong></span> <span class='ocrx_word' id='word_1_770' title='bbox 3413 4069 3726 4144; x_wconf 73' lang='grc' dir='ltr'>λογίσασθαι</span> 
     </span>
    </p>
   </div>
   <div class='ocr_carea' id='block_1_105' title="bbox 2164 4139 3726 4210">
    <p class='ocr_par' dir='ltr' id='par_1_105' title="bbox 2164 4139 3726 4210">
     <span class='ocr_line' id='line_1_105' title="bbox 2164 4139 3726 4210; baseline -0.001 -13"><span class='ocrx_word' id='word_1_771' title='bbox 2164 4139 2258 4197; x_wconf 74' lang='grc' dir='ltr'>καὶ</span> <span class='ocrx_word' id='word_1_772' title='bbox 2281 4139 2612 4210; x_wconf 78' lang='grc' dir='ltr'>ἐπανύσηται</span> <span class='ocrx_word' id='word_1_773' title='bbox 2639 4141 2778 4194; x_wconf 81' lang='grc' dir='ltr'>ὥστε</span> <span class='ocrx_word' id='word_1_774' title='bbox 2805 4139 3156 4210; x_wconf 74' lang='grc' dir='ltr'>ἐργάσασθαι.</span> <span class='ocrx_word' id='word_1_775' title='bbox 3191 4139 3407 4209; x_wconf 76' lang='grc' dir='ltr'>κέχυται</span> <span class='ocrx_word' id='word_1_776' title='bbox 3442 4141 3532 4193; x_wconf 73' lang='grc' dir='ltr'>καὶ</span> <span class='ocrx_word' id='word_1_777' title='bbox 3554 4144 3631 4203; x_wconf 84' lang='grc' dir='ltr'><strong>είς</strong></span> <span class='ocrx_word' id='word_1_778' title='bbox 3657 4143 3726 4196; x_wconf 84' lang='grc' dir='ltr'><strong>τὰ</strong></span> 
     </span>
    </p>
   </div>
   <div class='ocr_carea' id='block_1_106' title="bbox 2163 4208 3726 4283">
    <p class='ocr_par' dir='ltr' id='par_1_106' title="bbox 2163 4208 3726 4283">
     <span class='ocr_line' id='line_1_106' title="bbox 2163 4208 3726 4283; baseline 0 -19"><span class='ocrx_word' id='word_1_779' title='bbox 2163 4213 2324 4283; x_wconf 32' lang='grc' dir='ltr'>ἐκτὸς-</span> <span class='ocrx_word' id='word_1_780' title='bbox 2349 4211 2410 4264; x_wconf 78' lang='grc' dir='ltr'>τὸ</span> <span class='ocrx_word' id='word_1_781' title='bbox 2431 4208 2689 4283; x_wconf 80' lang='grc' dir='ltr'>άδίκημα.</span> <span class='ocrx_word' id='word_1_782' title='bbox 2722 4208 3113 4283; x_wconf 25' lang='grc' dir='ltr'><strong>ΠαρὸΑκαῖιμτῷλ</strong></span> <span class='ocrx_word' id='word_1_783' title='bbox 3145 4208 3362 4283; x_wconf 72' lang='grc' dir='ltr'>Χαναὰν</span> <span class='ocrx_word' id='word_1_784' title='bbox 3399 4213 3726 4283; x_wconf 68' lang='grc' dir='ltr'>καταρᾶται,</span> 
     </span>
    </p>
   </div>
   <div class='ocr_carea' id='block_1_107' title="bbox 2119 4278 3722 4352">
    <p class='ocr_par' dir='ltr' id='par_1_107' title="bbox 2119 4278 3722 4352">
     <span class='ocr_line' id='line_1_107' title="bbox 2119 4278 3722 4352; baseline -0.001 -17"><span class='ocrx_word' id='word_1_785' title='bbox 2119 4337 2131 4351; x_wconf 59' lang='grc'><em>,</em></span> <span class='ocrx_word' id='word_1_786' title='bbox 2165 4283 2244 4335; x_wconf 84' lang='grc' dir='ltr'>ὅτι</span> <span class='ocrx_word' id='word_1_787' title='bbox 2278 4281 2372 4352; x_wconf 79' lang='grc' dir='ltr'><strong>τὴν</strong></span> <span class='ocrx_word' id='word_1_788' title='bbox 2405 4282 2502 4352; x_wconf 84' lang='grc' dir='ltr'>τῆς</span> <span class='ocrx_word' id='word_1_789' title='bbox 2523 4278 2699 4352; x_wconf 74' lang='grc' dir='ltr'>ψυχῆς</span> <span class='ocrx_word' id='word_1_790' title='bbox 2733 4278 3065 4352; x_wconf 32' lang='grc' dir='ltr'>τροπὴν-ἐξω</span> <span class='ocrx_word' id='word_1_791' title='bbox 3094 4279 3390 4352; x_wconf 72' lang='grc' dir='ltr'>άπήγγει).ε</span> <span class='ocrx_word' id='word_1_792' title='bbox 3411 4297 3424 4311; x_wconf 87' lang='grc'><strong>·</strong></span> <span class='ocrx_word' id='word_1_793' title='bbox 3458 4278 3722 4352; x_wconf 78' lang='grc' dir='ltr'>τουτέστι,</span> 
     </span>
    </p>
   </div>
   <div class='ocr_carea' id='block_1_108' title="bbox 2167 4347 3726 4420">
    <p class='ocr_par' dir='ltr' id='par_1_108' title="bbox 2167 4347 3726 4420">
     <span class='ocr_line' id='line_1_108' title="bbox 2167 4347 3726 4420; baseline -0.001 -16"><span class='ocrx_word' id='word_1_794' title='bbox 2167 4353 2258 4405; x_wconf 71' lang='grc' dir='ltr'>καὶ</span> <span class='ocrx_word' id='word_1_795' title='bbox 2286 4347 2364 4414; x_wconf 71' lang='grc' dir='ltr'>εἷς</span> <span class='ocrx_word' id='word_1_796' title='bbox 2393 4347 2470 4403; x_wconf 56' lang='lat' dir='ltr'><strong>ait</strong></span> <span class='ocrx_word' id='word_1_797' title='bbox 2489 4347 2829 4413; x_wconf 74' lang='grc' dir='ltr'>ἐκτδςετεινε</span> <span class='ocrx_word' id='word_1_798' title='bbox 2876 4347 2968 4402; x_wconf 74' lang='grc' dir='ltr'>καὶ</span> <span class='ocrx_word' id='word_1_799' title='bbox 3000 4347 3439 4420; x_wconf 77' lang='grc' dir='ltr'>ἐπεξειργάσατο,</span> <span class='ocrx_word' id='word_1_800' title='bbox 3471 4350 3726 4420; x_wconf 75' lang='grc' dir='ltr'>προσθεὶς</span> 
     </span>
    </p>
   </div>
   <div class='ocr_carea' id='block_1_109' title="bbox 2166 4419 3728 4491">
    <p class='ocr_par' dir='ltr' id='par_1_109' title="bbox 2166 4419 3728 4491">
     <span class='ocr_line' id='line_1_109' title="bbox 2166 4419 3728 4491; baseline -0.001 -18"><span class='ocrx_word' id='word_1_801' title='bbox 2166 4421 2244 4491; x_wconf 82' lang='grc' dir='ltr'>τῷ</span> <span class='ocrx_word' id='word_1_802' title='bbox 2277 4420 2430 4491; x_wconf 85' lang='grc' dir='ltr'><strong>κακῷ</strong></span> <span class='ocrx_word' id='word_1_803' title='bbox 2471 4420 2766 4491; x_wconf 82' lang='grc' dir='ltr'>βουλήματι</span> <span class='ocrx_word' id='word_1_804' title='bbox 2798 4419 2964 4491; x_wconf 81' lang='grc' dir='ltr'>κακὸν</span> <span class='ocrx_word' id='word_1_805' title='bbox 3001 4419 3061 4470; x_wconf 81' lang='grc' dir='ltr'>τὸ</span> <span class='ocrx_word' id='word_1_806' title='bbox 3086 4419 3171 4472; x_wconf 81' lang='grc' dir='ltr'>διὰ</span> <span class='ocrx_word' id='word_1_807' title='bbox 3193 4419 3298 4471; x_wconf 84' lang='grc' dir='ltr'>τῶν</span> <span class='ocrx_word' id='word_1_808' title='bbox 3332 4419 3728 4489; x_wconf 27' lang='grc' dir='ltr'>ἓργωνίάποτέ-</span> 
     </span>
    </p>
   </div>
   <div class='ocr_carea' id='block_1_110' title="bbox 2169 4489 3725 4561">
    <p class='ocr_par' dir='ltr' id='par_1_110' title="bbox 2169 4489 3725 4561">
     <span class='ocr_line' id='line_1_110' title="bbox 2169 4489 3725 4561; baseline -0.001 -18"><span class='ocrx_word' id='word_1_809' title='bbox 2169 4489 2361 4561; x_wconf 79' lang='grc' dir='ltr'>λεσμα,</span> <span class='ocrx_word' id='word_1_810' title='bbox 2404 4489 2648 4561; x_wconf 66' lang='lat' dir='ltr'><strong>legendo</strong></span> <span class='ocrx_word' id='word_1_811' title='bbox 2673 4489 3016 4557; x_wconf 80' lang='grc' dir='ltr'>ἐτανύσηται,</span> <span class='ocrx_word' id='word_1_812' title='bbox 3051 4491 3500 4561; x_wconf 82' lang='lat' dir='ltr'><strong>spretisquealiis</strong></span> <span class='ocrx_word' id='word_1_813' title='bbox 3527 4491 3725 4561; x_wconf 71' lang='lat' dir='ltr'><strong>conje-</strong></span> 
     </span>
    </p>
   </div>
   <div class='ocr_carea' id='block_1_111' title="bbox 2165 4559 3727 4628">
    <p class='ocr_par' dir='ltr' id='par_1_111' title="bbox 2165 4559 3727 4628">
     <span class='ocr_line' id='line_1_111' title="bbox 2165 4559 3727 4628; baseline -0.003 -12"><span class='ocrx_word' id='word_1_814' title='bbox 2165 4559 2356 4616; x_wconf 79' lang='lat' dir='ltr'><strong>cturis.</strong></span> <span class='ocrx_word' id='word_1_815' title='bbox 2405 4559 2534 4613; x_wconf 84' lang='lat' dir='ltr'><strong>Cum</strong></span> <span class='ocrx_word' id='word_1_816' title='bbox 2572 4561 2746 4612; x_wconf 89' lang='lat' dir='ltr'><strong>anima</strong></span> <span class='ocrx_word' id='word_1_817' title='bbox 2772 4571 2991 4621; x_wconf 80' lang='lat' dir='ltr'><strong>mutata,</strong></span> <span class='ocrx_word' id='word_1_818' title='bbox 3025 4567 3224 4610; x_wconf 86' lang='lat' dir='ltr'><strong>tantum</strong></span> <span class='ocrx_word' id='word_1_819' title='bbox 3257 4560 3559 4626; x_wconf 83' lang='lat' dir='ltr'><strong>cogitaverit</strong></span> <span class='ocrx_word' id='word_1_820' title='bbox 3599 4561 3727 4628; x_wconf 88' lang='lat' dir='ltr'><strong>quid</strong></span> 
     </span>
    </p>
   </div>
   <div class='ocr_carea' id='block_1_112' title="bbox 2164 4628 3727 4698">
    <p class='ocr_par' dir='ltr' id='par_1_112' title="bbox 2164 4628 3727 4698">
     <span class='ocr_line' id='line_1_112' title="bbox 2164 4628 3727 4698; baseline -0.003 -14"><span class='ocrx_word' id='word_1_821' title='bbox 2164 4632 2397 4692; x_wconf 80' lang='lat' dir='ltr'><strong>absurdi,</strong></span> <span class='ocrx_word' id='word_1_822' title='bbox 2423 4640 2469 4682; x_wconf 87' lang='lat' dir='ltr'><strong>et</strong></span> <span class='ocrx_word' id='word_1_823' title='bbox 2507 4645 2607 4682; x_wconf 84' lang='lat' dir='ltr'><strong>non</strong></span> <span class='ocrx_word' id='word_1_824' title='bbox 2631 4645 2990 4698; x_wconf 84' lang='lat' dir='ltr'><strong>superegressa</strong></span> <span class='ocrx_word' id='word_1_825' title='bbox 3019 4628 3201 4695; x_wconf 77' lang='lat' dir='ltr'><strong>fuerit,</strong></span> <span class='ocrx_word' id='word_1_826' title='bbox 3231 4639 3286 4680; x_wconf 89' lang='lat' dir='ltr'><strong>ut</strong></span> <span class='ocrx_word' id='word_1_827' title='bbox 3315 4629 3368 4680; x_wconf 87' lang='lat' dir='ltr'><strong>id</strong></span> <span class='ocrx_word' id='word_1_828' title='bbox 3391 4645 3540 4697; x_wconf 85' lang='lat' dir='ltr'><strong>opere</strong></span> <span class='ocrx_word' id='word_1_829' title='bbox 3567 4630 3727 4697; x_wconf 78' lang='lat' dir='ltr'><strong>perﬁ-</strong></span> 
     </span>
    </p>
   </div>
   <div class='ocr_carea' id='block_1_113' title="bbox 2164 4698 3724 4765">
    <p class='ocr_par' dir='ltr' id='par_1_113' title="bbox 2164 4698 3724 4765">
     <span class='ocr_line' id='line_1_113' title="bbox 2164 4698 3724 4765; baseline -0.001 -11"><span class='ocrx_word' id='word_1_830' title='bbox 2164 4702 2290 4763; x_wconf 85' lang='lat' dir='ltr'><strong>ciat,</strong></span> <span class='ocrx_word' id='word_1_831' title='bbox 2331 4702 2384 4753; x_wconf 91' lang='lat' dir='ltr'><strong>in</strong></span> <span class='ocrx_word' id='word_1_832' title='bbox 2423 4701 2528 4764; x_wconf 91' lang='lat' dir='ltr'><strong>ipso</strong></span> <span class='ocrx_word' id='word_1_833' title='bbox 2555 4698 2742 4752; x_wconf 74' lang='lat' dir='ltr'><strong>animo:</strong></span> <span class='ocrx_word' id='word_1_834' title='bbox 2779 4698 2891 4750; x_wconf 89' lang='lat' dir='ltr'><strong>loco</strong></span> <span class='ocrx_word' id='word_1_835' title='bbox 2932 4708 2978 4750; x_wconf 91' lang='lat' dir='ltr'><strong>et</strong></span> <span class='ocrx_word' id='word_1_836' title='bbox 3015 4698 3275 4750; x_wconf 85' lang='lat' dir='ltr'><strong>domicilio</strong></span> <span class='ocrx_word' id='word_1_837' title='bbox 3307 4698 3401 4765; x_wconf 70' lang='lat' dir='ltr'><strong>fuit</strong></span> <span class='ocrx_word' id='word_1_838' title='bbox 3439 4709 3724 4764; x_wconf 83' lang='lat' dir='ltr'><strong>peccatum.</strong></span> 
     </span>
    </p>
   </div>
   <div class='ocr_carea' id='block_1_114' title="bbox 2166 4767 3723 4835">
    <p class='ocr_par' dir='ltr' id='par_1_114' title="bbox 2166 4767 3723 4835">
     <span class='ocr_line' id='line_1_114' title="bbox 2166 4767 3723 4835; baseline -0.004 -11"><span class='ocrx_word' id='word_1_839' title='bbox 2166 4769 2226 4825; x_wconf 87' lang='lat' dir='ltr'><strong>Si</strong></span> <span class='ocrx_word' id='word_1_840' title='bbox 2258 4779 2431 4822; x_wconf 86' lang='lat' dir='ltr'><strong>autent</strong></span> <span class='ocrx_word' id='word_1_841' title='bbox 2467 4770 2532 4820; x_wconf 91' lang='lat' dir='ltr'><strong>ad</strong></span> <span class='ocrx_word' id='word_1_842' title='bbox 2572 4767 2827 4834; x_wconf 75' lang='lat' dir='ltr'><strong>nefarium</strong></span> <span class='ocrx_word' id='word_1_843' title='bbox 2854 4769 2977 4835; x_wconf 84' lang='lat' dir='ltr'><strong>quid</strong></span> <span class='ocrx_word' id='word_1_844' title='bbox 3023 4768 3353 4832; x_wconf 89' lang='lat' dir='ltr'><strong>cogitandum</strong></span> <span class='ocrx_word' id='word_1_845' title='bbox 3392 4770 3723 4830; x_wconf 73' lang='lat' dir='ltr'><strong>extendatur,</strong></span> 
     </span>
    </p>
   </div>
   <div class='ocr_carea' id='block_1_115' title="bbox 2169 4836 3725 4905">
    <p class='ocr_par' dir='ltr' id='par_1_115' title="bbox 2169 4836 3725 4905">
     <span class='ocr_line' id='line_1_115' title="bbox 2169 4836 3725 4905; baseline -0.003 -11"><span class='ocrx_word' id='word_1_846' title='bbox 2169 4843 2297 4894; x_wconf 83' lang='lat' dir='ltr'><strong>adeo</strong></span> <span class='ocrx_word' id='word_1_847' title='bbox 2320 4849 2373 4891; x_wconf 91' lang='lat' dir='ltr'><strong>ut</strong></span> <span class='ocrx_word' id='word_1_848' title='bbox 2401 4839 2467 4890; x_wconf 89' lang='lat' dir='ltr'><strong>ad</strong></span> <span class='ocrx_word' id='word_1_849' title='bbox 2504 4838 2740 4905; x_wconf 66' lang='lat' dir='ltr'><strong>eﬂ‘ectum</strong></span> <span class='ocrx_word' id='word_1_850' title='bbox 2769 4838 3038 4904; x_wconf 82' lang='lat' dir='ltr'><strong>perducat,</strong></span> <span class='ocrx_word' id='word_1_851' title='bbox 3069 4836 3235 4904; x_wconf 73' lang='lat' dir='ltr'><strong>effusa</strong></span> <span class='ocrx_word' id='word_1_852' title='bbox 3265 4849 3334 4888; x_wconf 90' lang='lat' dir='ltr'><strong>est</strong></span> <span class='ocrx_word' id='word_1_853' title='bbox 3362 4847 3408 4888; x_wconf 85' lang='lat' dir='ltr'><strong>et</strong></span> <span class='ocrx_word' id='word_1_854' title='bbox 3437 4839 3487 4888; x_wconf 89' lang='lat' dir='ltr'><strong>in</strong></span> <span class='ocrx_word' id='word_1_855' title='bbox 3511 4848 3725 4890; x_wconf 75' lang='lat' dir='ltr'><strong>externa</strong></span> 
     </span>
    </p>
   </div>
   <div class='ocr_carea' id='block_1_116' title="bbox 2166 4906 3727 4976">
    <p class='ocr_par' dir='ltr' id='par_1_116' title="bbox 2166 4906 3727 4976">
     <span class='ocr_line' id='line_1_116' title="bbox 2166 4906 3727 4976; baseline 0 -16"><span class='ocrx_word' id='word_1_856' title='bbox 2166 4911 2437 4976; x_wconf 86' lang='lat' dir='ltr'><strong>iniquitas.</strong></span> <span class='ocrx_word' id='word_1_857' title='bbox 2470 4906 2728 4971; x_wconf 85' lang='lat' dir='ltr'><strong>Quocirca</strong></span> <span class='ocrx_word' id='word_1_858' title='bbox 2752 4906 3034 4960; x_wconf 72' lang='lat' dir='ltr'><strong>Chanaano</strong></span> <span class='ocrx_word' id='word_1_859' title='bbox 3075 4906 3358 4968; x_wconf 78' lang='lat' dir='ltr'><strong>maledicit,</strong></span> <span class='ocrx_word' id='word_1_860' title='bbox 3390 4910 3512 4975; x_wconf 83' lang='lat' dir='ltr'><strong>quia</strong></span> <span class='ocrx_word' id='word_1_861' title='bbox 3539 4909 3727 4960; x_wconf 77' lang='lat' dir='ltr'><strong>animo:</strong></span> 
     </span>
    </p>
   </div>
   <div class='ocr_carea' id='block_1_117' title="bbox 2167 4975 3728 5042">
    <p class='ocr_par' dir='ltr' id='par_1_117' title="bbox 2167 4975 3728 5042">
     <span class='ocr_line' id='line_1_117' title="bbox 2167 4975 3728 5042; baseline -0.003 -11"><span class='ocrx_word' id='word_1_862' title='bbox 2167 4975 2505 5032; x_wconf 79' lang='lat' dir='ltr'><strong>mutationem</strong></span> <span class='ocrx_word' id='word_1_863' title='bbox 2533 4975 2674 5042; x_wconf 77' lang='lat' dir='ltr'><strong>[oras</strong></span> <span class='ocrx_word' id='word_1_864' title='bbox 2697 4975 2902 5028; x_wconf 86' lang='lat' dir='ltr'><strong>retulit:</strong></span> <span class='ocrx_word' id='word_1_865' title='bbox 2935 4976 3030 5028; x_wconf 83' lang='lat' dir='ltr'><strong>hoc</strong></span> <span class='ocrx_word' id='word_1_866' title='bbox 3051 4984 3150 5036; x_wconf 84' lang='lat' dir='ltr'><strong>est,</strong></span> <span class='ocrx_word' id='word_1_867' title='bbox 3169 4985 3214 5028; x_wconf 89' lang='lat' dir='ltr'><strong>et</strong></span> <span class='ocrx_word' id='word_1_868' title='bbox 3238 4977 3288 5028; x_wconf 85' lang='lat' dir='ltr'><strong>in</strong></span> <span class='ocrx_word' id='word_1_869' title='bbox 3310 4985 3528 5028; x_wconf 73' lang='lat' dir='ltr'><strong>externa</strong></span> <span class='ocrx_word' id='word_1_870' title='bbox 3549 4986 3728 5028; x_wconf 72' lang='lat' dir='ltr'><strong>exten-</strong></span> 
     </span>
    </p>
   </div>
   <div class='ocr_carea' id='block_1_118' title="bbox 2167 5045 3727 5113">
    <p class='ocr_par' dir='ltr' id='par_1_118' title="bbox 2167 5045 3727 5113">
     <span class='ocr_line' id='line_1_118' title="bbox 2167 5045 3727 5113; baseline -0.001 -13"><span class='ocrx_word' id='word_1_871' title='bbox 2167 5051 2264 5108; x_wconf 86' lang='lat' dir='ltr'><strong>dit,</strong></span> <span class='ocrx_word' id='word_1_872' title='bbox 2303 5055 2352 5100; x_wconf 83' lang='lat' dir='ltr'><strong>et</strong></span> <span class='ocrx_word' id='word_1_873' title='bbox 2385 5047 2452 5098; x_wconf 89' lang='lat' dir='ltr'><strong>ad</strong></span> <span class='ocrx_word' id='word_1_874' title='bbox 2485 5046 2721 5113; x_wconf 72' lang='lat' dir='ltr'><strong>effectum</strong></span> <span class='ocrx_word' id='word_1_875' title='bbox 2768 5045 3027 5109; x_wconf 74' lang='lat' dir='ltr'><strong>perduxit,</strong></span> <span class='ocrx_word' id='word_1_876' title='bbox 3061 5045 3315 5113; x_wconf 85' lang='lat' dir='ltr'><strong>adjiciens</strong></span> <span class='ocrx_word' id='word_1_877' title='bbox 3340 5060 3512 5113; x_wconf 71' lang='lat' dir='ltr'><strong>prava:</strong></span> <span class='ocrx_word' id='word_1_878' title='bbox 3542 5046 3727 5098; x_wconf 86' lang='lat' dir='ltr'><strong>volun-</strong></span> 
     </span>
    </p>
   </div>
   <div class='ocr_carea' id='block_1_119' title="bbox 2167 5112 3725 5182">
    <p class='ocr_par' dir='ltr' id='par_1_119' title="bbox 2167 5112 3725 5182">
     <span class='ocr_line' id='line_1_119' title="bbox 2167 5112 3725 5182; baseline -0.001 -12"><span class='ocrx_word' id='word_1_879' title='bbox 2167 5118 2263 5170; x_wconf 86' lang='lat' dir='ltr'><strong>tati</strong></span> <span class='ocrx_word' id='word_1_880' title='bbox 2286 5116 2476 5169; x_wconf 80' lang='lat' dir='ltr'><strong>malam</strong></span> <span class='ocrx_word' id='word_1_881' title='bbox 2513 5112 2602 5181; x_wconf 83' lang='lat' dir='ltr'><strong>per</strong></span> <span class='ocrx_word' id='word_1_882' title='bbox 2659 5131 2812 5182; x_wconf 83' lang='lat' dir='ltr'><strong>opera</strong></span> <span class='ocrx_word' id='word_1_883' title='bbox 2858 5112 3370 5168; x_wconf 84' lang='lat' dir='ltr'><strong>consummationem.</strong></span> <span class='ocrx_word' id='word_1_884' title='bbox 3400 5112 3541 5168; x_wconf 83' lang='lat' dir='ltr'><strong>Idem</strong></span> <span class='ocrx_word' id='word_1_885' title='bbox 3571 5113 3725 5168; x_wconf 89' lang='lat' dir='ltr'><strong>Philo</strong></span> 
     </span>
    </p>
   </div>
   <div class='ocr_carea' id='block_1_120' title="bbox 2168 5183 3723 5256">
    <p class='ocr_par' dir='ltr' id='par_1_120' title="bbox 2168 5183 3723 5256">
     <span class='ocr_line' id='line_1_120' title="bbox 2168 5183 3723 5256; baseline -0.001 -17"><span class='ocrx_word' id='word_1_886' title='bbox 2168 5187 2218 5239; x_wconf 94' lang='lat' dir='ltr'><strong>in</strong></span> <span class='ocrx_word' id='word_1_887' title='bbox 2251 5201 2380 5252; x_wconf 69' lang='lat' dir='ltr'><strong>voce</strong></span> <span class='ocrx_word' id='word_1_888' title='bbox 2420 5185 2578 5239; x_wconf 88' lang='lat' dir='ltr'><strong>etiam</strong></span> <span class='ocrx_word' id='word_1_889' title='bbox 2613 5183 2828 5256; x_wconf 77' lang='grc' dir='ltr'>οἰκέτης</span> <span class='ocrx_word' id='word_1_890' title='bbox 2879 5185 3221 5256; x_wconf 71' lang='lat' dir='ltr'><strong>depravatus</strong></span> <span class='ocrx_word' id='word_1_891' title='bbox 3246 5193 3350 5256; x_wconf 78' lang='lat' dir='ltr'><strong>est,</strong></span> <span class='ocrx_word' id='word_1_892' title='bbox 3381 5184 3571 5256; x_wconf 81' lang='lat' dir='ltr'><strong>inline</strong></span> <span class='ocrx_word' id='word_1_893' title='bbox 3603 5185 3723 5256; x_wconf 12' lang='lat' dir='ltr'><strong>liihri</strong></span> 
     </span>
    </p>
   </div>
   <div class='ocr_carea' id='block_1_121' title="bbox 2167 5253 3728 5324">
    <p class='ocr_par' dir='ltr' id='par_1_121' title="bbox 2167 5253 3728 5324">
     <span class='ocr_line' id='line_1_121' title="bbox 2167 5253 3728 5324; baseline -0.004 -14"><span class='ocrx_word' id='word_1_894' title='bbox 2167 5259 2318 5321; x_wconf 78' lang='lat' dir='ltr'><strong>Quod</strong></span> <span class='ocrx_word' id='word_1_895' title='bbox 2341 5256 2504 5308; x_wconf 90' lang='lat' dir='ltr'><strong>omnis</strong></span> <span class='ocrx_word' id='word_1_896' title='bbox 2522 5257 2733 5324; x_wconf 87' lang='lat' dir='ltr'><strong>probus,</strong></span> <span class='ocrx_word' id='word_1_897' title='bbox 2765 5253 2916 5317; x_wconf 71' lang='lat' dir='ltr'><strong>liber,</strong></span> <span class='ocrx_word' id='word_1_898' title='bbox 2949 5268 3000 5324; x_wconf 77' lang='grc' dir='ltr'>ρ.</span> <span class='ocrx_word' id='word_1_899' title='bbox 3037 5253 3161 5316; x_wconf 88' lang='grc'>888,</span> <span class='ocrx_word' id='word_1_900' title='bbox 3195 5254 3270 5317; x_wconf 84' lang='grc' dir='ltr'>ὼς</span> <span class='ocrx_word' id='word_1_901' title='bbox 3296 5254 3404 5324; x_wconf 77' lang='grc' dir='ltr'>γὰρ</span> <span class='ocrx_word' id='word_1_902' title='bbox 3436 5255 3728 5324; x_wconf 86' lang='grc' dir='ltr'>ἐπιστήμο-</span> 
     </span>
    </p>
   </div>
   <div class='ocr_carea' id='block_1_122' title="bbox 2164 5321 3728 5396">
    <p class='ocr_par' dir='ltr' id='par_1_122' title="bbox 2164 5321 3728 5396">
     <span class='ocr_line' id='line_1_122' title="bbox 2164 5321 3728 5396; baseline -0.003 -16"><span class='ocrx_word' id='word_1_903' title='bbox 2164 5343 2259 5389; x_wconf 89' lang='grc' dir='ltr'><strong>νας</strong></span> <span class='ocrx_word' id='word_1_904' title='bbox 2290 5327 2348 5379; x_wconf 66' lang='lat' dir='ltr'><strong>ob</strong></span> <span class='ocrx_word' id='word_1_905' title='bbox 2370 5321 2602 5396; x_wconf 67' lang='grc' dir='ltr'>ποιείτο</span> <span class='ocrx_word' id='word_1_906' title='bbox 2616 5324 2894 5396; x_wconf 76' lang='grc' dir='ltr'>κήρυγμα,</span> <span class='ocrx_word' id='word_1_907' title='bbox 2924 5321 3093 5396; x_wconf 75' lang='grc' dir='ltr'>οὕτως</span> <span class='ocrx_word' id='word_1_908' title='bbox 3121 5324 3241 5396; x_wconf 68' lang='grc' dir='ltr'>οὐδὲ</span> <span class='ocrx_word' id='word_1_909' title='bbox 3262 5321 3572 5396; x_wconf 82' lang='grc' dir='ltr'>ἐλευθέρους</span> <span class='ocrx_word' id='word_1_910' title='bbox 3605 5321 3728 5376; x_wconf 77' lang='grc' dir='ltr'>ἐπεὶ</span> 
     </span>
    </p>
   </div>
   <div class='ocr_carea' id='block_1_123' title="bbox 2168 5390 3729 5468">
    <p class='ocr_par' dir='ltr' id='par_1_123' title="bbox 2168 5390 3729 5468">
     <span class='ocr_line' id='line_1_123' title="bbox 2168 5390 3729 5468; baseline -0.001 -19"><span class='ocrx_word' id='word_1_911' title='bbox 2168 5390 2527 5468; x_wconf 22' lang='grc' dir='ltr'>μακάριονλῆν</span> <span class='ocrx_word' id='word_1_912' title='bbox 2556 5390 2876 5468; x_wconf 50' lang='lat' dir='ltr'><strong>summa»;</strong></span> <span class='ocrx_word' id='word_1_913' title='bbox 2908 5394 3151 5468; x_wconf 61' lang='grc' dir='ltr'><strong>οἰκέταςἶ</strong></span> <span class='ocrx_word' id='word_1_914' title='bbox 3180 5394 3387 5468; x_wconf 57' lang='lat' dir='ltr'><strong>Etenim</strong></span> <span class='ocrx_word' id='word_1_915' title='bbox 3415 5390 3604 5468; x_wconf 76' lang='lat' dir='ltr'><strong>sensus</strong></span> <span class='ocrx_word' id='word_1_916' title='bbox 3633 5410 3729 5462; x_wconf 84' lang='lat' dir='ltr'><strong>po-</strong></span> 
     </span>
    </p>
   </div>
   <div class='ocr_carea' id='block_1_124' title="bbox 2165 5435 3729 5536">
    <p class='ocr_par' dir='ltr' id='par_1_124' title="bbox 2165 5435 3729 5536">
     <span class='ocr_line' id='line_1_124' title="bbox 2165 5435 3729 5536; baseline -0.004 -14"><span class='ocrx_word' id='word_1_917' title='bbox 2165 5435 2524 5532; x_wconf 51' lang='grc' dir='ltr'><strong>Ξῖ]ῖῶῖῖᾖῖ</strong></span> <span class='ocrx_word' id='word_1_918' title='bbox 2556 5435 3729 5536; x_wconf 43' lang='lat' dir='ltr'><strong>333331;;sata;cautissimi.</strong></span> 
     </span>
    </p>
   </div>
   <div class='ocr_carea' id='block_1_125' title="bbox 2167 5531 3726 5608">
    <p class='ocr_par' dir='ltr' id='par_1_125' title="bbox 2167 5531 3726 5608">
     <span class='ocr_line' id='line_1_125' title="bbox 2167 5531 3726 5608; baseline -0.003 -17"><span class='ocrx_word' id='word_1_919' title='bbox 2167 5531 2621 5608; x_wconf 18' lang='lat' dir='ltr'><strong>Dispu’tatione&#39;a</strong></span> <span class='ocrx_word' id='word_1_920' title='bbox 2677 5531 2876 5588; x_wconf 71' lang='grc' dir='ltr'>Τιιίἱίιο</span> <span class='ocrx_word' id='word_1_921' title='bbox 2922 5544 3039 5608; x_wconf 77' lang='lat' dir='ltr'><strong>post</strong></span> <span class='ocrx_word' id='word_1_922' title='bbox 3082 5532 3326 5608; x_wconf 77' lang='lat' dir='ltr'><strong>Qrigenis</strong></span> <span class='ocrx_word' id='word_1_923' title='bbox 3377 5531 3726 5608; x_wconf 68' lang='lat' dir='ltr'><strong>Pbilobaliatn</strong></span> 
     </span>
    </p>
   </div>
   <div class='ocr_carea' id='block_1_126' title="bbox 2163 5601 3726 5678">
    <p class='ocr_par' dir='ltr' id='par_1_126' title="bbox 2163 5601 3726 5678">
     <span class='ocr_line' id='line_1_126' title="bbox 2163 5601 3726 5678; baseline -0.003 -18"><span class='ocrx_word' id='word_1_924' title='bbox 2163 5601 2325 5674; x_wconf 64' lang='lat' dir='ltr'><strong>edit&#39;a,</strong></span> <span class='ocrx_word' id='word_1_925' title='bbox 2360 5623 2412 5678; x_wconf 91' lang='lat' dir='ltr'><strong>p.</strong></span> <span class='ocrx_word' id='word_1_926' title='bbox 2449 5605 2870 5672; x_wconf 79' lang='lat' dir='ltr'><strong>550.contcxtus</strong></span> <span class='ocrx_word' id='word_1_927' title='bbox 2900 5601 3034 5675; x_wconf 82' lang='lat' dir='ltr'><strong>petit</strong></span> <span class='ocrx_word' id='word_1_928' title='bbox 3058 5601 3276 5678; x_wconf 71' lang='grc' dir='ltr'>οἰκέτην</span> <span class='ocrx_word' id='word_1_929' title='bbox 3303 5613 3357 5664; x_wconf 89' lang='lat' dir='ltr'><strong>et</strong></span> <span class='ocrx_word' id='word_1_930' title='bbox 3385 5602 3571 5674; x_wconf 71' lang='grc' dir='ltr'>ἱκέτην</span> <span class='ocrx_word' id='word_1_931' title='bbox 3597 5601 3726 5674; x_wconf 85' lang='lat' dir='ltr'><strong>reji-</strong></span> 
     </span>
    </p>
   </div>
   <div class='ocr_carea' id='block_1_127' title="bbox 2165 5690 2250 5735">
    <p class='ocr_par' dir='ltr' id='par_1_127' title="bbox 2165 5690 2250 5735">
     <span class='ocr_line' id='line_1_127' title="bbox 2165 5690 2250 5735; baseline 0.012 -1"><span class='ocrx_word' id='word_1_932' title='bbox 2165 5690 2250 5735; x_wconf 65' lang='grc' dir='ltr'>(ιιι.</span> 
     </span>
    </p>
   </div>
  </div>
