3892 6272
471 303 582 363 ΜΞ

1720 308 1781 365 S.
1824 300 2100 363 ASTERII
2137 297 2438 357 AMASENI

3605 290 3724 346 416

472 426 689 498 quidem
737 424 990 492 occulta,
1041 426 1152 482 Deo
1200 434 1379 483 autem
1433 424 1741 483 manifesta.
1800 427 2041 499 Intellige

2144 426 2253 480 Καὶ
2271 420 2342 497 ἦν
2364 423 2397 493 ἠ
2420 417 2569 491 φωνὴ
2590 416 2682 471 τοῦ
2710 409 3011 483 στεναγμοῦ
3032 408 3335 483 ἀνθρώποις
3374 406 3471 480 μὲν
3493 404 3722 476 ἄδηλος,

472 519 756 574 clamorem
821 534 1013 574 meum.
1070 517 1208 585 Quid
1270 518 1527 589 loqueris,
1586 519 1887 589 propheta?
1934 520 2044 575 Deo

473 619 801 681 praeceptum
843 609 1113 681 imponis?
1162 608 1452 680 Sapientia:
1499 609 1781 666 thesaurus
1830 620 1934 675 est,
1988 616 2042 665 et

474 701 845 772 intelligentiae
872 703 1127 767 ubertas,
1160 701 1317 772 juxta
1357 701 1487 756 illud
1522 700 1817 771 Scriptura:
1845 719 1859 756 :
1888 701 2042 769 Apud

472 810 592 847 eum
622 794 883 861 sapientia
908 802 955 847 et
978 793 1315 862 intelligentia
1354 795 1409 848 ἐ
1436 802 1597 864 tuque
1629 795 1677 849 ei
1702 794 1859 859 dicis,
1883 792 2043 848 Intel-

473 885 594 952 lige,
626 884 1028 940 animadverte?
1061 884 1225 953 Atqui
1273 884 1316 940 si
1357 885 1555 940 eximio
1581 886 1785 940 homini
1814 884 2036 948 dixeris,

474 977 880 1043 Animadverte,
908 978 1161 1033 irascitur
1195 977 1304 1043 ille,
1333 978 1475 1047 quod
1514 988 1766 1048 tanquam
1795 977 2041 1049 imperito

474 1068 687 1124 locutus
721 1068 910 1135 fueris,
952 1085 1052 1125 nec
1081 1070 1432 1141 percipienti;
1483 1069 1595 1125 Deo
1637 1081 1815 1126 autem
1864 1071 2036 1137 dicis,

471 1157 753 1230 lutetlige?
783 1161 976 1216 Verum
1008 1176 1116 1216 non
1143 1162 1372 1232 imperat
1402 1162 1629 1217 Domino
1663 1179 1676 1217 :
1710 1162 1850 1218 absit
1876 1164 1889 1216 l
1943 1177 2039 1217 ne-

472 1266 579 1320 que
614 1253 858 1308 mortalis
906 1253 1264 1309 immortalem
1313 1255 1379 1308 ad
1420 1253 1825 1324 intelligendum
1860 1263 2037 1324 urget,

471 1357 570 1398 nec
592 1359 711 1413 quae
747 1345 1024 1401 ebriorum
1064 1324 1191 1400 sunt
1215 1348 1376 1401 homo
1431 1347 1646 1403 sobrius
1691 1344 1900 1414 eﬂ'utit;
1945 1345 2039 1401 sed

2142 517 2259 588 Θεῷ
2283 517 2341 571 δὲ
2368 513 2686 583 κατάδηλος.
2723 510 2911 577 Σύνες
2938 506 3047 576 τῆς
3071 502 3335 575 κραυγῆς
3355 518 3493 572 μου.
3522 499 3591 554 Τί
3624 498 3720 553 λέ-

2142 627 2278 679 γεις,
2310 607 2595 679 προφῆτα;
2636 599 2988 674 Παρακελεύῃ
3020 598 3173 667 Θεῷ;
3216 596 3414 665 Σοφίας
3458 593 3577 648 ἐστὶ
3624 592 3731 663 θη-

2144 699 2343 771 σαυρὸς
2381 697 2474 752 κα)¹
2514 694 2780 758 συνέσεως
2821 692 3068 755 πλοῦτος,
3103 689 3179 753 ὡς
3218 687 3547 759 γέγραπταν
3573 682 3727 752 Παρ⁹

2140 789 2302 855 αὐτῷ
2325 788 2511 859 σοφία
2543 786 2642 841 καὶ
2673 786 2946 851 σύνεσιςσ
2980 782 3073 837 καὶ
3105 778 3254 850 αὑτῴ
3274 778 3471 847 λέγεις,
3502 777 3725 842 Σύνες,

2142 882 2364 954 νόησονς
2410 881 2521 936 Καὶ
2577 877 2848 950 ἀνθρώπῳ
2907 876 3005 947 μὲν
3066 871 3334 942 ὲλλογίμῳ
3382 869 3478 924 ἐὰν
3530 866 3724 939 εἴπῃς,

2144 976 2373 1047 Νόησον,
2428 973 2704 1047 ὀργίζεται
2736 969 2867 1041 (96),
2911 970 2993 1023 ὅτι
3041 967 3116 1030 ὼς
3156 963 3482 1034 ἀπαιδεύτῳ,
3517 960 3613 1015 καὶ
3644 959 3724 1032 μὴ

2143 1065 2639 1138 παρακολουθοῦντα.
2717 1061 3005 1133 ὲλάλησας·
3076 1059 3172 1113 καὶ
3220 1056 3296 1128 τῷ
3343 1054 3461 1126 Θεῷ
3512 1053 3721 1121 λέγεις’

2140 1159 2361 1223 Σύνες;
2400 1155 2535 1209 Ἀλλ’
2557 1154 2657 1208 οὐκ
2681 1153 2962 1207 ἐπιτάσσει
2986 1150 3062 1220 τῷ
3084 1148 3349 1219 Δεσπὸτῃ·
3378 1145 3451 1218 μὴ
3474 1144 3719 1215 γένοιτοῑ

2142 1249 2277 1303 Οὐδὲ
2312 1252 2341 1304 6
2371 1250 2562 1321 θνητὸς
2593 1248 2683 1302 τὸν
2714 1245 2980 1300 ἀθάνατον
3005 1244 3198 1313 ὲφιστᾷ
3223 1244 3301 1305 εἰς
3329 1239 3562 1301 σύνεσιν,
3595 1234 3723 1289 οὐδὲ

2141 1339 2211 1393 τά
2242 1339 2348 1393 τῶν
2383 1339 2687 1410 μεθυόντων
2710 1338 2739 1390 6
2765 1337 2949 1407 νήφων
2982 1333 3300 1406 παραλαλεῖ·
3331 1330 3443 1385 ἀλλ’
3469 1330 3499 1383 ὃ
3537 1329 3721 1397 λέγει,

470 1436 613 1503 quod
641 1435 734 1500 ait,
772 1436 874 1491 hoc
907 1448 990 1492 est
1022 1454 1038 1493 :
1069 1437 1219 1505 Multi
1251 1454 1440 1493 eorum
1482 1440 1571 1508 qui
1607 1438 1819 1509 judices
1843 1439 2041 1493 adeunt

2144 1430 2296 1485 τοῦτό
2334 1434 2501 1485 ἐστιν’
2536 1428 2729 1483 Πολλοὶ
2769 1427 2877 1481 τῶν
2914 1424 3364 1511 προσερχομένων
3404 1425 3518 1486 τοῖς
3558 1421 3719 1475 δικα-

471 1535 530 1580 ut
555 1526 623 1581 de
652 1529 864 1598 magnis
903 1531 1334 1600 necessariisque
1366 1531 1631 1601 capitibus
1668 1530 2037 1601 interpellent,

2138 1525 2293 1589 σταῖς
2342 1523 2471 1594 περὶ
2526 1520 2775 1593 μεγάλων
2823 1518 2917 1573 καὶ
2951 1517 3261 1586 ἀναγκαίων
3297 1513 3608 1583 κεφαλαίων
3634 1513 3721 1564 ὲν-

472 1617 722 1673 nesciunt
766 1635 830 1674 ea
891 1620 958 1677 de
1028 1622 1225 1691 quibus
1274 1622 1450 1691 agitur
1513 1620 1815 1691 explicare,
1866 1636 2041 1691 neque

2144 1616 2511 1686 τυγχάνοντες,
2562 1614 2667 1667 οὐκ
2708 1613 2885 1666 ἴσασιν
2919 1608 3247 1679 ἀπαγγεῖλαι
3286 1607 3355 1661 τὰ
3389 1606 3489 1676 τῆς
3519 1602 3721 1691 ι’)ποθέ-

472 1707 671 1775 valent,
696 1712 837 1778 quod
871 1713 1111 1781 cupiunt,
1144 1714 1424 1768 evidenter
1455 1728 1518 1768 ac
1547 1713 1828 1783 perspicue
1858 1714 2039 1768 decla-

475 1811 637 1864 rare;
672 1799 868 1855 deinde
891 1803 1016 1872 quia
1045 1802 1211 1872 judex
1233 1804 1297 1857 ad
1329 1805 1603 1873 negotium
1633 1804 2037 1873 intelligendum

470 1889 722 1944 solertior
773 1901 857 1946 est
904 1909 1066 1963 quam
1109 1894 1503 1964 interpellator,
1568 1896 1829 1965 novitque
1882 1896 2041 1965 quale

471 1977 665 2035 debeat
702 1983 927 2039 reddere
974 2000 1290 2055 responsum
1333 2002 1348 2039 :
1382 1988 1475 2055 qui
1510 1988 1733 2056 supplex
1764 1996 1869 2054 est,
1919 1996 2042 2043 orat

472 2081 532 2124 ut
555 2087 658 2127 non
679 2076 929 2145 respiciat
955 2079 1021 2132 ad
1046 2079 1263 2148 indigna
1291 2081 1477 2145 verba,
1507 2079 1598 2135 sed
1619 2080 1776 2151 juxta
1807 2083 2041 2151 pruden-

473 2163 601 2217 tiam
641 2179 791 2220 suam
828 2178 989 2239 atque
1031 2186 1100 2225 ex
1148 2186 1210 2228 re
1259 2171 1497 2243 proferat
1545 2174 1896 2229 sententiam.
1949 2173 2042 2229 Sic

473 2256 637 2311 etiam
678 2261 960 2330 propheta,
985 2265 1415 2334 quandoquidem
1445 2265 1605 2322 homo
1633 2265 1742 2321 Deo
1787 2266 2042 2337 loqueba-

475 2356 583 2416 tur,
619 2360 779 2422 atque
812 2354 864 2408 in
901 2364 1124 2425 stupore
1168 2358 1528 2425 constitutus,
1570 2358 1742 2413 instar
1778 2360 2042 2429 guberna-

476 2442 607 2496 toris
644 2442 697 2495 in
730 2444 935 2512 pelago,
975 2446 1304 2513 jactabatur,
1338 2450 1588 2505 obsecrat
1619 2448 1823 2517 Deum,
1868 2449 2042 2505 Intel-

473 2529 573 2601 lige
623 2533 905 2590 clamorem
965 2554 1160 2605 meum;
1194 2541 1295 2596 hoc
1343 2550 1445 2607 est,
1493 2539 1612 2597 Noli
1655 2543 1923 2611 respicere
1975 2543 2041 2599 ad

473 2620 851 2693 indignitatem
876 2627 1183 2696 verborum,
1213 2644 1386 2698 neque
1402 2631 1469 2685 ad
1494 2633 1759 2688 sermonis
1782 2633 2040 2702 inopiam,

471 2714 570 2768 sed
592 2714 755 2784 legito
782 2717 833 2769 in
870 2727 1047 2772 mente
1073 2735 1191 2775 mea
1221 2738 1234 2774 :
1269 2722 1409 2789 quod
1436 2724 1585 2777 deest
1605 2723 1659 2776 in
1689 2725 1891 2788 verbis,
1915 2740 2043 2791 sup-

473 2804 562 2874 ple
589 2805 643 2860 in
675 2808 892 2865 edictis.
923 2808 1058 2865 Illud
1088 2826 1237 2880 ergo,
1267 2811 1526 2882 Intellige,
1556 2814 1792 2883 positum
1817 2825 1900 2870 est
1923 2832 2040 2885 pro,

473 2896 649 2953 Cerne
706 2914 802 2955 cor
852 2917 1049 2966 meum,
1101 2902 1217 2973 lege
1258 2920 1394 2975 quas
1438 2906 1495 2961 in
1534 2906 1729 2962 anima:
1771 2906 1882 2963 imo
1915 2923 2043 2979 gero

473 2985 908 3057 iustificationes,
958 3005 1094 3061 quas
1143 2992 1323 3050 verbis
1352 3009 1611 3051 enarrare
1655 3011 1764 3052 non
1804 3011 2041 3067 possum.

2139 1684 2296 1773 σεως,
2329 1707 2451 1760 οὐδὲ
2478 1707 2622 1777 σαφῆ
2650 1705 2746 1759 καὶ
2776 1702 3104 1757 εὐσύνοπτον
3139 1700 3239 1772 τὴν
3263 1696 3469 1754 ἑαυτῶν
3487 1684 3721 1767 γνώμην

2140 1798 2487 1868 παραστῆσαι
2517 1797 2791 1851 δύνανται·
2844 1789 2962 1849 εἶτα
2996 1793 3181 1863 ἐπειδὴ
3222 1794 3251 1846 6
3278 1788 3537 1859 δικαστὴς
3578 1786 3718 1860 πρὸς

2138 1889 2199 1942 τὸ
2234 1889 2423 1960 νοῆσαι
2458 1890 2518 1943 τὸ
2542 1890 2775 1961 πρᾶγμα
2801 1886 3127 1960 γοργότερός
3153 1886 3299 1938 ἐστιν
3331 1881 3423 1936 τοῦ
3456 1878 3720 1949 ἐντυγχά-

2139 1999 2338 2047 νοντος,
2364 1982 2459 2035 καὶ
2486 1978 2623 2035 οἶδεν
2652 1982 2813 2035 ποίαν
2843 1980 3032 2051 ὀφείλῃ
3059 1976 3240 2031 δοῦναι
3266 1972 3578 2043 ἀπόκρισιν·
3613 1986 3721 2022 πα-

2144 2074 2367 2146 ρακαλεῖ
2395 2077 2424 2128 6
2453 2073 2636 2146 ἱκέτης
2670 2074 2745 2145 μὴ
2777 2071 2987 2126 ἀπιδεῖν
3035 2069 3169 2140 πρὸς
3212 2067 3283 2121 τὰ
3312 2064 3504 2129 ἀνάξια
3539 2062 3719 2134 ῥήμα-

2139 2183 2227 2231 τα,
2258 2165 2393 2219 ἀλλὰ
2426 2166 2563 2238 πρὸς
2601 2165 2700 2237 τὴν
2726 2165 2889 2220 αὑτοῦ
2924 2163 3184 2235 φρόνησιν
3210 2160 3304 2213 καὶ
3337 2158 3435 2228 τὴν
3462 2154 3718 2209 ὑπόθεσιν

2140 2254 2320 2308 δοῦναι
2344 2254 2442 2327 τὴν
2478 2256 2768 2325 ἀπόφασιν.
2799 2256 2985 2320 Οὒτως
3009 2256 3104 2309 καὶ
3134 2255 3163 2308 ὁ
3189 2252 3494 2325 προφήτης.
3524 2246 3717 2318 ἐπειδὴ

2141 2344 2237 2399 ἄνθ
2247 2364 2425 2418 ρωπος
2450 2346 2524 2402 ὣν
2552 2347 2672 2419 Θεῷ
2695 2346 2984 2417 διελέγετο,
3007 2345 3102 2401 καὶ
3134 2347 3191 2398 ὲν
3215 2343 3469 2411 ἐκστάσει
3491 2340 3721 2409 γενόμε-

2142 2450 2252 2501 νος,
2285 2436 2360 2500 ὡς
2390 2438 2729 2510 κυϐερνήτης
2754 2439 2811 2491 ἐν
2841 2436 3065 2506 πελάγει
3089 2432 3430 2506 ἐχειμάζετο,
3460 2446 3717 2501 παρακαρ

2141 2532 2224 2587 λεῖ
2246 2530 2335 2584 τὸν
2358 2529 2509 2584 Θεόψ
2542 2531 2732 2596 Σύνες
2755 2528 2865 2599 τῆς
2885 2527 3147 2599 κραυγῆς
3173 2544 3312 2598 μου·
3341 2524 3463 2579 ἀντὶ
3480 2522 3598 2588 τοῦ,
3626 2519 3719 2593 Μὴ

2141 2625 2279 2696 πρὸς
2326 2622 2427 2695 τὴν
2470 2621 2579 2675 τῶν
2637 2620 2898 2693 ῥημάτων
2943 2618 3141 2691 ἀπίδῃς
3182 2614 3528 2687 ἀναξιότητα,
3585 2610 3719 2683 μηδὲ

2142 2718 2279 2790 πρὸς
2304 2716 2403 2789 τὴν
2434 2715 2542 2770 τῶν
2583 2714 2757 2783 λόγων
2796 2710 3089 2783 πτωχείαν,
3130 2709 3265 2764 ἀλλὰ
3307 2703 3580 2776 ἀνάγνωθί
3616 2720 3720 2775 μου

2140 2808 2240 2879 τὴν
2262 2806 2518 2861 διάνοιαν
2555 2805 2617 2859 τὸ
2659 2804 2844 2858 λεῖπον
2882 2804 2940 2856 ὲν
2961 2803 3073 2866 τοῖς
3099 2802 3359 2873 ῥήμασιν,
3396 2795 3720 2869 ἀναπλήρω-

2145 2917 2236 2953 σον
2283 2902 2342 2953 ὲν
2385 2901 2507 2963 ταῖς
2554 2896 2913 2966 ἀποφάσεσιν.
2959 2894 3031 2948 Τὸ
3058 2888 3172 2961 οὖν,
3203 2892 3414 2957 Σύνες,
3451 2888 3572 2943 ἀντὶ
3598 2885 3717 2952 τοῦ,

2149 2992 2250 3045 Ἴδε
2282 2991 2381 3063 τὴν
2401 2991 2539 3063 ἐμὴν
2562 2988 2806 3060 καρδίαν,
2841 2985 3113 3056 ἀνάγνωθί
3147 3002 3249 3057 μου
3281 2982 3351 3037 τὰ
3373 2984 3431 3035 ὲν
3459 2980 3537 3052 τῷ
3566 2978 3719 3051 βάθει.

2071 3109 2113 3168 C
2145 3083 2244 3154 τῆς
2279 3082 2455 3153 ψυχῆς
2489 3081 2853 3157 δικαιώματα,
2895 3078 3039 3150 άπερ
3065 3076 3152 3132 διὰ
3187 3076 3447 3149 ῥημάτων
3486 3072 3719 3139 ἐξειπεῖν

2145 3173 2205 3226 οὐ
2233 3172 2487 3243 δύναμαι.

543 3252 766 3309 Intende
807 3256 918 3310 voci
969 3257 1226 3313 orationis
1256 3273 1405 3314 mete.
1455 3248 1734 3328 Tanquam
1775 3260 1859 3316 sol
1912 3262 2041 3319 mihi

2217 3267 2487 3335 Πρόσχες
2515 3264 2591 3334 τῇ
2623 3263 2794 3335 φωνῇ
2831 3262 2941 3332 τῆς
2967 3260 3230 3340 δεήσεώς
3266 3277 3406 3330 μου.
3453 3257 3543 3321 Ὣς
3568 3256 3717 3329 ἥλιός

473 3358 715 3411 exorere,
747 3362 810 3402 ac
848 3348 1032 3404 statim
1062 3348 1429 3404 calamitatum
1454 3351 1624 3422 frigus
1654 3367 1685 3406 a
1714 3367 1799 3407 me
1827 3353 2041 3422 expule-

2149 3375 2237 3428 μοι
2269 3357 2566 3422 ἀνάτειλον,
2595 3357 2689 3410 καὶ
2713 3355 2913 3419 εὐθέως
2947 3371 3035 3425 μοι
3064 3354 3155 3408 τὸν
3186 3351 3430 3424 χειμῶνα
3451 3349 3558 3403 τῶν
3584 3365 3718 3420 συμ-

472 3434 569 3490 ris.
597 3435 728 3490 Nam
757 3436 800 3491 si
841 3438 1111 3494 sensibilis
1154 3440 1252 3505 sol,
1301 3442 1538 3499 t-(elestis
1573 3444 1781 3511 oculus,
1830 3448 2041 3515 quando

2147 3450 2328 3521 φορῶν
2361 3433 2580 3512 ἔλυσας.
2610 3450 2675 3501 El
2714 3447 2824 3520 γὰρ
2850 3448 2879 3500 6
2908 3445 3163 3518 αἰσθητὸς
3207 3444 3376 3516 ἣλιος,
3416 3444 3444 3497 ὁ
3471 3441 3719 3513 οὐράνιος

473 3526 529 3581 in
562 3527 742 3583 hieme
773 3531 1036 3597 exoritur,
1059 3531 1280 3601 glaciem
1312 3534 1493 3599 solvit,
1522 3544 1577 3591 et
1609 3536 1740 3591 solis
1766 3526 2042 3607 aspectum

473 3620 563 3673 nix
603 3634 708 3674 non
763 3620 887 3684 fert,
943 3622 1037 3676 sed
1090 3623 1452 3688 dissolvitur;
1494 3637 1696 3695 quanto
1746 3628 1915 3697 magis
1960 3639 2043 3695 tu,

474 3709 719 3779 Domine,
752 3721 1008 3782 tanquam
1054 3714 1132 3769 sol
1165 3716 1387 3784 justitiae
1418 3718 1545 3771 mihi
1587 3728 1825 3785 exortus,
1876 3721 2047 3777 instar

473 3805 676 3872 pruinae
704 3819 769 3858 ac
798 3804 1014 3873 frigoris
1036 3806 1274 3860 resolves
1299 3809 1652 3863 tentationes!
1688 3808 1841 3865 Sicut
1866 3821 2040 3867 autem

475 3911 600 3949 cum
643 3895 772 3950 dicit
801 3894 933 3963 Deo,
966 3895 1209 3962 Intende,
1237 3914 1342 3953 non
1378 3910 1531 3969 rogat
1570 3916 1693 3956 eum
1729 3911 1788 3955 ut
1818 3904 2046 3972 aspiciat

473 4003 568 4057 per
597 4002 842 4055 sensum,
884 3998 941 4043 at
968 4001 1129 4057 prout
1159 3990 1325 4046 Deum
1355 3991 1543 4060 decet;
1574 3993 1644 4046 ita
1678 4008 1863 4048 vocem
1890 4010 2043 4049 suam

472 4078 628 4146 dicit,
654 4080 920 4151 loquelam
947 4084 1001 4136 in
1026 4084 1205 4137 anima
1237 4098 1369 4138 sono
1394 4097 1687 4159 carentem,
1717 4087 1870 4156 cujus
1896 4088 2044 4144 solus

473 4173 688 4229 auditor
757 4186 841 4230 est
909 4178 1069 4233 Deus.
1133 4175 1256 4246 Ipse
1318 4178 1461 4231 enim
1528 4178 1671 4231 novit
1735 4180 2043 4237 abscondita

473 4265 646 4319 cordis
683 4266 726 4318 ³.
759 4264 964 4322 Deinde
994 4277 1052 4321 ut
1087 4266 1337 4322 ostendat
1364 4283 1610 4337 magnam
1644 4277 1699 4323 et
1722 4270 2039 4326 immensam

2145 3542 2441 3613 ὀφθαλμὸς,
2491 3541 2777 3605 ἀνατείλας
2822 3542 2880 3595 ὲν
2928 3538 3154 3610 χειμῶνι
3197 3537 3329 3609 (97),
3353 3536 3444 3590 τὸν
3482 3532 3719 3603 παγετὸν
3794 3588 3809 3605 ί,

2146 3630 2352 3698 ἔλυσεν,
2398 3634 2490 3685 καὶ
2534 3631 2752 3702 βλέμμα
2799 3630 2893 3684 τοῦ
2932 3630 3082 3702 ἡλίου
3127 3630 3162 3699 ἡ
3205 3626 3336 3699 χιὼν
3374 3625 3450 3699 μὴ
3479 3625 3719 3698 φέρουσα

2144 3726 2349 3781 λύεταν
2380 3727 2530 3796 πόσῳ
2573 3725 2772 3794 μᾶλλον
2810 3723 2990 3788 αὐτὸς,
3038 3722 3303 3785 Δέσποτα,
3346 3718 3422 3783 ὡς
3451 3717 3602 3789 ἥλιος
3642 3716 3718 3771 δι-

2143 3816 2435 3888 καιοσύνης
2458 3816 2742 3880 ἀνατείλας
2774 3832 2884 3886 μοι,
2915 3815 2989 3879 ὡς
3012 3815 3223 3886 πάχνην
3247 3812 3342 3866 καὶ
3364 3809 3607 3883 χειμῶνα
3629 3810 3721 3863 ὲκ-

2141 3908 2285 3973 λύεις
2317 3910 2444 3971 τοὺς
2473 3907 2840 3981 πειρασμούςι
2874 3909 3085 3979 ’Ὠσπερ
3138 3906 3195 3960 δὲ
3241 3904 3414 3973 λέγων
3468 3902 3546 3973 τῷ
3570 3899 3711 3971 Θεῷ,

2141 4003 2436 4071 Πρόσχες,
2460 4001 2558 4054 οὐκ
2581 3999 2855 4070 αἰσθητῶς
2881 3999 3043 4053 αὐτὸν
3070 3995 3380 4068 παρακαλεῖ
3406 3991 3716 4061 ἐπιϐλέψαι,

2141 4092 2275 4145 ἀλλά
2327 4089 2665 4163 θεοπρεπῶς·
2719 4089 2893 4152 οὕτως
2943 4086 3128 4158 φωνὴν
3182 4083 3348 4139 αὑτοῦ
3391 4082 3564 4151 λέγει,
3621 4079 3721 4150 τὴν

2142 4185 2413 4255 ἄφθογγον
2446 4186 2506 4236 ὲν
2536 4186 2602 4255 τῇ
2634 4181 2779 4254 ψυχῇ
2825 4181 3032 4246 λαλιὰν,
3078 4173 3147 4251 ἦς
3189 4178 3350 4249 μόνος
3384 4171 3661 4246 ἀκροατὴς
3689 4173 3719 4226 6

2140 4278 2291 4341 Θεὸς.
2318 4276 2508 4343 Αὐτὸς
2535 4276 2644 4347 γὰρ
2668 4273 2943 4347 γινώσκει
2972 4272 3044 4326 τὰ
3065 4272 3285 4341 κρύφια
3312 4267 3422 4337 τῆς
3448 4264 3717 4335 καρδίας.

473 4357 586 4411 neri
608 4357 945 4427 dignitatem,
970 4360 1111 4429 quod
1148 4357 1431 4413 Dominum
1462 4373 1581 4412 eum
1611 4363 1903 4427 vocaverit,
1936 4379 2039 4417 non

2144 4363 2277 4420 Εἶτα
2308 4368 2396 4421 ἵνα
2421 4365 2574 4440 δείξῃ
2605 4365 2664 4419 τὸ
2692 4364 2836 4437 μέγα
2860 4365 2954 4418 καὶ
2990 4360 3364 4433 ὑπερμέγεθες
3390 4357 3484 4411 τοῦ
3513 4355 3719 4446 Δεσπό-

472 4455 726 4515 tanquam
766 4463 929 4502 unum
975 4449 1041 4504 de
1090 4450 1293 4512 multis.
1350 4450 1444 4503 sed
1482 4449 1629 4504 velut
1661 4452 2035 4510 universorum

2144 4477 2236 4512 του
2270 4458 2504 4529 ἀξίωμα·
2545 4459 2627 4511 ὅτι
2656 4456 2859 4528 Κύριον
2890 4455 3049 4509 αὐτὸν
3079 4453 3355 4517 ἐκάλεσεν,
3394 4450 3493 4519 οὐχ
3519 4446 3595 4511 ὡς
3624 4445 3719 4501 ἕνα

473 4543 658 4591 herum
689 4547 744 4592 et
782 4551 1106 4607 creatorem,
1146 4545 1383 4613 subjicit,
1444 4543 1553 4599 Rea:
1606 4561 1749 4600 meus
1797 4557 1846 4600 et
1899 4546 2041 4601 Deus

472 4642 611 4680 meus
651 4653 716 4666 -—~
737 4627 851 4683 Rex
882 4647 1027 4685 meus
1050 4648 1069 4685 :
1090 4634 1213 4701 quia
1238 4650 1323 4689 me
1355 4636 1578 4691 militem
1601 4654 1723 4692 cum
1761 4638 2045 4708 delegeris,

472 4717 687 4772 nomine
745 4729 838 4774 tuo
897 4722 1246 4792 consignasti.
1313 4727 1450 4782 Deus
1513 4731 1870 4800 meua:quod
1917 4746 2039 4783 cum

472 4818 632 4863 antea
660 4825 765 4864 non
790 4827 989 4879 essem,
1020 4814 1071 4867 in
1102 4830 1280 4871 rerum
1313 4827 1561 4874 naturam
1589 4821 1882 4876 adduxisti.
1926 4820 2042 4876 Rea:

473 4902 923 4973 meus:quoniam
959 4921 1065 4972 me,
1096 4908 1187 4977 qui
1231 4909 1330 4963 sub
1357 4913 1640 4981 tyrannide
1665 4914 1873 4983 peccati
1901 4915 2046 4982 posi-

473 5002 562 5048 tus
589 5008 761 5061 eram,
785 4995 931 5050 velut
953 4999 1221 5067 captivum
1252 5001 1510 5058 liherasti.
1534 5005 1675 5060 Deus
1704 5022 1846 5061 metu
1872 5023 1893 5064 .'
1916 5008 2040 5075 quia

474 5097 723 5142 naturam
775 5091 1016 5154 mutasti,
1056 5099 1111 5159 et
1159 5096 1562 5164 corruptibilem
1620 5113 1796 5153 meum
1853 5099 2038 5153 limum

386 5179 393 5182 ’
472 5176 604 5233 dum
654 5189 859 5250 gestas,
910 5182 1369 5254 incorruptibilem
1412 5186 1657 5245 effecisti.
1697 5188 1805 5244 Rea:
1848 5206 1994 5245 meus
2021 5205 2040 5244 :

543 5314 688 5371 ’Joh
716 5332 816 5380 xu,
856 5318 942 5374 i5.
1019 5319 1040 5351 ³
1064 5318 1203 5375 Psal.
1241 5338 1394 5388 mn,
1427 5323 1519 5378 22.

541 5449 654 5532 (96)
683 5450 1006 5532 ’ρργίζεζαα
1027 5454 1241 5532 Judazus
1264 5456 1524 5532 _Pl1ilo,De
1546 5460 1780 5526 somniis,
1804 5475 1856 5532 ρ.
1882 5459 2043 5532 1127,

474 5518 562 5595 ubi
595 5518 663 5575 de
688 5518 929 5595 ilo'sephi
963 5528 1172 5581 somnio
1210 5529 1277 5582 ad
1314 5518 1449 5582 Gen.
1496 5544 1703 5595 xxxv",
1759 5518 1882 5583 τίνα
1932 5518 2043 5594 ’ἐξεὶ

476 5589 629 5658 λόγον
648 5594 709 5671 τδ
735 5589 1169 5671 ὀργίζεσθαιρκαὶ
1198 5599 1459 5671 ἐπιτιμᾷν
1506 5598 1584 5670 τῷ
1606 5589 1704 5671 τὴν
1731 5599 1851 5653 καθ’
1876 5589 2043 5655 ὕπνον

476 5662 777 5739 φαντασίαν
804 5664 995 5730 ίδόντι;
1020 5666 1331 5739 Quamnam
1349 5662 1575 5724 'h'abebi't
1610 5662 1859 5726 rationem
1885 5674 1966 5725 ira
1991 5683 2040 5725 et

476 5730 839 5800 objurgatione
860 5738 935 5789 uti
959 5730 1208 5794 adversus
1239 5755 1353 5794 eum
1385 5742 1471 5810 qui
1500 5742 1746 5797 visionem
1782 5746 1834 5797 in
1860 5758 2037 5797 somno

2143 4551 2250 4604 τῶν
2302 4548 2534 4614 πολλῶν,
2589 4549 2706 4603 ἀλλ’
2748 4550 2823 4612 ὼς
2864 4548 2972 4601 τῶν
3011 4543 3451 4613 ὄλωναΔεσπότην
3491 4541 3584 4595 καὶ
3617 4541 3719 4609 Δη-

2148 4642 2425 4714 μιουργὸν,
2456 4642 2671 4710 ἐπάγειν
2713 4641 2774 4694 '0
2815 4638 3116 4704 ,Βασιλεύς
3163 4653 3283 4707 μου
3333 4634 3430 4689 καὶ
3482 4635 3516 4687 ὁ
3578 4632 3718 4698 Θεός

2139 4754 2277 4805 μου.
2310 4765 2380 4776 -
2420 4736 2482 4789 '0
2519 4736 2820 4801 ,ϐασιλεύς
2858 4750 2997 4804 μου·
3027 4734 3109 4787 ὅτι
3151 4749 3219 4803 με
3264 4728 3716 4802 στρατολογήσας,

2144 4831 2221 4900 τῷ
2245 4829 2466 4901 ὀνόματί
2506 4846 2599 4882 σου
2625 4829 2982 4899 ὲσφράγισας.
3010 4827 3067 4879 '0
3098 4826 3388 4895 Θεόςμου⁶
3416 4823 3497 4877 ὅτι
3528 4820 3602 4893 μὴ
3629 4820 3720 4874 δν-

2145 4937 2214 4976 τα
2245 4939 2313 4992 με
2340 4921 2628 4993 πρότερον,
2666 4921 2746 4983 εἰς
2778 4920 2839 4974 τὸ
2872 4913 3012 4974 εῖναι.
3047 4919 3275 4991 ἤγαγες.
3331 4916 3386 4969 '0
3424 4913 3719 4982 ,ϐασιλεύς

2142 5026 2282 5081 μου·
2313 5011 2395 5064 ὅτι
2420 5009 2825 5082 τυραννηθέντα
2854 5026 2922 5081 με
2950 5010 3016 5081 τῇ
3046 5007 3313 5080 ἁμαρτίᾳ,
3338 5005 3415 5070 ὡς
3442 5003 3719 5076 αἰχμάλω-

2147 5120 2238 5156 τον
2269 5102 2660 5173 ἡλευθὲρωσας,
2700 5100 2767 5177 ’0,
2791 5102 2935 5167 Θεός
2968 5118 3106 5170 μου·
3137 5100 3220 5153 ὅτι
3269 5098 3369 5171 τὴν
3397 5096 3557 5168 φύσιν
3592 5113 3719 5167 μετ-

2148 5194 2357 5260 ἐὸαλες,
2379 5194 2571 5249 καὶτὸν
2589 5192 2823 5267 φθαρτὸν
2851 5194 3017 5266 πηλόν
3043 5209 3142 5264 μου
3172 5190 3425 5263 φορέσας,
3448 5187 3727 5261 ἄφθαρτον

2151 5461 2339 5515 viderit
2357 5462 2383 5514 Ρ
2408 5461 2725 5527 Ediderunt,
2749 5460 3050 5528 ὁρίζεσθαι,
3083 5460 3230 5517 nullo
3256 5475 3438 5517 sensu.

2221 5531 2333 5601 (97)
2373 5533 2469 5586 Ἑν
2494 5526 2755 5602 χειμῶνι.
2781 5526 3082 5587 Brumalem
3108 5532 3363 5587 circulum
3383 5536 3551 5602 vocat
3569 5526 3719 5585 Rha-

2148 5598 2340 5667 hanus'.
2372 5598 2621 5674 capfﬂ,
2646 5602 2737 5674 lib,
2765 5603 2842 5656 De
2867 5611 3127 5670 computo.
3163 5604 3239 5674 lla
3268 5603 3409 5656 enim
3436 5600 3506 5674 ibi
3537 5598 3689 5669 legon

2149 5674 2293 5737 dum,
2349 5683 2404 5729 et
2439 5672 2496 5727 in
2538 5672 2847 5740 brumalem,
2899 5688 3002 5728 non
3032 5673 3324 5740 prumalem
3353 5683 3408 5730 et
3444 5672 3720 5740 inprimu-

2147 5744 2265 5798 lem.
