3892 6272
154 301 265 362 tn
790 288 793 289 ί
904 282 911 289 ’
1208 308 1487 367 ιιοιιιιιΑ
1508 313 1671 371 xvn.
1704 312 1773 369 IN
1805 310 2095 370 eumnam
2126 312 2320 370 esse.
2363 311 2424 369 ν.
3297 309 3405 374 tta

154 420 444 491 ἐποίησας.
490 419 556 475 '0
581 421 883 489 ,ϐασιλεύς
907 440 1049 494 μου·
1076 423 1157 478 ὅτι
1193 424 1269 490 ὡς
1308 425 1558 497 βασιλεὺς
1605 446 1729 499 πορ-

1838 428 1979 497 quod
2033 435 2286 498 tanquam
2332 442 2424 482 rex
2462 437 2548 481 me
2600 438 2856 495 purpura,
2920 426 3090 492 gratia
3131 425 3404 497 Videlicet,

155 511 336 585 φύραν
363 528 455 582 με,
484 512 585 584 τὴν
608 514 764 585 χάριν
793 514 1067 579 ὲνέδυσας.
1109 515 1170 568 '0
1204 517 1349 584 Θεός
1364 535 1505 586 μου·
1534 519 1615 572 ὅτι
1650 536 1729 589 μοι

1846 518 2085 574 induisti.
2112 519 2251 574 Deus
2277 534 2420 573 meus
2449 535 2470 575 :
2497 517 2749 587 quoniam
2788 516 2919 571 mihi
2955 519 3120 575 stelas
3148 528 3404 590 tanquam

154 606 283 668 τοὺς
327 606 591 677 οὐρανοὺς
639 606 715 671 ῶς
762 606 893 671 Θεὸς
951 606 1188 679 ἧνοιξας,
1231 609 1324 662 καὶ
1357 609 1465 663 τῶν
1504 611 1737 680 ἐπουρα-

152 696 283 752 νίων
312 713 407 751 σου
433 696 654 765 ἀγαθῶν
678 699 900 770 μέτοχον
930 699 1209 771 ἐποίησας.
1239 700 1349 755 Καί
1367 718 1450 755 σοι
1482 701 1733 773 πρέπειή

151 786 280 852 δόξα
307 788 404 840 καὶ
432 787 493 841 τὸ
521 788 738 858 κράτος,
770 787 889 860 ἅμα
909 789 987 859 τῷ
1023 789 1162 861 ἁγίῳ
1194 791 1288 844 καὶ
1314 790 1560 863 ζωοποιῷ
1609 808 1737 847 σαυ-

150 880 244 935 τοῦ
268 879 572 951 Πνεύματι,
598 880 698 935 νῦν
731 884 824 937 καὶ
849 885 930 947 είς
950 884 1077 947 τοὺς
1103 883 1490 957 ἀτελευτήτους
1532 884 1734 950 αἰῶνας

150 968 260 1023 τῶν
292 969 526 1024 αίὼνων.
566 972 625 1023 ’Δ
631 971 757 1043 μήν.

893 1066 995 1120 lZ'.
1626 1090 1633 1099 °

231 1153 339 1217 Εἰς
366 1151 477 1207 τὸν
495 1153 682 1208 αὐτὸν·
716 1160 758 1208 e'
793 1156 1060 1224 ψαλμὸν,
1091 1157 1312 1222 ἄλλως.
1348 1159 1540 1228 Λόγος
1569 1157 1638 1229 τί.

219 1244 440 1316 Ὥσπερ
467 1247 515 1299 οἱ
564 1246 691 1318 παρ’
717 1249 846 1318 ἡμῖν
897 1248 1264 1321 λαμπρότεροι
1310 1251 1553 1321 νυμφίοι,
1591 1251 1731 1323 μετὰ

150 1335 241 1389 τὸν
259 1335 504 1407 θάλαμον
526 1339 621 1391 καὶ
641 1337 739 1411 τὴν
760 1340 945 1411 κοίτην
973 1341 1321 1405 ἀναστάντες,
1340 1345 1459 1406 ταῖς
1488 1342 1728 1413 νύμφαις

152 1427 595 1483 ὑποδεικνύουσιν
633 1429 724 1484 τὸν
763 1429 989 1484 πλοῦτον
1015 1433 1109 1485 καὶ
1130 1432 1230 1505 τὴν
1253 1432 1611 1504 κληρονομίαν
1630 1435 1727 1501 τὴν

151 1517 441 1589 πατρῴαν·
473 1518 648 1583 οὕτως
675 1521 703 1574 6
725 1520 957 1592 Χριστὸς
982 1522 1011 1574 6
1043 1523 1332 1594 μονογενὴς
1356 1523 1604 1593 νυμφίος,
1632 1524 1728 1578 καὶ

149 1609 243 1662 τοῦ
278 1610 496 1683 Πατρὸς
522 1610 871 1683 κληρονόμος,
929 1613 1068 1684 μετὰ
1116 1614 1208 1669 τὸν
1255 1614 1481 1669 θάνατον
1520 1614 1726 1669 καὶτὸν

147 1704 319 1772 τάφον
346 1704 589 1769 ἀναστὰς
615 1706 679 1760 ὲκ
709 1705 938 1777 νεκρῶν,
977 1708 1043 1778 τῇ
1084 1706 1248 1761 αὑτοῦ
1284 1706 1469 1779 νύμφῃ
1502 1709 1572 1779 τῇ
1605 1708 1726 1761 Ἐκ-

1844 609 1985 665 Deus
2019 609 2296 679 aperuisti,
2333 621 2524 679 meque
2548 606 2724 663 fecisti
2752 608 3013 663 bonorum
3049 618 3259 666 tuorum
3290 625 3404 668 cm-

1843 700 2054 756 lestium
2095 699 2433 770 participem.
2468 699 2643 768 Atque
2668 710 2720 755 te
2758 701 2911 754 decet
2940 700 3108 771 gloria
3131 711 3187 756 et
3228 702 3401 772 impe-

1841 791 2002 858 rium,
2039 807 2141 846 una
2164 806 2290 847 cum
2332 799 2519 846 sancto
2549 799 2604 845 et
2640 790 2852 846 vivilico
2889 799 2978 846 tuo
3003 791 3228 863 Spiritu,
3261 808 3403 849 nunc

1839 890 1893 936 et
1920 880 1975 936 in
2002 880 2213 937 inﬁnita
2241 880 2436 937 saecula
2460 880 2799 937 seculorum.
2825 882 3016 937 Amen.

2538 1056 2694 1112 XVII.

1836 1143 1904 1199 In
1932 1146 2167 1200 eumdem
2194 1148 2434 1216 quintum
2466 1148 2747 1217 psalmum,
2786 1150 2958 1207 aliter.
2995 1151 3178 1207 Oratio
3220 1153 3398 1210 tertia.

1905 1238 2368 1305 Quemadmodum
2392 1241 2534 1297 inter
2558 1257 2656 1297 nos
2672 1245 2851 1312 sponsi
2875 1245 3213 1311 illustriores,
3230 1258 3261 1299 e
3284 1247 3403 1300 tha-

1833 1330 1975 1386 lamo
2012 1340 2067 1385 et
2087 1332 2253 1387 cubili
2283 1347 2403 1388 cum
2430 1336 2786 1401 surrexerint,
2829 1338 3038 1406 sponsis
3078 1338 3189 1413 suis
3220 1345 3403 1393 osten-

1832 1422 1967 1477 dunt
1995 1423 2212 1479 divitias
2244 1433 2298 1479 et
2325 1433 2605 1494 paternam
2650 1426 3015 1484 haereditatem
3048 1431 3168 1486 :sic
3213 1431 3403 1501 unige-

1831 1513 1977 1570 nitus
2014 1530 2250 1583 sponsus
2291 1516 2566 1582 Christus,
2617 1527 2781 1588 atque
2823 1519 2999 1575 Patris
3048 1522 3241 1585 haeres,
3284 1531 3404 1592 post

1832 1616 2060 1661 mortem
2088 1617 2142 1663 et
2167 1610 2496 1679 sepulturam
2537 1627 2832 1681 exsurgens
2857 1630 2887 1669 a
2914 1617 3161 1682 mortuis,
3191 1631 3402 1685 sponsae

1832 1712 1944 1754 sua:
1971 1698 2226 1755 Ecclesiae
2247 1703 2483 1756 ostendit
2527 1702 2741 1759 divitias
2776 1713 2831 1768 et
2874 1706 3265 1773 hereditatem,
3300 1707 3403 1761 hoc

148 1794 353 1867 κλησίᾳ
411 1793 614 1861 ἔδειξεν
665 1796 755 1852 τὸν
801 1796 1028 1852 πλοῦτον
1071 1798 1166 1852 καὶ
1211 1797 1311 1869 τὴν
1346 1797 1729 1873 κληρονομίαν,

1835 1796 1934 1854 est,
1967 1789 2345 1860 ‘Evangelium
2386 1807 2449 1847 ac
2510 1807 2753 1864 regnum.
2801 1794 2935 1862 Quia
2986 1811 3116 1867 ergo
3148 1800 3203 1851 in
3247 1797 3402 1866 ﬁnem

148 1885 432 1940 τουτέστιν
453 1887 516 1940 τὸ
537 1887 865 1957 Εὐαγγὲλιον
888 1888 984 1942 καὶ
1007 1889 1106 1960 τὴν
1132 1887 1426 1959 βασιλείαν.
1462 1889 1616 1944 Ἐπεὶ
1639 1885 1732 1946 οὖν

147 1979 236 2044 εἰς
276 1977 346 2032 τὸ
382 1978 578 2045 τέλος,
614 1978 1036 2051 τελευτήσαντος
1058 1980 1154 2034 τοῦ
1180 1979 1434 2051 νυμφίου,
1469 1980 1732 2052 κληρονο-

153 2070 247 2139 μεῖ
294 2069 332 2139 ἠ
385 2067 595 2139 νύμφη·
632 2069 721 2123 διὰ
763 2069 940 2134 τοῦτο,
984 2073 1089 2137 Εἰς
1115 2070 1183 2124 τὸ
1222 2069 1415 2137 τέλος,
1442 2070 1595 2139 ὑπὲρ
1620 2069 1732 2140 τῆς

150 2161 676 2230 κληρονομούσης,
702 2162 732 2216 6
758 2162 923 2216 Δαϐὶδ
953 2161 1261 2233 ἐπέγραψεν
1278 2163 1377 2233 τὴν
1396 2161 1728 2234 ψαλμῳδίαν.

151 2252 280 2304 Ὅτε
305 2251 421 2323 γὰρ
459 2252 521 2304 τὸ
543 2252 694 2318 τέλος
721 2253 815 2307 καὶ
862 2255 891 2306 6
924 2256 982 2308 ὲν
1014 2255 1179 2326 σαρκὶ
1208 2254 1436 2320 θάνατος
1465 2252 1559 2309 τοῦ
1596 2255 1732 2326 Χρι-

151 2340 279 2395 στοῦ
323 2342 611 2414 ἐτελέσθη,
645 2344 766 2399 τότε
797 2348 877 2410 εἰς
906 2347 1005 2411 τὰς
1033 2348 1205 2419 νομὰς
1230 2348 1328 2419 τῆς
1365 2348 1731 2420 κληρονομίας

147 2434 182 2503 ἡ
209 2432 401 2505 νύμφη
428 2432 629 2507 ἐκλήθη
655 2433 813 2507 αὕτη.
841 2436 940 2491 Διὰ
957 2437 1031 2504 τί,
1056 2439 1241 2509 φησὶν,
1269 2438 1587 2512 ἐσταυρώθη
1615 2438 1728 2510 (98)

150 2520 185 2590 ἢ
215 2521 498 2593 παρεδόθη
542 2523 572 2575 6
597 2524 869 2596 Χριστός;
912 2524 1226 2596 ’Δμαρτίαν
1275 2529 1387 2581 οὐκ
1417 2527 1726 2597 ἐποίησεν,

151 2612 295 2669 οὐδὲ
322 2614 509 2680 δόλος
532 2614 753 2684 ηὑρέθη
773 2616 842 2670 ἐν
859 2614 941 2682 τῷ
959 2618 1207 2687 στόματι
1222 2618 1429 2674 αὑτοῦ.
1456 2648 1528 2660 --
1550 2618 1730 2688 ’Υπὲρ

151 2703 263 2774 τῆς
311 2707 831 2777 κληρονομούσης.
870 2739 942 2749 -
982 2709 1190 2777 Καθὼς
1236 2710 1336 2765 καὶ
1400 2714 1433 2765 ό
1475 2710 1730 2781 Χριστὸς

152 2795 478 2866 ἠγάπησεν
506 2795 620 2867 τὴν
657 2798 1047 2867 Ἐκκλησίαν,
1091 2800 1191 2856 καὶ
1222 2800 1560 2871 παρέδωκεν
1592 2802 1731 2857 ἐαυ-

152 2889 258 2941 τὸν
288 2887 454 2956 ὑπὲρ
480 2887 689 2958 αὐτῆς.
737 2889 876 2944 Ἀλλ’
903 2891 1089 2964 ἐπειδὴ
1115 2894 1148 2963 ή
1177 2892 1458 2965 ἀντίζηλος
1489 2893 1657 2964 αὐτῆς
1691 2895 1726 2966 ἡ

154 2980 459 3050 Συναγωγὴ
491 2980 678 3051 ἦριζεν
703 2980 791 3036 διὰ
822 2981 920 3054 τὴν
943 2983 1324 3054 κληρονομίαν,
1360 2984 1559 3055 βιϐλίον
1594 2986 1730 3040 ἀπο-

156 3073 377 3125 στασίου
415 3069 677 3139 λαϐοῦσα,
720 3072 796 3137 ὡς
835 3073 1164 3146 κληρονόμος
1203 3076 1478 3142 ἐδικάζετο
1515 3078 1629 3148 (99)
1657 3080 1725 3151 τῇ

1832 1888 2047 1935 mortuo
2075 1896 2293 1950 sponso,
2334 1882 2698 1938 haereditatem
2737 1886 2883 1955 capit
2924 1901 3152 1956 sponsa:
3177 1887 3400 1953 idcirco,

1836 1967 1904 2025 In
1923 1971 2102 2039 ﬁnem,
2128 1988 2222 2041 pro
2240 1989 2302 2027 ea
2330 1990 2446 2044 qua:
2477 1975 2831 2029 luereditatem
2856 1980 3207 2047 consequitur,
3237 1977 3404 2032 David

1828 2062 2041 2143 psalmo
2072 2064 2283 2118 titulum
2315 2064 2462 2143 fecit.
2493 2064 2594 2121 Ubi
2620 2068 2765 2121 enim
2794 2068 2916 2123 linis
2941 2078 2993 2125 et
3020 2068 3221 2125 Christi
3256 2084 3404 2124 mors

1828 2141 1937 2223 per
1959 2168 2178 2210 carnem
2204 2153 2347 2210 facta
2379 2158 2618 2224 advenit,
2652 2169 2779 2216 tunc
2816 2162 2868 2215 in
2896 2161 3035 2217 bona
3078 2162 3405 2217 haereditatis

1831 2242 1947 2312 ipsa
1978 2254 2169 2299 vocata
2202 2255 2286 2301 est
2320 2261 2542 2316 sponsa.
2578 2249 2749 2317 Quam
2781 2252 2851 2306 ob
2886 2267 3022 2319 rem,
3051 2252 3246 2323 inquit,
3272 2268 3402 2308 cru-

1830 2337 2021 2394 ciﬁxus
2079 2347 2173 2392 aut
2215 2339 2444 2396 traditus
2494 2341 2597 2397 fuit
2620 2343 2919 2400 Christus?
2972 2344 3254 2401 Peccatum
3300 2362 3404 2402 non

1829 2427 1976 2497 fecit,
1993 2444 2086 2482 nec
2109 2429 2430 2485 inventusest
2451 2431 2602 2486 dolus
2620 2434 2676 2486 in
2703 2449 2790 2487 ore
2814 2435 2928 2504 ejus
2958 2433 3184 2489 ‘.-—Pro
3199 2452 3259 2489 ea
3286 2449 3405 2504 qut:

1828 2520 2184 2575 haereditatem
2235 2525 2657 2593 consequitur.—-
2675 2524 2826 2580 Sicut
2868 2535 2916 2581 et
2943 2525 3181 2581 Christus
3219 2526 3405 2582 dilexit

1829 2610 2144 2680 Ecclesium,
2188 2624 2238 2668 et
2274 2614 2607 2684 semetipsum
2648 2618 2870 2671 tradidit
2900 2635 2995 2685 pro
3034 2634 3096 2673 ea
3122 2619 3166 2675 ⁵.
3206 2618 3402 2674 Verum

1829 2704 2084 2772 quoniam
2126 2719 2225 2774 pro
2273 2705 2585 2761 haereditate
2622 2709 2981 2765 contendebat
3023 2710 3212 2765 aemula
3261 2712 3405 2767 illius

1831 2794 2113 2867 Synagoga
2131 2838 2146 2863 ,
2176 2811 2296 2866 quae
2322 2797 2559 2853 libellum
2584 2800 2792 2869 repudii
2822 2800 3134 2871 acceperat,
3158 2813 3213 2857 et
3238 2804 3403 2859 veluti

1842 2888 2014 2943 haeres
2070 2888 2311 2958 litigabat
2349 2898 2534 2944 contra
2572 2890 2877 2947 Ecclesiam
2910 2894 3098 2955 ,venit
3145 2895 3404 2965 propheta

1829 2983 2086 3047 tanquam
2134 2978 2457 3044 causidicus,
2519 2980 2714 3035 recitat
2748 2981 3029 3052 repudium
3081 2981 3401 3054 Synagogte.

1830 3067 2038 3124 Invenit
2080 3069 2491 3138 suscriptionem
2536 3072 2627 3126 Dei
2655 3087 2774 3142 quae
2838 3075 2952 3128 haec
3004 3075 3243 3129 continet
3278 3090 3293 3128 :
3330 3072 3402 3129 Et

165 3161 489 3234 Ἐκκλησία·
527 3128 693 3234 ἦλθεν
743 3128 793 3218 ὁ⁷
811 3128 1101 3238 προφήτηξ
1123 3128 1198 3230 ὧς
1220 3128 1729 3238 δικολόγοςδαναγιῖ

1835 3159 1941 3214 Ιιωο
1974 3176 2075 3215 non
2106 3176 2240 3214 uxor
2289 3178 2425 3229 mea,
2470 3171 2520 3217 et
2554 3180 2645 3233 ego
2679 3180 2781 3219 non
2819 3166 2897 3218 vir
2923 3167 3037 3231 eius
3066 3168 3120 3232 °;
3148 3175 3240 3221 et:
3269 3165 3402 3221 Dedi

152 3254 355 3309 νώσκει
400 3255 465 3309 τὸ
495 3255 637 3311 κατὰ
674 3255 775 3330 τῆς
807 3259 1134 3332 Συναγωγῆς
1166 3260 1509 3318 ἀποστάσιον.
1557 3256 1732 3335 Εὗρεν

153 3346 250 3416 τὴν
276 3345 610 3419 ὑπογραφὴν
638 3347 734 3400 τοῦ
763 3347 897 3403 Θεοῦ
924 3350 1302 3422 περιέχουσαν·
1338 3352 1447 3407 Kal.
1478 3353 1733 3421 αὕτηηού

153 3438 309 3507 τιννῆ
362 3455 507 3509 μου,
551 3438 714 3509 κάγὼ
747 3441 857 3495 οὐκ
897 3441 1052 3512 ἀνὴρ
1095 3442 1303 3513 αὐτῆς·
1349 3443 1464 3508 καὶ,
1499 3444 1734 3500 Ἕὸωκα

152 3527 309 3598 αὐτῇ
343 3529 590 3593 ,βιϐλίον
612 3530 989 3586 ἀποστασίου
1028 3528 1116 3599 ἐὶς
1149 3533 1257 3599 τὰς
1285 3533 1485 3602 χεῖρας
1518 3534 1734 3603 αὑτῆςέ

165 3619 560 3689 Ἀναγινώσκει
579 3621 747 3675 καὶτὸ
773 3621 1043 3693 προικῷον
1056 3627 1155 3695 τῆς
1194 3622 1539 3694 Ἐκκλησίας·
1572 3618 1731 3698 ε’ὗρεν

154 3711 245 3764 τὸν
275 3710 517 3781 νυμφίον
544 3712 637 3766 καὶ
657 3711 754 3784 τὴν
782 3712 1018 3785 νύμφην·
1057 3713 1120 3767 Ὅ
1146 3713 1303 3782 ἔχων
1327 3713 1442 3782 τὴν
1489 3716 1732 3785 νύμφην

155 3806 422 3874 νυμφίος
456 3805 647 3860 ἐστίν.
700 3807 852 3861 Ἐπεὶ
887 3802 1000 3872 οὖν,
1032 3806 1109 3872 ὡς
1151 3807 1317 3861 αὐτοῦ
1369 3809 1731 3874 ἀποθανόντος

156 3898 248 3952 τοῦ
284 3898 548 3969 νυμφίου,
579 3897 855 3964 ἐδικάζετο
898 3902 932 3971 ἠ
983 3900 1281 3972 Συναγωγὴ
1329 3903 1394 3973 τῇ
1438 3902 1730 3975 Ἐκκλησία

156 3989 288 4061 sapt
307 3988 410 4058 τῆς
443 3986 821 4060 κληρονομίας,
851 3989 1052 4061 ἀνέστη
1076 3990 1308 4062 Χριστὸς
1337 3991 1365 4043 6
1398 3988 1491 4044 τοῦ
1518 3992 1731 4063 Πατρὸς

156 4079 520 4150 κληρονόμος·
554 4078 648 4132 καὶ
671 4078 825 4148 ὑπὲρ
853 4079 963 4149 τῆς
995 4082 1490 4151 κληρονομούσης
1514 4082 1729 4155 νύμφης

154 4169 343 4241 δέησις
370 4168 522 4240 αὐτῷ
552 4168 752 4234 εὐθέως
785 4171 1146 4243 προσηνέχθη.
1170 4175 1273 4239 Εὶς
1310 4170 1372 4226 τὸ
1404 4174 1577 4239 τέλος
1597 4172 1727 4245 γὰρ,

160 4261 349 4331 φησιν,
383 4259 538 4327 ὑπὲρ
571 4258 682 4327 τῆς
721 4262 1236 4331 κληρονομούσης,
1274 4261 1352 4334 τῷ
1389 4262 1725 4337 κληρονόμῳ.

158 4352 256 4415 Τίς
284 4352 321 4421 ἡ
350 4349 795 4421 κληρονομοῦσα;
832 4352 898 4405 Ἡ
929 4351 990 4417 ἐξ
1018 4351 1186 4407 ὲθνῶν
1227 4353 1537 4424 Ἐκκλησία.
1566 4354 1728 4424 Λέγει

157 4439 372 4504 Παῦλος
394 4436 544 4493 εἶναι
577 4441 647 4494 τὰ
682 4440 824 4510 ἔθνη
853 4443 1316 4513 συγκληρονόμα
1350 4445 1448 4498 καὶ
1481 4445 1727 4500 σύσσω-

1835 4454 2067 4512 paratum
2121 4445 2264 4499 uobis
2299 4459 2514 4513 regnum
2564 4444 2629 4499 ¹¹.
2675 4445 2930 4510 Quaenam
2979 4454 3062 4500 est
3120 4445 3402 4503 abdicata!
3475 4464 3486 4474 '

154 4549 259 4600 μα.
304 4559 373 4571 -—
397 4532 962 4603 Klnpordpoteeoii,
992 4536 1469 4605 συγκληρονόμοι
1500 4535 1569 4589 δὲ
1595 4539 1727 4605 Χρι-

158 4624 336 4679 στοῦ.
359 4622 459 4685 Τίς
495 4623 529 4693 η
556 4622 923 4695 κληρονομία;
960 4625 1028 4678 Ἡ
1059 4624 1165 4679 τῶν
1191 4626 1434 4698 οὐρανῶν
1463 4627 1726 4698 βασιλεία.

156 4713 361 4780 Δεῦτε,
392 4712 463 4767 οἴ
479 4714 868 4784 εὐλογημένοι
898 4714 1005 4769 τοῦ
1036 4716 1263 4784 Πατρός
1284 4733 1423 4786 μου,
1449 4721 1731 4787 κληρονο-

230 4851 254 4882 ⁶
283 4848 305 4902 Ι
332 4849 481 4905 Petr.
510 4865 571 4916 ιι,
609 4850 698 4905 22.
797 4852 820 4885 ⁸
852 4851 1045 4921 Ephes.
1073 4867 1128 4915 v,
1158 4851 1249 4905 25.
1352 4852 1373 4883 ⁶
1402 4850 1524 4910 Ose.
1576 4866 1636 4919 ιι,
1668 4853 1724 4907 2.

1832 3253 1880 3307 ei
1904 3252 2135 3307 libellum
2162 3255 2366 3324 repudii
2392 3256 2448 3309 in
2477 3255 2714 3311 manibus
2748 3257 2894 3312 illius
2923 3259 2967 3312 '.
3004 3258 3211 3314 Recitat
3239 3260 3400 3314 etiam

1832 3343 2010 3399 dotale
2037 3343 2318 3413 Ecclesiae;
2357 3356 2547 3400 nactus
2577 3356 2661 3402 est
2707 3363 2962 3417 sponsum
3003 3360 3057 3404 et
3101 3365 3352 3420 sponsam
3387 3373 3400 3409 :

1834 3430 1941 3498 Qui
1970 3432 2122 3487 habet
2169 3449 2436 3501 sponsam,
2480 3451 2696 3504 sponsus
2734 3447 2806 3490 est
2851 3437 2893 3491 ⁸.
2946 3438 3081 3506 Quia
3137 3439 3300 3508 igitur
3346 3449 3400 3495 ut

1829 3532 1949 3593 post
1976 3535 2200 3580 mortem
2233 3526 2402 3595 ipsius
2444 3528 2647 3596 sponsi,
2695 3529 2843 3584 litem
2874 3533 3121 3586 movebat
3146 3532 3399 3589 Ecclesiae

1831 3616 2110 3687 Synagoga
2140 3619 2208 3673 ob
2239 3618 2631 3688 haereditatem,
2666 3622 2965 3677 resurrexit
3006 3621 3253 3678 ChriStus
3288 3625 3399 3679 ha:-

1830 3721 1917 3763 res
1945 3707 2142 3773 Patris,
2184 3715 2238 3762 et
2268 3724 2382 3777 ,pro
2410 3725 2604 3779 sponsa
2653 3727 2767 3779 quo:
2817 3711 3172 3767 hereditatem
3218 3729 3401 3768 conse-

1831 3803 2039 3872 quitur,
2069 3803 2170 3873 ipsi
2207 3805 2387 3859 statim
2429 3805 2622 3862 oblata:
2662 3815 2790 3861 sunt
2829 3820 3036 3875 preces.
3094 3808 3182 3862 Ait
3211 3809 3354 3864 enim
3385 3827 3403 3867 :

1828 3892 1895 3947 In
1924 3894 2100 3963 linem,
2137 3911 2230 3964 pro
2258 3912 2321 3950 ea
2350 3912 2464 3966 qua:
2495 3897 2849 3951 hmreditatem
2894 3881 3249 3968 consequitur,
3284 3899 3401 3954 hae-

1828 3984 1965 4039 redi.
2021 3982 2275 4051 Qumnam
2308 3994 2393 4041 est
2426 4001 2550 4056 qua:
2585 3985 2949 4043 haereditatem
3008 3990 3403 4060 consequitur?

1831 4075 2071 4131 Ecclesia
2101 4092 2167 4131 ex
2198 4079 2467 4147 gentibus.
2498 4078 2634 4133 Dicit
2668 4077 2867 4135 Paulus
2893 4089 3069 4150 gentes
3095 4096 3204 4136 esse
3232 4081 3397 4135 coha-

1831 4167 1974 4222 redes
2002 4177 2049 4222 et
2084 4169 2473 4235 concorporales
2493 4175 2538 4224 ο.
2570 4201 2642 4212 -
2668 4170 2917 4226 Heredes
2955 4170 3080 4238 Dei,
3109 4170 3403 4227 coheredes

1830 4272 2001 4313 autem
2030 4258 2227 4315 Christi
2253 4261 2318 4314 ιο.
2356 4261 2612 4328 Quaenam
2655 4272 2739 4318 est
2785 4262 3108 4318 haereditas?
3154 4261 3401 4333 Regnum

1830 4353 2109 4408 caelorum.
2173 4351 2377 4419 Venite,
2422 4353 2681 4409 benedicti
2734 4355 2912 4410 Patris
2963 4356 3099 4422 mei,
3149 4357 3402 4424 possidete

1833 4535 2113 4607 SynagOga
2140 4544 2195 4592 et
2219 4535 2446 4608 populus
2477 4534 2616 4605 ejus.
2641 4534 2838 4606 Ejicite
2868 4535 3116 4592 ancillam
3148 4546 3198 4592 et
3230 4536 3401 4606 ﬁlium

1834 4628 1969 4698 ejus.
2025 4626 2149 4682 Non
2190 4628 2328 4683 enim
2373 4628 2536 4683 hteres
2564 4630 2662 4682 erit
2706 4627 2848 4697 ﬁlius
2889 4626 3097 4683 ancillae
3134 4644 3252 4682 cum
3288 4628 3402 4698 [ilio

1837 4720 2012 4775 Merra
2042 4721 2106 4771 η.
2138 4718 2352 4775 Iudaeus
2379 4721 2549 4774 instar
2577 4717 3006 4790 chartophylacis
3042 4732 3136 4775 seu
3183 4720 3401 4775 charta-

1829 4855 1850 4886 '
1881 4852 2079 4910 Jerem.
2126 4870 2208 4920 ιιι,
2259 4851 2313 4908 8.

160 4921 205 4952 ⁸⁵
235 4921 399 4975 Rom.
435 4935 555 4987 vm,
591 4921 675 4976 l7.
755 4922 796 4955 “
825 4922 1014 4977 Matth.
1042 4937 1170 4988 xxv,
1198 4922 1288 4977 54.
1366 4923 1408 4954 ³⁸
1445 4922 1619 4979 Galat.
1656 4940 1729 4990 tv,
1757 4924 1845 4980 50.

227 5037 364 5110 (98)__
420 5036 1293 5110 Ἐσταυρώθηηβτυοὶθιιίοιιθιιι
1368 5040 1728 5100 'l'heodoritus

155 5116 300 5185 orat.
325 5108 405 5161 De
427 5108 703 5185 charitate,
735 5108 788 5165 ι.
813 5108 908 5185 LV,
928 5126 981 5180 p.
1006 5110 1127 5185 689,
1150 5111 1402 5180 exprimit
1425 5112 1625 5179 phrasi,
1650 5113 1728 5185 τῷ

159 5178 322 5248 ίκρίφ
346 5177 783 5251 προσηλωθῆναι.
813 5177 978 5251 Cujus
1007 5177 1240 5251 priorem
1263 5177 1445 5251 vocem
1473 5197 1592 5235 cum
1622 5177 1729 5239 non

156 5258 418 5321 caperent
437 5248 671 5317 imperiti
694 5248 1073 5321 exscriptores,
1103 5251 1297 5319 inepta:
1325 5249 1537 5305 lectioni
1564 5254 1729 5307 libro-

159 5333 279 5372 rum
304 5319 600 5392 editorum,
644 5321 723 5392 τῷ
773 5319 904 5391 tam,
944 5322 1123 5392 locum,
1163 5322 1378 5392 dedere,
1412 5321 1456 5373 si
1510 5335 1614 5375 non
1644 5331 1731 5377 est

161 5389 414 5460 mendum
437 5389 743 5460 operarum,
776 5403 833 5444 ut
856 5389 1081 5446 videtur.
1101 5390 1256 5460 Apud
1288 5390 1724 5460 Chrysostomum

162 5458 368 5532 Savilii,
392 5468 439 5532 ι.
472 5458 586 5522 VII,
619 5476 671 5530 p.
705 5458 1230 5532 295.61t6ttetvov‘rb
1249 5458 1606 5531 ὀλιγοχρόνιον
1629 5461 1727 5532 τῆς

164 5527 354 5604 gravia;
386 5530 593 5604 ῑστριον
659 5534 740 5586 vel
769 5527 990 5604 ίούριον,
1038 5527 1726 5604 οιιιοιιιιιιηᾷυιιιέυδνίοοέ,

168 5599 362 5669 ίκριον,
400 5599 713 5672 ουιίκρίον.
756 5599 865 5657 Sed
900 5614 954 5656 et
986 5602 1265 5672 insigniter
1295 5599 1728 5672 depravatusest

167 5681 364 5741 versus,
408 5669 635 5741 Joannis
681 5673 1067 5736 Euchaitensis,
1097 5669 1174 5739 ip.
1210 5670 1295 5734 70,
1345 5669 1639 5741 σταυροῦσί
1663 5688 1724 5725 τε

160 5740 309 5810 τρεῖς
334 5739 527 5811 ἄνδρες
553 5740 703 5814 ὁμῶς
741 5741 1011 5813 Ἀνδρέαν,
1042 5756 1162 5798 cum
1187 5741 1415 5812 genuina
1448 5739 1607 5798 lectio
1628 5741 1722 5810 sit,

1835 5040 2146 5115 σταυρούσε
2152 5041 2386 5113 Πατρεῖς
2435 5040 2625 5115 ἄνδρες
2655 5041 2838 5115 ὠμῶς
2862 5042 3127 5115 Ἀνδρέαν.
3173 5042 3401 5114 Cruci/i-

1833 5108 2386 5184 guntpiridlfatrenses
2419 5108 3325 5184 crudeliter'Andream'apostolum.

1904 5181 2016 5252 (99)
2056 5178 2395 5254 ’Eomdfetq.
2450 5181 2796 5254 Eloquenter,
2847 5193 2906 5254 ut
2930 5178 3133 5251 omnia,
3167 5183 3401 5254 Chryso-

1835 5250 2043 5309 stonius
2065 5250 2249 5323 homil_.
2281 5251 2315 5307 5
2359 5251 2436 5306 De
2486 5250 2807 5323 paenitentia,
2838 5250 3125 5323 disserens
3135 5268 3245 5323 pro,
3261 5250 3400 5309 elec-

1837 5336 2056 5394 mosyna
2092 5336 2171 5394 ex
2217 5321 2611 5394 Proverb.xtx,
2661 5322 2748 5394 l7,
2775 5324 2805 5375 ὁ
2834 5321 3399 5394 χρεώσηςάίδεῖται

1835 5391 1924 5444 τὸν
1952 5391 2287 5464 δανείσαντα,
2317 5392 2347 5444 6
2405 5392 2595 5464 κριτὴς
2621 5392 2683 5445 οὐ
2716 5391 3039 5446 δυσωττείται
3063 5391 3154 5445 τὸν
3180 5392 3398 5455 δικαζό-

1837 5477 2016 5531 μενον.
2052 5462 2339 5532 Enimvero
2377 5462 2657 5517 sententia;
2701 5464 2962 5532 elegantia
2993 5463 3393 5526 ohscurabitur,

1833 5533 1878 5603 si
1910 5530 2282 5603 δανειζόμενον
2330 5532 2585 5587 librorum
2630 5530 2962 5603 vulgaturum
2993 5540 3285 5596 remaneat,
3340 5540 3399 5586 ut

1832 5601 1989 5657 facile
2010 5601 2245 5657 attentus
2267 5603 2435 5658 lector
2462 5601 2843 5672 deprehendet.
2882 5601 3100 5655 Debitor
3124 5610 3396 5672 veneratur

1831 5673 2189 5741 fenerantem,
2233 5674 2403 5742 judea:
2461 5670 2565 5728 non
2617 5674 2831 5745 suspicit
2880 5688 2997 5727 eum
3046 5674 3135 5741 qui
3178 5670 3397 5741 judica-

1834 5751 1936 5796 tur.

2423 4852 2621 4909 l’Joan.
2660 4868 2743 4921 tu,
2776 4850 2869 4907 29.
2943 4853 2965 4885 ⁹
2990 4851 3186 4923 Ephes.
3218 4871 3300 4922 ιιι,
3343 4855 3400 4913 ϐ.
3454 4862 3456 4864 ’

3636 2149 3655 2179 ι
