3896 6268
180 323 278 383 ﬁl

183 440 624 512 ἐκληρονόμησας
647 455 662 470 °

181 534 505 596 ἀπώλεσαςο
531 532 822 601 ἐφόνευσας
847 531 944 602 τὴν
972 530 1136 601 ζωὴν,
1173 530 1265 582 καὶ
1315 528 1414 598 τὴν
1469 526 1614 596 ζωὴν
1651 529 1754 579 ὰπ-

179 624 740 691 ώλεσαςοέφὸνευσας,
771 622 863 675 καὶ
891 622 1037 691 ᾔδεις
1063 621 1120 674 ὃν
1151 620 1443 689 ἐφόνευσας
1461 633 1476 648 °
1509 617 1755 684 ἐπέγνως

177 715 285 785 γὰρ
313 714 479 767 αὑτὸν
513 715 600 766 ὅτε
630 711 787 777 εἴπας
813 730 826 744 ο
854 708 1044 777 Οὗτός
1080 712 1252 764 ἐστιν
1290 712 1324 763 ὁ
1359 708 1754 775 κληρονόμος,

178 807 353 861 δεῦτε
388 805 829 874 ἀποκτείνωμεν
864 805 1071 858 αὐτόν.
1108 803 1216 861 Καὶ
1241 803 1290 855 εί
1319 800 1478 863 αὐτὸς
1505 801 1533 852 6
1558 799 1754 868 κληρο-

176 897 376 966 νόμος,
411 889 458 948 ὧ
484 893 685 965 πονηρὲ
727 892 965 959 Ἰουδαῖε,
999 893 1097 964 τὴν
1125 891 1293 962 νομὴν
1321 889 1400 961 τῷ
1438 888 1755 960 κληρονόμῳ

175 986 474 1059 παράδως,
527 985 625 1055 τὴν
664 983 980 1038 δεσποτείαν
1033 982 1484 1052 ἀποκατάστησον
1535 979 1614 1051 τῷ
1665 981 1753 1032 δε-

177 1082 373 1150 σπότῃ·
403 1077 650 1148 ἐντυχίαν
682 1075 830 1146 αύτῷ
865 1075 1218 1148 προσένεγκε,
1239 1074 1328 1126 ἵνα
1359 1074 1424 1126 σὺ
1457 1072 1556 1135 τὰς
1577 1071 1753 1134 λύπας

175 1171 577 1242 παραχωρήσῃ.
608 1169 722 1222 Δύο
745 1167 1186 1242 προσενέχθησαν
1220 1164 1365 1236 αύτῷ
1397 1162 1748 1237 χρεωφειλέ-

171 1277 295 1315 ται·
325 1263 360 1314 ό
382 1255 472 1326 εἷς
491 1259 747 1329 ὠφειλεν
775 1259 1026 1327 δηνάρια
1045 1257 1430 1317 πεντακόσια,
1454 1254 1551 1308 καί
1583 1257 1616 1308 ό
1633 1255 1756 1308 ἐτε-

167 1368 276 1418 ρος
305 1347 707 1413 πεντήκοντα·
743 1345 829 1416 μὴ
859 1347 1122 1416 ἐχόντων
1159 1343 1228 1396 δὲ
1259 1341 1610 1406 ἀποδοῦναι,
1641 1342 1753 1410 ἀμ-

173 1440 452 1510 φοτέροις
497 1439 838 1508 ἐχαρίσατο,
887 1439 962 1502 ὡς
1007 1436 1301 1506 κεφαλαίου
1354 1436 1610 1489 ἀπόδοσιν
1657 1433 1754 1505 τὴν

177 1531 350 1602 ὀρθὴν
384 1531 705 1601 προαίρεσιν
750 1529 1122 1600 λογισάμενος.
1156 1528 1264 1580 Καὶ
1299 1527 1361 1580 σὺ
1395 1525 1606 1588 πολλοῖς
1639 1525 1754 1578 ἐτε-

173 1640 258 1675 σιν
287 1621 557 1692 κατέσχες
584 1619 654 1673 τὰ
673 1620 768 1673 τοῦ
797 1619 1136 1691 κληρονόμου
1172 1619 1506 1689 ὑπάρχοντα,
1539 1617 1633 1670 καί
1666 1616 1755 1668 ού-

169 1715 259 1768 δέν
290 1713 446 1784 αὐτῷ
472 1715 872 1784 προσήνεγκας.
923 1711 1264 1764 Ἀπέστειλεν
1287 1709 1506 1772 δούλους
1533 1707 1754 1778 ζητοῦν-

1195 315 1476 376 HOMILIA
1511 312 1678 370 XVII.
1711 313 1777 370 IN
1816 313 2104 370 EUMDEM
2137 313 2334 371 PSAL.
2367 315 2428 372 V.

716 437 1046 509 ἐφόνευσας,
1089 437 1185 490 καὶ
1242 436 1342 507 τὴν
1390 433 1752 506 κληρονομίαν

1858 432 2324 495 tatem;occidisti
2357 433 2545 498 vitam,
2589 443 2644 489 et
2695 434 2860 488 vitam
2908 432 3220 504 perdidisti,
3279 434 3427 488 occi-

3316 317 3426 373 422

1859 523 2005 584 (iisti,
2037 538 2098 580 ac
2123 539 2352 578 noveras
2382 539 2543 594 quem
2565 525 2882 580 interfecisti
2907 543 2920 590 ;
2943 527 3206 594 agnovisti
3230 527 3427 594 quippe

1855 613 2003 666 illum
2043 614 2260 681 quando
2300 614 2480 670 dixisti
2507 633 2521 669 :
2552 616 2651 671 llic
2681 627 2756 670 est
2791 621 2976 681 lateres,
3005 595 3192 678 renite,
3219 618 3428 670 occida-

1855 721 2106 758 museum
2142 705 2206 758 ³³.
2239 706 2303 760 Ει
2351 707 2438 762 ille
2495 709 2539 763 si
2591 710 2762 766 haeres
2828 721 2932 772 εει,
2968 725 3001 763 o
3037 711 3175 764 male
3221 709 3424 774 Iudice,

1855 797 2249 863 possessionem
2281 799 2431 852 trade
2459 800 2675 864 bzcredi,
2737 801 3034 855 dominium
3077 802 3300 855 restitue
3332 805 3427 854 do-

1858 888 2034 952 mino,
2066 903 2256 956 preces
2290 890 2362 944 illi
2389 890 2543 955 oll‘er,
2578 899 2635 944 ut
2660 893 2752 946 tibi
2792 893 2948 946 venia
2978 895 3307 947 concedatur
3329 909 3426 962 pro

1859 979 2142 1032 molestiis.
2175 978 2290 1032 Duo
2343 981 2391 1033 ei
2419 981 2588 1034 oblati
2620 993 2744 1034 sunt
2778 982 3032 1035 debitores
3058 997 3076 1034 :
3105 999 3240 1036 unus
3280 985 3427 1036 debe-

1858 1070 1944 1124 bat
1977 1072 2220 1125 denarios
2249 1073 2583 1142 quingentos,
2611 1083 2660 1126 et
2685 1074 2824 1127 alius
2852 1078 3232 1144 quinquaginta
3263 1091 3282 1128 :
3323 1093 3427 1130 non

1863 1162 2168 1216 habentibus
2194 1173 2368 1216 autem
2392 1166 2528 1217 unde
2555 1167 2845 1231 redderent,
2872 1170 3081 1220 donavit
3111 1169 3344 1237 utrisque
3359 1168 3423 1234 ⁸³,

1855 1255 1980 1307 dum
2011 1255 2157 1308 velut
2182 1255 2538 1310 redditionem
2590 1273 2814 1312 summa:
2847 1268 3058 1326 reputat
3106 1260 3300 1313 bonam
3333 1275 3429 1313 vo-

1855 1341 2132 1395 luntatem.
2163 1343 2241 1395 Tu
2265 1358 2393 1397 vero
2430 1345 2611 1398 multis
2668 1346 2822 1399 annis
2859 1347 3142 1402 obtinuisti
3195 1349 3426 1403 haeredis

1853 1435 2016 1498 bona,
2045 1444 2100 1489 et
2128 1435 2259 1489 nihil
2293 1437 2340 1489 ei
2364 1437 2623 1492 obtulisti.
2662 1437 2804 1491 Misit
2835 1454 3022 1493 servos
3071 1451 3130 1494 ut
3181 1443 3427 1510 require-

1854 1536 1975 1580 rent
2001 1527 2074 1590 ὀ,
2102 1542 2206 1579 non
2247 1527 2524 1597 exigerent
2557 1529 2765 1584 fructus
2805 1548 2818 1584 :
2869 1531 3016 1584 velut
3045 1532 3201 1585 amici
3229 1533 3426 1602 quaesi-

1853 1626 2030 1676 erunt,
2065 1615 2210 1668 velut
2239 1615 2420 1670 hostes
2445 1615 2716 1671 interfecti
2741 1627 2885 1672 sunt.
2927 1619 3042 1686 Ipse
3067 1621 3422 1685 venithzeres,

1855 1722 1958 1761 non
1995 1707 2258 1771 irascens,
2297 1709 2390 1760 sed
2417 1709 2648 1777 benigne
2697 1724 2893 1778 agens;
2941 1725 3046 1764 non
3099 1711 3307 1768 occisos
3338 1715 3424 1767 ul-

169 1823 294 1868 τας,
325 1806 428 1858 οὐκ
455 1803 845 1867 ἀπαιτοῦντας,
881 1804 1008 1866 τοὺς
1041 1801 1286 1873 καρπούς
1312 1819 1324 1832 ·
1351 1801 1426 1864 ὡς
1456 1799 1598 1868 φίλοι
1628 1800 1752 1868 ἐζή-

1855 1797 2088 1860 ciscens,
2127 1799 2220 1851 sed
2256 1798 2529 1878 occisores
2584 1800 2650 1852 ad
2693 1800 2919 1854 salutem
2951 1802 3283 1870 exhortans;
3317 1821 3423 1858 non

166 1915 369 1968 τησαν,
410 1897 485 1960 ὡς
513 1896 697 1967 ἐχθροὶ
725 1893 1112 1964 ἐφονεύθησαν.
1149 1892 1316 1954 Αὐτὸς
1348 1888 1509 1962 ἦλθεν
1537 1891 1566 1942 6
1615 1889 1746 1959 κλη-

171 1991 439 2063 ρονόμος,
476 1991 575 2042 ούκ
616 1986 998 2060 ὀργιζόμενος,
1041 1985 1154 2038 ἀλλ’
1199 1983 1637 2052 άγαθυνόμενος’
1691 1981 1750 2032 ού

167 2084 297 2146 τοὺς
332 2080 687 2150 φονευθέντας
732 2078 996 2141 ἐκδικῶν,
1032 2075 1169 2129 ἀλλὰ
1217 2075 1342 2138 τοὺς
1394 2073 1755 2142 φονεύσαντας

171 2174 418 2243 σωθῆναι
448 2171 781 2244 παρακαλῶν
804 2187 817 2200 ·
862 2171 961 2239 οὑχ
1011 2169 1086 2232 ὡς
1111 2167 1305 2240 κριτὴς
1343 2165 1603 2228 ἐκδικῶν,
1635 2163 1750 2217 ἀλλ’

166 2267 245 2332 ὡς
279 2267 460 2339 ἱερεὺς
507 2265 793 2320 νουθετῶν.
828 2264 998 2327 Αὐτὸς
1027 2259 1207 2316 εἶπεν·
1251 2263 1372 2315 Οὐκ
1416 2257 1610 2329 ἦλθον
1653 2260 1754 2312 ἵνα

168 2359 357 2426 κρίνω
392 2359 500 2412 τὸν
531 2359 782 2427 κόσμον,
813 2356 952 2411 ἀλλ’
983 2357 1083 2409 ἵνα
1123 2353 1302 2407 σώσω
1343 2352 1449 2406 τὸν
1497 2352 1744 2420 κόσμον.

1865 1897 2116 1954 tanquam
2149 1887 2314 1956 judex
2338 1889 2498 1952 ultor,
2530 1889 2623 1942 sed
2676 1899 2928 1960 tanquam
2960 1893 3215 1946 sacerdos
3245 1895 3424 1948 moni-

1854 1993 1957 2038 tor.
1997 1981 2115 2050 lpse
2145 1983 2322 2038 dixit:
2356 1984 2479 2038 Non
2506 1987 2620 2038 veni
2673 1997 2728 2039 nt
2757 1988 2994 2056 judicem
3032 1992 3310 2057 mundum,
3333 1993 3424 2047 sed

1853 2085 1908 2128 ut
1940 2075 2220 2142 salviﬁcem
2267 2077 2523 2129 mundum
2556 2077 2622 2132 ²¹.
2662 2077 2768 2131 Sed
2818 2080 2942 2146 quia
2994 2081 3168 2148 ipsum
3209 2098 3426 2152 quoque

1854 2168 2120 2221 haeredem
2156 2167 2425 2231 occidisti,
2452 2179 2506 2224 et
2542 2171 2911 2226 baareditatem
2939 2174 3093 2228 obire
3122 2177 3421 2240 credidisti,

1853 2259 1998 2314 disce
2020 2263 2320 2316 surrexisse
2349 2263 2636 2327 barredem,
2664 2273 2821 2334 atque
2839 2266 3206 2321 hzereditatem
3237 2281 3419 2326 trans-

1855 2350 2044 2404 tulisse
2103 2351 2168 2404 ad
2201 2349 2494 2405 Ecclesiatn
2527 2367 2644 2421 qua:
2671 2369 2734 2408 ex
2774 2356 3022 2424 gentibus
3050 2367 3282 2412 constat.

179 2447 325 2501 Ἀλλ’
345 2448 534 2520 ἐπειδὴ
555 2448 647 2502 καὶ
666 2448 828 2501 αὐτὸν
851 2448 940 2501 τὸν
960 2446 1296 2518 κληρονόμον
1312 2445 1636 2506 ἀπέκτεινας
1652 2444 1752 2514 (3i,
1801 2443 1896 2496 καὶ
1929 2442 2286 2514 κληρονομεῖν
2350 2447 2606 2518 ἐνόμισας
2626 2489 2641 2513 ,
2676 2449 2812 2520 μάθε
2829 2491 2844 2515 ,
2879 2451 2960 2504 ὅτι
2986 2452 3184 2523 ἀνέστη
3229 2455 3257 2506 6
3286 2452 3422 2525 κλη-

169 2540 426 2615 ρονόμος,
454 2541 547 2592 καὶ
576 2539 674 2610 τὴν
702 2539 1064 2611 κληρονομίαν
1095 2540 1174 2602 είς
1199 2537 1298 2608 τὴν
1326 2536 1387 2601 ἐξ
1419 2534 1588 2588 ἐθνῶν
1629 2533 1956 2606 Ἐκκλησίαν
1983 2537 2319 2606 μετήγαγεν.

243 2638 355 2701 Εἰς
400 2635 467 2688 τὸ
510 2635 684 2700 τέλος
729 2633 881 2702 ὑπὲρ
927 2631 1035 2700 τῆς
1075 2631 1591 2701 κληρονομούσης.
1644 2630 1754 2683 Καὶ

1923 2629 1989 2683 In
2021 2631 2197 2698 ﬁnem,
2221 2640 2314 2699 pro
2341 2647 2402 2685 ea
2433 2649 2550 2702 quae
2579 2633 2933 2689 hmreditatem
2973 2640 3324 2702 consequitur.
3360 2639 3425 2694 Et

165 2727 261 2782 διὰ
289 2727 365 2790 τί,
406 2729 509 2792 Είς
544 2725 611 2780 τὸ
649 2725 856 2791 τέλος;
906 2724 1124 2796 Ἐπειδὴ
1160 2725 1309 2777 πᾶσα
1347 2725 1380 2792 ὴ
1421 2721 1752 2793 κληρονομία

1855 2737 1948 2777 cur
1977 2719 2044 2775 In
2076 2721 2274 2790 ﬁnem?
2299 2723 2433 2790 Quia
2466 2727 2642 2780 omnis
2698 2727 2984 2782 haereditas
3027 2739 3144 2797 post
3176 2730 3330 2783 linem
3370 2744 3424 2785 et

176 2819 320 2889 μετὰ
345 2818 407 2870 τὸ
436 2817 592 2880 τέλος
625 2817 719 2870 καὶ
749 2817 848 2888 τὴν
874 2817 1126 2888 τελευτὴν
1155 2815 1250 2868 τοῦ
1279 2816 1651 2886 διατιθεμένου
1673 2815 1752 2878 είς

1855 2823 2078 2866 mortem
2137 2812 2282 2868 illius
2309 2814 2399 2882 qui
2435 2824 2818 2870 testamentum
2873 2818 3023 2881 fecit,
3075 2822 3322 2888 pervenit
3355 2824 3426 2876 ad

172 2911 302 2972 τοὺς
335 2910 705 2980 κληρονόμους
741 2909 1111 2979 περιέρχεται.
1146 2907 1307 2974 Λέγει
1333 2908 1362 2959 6
1398 2905 1748 2969 Ἀπόστολοςο

1855 2901 2114 2956 haeredes.
2167 2901 2305 2956 Dicit
2349 2905 2672 2974 Apostolus:
2731 2905 3115 2962 Testamentum
3170 2912 3305 2963 enim
3369 2913 3425 2967 in

174 3000 436 3070 Διαθήκη
481 2999 588 3069 γὰρ
625 2998 723 3051 ἐπὶ
762 2998 996 3065 νεκροῖς
1033 2997 1251 3062 βεϐαία
1276 3014 1289 3027 ·
1345 2997 1475 3050 ἐπεὶ
1519 2995 1752 3066 μήποτε

1855 2993 2072 3047 mortuis
2090 2995 2459 3062 conﬁrmatum
2475 3007 2550 3050 est
2575 3012 2594 3050 :
2616 2998 2851 3068 alioquin
2873 3004 3103 3052 nondum
3127 3002 3282 3066 valet,
3297 3005 3423 3056 dum

176 3095 401 3162 ἰσχύει,
428 3095 460 3146 ό
480 3091 879 3162 διατιθέμενος
905 3090 1002 3144 ὅτε
1023 3089 1109 3158 ζῇ.
1153 3090 1306 3143 Ἐπεὶ
1333 3086 1425 3143 οὖν
1453 3089 1659 3142 διέθετο
1682 3091 1749 3160 τῇ

1855 3085 1977 3139 vivit
2003 3085 2093 3154 qui
2122 3095 2344 3138 testatus
2367 3097 2444 3138 est
2478 3087 2544 3139 “.
2601 3087 2865 3152 Quoniam
2911 3103 3042 3158 ergo
3071 3091 3322 3146 Christus
3347 3103 3425 3148 te-

184 3183 488 3255 ’Βκκλησίᾳ
517 3184 547 3236 6
582 3182 815 3253 Χριστὸς
851 3181 946 3234 καὶ
977 3179 1242 3252 διαθήκην
1269 3179 1404 3250 αὐτῇ
1433 3179 1668 3250 ἔγραψεν
1690 3178 1752 3231 τὸ

1855 3186 2026 3230 status
2063 3187 2148 3231 est
2208 3177 2484 3243 Ecclesiae,
2545 3177 2702 3246 eique
2747 3180 2966 3247 scripsit
3017 3190 3424 3250 testamentum,

171 3279 510 3348 Εὐαγγέλιον
534 3318 550 3342 ,
594 3277 689 3332 καὶ
732 3274 1095 3347 κληρονομίαν
1131 3275 1267 3344 αὐτῇ
1317 3273 1416 3344 τὴν
1471 3272 1750 3342 βασιλείαν

1855 3268 2208 3338 Evangelium
2235 3270 2506 3336 videlicet,
2559 3282 2722 3342 atque
2755 3272 2927 3326 eidem
2985 3289 3081 3343 pro
3112 3275 3424 3332 haereditate

99 3399 101 3401 ί
167 3372 564 3444 ἐπηγγείλατο,
591 3369 685 3423 καὶ
703 3367 1070 3439 ἐτελεύτησεν,
1098 3367 1192 3419 καὶ
1216 3366 1386 3436 ἐτάφη
1411 3381 1426 3394 '
1463 3364 1554 3418 xui.
1578 3365 1611 3435 ἡ
1636 3365 1751 3418 δια-

168 3460 320 3532 θήκη
373 3456 695 3528 ἐϐεϐαιώθη.
746 3455 860 3526 Τῆς
903 3457 1420 3526 κληρονομούσης.
1459 3454 1522 3506 Τί
1561 3454 1748 3508 εἶπενο

172 3551 429 3620 Ψαλμὸς
466 3548 546 3615 τῷ
572 3547 783 3614 Δαϐίδ;
808 3547 1087 3619 Εὑθυμίας
1127 3547 1222 3601 καὶ
1261 3548 1437 3618 χαρᾶς
1473 3547 1628 3615 λόγος
1673 3545 1750 3616 τῷ

167 3642 358 3707 Δαϐὶδ,
395 3643 487 3695 ἐπὶ
514 3644 580 3712 τῇ
615 3639 950 3712 κληρονομίᾳ
976 3640 1077 3711 τῆς
1119 3639 1463 3710 Ἐκκλησίας.
1489 3637 1756 3708 Εὑθυμεῖ

165 3751 294 3802 etc;
347 3734 647 3804 ψαλλέτω.
685 3733 862 3786 Πολλὰ
917 3734 1320 3803 προεφήτευσεν
1373 3733 1511 3803 ὑπὲρ
1561 3732 1660 3802 τῆς
1693 3731 1753 3798 ἐξ

169 3825 347 3878 ἐθνῶν
377 3824 722 3894 Ἐκκλησίας·
747 3824 843 3878 καὶ
875 3822 999 3877 ἰδὼν
1024 3823 1086 3876 τὸ
1108 3824 1302 3893 πέρας,
1334 3822 1524 3895 ἐχάρη.
1551 3822 1752 3875 Πάντα

165 3917 242 3971 τὰ
277 3918 447 3983 ἔθνη,
470 3915 801 3983 κροτήσατε
835 3913 1056 3983 χεῖρας.
1082 3909 1264 3966 Εἶδον
1284 3911 1482 3965 πάντα
1512 3912 1583 3964 τὰ
1606 3911 1748 3979 ἔθνη

166 4009 235 4063 τὸ
265 4005 564 4074 σωτήριον
585 4006 689 4060 τοῦ
718 4005 865 4059 Θεοῦ
897 4003 1085 4073 ἡμῶν.
1118 4003 1346 4057 Αἰνεῖτε
1382 4003 1489 4056 τὸν
1510 4003 1748 4070 Κύριον,

167 4097 372 4154 πάντα
414 4100 486 4152 τὰ
523 4099 688 4165 ἔθνη.
729 4097 996 4162 Ἔδωκας
1034 4095 1445 4164 κληρονομίαν
1483 4095 1607 4160 τοῖς
1640 4111 1748 4164 φο-

168 4189 485 4258 ϐουμένοις
513 4189 577 4242 τὸ
602 4188 787 4258 ὄνομά
817 4204 955 4242 σου’
985 4189 1099 4250 τοῖς
1125 4187 1375 4249 ἐθνικοῖς.
1405 4187 1476 4238 ’Ἡ
1504 4187 1618 4246 καὶ,
1650 4188 1752 4250 Eli;

167 4281 238 4334 τὸ
280 4280 454 4346 τέλος
495 4281 737 4349 ψαλμὸς
770 4279 851 4344 τῷ
882 4278 1079 4332 Δαϐίδ.
1134 4279 1257 4330 Ἐπὶ
1291 4280 1356 4348 τῇ
1401 4278 1620 4346 τελευτῇ
1659 4277 1751 4330 τοῦ

1856 3377 2083 3434 regnum
2113 3365 2382 3431 promisit,
2415 3373 2470 3420 et
2527 3375 2775 3420 mortuus
2803 3375 2908 3433 est,
2942 3381 3006 3422 ac
3037 3367 3301 3438 sepultus,
3332 3385 3424 3424 ea-

1853 3465 2074 3523 propter
2100 3463 2480 3510 testamentum
2520 3457 2897 3511 confirmatum
2925 3467 3032 3513 est.
3101 3459 3232 3523 Quae
3255 3459 3424 3515 luere-

1851 3544 2070 3601 ditatem
2095 3548 2451 3614 consequitur.
2491 3546 2601 3604 Cur
2649 3547 2786 3602 dixit
2833 3563 2849 3600 :
2914 3547 3162 3604 Psalmus
3189 3551 3424 3609 Davidi?

1855 3638 2158 3696 Hilaritatis
2212 3649 2266 3695 et
2327 3639 2509 3711 gaudii
2537 3655 2720 3694 sermo
2760 3641 2971 3707 Davidi,
3013 3642 3081 3698 de
3114 3645 3424 3701 hareditate

1853 3729 2127 3785 Ecclesia.
2161 3730 2343 3800 /Equo
2397 3731 2658 3800 hilarique
2711 3734 2886 3786 animo
2935 3744 3009 3787 est
3041 3736 3266 3804 aliquis?
3291 3738 3424 3801 psal-

1853 3823 1926 3876 lat
1954 3823 2021 3875 ⁸³.
2053 3821 2216 3876 Multa
2270 3823 2609 3892 prophetavit
2660 3839 2756 3893 pro
2805 3823 3040 3878 Ecclesia
3075 3828 3335 3896 gentium,
3369 3840 3425 3882 et

1854 3930 2084 3970 cernens
2114 3925 2386 3982 eventum,
2419 3915 2635 3984 gavisus
2681 3927 2785 3971 est.
2825 3915 3016 3971 Omnes
3044 3929 3240 3987 gentes,
3277 3921 3424 3988 plau-

1852 4009 1958 4061 dite
1978 4009 2218 4060 manibus
2244 4007 2310 4062 “.
2362 4006 2614 4060 Viderunt
2642 4024 2816 4062 omnes
2857 4020 3032 4078 gentes
3067 4010 3298 4064 salutare
3328 4011 3424 4064 Dei

1854 4099 2018 4150 nostri
2053 4098 2119 4148 ’⁸.
2150 4095 2388 4151 Laudate
2429 4096 2730 4162 Dominum,
2790 4114 2965 4151 omnes
3022 4111 3195 4168 gentes
3224 4101 3290 4155 “.
3325 4102 3424 4154 Dc-

1852 4189 1979 4243 disti
2012 4189 2364 4242 hereditatem
2399 4189 2696 4242 timentibus
2725 4204 2910 4241 nomen
2953 4197 3098 4240 tuum
3123 4190 3168 4221 ³⁷
3205 4207 3220 4244 :
3254 4193 3422 4260 genti-

1855 4279 2012 4334 libus.
2040 4281 2165 4345 Aut,
2189 4279 2252 4332 In
2273 4280 2426 4347 ﬁnem
2452 4279 2682 4345 psalmus
2704 4279 2910 4332 Davidi.
2932 4277 2986 4332 In
3006 4279 3203 4334 Christi
3229 4293 3421 4336 morte.

168 4371 433 4442 Χριστοῦ.
494 4371 710 4442 Ἐπειδὴ
753 4373 861 4442 γάρ
907 4371 1007 4424 οὐκ
1051 4369 1198 4422 ἔστιν
1227 4371 1288 4422 ἐν
1345 4369 1422 4439 τῷ
1473 4368 1684 4438 θανάτῳ
1727 4371 1752 4422 6

1859 4370 1991 4438 Quia
2020 4372 2163 4424 extim
2199 4386 2304 4424 non
2321 4382 2404 4425 est
2420 4370 2474 4424 in
2493 4380 2666 4424 morte
2688 4369 2779 4439 qui
2807 4385 3015 4425 memor
3036 4370 3107 4425 sit
3133 4372 3335 4428 Christi
3353 4375 3420 4435 ’⁸.

170 4462 415 4534 Χριστοῦ
445 4463 818 4534 μνημονεύων,
845 4465 903 4514 ἐν
929 4461 1179 4532 Ψαλμοῖς
1208 4460 1495 4531 προλαϐὼν
1518 4462 1546 4513 6
1571 4461 1753 4522 Aa6‘t6,

169 4556 264 4609 τὸν
308 4555 593 4624 ἐπιτάφιον
625 4554 773 4624 αύτῷ
801 4553 1016 4624 ψαλμὸν
1047 4547 1189 4606 εἶναι
1223 4547 1394 4606 εἶπεν.
1427 4553 1530 4617 Είς
1571 4551 1634 4604 τὸ
1665 4549 1760 4604 τέ·-

168 4651 281 4714 λος
332 4648 596 4717 ψολμός.
643 4645 830 4710 Οὕτως
863 4646 957 4700 καὶ
988 4647 1022 4716 ἡ
1055 4645 1228 4716 πόρνη
1267 4644 1344 4714 (ll)
1377 4644 1459 4706 είς
1485 4642 1574 4696 τὸν
1607 4645 1765 4697 ἐντα-

246 4783 293 4814 ιι
335 4781 524 4837 Matth.
576 4796 691 4843 ιιι,
748 4763 838 4836 58'.
943 4782 985 4813 ιο
1027 4779 1156 4833 Luc.
1191 4777 1400 4838 vn.ti,
1432 4776 1524 4833 te.

249 4965 328 5038 (5)
373 4965 763 5038 Ἀπέκτεινας.
806 4967 990 5021 Menda
1025 4965 1221 5038 insedit
1263 4966 1474 5038 codices
1525 4965 1746 5038 Macarii

1623 4779 1670 4811 ’°
1700 4778 1886 4833 Matth.
1921 4795 2035 4843 ut,
2058 4778 2127 4833 δι
2153 4793 2267 4847 seq.

171 4852 222 4886 ³³
267 4851 384 4907 Jac.
409 4867 462 4915 v,
491 4853 574 4906 l5.
614 4852 663 4883 "
703 4851 1080 4916 Psal.xt.vn,‘2.
1150 4851 1195 4880 ”
1221 4847 1542 4911 Psal.xcvn,
1580 4850 1636 4904 3.
1711 4850 1758 4882 "
1787 4850 1930 4905 Psal.
1977 4864 2120 4913 chI,
2165 4849 2216 4902 l.
2258 4847 2301 4879 ⁸⁷
2341 4847 2482 4902 Psal.
2533 4863 2639 4913 ιι,
2687 4848 2741 4902 6.

1859 4459 1914 4512 in
1966 4458 2194 4514 Psalmis
2229 4458 2568 4528 praeveniens
2619 4457 2808 4522 David,
2862 4457 3142 4515 funebrem
3191 4462 3241 4516 ei
3303 4476 3424 4517 esse

1855 4554 2126 4624 psalmum
2159 4551 2312 4606 dixit.
2349 4549 2417 4605 In
2441 4550 2596 4617 ﬁnem
2622 4549 2888 4606 Psalmus.
2913 4550 3038 4606 Pari
3071 4552 3230 4609 modo
3258 4569 3424 4609 mere-

1862 4645 1968 4700 trix
2003 4644 2057 4698 in
2091 4643 2425 4712 sepulturam
2478 4640 2740 4712 prmvenit
2770 4657 2973 4714 ungere
3033 4657 3233 4713 corpus
3271 4645 3424 4700 Chri-

2375 4777 2598 4830 "Joan.
2631 4777 2839 4841 xn,47.
2917 4780 2965 4809 ²¹
3024 4778 3286 4843 ΠοΙηκιχ,
3332 4779 3420 4834 l7.

2375 4849 2482 4902 ’sal.
2533 4863 2639 4904 ιι.
2687 4848 2741 4902 6.
2814 4848 2860 4880 ³⁸
2900 4847 3043 4904 Psal.
3079 4849 3209 4904 v1.6.

1845 4984 1950 5038 que
1981 4967 2330 5038 satisfacere;
2390 4983 2497 5021 una
2528 4972 2718 5034 apodta
2748 4968 2830 5022 vel
2873 4971 3051 5038 podia,
3086 4970 3152 5023 ab
3172 4969 3423 5038 apodiare

175 5035 367 5093 nomn.
398 5037 619 5120 65,-snb
647 5040 831 5120 linem,
860 5038 892 5108 ἢ
918 5036 1128 5120 παιδίον
1156 5035 1747 5120 ἁχνοούνέκτείνῃντὴν

1855 5035 2169 5120 pudiare.
2209 5035 2322 5090 Una
2374 5038 2650 5120 potixiseu
2701 5041 2864 5120 potia.
2910 5037 3020 5092 Une
3051 5049 3173 5120 pate
3197 5035 3421 5120 Gallice.

175 5111 337 5179 χεῖρα
361 5105 523 5179 αύτοῦ
567 5107 702 5176 πρὸς
753 5097 894 5176 ὅφιν,
923 5107 1018 5179 καὶ
1072 5097 1402 5179 βριυθένῃὺπ¹
1434 5097 1752 5179 abscidite-

179 5176 377 5246 καυθῇ.
412 5177 554 5245 Lege
607 5183 674 5230 ad
725 5179 883 5232 fidem
931 5176 1421 5231 duoruincodicuui
1460 5176 1749 5247 Regiorum

179 5247 522 5298 ἀποκτανθῆ.

177 5250 498 5314 ἁττοκτανθῇ
509 5285 522 5297 .

253 5249 583 5386 ῗέῖὕῖἶόὶένη.
614 5313 870 5381 Quaesivit
915 5329 981 5369 ex
1017 5329 1100 5369 me
1123 5315 1204 5368 vir
1226 5314 1574 5370 doctissimus
1597 5315 1750 5384 juxta

180 5396 353 5456 atque
394 5388 788 5456 amicissimus,
838 5387 964 5454 quid
991 5386 1245 5441 sentirem
1287 5387 1353 5438 de
1379 5400 1510 5456 voce
1535 5389 1749 5456 apodix,

181 5454 280 5511 lib;
309 5471 324 5508 ι
380 5454 454 5509 De
481 5457 638 5523 gestis
669 5454 1018 5518 Conwoionis,
1052 5465 1184 5516 etc.,
1218 5471 1336 5576 οῗ).
1375 5455 1462 5516 10,
1507 5454 1581 5508 ἰιι⁷
1608 5459 1754 5511 Actis

181 5527 288 5576 SS.
312 5524 775 5576 Benedictinornm
805 5542 927 5576 saec.
957 5540 1028 5576 ιν.
1068 5541 1119 5576 n.
1150 5525 1184 5576 ‘2
1217 5543 1228 5576 :
1296 5522 1381 5576 'na
1442 5526 1657 5576 anodix.
1701 5528 1754 5576 id

181 5527 288 5580 SS.
312 5524 775 5578 Benedictinornm
805 5542 927 5579 saec.
957 5540 1028 5586 ιν,
1068 5541 1119 5594 p.
1150 5525 1184 5577 ‘2
1217 5543 1228 5577 :
1265 5522 1381 5578 Una
1442 5526 1657 5592 apodix,
1701 5528 1754 5578 id

182 5608 259 5649 est
295 5595 556 5664 meretrix.
598 5594 866 5663 Respondi
901 5594 1263 5664 ampliandum
1315 5608 1457 5656 esse,
1488 5597 1754 5662 cogitatu-

184 5677 312 5720 rum
359 5679 461 5717 me.
496 5663 684 5718 Postea
733 5679 856 5718 cum
899 5663 1003 5719 diu
1034 5665 1368 5733 multumque
1415 5665 1753 5719 consideras-

1853 5109 2012 5162 Plura
2064 5109 2245 5162 dicere
2273 5117 2420 5162 vetat
2441 5109 2612 5178 pudor
2646 5126 2660 5161 :
2699 5108 2956 5178 fientque,
2992 5111 3206 5178 opinor,
3237 5109 3423 5177 pleris-

1851 5195 1954 5248 que
1989 5179 2088 5230 ista
2124 5179 2255 5232 satis
2285 5179 2451 5234 clara.
2489 5177 2595 5248 Sed
2629 5179 2825 5248 veritas
2884 5177 3035 5232 forte
3059 5181 3282 5248 petenda
3317 5179 3422 5231 erit

1853 5246 1919 5302 ex
1949 5249 2129 5317 aliquo
2188 5248 2458 5302 idiotismo
2506 5247 2700 5315 lingtue
2756 5246 3072 5302 Britonum.‘
3114 5247 3187 5300 De
3219 5256 3418 5301 eietcro

1853 5320 1994 5372 circa
2033 5317 2306 5370 mulierem
2343 5317 2478 5370 hanc
2527 5333 2646 5385 qua:
2667 5331 2860 5385 corpus
2885 5318 3084 5371 Christi
3142 5318 3316 5379 unxit,
3339 5317 3422 5380 jo-

1849 5387 2047 5441 cularis
2068 5401 2220 5439 error
2245 5396 2328 5440 est
2360 5388 2412 5439 in
2443 5387 2657 5440 Eusebii
2700 5386 3001 5455 Opusculis,
3036 5402 3084 5452 p.
3113 5385 3213 5438 M7
3242 5401 3257 5439 :
3295 5385 3422 5438 Toto

1847 5459 2042 5510 mundo
2074 5456 2448 5524 prwdicabitur
2478 5472 2662 5510 nomen
2695 5472 2888 5522 meum,
2935 5467 2980 5509 et
3007 5456 3150 5508 illius
3187 5457 3423 5507 mutieris

1849 5528 1994 5579 lusus
2016 5530 2068 5578 in
2092 5530 2393 5579 memoriam
2417 5527 2534 5583 erit.
2555 5525 2769 5579 Scilicet
2785 5526 2990 5594 legebat
3017 5526 3281 5594 interpres
3305 5527 3425 5576 παῖ-

1847 5613 1964 5666 γ.μα
1993 5611 2089 5664 pro
2120 5595 2715 5668 npdypa,_nisi__malis
2750 5593 2874 5668 usus
2898 5610 2965 5668 ex
3007 5593 3214 5664 χρῆμα.
3253 5594 3426 5668 Chry—

1850 5662 2089 5720 sostoino
2123 5662 2355 5734 ascripta
2386 5663 2603 5717 bomilia
2664 5665 2718 5716 in
2745 5662 3072 5734 l’ltaristeum
3105 5662 3167 5716 et
3189 5666 3424 5734 meretri-

183 5748 330 5802 sem,
360 5735 476 5789 haec
509 5735 770 5790 venerunt
808 5735 862 5789 in
895 5744 1148 5802 mentem,
1178 5732 1296 5805 qua}
1330 5734 1537 5804 possint
1567 5746 1758 5790 utcun-
1851 5750 1984 5802 cem,
2013 5744 2050 5790 t.
2082 5734 2188 5801 VII,
2223 5732 2422 5790 Graeca:
2453 5735 2603 5798 edit.,
2634 5750 2685 5804 p.
2714 5734 2838 5798 363,
2879 5732 3112 5804 Χριστὸς
3149 5733 3423 5805 μετέδωκε
