3896 6268
472 310 580 367 425

1740 310 1803 366 S.
1844 308 2126 367 ASTERII
2164 306 2473 366 AMASENI

3600 305 3719 364 424

471 430 541 486 sti
565 431 635 484 υ.
671 427 765 485 Sic
786 428 952 483 David
977 428 1105 499 quia
1137 428 1512 499 nonpervenit
1536 429 1604 484 ad
1626 428 1786 485 linem
1811 426 2038 494 Christi,

2148 425 2381 497 φιασμὸν
2417 424 2716 497 προέλαϐεν
2755 424 2980 497 μυρίσαι
3022 421 3260 496 Χριστοῦ
3299 423 3361 477 τὸ
3390 397 3722 493 σῶμα.Ὀῶ

471 521 755 576 funebrem
784 520 1047 590 psalmum
1082 521 1345 589 prazcinit.
1384 518 1437 575 is
1476 520 1624 574 enim
1670 518 2037 575 Dominicida-

471 630 591 669 rum
627 612 931 669 Judaeorum
963 610 1313 677 calumniam,
1356 623 1412 666 et
1437 611 1628 667 falsum
1670 610 2041 666 testimonium

470 707 737 761 adversus
795 704 1068 760 Christum
1119 703 1457 758 demonstrat
1509 702 1734 758 inferius
1785 702 1871 757 10.
1904 701 2043 768 Quo-

471 794 612 848 niam
639 809 739 847 non
762 802 837 847 est
875 792 928 846 in
968 808 1056 846 ore
1076 808 1257 846 eorum
1282 792 1471 846 ueritas
1489 808 1509 855 ;
1529 809 1618 846 cor
1646 808 1824 846 eorum
1850 807 2041 845 uanum

471 894 567 940 est.
627 883 921 938 Pecuniam
982 882 1403 950 distribuerunt,
1460 890 1520 937 ut
1574 883 2038 939 calumniarentur

472 979 942 1033 resurrectionem.
983 974 1085 1031 Cor
1117 991 1297 1029 eorum
1323 991 1516 1029 vanum
1540 985 1640 1030 est.
1707 973 2031 1044 Sepulcrum

471 1069 839 1139 obsignaruut,
894 1081 959 1123 ac
1020 1066 1078 1121 in
1121 1067 1352 1123 mortuis
1414 1066 1641 1122 liberum
1696 1077 2041 1135 nequaquam

471 1168 774 1215 tenuerunt.
831 1158 1075 1231 Sigillum
1124 1158 1401 1223 obtinent,
1433 1169 1489 1215 et
1530 1174 1637 1213 non
1669 1159 1873 1213 habent
1923 1156 2042 1211 the-

470 1266 713 1306 saurum.
772 1248 879 1305 Cor
921 1266 1104 1304 eorum
1180 1266 1372 1304 vanum
1428 1259 1525 1304 est.
1582 1247 1891 1317 Sepulcrum
1943 1263 2041 1315 pa-

470 1353 579 1397 tens
625 1351 699 1396 est
750 1351 931 1413 guttur
989 1356 1189 1395 eorum.
1242 1342 1440 1407 Quare,
1469 1341 1676 1407 David,
1735 1341 2040 1409 sepulcrum

469 1433 670 1488 vocasti
751 1441 930 1503 guttur
992 1446 1180 1486 eorum
1259 1432 1350 1501 qui
1403 1432 1683 1486 Dominum
1751 1430 2040 1488 interfece-

470 1524 628 1579 runt?
685 1522 994 1594 Respondet
1038 1541 1052 1577 :
1096 1524 1371 1591 Interroga
1428 1524 1593 1578 lilium
1641 1539 1819 1579 meum
1882 1524 2040 1578 Salo-

470 1632 708 1671 moncm.
740 1614 875 1684 Fili,
906 1633 967 1670 ne
986 1627 1035 1670 te
1061 1617 1312 1669 seducunt
1353 1617 1451 1669 viri
1489 1617 1657 1685 impii,
1696 1631 1857 1685 neque
1890 1615 2037 1669 uelis.

470 1708 529 1764 Si
567 1712 950 1775 advocaverint,
980 1711 1244 1764 dicentes:
1292 1708 1414 1763 Veni
1442 1710 1705 1762 nobiscum
1728 1747 1744 1769 ,
1781 1706 2039 1776 particeps

2137 534 2246 581 τως
2279 516 2355 589 μὴ
2387 515 2602 586 φθάνων
2634 516 2695 570 τὸ
2725 516 2876 580 τέλος
2904 515 3139 589 Χριστοῦ
3170 518 3199 570 ὁ
3236 515 3419 578 Δασὶδ,
3458 515 3548 569 τὸν
3583 518 3717 570 ἐπι·-

2138 609 2331 677 τάφιον
2364 608 2661 680 προψάλλει
2691 608 2924 680 ψαλμόν.
2955 601 3123 673 Οὗτος
3150 607 3259 680 γάρ
3283 607 3390 661 τῶν
3421 607 3722 678 Κυριοκτό-

2139 715 2246 752 νων
2288 697 2552 752 Ἰουδαίων
2596 700 2997 768 συκοφαντίαν,
3041 700 3136 753 καὶ
3168 698 3309 752 κατὰ
3338 697 3431 751 τοῦ
3471 698 3718 770 Χριστοῦ

2138 790 2610 863 ψευδομαρτυρίαν
2638 792 2789 863 δηλοῖ
2826 790 3176 856 ὑποκαταϐὰς
3195 808 3210 823 ’
3244 793 3373 846 Ὅτι
3398 794 3507 845 οὐκ
3538 792 3721 846 ἐστιν

2138 881 2209 934 ἐν
2242 879 2324 946 τῷ
2359 883 2610 951 στόματι
2646 879 2846 937 αὐτῶν
2872 881 3161 951 ἀλήθεια,
3195 879 3233 947 ἠ
3267 878 3480 948 καρδία
3510 876 3722 933 αὐτῶν

2134 974 2373 1044 ματαία.
2412 972 2672 1044 Ἀργύρια
2699 973 2983 1045 ἐσπειραν,
3019 972 3107 1026 ἶνα
3138 971 3237 1044 τὴν
3281 971 3572 1025 ἀνάστασιν
3614 987 3720 1023 συ-

2139 1068 2570 1137 κοφαντήσωσιν.
2608 1066 2670 1121 Ἠ
2690 1065 2903 1134 καρδία
2924 1063 3123 1120 αὐτῶν
3142 1063 3385 1134 ματαία.
3413 1063 3516 1116 Τὸν
3543 1063 3721 1132 τάφον

2139 1157 2497 1229 ἐσφράγισαν,
2536 1156 2629 1210 καὶ
2664 1156 2755 1210 τὸν
2787 1158 2846 1210 ἐν
2879 1158 3092 1229 νεκροῖς
3121 1155 3405 1226 ἐλεύθερον
3428 1154 3530 1208 οὒκ
3552 1154 3722 1225 ἐκράρ

2138 1265 2332 1320 τησαν.
2363 1248 2473 1320 Τὴν
2504 1246 2739 1318 σφαγῖδα
2775 1246 3095 1316 κατέχουσιν
3114 1285 3130 1307 ,
3165 1245 3259 1298 καὶ
3307 1243 3399 1297 τὸν
3437 1243 3718 1315 θησαυρὸν

2139 1342 2239 1396 οὐκ
2291 1340 2522 1412 ἔχουσιν.
2592 1341 2664 1394 ἸΙ
2709 1337 2922 1405 καρδία
2982 1336 3182 1391 αὐτῶν
3220 1337 3462 1407 ματαία.
3517 1336 3721 1406 Τάφος

2138 1433 2509 1501 ἀνεῳγμένος
2540 1435 2573 1486 d
2599 1429 2830 1501 λάρυγξ
2841 1429 3067 1484 αὐτῶν.
3094 1430 3192 1482 Διὰ
3217 1429 3291 1493 τί,
3315 1423 3360 1483 ὧ
3385 1428 3576 1494 Δσϐὶδ,
3613 1430 3718 1483 τά-

2140 1542 2239 1596 φον
2272 1521 2432 1588 εἶπας
2468 1524 2559 1579 τὸν
2588 1523 2838 1594 λάρυγγα
2874 1522 2985 1577 τῶν
3017 1524 3423 1595 Κυριοκτόνων;
3468 1520 3722 1592 Ἀποκρί-

2139 1634 2289 1671 νεται
2313 1633 2328 1649 ο
2367 1615 2741 1688 Ἐπερὼτησον
2777 1615 2870 1669 τὸν
2902 1616 3034 1687 ἐμὸν
3072 1614 3185 1668 υίὸν
3204 1613 3550 1687 Σαλομῶντα.
3593 1614 3717 1679 Υἱὲ,

2134 1706 2221 1779 μή
2245 1724 2320 1763 σε
2348 1709 2750 1775 πλανήσωσιν
2781 1706 2996 1775 ἄνδρες
3018 1706 3279 1773 ἀσεϐεῖς,
3301 1706 3458 1777 μηδὲ
3481 1708 3722 1772 βουλη-

469 1812 576 1857 esto
610 1803 903 1872 sanguinis,
963 1803 1264 1856 oceidamus
1297 1803 1466 1857 virum
1519 1800 1761 1870 justum;
1789 1798 2042 1869 deglutia-

2148 1800 2275 1869 θῇς.
2317 1800 2461 1855 Ἐὰν
2484 1800 2991 1868 παρακαλέσωσιν
3026 1799 3337 1866 λέγοντες*
3392 1796 3558 1852 Ἐλθέ
3579 1796 3718 1867 μεθ’

470 1909 581 1947 mus
610 1902 784 1946 autem
809 1908 951 1959 eum,
981 1893 1115 1947 sicut
1138 1892 1376 1962 infernus
1413 1892 1658 1945 viventem
1686 1890 1753 1945 ³ο.
1789 1888 1924 1956 Quia
1941 1889 2043 1959 igi-

469 1995 555 2040 tur
625 1994 879 2055 tanquam
932 1984 1177 2041 infernus
1214 1986 1484 2039 viventem
1525 2024 1542 2050 ,
1595 1983 1720 2039 vita:
1762 1994 2039 2039 auctorem

469 2077 847 2146 deglutierunt,
880 2074 1189 2147 Sepulcrum
1225 2089 1406 2147 patens
1433 2087 1510 2131 est
1538 2087 1718 2147 guttur
1741 2092 1940 2131 eorum.

540 2256 727 2329 Itaque
756 2260 1286 2333 quoniampsalmus
1319 2262 1426 2327 iste
1452 2260 1691 2319 funebris
1721 2270 1825 2328 est,
1858 2278 2038 2333 proca

476 2365 584 2421 run:
613 2350 970 2403 Iiwreditutem
995 2352 1345 2420 consequitur,
1394 2352 1449 2404 in
1493 2350 1650 2419 ﬁnem
1699 2362 1756 2407 et
1811 2363 2038 2408 mortem

473 2441 674 2497 Christi
698 2440 933 2510 scriptus
978 2439 1101 2494 fuit.
1158 2442 1310 2496 Unde
1368 2442 1531 2496 etiam
1580 2445 2037 2500 resurrectionem

474 2534 641 2604 ipsius
684 2542 937 2602 tanquam
994 2533 1091 2588 Dei
1124 2530 1283 2587 Verbi
1343 2532 1700 2604 signiﬁcavit,
1729 2535 1913 2591 dicens
1941 2560 1951 2590 :
1982 2537 2036 2590 4.

473 2624 741 2689 Quoniam
763 2623 829 2675 ad
860 2631 909 2676 te
934 2621 1115 2689 orabo,
1145 2622 1391 2687 Domine,
1416 2638 1568 2676 mane
1599 2623 1848 2677 exaudies
1873 2640 2043 2678 uocent

474 2732 663 2771 meam.
687 2713 847 2770 Mane
872 2718 1053 2769 astabo
1083 2718 1200 2784 tibi,
1223 2728 1270 2771 et
1299 2718 1492 2771 videbis
1523 2718 1962 2783 me.—Quoniam
1976 2717 2045 2772 ad

474 2819 524 2863 te
556 2806 741 2861 orabo.
771 2806 913 2861 Dcus
950 2807 1094 2861 enim
1130 2823 1215 2872 es,
1249 2809 1341 2877 qui
1371 2825 1402 2863 a
1452 2810 1681 2863 mortuis
1704 2811 1965 2878 resurgis,
1992 2818 2048 2865 et

478 2899 545 2952 ad
582 2907 635 2952 te
671 2913 767 2967 per
820 2906 1036 2953 noctem
1068 2896 1335 2953 clamabat
1384 2900 1584 2954 chorus
1621 2900 2042 2969 prophetarum:

478 2989 670 3059 Surge,
694 2988 851 3053 Deus,
878 2988 1067 3059 judico
1093 2999 1285 3043 terram
1321 2990 1386 3044 ³¹.
1416 2990 1475 3045 Si
1499 2991 1657 3046 homo
1680 2992 1919 3061 sepultus
1940 3001 2045 3060 est,

478 3083 751 3153 quomodo
798 3082 939 3137 Deus
986 3083 1264 3137 surrexit?
1307 3083 1625 3152 Sepulcrum
1654 3083 1818 3139 Deum
1842 3085 2049 3140 consti-

482 3178 635 3226 tuere
684 3169 873 3226 nescit.
911 3168 1230 3241 Sepulcrum
1285 3174 1540 3227 damnum
1600 3172 1804 3227 inferre
1849 3183 2046 3244 potest,

2144 1892 2334 1963 ἡμῶν,
2363 1890 2737 1960 κοινώνηονον
2758 1892 3032 1962 αἵματος,
3057 1891 3499 1959 ἀποκτείνωμεν
3525 1889 3723 1958 ἄνδρα

2147 1983 2383 2037 δίκαιον
2396 1998 2411 2012 ο
2437 1984 2816 2051 καταπίωμεν
2828 1981 2895 2035 δὲ
2904 1982 3091 2037 αὐτὸν
3110 1980 3314 2051 ὥσπερ
3334 1982 3484 2050 ᾅδης
3505 1980 3718 2042 ζῶντα.

2157 2074 2372 2145 Ἐπειδὴ
2404 2068 2496 2126 οὖν
2523 2072 2597 2136 ὡς
2630 2072 2761 2144 ᾅδης
2786 2072 2964 2137 ζῶντα
2999 2073 3092 2127 τὸν
3124 2072 3386 2137 ζωοποιὸν
3422 2072 3719 2140 κατέπιον,

2149 2164 2340 2234 Τάφος
2362 2164 2733 2233 ἀνεῳγμένος
2759 2167 2793 2219 ὀ
2818 2165 3049 2235 λάρυγξ
3072 2165 3292 2221 αὐτῶν.

2225 2258 2377 2311 Ἐπεὶ
2407 2252 2500 2311 οὖν
2540 2258 2569 2309 ὁ
2606 2258 2890 2327 ἐπιτάφιος
2921 2250 3077 2323 οὗτος
3108 2258 3353 2330 ψαλμδς,
3402 2257 3554 2327 ὑπὲρ
3603 2258 3722 2327 τῆς

2145 2348 2672 2418 κληρονομούσης,
2703 2350 2791 2414 εὶς
2826 2348 2895 2402 τὸ
2924 2348 3097 2415 τέλος
3122 2350 3217 2404 καὶ
3244 2349 3334 2403 τὸν
3365 2348 3590 2403 θάνατον
3618 2349 3720 2403 τοῦ

2143 2439 2379 2511 Χριστοῦ
2406 2439 2644 2511 ἐγράφη.
2677 2438 2838 2493 Ὅθεν
2867 2440 2962 2493 καὶ
2988 2440 3087 2513 τὴν
3122 2440 3417 2495 ἀνάστασιν
3449 2439 3613 2494 αὐτοῦ
3641 2440 3725 2506 ὡς

2145 2533 2279 2587 Θεοῦ
2314 2533 2487 2602 Λόγου
2522 2534 2791 2604 ἐσήμανεν
2812 2571 2827 2596 ,
2858 2531 3060 2586 εἰπών·
3097 2533 3218 2586 ’Ότι
3257 2531 3408 2601 πρὸς
3435 2532 3511 2585 σὲ
3530 2545 3726 2600 προσ-

2142 2624 2390 2693 εύξομαι
2412 2663 2428 2689 ,
2456 2623 2636 2695 Κύριε
2658 2639 2672 2653 ·
2698 2621 2780 2687 τῷ
2809 2622 2960 2691 πρωῒ
2999 2623 3335 2691 εὶσακούσῃ
3365 2621 3469 2691 τῆς
3512 2621 3725 2691 pan-ﬁt;

2137 2733 2277 2786 μου.
2313 2713 2399 2781 Τῷ
2430 2715 2579 2782 πρωϊ
2606 2713 3070 2784 παραστήσομαι
3099 2729 3228 2779 σοι,
3266 2714 3364 2770 καὶ
3394 2716 3596 2784 tisz
3617 2731 3721 2785 με.

2143 2838 2213 2850 -—
2239 2808 2369 2861 ’Ὀτι
2393 2806 2544 2875 πρὸς
2572 2806 2648 2862 σὲ
2672 2805 3101 2877 προσεύξομαι.
3130 2806 3260 2871 Θεὸς
3284 2807 3393 2879 γάρ
3417 2802 3465 2860 εἷ
3486 2808 3516 2860 ὁ
3544 2807 3608 2860 ἐκ
3634 2822 3728 2859 νε-

2148 2898 2298 2971 κρῶν
2330 2899 2684 2970 ἀνιστάμενος
2702 2914 2717 2930 ·
2746 2898 2839 2952 καὶ
2868 2898 3005 2970 πρὸς
3045 2898 3104 2952 σὲ
3139 2897 3226 2952 διὰ
3252 2899 3353 2968 τῆς
3382 2897 3573 2961 νυκτὸς
3592 2896 3727 2951 ἐϐόα

2148 2993 2178 3045 ὁ
2223 2992 2380 3064 χορὸς
2410 2991 2514 3046 τῶν
2554 2990 2849 3062 προφητῶν
2867 3007 2882 3023 ·
2935 2991 3205 3058 Ἀνάστα,
3237 2994 3270 3045 ὀ
3301 2991 3467 3057 Θεὸς,
3515 2990 3728 3059 κρῖνον

2149 3085 2266 3153 τὴν
2291 3085 2429 3155 γῆν.
2463 3085 2526 3138 Εἰ
2568 3083 2854 3154 ἄνθρωπος
2896 3084 3105 3154 ἐτάφη,
3154 3084 3272 3146 πῶς
3313 3082 3444 3148 Θεὸς
3483 3083 3725 3154 ἀνέστης

2151 3174 2333 3244 Τάφος
2358 3174 2489 3228 Θεὸν
2514 3177 2839 3245 χειροτονεῖν
2865 3174 2965 3227 οὑκ
2992 3172 3223 3245 ἔμαθεν·
3254 3172 3423 3242 τάφος
3450 3173 3729 3246 ζημιῶσαι

480 3261 883 3319 incrementum
922 3264 1054 3319 dare
1100 3280 1206 3319 non
1265 3273 1462 3334 potest.
1515 3265 1706 3336 Angeli
1768 3266 2042 3321 et'niilites

2150 3267 2392 3333 δύναται,
2422 3266 2741 3338 προσθεῖναι
2776 3268 2839 3321 οὐ
2875 3266 3117 3322 δύναται.
3149 3267 3404 3336 ’Ἄγγελοι
3430 3268 3524 3323 καὶ
3554 3285 3727 3338 στρα-

482 3358 732 3428 sepulcro
754 3357 1123 3423 assistebant;
1174 3367 1229 3411 et
1251 3365 1371 3411 erat
1412 3357 1656 3428 privatus
1684 3358 1776 3427 qui
1809 3358 2052 3427 sepultus

485 3450 697 3506 fuerat?
721 3450 910 3505 Milites
941 3449 1315 3504 custodiebant
1345 3451 1652 3519 sepulcrum
1686 3468 1700 3517 ;
1764 3466 1859 3506 rex
1906 3452 2052 3506 enim

482 3553 624 3603 erat.
654 3543 744 3611 qui
772 3552 891 3597 erat
919 3542 1179 3612 sepultus.
1206 3542 1358 3596 Sicut
1383 3542 1578 3611 privati
1611 3543 1917 3613 sepulcrum
1948 3544 2053 3597 mi-

483 3629 606 3687 lites
656 3646 763 3686 non
822 3640 1060 3696 servant,
1131 3631 1211 3686 sic
1240 3634 1357 3701 puri
1406 3633 1638 3688 hominis
1666 3634 1919 3702 sepulcro
1946 3649 2053 3689 non

481 3723 721 3780 assident
742 3723 939 3795 angeli.
977 3723 1132 3778 Mane
1159 3727 1407 3779 exaudies
1455 3741 1632 3780 uocem
1673 3742 1863 3781 meam.
1916 3725 2052 3793 Quia

480 3829 644 3871 mane
667 3828 957 3885 resurgens
1005 3815 1153 3870 dices
1209 3814 1380 3870 beatis
1422 3817 1771 3871 mulieribus:
1803 3817 1960 3872 Aucte
1983 3818 2050 3872 ".

484 3906 588 3964 Vos
615 3915 769 3963 avete
793 3924 807 3975 ;
835 3921 958 3961 nam
986 3908 1230 3963 custodia
1271 3909 1481 3963 turbata
1507 3918 1609 3966 est.
1644 3909 1752 3964 Vos
1791 3910 2050 3979 gaudete;

478 3997 571 4069 qui
594 3997 741 4052 enim
793 4012 1016 4054 servant
1072 3999 1405 4068 sepulcrum,
1464 3998 1766 4069 depositum
1792 4015 1899 4055 non
1951 4001 2052 4056 ba-

476 4091 626 4154 bent,
652 4089 878 4159 ideoque
904 4088 1141 4159 plorant.
1190 4089 1362 4159 lgitur
1388 4089 1822 4160 quandoquidem
1856 4089 1967 4145 Pro
1989 4107 2051 4145 ea

474 4198 594 4254 quia
620 4182 984 4237 Iucreditatem
1027 4183 1363 4252 consequitur
1407 4182 1665 4252 psalmus,
1708 4183 1951 4238 continet
1998 4192 2053 4238 et

475 4271 781 4344 passionem
831 4279 887 4327 et
943 4271 1272 4340 sepulcrum,
1330 4281 1384 4327 et
1442 4273 1765 4327 matutinum
1810 4287 2052 4328 resurre-

476 4348 702 4429 ctionis,
734 4378 858 4417 eam
886 4363 956 4417 ob
986 4378 1123 4429 rem,
1156 4362 1216 4415 In
1242 4362 1421 4431 ﬁnem.
1461 4362 1517 4431 2.
1560 4362 1730 4417 Verba
1754 4380 1869 4419 mea
1903 4366 2051 4419 auri—

475 4452 593 4517 bus,
617 4455 841 4520 percipc,
864 4453 1102 4510 Domine.
1127 4454 1228 4520 Qui
1265 4465 1448 4523 portas
1475 4455 1656 4511 omnia
1684 4458 1848 4513 verbo
1882 4460 2051 4512 virtu-

2152 3356 2344 3411 τιῶται
2381 3357 2459 3429 τῷ
2482 3358 2638 3429 τάφῳ
2676 3358 3007 3430 παρέμενον,
3045 3359 3140 3411 καὶ
3180 3358 3394 3429 ἰδιώτης
3426 3360 3456 3412 ὁ
3499 3360 3727 3427 ταφείςς

2153 3449 2488 3521 Στρατιῶται
2520 3451 2749 3521 ἐτήρουν
2776 3450 2867 3504 τὸν
2904 3449 3102 3519 τάφον*
3139 3448 3390 3520 βασιλεὺς
3425 3449 3534 3521 γὰρ
3571 3452 3600 3504 ὁ
3630 3468 3732 3504 τα-

2153 3541 2294 3610 φείς.
2323 3542 2534 3613 Ὠσπερ
2568 3540 2774 3596 ἰδιώτου
2803 3542 2971 3611 τάφον
3003 3542 3329 3615 στρατιῶται
3356 3542 3416 3596 οὐ
3444 3542 3727 3614 τηροῦσιν,

2151 3630 2322 3694 οὕτως
2354 3630 2642 3705 ἀνθρώπου
2662 3630 2820 3701 ψιλοῦ
2842 3632 2997 3701 τάφῳ
3018 3632 3237 3701 ἄγγελοι
3266 3633 3326 3685 οὐ
3370 3632 3730 3705 παρακάθην-

2150 3737 2259 3774 ται.
2324 3720 2407 3787 Τῷ
2438 3722 2589 3790 πρωῒ
2624 3722 2959 3792 εὶσακούσῃ
3006 3720 3115 3790 τῆς
3152 3721 3359 3791 φωνῆς
3399 3741 3541 3792 μου.
3602 3724 3729 3778 Ὀτι
3778 3725 3783 3729 ’

2152 3812 2296 3883 πρωῒ
2324 3812 2561 3876 ἀναστάς
2609 3814 2752 3883 ἐρεῖς
2788 3814 2908 3875 ταῖς
2954 3811 3251 3884 μακαρίαις
3280 3812 3525 3880 γυναιξίν
3545 3828 3558 3839 ·
3589 3814 3733 3867 Χαί-

2142 3918 2300 3971 ρετε.
2340 3903 2529 3973 Ὑμεῖς
2559 3902 2801 3974 χαίρετε·
2843 3903 2877 3973 ἠ
2906 3901 3020 3975 ’γὰρ
3051 3904 3348 3957 κουστωδία
3375 3905 3727 3976 τετάρακται.

2164 3992 2352 4064 Ὑμεῖς
2378 3993 2597 4067 χαίρετε
2620 4010 2636 4025 ·
2676 3996 2725 4048 οἱ
2768 3994 2877 4069 γὰρ
2917 3995 3008 4050 τὸν
3040 3996 3210 4065 τάφον
3240 3996 3584 4069 τηροῦντες,
3624 3998 3727 4070 τὴν

2151 4088 2386 4161 ἐνθήκην
2427 4089 2501 4161 μὴ
2539 4088 2754 4160 ἔχοντες
2792 4088 3165 4161 ὀλοφύρονται.
3217 4091 3381 4145 Ἐπεὶ
3412 4087 3505 4145 οῦν
3543 4092 3640 4146 καὶ
3665 4089 3730 4146 τὸ

2150 4184 2323 4249 πάθος
2349 4184 2552 4239 καὶτὸν
2582 4184 2751 4253 τάφον
2774 4184 2868 4238 καὶ
2890 4184 2989 4255 τὴν
3014 4184 3227 4255 πρωῖαν
3253 4184 3357 4254 τῆς.
3376 4184 3728 4251 ἀναστάσεως

2152 4275 2397 4346 περιέχει
2445 4276 2475 4327 ὁ
2536 4275 2717 4343 ’Υπὲρ
2763 4273 2872 4344 τῆς
2915 4277 3410 4345 κληρονομούσης
3445 4280 3724 4349 ψαλμόςο

2150 4366 2239 4420 διὰ
2251 4366 2408 4420 τοῦτο
2433 4368 2533 4431 Εἰς
2553 4366 2617 4420 τὸ
2648 4364 2917 4432 τέλοςπ-
2951 4366 3023 4420 Τὰ
3034 4365 3272 4436 ῥήματά
3285 4385 3402 4437 μου
3426 4367 3726 4437 ἐνώτισαι,

2152 4459 2349 4526 Κύριε.
2391 4457 2450 4511 ’0
2476 4457 2657 4529 φέρων
2686 4456 2753 4511 τὰ
2780 4457 2957 4511 πάντα
2983 4457 3063 4528 τῷ
3088 4459 3291 4529 ῥήματι
3313 4458 3413 4528 τῆς
3444 4460 3728 4532 δυνάμεώς

479 4544 549 4598 tis
580 4555 685 4599 tua:
706 4543 771 4597 ⁸³.
790 4542 957 4597 Verba
992 4560 1108 4597 mea
1124 4548 1341 4600 auribus
1368 4548 1594 4617 percipe,
1622 4547 1861 4603 Domine.
1881 4549 2042 4618 Cujus

2155 4567 2269 4605 σου.
2299 4549 2376 4605 Τὰ
2397 4550 2638 4620 ῥήματά
2658 4568 2777 4619 μου
2808 4548 3107 4616 ἐνώτισαι,
3139 4554 3337 4620 Κύριε.
3371 4546 3446 4606 Οὖ
3473 4554 3535 4608 τὸ
3570 4554 3729 4626 ῥῆμα

478 4634 708 4693 verbum
732 4634 945 4705 gladius
970 4653 983 4689 :
1014 4634 1082 4688 Et
1113 4635 1346 4706 gladium
1371 4612 1632 4707 Spiritus,
1679 4640 1817 4709 quod
1837 4650 1912 4695 est
1939 4612 2042 4695 uer-

2156 4612 2433 4716 pdxutpu:
2464 4612 2594 4699 "Kal
2641 4612 2759 4710 chr
2802 4612 3103 4712 μάχαιραν
3137 4612 3241 4698 τοῦ
3282 4612 3664 4715 πνεύματοςῗ
3693 4646 3731 4701 ὅ

476 4725 599 4782 bum
633 4726 727 4780 Dei
759 4726 826 4781 “.
863 4728 1015 4793 Vide,
1059 4727 1253 4796 frater,
1307 4747 1413 4802 qua
1466 4732 1677 4787 ratione
1709 4732 1861 4789 dicas
1894 4733 2006 4789 Deo
2027 4775 2043 4802 ,

485 4818 656 4874 Verba
708 4836 824 4875 mea
876 4822 1089 4876 auribus
1124 4823 1351 4892 percipe,
1413 4821 1654 4878 Domine.
1698 4824 1776 4879 Ac
1818 4824 2042 4881 deinde:

479 4914 721 4984 Intellige
749 4914 1031 4968 clamorem
1062 4931 1256 4969 meum.
1283 4916 1337 4970 5.
1381 4913 1606 4970 Intende
1655 4916 1763 4979 uoci
1791 4917 2045 4971 orationis

478 5022 628 5062 mea.
655 5005 837 5061 Primo
862 5006 1006 5061 enim
1027 5007 1190 5062 verba
1217 5016 1310 5061 tua
1332 5019 1610 5063 scrutatur
1633 5008 2046 5079 Dominus,qua:

491 5098 546 5153 in
579 5100 890 5154 universum
931 5100 1191 5169 loqueris,
1227 5115 1355 5154 num
1398 5101 1730 5171 turpiloquii,
1765 5114 1858 5157 aut
1903 5103 2050 5158 blas-

478 5192 730 5263 phemiae,
772 5202 863 5247 aut
890 5190 1111 5264 perjurii
1168 5191 1331 5247 verba
1379 5194 1675 5259 sint;num
1723 5194 2049 5249 maledicen-

482 5283 588 5348 tize,
642 5298 709 5340 ac
768 5285 1137 5352 detractionis,
1184 5294 1346 5356 atque
1389 5285 1672 5341 calumnia:
1713 5302 1727 5351 ;
1780 5302 1905 5340 num
1941 5286 2051 5340 sint

481 5378 646 5430 verba
678 5376 1056 5444 demersionis,
1086 5392 1208 5449 quae
1235 5392 1333 5446 per
1384 5376 1703 5434 calumniam
1735 5376 2049 5446 demergere

550 5488 594 5521 ²⁹
636 5488 800 5545 Marc.
863 5505 980 5555 τιν,
1042 5489 1095 5547 8.
1206 5488 1252 5523 ³ο
1287 5489 1447 5546 Prov.
1493 5504 1554 5556 ι,
1605 5486 1782 5543 1042.

480 5558 526 5591 ⁸⁸
555 5559 747 5628 Eplies.
788 5576 861 5625 νι,
897 5562 984 5616 17.

480 5658 563 5738 τῇ⁸
586 5657 989 5738 πρικεχυμένῃ
1027 5657 1350 5738 ’βλέμματος
1377 5662 1471 5714 καὶ
1505 5660 1817 5738 φθέγματος
1834 5657 2043 5738 ἡμέρου

479 5726 575 5781 καὶ
601 5726 923 5800 προσηνοῦς,
957 5726 1051 5784 καὶ.
1073 5726 1207 5803 πρὸς
1247 5731 1345 5803 τὴν
1389 5726 1919 5803 κατακεκρυμμένην
1951 5726 2046 5784 καὶ

1886 5491 1927 5523 ³¹
1979 5490 2123 5549 Psal.
2177 5510 2361 5560 um,
2394 5496 2448 5552 8.

2151 4736 2323 4790 ἐστιν
2346 4734 2512 4804 ῥῆμα
2558 4733 2725 4789 Θεοῦ.
2760 4733 2969 4800 Βλέπε,
3008 4735 3124 4801 πῶς
3150 4735 3362 4805 λέγεις,
3385 4736 3612 4807 άδελφὲ,
3646 4737 3732 4811 τῷ

2152 4828 2271 4900 Θεῷ
2292 4846 2305 4861 ο
2346 4828 2421 4882 Τὰ
2441 4827 2681 4897 ῥήματά
2702 4846 2823 4897 μου
2851 4828 3149 4894 ἐνώτισαι,
3180 4832 3378 4899 Κύριε.
3419 4831 3530 4886 Καὶ
3566 4827 3693 4887 εἶτα
3711 4849 3729 4865 ο

2153 4922 2338 4986 Σύνες
2351 4919 2425 4989 τῇ
2444 4918 2675 4990 κραυγῇ
2688 4922 3171 4992 μου.-Πρόσχες
3187 4921 3260 4991 τῇ
3284 4921 3451 4993 φωνῇ
3468 4922 3577 4993 τῆς
3591 4923 3732 4995 δεή-

2154 5010 2306 5077 σεώς
2345 5028 2486 5080 μου.
2525 5011 2747 5083 Πρῶτον
2786 5012 2895 5085 γὰρ
2944 5014 3015 5069 τὰ
3057 5014 3280 5086 ῥήματά
3322 5032 3415 5069 σου
3457 5019 3657 5089 ἐρευνᾷ
3700 5021 3733 5072 ὁ

2154 5100 2379 5172 Κύριος,
2427 5100 2570 5170 ἅπερ
2603 5100 2777 5156 διόλου
2818 5103 3021 5170 λαλεῖς,
3054 5108 3104 5159 εἰ
3135 5106 3210 5178 μὴ
3253 5108 3659 5181 αἰσχρολογίας,
3693 5111 3730 5182 ἢ

2154 5193 2437 5266 ἐπιορκίας
2470 5195 2607 5248 εἰσὶν
2632 5195 2887 5267 ῥήματα·
2924 5201 2973 5252 εί
3006 5199 3081 5270 μὴ
3113 5198 3397 5272 λοιδορίας,
3438 5203 3535 5255 καὶ
3560 5220 3735 5258 κατα-

2154 5285 2361 5350 λαλιᾶς,
2399 5287 2492 5340 καὶ
2530 5291 2892 5359 συκοφαντίας
2924 5293 3061 5345 είσὶν
3104 5294 3343 5364 ῥήματα·
3379 5296 3428 5347 εἰ
3471 5296 3547 5367 μή
3589 5297 3739 5352 εἰσιν

2154 5380 2593 5453 καταποντισμοῦ
2639 5384 2877 5454 ῥήματα,
2922 5386 2987 5455 τῇ
3028 5384 3362 5459 συκοφαντίᾳ
3404 5389 3736 5443 καταποντίο

2562 5496 2606 5528 ³⁸
2641 5496 2831 5554 Matth.
2894 5512 3087 5566 XXVI",
3133 5498 3187 5555 9.
3304 5498 3349 5531 ³⁸
3388 5499 3551 5555 ilebr.
3599 5516 3636 5565 I,
3670 5500 3730 5556 3.

2150 5657 2407 5732 δεομένην
2435 5658 2633 5729 μικρὸν
2660 5658 2850 5732 ἑαυτὸν
2890 5656 3195 5728 ἐπικλίνας,
3222 5667 3352 5729 etc.,
3381 5674 3739 5732 κατακεκυμ-

2112 5774 2115 5779 ,
2157 5729 2324 5801 μένην
2357 5733 2478 5801 quis
2506 5729 2738 5785 abnuet?
