3892 6272
400 376 505 434 127

1672 367 1727 420 S.
1770 359 2041 417 ASTERII
2080 353 2379 414 AMASENI

3542 344 3653 403 428

406 501 538 556 mini
586 496 754 552 nostri
806 494 927 550 .Iesu
965 492 1193 557 Christi;
1222 492 1304 546 cui
1348 491 1516 561 gloria
1551 499 1606 545 et
1662 492 1964 558 imperium,

2102 496 2308 545 ,παντες
2359 481 2640 551 χαίροντες
2679 477 2771 530 καὶ
2823 473 3236 547 εὐφραινόμενοι
3261 489 3273 501 ο
3326 469 3508 541 χάριτι
3560 467 3657 522 καὶ

408 607 550 647 nunc
584 602 637 645 et
666 591 716 644 in
750 589 955 642 intinita
986 586 1182 641 saecula
1210 585 1555 640 saeculorum.
1585 583 1777 637 Amen.

1093 848 1274 904 XVIII.

412 947 479 1003 In
525 946 759 1001 eumdem
802 945 1037 1014 quintum
1084 942 1367 1007 psalmum,
1416 937 1523 991 alio
1561 936 1737 989 modo.
1789 932 1976 988 Oratio

1091 1022 1301 1079 quarta.

482 1106 539 1163 2.
590 1103 759 1157 Verba
804 1119 918 1156 mea
973 1101 1186 1154 auribus
1239 1098 1461 1167 percipe,
1497 1094 1736 1149 Domine.
1790 1090 1978 1160 Qualia

417 1199 608 1258 verba,
636 1192 948 1266 Propheta?
986 1192 1126 1247 Deus
1162 1191 1306 1244 enim
1356 1189 1503 1243 novit
1531 1203 1616 1252 ea,
1646 1186 1807 1240 etiam
1829 1191 1983 1239 ante-

415 1300 579 1358 quam
615 1283 682 1339 de
735 1283 840 1336 illis
873 1281 1211 1349 cogitaveris.
1259 1277 1369 1332 Nos
1403 1290 1532 1345 ergo
1586 1277 1750 1341 doce,
1801 1272 1983 1342 qualia

417 1381 583 1433 verba
614 1378 721 1431 Deo
749 1376 813 1428 ad
859 1373 1214 1445 placatiouem
1271 1370 1576 1439 protuleris,
1620 1378 1678 1422 ut
1720 1382 1818 1422 nos
1846 1379 1984 1434 quo-

418 1486 522 1540 que
558 1470 747 1524 iisdem
793 1477 1027 1520 utamur.
1084 1463 1275 1530 Qualia
1326 1461 1538 1516 verba?
1584 1461 1719 1515 Audi
1772 1473 1890 1528 qua:
1930 1457 1984 1511 in

418 1564 692 1638 proposito
719 1561 924 1631 psalmo
951 1559 1237 1619 habentur,
1290 1570 1411 1624 quae
1462 1555 1570 1609 Deo
1617 1552 1829 1615 dicens,
1874 1560 1984 1604 tum

423 1660 686 1725 tneipsum
725 1654 994 1711 moderor,
1025 1660 1137 1703 tum
1168 1648 1314 1702 illum
1344 1646 1520 1711 ﬂecto,
1566 1654 1678 1699 tum
1710 1644 1986 1700 auditores

422 1753 708 1807 admoneo.
742 1748 859 1802 Dixi
901 1748 1072 1802 infra:
1108 1745 1160 1802 ες.
1194 1744 1457 1811 Quoniam
1489 1758 1592 1796 non
1629 1739 1771 1795 Deus
1814 1736 1988 1790 volens

2079 575 2456 646 φιλανθρωπίᾳ
2479 572 2573 625 τοῦ
2601 570 2806 641 Κυρίου
2838 568 2994 638 ἡμῶν
3035 564 3210 637 Ἰησοῦ
3241 561 3479 636 Χριστοῦ
3502 579 3517 591 ·
3540 553 3586 629 ᾧ
3616 562 3653 631 ἠ

2076 666 2204 731 δόξα
2236 663 2419 735 καὶτὸ
2452 662 2672 734 κράτος,
2708 656 2801 712 νῦν
2847 659 2942 711 καὶ
2974 659 3053 719 εἰς
3097 656 3223 719 τοὺς
3265 652 3657 723 ἀτελευτήτους

2076 756 2280 820 αἰῶνας
2307 755 2415 808 τῶν
2445 753 2676 807 αἰώνων.
2718 751 2911 821 Ἀμήν.

2815 844 2922 896 ιη’.

2173 942 2278 1005 Εἰς
2309 937 2415 991 τὸν
2438 934 2626 991 αὐτὸν
2657 932 2700 988 ε’
2729 934 2997 1001 ψαλμὸν,
3022 929 3246 996 ἄλλως.
3273 928 3463 998 Λόγος
3496 922 3567 978 δ’.

2153 1097 2229 1152 B’.
2254 1096 2331 1150 Τὰ
2341 1090 2580 1163 ῥήματά
2593 1108 2713 1160 μου
2730 1088 3026 1146 ἐνώτισαι,
3048 1084 3245 1152 Κύριε.
3259 1081 3396 1134 Ποῖα
3417 1077 3663 1149 ῥήματα,

2083 1188 2367 1262 προφῆτα;
2409 1185 2467 1238 '0
2498 1183 2594 1254 μὲν
2619 1179 2730 1251 γὰρ
2758 1178 2890 1242 Θεὸς
2911 1173 3052 1230 οἶδεν
3080 1173 3218 1228 αὐτὰ
3240 1172 3332 1226 καὶ
3364 1170 3493 1241 πρὶν
3520 1166 3664 1221 αὐτὰ

2085 1259 2417 1347 ἐνθυμηθῇς.
2462 1273 2643 1344 Ἠμᾶς
2681 1265 2773 1325 οὖν
2816 1268 3044 1334 δίδαξον,
3090 1268 3221 1320 ποῖα
3263 1265 3483 1335 ῥήματα
3524 1259 3666 1330 πρὸς

2084 1368 2397 1439 δυσώπησιν
2425 1364 2505 1436 τῷ
2534 1362 2654 1434 Θεῷ
2684 1361 3085 1434 προσήνεγκας,
3116 1358 3204 1411 ἴνα
3229 1356 3324 1409 καὶ
3359 1354 3518 1423 ἡμεῖς
3549 1353 3668 1413 τοῖς

2086 1462 2269 1524 αὐτοῖς
2316 1455 2672 1529 χρησώμεθα.
2722 1453 2858 1505 Ποῖα
2903 1452 3155 1523 ρήματα;
3208 1449 3474 1501 Ἄκουσον
3503 1442 3574 1495 τὰ
3606 1443 3669 1494 ὲν

2086 1553 2167 1624 τῷ
2193 1549 2544 1623 προκειμένῳ
2591 1546 2822 1618 ψαλμῷ,
2871 1546 3014 1615 ἆπερ
3049 1542 3222 1609 λέγων
3260 1538 3338 1608 τῷ
3376 1535 3525 1606 Θεῷ,
3571 1534 3671 1588 καὶ

2087 1643 2323 1717 ἐμαυτὸν
2364 1639 2711 1712 σωφρονίζω,
2753 1637 2849 1691 καὶ
2898 1635 3061 1690 αὐτὸν
3093 1630 3357 1691 δυσωπῶ,
3402 1629 3497 1681 καὶ
3538 1628 3669 1690 τοὺς

2090 1716 2387 1798 ἀκούοντας
2427 1730 2684 1786 νουθετῶ.
2723 1725 2890 1782 Εἶπον
2924 1723 3311 1785 ὑποκαταϐὰς·
3358 1719 3486 1772 Ὅτι
3527 1716 3672 1785 οὐχὶ

420 1841 753 1914 iniquitatem
780 1850 835 1893 tu
867 1856 941 1894 es.
976 1838 1226 1908 thuare
1256 1836 1334 1889 sic
1358 1832 1584 1888 dixisti?
1615 1832 1750 1899 Quia
1790 1829 1987 1895 iniqui-

2102 1827 2238 1894 Θεὸς
2262 1826 2457 1881 θέλων
2481 1824 2733 1893 ἀνομίαν
2764 1819 2846 1875 σὺ
2866 1816 2939 1876 εἷ.
2960 1817 3071 1872 Καὶ
3098 1815 3185 1869 διὰ
3209 1815 3260 1867 τί
3279 1811 3451 1875 οὕτως
3473 1805 3670 1872 εἷπαςς

423 1942 577 1988 tatem
632 1932 753 1986 odio
795 1931 953 1984 habui
994 1940 1042 1984 et
1087 1929 1414 1982 abominatus
1444 1943 1561 1979 sum
1585 1925 1651 1979 ³⁸.
1697 1923 1812 1977 Non
1845 1922 1986 1978 enim

420 2023 739 2094 simpliciter
791 2022 951 2075 verba
1012 2018 1407 2092 pronuntiavit,
1455 2027 1513 2071 ut
1566 2017 1839 2086 plerique;
1894 2013 1987 2069 sed

421 2119 573 2188 prius
595 2132 655 2171 ea
681 2132 740 2170 re
784 2116 895 2184 ipsa
923 2113 1201 2177 exhibuit;
1250 2111 1438 2180 sicque
1489 2108 1825 2164 conﬁdenter
1855 2107 1990 2160 dixit

421 2208 584 2265 Deo:
627 2207 795 2262 Verba
826 2222 940 2260 mea
991 2204 1207 2258 auribus
1260 2203 1485 2272 percipe,
1544 2199 1782 2253 Domine.
1830 2198 1986 2252 Dixi:

422 2301 476 2355 6.
509 2299 632 2354 Non
659 2299 911 2352 habitabit
932 2296 1091 2365 juxta
1132 2305 1182 2349 te
1222 2293 1507 2365 malignus.
1552 2290 1698 2347 Cur?
1722 2290 1859 2357 Quia
1891 2289 1989 2343 bo-

423 2405 528 2445 nus
562 2388 767 2442 visione
792 2386 1002 2441 Domini
1053 2384 1295 2451 apparui.
1342 2382 1464 2436 Ideo
1498 2391 1551 2434 et
1602 2380 1908 2434 declinante
1961 2394 1990 2431 a

424 2498 513 2539 me
542 2480 682 2535 malo
717 2494 822 2533 non
849 2474 1242 2548 cognoscebam
1269 2472 1336 2526 ⁸⁸.
1373 2473 1488 2527 Dixi
1515 2490 1529 2527 :
1564 2471 1686 2526 Non
1718 2473 1994 2540 permane-

426 2576 550 2628 bunt
580 2571 765 2641 injusti
816 2577 938 2623 ante
978 2568 1156 2622 oculos
1188 2576 1326 2620 tuos.
1363 2565 1425 2620 Et
1459 2578 1620 2634 quam
1651 2562 1722 2616 ob
1751 2577 1862 2617 rem
1890 2562 1994 2616 hoc

426 2667 608 2722 dicere
640 2678 804 2718 ausus
833 2660 927 2718 es?
971 2659 1235 2727 Quoniam
1291 2658 1500 2728 iniquos
1551 2657 1673 2710 odio
1722 2655 1905 2720 habui,
1938 2664 1994 2709 at

427 2759 590 2829 legem
612 2767 757 2809 tuam
787 2752 948 2807 dilexi
974 2750 1041 2805 “.
1063 2750 1162 2817 Qui
1192 2759 1369 2803 autem
1404 2747 1599 2816 injuste
1620 2755 1840 2816 agentes
1856 2746 1993 2810 odit,

424 2863 698 2919 nunquam
760 2860 889 2900 sane
935 2840 1311 2912 cooperabitur
1359 2829 1655 2907 iniustitiis.
1707 2837 1826 2899 Dixi
1870 2856 1884 2891 :
1937 2837 1992 2892 7.

429 2939 602 2999 Odisti
627 2954 800 2994 omnes
849 2936 935 3007 qui
976 2940 1257 3007 operantur
1282 2931 1625 3001 iniquitatem.
1661 2929 1798 2995 Quid
1831 2943 1996 3000 ergo,

428 3034 544 3104 ipse
579 3046 682 3086 non
708 3004 1259 3098 iniqueegistH'Sed
1283 3031 1398 3093 post
1426 3031 1697 3091 peractam
1742 3021 1999 3091 iniquita-

429 3134 537 3181 tem
571 3123 890 3193 deprecatus
941 3134 1058 3173 sum
1092 3135 1106 3171 :
1142 3114 1377 3185 Amplius
1421 3113 1537 3170 lava
1572 3129 1655 3168 me
1705 3114 1771 3169 ab
1799 3112 1997 3185 iniqui-

2101 1919 2319 1991 Ἐπειδὴ
2369 1917 2626 1986 ἀνομίαν
2672 1914 2938 1982 ἐμίσησα
2977 1908 3077 1964 καὶ
3123 1904 3563 1973 ὲϐδελυξάμην.
3591 1900 3671 1954 Οὐ

2092 2012 2200 2083 γὰρ
2243 2009 2430 2074 ἁπλῶς
2462 2007 2530 2061 τὰ
2577 2006 2799 2078 ῥήματα
2843 2003 3048 2071 ἔλεγεν,
3092 2001 3165 2065 ὡς
3198 2001 3246 2053 οἱ
3279 1998 3496 2052 πολλοίο
3531 1995 3673 2051 ἀλλὰ

2093 2100 2308 2173 πρῶτον
2342 2099 2481 2152 αὐτὰ
2515 2095 2713 2161 ἔδειξεν
2748 2094 3068 2166 πράγματιο
3100 2090 3194 2143 καὶ
3233 2087 3407 2152 οὕτως
3443 2085 3672 2160 θαρρὦ

2092 2194 2247 2249 εἶπεν
2285 2192 2362 2265 τῷ
2393 2192 2540 2264 Θεῷ·
2577 2189 2655 2245 Τὰ
2694 2185 2935 2257 ῥήματὰ
2969 2201 3088 2255 μου
3132 2182 3433 2246 ἐνώτισαι,
3466 2182 3670 2249 Κύριε.

2092 2283 2259 2340 Εἶπον
2278 2301 2293 2314 ·
2318 2286 2399 2339 Οὐ
2432 2279 2787 2351 παροικήσει
2811 2295 2909 2332 σοι
2936 2273 3435 2344 ποτηρευόμενος.
3456 2271 3556 2324 Διὰ
3582 2270 3669 2335 τίς

2106 2376 2322 2447 Ἐπειδὴ
2353 2373 2555 2445 ἀγαθὸς
2579 2376 2646 2445 τῇ
2674 2371 2861 2443 ὁράσει
2892 2368 3099 2441 Κυρίου
3136 2366 3382 2437 πέφηνα·
3407 2363 3476 2418 δι’
3510 2363 3542 2417 ὃ
3574 2362 3675 2417 καὶ

2094 2470 2427 2532 ἐκκλίνοντος
2459 2467 2554 2522 ἀπ’
2592 2465 2725 2537 ἐμοῦ
2762 2462 2858 2517 τοῦ
2901 2459 3164 2532 πονηροῦ,
3208 2459 3308 2512 οὐκ
3345 2457 3668 2526 ἐγίνωσκον.

2096 2556 2260 2614 Εἶπον
2281 2575 2297 2591 ⁸
2316 2560 2398 2613 Οὐ
2425 2556 2814 2627 διαμενοῦσιν
2843 2551 3173 2621 παράνομοι
3205 2550 3517 2604 κατέναντι
3549 2545 3673 2600 τῶν

2095 2649 2418 2723 ὀφθαλμῶν
2442 2663 2577 2702 σου.
2608 2649 2720 2702 Καὶ
2748 2645 2836 2700 διὰ
2853 2645 2907 2698 τί
2939 2644 3095 2697 τοῦτο
3121 2643 3294 2696 εἰπεῖν
3318 2640 3670 2711 ὲθάῥρησαςς

2110 2743 2327 2813 Ἐπειδὴ
2355 2741 2740 2810 παρανόμους
2762 2737 3046 2807 ἐμίσησα,
3083 2734 3190 2788 τὸν
3227 2732 3296 2787 δὲ
3328 2733 3517 2802 νόμον
3549 2744 3679 2785 σου

2094 2836 2404 2909 ἠγάπησα.
2443 2834 2501 2885 '0
2535 2832 2591 2886 δὲ
2627 2829 3079 2902 παρανομοῦντας
3133 2826 3306 2897 μισῶν
3332 2824 3433 2877 οὐκ
3463 2820 3529 2877 ἂν
3559 2838 3674 2875 πα-

2098 2927 2385 3001 ρανομίαις
2416 2924 2726 2996 συνεργήσῃ
2751 2922 2902 2976 ποτέ.
2936 2917 3135 2975 Εἶπονο
3173 2917 3503 2989 Ἐμίσησας
3519 2913 3651 2967 πάν

2097 3037 2204 3086 τας
2233 3017 2376 3085 τοὺς
2391 3014 2820 3087 ἐργαζομένους
2845 3012 2961 3081 τὴν
2979 3011 3255 3082 ἀνομίαν.
3278 3008 3343 3062 Τί
3364 3002 3478 3070 οὖν,
3506 3004 3677 3069 αὐτὸς

2097 3113 2197 3166 οὐκ
2219 3110 2532 3181 ὴνόμησας;
2562 3104 2722 3160 Ἀλλὰ
2749 3106 3027 3176 ἁνομήσας
3051 3101 3296 3172 ἐδεήθην·
3328 3093 3681 3153 Ἐπιπλεῖον

430 3227 536 3272 tate
561 3233 675 3271 mea
696 3215 763 3269 “.
795 3213 911 3268 Dixi
942 3232 955 3267 :
985 3210 1178 3265 Perdes
1204 3225 1379 3265 omnes
1418 3208 1507 3278 qui
1551 3207 1832 3277 loquuntur
1854 3222 1995 3262 men-

2102 3200 2341 3257 πλῦνόν
2368 3216 2445 3271 με
2479 3196 2599 3254 ἀπὸ
2647 3195 2756 3263 τῆς
2789 3194 3042 3263 ἀνομίας
3093 3208 3233 3261 μου.
3291 3185 3489 3243 Εἶπον·
3540 3186 3678 3241 Ἀπ-

429 3310 665 3364 dacium.
720 3304 986 3362 Caeterum
1040 3303 1129 3372 qui
1171 3313 1395 3359 noverat
1429 3302 1605 3372 perire
1661 3300 1996 3363 mendacem,

430 3417 538 3457 non
588 3398 879 3455 maculavit
910 3395 1193 3450 mendacio
1226 3395 1460 3464 linguam
1508 3408 1682 3459 suam,
1719 3406 1818 3448 nec
1850 3407 2001 3445 nien-

432 3491 613 3546 tiendo
691 3489 819 3544 fecit
859 3501 976 3541 eam
1050 3487 1151 3541 iter
1202 3486 1534 3556 perditionis.
1570 3483 1762 3539 Dixit:
1819 3482 2002 3538 Virum

432 3582 748 3652 sanguinum
775 3589 825 3633 et
866 3578 1102 3632 dolorum
1142 3577 1475 3632 abominatur
1512 3576 1787 3631 Dominus.
1827 3577 2005 3644 Atque

428 3672 715 3734 dolosum,
780 3670 953 3723 virum
1013 3667 1331 3738 sanguinum
1394 3667 1697 3737 appellavit.
1764 3663 1879 3732 Qua
1936 3666 2005 3720 de

434 3764 635 3821 causa?
682 3762 948 3829 Quoniam
997 3761 1212 3818 dolosus
1262 3770 1341 3817 tot
1384 3761 1662 3823 interﬁcit,
1717 3771 1847 3832 quot
1879 3761 2003 3816 dolo

434 3855 654 3924 decipit.
685 3852 821 3907 Nam
862 3852 1098 3917 dolosus,
1143 3850 1270 3905 dum
1320 3852 1464 3908 aliud
1509 3863 1732 3922 apparet
1758 3861 1815 3907 et
1858 3853 2002 3907 aliud

432 3945 670 4011 exsiStit,
699 3944 957 3999 mentitur
993 3958 1106 3999 ore.
1141 3944 1215 3999 0s
1237 3952 1411 3998 autem
1436 3946 1575 4014 quod
1607 3944 1882 4008 mentitur,
1911 3960 1999 3998 oc-

434 4040 562 4094 cidit
583 4039 814 4094 animam
838 4035 907 4089 ⁴³.

509 4198 643 4268 Quia
667 4201 832 4268 igitur
858 4199 1158 4274 huiusmodi
1190 4197 1352 4253 verba
1383 4196 1719 4269 loquebatur.
1740 4214 1861 4270 qua:
1892 4198 2007 4254 ido-

438 4302 540 4342 nea
585 4300 743 4343 erant
772 4300 828 4344 et
868 4290 1042 4359 ipsum
1075 4285 1289 4342 ellicere
1327 4284 1555 4355 justum,
1588 4295 1645 4341 et
1695 4284 1862 4342 Deum
1894 4286 2009 4355 pla-

2103 3293 2266 3360 ολεῖς
2316 3290 2549 3355 πάντας
2595 3287 2737 3354 τοὺς
2765 3285 3105 3348 λαλοῦντας
3127 3280 3192 3335 τὸ
3220 3279 3468 3351 ψεῦδος.
3523 3278 3584 3331 '0
3617 3276 3682 3331 δὲ

2102 3385 2277 3451 εἰδὼς,
2305 3385 2387 3438 ὅτι
2405 3380 2775 3453 ὁψευδόμενος
2799 3375 3116 3435 ἀπόλλυται,
3145 3374 3245 3427 οὐκ
3272 3374 3338 3426 ἂν
3365 3372 3466 3443 τὴν
3493 3370 3679 3440 γλῶσ-

2103 3497 2202 3534 σαν
2248 3474 2412 3530 αὐτοῦ
2468 3472 2547 3544 τῷ
2584 3471 2769 3543 ψεύδει
2792 3468 3113 3529 ὲσπὶλωσεν,
3156 3464 3276 3519 οὐδὲ
3304 3463 3370 3519 ἂν
3401 3462 3683 3526 ἀπωλείας

2102 3572 2219 3625 ὁδὸν
2247 3570 2451 3641 ταύτην
2468 3566 2721 3637 ἐποίησεν
2741 3563 3086 3635 ψευδόμενος.
3113 3557 3280 3615 Εἶπεν
3297 3572 3313 3588 ·
3342 3557 3569 3626 ’Ἄνδρα
3591 3559 3682 3612 αλ-

2098 3659 2304 3731 μάτων
2330 3657 2428 3713 καὶ
2467 3657 2675 3711 δόλιον
2706 3654 3123 3720 βδελύσσεται
3163 3653 3399 3720 Κύριος.
3433 3649 3544 3702 Καὶ
3583 3646 3682 3702 τὸν

2103 3751 2273 3805 δόλιον
2323 3748 2492 3821 ἄνδρα
2521 3745 2766 3817 αἱμάτων
2805 3743 3082 3798 ἐκάλεσεν.
3131 3740 3229 3794 Διὰ
3255 3740 3342 3805 ri;
3386 3737 3605 3809 Ἐπειδὴ
3651 3739 3686 3791 ό

2103 3842 2275 3904 δόλιος
2314 3838 2602 3902 τοσούτους
2634 3834 2871 3906 φονεύει,
2920 3835 3078 3897 δσους
3110 3830 3426 3886 δολιεύεται.
3474 3829 3531 3882 '0
3568 3827 3689 3899 γὰρ

2104 3933 2297 3998 δόλιος,
2331 3931 2458 3987 ἄλλο
2482 3928 2803 3999 φαινόμενος
2852 3925 2947 3979 καὶ
2974 3923 3101 3978 ἄλλο
3121 3922 3425 3992 γινόμενος,
3453 3916 3533 3989 τῷ
3559 3918 3686 3971 στό·

2111 4042 2241 4097 ματι
2266 4022 2541 4094 ψεύδεται.
2572 4019 2768 4089 Στόμα
2786 4016 2856 4071 δὲ
2892 4011 3424 4084 καταψευδόμενον
3450 4007 3687 4077 ἀναιρεῖ

2107 4115 2340 4187 ψυχήν.

2191 4206 2344 4261 Ἐπεὶ
2377 4199 2471 4259 οὖν
2503 4199 2732 4256 τοιαῦτα
2756 4198 2933 4254 ἐλάλει
2974 4198 3215 4270 ῥήματα,
3248 4194 3391 4265 ἅπερ
3417 4188 3487 4261 ῆν
3521 4190 3686 4244 ἰκανὰ

2110 4300 2205 4353 καὶ
2238 4296 2400 4353 αὐτὸν
2440 4292 2753 4354 δικαιῶσαι,
2784 4290 2880 4345 καὶ
2906 4288 3038 4342 Θεὸν
3063 4287 3402 4356 δυσωπῆσαι,
3434 4283 3527 4336 καὶ
3555 4282 3685 4343 τοὺς

437 4397 585 4446 care,
615 4393 670 4437 et
693 4385 974 4438 audientes
1004 4381 1241 4446 erudire,
1297 4389 1585 4452 eapropter
1625 4381 1794 4437 dixit:
1838 4378 1995 4437 Verba

2109 4387 2404 4451 ἀκούοντας
2440 4383 2744 4445 παιδεῦσαι,
2787 4380 2876 4434 διὰ
2915 4379 3074 4432 τοῦτο
3102 4373 3286 4432 εἶπεν·
3329 4376 3405 4430 Τὰ
3440 4370 3687 4442 ῥήματά

440 4493 557 4531 mea
599 4475 815 4532 auribus
868 4476 1092 4546 percipe,
1139 4474 1392 4541 Domine;
1447 4475 1677 4546 intellige
1725 4476 1995 4529 clamorem

2103 4498 2224 4551 μου
2253 4478 2550 4539 ἑνώτισαι,
2568 4475 2740 4543 Κύριε
2762 4488 2775 4501 ’
2803 4472 2988 4537 σύνες
3013 4469 3123 4538 τῆς
3152 4466 3419 4538 κραυγῆς
3444 4483 3585 4535 μου.
3618 4463 3687 4517 Τί

441 4583 633 4623 meum.
665 4566 805 4634 Quid
836 4568 1011 4630 enim,
1076 4569 1229 4622 turba
1278 4576 1332 4623 et
1384 4567 1642 4621 tumultus
1694 4578 1811 4622 erat
1861 4568 1995 4622 circa

2112 4574 2220 4643 γὰρ
2255 4566 2384 4643 ἄρα,
2424 4569 2580 4640 ὄχλος
2611 4565 2704 4619 καὶ
2733 4563 2958 4635 θόρυϐος
2984 4558 3051 4632 ἦν
3096 4560 3224 4632 περὶ
3258 4559 3351 4612 τὸν
3384 4557 3549 4620 Θεὸν,
3588 4556 3688 4610 καὶ

442 4656 634 4721 Deum,
667 4669 722 4712 et
754 4658 979 4728 indiguit
1011 4657 1291 4729 Pmpheta:
1325 4658 1592 4714 clamore?
1614 4656 1749 4713 Nam
1783 4659 1875 4728 qui
1914 4658 1995 4714 hic

2113 4664 2342 4738 ἔχρῃζεν
2368 4662 2468 4732 τῆς
2490 4659 2584 4713 τοῦ
2609 4658 2889 4729 προφήτου
2913 4653 3162 4728 κραυγῆς
3183 4668 3198 4716 ;
3221 4651 3285 4704 Οἱ
3307 4649 3416 4721 γὰρ
3441 4644 3543 4701 ὧδε
3572 4650 3687 4711 τοῖς

442 4751 705 4807 accedunt
737 4749 804 4804 ad
832 4750 1108 4819 praesides.
1140 4750 1262 4820 quia
1300 4751 1479 4805 sciunt
1508 4751 1634 4807 hinc
1654 4751 1873 4821 quidem
1896 4752 1995 4805 cir-

2110 4757 2370 4827 ᾶρχουσιν
2406 4750 2867 4823 προσερχόμενοι,
2910 4744 3099 4815 ἐπειδὴ
3141 4743 3377 4805 οἴδασιν,
3414 4741 3494 4794 ὅτι
3534 4738 3687 4792 ἐνθεν

442 4851 816 4911 cunis-strepere
853 4856 949 4898 eos
985 4843 1075 4912 qui
1120 4843 1174 4897 in
1208 4842 1399 4911 plateis
1433 4853 1575 4909 sunt,
1625 4843 1843 4900 aliunde
1877 4858 1995 4899 vero

2120 4849 2218 4921 μὲν
2253 4846 2305 4899 οἱ
2335 4846 2393 4898 ὲν
2420 4845 2543 4905 ταῖς
2589 4842 2814 4911 ἀγοραῖς
2851 4836 3221 4910 περιηχοὼιν,
3250 4832 3512 4905 ἑτέρωθεν
3545 4832 3600 4884 δὲ
3637 4832 3687 4884 οξ

443 4937 663 4991 lictores
692 4933 1029 4998 tumultuari,
1060 4943 1183 4989 ante
1217 4934 1451 4989 clamare
1498 4950 1794 5005 praecones,
1834 4938 1995 5005 ipsum

2120 4934 2407 5011 ῥασδοῦχοι
2448 4930 2793 5004 θορυδοῦσιν,
2831 4929 3138 5001 ἔμπροσθεν
3185 4929 3233 4981 οἱ
3272 4928 3509 4999 κήρυκες
3548 4924 3687 4995 κρά-

440 5021 723 5093 praesidem
751 5020 969 5076 excelso
1009 5022 1131 5076 duci
1174 5023 1439 5085 vehiculo,
1479 5039 1543 5078 ac
1588 5026 1640 5079 in
1675 5026 1840 5080 multa
1871 5026 1995 5081 divi-

2115 5029 2318 5095 ζουσιν,
2346 5026 2507 5089 αὐτὸς
2526 5027 2555 5079 ό
2580 5023 2761 5096 ἄρχων
2793 5024 2886 5076 ἐπὶ
2911 5019 3116 5091 ὑψηλοῦ
3143 5020 3415 5091 ὀχήματος
3440 5017 3533 5070 καὶ
3557 5017 3687 5087 περὶ

443 5129 557 5169 sam
597 5119 830 5165 mentem
887 5109 1114 5176 habere;
1150 5124 1204 5165 et
1249 5123 1468 5181 propter
1522 5115 1635 5169 hmo
1682 5116 1861 5169 omnia
1914 5117 2007 5186 qui

443 5203 665 5275 Supplex
702 5213 806 5265 est,
836 5203 1047 5272 cogitur
1066 5205 1216 5258 adire
1241 5220 1360 5258 cum
1401 5206 1654 5261 clamore.
1682 5208 1831 5274 Quod
1855 5210 1899 5262 si
1925 5210 2007 5261 ni-

447 5296 521 5351 hil
552 5296 659 5350 tale
694 5296 838 5350 circa
875 5293 1040 5348 Deum
1071 5304 1175 5358 est,
1216 5309 1321 5363 qua
1354 5297 1561 5351 ratione
1589 5296 1853 5365 Propheta
1890 5300 2004 5355 cla~

446 5404 600 5445 mans
642 5387 1028 5459 eloquebatur?
1082 5386 1275 5442 Verum
1328 5391 1421 5458 qui
1469 5389 1595 5444 ahbi
1655 5391 1840 5446 dixit:
1891 5392 2009 5460 Ipse

444 5484 584 5537 enim
625 5481 765 5535 novit
813 5479 1118 5534 abscondita
1165 5481 1336 5535 cordis
1371 5482 1457 5549 “;
1507 5493 1595 5538 et:
1642 5482 2011 5554 Imperfectum

446 5590 617 5629 meum
645 5574 882 5627 viderunt
908 5571 1049 5626 oculi
1076 5574 1153 5628 tui
1173 5573 1248 5630 “z
1279 5584 1501 5630 noverat
1525 5591 1627 5631 non
1656 5593 1814 5648 egere
1841 5578 2006 5633 Deum

2117 5120 2288 5174 πολλὰ
2316 5118 2428 5188 ἔχει
2458 5116 2556 5186 τὴν
2586 5114 2825 5168 διάνοιαν
2845 5130 2857 5143 ⁸
2889 5113 2983 5166 καὶ
3004 5111 3091 5165 διὰ
3119 5109 3290 5163 ταῦτα
3313 5109 3488 5162 πάντα
3518 5111 3548 5161 ὁ
3573 5108 3686 5161 ἱκέ-

2115 5232 2215 5285 της
2244 5210 2611 5287 ἀναγκάζεται
2636 5205 2772 5278 μετὰ
2799 5204 3045 5276 κραυγῆς
3080 5201 3350 5255 ποιεῖσθαι
3370 5200 3471 5271 τὴν
3516 5200 3687 5271 πρόσ-

2114 5307 2251 5360 οδον.
2290 5304 2353 5357 Εἰ
2379 5302 2434 5355 δὲ
2462 5299 2612 5353 οὐδὲν
2645 5295 2885 5350 τοιοῦτον
2912 5296 3039 5363 περὶ
3064 5292 3153 5344 τὸν
3165 5291 3316 5353 Θεὸν,
3348 5290 3465 5353 πῶς
3489 5288 3637 5358 αὐτῷ
3662 5291 3687 5341 ό

2115 5399 2401 5467 προφήτης
2424 5390 2641 5462 κράζων
2657 5388 2927 5455 διελέγετο
2947 5405 2961 5451 ;
2998 5384 3137 5438 Ἀλλ’
3160 5385 3188 5436 ὁ
3210 5385 3268 5437 ἐν
3286 5382 3464 5445 ἄλλοις
3488 5379 3656 5434 εἰπών
3673 5396 3686 5411 ο

2116 5492 2309 5557 Αὐτὸς
2335 5490 2446 5560 γὰρ
2473 5485 2753 5557 γινώσκει
2786 5481 2857 5535 τὰ
2888 5480 3105 5548 κρύφια
3129 5476 3238 5546 τῆς
3270 5475 3516 5545 καρδίας
3536 5492 3550 5505 ·
3575 5474 3686 5543 καὶ,

2122 5583 2193 5640 Τὸ
2239 5578 2683 5650 ἀκατέργαστόν
2723 5591 2843 5644 μου
2886 5568 3050 5626 εἶδον
3087 5574 3139 5623 οἱ
3188 5569 3486 5639 ὀφθαλμοί
3534 5583 3648 5621 σου
3672 5582 3685 5597 ’

520 5712 564 5790 ς
592 5709 730 5790 P_sal.
759 5725 948 5774 cxvtu,
994 5709 1116 5790 ges.
1190 5714 1235 5746 ⁸ο
1261 5712 1399 5770 Psal.
1430 5730 1480 5781 c,
1511 5717 1563 5771 4.
1642 5717 1685 5750 δι
1730 5717 1870 5774 Psal.
1902 5734 1995 5775 cxv

2122 5719 2244 5775 115.
2324 5720 2366 5750 δ’
2391 5715 2532 5771 Psal.
2572 5729 2625 5778 ι,
2652 5710 2707 5765 ti.
2752 5708 2939 5777 “Sap.
2978 5723 3014 5770 ι,
3042 5706 3128 5761 li.
3169 5705 3217 5743 ⁵³
3240 5702 3384 5760 Ρετιι.
3413 5716 3568 5762 XLIII,
3596 5698 3685 5751 εἳ.

447 5778 659 5835 “Psal.
698 5795 958 5847 cxxxvnt,
999 5782 1081 5835 l6.
