3892 6272
294 250 399 311 635

1564 251 1623 305 S.
1676 249 1949 307 ASTERII
1988 251 2290 307 AMASENI

3454 246 3558 302 456

292 375 491 427 stas-ae.
534 374 588 420 et
638 365 923 437 viguerunt
962 367 1404 438 geniiﬂcxioncs;
1438 371 1716 426 desierunt
1753 380 1898 432 tra-.

2006 372 2200 444 >v(l7).
2218 370 2555 426 Ἐπαῦσαντο
2570 373 2625 425 αί
2644 370 2995 433 ἁποστασίαι,
3012 370 3104 423 καὶ
3120 369 3377 440 ἤκμασαν
3397 369 3453 421 αί
3470 383 3563 435 γο-

292 457 507 524 κωιιίω,
553 467 608 511 et
653 459 970 527 psaltnodia:
1002 457 1321 516 ﬂoruerunt.
1355 461 1472 516 Non
1502 464 1748 519 ascendit
1782 464 1869 518 fu-

294 566 414 606 mus
453 564 484 605 e
519 551 906 606 sacriﬁciorum
936 554 1166 617 ustione,
1207 555 1301 609 sed
1336 554 1642 610 orationum
1688 555 1875 611 incen-

292 655 434 696 sum.
466 639 744 711 Dirigatur
786 644 955 696 oratio
1004 659 1118 697 mea
1167 647 1301 698 sicut
1354 645 1621 701 incensum
1663 646 1718 701 in
1750 663 1875 700 con-

290 741 470 802 spectu
504 744 592 787 tuo
609 732 677 787 ⁴¹.
710 731 826 788 Non
855 735 962 788 vim
989 735 1189 789 habent
1232 736 1499 806 pecudum
1543 737 1875 793 immolatio-

290 838 426 889 nes;
456 823 764 878 immolatus
792 824 939 878 enim
978 835 1063 879 cst
1084 824 1267 896 Agnus
1294 826 1389 898 qui
1424 825 1564 882 tollit
1594 836 1875 900 peccatum

292 918 480 971 mundi
498 917 565 970 “.

368 1006 413 1061 Ο
445 1004 798 1061 miraculum!
828 1005 1076 1062 infernus
1105 1008 1388 1078 deglutivit
1412 1007 1876 1066 DominumChri-

297 1108 461 1160 stum,
496 1105 553 1152 et
581 1112 689 1153 non
721 1097 995 1154 concoxit.
1024 1097 1135 1154 Leo
1163 1098 1448 1154 devoravit
1482 1113 1702 1169 sgnum,
1736 1111 1790 1154 et
1824 1099 1878 1154 in

297 1190 579 1245 stomacho
609 1188 891 1245 continere
937 1205 1044 1244 non
1097 1190 1291 1261 potuit.
1320 1189 1466 1245 Mors
1494 1190 1770 1263 absorpsit
1795 1193 1878 1246 vi—

300 1289 435 1343 tam,
475 1289 528 1336 et
570 1295 838 1337 nauseans
871 1281 1076 1336 vomuit
1101 1282 1264 1337 etiam
1306 1295 1402 1339 eos
1430 1297 1569 1353 quos
1605 1284 1756 1352 prius
1784 1299 1879 1340 vo-

298 1382 537 1429 raverat.
584 1372 752 1444 Gigas
804 1373 1128 1430 morientem
1176 1373 1454 1430 Christum
1504 1385 1724 1445 portare
1775 1392 1881 1430 non

299 1462 501 1529 valuit;
529 1474 797 1530 mortuus,
842 1464 1203 1521 formidabilis
1249 1465 1463 1522 exstitit
1495 1465 1720 1535 giganti,
1760 1480 1881 1520 cum

298 1551 515 1606 vivente
550 1551 785 1607 luctatus
812 1561 917 1615 est,
945 1561 1000 1607 et
1027 1567 1057 1607 a
1088 1560 1303 1607 mortuo
1348 1554 1524 1608 victus
1555 1554 1775 1609 cecidit.
1812 1554 1881 1610 Si

299 1657 332 1695 a
360 1642 578 1697 vivente
600 1641 772 1698 victus
805 1653 951 1698 esset
977 1641 1247 1709 diabolus,
1283 1642 1566 1699 habuisset
1613 1652 1881 1712 praetexe-

1972 464 2528 536 νυκλισίαισῆργησαν
2544 462 3046 537 αίτραγῳδίαμκαὶ
3078 461 3320 532 ἤνθησαν
3354 459 3567 529 αίψαλ-

1977 555 2198 627 μῳδίαι.
2224 556 2339 610 Οὐκ
2369 556 2647 611 ἀναϐαίνει
2674 554 2880 618 καπνὸς
2911 554 3019 607 ἀπὸ
3051 552 3263 623 κνίσης,
3287 551 3425 607 ἀλλὰ
3456 550 3567 605 τῶν

1976 647 2301 720 προσευχῶν
2334 648 2397 702 τὸ
2434 647 2705 719 θυμίαμα.
2721 643 3236 713 Κατευθυνθήτωή
3253 642 3565 713 προσευχή

1971 757 2094 809 μου
2112 741 2194 807 ὡς
2209 741 2469 811 θυμίαμα
2483 739 2741 794 ἐνώπιόν
2753 756 2891 793 σου.
2906 739 3021 792 Οὐκ
3032 735 3343 811 ἐνεργοῦσιν
3355 735 3566 805 ἀλόγων

1978 830 2204 899 σφαγαί·
2233 830 2448 903 ἐσφάγη
2465 829 2575 902 γὰρ
2596 832 2625 884 6
2644 828 2813 901 ἀμνὸς
2835 830 2865 882 6
2880 828 3048 899 αἴρων
3060 828 3160 900 τὴν
3178 826 3452 900 ἁμαρτίαν
3469 825 3567 882 τοῦ

1978 919 2206 991 κόσμου.

2053 1010 2118 1062 Ὠ
2150 1011 2244 1064 τοῦ
2272 1009 2575 1081 θαύματοςί
2622 1009 2682 1063 '0
2704 1008 2835 1082 ᾅδης
2866 1008 3125 1063 κατέπιεν
3170 1007 3261 1061 τὸν
3292 1007 3571 1079 Δεσπότην

1978 1104 2233 1175 Χριστὸν,
2283 1104 2376 1156 καὶ
2420 1104 2522 1156 οὐκ
2576 1102 2797 1173 ἔπεψεν.
2860 1101 2917 1155 'O
2963 1100 3098 1154 λέων
3163 1099 3419 1154 κατέπιεν
3477 1099 3572 1157 τὸν

1979 1192 2149 1267 ἀμνὸν
2176 1192 2310 1262 (18),
2351 1192 2444 1246 καὶ
2467 1191 2914 1263 ἀπεστομαχίσθη
2940 1190 3071 1262 (l9).
3102 1190 3160 1243 '0
3185 1189 3412 1253 θάνατος
3439 1207 3574 1244 κατ-

1982 1283 2140 1336 έπιεν
2170 1283 2270 1354 τὴν
2304 1281 2472 1354 ζωὴν,
2535 1282 2631 1335 καὶ
2687 1279 2982 1341 ναυτιάσας
3042 1277 3242 1349 ἐμεσεν
3302 1276 3397 1331 καὶ
3444 1277 3574 1341 τοὺς

1993 1374 2513 1445 προκαταποθέντας
2564 1373 2697 1445 (‘20).
2763 1372 2823 1426 Ὁ
2872 1371 3034 1441 γίγας
3091 1370 3183 1423 τὸν
3233 1368 3371 1423 ἁποο
3384 1368 3575 1429 ινόντα

1981 1468 2215 1540 Χριστὸν
2269 1468 2536 1540 βαστάσαι
2584 1467 2684 1521 οὐκ
2749 1465 2989 1537 ἴσχυσεν·
3022 1465 3052 1516 6
3099 1463 3289 1535 νεκρὸς
3340 1461 3576 1534 φοϐερὸς

1990 1560 2070 1631 τῷ
2112 1561 2330 1629 γίγαντι
2362 1560 2606 1628 γέγονεν’
2660 1557 2823 1623 ζῶντι
2858 1555 3178 1617 ἐπάλαισεν,
3228 1557 3323 1607 καὶ
3353 1551 3461 1606 ὑπὸ
3493 1569 3576 1606 νε-

1983 1652 2119 1725 κροῦ
2149 1651 2396 1722 νικηθεὶς
2420 1651 2635 1705 ἔπεσεν.
2689 1651 2752 1704 Ei
2788 1649 2893 1703 ὑπὸ
2927 1648 3128 1714 ζῶντος
3153 1646 3377 1717 ἐνικήθη
3409 1648 3439 1700 6
3458 1644 3577 1699 διά-

301 1747 362 1787 re
391 1731 564 1788 :Cum
599 1732 706 1788 Deo
727 1732 921 1787 luctari
959 1749 1068 1790 non
1093 1733 1234 1790 valui
1269 1752 1287 1803 ;
1316 1746 1373 1790 at
1399 1750 1521 1791 cum
1553 1736 1770 1791 vivente
1804 1737 1882 1790 lu-

2006 1744 2164 1810 Ξολος,
2215 1740 2361 1815 εἶχεν
2409 1741 2868 1815 προφασίζεσθαι,
2898 1741 2980 1796 ὃτι
3028 1738 3149 1813 Θεῷ
3181 1737 3431 1793 παλαίειν
3472 1735 3578 1790 οὐκ

302 1830 482 1876 ctatus
504 1831 609 1889 est,
644 1831 700 1877 et
727 1823 982 1880 morienti
1008 1826 1321 1892 succubuit,
1350 1841 1674 1899 omnemque
1702 1828 1885 1883 amisit

303 1913 730 1983 excusationem.
781 1914 959 1972 Unum
1014 1933 1245 1987 granum
1298 1920 1623 1975 seminatum
1664 1919 1788 1985 fuit,
1824 1935 1885 1974 ac

306 2016 456 2063 totus
492 2005 726 2065 mundus
756 2009 993 2066 nutritus
1013 2020 1117 2067 est.
1153 2010 1438 2081 Tanquam
1485 2012 1648 2068 homo
1671 2012 1887 2085 jugula-

306 2107 394 2155 tus
436 2109 540 2166 est,
582 2107 745 2169 atque
788 2100 938 2157 velut
985 2101 1126 2157 Deus
1169 2103 1338 2158 vitam
1392 2104 1616 2175 recepit,
1652 2121 1751 2162 nec
1782 2122 1886 2160 non

309 2191 471 2247 vitam
511 2191 657 2247 dedit
697 2192 813 2251 orbi
859 2201 1153 2248 terrarum.
1182 2193 1343 2250 Velut
1378 2206 1621 2252 ostreum
1670 2198 1890 2252 concul-

312 2295 494 2346 catum
522 2292 629 2350 est,
666 2294 723 2340 et
750 2283 901 2345 velut
927 2287 1222 2356 margarita
1258 2288 1545 2343 exornavit
1567 2286 1887 2344 Ecclesiam.

310 2372 464 2439 Sicut
510 2375 627 2432 ovis
676 2383 944 2434 mactatus
990 2388 1098 2444 est,
1138 2386 1196 2433 et
1250 2378 1394 2433 sicut
1442 2389 1627 2450 pastor
1675 2380 1889 2445 baculo,

310 2482 493 2533 cruce,
520 2466 726 2537 expulit
756 2467 1059 2524 daemonum
1089 2484 1332 2539 gregem.
1365 2467 1437 2525 Ut
1462 2470 1683 2526 lucerna
1722 2486 1890 2541 super

310 2559 694 2619 candelabrum
737 2574 902 2617 cruce
959 2561 1267 2616 exstinctus
1323 2572 1428 2624 est.
1483 2573 1648 2631 atque
1703 2573 1759 2616 ut
1813 2563 1890 2619 sol

314 2665 535 2715 exortus
591 2661 676 2708 est
721 2666 755 2708 e
806 2651 1079 2722 sepulcro.
1108 2650 1306 2709 Videre
1361 2663 1481 2709 erat
1524 2654 1890 2725 spectaculum

314 2744 505 2815 Juplex
535 2763 550 2799 :
576 2745 795 2802 Christo
825 2746 1110 2811 cruciﬁxo,
1147 2746 1261 2802 dies
1302 2746 1541 2803 tenebris
1586 2747 1895 2803 obduceba-

314 2851 435 2905 tur;
461 2852 636 2908 eoque
662 2846 1001 2908 resurgente,
1037 2852 1145 2894 nox
1174 2838 1582 2894 illuminabatnr
1606 2839 1657 2894 in
1686 2853 1892 2894 morem

316 2928 444 2987 diei.
502 2928 685 2997 Quare
731 2928 850 2984 dies
900 2929 1269 2985 obducebatur
1324 2931 1607 2986 tenebris?
1657 2930 1793 2998 Quia
1828 2930 1894 2985 de

316 3020 407 3081 illo
432 3022 693 3090 scriptum
717 3030 801 3077 est
824 3038 839 3076 :
865 3018 1051 3079 Posuit
1078 3023 1317 3080 tenebras
1344 3022 1623 3077 latibulum
1642 3038 1795 3077 suum
1815 3022 1887 3078 ".

318 3112 427 3170 Eur
453 3124 635 3169 autem
667 3128 771 3170 uox
804 3114 981 3169 instar
1029 3115 1135 3169 diei
1179 3115 1588 3171 illustrabatur?
1628 3115 1892 3181 Quoniam

319 3206 366 3260 ei
392 3205 529 3262 dixit
555 3204 824 3276 Propheta
854 3223 868 3259 :
898 3205 1038 3273 Quia
1068 3206 1297 3262 tenebrat
1335 3223 1441 3262 non
1481 3208 1899 3261 obscurabuntur

320 3305 447 3361 ate,
493 3308 540 3353 et
601 3312 706 3352 nox
757 3299 893 3352 sicut
952 3299 1065 3353 dies
1096 3299 1489 3356 illuminabitur
1509 3298 1575 3352 “.
1605 3297 1651 3355 Ο
1682 3314 1782 3352 nox
1814 3299 1900 3353 die

320 3389 549 3445 clarior!
590 3404 624 3445 ο
656 3406 762 3446 nox
793 3392 908 3447 sole
951 3392 1316 3462 splendidior!
1356 3406 1390 3446 ο
1419 3406 1524 3447 nox
1558 3391 1680 3445 nive
1712 3390 1899 3445 caudi-

321 3483 479 3539 dior!
524 3498 558 3538 ο
580 3499 685 3540 nox
721 3482 933 3541 facibus
967 3484 1222 3546 lucidior!
1260 3499 1295 3540 ο
1329 3500 1433 3539 nox
1466 3484 1718 3553 paradiso
1752 3483 1901 3538 dele-

324 3573 611 3635 ctabilior!
642 3590 677 3630 ο
709 3591 819 3633 nox
846 3592 875 3629 a
906 3577 1148 3632 tenebris
1170 3577 1374 3632 libera!
1412 3591 1445 3630 o
1470 3590 1580 3631 nox
1610 3590 1732 3644 qua:
1758 3590 1903 3629 som—

324 3682 455 3725 num
491 3667 683 3737 pellisl
716 3682 750 3723 o
776 3683 882 3724 nos
909 3684 1030 3739 quae
1063 3668 1288 3739 vigilare
1314 3682 1435 3723 cum
1467 3667 1675 3738 angelis
1698 3666 1896 3722 doces!

325 3774 362 3816 0
397 3775 499 3814 nox
533 3759 794 3816 terribilis
840 3760 1204 3816 dtnmonibus!
1241 3757 1276 3815 ο
1305 3775 1410 3815 nox
1438 3758 1765 3814 desiderium
1808 3772 1904 3809 an-

327 3851 413 3913 ni!
451 3868 486 3907 ο
511 3867 619 3907 nox
645 3853 882 3922 pronuba
909 3852 1195 3908 Ecclesiae!
1226 3866 1259 3908 ο
1286 3867 1389 3911 uox
1417 3865 1605 3907 recens
1638 3849 1906 3919 baptismo

331 3945 758 4000 illuminatorum
798 3944 1001 4001 mater!
1028 3958 1063 4000 ο
1091 3960 1199 4001 nox
1232 3945 1285 3999 in
1320 3959 1425 4016 qua
1458 3942 1760 3998 dormitans
1789 3941 1909 3996 dia-

333 4037 489 4095 bolus
512 4035 744 4093 nudatus
772 4036 897 4091 estl
924 4049 958 4091 ο
981 4051 1087 4092 nox
1125 4036 1177 4090 in
1210 4050 1318 4106 qua
1373 4035 1549 4090 haeres
1588 4033 1643 4088 in
1680 4032 1910 4089 haeredi-

334 4138 498 4184 tatem
556 4128 858 4185 introduxit
903 4129 1197 4185 bzeredem.
1254 4126 1324 4183 In
1374 4127 1534 4197 ﬁnem
1571 4143 1668 4197 pro
1704 4143 1765 4181 ea
1793 4142 1910 4197 qua:

334 4220 684 4277 hereditatem
708 4221 1060 4289 consequitur.

406 4408 608 4466 "Psal.
642 4425 763 4472 οτι..
801 4411 857 4464 2.
921 4411 966 4447 ⁶²
989 4410 1143 4467 Joan.
1183 4426 1221 4473 ι.
1260 4409 1350 4465 29.
1427 4410 1471 4445 ⁸³
1499 4408 1636 4467 Psal.
1671 4423 1801 4474 xvu,
1836 4407 1922 4463 12.

1988 1839 2205 1909 ίσχυσα·
2242 1835 2379 1891 ἀλλὰ
2414 1835 2577 1901 ζῶντι
2619 1834 2937 1899 ἐπάλαισεν,
2964 1833 3058 1887 καὶ
3092 1830 3416 1886 ἀποθανόντι
3472 1829 3577 1882 ὑπ-

1992 1930 2210 1995 έπεσεν,
2252 1929 2347 1983 καὶ
2376 1930 2557 1983 πᾶσαν
2588 1927 2864 2000 πρόφασιν
2905 1925 3204 1981 ἀπώλεσεν.
3244 1918 3338 1987 Εἷς
3377 1921 3577 1986 κόκκος

1987 2021 2225 2092 ἐσπάρη,
2256 2019 2353 2074 καὶ
2410 2018 2529 2082 ὅλος
2574 2019 2604 2072 6
2645 2018 2850 2088 κόσμος
2888 2017 3122 2089 ἐτράφη.
3167 2014 3257 2078 Ὠς
3289 2012 3580 2084 ἄνθρωπος

1988 2113 2224 2184 ἐσφάγη,
2253 2112 2347 2166 καὶ
2394 2111 2471 2176 ὡς
2504 2110 2637 2175 Θεὸς
2674 2109 3037 2181 ἐζωοποιήθη,
3093 2107 3188 2163 καὶ
3210 2105 3577 2177 ὲζωοποίησεν

1985 2205 2086 2278 τὴν
2119 2203 2471 2275 οἰκουμένην.
2510 2203 2602 2268 Ὠς
2646 2202 2870 2274 ὄστρεον
2899 2199 3172 2272 ἐπατήθη,
3210 2198 3305 2253 καὶ
3327 2196 3404 2261 ὡς
3430 2213 3576 2268 μαρ-

1988 2297 2223 2368 γαρίτης
2256 2296 2565 2367 ἐκόσμησεν
2617 2294 2717 2366 τὴν
2763 2292 3109 2364 Ἐκκλησίαν.
3173 2291 3261 2355 Ὠς
3307 2289 3580 2362 πρόϐατον

1989 2389 2178 2461 ἐθύθη,
2206 2388 2303 2442 καὶ
2333 2387 2410 2453 ὡς
2444 2386 2647 2458 ποιμὴν
2679 2385 2861 2457 ῥάϐδῳ
2885 2384 2965 2456 τῷ
2993 2380 3212 2454 σταυρῷ
3238 2378 3457 2444 ἐδίωξεν
3476 2379 3580 2449 τὴν

1989 2482 2101 2537 τῶν
2150 2480 2422 2552 δαιμόνων
2452 2479 2676 2551 ἀγέλην.
2719 2479 2809 2542 Ὠς
2860 2476 3053 2548 λύχνος
3084 2475 3178 2529 ἐπὶ
3215 2472 3438 2545 λυχνίαν
3499 2470 3581 2541 τῷ

2002 2573 2219 2644 σταυρῷ
2247 2571 2511 2643 ἐσϐέσθη,
2536 2573 2632 2626 καὶ
2654 2571 2730 2635 ὡς
2772 2570 2924 2641 ἥλιος
2961 2566 3233 2622 ἀνέτειλεν
3265 2566 3331 2620 ἐκ
3357 2564 3451 2619 τοῦ
3481 2564 3583 2617 τά-

1991 2686 2114 2737 φου.
2144 2663 2253 2731 Ἦν
2280 2666 2408 2721 ἰδεῖν
2421 2665 2602 2736 θέαμα
2617 2663 2860 2717 διπλοῦν·
2891 2659 3292 2733 σταυρουμένου
3313 2655 3577 2728 Χριστοῦ.

1991 2760 2024 2829 ἡ
2049 2757 2234 2828 ἡμέρα
2265 2754 2593 2821 ἐσκοτίζετο,
2618 2753 2714 2808 καὶ
2732 2751 3095 2823 ἀνισταμένου
3126 2747 3312 2812 αὐτοῦ,
3336 2749 3369 2819 ἡ
3390 2745 3581 2811 νῦξὼς

1990 2846 2172 2919 ἡμέρα
2199 2842 2512 2916 ἐφωτίζετο.
2531 2846 2630 2897 Διὰ
2651 2842 2706 2896 τί
2743 2844 2777 2915 ὴ
2826 2840 3011 2914 ἡμέρα
3034 2836 3579 2904 ἐσκοτίζετο;Ἐπειο

1990 2936 2054 3007 δὴ
2080 2937 2209 3008 περί
2236 2936 2403 2990 αὐτοῦ
2444 2934 2773 3006 γέγραπταιο
2807 2936 3017 2990 Ἕθετο
3047 2934 3270 2999 σκότος
3303 2932 3574 2999 ἀποκρυ-

1994 3026 2121 3097 φὴν
2141 3025 2350 3081 αὐτοῦ.
2382 3026 2482 3081 Διά
2498 3026 2550 3081 τί
2575 3026 2633 3079 δὲ
2670 3025 2767 3092 νὺξ
2790 3025 2867 3090 ὡς
2895 3025 3081 3097 ἡμέρα
3107 3022 3433 3093 ἐφωτίζετο;
3456 3022 3583 3076 Ὀτι

2004 3118 2153 3190 αὐτῷ
2183 3121 2212 3173 6
2241 3120 2530 3191 προφήτης
2563 3118 2765 3188 ἔλεγεν·
2819 3119 2950 3172 Ὅτι
2992 3119 3216 3184 σκότος
3265 3118 3338 3171 οὐ
3384 3130 3587 3170 (matt—

2003 3210 2295 3278 σθήσετιιι
2340 3210 2460 3286 duo
2488 3210 2634 3275 σοῦ,
2661 3210 2759 3265 καί
2789 3209 2906 3275 νὺξ
2934 3212 3015 3275 ὼς
3050 3208 3240 3277 ἡμέρα
3290 3205 3588 3277 φωτισθή-

2004 3320 2193 3360 σεται.
2244 3301 2315 3359 Ὦ
2366 3305 2463 3370 νὺξ
2515 3304 2729 3376 ἡμέρας
2787 3302 3172 3375 λαμπρότεραι
3227 3293 3272 3353 ὦ
3309 3298 3404 3365 νὺξ
3433 3296 3587 3370 ἡλίου

2004 3397 2389 3470 λαμπροτέραί
2429 3391 2475 3451 ὧ
2501 3397 2598 3462 νὺξ
2618 3396 2794 3469 χιόνος
2811 3396 3132 3465 λευκοτέραί
3166 3387 3212 3447 ὦ
3247 3393 3344 3460 νὺξ
3370 3389 3591 3463 λαμπά-

2004 3490 2110 3545 δων
2144 3490 2533 3562 διαυγεστέραι
2558 3484 2605 3544 ὦ
2630 3489 2728 3557 νὺξ
2770 3488 3101 3558 παραδείσου
3134 3484 3501 3557 τερπνοτέραί
3541 3476 3590 3536 ὦ

2006 3583 2105 3648 νὺξ
2136 3583 2358 3648 σκότους
2400 3582 2824 3655 ἀπηλλαγμένηι
2862 3576 2909 3635 ὦ
2950 3580 3045 3647 νὺξ
3075 3581 3109 3650 ἠ
3145 3579 3235 3632 τὸν
3293 3578 3458 3631 ῦπνον
3509 3576 3592 3630 δι-

2009 3673 2260 3728 ώκουσαι
2291 3674 2338 3729 ὦ
2363 3674 2460 3739 νὺξ
2500 3676 2533 3746 ὴ
2555 3676 2854 3746 ἀγρυπνεῖν
2874 3672 3011 3745 μετά
3036 3671 3282 3739 ἀγγέλων
3309 3669 3592 3724 διδάσκου-

2013 3766 2114 3818 σαί
2143 3758 2188 3818 ὧ
2215 3764 2311 3831 νὺξ
2369 3764 2579 3836 φοϐερά
2624 3767 2738 3827 τοῖς
2773 3760 3051 3833 δαίμοσινί
3093 3752 3139 3813 ὦ
3189 3757 3287 3823 νὺξ
3341 3754 3590 3811 ἐνιαυτοῦ

2015 3857 2311 3929 ἐπιθυμίαι
2363 3852 2409 3912 ὧ
2452 3858 2550 3924 νὺξ
2597 3854 2964 3929 νυμφαγωγὸς
3007 3854 3106 3925 τῆς
3153 3850 3516 3922 Ἐκκλησίαςί
3545 3841 3594 3902 ὦ

2018 3947 2118 4013 νὺξ
2143 3950 2176 4020 ἡ
2206 3949 2317 4003 τῶν
2344 3948 2718 4018 νεοφωτίστων
2755 3947 2969 4019 μήτηρί
3005 3938 3051 3998 ὦ
3068 3944 3162 4015 νὺξ
3190 3944 3249 3996 ἐν
3273 3936 3595 4017 ᾖνυστάξας

2017 4041 2047 4093 6
2083 4040 2328 4106 διάϐολος
2365 4041 2741 4113 γεγύμνωταιι
2773 4034 2818 4094 ὦ
2840 4036 2936 4105 νὺξ
2968 4033 3080 4110 ἐνῇ
3109 4039 3137 4089 ὁ
3159 4035 3493 4107 κληρονόμος
3515 4034 3597 4097 είς

2019 4132 2121 4203 τὴν
2151 4133 2520 4205 κληρονομίαν
2549 4133 2648 4204 τὴν
2683 4131 3017 4203 κληρονόμον
3047 4128 3367 4201 είσήγαγενί
3401 4128 3503 4193 Εἰς
3529 4124 3599 4185 τὸ

2027 4223 2195 4291 τέλος
2223 4224 2375 4296 ὑπὲρ
2400 4222 2509 4295 τῆς
2537 4223 3047 4294 κληρονομούσης.
3428 4228 3445 4238 ‘

2001 4408 2049 4440 “
2076 4407 2215 4465 Psal.
2242 4424 2507 4471 cxxxvm,
2541 4408 2627 4462 li.

338 4570 528 4625 dendo.
556 4577 722 4621 totum
748 4567 919 4628 ipsum
943 4584 1104 4625 unum
1127 4568 1251 4633 quid
1282 4583 1412 4630 esse,
1444 4584 1623 4633 nempe
1654 4567 1912 4638 animam,
1944 4571 1993 4629 D
2018 4569 2235 4638 quando
2281 4568 2481 4623 nemini
2511 4584 2616 4638 non
2663 4566 2844 4638 statim
2900 4575 3192 4638 occurrere
3241 4560 3433 4638 debeat
3473 4571 3604 4638 vera

339 4640 432 4693 levi
463 4649 667 4693 tantum
689 4638 896 4706 pulvere
921 4654 1208 4704 aspersam.
1258 4638 1387 4691 Mihi
1418 4639 1687 4692 arridebat
1714 4637 1917 4706 ἐπαγό-

342 4725 525 4779 μενον,
553 4722 687 4779 cum
710 4709 809 4762 hac
849 4710 1115 4779 versione.
1150 4709 1340 4777 quique
1384 4707 1514 4765 nihil
1541 4718 1631 4762 aut
1668 4707 1916 4777 exiguum

341 4778 464 4849 quid
490 4778 844 4849 pulveris‘seu
870 4778 1105 4849 corporis
1144 4794 1317 4830 secum
1342 4779 1587 4832 traheret.

413 4850 525 4915 (l7)
554 4845 861 4904 Πατοῦσιν
891 4845 997 4901 τὸν
1032 4845 1312 4901 θάνατον.
1356 4847 1631 4910 Sententia
1660 4846 1729 4901 56
1749 4846 1921 4917 Hype-

344 4920 551 4989 rechii.
591 4919 642 4971 ni
681 4917 857 4989 fallor,
889 4927 1042 4989 erat,
1100 4919 1305 4989 κόσμον
1331 4919 1360 4971 ό
1389 4918 1636 4989 πατήσας
1689 4916 1920 4987 μοναχὺς

345 4988 565 5062 Χριστῷ
626 4987 911 5062 συμνόμιλος
948 4987 1442 5062 γίνεταιοκόσμου
1489 4987 1574 5062 δὲ-
1598 4989 1919 5062 πράγμασιν

345 5056 815 5132 ἐμπεπλεγμένος
832 5060 1063 5128 μοναχὸς
1101 5060 1200 5114 οὐκ
1249 5056 1492 5132 ἀρέσκει⁸
1506 5057 1586 5128 τῷ
1638 5056 1919 5132 στρατολο-

345 5127 575 5205 γήσαντι
604 5127 846 5205 Χριστῷ,
894 5127 1204 5205 quanquam
1232 5127 1433 5205 editum
1468 5127 1569 5205 fuit
1613 5144 1642 5181 a
1672 5128 1922 5205 doctissi-

348 5199 437 5258 tuo
479 5199 805 5258 Combelisio
833 5200 884 5254 iu
925 5200 1175 5257 Auctario
1207 5199 1429 5263 ultimo,
1473 5199 1679 5269 κόσμον
1704 5199 1919 5268 άπατήο

350 5291 451 5337 σας
479 5271 747 5344 μοναχός,
773 5272 948 5324 minus
965 5273 1283 5344 commode.

423 5339 534 5414 (f8)
579 5339 691 5398 Τόν
717 5342 930 5411 ἀμνόν.
963 5339 1267 5414 Permirum
1297 5340 1431 5414 mihi
1474 5340 1710 5406 videtur,
1747 5356 1927 5414 remao

350 5411 482 5471 nere
510 5411 749 5484 potuisse
772 5428 956 5467 vocem
981 5412 1131 5484 nihili
1164 5411 1217 5464 in
1246 5412 1459 5484 As_terio
1490 5422 1717 5484 nostro:
1756 5411 1928 5484 Enco-

353 5488 460 5543 ntio
496 5480 548 5539 in
601 5484 857 5553 principes
887 5482 1248 5551 apostolorum
1300 5480 1517 5553 Petrum
1581 5490 1624 5553 et
1685 5480 1931 5553 Paulum,

2025 4627 2273 4705 scriptio,
2304 4638 2531 4709 ἀμνούς.
2571 4637 2702 4692 Vere
2713 4636 2873 4709 juxta
2917 4632 3346 4709 medicationem
3392 4627 3606 4709 Jacobi2

2025 4699 2303 4777 Beniamin
2336 4699 2504 4777 l'upus'
2534 4699 2731 4778 rapax,
2771 4699 3067 4775 discerpeas
3096 4705 3228 4758 Novi
3282 4699 3606 4755 Testamenti

2027 4795 2209 4849 agnos.
2229 4795 2291 4832 ac
2312 4780 2609 4847 dispergens
2636 4793 2832 4845 greges.

2100 4836 2212 4919 (19)
2262 4836 2797 4919 Ἀπεοντὸμαχῖσιῖη.
2855 4843 3084 4919 Verbum
3128 4841 3402 4919 insolens,
3447 4836 3610 4919 quale

2030 4906 2441 4992 oropdxdopat.
2483 4906 2538 4972 [ἶ.
2573 4906 2662 4992 ἐξ,
2720 4906 2979 4992 ῌιιεο-ιειὶξ.
3014 4914 3070 4967 in
3121 4911 3514 4992 translationem
3543 4906 3604 4962 S.

2030 4937 2310 4990 στομαχαο
2355 4938 2430 4976 αι.
2483 4937 2538 4972 n.
2573 4937 2662 4984 ΖΙ,
2720 4937 2960 4969 ιωιεοηιιι
3014 4937 3070 4967 ιη
3121 4937 3514 4967 trunuauuuem
3543 4937 3604 4962 υ.

2030 4989 2267 5060 Gregorii
2300 4937 2657 5050 κακίανκαὶ,
2683 4990 2749 5041 ad
2782 5002 2834 5042 ιχ
2858 4985 3003 5051 Maii,
3052 4983 3143 5060 sed
3182 4980 3611 5060 ex__conjectura

2029 5053 2292 5114 duntaxat
2320 5071 2375 5114 et
2405 5061 2783 5115 emendatione
2815 5071 3000 5126 parum
3027 5053 3464 5126 probabili,_cnm
3494 5064 3613 5126 ma-

2030 5130 2113 5199 gis
2151 5131 2213 5184 ad
2247 5145 2487 5193 sensum,
2524 5140 2579 5183 et
2635 5120 2828 5183 minus
2860 5120 3158 5181 recedéndo
3204 5125 3272 5178 ab
3304 5120 3613 5191 Ecgrapho,

2031 5200 2482 5272 προμαχομένους
2507 5201 2605 5268 legi
2640 5209 2823 5272 queat.
2889 5267 2921 5272 _
3247 5268 3253 5272 _
3382 5261 3396 5272 _
3522 5269 3532 5272 Α
3577 5258 3613 5272 ,,

2108 5258 2847 5343 (ἑΟΓΙῘροκαὶαᾶοθέῇτας.
2888 5267 3113 5343 Propter
3141 5268 3344 5343 textum
3370 5258 3617 5343 Apostoli

2036 5341 2056 5396 1
2086 5334 2214 5396 Cor;
2246 5334 2335 5406 xv,
2368 5341 2456 5405 54,
2493 5338 2767 5410 κατεπόθη
2805 5340 2834 5392 6
2882 5336 3134 5410 θάνατος,
3171 5334 3350 5391 malim
3406 5334 3457 5385 in
3485 5345 3617 5410 ora-

2050 5413 2193 5468 tione
2230 5398 2539 5481 Euchologii
2563 5398 2815 5467 Goaria'ni
2846 5407 3061 5481 ι).ᾼ6ί.ἒ4⁸
3084 5398 3262 5481 legere
3281 5398 3616 5457 καταποθέν-

2044 5500 2158 5547 τος⁹
2188 5500 2347 5551 quam
2375 5477 2873 5553 καταπατηθέντοςῖ
2903 5477 3009 5553 Τοῦ
3040 5477 3269 5553 θανάτου
3300 5486 3617 5553 καταπατη-

353 5538 505 5634 ῥριιιι.
521 5538 956 5634 (ξοῖιξὺιξίίἑίμιιῄ¹
971 5553 1177 5634 Ὄντως
1210 5550 1351 5634 κατά
1378 5551 1489 5634 τὴν.
1505 5552 1814 5634 πρόρρησιν
1822 5566 1898 5634 ’το

2045 5538 2373 5634 θέντοςκκαὶ
2422 5552 2515 5607 τοῦ
2555 5538 2780 5626 κέντρου
2816 5538 3003 5618 αὑτοῦ,
3041 5549 3140 5619 τῆς
3174 5543 3447 5621 ἁμαρτίας
3471 5579 3488 5605 ν
3526 5538 3618 5607 $5-

367 5618 582 5690 Ἰακὼϐ,
615 5624 871 5694 Βενιαμὶν
897 5622 1059 5688 λύκος
1088 5622 1291 5694 ἅρπαξ,
1317 5618 1774 5694 σπαράσσιιιντῆς
1789 5618 1936 5682 Νέας

354 5689 633 5771 Ambigua;
663 5689 793 5758 τοὺς
811 5695 1091 5769 ἀμείνους,
1115 5689 1208 5750 καὶ
1234 5689 1539 5760 σκορπίζων
1582 5692 1651 5745 τὰ
1686 5689 1930 5775 ποίμνισς

2044 5624 2451 5699 αφανισοέντος.
