3892 6272
402 285 513 353 443

1690 289 1753 348 S.
1792 285 2071 346 ASTERII
2108 287 2417 344 AMASENI

3554 289 3668 348 ιιι

404 414 592 471 redem
634 427 743 469 non
777 413 1093 479 admittunt,
1123 422 1179 468 et
1208 423 1425 469 serrum
1458 412 1667 483 peccati
1720 411 1864 482 leges
1887 410 1982 466 Dei

2094 427 2307 482 χονται·
2331 410 2426 464 καὶ
2456 408 2547 464 τὸν
2574 408 2758 465 δοῦλον
2778 411 2912 466 ὄντα
2939 412 3006 482 τῇ
3038 411 3284 484 ἁμαρτίᾳ
3315 413 3365 466 οἰ
3400 411 3496 467 τοῦ
3526 412 3668 469 Θεοῦ

404 508 477 560 ab
520 503 832 559 haereditate
874 504 1121 574 ejiciunt.
1173 502 1355 559 Habes
1403 503 1625 574 januam
1672 502 1826 572 legis,
1860 501 1984 572 fuge

403 594 603 652 falsam
655 605 865 665 portam
909 593 1236 665 iniquitatis.
1273 594 1375 662 Qui
1420 608 1526 650 non
1558 596 1861 665 ingreditur
1886 608 1986 664 per

405 692 633 757 ostium,
678 690 776 745 sed
807 688 1025 744 aiiunde
1056 689 1245 753 intrat,
1277 686 1365 742 fur
1394 699 1480 744 est
1508 697 1565 743 et
1589 688 1725 742 latro
1752 687 1799 719 "
1827 703 1843 740 :
1872 686 1980 751 fur,

407 792 467 839 ut
502 784 591 855 qui
644 783 879 838 latenter
927 780 1265 848 fornicetur;
1309 780 1470 845 latro,
1525 780 1705 851 utqui
1746 779 1981 835 alienum

407 877 662 934 suﬂ'odiat
687 876 1117 932 matrimonium.
1154 876 1256 943 Qui
1294 889 1426 931 vero
1453 873 1623 928 intrat
1645 886 1743 942 per
1763 870 1983 939 ianuam

409 968 633 1040 legitimi
683 967 1035 1031 matrimonii,
1081 977 1267 1037 pastor
1320 974 1408 1020 est
1456 965 1664 1027 ovium,
1718 971 1876 1031 pater
1902 970 1988 1016 est

408 1073 661 1113 verorum
712 1057 1004 1114 liberorum
1034 1075 1049 1111 :
1079 1065 1135 1113 et
1170 1057 1222 1110 in
1262 1065 1411 1111 terra
1459 1054 1676 1123 quidem
1710 1053 1814 1107 bac
1846 1050 1987 1107 infe-

406 1151 541 1206 riori
573 1151 819 1205 baeredes
852 1149 1040 1213 habet,
1079 1163 1243 1218 supra
1272 1162 1402 1202 vero
1432 1147 1604 1202 haeres
1637 1143 1987 1201 constituitur

407 1244 463 1299 in
496 1258 663 1314 regno
688 1242 989 1299 ctelorum:
1019 1242 1161 1311 quod
1194 1241 1400 1295 utinam
1436 1255 1539 1296 nos
1572 1254 1764 1294 omnes
1790 1252 1984 1294 conse-

406 1349 665 1404 quamur,
700 1336 875 1405 gratia
918 1343 973 1389 et
1015 1334 1356 1389 humanitate
1403 1332 1614 1388 Domini
1657 1331 1828 1387 nostri
1856 1329 1983 1387 Jesu

406 1426 635 1491 Christi,
673 1427 761 1482 cui
807 1427 974 1498 gloria
1002 1438 1058 1482 et
1087 1428 1396 1499 imperium,
1448 1442 1594 1483 nunc
1625 1426 1758 1482 etin
1788 1424 1985 1481 saecula

405 1519 754 1575 sweulorum.
783 1520 975 1574 Amen.

765 1789 834 1845 In
867 1791 1128 1861 psalmum
1160 1802 1364 1846 sextum
1390 1791 1630 1847 homilia.

480 1881 668 1939 Militis
722 1885 813 1953 qui
860 1885 1087 1951 deliquit
1123 1885 1400 1940 excusatio
1449 1885 1508 1940 ﬁt
1554 1884 1788 1955 placatio
1840 1884 1989 1955 regis

410 1985 557 2041 irati,
597 1984 652 2031 et
696 1975 881 2031 famuli
921 1978 1012 2047 qui
1057 1979 1305 2048 peccavit
1376 1978 1699 2048 supplicatio
1758 1992 1987 2034 succen-

413 2085 531 2126 sum
567 2069 643 2124 ira
676 2071 952 2125 dominum
1000 2071 1214 2126 delinit.
1268 2070 1405 2139 Quia
1454 2072 1623 2143 igitur
1672 2071 1842 2128 David
1893 2085 1989 2141 per

414 2174 721 2234 peccatum,
767 2175 822 2218 et
852 2174 907 2218 ut
940 2164 1096 2219 miles
1129 2179 1311 2235 regem
1337 2165 1405 2219 ad
1434 2165 1571 2219 iram
1598 2173 1991 2234 provocaverat

414 2255 603 2322 Deum,
633 2266 690 2312 et
720 2266 779 2311 ut
806 2272 998 2313 servus
1022 2258 1302 2313 dominum
1329 2258 1729 2314 excandescere
1753 2256 1988 2325 iecerat;

410 2356 699 2417 eapropler
741 2347 1019 2416 postulans
1068 2358 1118 2404 et
1165 2348 1391 2419 supplex
1438 2358 1696 2419 tanquam
1755 2348 1989 2404 famulus

412 2435 690 2492 dominum
730 2437 900 2493 Deum
966 2438 1394 2509 deprecabatur:
1429 2439 1486 2496 2.
1521 2439 1774 2509 jDomine,
1826 2456 1890 2495 ne
1930 2441 1991 2495 in

412 2524 590 2593 furore
622 2541 713 2580 tuo
739 2544 931 2598 arguas
952 2544 1033 2583 me
1051 2568 1067 2594 ,
1099 2544 1261 2600 neque
1289 2530 1448 2584 inira
1475 2540 1568 2585 tua
1592 2531 1850 2599 corripias
1878 2546 1980 2585 me.

412 2614 493 2668 Ira
539 2617 844 2672 concitatus
873 2633 932 2674 es
957 2619 1221 2676 adversus
1266 2634 1351 2674 me
1389 2634 1705 2689 peccantem
1734 2660 1750 2686 ,
1795 2636 1988 2677 recon-

412 2704 597 2761 ciliare
624 2722 748 2761 cum
776 2710 1110 2778 pteuitcnte;
1168 2712 1338 2767 iratus
1371 2726 1433 2768 es
1464 2721 1652 2767 contra
1689 2723 1985 2781 errantem,

413 2800 678 2868 propitius
718 2811 837 2856 esto
876 2803 1192 2859 revertenti.
1240 2802 1414 2860 Tuum
1451 2804 1844 2874 juramentum,
1883 2807 1982 2862 Do-

412 2891 584 2957 utine,
637 2892 734 2948 tibi
787 2895 855 2950 ad
892 2896 1253 2964 plaeationem
1319 2899 1551 2954 adduco.
1612 2899 1802 2954 Dixisti
1837 2918 1850 2955 :
1885 2898 1991 2955 Per

413 2989 767 3058 memetipsum
803 2990 996 3055 iuravi,
1023 2994 1164 3061 quod
1206 3008 1310 3046 non
1349 2993 1464 3047 nolo
1499 3003 1719 3047 mortem
1756 3002 1992 3063 peccato-

412 3094 509 3141 ris,
542 3079 677 3132 sicut
717 3081 944 3134 converti
981 3092 1029 3135 et
1068 3082 1232 3137 vivere
1275 3084 1445 3153 ipsum
1469 3084 1537 3139 τ’.
1574 3082 1794 3150 Precor,
1844 3087 1987 3155 quod

404 3171 623 3243 dixisti,
652 3171 758 3227 fac.
787 3173 1064 3239 ,Quoniam
1096 3185 1247 3231 certe
1277 3186 1400 3247 post
1430 3186 1669 3231 erratum
1698 3192 1991 3233 conversus

414 3278 555 3329 snnn,
588 3273 641 3319 et
669 3277 787 3332 post
818 3275 1093 3334 peccatum
1127 3268 1209 3334 egi
1239 3269 1642 3339 penitentiam,
1671 3286 1777 3325 non
1811 3281 1989 3327 autem

415 3358 561 3408 velut
601 3355 733 3410 Cain
775 3357 1116 3425 impudenter
1143 3374 1231 3414 me
1260 3360 1422 3429 gessi.
1452 3361 1545 3417 llle
1577 3362 1946 3431 interrogatus
1974 3382 1991 3420 :

418 3443 517 3499 Ubi
572 3447 699 3500 Abel
749 3446 913 3513 [mter
961 3451 1433 3520 tuus?respundit
1477 3470 1492 3507 :
1545 3453 1735 3508 Nescio
1767 3455 1833 3508 ⁷⁸.
1885 3457 1993 3525 Ego

415 3537 527 3591 dixi
560 3556 574 3592 :
604 3538 866 3604 Quoniam
926 3543 1252 3612 iniquitatem
1296 3561 1463 3599 nteant
1507 3563 1600 3616 ego
1652 3564 1904 3617 cognosco
1924 3552 1987 3605 ⁷⁸.

414 3627 658 3696 Domine,
713 3648 775 3685 ne
801 3632 853 3684 in
883 3632 1063 3700 furore
1093 3648 1181 3686 tuo
1211 3651 1405 3704 arguas
1436 3653 1537 3691 me.
1584 3637 1651 3692 Ut
1680 3640 1993 3696 misericor-

415 3720 560 3774 diam
590 3722 678 3777 ubi
709 3734 1033 3780 consecutus
1062 3724 1236 3789 fuero,
1268 3726 1387 3781 aliis
1414 3743 1630 3798 quoque
1661 3732 1995 3800 ptenilentia:

413 3813 501 3867 via
538 3812 738 3867 clliciar
765 3833 778 3869 ε
808 3824 867 3869 ιιι
907 3815 1132 3870 doceam
1177 3818 1393 3887 iniquos
1432 3820 1546 3874 vias
1586 3830 1729 3888 tuas,
1759 3832 1814 3877 et
1843 3822 1994 3896 impii

416 3906 481 3960 ad
510 3916 561 3960 te
588 3917 974 3962 convertantur
997 3909 1066 3964 ⁸⁸.

493 3999 673 4066 Quare
706 4002 898 4069 fantem
929 4010 984 4055 et
1015 4000 1123 4056 Pro
1155 4013 1339 4057 octava
1387 4004 1680 4075 inscriptus
1726 4016 1809 4062 est
1846 4008 1993 4077 psal-

419 4092 585 4147 mus?
624 4093 676 4147 Ι.
717 4093 780 4147 In
821 4094 979 4163 ﬁnem
1012 4096 1154 4151 enim
1186 4098 1242 4150 in
1272 4097 1589 4153 carminibus
1617 4100 1850 4169 psalmus
1881 4101 1993 4155 Da-

417 4186 500 4239 vid
528 4203 622 4256 pro
658 4196 862 4241 octava.
890 4185 1148 4243 Octavam
1184 4191 1334 4245 novit
1365 4191 1583 4261 quidem
1610 4191 1778 4248 Vetus
1803 4192 1994 4248 Testa-

416 4290 680 4345 mentum,
731 4281 1246 4351 cireumcisiouein;
1292 4283 1501 4340 Novum
1542 4301 1694 4352 vero,
1745 4301 1994 4342 resurre-

413 4370 648 4425 ctionem
677 4386 707 4425 a
732 4373 980 4434 mortuis,
1004 4372 1055 4426 in
1079 4390 1183 4443 qua
1207 4370 1619 4432 circumciditur
1640 4393 1805 4432 mors.
1840 4377 1993 4434 Prte-

2017 3135 2064 3197 ο

2085 502 2244 574 νόμοι
2267 503 2368 575 τῆς
2387 503 2751 576 κληρονομίας
2781 502 3152 558 ἐκϐάλλουσιν.
3170 504 3356 575 Ἔχεις
3375 503 3473 577 τὴν
3490 504 3668 578 θύραν

2085 594 2183 649 τοῦ
2213 594 2404 667 νόμου,
2434 595 2572 666 φύγε
2600 594 2698 667 τὴν
2727 595 3044 669 παράθυρον
3073 597 3173 668 τῆς
3198 597 3449 669 ἀνομίας.
3491 598 3551 652 '0
3589 599 3667 670 μὴ

2084 688 2469 760 εἰσερχόμενος
2499 686 2587 743 διὰ
2608 688 2709 760 τῆς
2734 688 2927 761 θύρας,
2960 688 3098 744 ἀλλὰ
3128 689 3402 760 ἐμϐαίνων
3433 690 3660 761 ἀλλαχό-

2089 780 2202 845 θεν,
2236 780 2476 852 κλέπτης
2507 782 2655 836 ἐστὶν
2687 781 2780 835 καὶ
2812 782 3014 857 λῃστής
3033 799 3047 813 ·
3072 781 3330 854 κλέπτης,
3362 781 3439 847 ὡς
3470 782 3667 838 λανθά-

2084 887 2192 924 νων
2236 871 2294 924 ὲν
2325 870 2405 940 τῷ
2446 868 2730 942 πορνεύειν
2753 888 2769 903 ·
2808 868 3033 942 λῃστὴς,
3067 868 3145 933 ὡς
3171 868 3465 939 διορύττων
3504 869 3666 923 ἀλλό-

2083 981 2234 1036 τριον
2265 963 2461 1035 γάμον.
2504 963 2565 1018 '0
2600 962 2659 1017 δὲ
2685 962 3067 1034 εἰσερχόμενος
3098 960 3188 1016 διὰ
3236 961 3337 1033 τῆς
3369 959 3542 1033 θύρας
3568 961 3667 1016 τοῦ

2086 1055 2317 1127 νομίμου
2348 1053 2550 1126 γάμου,
2588 1056 2791 1126 ποιμήν
2846 1054 2962 1110 ἐστι
2993 1052 3103 1109 τῶν
3134 1052 3445 1126 προϐάτων,
3478 1055 3669 1126 πατήρ

2086 1147 2235 1199 ἐστιν
2269 1146 2379 1199 τῶν
2415 1147 2656 1217 γνησίων
2682 1146 2921 1201 τέκνων⁶
2959 1147 3111 1201 κάτω
3151 1146 3250 1219 μὲν
3293 1146 3667 1219 κληρονομού-

2089 1255 2270 1311 μενος,
2305 1239 2419 1294 ἄνω
2444 1239 2499 1293 δὲ
2541 1239 2875 1311 κληρονόμος
2911 1239 3194 1311 γινόμενος
3232 1239 3292 1293 ὲν
3319 1242 3385 1311 τῇ
3419 1238 3665 1311 βασιλείᾳ

2084 1330 2195 1385 τῶν
2245 1330 2491 1402 οὐρανῶν
2510 1348 2524 1360 ’
2565 1327 2633 1403 ἧς
2662 1332 2872 1402 γένοιτο
2909 1332 3119 1396 πάντας
3158 1334 3308 1404 ἡμᾶς
3350 1333 3633 1404 ἐπιτυχεῖν
3651 1372 3668 1397 ,

2085 1425 2267 1497 χάριτι
2321 1427 2416 1479 καί
2478 1425 2860 1498 φιλανθρωπία
2895 1425 2990 1480 τοῦ
3035 1424 3242 1497 Κυρίου
3285 1426 3445 1496 ἡμῶν
3488 1423 3670 1497 Ἰησοῦ

2016 1566 2020 1571 .
2085 1516 2325 1586 Χριστοῦ
2350 1534 2363 1547 ³
2384 1510 2431 1587 ᾧ
2457 1520 2490 1589 ή
2525 1517 2651 1585 δόξα
2678 1519 2773 1573 καὶ
2800 1517 2863 1573 τὸ
2884 1518 3106 1591 κράτος,
3144 1518 3241 1574 νῦν
3269 1519 3367 1574 καὶ
3418 1522 3501 1585 εἰς
3538 1521 3670 1585 τοὺς

2087 1607 2295 1674 αἰῶνας
2314 1608 2425 1664 τῶν
2448 1607 2681 1664 αἰώνων.
2727 1611 2784 1663 ’Δ
2792 1611 2920 1682 μήν.

2823 1702 2909 1757 κ’.

2438 1792 2544 1858 Εἰς
2572 1790 2681 1845 τὸν
2712 1797 2765 1857 ς’
2817 1791 3066 1862 ψαλμὸν
3090 1792 3315 1862 ὁμιλία.

2160 1884 2499 1957 Στρατιώτου
2548 1884 3045 1957 πλημμελήσαντος
3067 1886 3333 1954 ἀπολογία
3369 1884 3465 1938 τοῦ
3496 1884 3671 1957 λυπηο

2090 1978 2277 2042 θέντος
2303 1978 2572 2050 βασιλέως
2600 1977 2817 2048 γίνεται
2841 1977 3129 2051 θεραπεία,
3168 1978 3263 2032 καλ⁵
3285 1980 3319 2049 ἡ
3360 1976 3456 2031 τοῦ
3490 1977 3670 2049 ἁμαρ-

2086 2070 2352 2141 τήσαντος
2378 2068 2591 2123 οἰκέτου
2618 2069 2992 2138 πρόσπτωσις,
3038 2068 3115 2140 τῷ
3141 2067 3449 2140 θυμωθέντι
3472 2066 3671 2122 δεσπό-

2088 2179 2158 2238 τῃ
2184 2162 2550 2235 παράκλησις.
2593 2161 2749 2215 Ἐπεὶ
2785 2157 2878 2215 οὖν
2903 2161 3237 2232 ἁμαρτήσας
3277 2163 3307 2215 ὁ
3350 2160 3540 2224 Δαϐὶδ,
3579 2158 3676 2214 καὶ

2087 2255 2163 2319 ὡς
2202 2254 2543 2327 στρατιώτης
2593 2252 2819 2324 βασιλέα
2856 2251 3211 2325 παρώργισεν
3246 2252 3339 2307 τὸν
3370 2254 3539 2317 Θεὸν,
3578 2253 3675 2307 καὶ

2090 2347 2167 2411 ὼς
2189 2346 2375 2412 δοῦλος
2404 2346 2671 2417 δεσπότην
2698 2345 3019 2418 θυμωθῆναι
3051 2346 3340 2417 ἐποίησεν·
3375 2345 3465 2399 διὰ
3495 2344 3676 2400 ταῦτα

2089 2438 2256 2505 ἀξιῶν
2284 2439 2380 2493 καὶ
2419 2437 2698 2503 ἱκετεύων,
2741 2438 2819 2503 ὡς
2854 2439 3076 2510 οἰκέτης
3110 2438 3380 2510 δεσπότην
3411 2438 3502 2493 τὸν
3539 2439 3674 2493 Θεὸν

2089 2532 2389 2604 παρεκάλει
2409 2549 2428 2566 ο
2466 2532 2667 2601 Κύριε,
2684 2531 2770 2603 μὴ
2799 2531 2881 2598 τῷ
2927 2530 3091 2603 θυμῷ
3117 2547 3236 2586 σου
3262 2531 3520 2602 ἐλέγξῃς
3556 2549 3640 2602 με
3656 2573 3673 2597 ,

2088 2619 2242 2690 μηδέ
2267 2618 2341 2689 τῇ
2376 2618 2525 2691 ὀργῇ
2557 2635 2675 2676 σου
2700 2620 3041 2689 παιδεύσῃς
3080 2638 3179 2691 με.
3222 2621 3541 2693 Ἐθυμὼθης
3580 2639 3674 2693 μοι

2093 2712 2499 2784 ἁμαρτήσαντι,
2534 2711 2865 2783 διαλλάγηθι
2908 2714 3304 2783 μετανοήσαντι
3328 2728 3343 2742 ⁸
3392 2711 3676 2784 ὠργίσθης

2092 2802 2442 2875 πλανηθέντι,
2478 2803 2727 2873 ίλάσθητι
2774 2802 3185 2875 ἐπιστρέψαντι.
3218 2803 3323 2857 Τὸν
3351 2802 3444 2858 σὺν
3470 2805 3673 2875 ὅρκον,

2090 2896 2356 2959 Δέσποτα,
2421 2895 2559 2969 πρὸς
2609 2894 2926 2971 δυσώπησιν
2972 2896 3269 2969 προσφέρω
3313 2912 3415 2950 σοι.
3460 2891 3672 2960 Eine;-

2091 2992 2230 3045 Κατ’
2244 2991 2506 3061 ἐμαυτοῦ
2535 2991 2759 3061 ὤμοσα,
2796 2992 2887 3046 ὅτι
2921 2993 2994 3045 οὐ
3026 2991 3329 3059 ,βούλομαι
3366 2988 3476 3044 τὸν
3501 2988 3677 3044 θάνα-

2091 3097 2198 3135 τον
2211 3080 2318 3135 τοῦ
2331 3080 2685 3150 ἀμαρτωλοῦ
2713 3080 2849 3151 (52),
2866 3081 2947 3148 ὡς
2970 3081 3037 3134 τὸ
3057 3078 3412 3148 ἐπιστρέψαι
3442 3079 3541 3133 καί
3567 3077 3676 3148 ζῇν

2093 3172 2299 3226 αὐτόν.
2335 3170 2669 3243 Παρακαλῶ,
2699 3171 2728 3225 ὃ
2755 3166 2918 3234 εἴπας
2934 3166 3186 3240 ποίησον,
3230 3170 3384 3224 Ἐπεὶ
3411 3165 3507 3223 οὖν
3542 3169 3675 3222 πλα-

2093 3261 2278 3332 νηθεὶς
2300 3262 2639 3334 άπέστρεψα,
2675 3263 2772 3316 καὶ
2812 3262 3142 3333 ἁμαρτήσας
3182 3261 3503 3334 μετενόησα,
3556 3259 3675 3315 ἀλλ’

2091 3358 2190 3427 ούχ
2221 3357 2298 3420 ὡς
2328 3357 2468 3410 Κάῖν
2498 3356 2611 3426 ('53)
2646 3355 3152 3426 ἁπηναισχύντησα.
3191 3355 3430 3418 Ἐκεῖνος
3466 3356 3676 3427 ἐρωτη-

2094 3448 2228 3513 θεὶς,
2267 3449 2391 3503 Ποῦ
2423 3450 2603 3504 Ἅϐελ
2630 3451 2664 3503 ό
2689 3448 2952 3517 ἀδελφός
2983 3462 3139 3509 σονς
3179 3441 3354 3500 εἶπενο
3394 3449 3478 3501 Οὐ
3504 3446 3676 3517 γινώ-

2092 3556 2241 3596 σκω.
2284 3540 2424 3611 Ἐγὼ
2452 3540 2604 3595 εἷπον
2624 3558 2639 3572 ⁸
2683 3541 2803 3595 Ὅτι
2838 3540 2953 3609 τὴν
2981 3539 3240 3609 ἀνομίαν
3258 3556 3379 3607 μου
3419 3539 3535 3609 ἐγὼ
3589 3557 3676 3609 τι·

2093 3633 2327 3688 νώσκω.
2355 3635 2553 3702 Κύριε,
2576 3633 2664 3702 μὴ
2703 3633 2784 3700 τῷ
2811 3634 3112 3703 Οὐμῳσου
3143 3631 3402 3702 ἐλέγξῃς
3426 3647 3524 3700 με.
3558 3631 3677 3685 ’Ὶνα

2094 3726 2505 3797 φιλανθρωπίας
2547 3724 2725 3796 τυχὼν
2762 3727 2855 3780 καὶ
2906 3725 3087 3789 ἄλλοις
3119 3725 3238 3788 ὁδὸς
3270 3724 3564 3795 μετανοίας
3586 3723 3677 3793 γέ-

2092 3831 2273 3885 νωμαι
2292 3832 2306 3847 ·
2351 3815 2437 3868 ἴνα
2460 3815 2657 3879 διδάξω
2695 3815 2930 3887 ἀνόμους
2951 3815 3051 3880 τὰς
3078 3813 3232 3879 ὁδούς
3266 3830 3393 3881 σου,
3420 3814 3517 3868 καὶ
3552 3815 3677 3868 ἀσε-

2094 3908 2209 3969 ϐεῖς
2242 3907 2335 3960 ἐπὶ
2367 3906 2427 3959 σὲ
2462 3906 2899 3979 ἐπιστρέφουσιν.
3260 3887 3266 3905 ’

2167 4001 2264 4055 Διὰ
2307 4000 2358 4054 τί
2410 4000 2465 4054 δὲ
2510 4002 2605 4054 καὶ
2648 4000 2829 4070 ’Υπὲρ
2884 4000 2995 4069 τῆς
3039 3999 3256 4070 ὀγδόης
3305 3999 3595 4072 ἐπεγράφη
3648 4001 3678 4055 ὁ

2092 4095 2335 4166 ψαλμόςς
2362 4097 2464 4160 Εἰς
2499 4094 2566 4148 τὸ
2602 4097 2780 4161 τέλος
2823 4094 2932 4166 γὰρ
2961 4095 3031 4148 ἐν
3072 4093 3283 4164 ὕμνοις
3318 4092 3564 4162 ψαλμός
3596 4092 3678 4159 τῷ

2093 4186 2271 4241 Δαϐὶδ
2294 4186 2445 4253 ὑπὲρ
2468 4184 2577 4255 τῆς
2606 4185 2843 4255 ὀγδόης.
2868 4182 3092 4254 Ὀγδόην
3118 4177 3257 4236 οἶδεν
3281 4183 3315 4253 ἠ
3340 4180 3441 4253 μὲν
3466 4180 3679 4238 Παλαιὰ

2096 4278 2340 4351 Διαθήκη
2364 4276 2463 4350 τὴν
2493 4277 2827 4350 περιτομήν·
2859 4278 2894 4346 ή
2933 4275 2991 4329 δὲ
3028 4273 3208 4345 Καινὴ
3245 4272 3344 4345 τὴν
3371 4274 3436 4327 ἐκ
3462 4270 3677 4343 νεκρῶν

2095 4373 2413 4435 ἀνάστασιν,
2438 4376 2495 4426 ὲν
2584 4371 2614 4424 ὁ
2640 4370 2869 4435 θάνατος
2893 4368 3305 4441 περιτέμνεται.
3339 4366 3397 4421 '0
3424 4366 3531 4439 πρὸ
3560 4365 3678 4420 τού-

413 4462 612 4515 cedens
636 4462 877 4531 psalmus
908 4463 1203 4534 inscriptus
1229 4474 1312 4520 est
1340 4485 1353 4521 :
1392 4465 1494 4521 l’ro
1525 4483 1587 4522 ea
1615 4485 1734 4539 qua:
1766 4469 1989 4524 Incredi-

2094 4484 2209 4532 του,
2246 4466 2425 4533 ’Υπὲρ
2453 4463 2563 4534 τῆς
2587 4461 3086 4532 κληρονομούσης
3118 4460 3428 4532 ἐπεγράφη,
3458 4457 3679 4530 Ἐκκλη-

415 4562 577 4606 talem
607 4555 966 4624 consequitur,
999 4556 1113 4611 sive
1144 4556 1386 4612 Ecclesia
1428 4559 1541 4613 sive
1575 4561 1776 4615 anima.
1824 4561 1890 4615 Et
1927 4564 1994 4618 de

414 4645 723 4700 lnaredibus
785 4647 1005 4715 quidem
1061 4649 1240 4703 dixit:
1278 4649 1364 4703 12.
1417 4649 1766 4705 Lmtabunlur
1817 4670 1992 4709 omnes

412 4741 501 4809 qui
549 4750 760 4807 sperant
812 4742 868 4792 in
908 4750 994 4805 te;
1018 4741 1072 4794 in
1108 4752 1358 4795 wternnm
1398 4745 1753 4800 exsultabant.
1791 4745 1864 4800 De
1893 4763 1990 4802 ex-

414 4831 719 4885 basredibus
767 4832 1058 4886 autcmz6.
1109 4833 1233 4887 Non
1281 4836 1536 4890 habitabit
1578 4838 1736 4907 juxta
1782 4851 1831 4894 te
1877 4857 1993 4895 ma-

413 4921 607 4987 liqnus.
650 4919 751 4975 Ubi
795 4922 984 4976 didicit
1035 4923 1221 4989 David,
1252 4926 1417 4994 quod,
1449 4928 1503 4981 7.
1546 4927 1725 4982 Virum
1752 4933 1993 5001 sangui-

414 5030 538 5066 nam
577 5022 624 5065 et
663 5015 902 5066 dolosam
949 5015 1287 5069 abominatur
1336 5018 1613 5085 Dominus,
1666 5025 1777 5089 ipse
1813 5036 1991 5079 autem

414 5106 538 5160 dolo
563 5104 745 5160 Uriam
782 5109 1167 5173 interemerat;
1203 5120 1255 5164 et
1286 5114 1430 5180 quod
1463 5118 1637 5168 omnis
1680 5115 1992 5183 fornicator,

415 5211 501 5253 ant
528 5203 848 5265 immundus,
882 5215 983 5252 non
1007 5200 1158 5254 habet
1182 5203 1541 5259 Itwreditatem
1567 5207 1621 5259 in
1649 5224 1808 5277 regno
1846 5210 1997 5264 Clari-

2100 4560 2221 4624 σίας
2246 4559 2491 4630 ἡψυχῆς.
2515 4557 2626 4610 Καὶ
2657 4557 2787 4628 περὶ
2814 4555 2914 4627 μὲν
2929 4554 3036 4608 τῶν
3065 4553 3418 4625 κληρονόμων
3459 4550 3676 4619 ἔλεγεν·

2098 4652 2637 4723 Εὐφρανθιξσονται
2674 4647 2897 4714 πάντες
2934 4650 2987 4701 οἱ
3019 4644 3361 4709 ἐλπίζοντες
3396 4643 3496 4696 ἐπὶ
3537 4642 3640 4696 σοι
3660 4659 3676 4673 ·

2098 4748 2187 4812 εἰς
2206 4743 2392 4809 αἰῶνα
2419 4742 2913 4803 ἁγαλλιάσονται.
2946 4739 3083 4811 Περί
3119 4737 3180 4792 δὲ
3216 4736 3327 4790 τῶν
3365 4734 3677 4805 ἀποκληρο-

2099 4838 2312 4907 νόμων·
2364 4837 2446 4888 Οὐ
2490 4831 2849 4901 παροικήσει
2898 4844 2999 4885 σοι
3047 4828 3552 4898 ειόνηρευόμενος.
3592 4825 3678 4890 Ὠς

2098 4930 2300 5004 ἔμαθεν
2355 4933 2385 4984 ὁ
2438 4928 2623 4993 Δαϐἰδ,
2661 4928 2744 4981 ὅτι
2790 4925 3007 4995 Ἄνδρα
3034 4922 3297 4994 αἱμάτων
3343 4920 3441 4974 καί
3469 4918 3678 4973 δόλιον

2090 5025 2505 5090 βδελύσσετιιι
2534 5024 2747 5091 Κύριος
2772 5036 2785 5050 ·
2829 5017 2991 5081 αὐτὸς
3035 5016 3093 5070 δὲ
3146 5014 3286 5085 δόλῳ
3334 5013 3426 5066 τὸν
3475 5010 3678 5082 Οὐρίαν

2098 5119 2325 5178 ἀνεῖλεν,
2361 5114 2456 5170 καὶ
2489 5115 2571 5168 ὃτι
2594 5112 2713 5180 πᾶς
2741 5113 2963 5180 πόρνος
2996 5110 3034 5179 ἢ
3061 5108 3397 5177 ἀκάθαρτος
3423 5106 3535 5158 οὐκ
3556 5103 3679 5172 ἔχει

2096 5209 2505 5280 φαίηρονομίαν
2557 5209 2627 5262 ὲν
2668 5205 2741 5275 τῇ
2781 5204 3071 5273 βασιλείᾳ
3121 5201 3229 5257 τοῦ
3286 5196 3547 5270 Χριστοῦ
3579 5194 3676 5249 καί

487 5359 708 5417 "Joan.
738 5362 871 5430 κδ.
947 5361 1215 5418 "Ezccb.
1264 5380 1478 5432 χχχιιι,
1529 5366 1616 5422 ll.
1691 5368 1738 5401 "
1759 5366 1894 5427 Gen.
1919 5386 1989 5439 iv,

2156 5372 2204 5404 ”
2231 5370 2372 5427 Psal.
2405 5388 2457 5434 ι,
2488 5369 2540 5424 5.
2615 5369 2662 5403 ⁸ο
2689 5370 2819 5425 ibid.
2851 5370 2938 5426 15.

489 5478 600 5543 (52)
648 5479 1038 5550 Ἄμαρτωλοῦ.
1094 5481 1173 5536 Ita
1214 5482 1386 5536 multi.
1425 5482 1692 5538 Caeterum
1728 5485 1895 5541 David
1924 5488 1998 5542 ci-

418 5558 538 5603 taus
600 5551 761 5623 verba
814 5551 1136 5618 Ezechielis,
1189 5555 1401 5619 species
1438 5565 1519 5607 est
1555 5556 1948 5620 procbronismi
1976 5597 1992 5623 ,

416 5623 608 5699 quales
625 5621 892 5699 interdum
918 5625 1134 5679 Asterio
1159 5624 1388 5695 aliisque
1430 5623 1684 5681 Palribus
1721 5641 1818 5697 per
1840 5621 1994 5685 ineo?

417 5691 700 5758 gitnntiam
729 5693 1065 5749 exciderunt.

494 5759 604 5829 (53)
639 5761 809 5823 Κὰϊν.
845 5763 922 5821 De
956 5764 1124 5822 Caino
1163 5782 1287 5828 cum
1328 5765 1596 5839 elegantia
1636 5766 1865 5829 Basilius
1899 5768 1997 5830 Sc-

2098 5487 2389 5545 leuciensis
2431 5496 2573 5545 orat.
2629 5487 2663 5541 4
2705 5498 2831 5542 ante
2859 5488 3039 5559 linem.
3090 5487 3334 5558 ἔμψυχος
3363 5486 3529 5559 νόμος
3566 5489 3676 5555 τοῖς

2098 5559 2265 5631 ὁρῶσι
2291 5561 2637 5631 φαινόμενος,
2663 5559 2901 5631 ἔμπνους
2923 5558 3089 5631 στήλη
3108 5560 3208 5631 τὴν
3233 5558 3463 5631 ἀνομίαν
3492 5561 3676 5629 ἐκτρέ-

2099 5629 2296 5687 πουσα.
2327 5629 2537 5702 lusulse
2564 5631 2619 5684 in
2655 5629 2807 5702 libris
2844 5629 3174 5702 editissi‘qv'
3197 5629 3410 5702 ὁμοίαν.
3445 5632 3676 5702 insuper

2101 5702 2266 5756 deleri
2314 5700 2439 5753 volo
2466 5716 2660 5754 nomen
2692 5698 2833 5753 Κάῖν
2861 5716 2913 5769 p.
2967 5700 3071 5755 ’547
3102 5698 3386 5770 bhrjsost.
3439 5699 3609 5755 Savil.
3637 5710 3676 5754 t.

2104 5770 2214 5842 νιι,
2242 5777 2382 5846 quod
2423 5788 2452 5827 e
2476 5771 2741 5840 superiori
2773 5772 2913 5828 linea
2936 5770 3218 5840 repetitum
3250 5772 3513 5827 cernitur.
