3892 6272
228 297 332 359 645

1380 310 1661 371 llOMlLlA
1699 317 1815 373 XX.
1854 319 1917 373 IN
1948 318 2142 374 PSAL.
2183 322 2264 376 Vl.

3368 331 3463 391 ιιε

226 421 405 483 Θεοῦ,
436 420 525 474 ἴνα
555 418 632 506 μή
660 408 1103 496 ἀποκληρονόμος
1127 426 1217 479 διὰ
1255 427 1318 481 τὸ
1348 429 1481 498 ἄγος
1507 432 1622 499 (⁸54)
1650 434 1788 506 γένη

1905 441 1974 489 sti
1999 445 2049 491 et
2072 436 2167 491 Dei
2188 439 2254 503 3';
2315 454 2382 492 ne
2402 438 2471 493 ob
2498 455 2673 496 εεειυε
2701 444 3157 514 cthredaretur,
3193 462 3458 517 psalmum

221 531 334 580 ται,
364 514 457 566 τὸν
485 512 626 583 ὑπὲρ
657 513 756 584 τῆς
780 514 974 586 ὀγδόης
1006 517 1101 570 καὶ
1128 518 1228 588 τῆς
1266 519 1374 573 τῶν
1422 523 1630 592 νεκρῶν
1671 526 1802 579 ἀνα-

221 607 472 669 στάσεως
501 604 717 675 ψάλ⁹λων
746 608 1069 677 παρεκάλει.
1116 611 1331 683 Ἐπειδὴ
1364 616 1577 685 μοιχεία
1611 633 1677 687 με
1706 618 1801 671 καὶ

219 705 386 766 φόνος
414 698 515 766 τῆς
546 696 911 769 κληρονομίας
953 700 1324 769 ἐκϐάλλουσιν,
1356 706 1552 773 Κύριε,
1595 708 1682 776 μὴ
1721 709 1800 775 τῷ

214 785 390 857 θυμῷ
407 800 525 840 σου
551 786 810 857 ἐλέγξῃς
828 806 925 858 με,
946 791 1102 861 μηδὲ
1136 792 1213 862 τῇ
1240 794 1389 865 ὀργῇ
1420 812 1537 852 σου
1565 799 1801 854 παιδεύ-

211 896 341 950 σῃς
372 897 472 951 με.
503 879 593 951 Μὴ
623 880 890 953 ὀργισθῇς
910 900 1001 953 μοι
1027 883 1115 938 διὰ
1139 884 1231 938 τὸν
1258 886 1485 958 Οὐρίαν,
1521 888 1595 959 μὴ
1625 888 1801 960 θυμω-

217 974 321 1046 ea;
352 990 450 1046 μοι
478 972 565 1027 διὰ
584 972 683 1045 τήν
702 974 1004 1045 Βηρσαὸεέ.
1033 976 1145 1029 Kal.
1166 976 1254 1030 διὰ
1281 978 1334 1030 τί
1366 978 1426 1030 ὲν
1465 981 1530 1050 τῇ
1560 979 1723 1055 ὀγδόῃ
1759 983 1793 1051 ή

214 1065 526 1137 περιτομής
574 1064 794 1135 Ἐπειδὴ
844 1064 945 1128 τὰς
995 1065 1218 1137 πρώτας
1273 1067 1414 1122 ἑπτὰ
1471 1069 1685 1139 ἡμέρας
1734 1071 1796 1124 τὸ

215 1156 423 1228 βρέφος
450 1155 637 1227 ἐφόρει
672 1155 742 1208 τὰ
765 1155 1074 1227 σπάργανα,
1105 1160 1170 1229 τῇ
1206 1158 1261 1211 δὲ
1282 1158 1481 1231 ἐϐδόμῃ
1516 1160 1562 1192 ⁸⁸
1596 1161 1794 1233 λυόμε-

208 1264 307 1301 νον
326 1245 428 1316 τὴν
440 1258 520 1299 ’πε
528 1244 751 1317 ριτομὴν
766 1245 861 1299 ἐλά
868 1247 1091 1316 μὸανεν,
1109 1251 1332 1318 σημεῖον
1360 1250 1671 1320 σφραγῖδος,
1691 1251 1793 1323 τῆς

226 1333 488 1406 ’Δϐραὰμ
517 1335 789 1399 πίστεως*
823 1335 911 1390 ἵνα
941 1337 1037 1389 καὶ
1070 1338 1232 1408 ἡμεῖς
1257 1338 1359 1391 κᾶν
1386 1339 1485 1410 τὴν
1522 1340 1793 1413 ἑϐδομάδα

210 1426 311 1481 τοῦ
355 1425 476 1497 βίου
532 1427 896 1498 ὲφορέσαμεν,
942 1427 1012 1481 τὰ
1058 1428 1169 1481 τῶν
1212 1429 1420 1482 κακιῶν
1478 1431 1789 1503 σπάργανα.

211 1518 429 1587 σειραῖς
455 1513 565 1568 τῶν
600 1514 743 1568 ίδίων
773 1516 1185 1587 ἁμαρτημάτων
1218 1518 1592 1588 σφιγγόμενοι,
1628 1522 1707 1584 είς
1732 1522 1793 1575 τὸ

207 1603 372 1667 τέλος
396 1604 499 1674 τῆς
523 1602 668 1684 ζωῆς
693 1604 866 1657 ταῦτα
900 1603 1301 1677 διαρῤήξωμεν,
1330 1607 1425 1662 καὶ
1452 1608 1527 1673 ὠς
1549 1610 1607 1662 ἐν
1631 1610 1791 1684 ὀγδόῃ

207 1699 282 1768 τῇ
299 1680 598 1750 ἀναστάσει
612 1695 704 1750 τὸν
724 1696 952 1750 θάνατον
976 1698 1444 1770 περιτεμνόμενοι,
1469 1700 1560 1755 τὸν
1578 1680 1790 1771 ίσάγγελ

1909 542 2009 598 pro
2059 538 2250 583 octava
2304 540 2357 584 et
2405 541 2736 587 mortuorum
2794 539 3192 592 τεευηοοιίοηε
3243 555 3466 608 canens,

1906 619 2116 674 orabat.
2168 619 2611 690 Quandoquidem
2658 624 2978 681 adulterium
3018 636 3072 682 et
3121 630 3467 688 homicidium

1908 726 1994 765 me
2043 712 2113 766 ab
2154 712 2469 768 haereditate
2516 714 2793 782 dejicinnt,
2845 716 3086 784 Domine,
3116 736 3176 775 ne
3204 724 3257 775 in
3289 722 3468 792 furore

1905 811 1995 854 tuo
2026 817 2220 872 arguas
2247 818 2361 869 me,
2390 819 2552 873 neque
2585 806 2641 859 in
2681 806 2766 858 ira
2816 815 2908 860 tua
2951 809 3206 876 corripias
3245 829 3345 866 me.
3390 814 3468 868 Ne

1904 905 2228 947 succenseas
2270 893 2401 947 mihi
2446 904 2667 964 propter
2696 894 2904 961 Uriam,
2941 913 3009 953 ne
3044 900 3122 953 ira
3159 900 3467 959 incendaris

1903 994 2088 1037 contra
2119 999 2204 1038 me
2229 987 2298 1039 ob
2328 984 2651 1044 Bersabeen.
2683 988 2749 1043 Et
2775 1003 2872 1043 cur
2904 990 2955 1043 in
2994 1000 3189 1046 octava
3228 994 3464 1051 circum-

1903 1072 2078 1127 cisio?
2128 1072 2263 1138 Quia
2310 1088 2411 1141 per
2459 1076 2661 1143 primos
2712 1087 2917 1147 septem
2953 1079 3066 1135 dies
3091 1081 3266 1136 infans
3289 1092 3467 1151 gesta-

1902 1160 1991 1215 bat
2042 1162 2260 1229 fascias,
2299 1175 2491 1220 octavo
2524 1176 2701 1220 autem
2748 1167 2815 1221 iis
2846 1168 3054 1223 solutus
3100 1172 3468 1229 circumcisio-

1901 1268 2021 1308 nem
2046 1255 2366 1325 accipiebat,
2408 1257 2664 1311 indicium
2700 1258 2884 1328 sigilli,
2913 1262 3034 1316 fidei
3060 1263 3290 1319 Abrahae
3317 1284 3333 1320 :
3361 1280 3467 1335 quo

1899 1346 2062 1399 etiam
2111 1362 2228 1407 nos,
2277 1345 2404 1401 licet
2443 1348 2831 1404 hebdomadam
2887 1351 3013 1406 vitae
3058 1357 3467 1425 gestaverimus,

1899 1447 2091 1503 nempe
2127 1433 2382 1488 vitiorum
2429 1436 2649 1505 fascias,
2702 1438 2919 1495 funibus
2966 1443 3307 1512 propriorum
3348 1461 3465 1515 pec-

1898 1536 2142 1581 catorum
2168 1530 2446 1584 constricti
2469 1528 2537 1597 ⁸³,
2570 1531 2622 1584 in
2664 1530 2771 1585 line
2799 1531 2925 1587 vita:
2956 1549 3053 1589 eas
3077 1534 3465 1606 dirumpamus,

1896 1626 1952 1671 et
1979 1617 2125 1672 velut
2151 1618 2206 1672 in
2230 1628 2417 1673 octava
2446 1620 2498 1674 in
2525 1622 2949 1688 resurrectione,
2984 1633 3211 1678 mortem
3241 1625 3466 1681 circum-

1896 1708 2019 1776 cisi,
2050 1709 2312 1779 aequalem
2337 1712 2541 1782 angelis
2564 1712 2730 1766 vitam
2755 1715 3164 1785 amplectamur.
3192 1717 3465 1788 Siquidem

200 1789 307 1841 λον
369 1787 487 1858 βίον
534 1786 933 1859 ἀσπασώμεθα.
994 1790 1084 1844 Ἐν
1134 1791 1244 1861 γὰρ
1379 1793 1675 1848 ἀναστάσει
1728 1796 1788 1849 οὐ

1896 1799 1947 1853 in
1976 1802 2382 1856 resurrectione
2413 1802 2612 1872 nuptiae
2651 1818 2755 1859 non
2785 1783 2911 1860 sunt
2934 1805 3001 1858 “.
3052 1805 3204 1862 Unde
3233 1783 3467 1862 circnm-

206 1878 504 1950 γαμοῦσιν.
536 1880 615 1932 Δι’
641 1878 670 1932 δ
692 1879 787 1932 καὶ
814 1879 1086 1953 περιτομὴ
1114 1883 1195 1946 είς
1217 1884 1286 1935 τά
1315 1884 1606 1956 γεννητικὰ
1627 1887 1792 1942 ἐδίδο-

206 1981 293 2020 το.
322 1966 444 2020 Ἵνα
479 1967 573 2020 καὶ
599 1967 648 2021 οί
679 1967 995 2039 Χριστιανοὶ
1031 1970 1170 2041 μετὰ
1209 1972 1382 2028 ταῦτα
1418 1974 1682 2045 μάθωσιν,
1722 1977 1791 2031 τὰ

198 2057 515 2129 τικτόμενα
543 2057 717 2131 βρέφη
769 2060 881 2133 (55)
924 2062 1062 2132 μετὰ
1084 2063 1185 2135 τῆς
1216 2067 1427 2138 μήτρας
1467 2068 1787 2141 σπάργανα,

207 2149 308 2202 καὶ
331 2148 441 2221 πρὸ
461 2148 642 2203 αὐτῶν
660 2149 769 2204 τῶν
793 2150 1065 2224 αίσθητῶν
1084 2156 1438 2226 σπαργάνων,
1467 2160 1790 2231 σφραγίζειν

205 2238 355 2293 αὐτὰ
380 2237 461 2310 τῷ
501 2238 858 2310 βαπτίσματι,
887 2243 946 2296 ὲν
970 2245 1036 2314 τῇ
1069 2248 1336 2319 περιτομῇ
1367 2246 1460 2300 τοῦ
1503 2248 1740 2320 Χριστοῦ
1770 2265 1785 2281 ⁸

207 2330 342 2400 περὶ
374 2324 446 2402 ἧς
480 2329 629 2399 λέγει
667 2332 697 2384 ὀ
738 2330 981 2396 Παῦλοςο
1025 2333 1128 2387 Ἐν
1164 2327 1213 2401 ᾧ
1240 2335 1340 2389 καί
1366 2339 1790 2409 περιετμήθητε

206 2418 503 2491 περιτομῇ
529 2420 975 2490 ἀχειροποιήτῳ,
992 2424 1404 2494 συνταφέντες
1434 2426 1593 2495 αὐτῷ
1619 2429 1690 2483 ὲν
1708 2429 1790 2496 τῷ

202 2513 581 2583 ,βαπτίσματι
606 2513 678 2568 ἐν
698 2515 773 2585 τῇ
797 2515 1080 2586 περιτομῇ
1106 2518 1210 2573 τοῦ
1236 2521 1514 2588 Χριστοῦ.

284 2606 351 2658 Ei
371 2601 467 2659 οῦν
495 2606 529 2676 ἡ
561 2604 655 2659 τοῦ
698 2607 952 2662 Ἰουδαίου
995 2610 1262 2683 περιτομὴ
1294 2610 1541 2684 πρὼῖμος
1566 2614 1660 2667 καὶ
1691 2631 1788 2668 τα-

206 2697 353 2766 χεῖα,
379 2696 475 2750 καὶ
498 2695 660 2761 εὐθὺς
686 2697 825 2768 μετὰ
849 2698 916 2752 τὰ
940 2700 1227 2771 σπάργανα
1244 2700 1323 2774 τῷ
1348 2702 1538 2774 βρέφει
1564 2705 1784 2758 ἐδίδοτο·

207 2786 395 2858 πολλῷ
448 2786 647 2857 μᾶλλον
693 2789 727 2859 ή
773 2788 868 2843 τοῦ
899 2789 1138 2861 Χριστοῦ
1187 2793 1457 2866 περιτομὴ
1495 2795 1647 2866 ήδιὰ
1690 2796 1787 2851 τοῦ

206 2878 623 2950 βαπτίσματος,
664 2879 866 2949 ὀφείλει
912 2883 1248 2957 ταχινωτέρα
1284 2885 1361 2958 τῷ
1415 2885 1604 2959 βρέφει
1650 2888 1823 2960 πρὸς,

205 2972 514 3041 ἀσφάλειαν
552 2971 788 3027 δίδοσθαι
813 2990 829 3006 ⁶
885 2975 1043 3029 τοῦτο
1101 2977 1221 3048 μὲν,
1273 2978 1361 3032 ἵνα
1406 2979 1497 3034 τὸν
1554 2979 1788 3053 Χριστὸν

208 3063 570 3135 ἑνδυσάμενον
606 3064 682 3128 ὡς
718 3063 961 3137 θώρακα,
997 3066 1072 3139 μὴ
1095 3067 1306 3140 φοϐηθῇ
1336 3070 1462 3134 τοὺς
1491 3071 1787 3142 πολεμίους

1905 1888 2041 1945 cisio
2075 1891 2128 1945 in
2166 1890 2494 1962 genitalibus
2536 1894 2660 1948 data
2702 1904 2805 1948 est.
2847 1893 2965 1959 Quo
2996 1893 3289 1950 Christiani
3330 1910 3466 1964 quo-

1895 1997 2000 2052 que
2044 1992 2232 2052 postea
2282 1984 2576 2048 discerent,
2628 1983 2865 2040 infantes
2913 1996 3088 2049 natos,
3136 1996 3255 2056 post
3290 1986 3463 2040 vulva:

1895 2073 2112 2138 fascias,
2163 2083 2219 2129 et
2259 2084 2385 2130 ante
2433 2077 2581 2146 ipsas
2609 2076 2894 2132 sensibiles
2920 2092 3113 2141 cunas,
3144 2076 3467 2148 consignare

1896 2167 2167 2234 baptismo
2188 2206 2203 2229 ,
2248 2168 2301 2221 in
2349 2167 2772 2224 circumcisione
2807 2169 3006 2223 Christi
3033 2186 3049 2236 ;
3106 2171 3174 2224 de
3204 2185 3307 2238 qua
3336 2168 3466 2224 dicit

1894 2255 2096 2311 Paulus
2120 2273 2135 2308 :
2160 2256 2230 2311 In
2255 2273 2357 2329 quo
2385 2268 2431 2313 et
2459 2260 2752 2313 circumcisi
2786 2261 2910 2313 estis
2940 2261 3331 2315 circumcisione
3362 2277 3464 2315 non

1893 2347 2219 2417 manufacta,
2263 2350 2547 2419 ronsepulti
2587 2351 2636 2404 ei
2676 2353 2731 2405 in
2772 2349 3045 2419 baptismo,
3097 2353 3152 2405 in
3190 2352 3464 2407 circumci-

1894 2439 2038 2494 sione
2070 2437 2267 2494 Christi
2289 2440 2355 2498 ".

1965 2614 2021 2671 Si
2043 2630 2172 2688 ergo
2199 2616 2366 2673 Judaei
2390 2618 2734 2673 circmncisio
2761 2618 2913 2672 velox
2938 2628 2991 2673 et
3017 2618 3147 2684 cita,
3170 2620 3458 2689 statimque

1893 2718 2014 2778 post
2044 2709 2308 2763 cunabula
2336 2709 2523 2764 infanti
2553 2710 2886 2777 tradebatur,
2924 2711 3091 2765 multo
3113 2712 3282 2781 magis
3303 2711 3464 2767 Chri-

1893 2798 1961 2853 sti
1990 2797 2355 2865 circumcisio,
2385 2814 2504 2868 qua:
2539 2814 2635 2868 per
2681 2798 3004 2868 baptismum
3049 2800 3342 2869 peragitur,
3365 2799 3462 2856 de-

1892 2889 1978 2945 bet
2008 2889 2239 2945 celerius
2266 2890 2457 2945 infanti
2511 2889 2629 2943 dari
2659 2890 2725 2943 ad
2775 2891 3152 2957 securitatem;
3185 2891 3378 2958 partim
3405 2899 3463 2944 ut

1892 2980 2165 3037 Christum
2202 2983 2376 3037 instar
2404 2981 2581 3037 loricae
2607 2982 2845 3047 indutus,
2878 2997 2983 3037 non
3010 2992 3256 3037 vereatur
3282 2984 3462 3038 inimi-

1894 3092 1989 3131 cns
2032 3076 2327 3141 daemones,
2362 3067 2558 3145 partim
2605 3091 2672 3131 ne
2716 3077 2958 3130 tradatur
3009 3075 3061 3130 in
3107 3076 3463 3141 ltazresim,ac

205 3156 471 3226 δαίμονας
491 3170 507 3185 ·
531 3155 690 3210 τοῦτο
713 3156 795 3222 δὲ,
825 3157 913 3211 ἴνα
942 3158 1018 3230 μὴ
1047 3159 1279 3232 προδοθῇ
1314 3161 1394 3227 είς
1415 3161 1625 3232 αἵρεσιν
1654 3162 1784 3233 (37),

1896 3170 1986 3222 liat
2012 3169 2279 3238 captivus.
2320 3167 2561 3237 lutelligc
2605 3183 2725 3237 qua:
2779 3168 2923 3222 dico.
2966 3166 3145 3222 Nostis
3187 3182 3305 3236 qua:
3344 3167 3459 3221 fieri

209 3250 308 3303 καὶ
348 3248 695 3320 αἰχμάλωτον
736 3249 980 3320 γένηται.
1026 3251 1155 3305 Νόει
1192 3251 1229 3306 ἃ
1278 3252 1441 3322 λέγω.
1477 3253 1668 3308 Οἴδατε
1716 3254 1786 3308 τὰ

205 3334 494 3410 γινόμενα.
531 3340 701 3394 Τοῦτο
735 3340 826 3405 δὲ,
859 3342 945 3395 ἵνα
992 3341 1094 3396 κᾶν
1126 3341 1447 3415 τελευτήσῃ,
1486 3345 1562 3415 μὴ
1594 3343 1782 3416 ἐξέλθῃ

208 3433 604 3503 άσφράγιστον.
656 3435 768 3487 Kal.
796 3434 876 3487 ὅτι
917 3434 1006 3489 διὰ
1035 3433 1249 3506 πατέρα
1292 3435 1326 3506 ἢ
1361 3436 1573 3509 μητέρα
1604 3435 1785 3506 ἑτερό-

206 3523 386 3588 δοξον,
408 3524 469 3577 τὸ
501 3522 698 3595 βρέφος
725 3524 1024 3597 ἐϐαπτίσθη
1047 3525 1140 3579 καὶ
1166 3528 1267 3580 οὐκ
1295 3526 1614 3596 ἐϐαπτίσθη,
1645 3525 1783 3580 ἀλλὰ

208 3615 618 3688 κατεϐαπτίσθη
650 3618 729 3681 είς
766 3619 998 3690 αἵρεσιν·
1042 3617 1195 3675 οὔπω
1223 3618 1317 3672 τὸν
1352 3618 1464 3691 βίον
1501 3617 1783 3683 ἔπλευσεν,
1822 3618 1827 3637 ’

208 3706 309 3762 καὶ
340 3707 446 3778 ήδη
477 3709 834 3780 ἐναυάγησεν.
868 3710 982 3782 Πρὸ
1009 3709 1103 3768 τοῦ
1151 3710 1407 3782 αἰσθητοῦ
1460 3710 1694 3781 ίματίου,
1727 3710 1790 3763 τὸ

207 3797 498 3870 βασιλικὸν
529 3798 766 3872 Χριστοῦ
821 3802 1035 3872 ἱμάτιον
1081 3801 1144 3855 τὸ
1189 3801 1391 3873 βρέφος
1430 3802 1668 3867 ἕνδυσον,
1701 3802 1789 3855 ἵνα

207 3890 491 3962 καυχήσῃ,
518 3891 599 3944 ὅτι
634 3890 843 3947 παιδίον
874 3908 968 3949 σου
999 3891 1074 3956 ὡς
1109 3891 1364 3965 βασιλεὺς
1386 3894 1466 3956 εἰς
1504 3890 1790 3964 πορφύραν

282 4051 327 4085 ⁸⁸
363 4051 401 4106 l.
431 4051 612 4126 ὀγδόῃ.
686 4051 731 4084 ⁸²
756 4051 949 4123 Ephes.
980 4069 1033 4118 ν,
1056 4054 1107 4109 5.
1184 4053 1231 4085 ⁸³
1260 4052 1416 4106 Prov.
1445 4068 1497 4117 v,
1530 4052 1622 4106 22.
1696 4052 1788 4108 “l

1901 4059 1955 4113 h.
1983 4077 2117 4128 nn,
2143 4062 2229 4117 50.

290 4259 407 4329 (⁸54)
441 4260 626 4330 Ἄτος.
658 4258 747 4314 Sic
776 4258 1041 4314 Ctesarins
1080 4257 1449 4330 Responsione
1499 4259 1567 4315 ad
1610 4259 1783 4316 Inter-

1889 3259 2082 3315 solent.
2110 3259 2312 3313 Partim
2338 3269 2395 3313 ιιι
2418 3260 2464 3314 si
2487 3259 2769 3324 moriatur,
2824 3275 2929 3314 non
2955 3260 3182 3332 emigret
3252 3259 3460 3327 absque

1888 3349 2185 3418 signaculo.
2217 3350 2283 3404 Et
2318 3351 2443 3421 quia
2470 3361 2688 3420 promer
2719 3360 2926 3420 patrem
2965 3360 3057 3405 aut
3099 3358 3325 3404 matrem
3362 3349 3460 3403 ali-

1889 3448 1972 3495 ter
1991 3455 2152 3510 quam
2189 3439 2433 3495 Ecclesia
2457 3440 2803 3507 sentientem,
2837 3441 3018 3495 infans
3049 3442 3328 3496 demersus
3354 3450 3458 3508 est,

1892 3546 1998 3586 non
2026 3532 2292 3602 baptismo
2321 3533 2544 3599 tinctus,
2572 3534 2666 3588 sed
2712 3533 2764 3587 in
2802 3533 3069 3588 haereseos
3113 3534 3266 3603 aquis
3297 3530 3461 3586 sntio-

1889 3624 2336 3679 catns:nondum
2385 3624 2512 3679 vitae
2556 3623 2949 3694 navigationem
2997 3624 3244 3689 instituit,
3272 3634 3325 3679 et
3346 3624 3458 3694 jam

1891 3713 2230 3785 naufragium
2276 3716 2424 3771 fecit.
2468 3716 2609 3773 Ante
2661 3716 2966 3772 sensibilem
3008 3716 3287 3782 amictum,
3316 3715 3457 3785 regia

1894 3805 2095 3860 Christi
2125 3816 2274 3863 veste
2296 3809 2555 3864 infantem
2583 3809 2766 3875 indue,
2801 3823 2910 3881 quo
2952 3809 3200 3880 glorieris
3232 3823 3457 3878 puerum

1897 3906 2046 3953 tuum
2072 3899 2246 3956 instar
2283 3901 2426 3972 regis
2452 3901 2506 3956 in
2532 3917 2768 3973 purpura
2820 3904 3057 3975 genitum
3094 3917 3233 3957 esse.
3261 3901 3319 3956 in
3340 3901 3460 3972 lege

2342 4062 2388 4095 ⁸⁸
2426 4063 2633 4119 Coloss.
2660 4078 2723 4128 ll,
2758 4063 2844 4126 ll,
2876 4062 2963 4117 l2.

1888 4273 1944 4318 ut
1978 4262 2071 4318 illa
2088 4262 2241 4317 verba
2269 4266 2415 4315 dicas
2444 4260 2671 4328 Christo,
2704 4259 3032 4329 consepultus
3055 4275 3168 4315 cum
3203 4259 3317 4321 illo.
3339 4275 3456 4313 cum

207 4328 545 4405 rogationem
576 4330 697 4405 151,
730 4330 1076 4405 τὺ-ᾰγοςμτῆς
1113 4328 1357 4400 μοιχείας
1389 4330 1616 4385 dixerat.
1673 4330 1780 4387 Sed

1896 4334 1994 4397 iam
2014 4335 2087 4387 sis
2112 4349 2232 4387 mox
2254 4334 2516 4405 abiturus
2529 4332 2555 4384 .’
2576 4333 2736 4405 Atqui
2778 4328 2967 4385 vereor
2996 4344 3062 4383 ne
3113 4330 3455 4405 scribendum
3475 4393 3489 4405 .

204 4399 620 4470 corruptoribus
644 4401 840 4470 placuit
863 4400 925 4453 τὸ
947 4399 1130 4468 ἄλγος.

1210 4469 1528 4541 vocabulum
1563 4470 1781 4541 elegan-
1810 4442 1858 4499 D

206 4544 343 4597 tium
378 4538 678 4594 verborum
726 4539 909 4598 Cvrilli
956 4538 1296 4595 Alexandrini
1348 4540 1444 4598 lib.
1488 4556 1560 4596 vlt
1597 4538 1781 4595 contra

205 4612 488 4681 Iulianum
517 4626 569 4681 p_.
590 4609 717 4681 245,
745 4609 888 4676 244,
936 4614 1031 4667 sed
1102 4611 1533 4681 depravatorum.
1571 4614 1779 4681 ἀναμε-

206 4680 484 4755 στούντων
513 4679 604 4755 τδν
636 4679 749 4755 βίον
778 4681 977 4755 ᾁθλίων
1004 4680 1190 4755 τεῂκαὶ
1210 4680 1481 4755 ὀδωδότων
1504 4679 1781 4755 διηγημά-

206 4769 338 4815 των,
365 4749 463 4803 καὶ
484 4748 763 4821 μυθαρίων
791 4750 1274 4821 ᾁκαλλεστάτων,ἂ
1301 4752 1394 4821 καὶ.
1421 4748 1781 4821 τιτθαὶήιραἰεν

207 4824 276 4877 ἂν
311 4823 466 4884 ἴσως,
486 4817 561 4874 τὰ
587 4817 931 4894 ﬂammea
948 4821 1057 4894 τῶν
1092 4821 1306 4894 βρεφῶν
1333 4817 1393 4875 εὗ
1430 4822 1575 4892 μάλα
1612 4817 1780 4877 κατα-

207 4894 397 4963 κηλείν
447 4890 861 4963 σπουδάζουσα.
912 4891 1028 4947 Non
1081 4890 1224 4946 enim
1253 4890 1442 4948 vereor
1482 4896 1782 4948 rescribere

206 4960 605 5026 δυσυπνοῦντα,
632 4975 755 5017 enm
786 4964 1032 5016 idoneum
1059 4963 1279 5016 habeam
1309 4972 1580 5018 auctorem
1607 4963 1782 5017 Plato-

208 5050 356 5098 nem,
387 5033 478 5100 qni
508 5031 603 5087 ltb.
639 5048 711 5088 vn
745 5031 821 5085 De
859 5032 957 5099 leg.
989 5034 1124 5086 dixit
1169 5032 1235 5086 τά
1265 5032 1642 5087 δυσυπνοῦντα
1670 5030 1780 5086 τῶν

208 5104 467 5167 παιδίων,
493 5112 549 5174 et
580 5103 647 5157 ad
668 5118 828 5174 quem
856 5103 1051 5174 procul
1083 5102 1242 5158 dubio
1268 5105 1497 5173 respexit
1522 5102 1776 5174 Cyrillus.

210 5174 477 5239 lmpleant
500 5173 663 5227 vitam
689 5173 891 5225 miseris
941 5174 1234 5241 putidisque
1271 5175 1685 5237 narrationibus,
1729 5182 1781 5226 et

208 5245 515 5315 [rectissimis
543 5243 768 5312 fabellis,
802 5258 933 5311 quas
970 5252 1032 5315 et,
1056 5246 1281 5315 nutrices
1311 5245 1490 5312 forsan
1524 5244 1778 5315 dixerint,

209 5313 328 5370 cum
363 5314 658 5382 infantulos
680 5328 801 5368 suos
829 5328 968 5381 (egre
983 5313 1416 5368 obdormiscentes
1439 5313 1664 5368 maxime
1687 5330 1780 5368 co-

208 5394 407 5442 nantur
441 5382 750 5439 demulcere.

280 5455 393 5525 (56)
423 5455 836 5525 Συνταςρέντες
865 5452 1025 5520 αὐτῷ
1049 5454 1120 5508 ἐν
1141 5453 1221 5520 τῷ
1241 5454 1630 5523 βαπτίσματι.
1660 5453 1777 5508 Col.

211 5543 270 5591 ll,
291 5523 319 5580 ’1
333 5530 385 5579 2.
426 5523 483 5578 ιιι
514 5524 822 5596 dilationem
852 5526 1101 5594 baptismi
1147 5528 1563 5596 Chrysostontns
1592 5525 1777 5596 ltomil.

211 5600 237 5653 ί
275 5596 344 5649 ad
376 5596 513 5648 Acta
546 5592 935 5664 apostolorum.
972 5606 1097 5649 ante
1131 5592 1311 5656 tinem,
1340 5594 1471 5646 πότε
1497 5594 1554 5645 δὲ
1585 5592 1654 5664 τὰ
1681 5595 1780 5664 ῥή-

215 5683 359 5736 ματα
383 5663 733 5737 ἐκεῖναπρός
759 5665 853 5737 τὸν
878 5665 1109 5737 Χριστὸν
1158 5667 1322 5735 ἐρεῖς,
1348 5663 1783 5737 ωνθαπτόμενος

213 5740 380 5808 αὐτῷ,
414 5736 625 5812 μέλλων
648 5736 961 5813 ὰποπηδᾷνς
989 5736 1212 5804 Quando
1260 5750 1373 5793 vero
1415 5736 1649 5809 futurum
1680 5743 1777 5803 est,

1886 4399 1977 4477 sit,
2004 4404 2447 4477 συνταττόμενος.
2480 4402 2554 4454 Ex
2583 4399 2769 4477 eodem
2786 4414 2961 4477 aureo
3001 4414 3094 4477 ore
3136 4399 3265 4477 alibi
3293 4413 3453 4477 saepe,

1889 4474 2033 4527 hom.
2068 4473 2130 4525 2i
2170 4476 2239 4525 ad
2271 4470 2532 4538 populum
2590 4471 2985 4532 Antiochenam,
3020 4471 3071 4522 in
3130 4470 3255 4534 fine,
3298 4470 3458 4521 τοῦτο

1889 4540 2116 4613 φθέγξαι
2147 4542 2205 4594 τὸ
2230 4543 2378 4612 ῥῆμα
2403 4540 2683 4613 πρότερον·
2713 4539 3116 4613 Ἀποτάσσομαί
3147 4556 3252 4601 σοι,
3287 4539 3460 4613 Σατα-

1887 4609 1976 4677 νᾶ,
2000 4609 2093 4666 καὶ
2116 4615 2184 4684 τῇ
2204 4609 2395 4683 πομπῇ
2424 4609 2539 4671 σου,
2570 4609 2664 4663 καὶ
2691 4612 2757 4682 τῇ
2785 4609 3029 4681 λατρεία
3056 4626 3149 4662 σου
3175 4650 3190 4674 ,
3222 4609 3315 4663 καὶ
3344 4626 3459 4661 συν-

1887 4682 2155 4737 τάσσομαί
2184 4699 2283 4737 σοι.
2313 4681 2536 4737 Χοιστέ.
2573 4681 2821 4733 Encomio
2868 4682 2923 4732 iu
2957 4664 3233 4732 Iulianum
3262 4689 3458 4737 marty-

1887 4695 2154 4754 τασσομαι
2184 4699 2283 4746 σοι,
2313 4695 2536 4753 λριστε.
2573 4695 2821 4733 ηηεοηιιο
2868 4697 2923 4732 ιιι
2957 4695 3233 4732 Juttanum
3262 4695 3457 4747 marty-

1888 4769 2016 4824 rem,
2042 4751 2414 4824 ἀναμνήσθητι
2446 4750 2552 4824 τῶν
2577 4750 2835 4824 ῥημάτων
2863 4749 3082 4824 ἐκείνων
3108 4750 3201 4824 καὶ
3220 4749 3457 4824 τῆς-συν-

1888 4822 2083 4895 θήκης.
2108 4819 2372 4895 Catechesi
2401 4823 2468 4874 ad
2493 4821 2887 4895 illuminandos,
2921 4822 3133 4895 gemino
3165 4820 3305 4895 lyco,
3325 4819 3455 4895 ὅταν

1889 4863 2182 4978 μήτέντοὺς
2212 4863 3024 4978 παρόνταςθὲεπιγινώσκηῖμῆτε
3062 4889 3242 4978 φωνῆς
3260 4888 3455 4978 ἀκούῃ.

1889 4958 2025 5035 μήτε
2057 4958 2449 5083 ἀποκρίνασθαι
2475 4960 2693 5030 δύνηται
2716 4959 2782 5012 τὰ
2809 4958 3029 5083 Emme
3060 4962 3259 5023 ἐκεῖνα,
3298 4958 3363 5011 δι’
3382 4958 3458 5012 ὧν

1889 5033 1987 5083 τὴν
2018 5050 2202 5083 uanae
2225 5049 2289 5083 av
2319 5032 2591 5083 συνθήκην
2625 5031 2760 5083 πρὸς
2784 5046 2813 5080 τ
2848 5048 2876 5082 ν
2904 5028 3080 5082 κοινὸν
3105 5028 3261 5083 ἡμῶν
3293 5028 3459 5083 ἀπάν-

1887 5031 1987 5105 τὴν
2016 5031 2289 5155 μακαρίαν
2319 5032 2591 5101 συνθήκην
2625 5031 2760 5102 πρὸς
2784 5031 2876 5083 τὸν
2904 5031 3080 5107 κοινὸν
3105 5031 3261 5152 ήμῶν
3293 5031 3459 5110 ἀπάν-

1884 5119 1993 5175 των
2019 5120 2159 5158 κατα
2195 5104 2382 5175 ήσεται
2418 5100 2700 5175 δεσπότην.
2739 5100 2898 5175 lion].
2922 5099 2957 5151 2
2997 5115 3048 5151 tn
3072 5098 3097 5150 Ι
3167 5100 3235 5152 ad
3268 5096 3459 5152 Corm-

1890 5174 2047 5238 tltios,
2078 5175 2103 5228 1
2143 5168 2516 5239 οιΙἘιιΙιυείοε,
2551 5182 2604 5223 et
2639 5168 2676 5222 Β
2708 5171 2773 5222 ad
2807 5168 3172 5239 Colossenses.

1952 5237 2065 5317 (37)
2104 5237 2368 5317 AJQgO’tiﬂ
2404 5242 2551 5317 llanc
2576 5254 2757 5293 vocent
2780 5237 3215 5317 _redde_t_)‘:esario
3249 5249 3451 5317 quiest.

1885 5307 2013 5380 440,
2046 5307 2097 5370 in
2121 5307 2441 5367 Bibliotheca
2464 5309 2681 5363 Patrum
2707 5320 2746 5362 t.
2780 5308 2819 5380 l,
2848 5324 2901 5373 ρ.
2928 5307 3061 5361 658:
3098 5307 3228 5359 ’ἰδοὺ
3244 5307 3455 5380 δέδωκα

1886 5377 2014 5457 ὑμῖν
2051 5384 2296 5453 ἐξουσίαν
2346 5382 2535 5434 πατεῖν
2571 5381 2752 5432 ἐπάνω
2793 5378 2968 5447 ὀφεων
3009 5379 3103 5430 καὶ
3158 5377 3450 5445 σκορπίων.

1886 5457 1994 5499 Καὶ
2014 5459 2104 5499 id
2132 5457 2311 5499 πᾶσαν
2343 5453 2440 5499 τὴν
2460 5452 2687 5499 δύναμιν
2709 5448 2803 5499 τοῦ
2826 5445 3020 5499 ὲνθοοῦ
3046 5462 3058 5475 ⁸
3084 5448 3204 5499 ἥτις
3221 5444 3454 5499 ὑπὰογει

1886 5448 1994 5510 Kal.
2014 5448 2108 5510 ὲπὶῖ
2132 5457 2311 5508 πᾶσαν
2343 5453 2440 5525 τὴν
2460 5452 2687 5521 δύναμιν
2709 5448 2803 5501 τοῦ
2826 5448 3020 5573 ἐχθροῦ
3046 5462 3058 5475 ·
3084 5448 3204 5517 ἥτις
3221 5448 3454 5525 ὑπὰοχει

1886 5530 2037 5581 πᾶσα
2081 5528 2312 5597 αἵρεσις,
2338 5542 2440 5577 non
2473 5537 2620 5597 vero,
2647 5519 2881 5597 alveare.
2956 5519 3115 5597 tidem
3145 5517 3305 5597 redde
3329 5501 3454 5569 0ιί-

1885 5600 2005 5680 geni
2035 5588 2219 5680 ιιοιιὶιίε
2260 5588 2325 5648 i6
2356 5598 2423 5680 iii
2443 5592 2765 5680 _.lcremium,
2814 5599 2938 5647 ante
2970 5588 3152 5657 liuent,
3178 5588 3342 5642 etiam
3384 5599 3453 5645 ex

1887 5663 2329 5739 interpretatione
2363 5663 2695 5736 HicrOnytni.
