3892 6272
471 268 597 327 υ]

1744 273 1804 329 Β.
1845 273 2121 330 ASTERII
2158 275 2463 331 AMASENI

3608 269 3717 327 448

475 396 565 448 qut
582 387 775 436 octavo
796 380 885 437 die
912 395 1019 436 non
1037 379 1546 449 circumcidebatur,
1562 382 1886 440 maledictus
1905 397 2044 453 erat;

2162 389 2464 460 (εγέννηται
2497 388 2631 458 ('58).
2672 389 2731 442 '0
2768 390 2843 460 μὴ
2871 386 3326 458 περιτεμνόμενος
3366 385 3424 439 ὲν
3450 382 3527 454 τῷ
3562 385 3718 457 νόμῳ

475 469 529 522 in
558 471 732 539 gratia
776 469 869 540 qui
908 484 1015 525 non
1047 477 1131 524 est
1159 470 1491 540 baptizatus,
1521 487 1550 527 a
1584 487 1748 542 regno
1780 475 2040 531 caelorum

476 570 768 615 extraneos
798 569 884 616 est
911 570 1074 631 atque
1103 561 1328 616 alienus.
1362 562 1461 628 Qui
1486 563 1629 618 enim
1661 564 1798 619 dixit
1822 568 1873 619 in
1896 566 2041 637 lege:

477 651 794 707 Maledicta"
848 655 1017 707 omnis
1066 653 1333 708 masculus
1356 656 1445 723 qui
1492 672 1594 708 non
1644 657 2047 712 circumcidetur

477 754 656 795 octavo
684 744 788 807 die,
819 744 1249 798 exterminabitur
1275 746 1455 800 anima
1489 746 1581 799 illa
1627 747 1692 801 de
1741 749 1933 817 populo
1954 750 1999 781 ⁸⁸
2025 768 2041 816 ;

477 831 618 885 idem
655 850 776 887 cum
802 832 1110 901 iuramento
1137 837 1505 903 pronuntiavit
1543 837 1597 891 in
1629 840 1840 908 gratia:
1881 839 2047 894 Amen

475 937 626 975 amen
652 924 768 975 dico
819 923 933 987 tibi,
982 924 1084 977 nisi
1117 927 1234 995 quis
1280 939 1491 980 renatus
1528 927 1686 995 fuerit
1734 945 1799 983 ea:
1830 946 1969 999 aqua
1998 942 2046 985 et

479 1007 703 1080 Spiritu,
740 1029 841 1067 non
871 1027 1035 1084 potest
1067 1017 1240 1070 videre
1276 1033 1490 1087 regnum
1528 1018 1624 1073 Dei
1647 1020 1790 1075 ⁸⁷.-
1811 1020 2048 1090 Inﬁnem

476 1121 572 1173 pro
601 1115 802 1161 octava.
830 1105 894 1160 In
921 1107 1078 1175 ﬁnem
1125 1110 1337 1178 quare?
1375 1112 1509 1179 Quia
1550 1111 1706 1168 initio
1754 1112 1918 1167 dixit:
1945 1112 2050 1168 Do-

476 1198 641 1260 mine,
671 1215 734 1251 ne
756 1199 809 1251 in
840 1198 1018 1265 furore
1047 1208 1137 1254 tuo
1157 1218 1351 1271 arguas
1377 1218 1455 1256 me
1481 1218 1502 1256 :
1543 1204 1698 1273 quasi
1727 1205 1945 1274 quidam
1971 1206 2050 1258 di-

478 1298 709 1344 cerent:
745 1290 1115 1347 Exouditusne
1137 1293 1258 1348 est?
1303 1294 1521 1348 ubinam
1567 1310 1858 1363 possumus
1900 1296 2053 1350 inve-

480 1379 597 1433 nire
631 1382 770 1448 quod
795 1389 918 1449 post
965 1396 1153 1449 preces
1188 1383 1477 1437 exauditus
1521 1383 2048 1455 fuerit?respondet:

478 1468 547 1524 In
582 1471 762 1538 ﬁnem.
798 1471 940 1540 Lege
974 1471 1131 1527 linem
1170 1473 1388 1543 psalmi,
1411 1485 1469 1529 et
1495 1476 1731 1545 reperies
1751 1477 2050 1534 dicentem:

480 1560 536 1617 9.
584 1560 846 1616 Discedite
901 1580 933 1615 a
972 1579 1090 1625 me,
1135 1581 1312 1620 omnes
1346 1566 1437 1635 qui
1486 1569 1774 1637 operamini
1801 1569 2054 1640 iniquita-

481 1659 623 1711 tem;
650 1653 893 1721 quoniam
923 1653 1187 1707 exaudivit
1234 1653 1489 1711 Dominus
1535 1673 1709 1712 vocem
1741 1659 1895 1727 ﬂetus
1923 1661 2054 1724 mei,-

483 1740 717 1797 intendit
741 1745 1108 1813 deprecatioui
1140 1761 1293 1802 meae.
1327 1747 1599 1814 Quando?
1628 1748 1696 1803 In
1726 1750 1908 1819 ﬁnem.

2142 478 2505 549 ὀκταήμερος,
2531 477 2925 549 ὲπικατάρατος
2946 472 3036 549 ἦν·
3069 478 3099 530 6
3124 475 3198 547 μὴ
3230 473 3628 546 βαπτιζόμενος
3654 474 3715 527 ὲν

2141 569 2208 638 τῇ
2262 566 2481 637 χάριτι,
2520 566 2620 637 τῆς
2652 565 2926 636 βασιλείας
2969 565 3077 620 τῶν
3129 562 3375 637 οὐρανῶν
3424 563 3571 629 ξένος
3618 563 3716 617 καὶ

2143 656 2440 729 ἀλλότριος.
2492 657 2550 711 '0
2576 656 2685 730 γάρ
2713 656 2881 712 εἰπὼν
2906 659 2967 710 ὲν
2996 656 3074 729 τῷ
3104 657 3274 727 νόμῳ·
3319 653 3716 723 Ἐπικατάρα-

2143 765 2246 814 τος
2268 747 2387 815 πᾶς
2408 747 2605 819 ἄρσην
2626 748 2694 816 ὃς
2723 751 2798 803 οὐ
2817 747 3313 829 ⁸περιτμινιθἥσει-ιιι
3335 745 3411 814 τῇ
3432 745 3622 816 ἡμέρᾳ
3642 744 3717 814 τῇ

2145 839 2351 908 ὀγδόῃ,
2378 840 2956 911 ὲξολοθρευθήσεται
2988 841 3026 909 ἡ
3050 838 3222 910 ψυχὴ
3260 838 3464 906 ἐκείνη
3510 837 3580 889 ἐκ
3610 835 3723 890 τοῦ

2143 930 2319 986 λαοῦ·
2375 932 2404 984 6
2452 932 2615 995 αὐτὸς
2658 929 2807 985 εἶπεν
2872 931 3011 1003 μετὰ
3057 931 3220 1001 ὅρκου
3264 930 3322 982 ὲν
3369 930 3438 999 τῇ
3491 926 3676 998 χάριτι
3704 941 3722 956 ο

2160 1022 2348 1093 Ἀμὴν
2386 1025 2548 1094 ἀμὴν
2590 1025 2744 1094 λέγω
2778 1040 2899 1089 σοι.
2952 1023 3061 1078 ἐὰν
3100 1020 3186 1094 μή
3221 1039 3310 1088 τις
3342 1018 3608 1090 γεννηθῇ
3652 1017 3724 1082 ἐξ

2147 1116 2367 1184 ὓδατος
2403 1117 2501 1172 καὶ
2529 1119 2893 1188 Πνεύματος,
2926 1120 2998 1173 οὐ
3031 1117 3279 1171 δύναται
3305 1112 3453 1167 ἰδεῖν
3475 1109 3590 1180 τὴν
3612 1110 3730 1175 ,Βαμ-

2147 1209 2389 1263 σιλειαν
2437 1208 2541 1263 τοῦ
2592 1210 2759 1264 Θεοῦ.
2810 1239 2880 1253 -—
2923 1212 3028 1274 Εις
3072 1206 3139 1261 τὸ
3188 1205 3364 1271 τέλος
3405 1200 3559 1271 ὑπὲρ
3614 1198 3728 1269 τῆς

2150 1298 2387 1369 ὀγδόης.
2434 1302 2537 1366 Εἰς
2568 1300 2636 1353 τὸ
2683 1299 2898 1366 τέλος,
2945 1299 3033 1354 διὰ
3092 1298 3179 1363 si;
3230 1294 3450 1366 Ἐπειδὴ
3496 1295 3577 1358 εἰς
3620 1292 3727 1363 τὴν

2151 1385 2325 1457 ἀρχὴν
2358 1382 2510 1440 εἶπεν
2528 1404 2541 1417 ’
2570 1389 2765 1458 Κύριε,
2802 1388 2889 1458 μὴ
2919 1387 3000 1454 τῷ
3028 1385 3192 1457 θυμῷ
3211 1400 3328 1440 σου
3349 1382 3607 1454 euersae
3621 1397 3722 1451 με’

2151 1475 2229 1540 ὥς
2251 1495 2411 1531 τινων
2443 1478 2726 1548 λεγόντων,
2752 1475 2895 1552 Ἆρα
2924 1477 3284 1550 εἰσηκούσθης
3317 1476 3420 1531 ποῦ
3447 1473 3730 1545 δυνάμεθα.

2151 1570 2355 1641 εὑρεῖν,
2379 1571 2460 1625 ὃτι
2486 1570 2923 1643 προσευξάμενος
2944 1568 3271 1641 εἰσηκούσθη
3292 1586 3308 1635 ;
3332 1566 3688 1635 ἀποκρίνεται
3708 1582 3723 1596 ο

2156 1665 2261 1729 Εις
2283 1661 2348 1715 τὸ
2365 1662 2560 1729 τέλος.
2613 1664 2914 1733 ’Δνάγνωθι
2945 1663 3006 1716 τὸ
3048 1662 3202 1726 τέλος
3231 1660 3326 1714 τοῦ
3358 1658 3600 1730 ψαλμοῦ,
3631 1658 3730 1712 καὶ

2082 1744 2126 1802 Β
2153 1754 2407 1826 εὑρήσεις
2437 1754 2685 1825 λέγοντα·
2733 1756 3067 1823 Ἀπόστητε
3093 1754 3194 1809 ἀπ’
3219 1753 3389 1823 ἐμοῦ,
3415 1751 3640 1817 πάντες
3670 1753 3730 1804 οἱ

479 1834 851 1905 ἐργαζόμενοι
879 1837 994 1904 τὴν
1027 1839 1301 1909 ἀνομίαν,
1339 1840 1428 1894 ὅτι
1452 1842 1818 1911 εἰσήκουσεν
1839 1845 2058 1916 Κύριος
2093 1845 2206 1916 τῆς
2236 1848 2444 1917 φωνῆς
2484 1851 2591 1905 τοῦ
2635 1851 2943 1920 κλαυθμοῦ
2986 1868 3129 1920 μου,
3176 1849 3476 1922 προσέσχεν
3502 1849 3570 1919 τῇ
3610 1846 3734 1917 δεή-

482 1945 565 1982 σει
590 1946 713 1999 μου.
739 1931 877 1984 Πότε
900 1947 914 1997 ;
941 1933 1046 1998 Εἰς
1073 1932 1139 1986 τὸ
1160 1932 1352 1999 τέλος.

533 2059 600 2113 In
624 2059 778 2128 ﬁnem
796 2077 889 2128 pro
907 2063 1103 2116 octava.
1131 2061 1244 2116 Cur
1268 2072 1450 2118 autem
1473 2074 1668 2119 octavo
1683 2065 1770 2120 die
1793 2066 2050 2121 Dominus

482 2151 821 2205 resurrexit?
845 2151 1109 2218 Quoniam
1142 2154 1313 2222 prima
1352 2155 1630 2211 hominum
1663 2157 1887 2226 ogdoas,
1912 2168 2050 2212 temo

483 2256 616 2312 pore
637 2242 783 2308 Noae,
810 2253 929 2313 post
953 2244 1161 2315 antiqui
1182 2247 1329 2300 orbis
1354 2247 1652 2314 interitum,
1680 2263 1876 2302 novum
1906 2265 2053 2302 mun-

485 2334 610 2396 dum
654 2334 709 2387 in
742 2344 929 2389 nostro
965 2350 1165 2405 genere
1220 2338 1522 2392 suscitavit.
1567 2339 1857 2409 Postquam
1907 2340 2051 2394 enim

489 2426 723 2480 mundus
743 2441 807 2480 ex
830 2427 1187 2483 fornicatione
1220 2428 1370 2484 febre
1398 2441 1642 2485 mortuus
1682 2441 1765 2486 est
1806 2447 1902 2499 per
1925 2445 2053 2502 pec-

488 2529 689 2581 catum,
718 2526 771 2571 et
795 2518 1039 2588 sepultus
1066 2518 1166 2572 fuit
1222 2521 1274 2574 in
1319 2521 1474 2589 aquis
1507 2521 1713 2584 diluvii,
1757 2532 1884 2577 tunc
1904 2532 2051 2577 octo.

488 2608 673 2663 uarius
704 2606 983 2662 hominum
1029 2610 1119 2678 qui
1151 2610 1205 2663 in
1259 2625 1387 2664 arca
1433 2621 1681 2666 servatus
1718 2612 1913 2675 fuerat,
1960 2626 2056 2681 per

489 2698 782 2754 liberorum
852 2703 1246 2771 susceptionem
1312 2703 1569 2757 mundum
1645 2705 1943 2758 suscitavit.
1989 2703 2056 2760 Et

489 2791 632 2857 quod
676 2789 967 2845 liberorum
1020 2791 1323 2860 procreatio
1363 2792 1580 2846 nomine
1646 2794 2056 2849 resurrectionis

491 2884 738 2945 donetur,
768 2879 893 2933 audi
951 2880 1113 2934 verba
1156 2882 1344 2934 matris
1394 2880 1535 2947 Erae,
1588 2884 1804 2950 quando
1852 2882 2057 2950 peperit

493 2970 754 3026 Setbutn:
782 2972 1067 3027 Suscitavit
1100 2972 1235 3025 enim
1259 2971 1386 3025 mihi
1417 2971 1556 3026 Deus
1595 2988 1763 3026 semen
1790 2974 1935 3026 aliud
1962 2989 2055 3041 pro

489 3062 648 3116 Abele
668 3079 818 3132 quem
848 3064 1036 3117 occidit
1062 3059 1193 3117 Cain
1225 3063 1291 3116 ⁸⁸.
1318 3061 1383 3117 Ει
1411 3064 1495 3120 lex
1524 3081 1538 3118 :
1581 3062 1639 3119 Si
1672 3065 1815 3133 quis,
1861 3064 2054 3132 inquit,

492 3156 606 3210 sine
635 3156 813 3209 liberis
847 3166 1080 3209 mortuus
1121 3155 1301 3225 fuerit,
1339 3155 1562 3226 accipiet
1590 3156 1753 3224 frater
1789 3157 1901 3224 ejus
1923 3172 2057 3211 uaso-

492 3262 625 3311 rem,
656 3257 702 3300 et
753 3248 1026 3301 suscitabit
1080 3264 1252 3301 semen
1292 3249 1453 3316 fratri
1482 3264 1578 3302 suo
1599 3248 1645 3281 ⁸⁸
1670 3270 1683 3303 :
1739 3257 1795 3302 et
1825 3261 1940 3303 erat
1970 3263 2057 3303 re-

2200 2070 2324 2138 Ἐὶς
2362 2074 2424 2128 τὸ
2463 2076 2635 2140 τέλος
2658 2072 2809 2142 ὑπὲρ
2835 2070 2942 2140 τῆς
2972 2067 3326 2142 ὀγδόης.Διὰ
3361 2067 3414 2120 τί
3453 2065 3511 2120 δὲ
3556 2065 3617 2118 ἐν

2155 2168 2316 2241 ὀγδόῃ
2334 2166 2516 2237 ἡμέρᾳ
2533 2165 2732 2234 ἀνέστη
2758 2167 2786 2218 6
2808 2163 3005 2235 Κύριος
3023 2179 3039 2228 ;
3081 2160 3298 2231 Ἐπειδὴ
3326 2157 3514 2229 πρώτη
3535 2155 3733 2225 ὀγδοὰς

2156 2254 2476 2327 ἀνθρώπων,
2501 2255 2594 2308 ἐπὶ
2618 2254 2710 2307 τοῦ
2727 2253 2868 2319 Νῶε,
2887 2250 3022 2323 μετὰ
3047 2250 3138 2304 τὸν
3156 2248 3250 2302 τοῦ
3270 2246 3499 2301 παλαιοῦ
3520 2245 3729 2315 κόσμου

2159 2347 2386 2402 θάνατον
2405 2387 2419 2411 ,
2468 2346 2584 2400 νέον
2607 2346 2807 2416 κόσμον
2834 2345 2912 2407 εἰς
2934 2342 3084 2412 γένος
3110 2341 3423 2419 ἀνέστησεν.
3440 2336 3733 2407 Ὅτεγάρό

2154 2439 2359 2511 κόσμος
2374 2438 2612 2506 πυρέξας
2627 2440 2693 2508 τῇ
2717 2436 2961 2508 πορνείᾳ,
2983 2433 3251 2487 ἀπέθανεν
3268 2433 3335 2500 τῇ
3356 2428 3623 2501 ἁμαρτίᾳ,
3636 2425 3734 2480 καὶ

2159 2532 2333 2601 ἐτάφη
2363 2532 2420 2583 ὲν
2447 2532 2560 2592 τοῖς
2588 2529 2682 2581 τοῦ
2706 2524 3089 2595 κατακλυσμοῦ
3114 2523 3326 2586 ὕδασιν,
3366 2521 3487 2574 τότε
3531 2518 3732 2590 ὀγδοὰς

2160 2617 2460 2690 ἀνθρώπιον
2489 2619 2545 2671 ἐν
2571 2620 2636 2689 τῇ
2656 2614 2871 2685 κιϐωτῷ
2900 2612 3256 2684 φυλαχθεῖσα,
3291 2609 3378 2663 διὰ
3404 2609 3507 2679 τῆς
3544 2624 3733 2661 τεκνο-

2159 2712 2344 2782 γονίας
2372 2711 2463 2763 τόν
2487 2710 2689 2779 κόσμον
2715 2708 3031 2779 ἀνέστησεν.
3066 2704 3175 2758 Καὶ
3216 2704 3298 2757 ὅτι
3336 2704 3370 2773 ἡ
3410 2701 3732 2767 τεκνογονια

2159 2804 2451 2866 ἀνάστασις
2485 2800 2721 2870 λέγεται,
2746 2801 2972 2854 ἄκουσον
2998 2798 3096 2867 τῆς
3120 2795 3323 2867 μητρὸς
3345 2794 3444 2864 τῆς
3469 2791 3619 2855 Εὔας
3641 2791 3732 2844 λε-

2160 2896 2382 2966 γούσης,
2411 2894 2499 2948 ὅτε
2522 2894 2704 2947 ἔτεκεν
2730 2890 2822 2944 τὸν
2852 2891 2958 2961 Σήθ
2977 2887 3108 2961 (59)·
3151 2885 3601 2952 Ἐξανέστησεν
3621 2883 3733 2953 γάρ

2156 3004 2257 3058 μοι
2286 2989 2319 3040 ό
2351 2985 2493 3051 Θεὸς
2522 2982 2758 3051 σπέρμα
2775 2982 3000 3050 ἕτερον,
3019 2979 3154 3035 ἀντὶ
3174 2980 3343 3033 Ἅϐελ
3372 2977 3445 3031 ὃν
3470 2975 3736 3031 ἀπέκτει-

2160 3095 2269 3133 νεν
2294 3077 2460 3132 Κάτν.
2499 3075 2607 3128 Καὶ
2636 3075 2665 3126 ὀ
2695 3073 2855 3145 νόμος
2881 3087 2893 3101 ⁸
2938 3070 3079 3128 Ἐάν
3104 3088 3211 3138 τις,
3245 3069 3429 3141 φησιν,
3455 3065 3731 3134 ἀποθάνῃ

2163 3169 2431 3235 ἄτεκνος,
2464 3168 2724 3236 λήψεται
2752 3169 2784 3221 ό
2809 3163 3073 3233 ἀδελφὸς
3091 3162 3277 3219 αὐτοῦ
3307 3160 3425 3230 τὴν
3448 3158 3730 3231 γυναῖκα,

2167 3261 2265 3316 καὶ
2296 3258 2697 3326 ὲξαναστήσει
2728 3256 2963 3326 σπέρμα
2989 3254 3071 3322 τῷ
3100 3253 3340 3324 ἀδελφῷ
3374 3252 3564 3308 αὐτοῦ
3580 3270 3593 3284 ·
3637 3252 3734 3305 καὶ

493 3337 771 3392 suscitatio
797 3339 1048 3393 exstincti
1080 3354 1143 3392 ac
1166 3339 1361 3402 mortui
1377 3340 1590 3408 generis
1612 3339 1905 3394 renovatio.
1923 3338 2058 3406 Quia

2734 3309 3101 3420 ’σϐεννυμένου
3151 3309 3268 3400 καὶ.
3294 3309 3736 3416 ἀποθνήσκοντος

493 3428 656 3499 igitur
678 3430 846 3499 prima
875 3433 1089 3500 generis
1133 3431 1462 3487 resurrectio
1508 3443 1628 3502 post
1671 3430 1925 3485 diluvium
1969 3447 2065 3501 per

495 3530 619 3576 octo
646 3521 891 3577 homines
917 3523 1058 3578 facta
1087 3532 1192 3587 est,
1240 3522 1442 3579 idcirco
1484 3533 1541 3578 et
1569 3523 1777 3593 primus
1804 3522 2065 3579 Dominus

498 3617 948 3671 resurrectionem
975 3626 1310 3670 mortuorum
1334 3618 1387 3671 in
1413 3624 1599 3670 octava
1625 3618 1842 3671 inchoat
1862 3630 2067 3685 ;quan-

497 3710 566 3762 do
588 3708 733 3763 velut
762 3707 815 3762 in
849 3723 975 3763 arca
1003 3708 1055 3761 in
1088 3708 1338 3778 sepulcro
1393 3718 1647 3777 tanquam
1692 3706 1804 3762 Noe
1847 3705 2063 3774 mansit,

496 3809 553 3852 et
605 3795 896 3866 impietatis
952 3796 1151 3850 diluvio
1199 3795 1359 3851 linem
1409 3796 1683 3865 imposuit,
1736 3796 2066 3865 tradiditque

495 3889 823 3956 baptismum
887 3886 1336 3956 regenerationis;
1393 3896 1450 3941 ut
1488 3886 1790 3956 οοιιιιρριιιιὶ
1817 3887 1932 3953 ejus
1971 3888 2069 3943 ba-

496 3980 718 4049 ptismo,
778 3987 1061 4032 consortes
1098 3977 1514 4033 resurremionis
1543 3979 1713 4049 ipsius
1745 3978 2063 4036 eﬂiciamur.

497 4071 687 4142 Itaque
714 4074 972 4141 quoniam
1021 4082 1211 4125 octava
1264 4069 1408 4125 clare
1445 4072 1498 4126 in
1560 4071 1675 4140 lege
1724 4072 2069 4144 prtevulgavit

499 4166 957 4222 resurrectionem
1013 4176 1390 4228 mortuorum,
1435 4179 1499 4219 ac
1565 4164 1973 4220 retributionem
2001 4165 2068 4221 ad

500 4258 831 4330 singulorum
860 4272 1057 4327 opera;
1080 4265 1367 4326 capropter
1416 4255 1585 4311 David
1632 4257 1722 4325 qui
1749 4272 1871 4311 cunt
1900 4272 2070 4312 uxore

504 4350 645 4406 Uria:
679 4360 1020 4421 peccaverat,
1057 4364 1155 4418 pro
1180 4360 1391 4412 octava,
1435 4357 1491 4403 et
1523 4363 1619 4419 pro
1672 4349 2071 4405 resurrectione

499 4443 735 4498 insuam
768 4443 1166 4506 remissionem,
1199 4441 1396 4496 orabat
1443 4458 1508 4496 ac
1553 4441 1797 4495 dicebat:
1829 4440 2068 4506 Domine,

501 4551 564 4590 ne
589 4536 641 4589 in
665 4536 842 4605 furore
865 4546 954 4588 tuo
985 4551 1178 4605 arguas
1206 4551 1307 4600 me,
1336 4550 1496 4605 neque
1524 4535 1577 4588 in
1599 4537 1680 4587 ira
1704 4546 1793 4587 tua
1816 4533 2071 4601 corripias

2163 3448 2352 3515 γένους
2381 3445 2696 3506 ἀνανέωσις.
2757 3440 2910 3495 Ἐπεὶ
2948 3437 3041 3494 οὖν
3086 3438 3276 3511 πρώτη
3310 3438 3608 3502 ἀνάστασις
3636 3435 3735 3490 τοῦ

2163 3540 2352 3609 γένους
2378 3537 2515 3609 μετά
2538 3537 2628 3589 τὸν
2648 3533 3031 3604 κατακλυσμὸν
3056 3532 3144 3585 διὰ
3158 3531 3405 3601 ὀγδοάδος
3432 3529 3736 3602 ἀνθρώπιον

2164 3630 2398 3699 ἐγένετο,
2428 3628 2516 3680 διὰ
2535 3626 2693 3681 τοῦτο
2722 3626 2865 3697 καὶό
2893 3624 3097 3695 Κύριος
3132 3622 3345 3695 πρῶτος
3369 3621 3468 3693 τὴν
3499 3622 3739 3675 ἀνάστα-

2166 3739 2251 3775 σιν
2282 3720 2391 3773 τῶν
2428 3718 2637 3790 νεκρῶν
2676 3718 2735 3771 ὲν
2765 3719 2830 3788 τῇ
2859 3715 3015 3788 ὀγδόῃ
3060 3716 3284 3786 ἄρχεται
3306 3730 3320 3743 ⁸
3353 3715 3441 3767 ὅτε
3481 3712 3738 3783 καθάπερ

2165 3816 2221 3867 ὲν
2251 3811 2468 3882 κιϐωτῷ
2503 3810 2580 3881 τῷ
2605 3811 2760 3881 τάφῳ
2791 3809 2867 3874 ὼς
2897 3811 2926 3863 6
2970 3809 3093 3862 Νῶε
3120 3808 3353 3879 ἔμεινεν,
3384 3805 3478 3860 καὶ
3504 3805 3596 3859 τὸν
3630 3823 3734 3859 κα-

2166 3903 2475 3975 τακλυσμὸν
2512 3902 2610 3972 τῆς
2650 3900 2902 3963 ἀσεϐείας
2931 3899 3189 3962 ἔπαυσεν,
3229 3901 3323 3953 καὶ
3367 3898 3428 3952 τὸ
3455 3898 3739 3969 βάπτισμα

2167 3999 2266 4070 τῆς
2299 3994 2714 4065 παλιγγενεσίας
2736 3993 3006 4048 ἐπέδωκεν
3030 4009 3044 4023 ·
3078 3993 3164 4047 ἵνα
3190 3991 3546 4062 συνταφέντες
3570 3990 3739 4046 αὑτοῦ

2168 4089 2247 4161 τῷ
2287 4086 2578 4159 βαπτισμῷ
2599 4127 2613 4147 ,
2652 4086 2898 4139 κοινωνοὶ
2928 4086 3026 4156 τῆς
3066 4084 3412 4146 ἀναστάσεως
3448 4081 3613 4136 αὐτοῦ
3647 4098 3742 4149 γε-

2169 4177 2410 4250 νώμεθα.
2467 4175 2617 4228 Ἐπεὶ
2647 4170 2740 4228 οὖν
2786 4175 2820 4245 ἠ
2867 4172 3027 4244 ὀγδόη
3060 4171 3460 4245 προεσάλπιζεν
3501 4173 3559 4224 ὲν
3588 4171 3742 4241 νόμῳ

2169 4271 2267 4342 τὴν
2313 4270 2420 4323 τῶν
2471 4267 2678 4338 νεκρῶν
2715 4267 3029 4329 ἀνάστασιν,
3069 4265 3164 4319 καὶ
3212 4265 3312 4336 τὴν
3353 4263 3461 4317 τῶν
3504 4263 3741 4317 ἑκάστου

2171 4361 2346 4433 έργων
2391 4359 2769 4413 ἀνταπόδοσιν·
2826 4356 2916 4411 διὰ
2961 4356 3134 4412 ταῦτα
3167 4357 3490 4429 ἁμαρτήσας
3523 4358 3603 4419 εἰς
3640 4355 3742 4427 τὴν

2170 4451 2263 4508 τοῦ
2287 4450 2482 4522 Οὐρίου
2510 4452 2540 4502 6
2567 4448 2751 4511 Δαὸὶδ,
2783 4447 2922 4520 ὑπὲρ
2945 4448 3043 4519 τῆς
3067 4448 3261 4520 ὀγδόης
3285 4448 3378 4501 καὶ
3400 4448 3500 4518 τῆς
3552 4448 3610 4500 ὲν
3654 4448 3745 4500 ἀν-

2175 4543 2286 4596 έσει
2324 4539 2485 4595 αὑτοῦ
2531 4539 2876 4602 ἀναστάσεως
2906 4539 3239 4610 παρακαλῶν
3277 4538 3459 4609 ἔλεγεν
3483 4555 3498 4568 ·
3534 4540 3741 4606 Κύριε,

423 4645 430 4654 ·
500 4643 602 4682 me.
630 4627 728 4681 Hic
764 4627 1025 4697 resipisco
1048 4637 1101 4680 et
1125 4627 1684 4690 conliteor,Domine:
1719 4625 1769 4679 6.
1809 4625 2058 4690 Quoniam

2168 4633 2253 4703 μὴ
2281 4631 2360 4698 τῷ
2400 4630 2563 4701 θυμῷ
2594 4646 2709 4685 σου
2749 4629 3001 4698 ἐλέγξῃς
3026 4646 3102 4698 με
3121 4669 3134 4692 ,
3156 4629 3313 4700 μηδὲ
3353 4627 3427 4698 τῇ
3447 4627 3594 4698 ὀργῇ
3624 4646 3745 4683 σου

502 4734 606 4770 non
631 4729 703 4770 est
737 4718 792 4770 in
817 4730 977 4770 morte
996 4718 1082 4785 qui
1110 4733 1305 4770 memor
1330 4719 1398 4769 sit
1426 4718 1501 4769 tui
1526 4732 1545 4779 ;
1592 4717 1645 4769 in
1676 4717 1877 4784 inferno
1893 4729 2066 4769 autem

501 4809 618 4880 quis
645 4806 977 4877 conﬁtebitur
1008 4809 1223 4862 tibi?—
1254 4807 1319 4861 In
1345 4809 1503 4875 linem
1534 4824 1629 4877 pro
1661 4821 1843 4861 octaua
1875 4809 1930 4859 in
1951 4825 2069 4860 car-

503 4902 730 4955 minibus
753 4902 986 4968 psalmus
1015 4899 1206 4954 David.
1238 4898 1306 4952 Et
1344 4910 1493 4954 recte
1540 4915 1637 4967 pro
1661 4909 1849 4952 octava
1876 4914 2066 4969 preca-

504 4990 686 5053 batur,
722 5001 945 5045 octavus
981 4990 1148 5046 Jesste
1187 4990 1348 5051 (ilius.
1407 5000 1464 5043 et
1491 4998 1643 5058 pater
1668 4988 1870 5043 Christi
1900 4990 2069 5058 quiin

507 5093 698 5137 octava
735 5083 1052 5136 resurrexit.
1103 5081 1170 5135 In
1191 5080 1347 5148 linem
1378 5097 1396 5135 :
1443 5090 1552 5135 tum
1582 5079 1740 5151 hujus
1772 5082 1914 5145 vitae,
1954 5090 2065 5135 tum

508 5177 691 5231 mundi
718 5175 1155 5245 e‘ompressionis.
1187 5172 1447 5228 Primitiae
1493 5173 1771 5240 Christus;
1806 5175 1994 5228 deinde
2028 5175 2069 5228 ii

505 5273 595 5340 qui
624 5283 742 5323 sunt
777 5268 993 5336 Christi,
1032 5271 1086 5322 in
1125 5269 1347 5321 adventu
1377 5268 1489 5336 ejus
1513 5268 1581 5320 9°.

2175 4723 2507 4789 παιδεύσῃς
2551 4738 2647 4791 με.
2688 4714 2815 4773 Ὧδε
2852 4720 3097 4791 μετανοῶ
3143 4723 3236 4774 καὶ
3274 4719 3701 4791 ἐξομολογοῦμαι
3726 4761 3744 4785 ,

2175 4815 2440 4866 Δέσποτα’
2470 4812 2598 4865 Ὅτι
2627 4812 2737 4864 οὐκ
2775 4810 2946 4864 ἐστιν
2965 4811 3035 4864 ἐν
3067 4810 3148 4877 τῷ
3173 4811 3406 4877 θανάτῳ
3442 4815 3476 4865 ὁ
3507 4828 3747 4881 μνημο-

2174 4908 2366 4962 νεύων
2400 4922 2516 4960 σου
2532 4920 2547 4935 ⁸
2568 4904 2637 4957 ἐν
2652 4903 2719 4956 δὲ
2742 4900 2822 4968 τῷ
2843 4901 2958 4972 ᾅδῃ
2978 4904 3068 4969 τίς
3092 4902 3597 4973 ἐξομολογήσεται
3618 4918 3746 4968 σοι;

2174 5027 2245 5038 —
2259 4999 2362 5062 Εὶς
2379 4995 2446 5049 τὸ
2466 4994 2639 5060 τέλος
2656 4991 2806 5062 ὑπὲρ
2828 4993 2935 5062 τῆς
2956 4994 3170 5063 ὀγδόης
3188 4994 3259 5047 ἑν
3277 4993 3485 5063 ὕμνοις
3501 4993 3751 5063 ψαλμὸς

2177 5086 2258 5152 τῷ
2290 5084 2485 5139 Δαϐίδ.
2519 5085 2630 5138 Καὶ
2656 5083 2834 5149 καλῶς
2864 5084 3005 5155 ὑπὲρ
3031 5085 3130 5154 τῆς
3162 5084 3353 5155 ὀγδόης
3379 5080 3745 5156 προσηύχετο,

2177 5180 2205 5231 6
2236 5177 2419 5246 ὄγδοος
2445 5175 2538 5229 τοῦ
2577 5175 2774 5228 Ἰεσσαὶ
2801 5176 2935 5238 υἱὸς,
2963 5177 3055 5228 καὶ
3082 5176 3263 5246 πατὴρ
3295 5175 3389 5228 τοῦ
3414 5176 3751 5239 ἀναστάντος

2179 5269 2236 5321 ἐν
2269 5270 2337 5339 τῇ
2368 5267 2531 5339 ὀγδόῃ
2558 5263 2816 5338 Χριστοῦ.
2838 5268 2940 5332 Εἰς
2979 5266 3043 5319 τὸ
3064 5266 3238 5331 τέλος
3263 5280 3276 5295 ⁸
3318 5264 3530 5335 καὶτῆς
3553 5265 3751 5319 τούτου

579 5389 623 5422 ⁸⁸
656 5388 792 5445 Gen.
825 5403 958 5451 xvn,
985 5386 1073 5441 M.
1147 5386 1192 5419 "’
1222 5385 1375 5441 Joau.
1400 5400 1482 5452 ιιι,
1511 5385 1565 5440 5.
1636 5384 1682 5416 ⁸⁸
1710 5383 1847 5441 Gen.
1885 5400 1960 5451 tv,
1988 5384 2079 5439 25.
2156 5386 2202 5417 “’
2223 5385 2377 5440 Deut.
2406 5399 2531 5449 xxv,
2561 5383 2616 5438 5.
2686 5381 2917 5439 "lCor.
2941 5398 3032 5447 xv,
3051 5380 3142 5436 25.

580 5510 692 5580 ('58)
724 5511 824 5575 Εἰς
853 5508 1167 5578 πορφύραν
1190 5505 1554 5580 γεγέννηται.
1581 5504 1635 5559 Ιιι
1662 5505 1913 5575 purpuris
1932 5504 2065 5569 nati,

506 5579 1025 5652 nepotipoya'wg'mt,
1056 5580 1250 5652 nemini
1264 5591 1378 5652 tuon
1402 5579 1509 5652 uoti
1537 5587 1678 5652 sunt.

578 5643 851 5715 (ὅθγὍτε
875 5643 1079 5703 ἔτεκεν
1118 5648 1223 5702 τὸν
1251 5647 1395 5712 Σήθ.
1432 5647 1612 5713 Itaque
1636 5647 1703 5699 in
1731 5644 1927 5714 Cyrillo
1972 5643 2064 5698 lib.

507 5714 773 5781 utcontra
803 5717 1106 5776 Nestorium
1150 5732 1203 5786 ι).
1259 5718 1368 5774 67:
1422 5716 1633 5771 Ὀποίόν
1684 5717 1800 5770 ἐστι
1832 5715 1892 5769 τὸ
1931 5714 2078 5780 παρὰ

2172 5504 2271 5574 τῆς
2298 5504 2529 5576 saxum
2559 5501 2802 5576 μὲιςείγῃς
2847 5499 3158 5576 γυγαεκδςν,
3184 5499 3329 5572 φημὶ
3355 5498 3565 5576 unus.
3580 5496 3751 5576 ξΰαςν

2172 5568 2435 5645 τεκούσης
2446 5574 2537 5626 τὸν
2557 5568 3050 5645 ΣήίἘκτησάμην
3068 5568 3351 5645 ἄνθρωπον
3365 5568 3455 5627 διὰ
3471 5568 3569 5623 τοῦ
3588 5569 3752 5645 Θεοῦ,

2174 5648 2257 5700 vel
2316 5640 2447 5698 Seth
2481 5660 2575 5711 pro
2605 5640 2735 5696 Cain
2773 5640 3014 5705 irrepsit,
3053 5640 3131 5691 Vel
3164 5640 3405 5697 erratqu
3468 5641 3750 5696 memoriae

2185 5727 2290 5776 est.
2313 5730 2379 5771 ex
2407 5712 2603 5771 Cenes.
2629 5727 2703 5773 tv,
2737 5712 2762 5766 l
2794 5711 3185 5783 castigandum.
