3892 6272
221 355 336 414 655

1438 345 1720 402 liOMlLlA
1765 345 1883 404 XX.
1921 347 1984 402 IN
2020 349 2218 404 PSAL.
2253 348 2344 405 Vl.

3362 347 3472 406 454

227 469 467 542 ραίνεις·
495 468 545 521 εί
577 465 634 520 δὲ
680 465 775 519 καὶ
815 463 1050 536 μειωθῇς
1074 463 1142 518 τὰ
1173 463 1475 533 κεφάλαια,
1525 465 1604 526 εἰς
1645 463 1796 516 δικαι-

1921 467 2270 529 edeferalur,
2303 467 2620 535 indignaris,
2651 465 2923 528 irasceris,
2973 478 3116 533 a'gre
3162 465 3296 519 fers:
3345 474 3402 518 at
3421 465 3470 521 si

227 563 430 632 στήρια
463 560 560 614 καὶ
599 557 1007 631 στρεϐλωτήρια
1037 556 1148 626 (ιε)
1176 554 1464 626 ἐμϐάλλεις
1501 554 1591 607 τὸν
1629 553 1795 607 ὑπεύ-

226 652 410 705 θυνον·
447 650 502 703 τί
541 652 757 721 ποιήσει
779 651 808 702 ό
837 648 968 711 Θεὸς
993 649 1022 701 6
1060 646 1339 718 δανειστὴς
1367 647 1467 715 τῆς
1493 645 1670 714 ψυχῆς
1707 645 1802 698 καὶ

226 742 324 796 τοῦ
359 741 645 812 σώματος;
689 742 812 794 Ἐὰν
850 742 948 812 μὲν
974 740 1123 809 αὐτῷ
1158 738 1294 809 μετὰ
1324 739 1496 790 τόκων
1526 737 1620 788 καὶ
1648 736 1804 788 πλεο.

226 831 457 902 νασμῶν
485 830 858 903 προσενέγκῃς
886 828 956 882 τὰ
977 828 1072 883 δύο
1104 827 1359 888 τάλαντα,
1386 825 1485 894 τῆς
1509 824 1688 894 ψυχῆς
1710 827 1802 878 καὶ

227 923 326 977 τοῦ
350 922 626 994 σώματος,
651 922 845 990 λέγων·
871 921 1068 988 Κύριε,
1091 918 1200 972 δύο
1225 917 1490 972 τάλαντὰ
1516 934 1617 986 μοι
1650 933 1802 984 παρ-

228 1015 495 1080 ἐδωκας,
536 1014 598 1066 τὸ
645 1013 805 1083 σῶμα
849 1012 945 1064 καὶ
983 1011 1082 1081 τὴν
1125 1009 1336 1079 ψυχήνο
1381 1007 1470 1060 ιδε
1495 1007 1653 1061 ἄλλα
1693 1006 1802 1058 δύο

226 1103 503 1159 τάλαντα
531 1101 829 1170 ἐκέρδησα
851 1101 986 1173 (44),
1017 1100 1173 1156 ἄλλον
1205 1098 1489 1170 ἄνθρωπον
1521 1099 1700 1162 σώσας
1741 1099 1806 1150 ἐκ

226 1197 413 1268 ψυχῆς
447 1195 542 1248 καὶ
570 1193 840 1265 σώματος.

315 1287 444 1341 Ἐὰν
465 1288 521 1340 δὲ
536 1286 664 1340 αὐτὸ
681 1287 837 1357 μόνον
850 1283 996 1354 αὐτῷ
1018 1282 1386 1354 προσενέγκῃς
1410 1281 1470 1334 τὸ
1491 1281 1804 1350 κεφάλαιον,

227 1378 410 1447 λέγων
428 1394 444 1407 ⁸
478 1376 590 1430 Ἴδε
611 1376 770 1444 ἔχεις
804 1373 870 1427 τὸ
903 1373 1044 1426 σόνο
1074 1374 1372 1440 ἀγανακτεί
1397 1371 1490 1423 καὶ
1510 1370 1804 1441 ὀργίζεται.

229 1472 297 1524 EE
326 1469 384 1522 δὲ
416 1469 552 1539 μήτε
585 1467 716 1520 αὐτὸ
741 1469 915 1519 ἐκεῖνο
953 1465 1088 1517 σῶον
1121 1462 1490 1535 προσενέγκῃς
1537 1461 1562 1514 ὃ
1595 1461 1808 1524 ἔλαϐες.

229 1563 356 1614 τότε
386 1558 750 1631 παραδίδωσιν
774 1574 832 1610 σε
863 1559 974 1618 τοῖς
994 1555 1364 1624 βασανισταῖς,
1386 1552 1490 1614 ἕως
1513 1547 1572 1606 οὖ
1599 1549 1811 1620 ἀποδῷς

234 1657 346 1710 πᾶν
378 1654 441 1707 1:6
469 1653 827 1723 ὀφειλόμενον.
876 1649 1000 1703 Ἐὰν
1021 1647 1202 1702 πεσὼν
1236 1649 1615 1718 προσκυνήσῃς
1647 1662 1812 1716 μετα-

232 1746 392 1808 νοῶν,
429 1746 523 1798 mi.
564 1745 764 1812 λέγων’
800 1743 996 1810 Κύριε,
1025 1741 1494 1810 μακροθύμησον
1524 1738 1616 1791 ἐπ’
1660 1737 1809 1806 ἐμοὶ,

1901 557 2066 612 etiam
2090 573 2212 612 sors
2252 559 2345 610 tibi
2404 559 2684 612 imminuta
2748 557 2930 618 fuerit.
2988 557 3053 610 ad
3109 555 3392 609 tribunalia
3417 565 3474 609 et

1881 649 2213 717 .qutestionis
2236 658 2496 704 tormenta
2522 666 2669 704 reum
2698 649 2974 704 immittis:
2996 648 3121 718 quid
3145 647 3305 703 faciet
3328 649 3468 702 Deus

1907 740 2185 795 fenerator
2215 743 2408 795 animae
2437 750 2491 795 et
2520 742 2797 811 corporis?
2820 741 2874 793 Si
2900 741 2948 794 ei
2974 741 3190 811 quidem
3210 753 3476 793 cumusu-

1907 834 1983 886 ris
2014 841 2069 885 et
2103 832 2452 886 redundantia
2495 833 2762 887 obtuleris
2788 834 2894 887 duo
2923 833 3144 895 talenta,
3177 832 3369 884 anima:
3388 838 3472 882 at-

1905 939 2009 993 que
2028 927 2290 992 corporis,
2325 924 2544 977 dicens'
2576 941 2591 977 :
2632 923 2870 988 Domine,
2895 926 2997 976 duo
3021 923 3215 976 talenta
3250 921 3476 975 tradidi-

1905 1011 1971 1064 sti
1998 1012 2146 1077 mihi,
2181 1012 2417 1064 animam
2446 1018 2500 1064 et
2533 1025 2760 1080 corpus;
2807 1029 2921 1066 ecce
2981 1012 3091 1066 alia
3144 1013 3248 1065 duo
3278 1011 3476 1064 talenta

1889 1101 2138 1154 ilucratus
2161 1119 2275 1156 sum
2313 1121 2331 1158 :
2386 1103 2513 1155 dum
2568 1105 2732 1157 alium
2778 1105 3047 1158 hominem
3093 1105 3299 1158 salvum
3335 1102 3477 1158 facio

1907 1208 1973 1248 ex
2004 1195 2182 1247 anima
2207 1205 2258 1248 et
2287 1209 2532 1262 corpore.

1980 1286 2036 1342 Si
2073 1301 2199 1341 vero
2238 1289 2406 1355 ipsam
2437 1288 2605 1343 solam
2648 1296 2846 1340 sortem
2891 1287 2938 1339 ei
2967 1286 3257 1353 obtuleris,
3294 1289 3476 1344 dicen-

1910 1377 2015 1432 do:
2057 1377 2192 1430 Ecce
2228 1379 2381 1430 habes
2424 1379 2562 1446 quod
2605 1388 2752 1429 tuum
2807 1389 2922 1441 est;
2969 1379 3277 1449 indignatur
3317 1389 3478 1448 atque

1910 1469 2186 1522 irascitur.
2228 1469 2321 1521 Sin
2363 1479 2542 1522 autem
2593 1483 2763 1538 neque
2799 1468 2924 1522 illud
2966 1470 3136 1538 ipsum
3161 1471 3302 1538 quod
3325 1486 3480 1526 acce-

1912 1559 2053 1629 pisti,
2085 1559 2344 1614 obtuleris
2374 1560 2642 1631 integrum
2672 1600 2686 1624 ,
2727 1571 2852 1613 tunc
2893 1563 3056 1613 tradit
3078 1572 3128 1616 Ie
3162 1562 3480 1630 tortoribus,

1913 1652 2258 1720 quoadusque
2292 1651 2590 1705 reddideris
2625 1654 2932 1705 universum
2977 1651 3238 1706 debitum.
3271 1652 3327 1706 Si
3358 1668 3483 1721 pro-

1912 1744 2100 1796 cidens
2141 1741 2454 1796 adoraveris
2475 1782 2490 1808 ,
2516 1742 2891 1811 paenitentiam
2917 1742 3092 1810 egeris
3110 1782 3125 1806 ,
3153 1757 3216 1796 ac
3245 1743 3479 1798 dixeris:

233 1838 337 1890 καὶ
382 1835 674 1890 ἀποδώσω
705 1849 805 1887 σοι
825 1851 838 1864 ·
869 1833 989 1885 τότε
1021 1831 1116 1902 τὴν
1155 1829 1541 1900 ἐξομολόγησιν
1586 1846 1677 1882 σου
1717 1829 1812 1882 καὶ

1921 1833 2169 1898 Domine,
2210 1833 2517 1901 patientiam
2561 1833 2694 1886 habe
2744 1833 2800 1886 in
2852 1849 2965 1897 me,
2999 1843 3050 1886 et
3088 1835 3306 1888 reddam
3349 1836 3480 1900 tibi;

234 1927 336 1998 τὴν
393 1925 680 1996 μετάνοιαν
716 1923 791 1986 ὡς
823 1919 1127 1990 καταδολὴν
1157 1919 1250 1971 τοῦ
1283 1917 1574 1987 κεφαλαίου
1607 1914 1814 1983 λογίζε-

233 2035 352 2071 ται.
385 2019 451 2070 Εἰ
488 2017 595 2086 γὰρ
639 2017 666 2068 6
706 2014 813 2067 τῶν
845 2013 1051 2084 μυρίων
1091 2011 1366 2064 ταλάντων
1414 2008 1813 2080 χρεωφειλέτης

233 2111 338 2181 τὴν
372 2107 753 2180 μακροθυμίαν
777 2106 868 2158 τοῦ
891 2104 1025 2159 Θεοῦ
1047 2103 1528 2172 ἐπικαλεσάμενος,
1555 2101 1616 2153 τὺ
1639 2100 1814 2170 χειρό-

238 2217 454 2273 γραφον
507 2201 708 2270 ἄκυρον
758 2196 1052 2266 ἐποίησεν·
1083 2194 1177 2248 καὶ
1225 2195 1273 2246 εἰ
1306 2194 1334 2244 6
1376 2191 1580 2263 μυρίων
1630 2190 1815 2261 ψυχῶν

238 2293 399 2359 λόγον
428 2289 844 2359 ἀπαιτούμενος.
881 2287 957 2350 ὡς
999 2285 1288 2357 ἀρχιερεὺς
1318 2283 1352 2354 ἢ
1382 2282 1719 2346 διδάσκαλος,
1747 2284 1814 2352 τῇ

242 2384 429 2455 ἱκεσία
453 2383 552 2454 τὴν
599 2379 1000 2450 εὐσπλαγχνίαν
1030 2378 1123 2431 τοῦ
1157 2376 1290 2430 Θεοῦ
1345 2375 1666 2447 ἐκέρδησεν,
1723 2375 1817 2427 καὶ

242 2471 664 2543 σπλαγχνισθεὶς
684 2472 712 2523 6
737 2469 938 2541 Κύριος
964 2467 1170 2535 αὐτοῦ,
1197 2467 1408 2536 ἀφῆκεν
1436 2464 1582 2535 αὑτῷ
1619 2466 1726 2517 πᾶν
1756 2462 1818 2516 τὸ

239 2565 590 2635 ὀφειλόμενον
610 2580 625 2595 ·
655 2561 832 2632 πολλῷ
856 2560 1052 2631 μᾶλλον
1073 2560 1302 2622 ἕκαστος
1328 2557 1482 2628 ἡμῶν
1502 2557 1818 2627 ἐκδυσωπή-

243 2675 328 2710 σει
357 2657 447 2710 τὸν
480 2655 612 2708 Θεὸν
637 2652 910 2725 μετανοῶν
941 2653 1024 2720 ἐφ’
1051 2646 1132 2714 οἷς
1159 2650 1429 2720 ἥμαρτεν,
1460 2649 1554 2701 καί¹
1585 2665 1818 2719 προσευ-

242 2750 494 2820 χόμενος,
521 2747 616 2799 καὶ
635 2743 1142 2816 ἐξομολογούμενος,
1176 2741 1272 2796 καὶ
1294 2740 1487 2809 λέγων’
1525 2739 1818 2806 Ἐλέησόν

241 2857 340 2910 με,
376 2841 570 2906 Κύριε,
630 2838 718 2891 ὅτι
773 2834 1036 2902 ἀσθενής
1064 2836 1200 2904 ειμι.
1247 2832 1482 2885 Ἀσθενῶ
1515 2833 1608 2885 καὶ
1639 2832 1812 2884 ἀτονῶ

243 2929 360 3000 (45)
416 2927 558 3000 πρὸς
591 2925 690 2997 τὴν
738 2925 832 2978 τοῦ
863 2924 1056 2996 χρέους
1092 2922 1365 2976 ἁπόδοσιν’
1409 2919 1700 2988 Ἐλέησόν
1719 2937 1816 2989 με,

1916 1931 2041 1976 tunc
2078 1924 2469 1978 confessionem
2534 1933 2675 1978 tuam
2720 1933 2776 1978 et
2807 1926 3174 1992 paenitentiam
3227 1935 3483 1995 tanquam

1915 2015 2078 2068 sortis
2121 2017 2430 2084 pensionem
2469 2016 2760 2085 reputabit.
2787 2015 2918 2068 Nam
2946 2017 2989 2070 si
3027 2019 3210 2072 decem
3255 2018 3484 2071 millium

1914 2107 2236 2161 talentorum
2275 2107 2508 2171 debitor,
2551 2107 2805 2176 patientia
2838 2106 2928 2161 Dei
2967 2110 3254 2174 invocata,
3309 2111 3486 2163 chiro-

1915 2199 2177 2270 graphum
2222 2197 2433 2251 irritum
2489 2197 2652 2262 fecit;
2695 2207 2750 2252 et
2786 2197 2828 2252 si
2871 2198 3057 2252 decem
3102 2198 3327 2252 millium
3377 2197 3485 2252 ani-

1918 2306 2125 2344 marum
2162 2290 2424 2344 rationem
2456 2292 2682 2346 reddere
2704 2291 2921 2360 jussus,
2954 2301 3206 2360 tanquam
3241 2289 3481 2360 pontifex

1917 2382 1999 2438 vel
2031 2384 2240 2446 doctor,
2275 2381 2671 2450 supplicatione
2712 2381 3144 2437 misericordiam
3179 2382 3268 2437 Dei
3320 2377 3486 2436 hiera-

1918 2481 2004 2528 tus
2031 2483 2136 2537 est,
2166 2481 2219 2526 et
2247 2472 2619 2526 misericordia
2664 2481 2836 2528 tactus
2868 2472 3125 2528 Dominus
3161 2474 3296 2542 ejus,
3338 2472 3486 2527 dimi-

1916 2567 1991 2620 sit
2037 2565 2087 2619 ei
2141 2580 2303 2619 omne
2352 2565 2626 2628 debitum;
2673 2565 2839 2620 multo
2896 2566 3065 2637 magis
3117 2566 3487 2634 unusquisque

1917 2667 2162 2712 nostrum
2192 2655 2426 2710 inflectat
2464 2656 2630 2711 Deum
2679 2655 2890 2724 quoties
2919 2656 3292 2726 prenitentiam
3316 2653 3488 2724 egerit

1919 2749 1986 2804 de
2008 2749 2241 2818 peccatis
2270 2748 2405 2810 suis,
2434 2748 2692 2811 oraverit,
2733 2747 3014 2802 confessus
3040 2747 3218 2813 fuerit,
3245 2745 3483 2801 dixerit:

1920 2836 2168 2892 Miserere
2196 2838 2297 2890 mei
2318 2877 2334 2901 ,
2361 2837 2603 2898 Domine,
2626 2837 2870 2904 quoniam
2897 2837 3134 2905 inﬁrmus
3165 2852 3302 2889 sum.
3341 2835 3487 2890 Infir-

1919 2941 2038 2979 mus
2061 2941 2178 2980 snm
2211 2941 2277 2980 ac
2308 2925 2570 2979 invalidus
2593 2929 2659 2980 ad
2696 2926 3023 2980 reddendum
3064 2926 3326 2980 debitum.
3377 2925 3488 2979 Mi-

243 3023 454 3090 Κύριε·
508 3021 604 3074 καὶ
636 3021 745 3082 τοῖς
783 3017 1129 3089 βασανισταῖς
1167 3013 1414 3083 ἀγγέλοις
1444 3013 1518 3083 μὴ
1564 3011 1817 3084 παραδῴς

1921 3033 2088 3071 serere
2121 3017 2247 3080 mei,
2303 3016 2522 3069 Domine
2548 3055 2562 3078 ,
2601 3031 2699 3070 nec
2748 3016 3040 3070 tortoribus
3075 3015 3278 3086 angelis
3308 3014 3488 3070 tradas

245 3130 320 3185 με
339 3130 353 3142 °
385 3111 522 3167 ἀλλὰ
539 3111 744 3182 κρύψον
763 3109 855 3162 τὸν
871 3106 1172 3177 δανειστὴν,
1197 3105 1291 3159 καὶ
1310 3103 1480 3168 δεῖξον
1499 3103 1590 3156 τὸν
1616 3101 1815 3173 ἰατρόν·

1924 3123 2010 3162 me
2040 3127 2052 3162 :
2088 3108 2181 3162 sed
2209 3109 2421 3162 occulta
2446 3107 2825 3170 feneratorem,
2855 3117 2908 3161 et
2934 3111 3156 3162 ostende
3187 3108 3484 3172 medicum,

242 3172 344 3261 iui
372 3204 451 3275 τῷ
482 3204 561 3275 σῷ
580 3172 723 3274 ’ἐλέῳ
751 3200 988 3256 ἀνάλαϐέ
1022 3216 1087 3271 με
1105 3172 1204 3251 ’τὴν
1234 3197 1625 3266 ἀσθενήσαντα.
1709 3172 1714 3173 ί

1923 3215 2020 3254 nec
2055 3215 2157 3252 non
2191 3199 2561 3254 misericordia
2589 3210 2676 3252 tua
2703 3213 2918 3253 assume
2956 3212 3040 3251 me
3079 3198 3378 3254 inﬁrmum.

324 3295 516 3350 ἰασαι
543 3311 639 3364 με.
692 3295 884 3364 Κύριε,
919 3291 1010 3346 ὅτι
1053 3289 1344 3358 ἐταράχθη
1387 3288 1458 3341 τὰ
1489 3286 1640 3341 ὀστᾶ
1673 3305 1812 3356 μου.

1994 3287 2139 3343 Sana
2164 3303 2244 3342 me
2266 3328 2281 3351 ,
2319 3287 2536 3340 Domine
2555 3327 2570 3352 ,
2603 3287 2850 3357 quoniam
2884 3287 3189 3340 conturbata
3216 3295 3340 3340 sunt
3369 3302 3490 3340 ossa

247 3388 355 3441 τὸν
391 3385 480 3440 διὰ
507 3386 605 3457 τὴν
651 3385 922 3456 ἁμαρτίαν
953 3381 1318 3437 παιδεύσαντα
1360 3381 1451 3433 καὶ
1488 3380 1817 3450 μαστίξαντα

1923 3397 2062 3434 mea.
2090 3379 2222 3434 Eum
2250 3380 2343 3448 qni
2386 3388 2605 3448 propter
2637 3388 2915 3448 peccatum
2943 3378 3277 3447 corripuerat
3313 3378 3486 3447 ipsum

244 3479 417 3534 αὑτὸν
454 3477 545 3531 διὰ
570 3478 668 3548 τὴν
706 3476 990 3547 μετάνοιαν
1020 3473 1112 3527 καὶ
1156 3471 1337 3543 ἰατρὸν
1384 3471 1532 3541 αὐτῷ
1569 3471 1817 3540 γενέσθαι

1924 3488 1987 3527 ac
2013 3471 2404 3539 ﬂagellaverat,
2453 3485 2550 3540 per
2594 3471 2964 3537 pmniteuliam
3021 3470 3133 3524 ﬁeri
3179 3485 3394 3541 quoque
3437 3472 3490 3526 ei

247 3570 646 3642 παρεκάλεσεν.
672 3567 782 3622 Καὶ
810 3569 890 3621 ὅτι
929 3565 1103 3629 όΘεὺς
1117 3564 1278 3618 αὑτὸν
1305 3563 1640 3626 ἐπαίδευσεν,
1680 3562 1817 3634 μάρ-

1927 3565 2193 3620 medicum
2229 3564 2460 3634 rogavit.
2497 3563 2563 3618 Et
2587 3565 2727 3633 quod
2754 3563 2894 3618 Deus
2936 3563 3109 3633 ipsum
3142 3563 3488 3632 corripuerit,

246 3681 349 3725 τυς
412 3662 572 3725 αὐτὸς
598 3664 654 3714 ἐν
679 3660 756 3730 τῷ
776 3658 974 3729 ψαλμῷ
994 3656 1160 3710 εἰπών
1179 3674 1192 3684 ·
1223 3655 1526 3710 Παιδεύων
1545 3655 1817 3709 ἐπαίδευ-

1928 3655 2084 3709 testis
2106 3655 2368 3723 ipsemet,
2395 3669 2514 3708 cum
2547 3653 2598 3706 in
2631 3653 2835 3722 psalmo
2868 3652 2978 3706 ait:
3012 3650 3286 3721 Castigans
3328 3653 3491 3706 casti-

248 3753 368 3809 σέν
392 3771 470 3822 με
499 3756 532 3807 ό
560 3753 771 3820 Κύριος
793 3794 808 3816 ,
843 3751 941 3804 καὶ
990 3748 1070 3814 τῷ
1114 3747 1348 3815 θανάτῳ
1378 3748 1450 3800 οὐ
1488 3745 1817 3815 παρέδωκέν

1924 3747 2058 3816 gavit
2089 3762 2168 3799 me
2195 3745 2450 3799 Dominus
2469 3785 2482 3808 ,
2505 3756 2552 3798 et
2577 3746 2735 3798 morti
2763 3760 2866 3798 non
2895 3745 3111 3797 tradidit
3150 3761 3230 3798 me
3251 3743 3493 3810 '.Quare

250 3863 348 3914 με.
399 3844 507 3898 Καὶ
546 3843 634 3897 διὰ
674 3842 725 3896 τί
759 3840 1002 3894 παιδεύει
1031 3839 1123 3892 τὸν
1166 3839 1448 3910 ἄνθρωπον
1489 3838 1576 3890 διὰ
1608 3839 1762 3892 νόσου
1795 3838 1817 3890 6

1929 3848 2106 3891 autem
2130 3839 2357 3904 castigat
2379 3836 2522 3891 Deus
2548 3837 2816 3890 hominem
2839 3851 2932 3905 per
2953 3837 3196 3889 morbum
3219 3835 3242 3888 ?
3267 3835 3491 3904 Propter

248 3931 420 3994 856:;
464 3930 563 3984 Διὰ
614 3929 896 4001 παρακοὴν
929 3929 1024 3981 καὶ
1057 3928 1444 3999 ἁμαρτήματα.
1484 3927 1669 3989 Οὐδεὶς
1715 3927 1817 3998 γὰρ

1927 3927 2344 3983 inobedientiam
2395 3939 2448 3983 et
2501 3939 2740 3997 peccata.
2777 3927 2944 3982 Nemo
2977 3929 3118 3981 enim
3158 3929 3295 3981 inter
3326 3927 3492 3981 homi-

251 4022 317 4075 ἐν
339 4020 646 4092 ἀνθρώποις
677 4019 1056 4090 ἀναμάρτητος
1075 4036 1089 4050 ·
1119 4019 1186 4071 δι’
1217 4018 1246 4070 ὃ
1272 4017 1367 4071 καὶ
1396 4015 1571 4079 οὐδεὶς
1609 4018 1819 4080 ἄνοσος.

253 4109 382 4167 Ὀτι
411 4111 466 4165 δέ
495 4111 624 4175 Θεός
651 4113 799 4164 ἐστιν
822 4111 1080 4182 όέκάστῳ
1095 4111 1203 4165 τῶν
1229 4109 1529 4182 ἀνθρώπων
1555 4110 1642 4162 διὰ
1671 4127 1812 4181 παρ-

335 4271 357 4302 ’
391 4266 582 4324 Matth.
625 4283 728 4322 xxv
755 4305 770 4330 ,
820 4266 891 4321 22
913 4281 1069 4336 seqq.
1170 4265 1191 4296 ³
1220 4265 1362 4321 Psal.
1388 4281 1554 4328 cxvn,
1585 4265 1669 4318 18.

329 4386 443 4455 (45)
489 4381 944 4455 Στρεὸξλωτήρια.
979 4383 1173 4438 Locum
1204 4384 1538 4455 ascribamus
1583 4383 1822 4438 Philonis

1928 4035 2024 4074 nes
2053 4021 2256 4089 absque
2306 4032 2528 4087 peccato
2576 4020 2712 4074 vivit
2753 4036 2768 4073 :
2808 4019 3059 4087 quocirca
3119 4021 3282 4072 etiam
3333 4034 3492 4073 nemo

1939 4112 2057 4167 sine
2086 4115 2290 4167 morbo.
2331 4114 2481 4181 Quod
2514 4127 2639 4167 vero
2672 4114 2808 4167 Dens
2846 4112 2915 4166 sit
2952 4113 3039 4181 qui
3077 4111 3348 4166 hominum
3385 4113 3492 4166 cui-

1925 4383 2055 4436 δωσι
2083 4381 2161 4452 τῷ
2191 4383 2574 4453 ἐργασαμένῳ,
2606 4381 2862 4453 ἐρυθριᾷν
2893 4381 2950 4434 δὲ
2989 4383 3392 4451 παρασκευάζει
3417 4384 3492 4445 ὡς

251 4437 459 4543 ιῖιιῖῡξ
479 4437 788 4543 ιὲεὲἱΙηΙὶὁιη
813 4437 1123 4543 ῖςρίινυξλρ.
1158 4453 1263 4543 se?
1297 4470 1308 4504 :
1340 4453 1413 4537 ρο
1432 4453 1696 4524 πρότερον
1728 4456 1817 4543 ἀν-

1927 4437 2362 4543 ἀπονήιξανιέιξῶν
2387 4437 2706 4543 ἐκήδευε-ε
2743 4437 2876 4536 πρὸς
2891 4453 2950 4504 τὸ
2972 4437 3142 4543 πέρας
3168 4437 3363 4543 ἑλίξεῖῆ
3385 4437 3491 4506 Καί

254 4524 464 4596 ἢκεν,ᾓ
495 4523 746 4596 βασάνοις
777 4521 1168 4594 καϊστρέϐλαις
1189 4527 1262 4596 τὰ
1291 4521 1514 4596 σώματα
1535 4521 1822 4596 κατακτεί-

262 4593 386 4656 δὶυν,
421 4593 734 4646 ἀποκτεῖναι
766 4593 1321 4663 κεκαινουργημέναις
1371 4593 1532 4656 ἰδέαις
1569 4593 1820 4658 θανάτου,

258 4677 317 4715 ut
349 4666 734 4716 admoneamus
767 4663 1042 4730 legendum
1067 4677 1185 4716 esse
1203 4663 1444 4726 omnino,
1474 4665 1822 4725 κατατείνων,

255 4733 712 4804 quemadmodum
757 4732 1142 4804 Demosthenes
1174 4734 1305 4804 dixit
1329 4770 1342 4794 ,
1376 4735 1828 4804 κατατεινόμενος

256 4799 366 4855 ὑπὸ
391 4801 490 4870 τῆς
517 4799 774 4872 βασάνου.
803 4799 986 4869 Neque
1015 4800 1520 4872 enimiPhiloniante
1551 4799 1827 4872 elegantia:

256 4886 362 4937 est,
397 4871 1130 4934 κατακτείνων,ἀποκτεῖναι.
1165 4871 1272 4924 Fac
1300 4873 1478 4940 itaque
1512 4873 1589 4926 sic
1621 4871 1826 4926 νει-ωδε

264 4941 392 4996 Non
419 4942 569 5011 prius
605 4942 827 5006 abstitit,
881 4958 1036 5010 quam
1068 4942 1442 5011 quaestionibus
1467 4951 1516 4995 et
1561 4944 1829 4994 tormentis

257 5027 482 5078 corpora
510 5010 828 5082 distendens,
856 5013 1054 5064 naviter
1079 5010 1385 5081 excogitatis
1415 5012 1598 5065 mortis
1630 5011 1830 5082 generi-

259 5082 356 5133 bus
391 5079 724 5148 interﬁceret.

331 5150 662 5218 (MthMa
685 5148 795 5203 δύο
816 5148 1082 5202 τάλαντα
1096 5149 1409 5218 ἐκέρδησα.
1445 5149 1697 5204 Invenies
1719 5151 1832 5204 haec

259 5223 401 5287 apud
446 5216 786 5272 Valerianum
815 5216 1207 5274 Cemeliensem
1243 5219 1435 5273 Homil.
1487 5221 1573 5284 11,
1609 5235 1661 5288 p.
1705 5219 1828 5276 1&8.

265 5290 410 5342 Nam
466 5289 542 5341 ita
590 5290 645 5341 in
702 5290 798 5340 hoc
841 5290 954 5341 loco
982 5290 1294 5359 evangelista
1324 5291 1449 5342 dicit
1488 5291 1556 5341 ad
1586 5305 1703 5343 eum
1743 5290 1832 5356 qui

261 5359 467 5410 lucrum
493 5359 909 5428 quadruplicatw
929 5362 1161 5424 pecunia:
1192 5375 1392 5413 reverso
1424 5359 1487 5411 de
1510 5375 1720 5428 peregre
1738 5359 1834 5410 do-

262 5432 406 5480 mino
444 5427 700 5491 portavit:
744 5427 890 5494 Euge
947 5442 1102 5480 serve
1150 5428 1310 5492 bone,
1347 5439 1452 5481 etc.
1505 5427 1834 5482 Emendahis

264 5511 393 5550 vero
427 5513 637 5552 mecum
672 5506 728 5551 et
768 5495 932 5566 leges,
961 5497 1262 5566 duplicatw,
1288 5515 1352 5554 ex
1379 5499 1494 5568 ipso
1542 5499 1834 5569 Scriptura:

263 5575 437 5622 textu.

338 5638 450 5708 (45)
495 5634 730 5692 Ἀτονῶ.
779 5635 878 5692 Hic
908 5637 1100 5707 duplex
1133 5637 1313 5692 tollam
1360 5639 1608 5693 mendum
1639 5655 1703 5693 ex
1731 5653 1836 5691 uno

266 5707 390 5779 l_o_r0
432 5707 1024 5779 'elegantisrscriptoris
1072 5707 1173 5779 Nili
1208 5709 1418 5779 abbatis
1467 5709 1717 5762 Tractatu
1766 5714 1835 5779 aa

270 5776 687 5848 Magnam,'cap.
712 5778 810 5834 57:
830 5777 1011 5843 Μηδὲν
1039 5778 1222 5842 ἀτελὲς
1245 5778 1403 5844 ἔργον
1427 5780 1737 5844 παρῤησίαν
1760 5777 1837 5831 δί-

1927 4540 2049 4604 τινα
2082 4522 2187 4604 μὲν⁸
2211 4523 2318 4575 τῶν
2337 4522 2618 4604 τεχνητῶν.
2641 4522 2814 4604 ἔργων
2848 4523 2970 4604 ὅρον
3005 4524 3159 4604 ’ἐχειη
3178 4525 3269 4576 καὶ
3297 4523 3490 4604 πέρας,

1927 4540 2049 4574 τινα
2123 4540 2180 4574 εν
2211 4541 2318 4575 των
2337 4540 2610 4604 τεχντγτων
2641 4540 2814 4593 εργων
2848 4540 2970 4592 ορον
3009 4540 3140 4593 εχει,
3178 4541 3269 4576 και
3297 4540 3364 4576 πε
3405 4543 3490 4604 ας,

1925 4592 2060 4663 πρὸς
2082 4540 2145 4664 ἕν
2167 4593 2194 4644 6
2228 4593 2425 4655 σκοπὸς
2446 4611 2553 4645 των
2595 4593 2908 4664 ἀρχομένῳν
2922 4594 3051 4664 ῥρᾷ,
3077 4595 3170 4646 καὶ
3203 4541 3492 4664 κατορεου-

1921 4661 2011 4715 ται
2057 4661 2261 4733 τούτων
2290 4665 2520 4716 ἕκαστον
2569 4661 2648 4733 ἐνί
2672 4661 2746 4715 οὔ
2777 4661 2973 4731 πολλῷ
3001 4661 3193 4733 χρόνῳ,
3234 4665 3291 4717 ἐν
3338 4661 3492 4726 mea;

1927 4732 2347 4804 ἐνεργούμενον,
2367 4734 2460 4785 καὶ
2487 4733 2549 4785 τὸ
2579 4732 2728 4804 τέλος
2746 4733 2888 4804 Αέχον
2917 4732 3092 4804 ἑστὸς,
3145 4735 3235 4804 καὶ
3265 4734 3492 4804 περιμέέ

1927 4801 2128 4854 νοντὸν
2157 4803 2592 4875 περικόπτοντα,
2636 4802 2699 4854 'H
2740 4801 2795 4854 δὲ
2826 4803 2991 4873 ἀρετὴ
3035 4803 3242 4875 μακρὸν
3271 4801 3493 4874 exstet;

1932 4875 2153 4945 pﬁxog,
2179 4885 2309 4945 etc.,
2362 4885 2416 4924 et
2470 4874 2770 4945 restituam,
2809 4877 2982 4945 primo
3026 4874 3262 4945 quidem,
3303 4876 3493 4945 ἀτονή-

1930 4939 2100 5002 σαντι,
2125 4942 2314 5012 deinde
2338 4957 2461 4995 vero
2489 4939 2858 5012 προκόπτοντα
2886 4943 3151 5010 (quamvis
3178 4944 3317 4999 idem
3345 4939 3494 4998 meti-

1931 5013 2055 5064 dum
2086 5013 2137 5064 in
2171 5010 2473 5082 Sententiis.
2497 5010 2548 5064 n.
2588 5014 2706 5075 118,
2735 5027 2786 5079 p.
2812 5013 2960 5077 571),
2990 5029 3146 5067 sensu
3180 5016 3250 5067 ita
3270 5014 3492 5082 exigen-

1935 5090 1986 5132 te
2009 5120 2024 5144 ,
2055 5082 2144 5150 qui
2181 5090 2258 5134 est
2284 5097 2298 5133 :
2335 5078 2557 5133 Nullum
2585 5097 2712 5148 opus
2737 5078 3099 5150 imperfectum
3128 5086 3319 5151 prarbet
3350 5078 3492 5149 ﬁdu-

1931 5153 2066 5203 ciam
2110 5152 2156 5203 ei
2185 5152 2273 5219 qui
2308 5161 2548 5220 operatus
2585 5161 2698 5220 est;
2750 5153 2852 5203 imo
2904 5153 3050 5220 eﬁicit
3095 5163 3148 5205 ut
3195 5153 3487 5213 erubescat,

1931 5220 2082 5288 quasi
2117 5219 2468 5290 non_valuerit
2510 5219 2577 5290 ad
2625 5219 2781 5290 ﬁnem
2827 5219 3003 5274 eorum
3053 5221 3337 5290 pertingere
3374 5237 3490 5287 qua:

1934 5287 2173 5356 suscepit.
2209 5287 2278 5340 Et
2327 5288 2571 5341 nonnulla
2611 5289 2817 5353 quidem
2842 5287 3102 5358 artiﬁcum
3131 5287 3284 5355 Opera
3313 5293 3492 5342 termi-

1936 5375 2058 5412 num
2092 5360 2300 5421 habent,
2330 5369 2482 5427 atque
2509 5358 2685 5425 ﬁnem.
2736 5361 2803 5410 ad
2841 5375 2993 5428 quem
3025 5359 3264 5412 collineat
3303 5374 3490 5427 aggre-

1935 5429 2186 5481 dientium
2216 5445 2420 5492 scapus,
2451 5440 2497 5481 et
2527 5429 2792 5497 per/icitur
2822 5431 3220 5497 unumquodque
3255 5429 3488 5493 ipsorum

1937 5515 2038 5551 non
2080 5500 2242 5552 multo
2303 5509 2545 5565 tempore,
2599 5499 2652 5550 in
2689 5499 2924 5550 materiis
2958 5499 3195 5567 effectum
3239 5498 3492 5565 ﬁnemque

1937 5569 2128 5621 habens
2153 5570 2411 5637 stabilem,
2434 5571 2621 5637 quique
2651 5569 2906 5620 hominem
2933 5568 3282 5633 proficientem
3309 5581 3489 5637 exspe-

1939 5649 2059 5692 ctet.
2135 5636 2310 5691 Virtus
2356 5634 2545 5690 autem'
2582 5638 2790 5704 lattgum
2836 5637 2983 5691 habet
3030 5637 3381 5689 intervallum.
3433 5634 3489 5689 ltt

1941 5709 2264 5762 Thcodorito
2295 5709 2357 5761 ad
2388 5709 2670 5762 lCorinth.
2704 5723 2812 5774 xw,
2847 5711 2936 5776 28,
2962 5706 3294 5762 ἀτονὼτατον
3326 5707 3490 5776 leges,

1941 5777 2282 5832 ἀτοπώτᾶπω
2313 5779 2571 5838 corriges.
