3892 6272
424 325 560 393 ,855

1714 327 1780 383 S.
1813 318 2089 375 ASTERll
2128 321 2426 378 AMASENI

3580 318 3698 374 456

449 455 558 510 que
611 442 680 496 ob
729 440 1178 507 inobedienliam,
1239 455 1363 496 cum
1415 441 1739 510 deliquerit,
1776 439 2016 495 immittit

2121 440 2320 511 ακοὴν,
2355 440 2732 513 ἁμαρτήσαντι
2798 439 3018 507 ἐπάγων
3048 438 3146 503 τὰς
3178 438 3387 502 νόσους,
3408 436 3570 502 αὐτὸς
3600 437 3697 491 διὰ

448 535 702 596 morbos,
749 533 863 602 ipse
894 547 990 601 per
1020 532 1259 604 Moysem
1287 534 1590 588 Israelitico
1618 532 1816 602 populo
1835 532 1971 585 dixit
2005 551 2019 585 :

449 625 512 681 Si
534 627 724 679 auditu
760 625 992 679 audieris
1023 642 1198 680 vocem
1220 625 1432 680 Domini
1455 626 1550 681 Dei
1571 626 1672 690 tui,
1694 635 1743 680 et
1760 626 2025 679 custodie-

448 717 524 769 ris
571 718 821 770 mandata
874 718 1020 786 ejus,
1070 733 1274 771 omnem
1321 718 1596 783 morbum,
1653 733 1806 788 quem
1868 717 2024 770 intuli

449 803 741 874 Egyptiis,
768 822 871 859 non
893 807 1139 859 inducam
1174 823 1329 876 super
1359 818 1427 862 te.
1466 805 1577 876 Ego
1604 808 1742 861 enim
1774 822 1888 859 sunt
1917 806 2024 859 Do-

449 896 624 952 minus
651 913 846 950 sanans
880 911 928 951 te
951 898 993 952 ⁸.
1027 897 1272 953 Dicenda
1324 910 1503 954 autem
1537 914 1553 954 :
1587 897 1645 952 Si
1697 899 1885 952 auditu
1924 915 2024 950 ou-

448 987 643 1051 dieris,
697 1004 800 1041 non
845 988 1093 1041 inducam
1143 990 1235 1042 tibi
1280 992 1557 1053 morbum;
1611 989 2019 1051 demonstravit,

452 1073 617 1130 Deum
660 1076 877 1131 morbos
915 1076 1211 1130 immittere
1252 1089 1470 1146 propter
1521 1077 1935 1130 inobedientiam
1967 1086 2023 1129 ιιι

451 1167 664 1222 delicta.
702 1167 912 1223 Etenim
951 1169 1187 1240 Egyptii
1213 1212 1228 1236 ,
1301 1168 1734 1239 quandoquidem
1771 1167 1880 1220 Deo
1915 1185 2019 1222 nun

450 1259 912 1328 obtemperarunt,
957 1270 1010 1315 et
1041 1261 1307 1316 lsraelitas
1338 1275 1444 1316 non
1474 1261 1789 1325 emiserunt,
1823 1262 2022 1315 idcirco

448 1362 847 1419 aegrotaverunt
880 1352 1141 1419 correpti.

519 1442 588 1496 Et
620 1441 812 1507 David,
841 1445 1063 1512 quando
1089 1443 1291 1497 auditis
1314 1441 1619 1496 mandatis:
1644 1441 1769 1496 Non
1793 1442 2019 1495 moecha-

448 1531 583 1587 beris
609 1572 625 1597 ,
658 1549 761 1587 non
791 1534 991 1587 occides
1020 1533 1066 1600 ⁸,
1094 1533 1441 1602 contempsit,
1466 1532 1589 1587 ideo
1616 1546 1712 1600 per
1726 1532 2023 1600 correptio-

447 1641 571 1681 nem
604 1626 780 1681 factus
801 1637 887 1680 est
916 1624 1184 1678 infirmus.
1214 1623 1537 1678 Putruerunt
1564 1625 1708 1679 enim
1728 1662 1744 1688 ,
1775 1625 1947 1692 inquit
1976 1624 2018 1686 ⁸,

447 1730 496 1774 et
533 1727 795 1784 corrupta:
840 1726 961 1772 sunt
1010 1717 1280 1771 cicatrices
1307 1733 1433 1772 mea:
1476 1735 1509 1771 a
1549 1716 1683 1786 [acie
1708 1717 2021 1783 insipientia:

449 1826 597 1865 mete.
653 1809 790 1876 Quia
830 1824 961 1879 ergo
1034 1810 1101 1863 ab
1151 1809 1461 1863 hominibus
1507 1810 1826 1880 castigatum
1859 1810 2017 1863 homo

448 1916 646 1958 sanare
671 1911 878 1971 potest;
915 1917 944 1955 a
979 1902 1089 1957 Deo
1117 1911 1296 1956 autem
1334 1910 1659 1970 correptum,
1693 1916 1799 1955 non
1833 1903 2015 1965 homo,

449 2008 555 2048 non
601 1994 855 2065 angelus,
911 1995 1005 2049 sed
1064 1993 1212 2049 solus
1249 1994 1392 2048 Deus
1449 2004 1603 2047 sanat
1647 2004 1699 2047 et
1734 2004 1926 2048 curat:
1957 1992 2017 2048 Si

446 2087 584 2138 enim
619 2086 901 2149 peccaverit
948 2085 1028 2138 vir
1060 2084 1115 2137 in
1162 2085 1363 2147 virum,
1402 2095 1447 2138 et
1491 2085 1706 2138 orabunt
1742 2101 1836 2154 pro
1863 2101 1923 2139 eo
1948 2086 2017 2138 ad

452 2175 730 2229 Dominum
752 2175 810 2241 ";
849 2177 895 2229 si
926 2175 1089 2245 judex
1115 2179 1303 2230 mortis
1333 2178 1658 2231 sententiam
1692 2176 1890 2241 tulerit,
1924 2191 2016 2230 rex

453 2268 714 2323 rescindit
746 2268 1108 2335 sententiam;
1141 2269 1185 2322 si
1220 2284 1314 2323 rex
1360 2270 1809 2339 pronuntiaverit,
1844 2269 2018 2323 nullus

448 2359 715 2429 abrogare
758 2368 937 2429 potest
980 2382 992 2415 :
1041 2360 1210 2413 David
1252 2359 1536 2414 Dominum
1574 2360 1663 2429 qui
1695 2361 2017 2414 verberave-

452 2460 559 2514 rat,
591 2451 705 2505 fieri
735 2452 837 2520 ipsi
866 2453 1129 2506 medicum
1166 2452 1434 2505 hortatur.
1456 2449 1600 2505 Sana
1631 2467 1743 2515 me,
1779 2451 2014 2515 Domine,

446 2543 695 2611 quoniam
735 2545 1050 2596 conturbata
1093 2554 1213 2596 sunt
1261 2558 1380 2596 ossa
1418 2559 1551 2596 mea.
1591 2542 1725 2596 Ossa
1789 2542 2019 2611 appellat

451 2648 556 2687 non
584 2634 829 2701 corporis
853 2675 869 2700 ,
905 2636 999 2688 sed
1040 2634 1249 2687 \alidas
1287 2633 1670 2704 cogitationum
1694 2632 1868 2694 vires,
1897 2646 2018 2701 qua

452 2733 511 2776 ut
542 2723 740 2778 ﬂuetus
785 2726 1122 2778 conturbata:
1146 2724 1394 2789 fuerant,
1433 2724 1624 2793 spiritu
1646 2723 2016 2777 fornicationis

453 2817 689 2885 agitatae.
726 2815 1190 2882 Quemadmodum
1240 2815 1385 2869 enim
1433 2817 1485 2869 in
1537 2817 1673 2867 mari
1714 2814 1923 2868 initium
1951 2828 2017 2868 ac

451 2907 598 2962 velut
628 2908 905 2961 meditatio
945 2907 1344 2973 naufragiorum
1396 2917 1479 2959 est
1518 2904 1771 2960 fluctuum
1828 2907 2013 2958 turba-

452 3000 563 3059 tio;
601 2998 680 3052 sic
712 2998 767 3051 in
800 2998 981 3051 anima
1024 2998 1346 3066 principium
1397 2996 1686 3062 adulterii,
1715 2996 2017 3050 fornicatio-

450 3094 557 3158 nis,
586 3092 818 3162 peccati,
838 3102 923 3146 est
952 3092 1294 3159 cogitationis
1314 3091 1479 3145 animi
1509 3091 1747 3144 turbatio
1773 3104 2013 3145 rmnosa.

454 3182 638 3237 Primo
666 3194 899 3250 namque
943 3182 1125 3234 anima
1173 3183 1419 3250 turpibus
1447 3180 1729 3236 desideriis
1765 3191 2014 3250 tauquam

450 3287 611 3330 emno
638 3273 897 3335 inficitur,
922 3274 1108 3342 sicque
1140 3274 1368 3326 incurrit
1402 3273 1455 3326 in
1489 3272 1858 3327 fornicationis
1889 3290 2020 3328 nan-

450 3365 704 3434 fragium.
744 3364 885 3419 Hine
910 3374 1120 3434 spectat
1147 3363 1435 3419 affectuum
1466 3365 1708 3427 delicias,
1744 3364 1889 3418 illinc
1913 3365 2017 3419 mi-

454 3470 554 3510 nas
578 3455 694 3511 Dei.
724 3456 833 3511 Sed
855 3456 1000 3511 sicut
1034 3465 1209 3510 nauta:
1247 3471 1312 3509 ae
1344 3456 1751 3524 gubernatores,
1779 3472 1899 3510 cum
1937 3457 2016 3509 vi-

452 3548 634 3603 derint
676 3548 746 3603 ab
782 3532 1028 3603 adversis
1074 3548 1250 3601 ventis
1297 3560 1446 3600 mare
1503 3547 1742 3616 incipere
1794 3546 2017 3610 turbari,

451 3636 739 3693 confestim
788 3650 907 3690 sine
956 3637 1217 3691 dilatione
1266 3637 1334 3690 ad
1382 3646 1571 3703 portus
1599 3636 1909 3706 appellunt,
1938 3636 2020 3690 vi-

455 3737 680 3795 tantque
722 3727 1055 3795 periculum;
1091 3737 1247 3780 extra
1298 3735 1480 3780 autem
1534 3728 1579 3780 si
1627 3728 2020 3797 permanserint

454 3821 827 3892 periclitantur
860 3838 874 3874 :
918 3820 991 3874 ita
1041 3821 1155 3889 ipse
1194 3830 1250 3875 tu
1288 3822 1715 3890 quotiescunque
1743 3821 2021 3890 cogitatio-

455 3914 612 3968 nibus
639 3912 875 3968 turbaris
901 3927 999 3982 per
1031 3912 1323 3981 voluptatis
1354 3922 1547 3968 ventos
1570 3953 1586 3977 ,
1621 3912 1767 3968 illico
1799 3915 1865 3967 ad
1897 3929 2021 3984 por-

459 4014 570 4059 tum
603 4004 862 4060 Ecclesia:
893 4018 1073 4059 curre.
1122 4004 1232 4059 lllic
1270 4005 1456 4058 audies
1488 4004 1554 4059 de
1595 4008 1943 4074 temperantia
1965 4014 2022 4059 et

456 4098 706 4152 castitate
726 4111 791 4150 ex
823 4095 1117 4164 Scripturis
1146 4104 1202 4148 et
1225 4095 1538 4151 doctoribus
1561 4135 1576 4159 ,
1613 4097 1753 4165 quod
1798 4096 2025 4165 fornica-

457 4198 593 4243 tores
628 4199 675 4242 et
717 4188 982 4241 adulteros
1024 4186 1285 4256 judicabit
1314 4187 1541 4252 Deus”;
1594 4187 1738 4258 quod
1788 4188 2021 4241 honora-

457 4281 557 4334 bite
592 4281 951 4345 connubium;
1019 4280 1161 4349 quod
1196 4294 1301 4333 non
1342 4280 1524 4350 nuptis
1568 4290 1623 4335 et
1665 4280 1841 4335 viduis
1889 4282 2021 4336 dicit

454 4371 773 4438 Apostolus:
798 4370 1005 4424 Bonum
1029 4380 1103 4424 est
1129 4370 1235 4425 illis
1255 4374 1302 4426 si
1329 4372 1403 4425 sic
1425 4372 1801 4435 permanserint
1821 4373 1950 4426 sicut
1971 4383 2020 4426 et

2122 530 2399 593 Μωῦσέως
2428 531 2613 600 ἔλεγεν
2642 530 2721 601 τῷ
2774 531 2986 602 Ἰραήλ*
3064 530 3199 587 Ἐὰν
3233 531 3384 596 ἀκολ
3420 530 3699 598 ἀκούσῃς

2120 619 2231 689 τῆς
2259 621 2463 690 φωνῆς
2505 623 2723 690 Κυρίου
2764 622 2874 676 τοῦ
2906 621 3052 676 Θεοῦ
3082 637 3225 683 σου,
3271 620 3369 673 καὶ
3415 618 3701 688 φυλάξῃς

2120 710 2226 774 τὰς
2271 709 2522 775 ἐντολὰς
2566 710 2773 774 αὑτοῦ,
2809 710 3017 768 πᾶσαν
3038 712 3247 773 νόσον,
3276 708 3355 776 ἢν
3389 709 3701 778 ἐπήγαγον

2120 799 2245 865 τοῖς
2267 802 2643 870 Αἰγυπτίοις,
2698 803 2810 856 οὐκ
2854 800 3054 865 ἐπάξω
3110 800 3209 854 ἐπὶ
3252 800 3349 856 σέ.
3390 801 3537 868 Ἐγὼ
3578 798 3698 869 γάρ

2119 890 2234 961 ειμι
2281 893 2495 961 Κύριος
2540 896 2573 947 ό
2618 892 2862 963 ἰώμενός
2894 908 2988 948 σε.
3034 891 3217 947 Εἰπὼν
3244 893 3324 957 δὲ,
3372 895 3504 947 Ἐὰν
3534 891 3700 963 ἀκοῇ

2119 983 2408 1051 ἀκούσῃς,
2432 987 2504 1038 οὺ
2521 984 2607 1052 μὴ
2630 987 2818 1039 νόσον
2830 985 3032 1050 ἐπάξω
3071 1002 3196 1040 σοι·
3231 983 3450 1049 ἔδειξεν,
3482 985 3565 1038 ὅτι
3591 985 3698 1049 τὰς

2119 1075 2305 1139 νόσους
2327 1077 2520 1145 ἐπάγει
2541 1079 2569 1130 6
2591 1078 2719 1142 Θεὸς
2747 1078 2834 1131 διὰ
2864 1077 3148 1149 παρακοὴν
3175 1079 3266 1131 καὶ
3294 1079 3695 1149 ἁμαρτήματα.

2119 1169 2230 1221 Καὶ
2262 1169 2371 1241 γὰρ
2406 1172 2455 1223 οἱ
2485 1170 2791 1239 Αἰγύπτιοι,
2834 1170 3023 1240 ἐπειδὴ
3061 1170 3156 1222 τοῦ
3191 1168 3326 1222 Θεοῦ
3357 1171 3699 1240 παρήκουον,

2120 1261 2214 1314 καὶ
2255 1261 2346 1314 τὸν
2383 1261 2597 1333 Ἰσραὴλ
2629 1264 2729 1315 οὐκ
2761 1262 3109 1328 ἀπέστελλον,
3140 1261 3231 1333 διέι
3273 1261 3433 1315 τοῦτο
3473 1262 3699 1316 ἐνόσουν

2119 1352 2512 1422 παιδευόμενοι.

2188 1446 2295 1498 Καὶ
2325 1446 2354 1497 6
2379 1446 2562 1507 Δαϐὶδ,
2591 1444 2775 1517 ἐπειδὴ
2802 1444 3060 1508 ἀκούσας,
3114 1446 3194 1499 Οὐ
3215 1445 3579 1514 μοιχεύσεις,
3617 1447 3698 1500 οὐ

2118 1532 2435 1599 φονεύσεις
2457 1572 2470 1593 ,
2506 1534 2869 1603 παρήκουσεν,
2895 1531 2984 1586 διὰ
3001 1531 3158 1586 τοῦτο
3191 1533 3496 1597 παιδευθεὶς
3528 1535 3699 1604 ἡσθέ-

2118 1636 2299 1689 νησεν.
2328 1618 2719 1688 Προσώζεσατν
2748 1621 2857 1692 γὰρ
2896 1621 2994 1674 καὶ
3039 1620 3364 1689 ἐσάπησαν
3391 1626 3446 1676 oi
3483 1623 3699 1692 μώλω-

2121 1710 2229 1776 πές
2251 1729 2370 1780 μου
2389 1752 2404 1773 ,
2439 1713 2602 1784 φησιν
2622 1754 2636 1777 ,
2669 1713 2786 1767 ἀπὸ
2819 1714 3138 1781 προσώπου
3184 1712 3295 1779 τῆς
3336 1714 3696 1783 ἀφροσύνης

2048 1794 2089 1848 Β
2110 1818 2249 1870 μου.
2301 1803 2452 1855 Ἐπεὶ
2484 1799 2575 1856 οὖν
2618 1804 2708 1856 τὸν
2742 1803 2892 1871 παρὰ
2926 1802 3228 1875 ἀνθρώπων
3266 1805 3628 1861 παιδευθέντα
3664 1810 3701 1861 6

2117 1890 2248 1955 Θεὸς
2280 1890 2323 1924 ¹⁶
2349 1891 2603 1946 ἰάσασθαι
2624 1892 2869 1946 δύναται·
2897 1892 2989 1945 τὸν
3015 1892 3072 1945 δὲ
3101 1891 3252 1964 παρά
3281 1890 3374 1945 τοῦ
3401 1891 3532 1945 Θεοῦ
3563 1910 3699 1947 παι-

2113 1983 2386 2049 δευοέντα,
2412 1986 2512 2038 οὐκ
2545 1985 2848 2056 ἄνθρωπος,
2879 1985 2979 2039 οὐκ
3007 1984 3258 2054 ἄγγελος,
3295 1985 3433 2039 ἀλλὰ
3465 1987 3633 2056 μόνος
3664 1988 3699 2042 6

2117 2076 2247 2139 Θεὸς
2283 2079 2424 2131 ἰᾶται
2469 2077 2895 2150 καηθεραπεύει
2916 2094 2931 2108 ⁸
2990 2078 3124 2134 Ἐὰν
3154 2079 3264 2148 γὰρ
3283 2078 3509 2149 ἁμάρτῃ
3530 2080 3696 2148 ἀνὴρ

2117 2172 2205 2232 εἰς
2252 2169 2466 2237 ἄνδρα,
2514 2172 2612 2223 καὶ
2655 2171 3090 2237 προσεύξονται
3140 2172 3273 2239 περὶ
3316 2172 3499 2225 αὑτοῦ
3536 2174 3695 2240 πρὸς

2116 2263 2368 2329 Κύριον·
2400 2262 2494 2316 ἐὰν
2527 2262 2708 2333 ἄρχων
2739 2262 3011 2331 ἀπόφασιν
3049 2261 3123 2332 δῷ
3149 2264 3228 2327 εἰς
3257 2263 3504 2328 θάνατον,
3554 2267 3694 2318 ἁνα-

2116 2354 2305 2426 τρέπει
2337 2353 2588 2423 βασιλεὺς
2627 2355 2726 2424 τὴν
2755 2354 3062 2422 ἀπόφασινο
3093 2355 3187 2411 ἐὰν
3210 2357 3239 2410 6
3270 2354 3517 2425 βασιλεὺς
3552 2359 3696 2412 ἀπο-

2116 2447 2374 2515 φήνηται,
2401 2445 2573 2508 οὐδεὶς
2607 2445 2907 2517 ἀνατρέψαι
2938 2445 3157 2500 δύναται
3175 2462 3189 2477 ’
3219 2449 3247 2502 6
3274 2446 3435 2500 Δασὶδ
3460 2448 3551 2500 τὸν
3590 2467 3695 2518 μα-

2115 2538 2366 2603 στίξαντα
2389 2539 2664 2609 Δεσπότην
2694 2539 2877 2608 ἰατρὸν
2902 2539 3151 2608 γενέσθαι
3191 2540 3339 2610 αὐτῷ
3359 2542 3691 2614 παρακαλεῖ.

2117 2629 2317 2683 Ἰασαί
2333 2644 2427 2697 με,
2448 2629 2643 2695 Κύριε,
2673 2628 2761 2681 ὅτι
2787 2628 3081 2698 ἐταράχθη
3103 2628 3176 2683 τὰ
3198 2627 3347 2684 ὀστᾶ
3356 2647 3495 2700 μου.
3526 2632 3697 2688 ’οστᾶ

2113 2718 2170 2771 δὲ
2195 2718 2360 2786 λέγει,
2387 2717 2449 2770 οὐ
2472 2719 2542 2772 τὰ
2576 2718 2671 2771 τοῦ
2697 2718 2971 2789 σώματος,
3002 2718 3140 2774 ἀλλὰ
3162 2720 3261 2785 τὰς
3286 2721 3507 2792 ἰσχυρὰς
3535 2722 3695 2776 δυνάο

2119 2828 2239 2881 μεις
2277 2809 2385 2863 τῶν
2428 2810 2703 2880 λογισμῶν
2724 2851 2739 2874 ,
2771 2811 2969 2873 αἵτινες
3011 2810 3086 2874 ὼς
3119 2809 3338 2881 κύματα
3380 2812 3693 2884 ἐταράχθη-

2118 2919 2236 2963 σαν,
2267 2901 2535 2972 πνεύματι
2559 2902 2813 2973 πορνείας
2834 2900 3304 2972 κλυδωνιζόμεναι.
3341 2903 3550 2973 Ὥσπερ
3578 2905 3693 2978 γὰρ

2121 2994 2179 3045 ὲν
2213 2991 2457 3064 θαλάσσῃ
2481 2989 2623 3062 ἀρχὴ
2651 2993 2744 3044 καὶ
2768 2992 2963 3063 μελέτη
2986 2991 3094 3044 τῶν
3124 2992 3394 3062 ναυαγίων
3413 2995 3442 3047 6
3462 2994 3571 3046 τῶν
3592 3012 3695 3047 κυ-

2123 3085 2306 3154 μάτων
2325 3086 2557 3154 τάραχος
2576 3101 2591 3115 ο
2615 3083 2787 3149 οὕτως
2808 3086 2866 3137 ἐν
2880 3088 2947 3156 τῇ
2971 3085 3116 3155 ψυχῇ
3137 3086 3278 3158 ἁρχὴ
3301 3086 3564 3157 μοιχείας,
3594 3088 3696 3142 καὶ

2043 3146 2085 3204 C
2118 3146 2512 3247 πορνείας-καλ
2533 3146 2826 3249 άμαρτίας,
2853 3180 2881 3231 6
3448 3146 3694 3244 διανοίας

2120 3268 2456 3341 βορϐορώδης
2475 3269 2730 3341 τάραχος·
2748 3270 2967 3342 Πρῶτον
2989 3270 3096 3343 γὰρ
3116 3270 3313 3344 ἡψυχὴ
3336 3271 3694 3344 βορδοροῦται

2116 3366 2236 3424 ταῖς
2262 3364 2511 3432 αἰσχραῖς
2533 3362 2869 3433 ἐπιθυμίαις,
2898 3363 2993 3416 καὶ
3024 3362 3196 3426 οὕτως
3223 3364 3485 3433 ἐμπίπτει
3518 3366 3601 3427 εἰς
3628 3364 3692 3419 τὸ

2118 3453 2217 3522 τῆς
2232 3454 2486 3525 πορνείας
2500 3454 2774 3523 ναυάγιον.
2793 3454 2984 3507 Ἔνθεν
2999 3454 3103 3527 ὁρᾷ
3118 3455 3187 3508 τὰ
3207 3454 3336 3524 ἡδέα
3344 3453 3452 3507 τῶν
3475 3455 3690 3520 παθῶν,

2119 3544 2327 3597 ἐκεῖθεν
2354 3545 2454 3608 τὰς
2483 3545 2708 3610 ἀπειλὰς
2737 3545 2829 3600 τοῦ
2866 3546 3023 3601 Θεοῦ.
3084 3547 3222 3623 ξΛλλ’
3249 3546 3438 3617 ὥσπερ
3467 3550 3519 3601 οἱ
3554 3548 3691 3601 ναῦ-

2117 3653 2207 3689 ται
2240 3637 2334 3689 καὶ
2367 3637 2416 3689 oi
2451 3636 2795 3708 κυϐερνῆται,
2827 3639 2904 3691 ὅτ’
2938 3637 3004 3691 ἂν
3038 3637 3251 3691 εἴδωσιν
3292 3638 3397 3691 ὑπὸ
3430 3639 3692 3694 ἐναντίων

2120 3728 2333 3798 ἀνέμων
2378 3728 2688 3799 ἀρχομένην
2722 3729 3085 3800 ταράττεσθαι
3122 3729 3429 3792 θάλασσαν,
3477 3731 3693 3800 ταχέως

2121 3821 2215 3874 καὶ
2248 3821 2627 3890 ἀνυπερθέτως
2669 3822 2763 3875 ἐπὶ
2805 3823 2929 3900 τοὺς
2960 3823 3186 3893 λιμένας
3222 3823 3565 3893 μεταίρουσιν
3596 3824 3693 3878 καὶ

2119 3912 2211 3967 τὸν
2239 3913 2479 3967 κίνδυνον
2508 3913 2862 3983 ἐκφεύγουσιν
2886 3954 2901 3977 ,
2933 3913 3038 3978 ἔξω
3058 3914 3115 3968 δὲ
3145 3915 3542 3983 ἁπομείναντες
3569 3932 3688 3970 κιν-

2118 4005 2457 4059 δυνεύουσινο
2517 4006 2687 4070 οὕτως
2742 4007 2899 4069 αὐτὸς
2945 4007 3053 4061 τῶν
3102 4006 3375 4078 λογισμῶν
3431 4006 3532 4060 ὕπὸ
3578 4007 3691 4063 τῶν

2120 4097 2336 4168 ἀνέμων
2358 4100 2454 4168 τῆς
2479 4096 2784 4167 φιληδονίας
2803 4098 3221 4168 ταραττόμενος,
3249 4097 3459 4168 ταχέως
3483 4095 3578 4150 ἐπὶ
3597 4096 3693 4152 τὸν

2121 4189 2312 4261 λιμένα
2344 4190 2443 4261 τῆς
2485 4189 2808 4262 Ἐκκλησίας
2834 4190 3027 4261 δράμε.
3067 4189 3309 4253 Ἀκούεις
3333 4190 3461 4261 περὶ
3481 4207 3692 4261 σωφρο-

2123 4281 2286 4354 σύνης
2305 4282 2399 4336 καὶ
2426 4281 2644 4350 ἁγνείας
2668 4282 2775 4334 ἀπὸ
2796 4282 2905 4334 τῶν
2928 4281 3160 4352 Γραφῶν
3183 4280 3278 4334 καὶ
3301 4279 3412 4333 τῶν
3434 4280 3691 4335 διδασκά-

2120 4373 2246 4435 λων,
2273 4375 2356 4427 ὅτι
2384 4374 2652 4441 Πόρνους
2692 4375 2787 4427 καὶ
2821 4374 3072 4444 μοιχοὺς
3100 4370 3290 4441 κρινεῖ
3315 4376 3349 4427 ὁ
3379 4374 3523 4439 Θεός
3548 4390 3563 4405 ’
3604 4374 3689 4426 ὅτι

454 4479 547 4532 ego
591 4464 658 4527 ⁹;
719 4463 861 4532 quod
912 4461 1253 4517 Adducentur
1308 4466 1415 4533 regi
1478 4464 1813 4533 virgines";
1876 4467 2017 4533 quod

2122 4467 2313 4533 τίμιος
2332 4468 2365 4517 ὁ
2392 4463 2596 4533 τάμοςο
2629 4465 2709 4517 ὅτι
2738 4464 2884 4532 λέγει
2915 4466 3027 4527 τοῖς
3045 4465 3279 4534 ἀγάμοις
3312 4465 3405 4518 καὶ
3434 4468 3555 4527 ταῖς
3588 4465 3690 4535 χή-

453 4562 575 4606 sunt
621 4552 843 4606 eunuchi
893 4553 982 4623 qui
1038 4554 1233 4622 seipsos
1285 4565 1639 4609 castraverunt
1678 4567 1886 4624 propter
1932 4572 2017 4609 re-

454 4642 611 4711 g'num
639 4646 887 4697 cmlorum
912 4646 980 4698 ¹¹.
1016 4643 1083 4698 Ει
1115 4654 1239 4699 ante
1265 4644 1677 4701 fornicationem
1702 4686 1718 4711 ,
1750 4648 2015 4715 cupidita-

454 4746 561 4790 tem
590 4737 696 4793 Deo
724 4738 987 4792 confitere
1007 4754 1070 4793 ac
1100 4740 1295 4794 dicito:
1327 4740 1575 4795 Miserere
1608 4743 1733 4806 mei,
1772 4742 2015 4806 Domine,

452 4827 699 4894 quoniam
743 4828 983 4895 inﬁrmus
1013 4845 1129 4881 sunt
1152 4842 1172 4880 .'
1203 4829 1518 4883 infirmitate
1553 4841 1755 4884 natura:
1786 4832 2019 4884 circum-

455 4916 633 4970 datus.
674 4915 822 4971 Sana
851 4933 931 4969 me
949 4955 964 4979 ,
996 4917 1214 4971 Domine
1239 4958 1255 4984 ,
1299 4922 1545 4988 quoniam
1570 4925 1879 4975 conturbata
1898 4934 2015 4975 sunt

455 5022 573 5059 ossa
595 5022 708 5059 mea
731 5023 751 5061 :
787 5009 981 5063 anima:
1009 5011 1388 5079 cogitationes,
1422 5026 1541 5079 quas
1566 5013 1630 5067 ad
1663 5012 1935 5066 libidinem
1963 5023 2019 5067 et

455 5106 677 5164 peccata
725 5096 996 5166 captivum
1046 5113 1131 5152 me
1175 5098 1421 5154 ducunt:
1460 5100 1720 5164 Quoniam
1772 5103 2017 5169 cogitatio

454 5188 678 5244 hominis
702 5188 1031 5258 conﬁtebitur
1056 5192 1151 5245 tibi
1170 5193 1234 5245 η.
1252 5192 1516 5246 Οιοιειιιιιι
1535 5192 1676 5261 quod
1695 5208 1800 5247 non
1832 5193 2013 5262 loqua-

457 5291 544 5336 tur
572 5285 639 5338 de
662 5284 874 5337 ossibus
895 5284 1138 5352 corporis
1158 5324 1172 5349 ,
1207 5298 1271 5337 ea
1296 5285 1590 5337 ostendunt
1626 5298 1744 5353 quae
1773 5300 2013 5354 sequun-

456 5384 564 5428 tur.
625 5375 911 5446 Subjungit
947 5376 1135 5431 enim:
1178 5375 1244 5430 Et
1290 5376 1468 5430 anima
1519 5391 1633 5431 mea
1680 5376 1890 5430 turbata
1940 5387 2013 5430 est

453 5465 621 5523 valde.
1393 5458 1401 5471 ’

2128 4574 2246 4626 ραις
2271 4558 2299 4608 6
2337 4556 2650 4619 Ἀπόστολος
2674 4573 2687 4585 ·
2710 4555 2911 4610 Καλὸν
2934 4553 3138 4621 αὐτοῖς
3159 4556 3327 4609 ἐστιν
3352 4555 3461 4609 ἐὰν
3475 4556 3687 4624 μείνω-

2122 4662 2226 4698 σιν
2268 4645 2347 4711 ὡς
2392 4646 2582 4714 κάγώ’
2617 4648 2700 4699 ὅτι
2745 4646 3272 4716 Ἀπενεχθήσονται
3317 4646 3396 4712 τῷ
3438 4645 3689 4711 ,Βασιλεῖ

2123 4736 2399 4805 παρθένοι
2417 4753 2430 4767 ⁸
2462 4738 2543 4789 ὅτι
2572 4738 2748 4791 Εἰσὶν
2776 4738 3053 4808 εὐνοῦχοι
3081 4739 3296 4805 οἵτινες
3320 4739 3689 4806 εὐνούχισαν

2122 4827 2372 4893 ἑαυτοὺς
2415 4826 2512 4881 διὰ
2565 4826 2679 4895 τὴν
2713 4828 3039 4892 βασιλείαν
3086 4828 3205 4881 τῶν
3250 4826 3540 4895 οὐρανῶν.
3576 4828 3687 4881 Καὶ

2122 4920 2227 4991 πρὸ
2258 4920 2357 4990 τῆς
2385 4920 2639 4982 πορνείας
2657 4959 2671 4978 ,
2696 4920 2767 4972 τὰ
2794 4920 2893 4989 τῆς
2920 4919 3216 4990 ἐπιθυμίας
3246 4919 3325 4989 τῷ
3346 4919 3466 4989 Θεῷ
3498 4919 3689 4987 ἐξαγοι

2124 5009 2319 5081 ρεὺσας
2334 5010 2475 5062 cirri:
2501 5010 2796 5078 Ἐλέησόν
2813 5028 2909 5081 με,
2933 5012 3124 5080 Κύριε,
3148 5009 3235 5063 ὅτι
3262 5009 3528 5077 ἀσθενής
3548 5012 3685 5078 εἰμι’

2120 5101 2402 5156 ἀσθένειαν
2434 5100 2647 5171 φύσεως
2696 5103 3093 5174 περικείμενος.
3138 5103 3327 5155 "Iaera!
3355 5118 3450 5171 με.
3487 5102 3688 5169 Κύριε,

2120 5192 2208 5247 ὅτι
2240 5191 2535 5261 ἐταράχθη
2562 5191 2636 5246 τὰ
2663 5190 2813 5246 ὀστᾶ
2829 5210 2947 5261 μου
2969 5210 2982 5222 ·
3012 5193 3081 5245 τὰ
3108 5193 3204 5261 τῆς
3232 5190 3407 5261 ψυχῆς
3433 5191 3687 5261 ἐνθύμια,

2122 5287 2202 5349 είς
2253 5285 2539 5353 ἀσέλγειαν
2585 5284 2681 5338 καὶ
2733 5282 3003 5354 ἁμαρτίας
3061 5299 3127 5352 με
3184 5280 3686 5352 αἰχμαλωτίζοντα’

2125 5378 2253 5433 Ὀτι
2274 5378 2553 5447 ἐνθύμιον
2567 5377 2877 5444 ἀνθρώπου
2900 5371 3407 5443 ἐξομολογήσεταί
3420 5388 3540 5424 σοι.
3565 5371 3689 5423 Ὅτι

2126 5469 2181 5523 δὲ.
2210 5470 2339 5541 περ),
2359 5468 2467 5523 τῶν
2491 5467 2693 5525 ὀστέων
2728 5467 2788 5520 οὐ
2829 5465 2975 5533 λέγει
3003 5463 3093 5518 τοῦ
3127 5463 3376 5536 σώματος
3396 5504 3409 5528 ,
3446 5462 3598 5532 δηλοῖ
3621 5460 3689 5513 τὰ

455 5562 604 5633 έξῆς·
661 5562 853 5633 ἐπάγει
906 5562 1045 5634 γάρ·
1111 5561 1217 5616 Καὶ
1257 5562 1296 5629 ἡ
1348 5561 1519 5631 ψυχή
1556 5579 1676 5632 μου
1725 5562 2020 5634 ἐταράχθη
2049 5566 2303 5636 σφόδρα.

514 5725 534 5755 ⁵
562 5724 729 5779 Exod.
768 5743 854 5789 xv,
877 5726 966 5779 9.6.
1006 5729 1026 5759 ⁸
1054 5724 1222 5780 Evod.
1253 5741 1342 5786 xx.
1375 5727 1459 5790 Η,
1491 5725 1590 5794 13.]
1627 5725 1648 5755 ‘
1676 5724 1817 5780 Psal.
1864 5743 2069 5793 xxxvii,
2099 5727 2154 5781 6.
2225 5727 2246 5759 "
2275 5725 2294 5781 ι
2324 5724 2455 5790 Reg.
2494 5742 2551 5786 ιι,
2574 5725 2666 5781 ‘25.

1034 5800 1070 5827 "
1101 5797 1264 5851 Matth
1325 5814 1435 5859 xu,
1464 5796 1549 5850 12.
1631 5797 1672 5827 ⁸³
1697 5794 1837 5850 Psal.
1876 5813 2035 5862 Lxxv,
2076 5799 2160 5852 ll.
2245 5797 2288 5829 ⁸³
2323 5795 2361 5849 f.
2393 5795 2695 5860 ἄνθρωπος.

458 5793 501 5825 ⁸⁸
524 5793 661 5847 I‘sal.
691 5812 832 5858 λων,
871 5797 953 5851 l5.

2737 5727 2941 5800 'llebr.
2974 5740 3090 5793 XIII,
3117 5723 3172 5778 ι.
3246 5726 3269 5757 ⁹
3306 5723 3466 5781 lCor.
3500 5743 3597 5793 vn,
3629 5726 3663 5781 8
