3892 6272
416 210 522 269 859

1681 203 1738 259 S.
1780 203 2056 260 ASTERII
2095 198 2400 258 AMASENI

3546 194 3656 256 160

391 340 539 404 ¹οιιιιι
569 334 798 396 tyranno
851 323 1110 379 adversus
1152 336 1238 378 me
1293 321 1612 376 armantur?
1658 319 1985 387 Convertere,

2092 320 2222 373 πότε
2239 317 2464 372 ’ἀπὸτοῦ
2503 315 2784 387 ’Ἀχιτόφελ
2815 319 2915 371 οὐκ
2952 317 3219 381 ὲκδικεῖςς
3257 314 3400 376 Ἕως
3427 313 3557 366 πότε
3590 315 3654 369 τὰ

420 416 658 477 Domine,
685 416 826 482 eripe
847 414 1076 468 animam
1105 427 1269 466 meam
1296 426 1313 464 :
1342 411 1546 466 salvum
1567 426 1646 465 me
1663 410 1750 478 {ac
1771 422 1981 480 propter

415 503 830 559 misericordiam
877 515 1044 558 tuam.
1089 502 1227 570 Quia
1263 502 1434 572 ipsum
1482 501 1637 557 decet
1662 501 1854 572 gloria,
1886 503 1982 556 ho-

420 610 540 660 nor,
570 596 854 664 imperium
875 633 894 660 ,
926 608 1069 650 nunc
1101 602 1156 649 et
1203 607 1301 663 per
1338 591 1548 648 inﬁnita
1585 592 1777 648 saecula
1807 607 1981 648 saecu-

419 685 614 744 lorum.
645 688 836 742 Amen.

1131 869 1270 924 XXI.

938 959 1006 1013 In
1045 961 1299 1028 psalmum
1348 960 1452 1014 VII.

420 1049 641 1108 Domine
682 1054 816 1106 Deus
843 1068 1018 1115 meus,
1077 1052 1130 1104 in
1167 1061 1214 1104 le
1243 1051 1477 1120 speravi,
1513 1050 1716 1104 salvum
1755 1064 1836 1103 me
1875 1048 1980 1117 fac.

493 1143 953 1211 Quemadmodum
982 1142 1070 1210 qui
1105 1141 1262 1210 regiae
1297 1139 1545 1210 imaginis
1571 1146 1844 1208 spectator
1879 1145 1981 1201 est,

423 1247 527 1286 non
561 1231 787 1302 deSpicit
811 1230 1068 1300 speciem.
1104 1243 1201 1284 nec
1239 1229 1664 1296 inscriptionem,
1697 1228 1792 1282 sed
1819 1234 1874 1282 et
1904 1227 1984 1295 pi-

338 1379 342 1382 .
421 1335 628 1378 eturam
660 1333 710 1374 et
747 1321 955 1375 titulum
988 1327 1207 1389 aspectu
1250 1318 1628 1388 amplectitur:
1664 1319 1742 1373 sic
1773 1317 1864 1386 qui
1893 1332 1986 1371 su-

423 1412 864 1483 perscriptionem
911 1409 1102 1478 psalmi
1150 1409 1294 1478 legit,
1328 1423 1570 1476 quaerere
1609 1408 1766 1462 debet
1796 1407 1986 1462 inscri-

423 1501 681 1570 ptionem,
740 1512 971 1566 eumque
1029 1497 1117 1566 qui
1164 1497 1416 1567 scripsit,
1469 1511 1674 1550 necnon
1721 1511 1846 1550 eum
1893 1496 1983 1564 qui

421 1591 656 1662 scriptus
684 1599 787 1646 est.
821 1589 998 1656 Quare
1041 1598 1219 1643 autem
1269 1588 1548 1658 inscriptio
1574 1587 1596 1640 ’ἲ
1625 1587 1822 1644 Oculus
1841 1587 1983 1642 enim

417 1689 504 1736 est
524 1671 1004 1750 interpretationis,
1037 1678 1276 1734 historia:
1297 1676 1703 1732 demonstratio.
1726 1678 1982 1744 Quasnam

424 1771 585 1840 igitur
631 1771 868 1840 apposita
910 1769 1100 1838 psalmi
1138 1766 1452 1838 inscriptio?
1486 1767 1536 1822 1.
1577 1765 1826 1822 Psalmus
1874 1767 1986 1820 Da—

423 1861 534 1924 vid,
576 1878 727 1930 quem
771 1862 999 1915 cantavit
1046 1860 1270 1914 Domino
1317 1876 1410 1925 pro
1458 1859 1624 1912 verbis
1680 1857 1842 1913 Clausi
1887 1860 1986 1928 ﬁlii

421 1949 640 2005 Jemim‘.
686 1951 876 2005 Vidisti
922 1950 1073 2015 mihi,
1122 1949 1309 2015 frater,
1343 1950 1646 2004 columnam
1681 1949 1988 2019 inscriptio-

423 2055 571 2108 nem,
599 2050 652 2096 et
683 2043 1008 2110 praeconium
1056 2042 1376 2110 scripturam
1405 2077 1420 2103 ,
1449 2049 1504 2093 et
1538 2040 1854 2109 scriptorem
1888 2041 1988 2093 Da-

423 2133 619 2198 videm,
658 2142 819 2201 atque
867 2132 1056 2186 ducem
1108 2132 1379 2186 exercitus
1425 2134 1686 2198 scriptum
1761 2131 1988 2184 fortissi-

425 2237 568 2276 mum
615 2221 819 2276 Chusi?
877 2222 942 2276 Et
988 2237 1085 2274 cur
1146 2235 1327 2276 sermo
1377 2221 1620 2286 meminit
1668 2219 1846 2275 illius?
1898 2221 1990 2275 Ille

422 2313 568 2369 beati
621 2312 837 2368 Davidis
885 2312 1154 2367 sociorum
1207 2312 1456 2381 princeps
1511 2310 1738 2366 exstitit.
1794 2311 1990 2367 Audite

424 2401 568 2456 enim
597 2409 730 2471 quot
754 2409 810 2456 et
848 2409 1049 2468 quanta
1092 2400 1259 2469 possit
1293 2398 1530 2454 amicitia
1559 2399 1612 2453 in
1648 2399 1986 2455 necessitate.

427 2487 706 2559 Siquidem
733 2488 970 2543 amicitia
995 2486 1158 2543 Chusi
1191 2502 1317 2556 erga
1359 2487 1617 2542 Davidem
1650 2488 1987 2558 tyrannidem

424 2579 725 2646 destruxit;
775 2578 1011 2634 amicitia
1038 2586 1324 2648 tyrannum
1355 2577 1592 2640 evertit;
1633 2577 1864 2632 amicitia
1907 2585 1988 2647 ty-

418 2668 648 2724 rannide
675 2682 919 2737 pressum
967 2667 1198 2721 amicum
1239 2667 1348 2721 ulla
1393 2676 1507 2731 est;
1540 2666 1778 2722 amicitia
1824 2681 1989 2737 regno

428 2756 619 2812 fortior
661 2755 784 2810 iuit.
817 2755 972 2822 Quod
1017 2755 1158 2810 enim
1198 2769 1421 2824 regnum
1475 2753 1658 2810 Davidi
1707 2769 1810 2810 non
1840 2754 1987 2821 fecit,

426 2849 529 2902 hoc
557 2847 761 2917 peregit
789 2845 952 2901 Chusi
987 2845 1222 2900 amicitia
1267 2845 1331 2899 ¹⁹.
1384 2845 1640 2916 Princeps
1690 2855 1869 2901 autem
1901 2861 1990 2900 so-

425 2938 634 2993 ciorum
679 2935 1206 3027 dicebatur7unoex
1242 2934 1452 2989 duobus
1505 2934 1699 2998 modis,
1746 2934 1831 2990 vel
1862 2935 1986 3027 quia
2013 2964 2060 3027 ε

425 3027 672 3082 societati
721 3025 915 3081 ducum
967 3025 1183 3080 Davidis
1238 3032 1486 3095 praeerat,
1541 3036 1792 3094 tanquam
1843 3024 1987 3094 prin-

414 3131 552 3187 ceps
582 3118 802 3183 ducum,
842 3115 931 3170 ‘vel
967 3115 1092 3186 quia
1115 3115 1228 3184 jam
1275 3115 1402 3169 olim
1436 3125 1491 3169 et
1536 3115 1604 3170 ab
1634 3115 1786 3170 initio
1814 3117 1862 3169 ei
1901 3130 1987 3172 so-

425 3208 542 3262 cius
572 3207 887 3277 amicusque
915 3206 1217 3261 exstiterat.
1251 3205 1384 3260 Nam
1422 3220 1544 3261 cum
1596 3207 1761 3261 sciret
1792 3205 1985 3268 David,

422 3298 566 3367 quod
593 3297 769 3353 amico
801 3297 941 3352 ﬁdeli
978 3297 1111 3351 nihil
1143 3306 1228 3352 est
1265 3296 1591 3365 pretiosius;
1627 3305 1680 3351 et
1717 3298 1858 3352 sicut
1884 3298 1988 3352 duo

424 3388 719 3443 oculi'uno
748 3389 815 3442 ad
853 3388 1061 3456 objecta
1101 3387 1328 3442 videnda
1376 3389 1778 3456 praestantiores
1825 3399 1985 3452 sunt,

427 3478 496 3530 ita
533 3485 589 3531 et
618 3477 734 3531 dua:
766 3475 958 3530 animai
1004 3476 1321 3542 concordes,
1375 3490 1493 3544 quae
1544 3477 1661 3531 duae
1713 3477 1986 3541 dicuntur,

425 3566 517 3622 sed
559 3581 662 3620 una
690 3579 808 3621 esse
839 3566 1107 3629 videntur,
1153 3564 1219 3619 ad
1261 3572 1502 3618 mutuum
1543 3564 1824 3620 consilium
1855 3564 1989 3620 (iant

413 3652 684 3709 baculus:
731 3651 936 3708 idcirco
990 3666 1094 3706 non
1147 3651 1250 3705 sibi
1307 3651 1408 3706 soli
1462 3638 1741 3705 consilium
1796 3665 1989 3721 capere

421 3742 716 3809 commisit,
760 3743 855 3798 sed
906 3741 1094 3796 amicis
1143 3755 1362 3810 quoque
1411 3755 1536 3796 cum
1585 3741 1704 3812 ipso
1741 3742 1988 3810 permisit

423 3830 755 3886 consultare.
806 3829 920 3884 Non
969 3830 1210 3899 gustavit
1256 3828 1568 3893 amicitiam,
1616 3842 1844 3898 eamque
1891 3845 1988 3883 exn

317 3961 324 3967 .
424 3921 601 3990 spuit;
659 3935 760 3976 nec
817 3920 1055 3974 animum
1116 3919 1384 3973 sincerum
1440 3919 1610 3973 insnar
1662 3919 1986 3974 iraudulcnti

425 4019 706 4068 aversatus
735 4021 819 4066 est
847 4028 862 4077 ;
905 4025 1079 4080 neque
1111 4019 1364 4078 tanquam
1393 4019 1605 4077 emptor
1643 4010 1869 4077 pecunia
1899 4025 1989 4064 ca-

425 4117 551 4159 rens
586 4109 786 4158 vestem
821 4104 875 4157 in
934 4100 1071 4166 toro,
1102 4100 1276 4156 induit
1316 4099 1569 4166 amicum,
1602 4101 1854 4170 exuitque
1879 4111 1990 4157 sta-

429 4197 559 4263 tim;
585 4207 756 4266 neque
783 4194 925 4249 velut
949 4201 1181 4248 veterem
1207 4192 1465 4258 tunicam,
1497 4201 1732 4247 veterem
1755 4194 1986 4248 amicum

2081 414 2171 466 ὑπ’
2203 412 2303 481 ἐμὲ
2343 408 2680 480 στρατόπεδα
2717 407 2856 478 μετὰ
2894 407 2987 461 τοῦ
3035 405 3299 477 τυράννου
3345 405 3464 458 κατ’
3515 402 3654 474 ἐμοῦ

2079 506 2427 571 όπλίζονταις
2473 503 2886 571 Ἐπίστρεψον,
2915 503 3109 569 Κύριε,
3144 499 3329 566 ῥῦσαι
3370 496 3486 564 τὴν
3532 501 3654 565 ψυ-

2081 597 2201 666 χήν
2217 611 2358 664 μου*
2399 593 2607 647 σῶσόν
2639 610 2714 662 με
2737 594 2946 647 ἕνεκεν
2973 591 3080 650 τοῦ
3111 589 3324 654 ἐλέους
3348 605 3490 641 σου.
3529 588 3656 639 ’ωτι

2082 685 2230 755 αὐτῷ
2262 684 2459 755 πρέπει
2508 683 2655 750 δόξα,
2687 683 2842 754 τιμὴ,
2885 682 3108 753 κράτος,
3149 678 3244 731 νῦν
3290 678 3387 730 καὶ
3417 679 3496 740 είς
3526 677 3654 740 τοὺς

2081 775 2469 842 ἀτελευτήτους
2503 773 2704 838 αἰῶνας
2729 776 2838 828 τῶν
2863 773 3094 828 αἰώνων.
3141 772 3333 841 Ἀμήν.

2803 865 2937 918 KA'.

2566 959 2668 1023 Εἰς
2699 955 2805 1010 τὸν
2837 955 2886 1016 ζ’
2910 955 3176 1024 panper.

2126 1049 2298 1116 Χύριε
2332 1053 2364 1102 ό
2401 1051 2543 1114 Θεός
2572 1053 2712 1116 μου,
2753 1046 2848 1100 ἐπὶ
2878 1046 2976 1099 σοὶ
3009 1045 3260 1113 ἤλπισα,
3294 1041 3501 1097 σῶσόν
3518 1053 3618 1112 με.

2157 1141 2359 1212 ’Ὠσπερ
2384 1144 2412 1194 ό
2439 1143 2537 1212 τῆς
2562 1140 2838 1210 βασιλικῆς
2866 1139 3070 1201 εἰκόνος
3099 1137 3295 1208 Θεατὴς
3321 1137 3382 1189 οὐ
3439 1135 3660 1206 παρορᾷ

2085 1231 2148 1284 τὰ
2201 1231 2484 1301 πρόσωπα,
2517 1231 2636 1282 οὐδὲ
2686 1229 2754 1282 τὰ
2791 1229 3204 1298 ἐπιγράμματα,
3250 1225 3386 1280 ἀλλά
3427 1226 3520 1278 καὶ
3557 1226 3658 1295 τὴν

2084 1323 2300 1391 γραφὴν
2325 1323 2418 1374 καὶ
2451 1320 2547 1390 τὴν
2576 1319 2882 1389 ἐπιγραφὴν
2916 1318 3185 1388 βλέμματι
3213 1317 3531 1381 ἀσπάζεται’
3562 1314 3657 1369 ob-

2083 1428 2192 1474 τως
2217 1414 2244 1464 ό
2271 1410 2579 1483 ἐπιγραφὴν
2616 1409 2828 1479 ψαλμοῦ
2877 1407 3266 1476 ἀναγικώσκων
3295 1407 3476 1476 ζητεῖν
3507 1406 3658 1475 ὀφεί-

2085 1502 2163 1553 λει
2195 1501 2291 1571 τὴν
2314 1500 2640 1570 ἐπιγραφὴν,
2677 1500 2770 1553 καὶ
2802 1499 2893 1552 τὸν
2925 1499 3230 1570 γράψαντα,
3262 1498 3356 1550 καὶ
3383 1498 3477 1549 τὸν
3501 1515 3656 1568 γρα-

2087 1593 2335 1662 φόμενον.
2372 1592 2482 1643 Καὶ
2507 1590 2596 1643 διὰ
2621 1589 2673 1642 τί
2715 1590 2776 1642 τὸ
2821 1589 3174 1660 ὲπίγραμμα;
3215 1585 3521 1656 Ὀφθαλμδς
3549 1585 3662 1656 γὰρ

2086 1683 2184 1753 τῆς
2216 1682 2523 1751 ἑρμηνείας,
2579 1682 2611 1750 ἡ
2648 1680 2748 1749 τῆς
2797 1680 3034 1749 ἱστορίας
3070 1677 3341 1744 ἀπόδειξις
3376 1676 3509 1747 (47).
3561 1675 3660 1738 Τίς

2087 1769 2180 1823 οὖν
2225 1769 2616 1839 ἡπροκειμένη
2655 1766 2748 1819 τοῦ
2785 1766 2999 1836 ψαλμοῦ
3042 1766 3357 1836 ἐπιγραφῆς
3414 1763 3664 1830 Ψαλμὸς

2087 1859 2166 1924 τῷ
2193 1859 2386 1920 Δαΰὶδ,
2431 1858 2502 1911 ὃν
2547 1853 2701 1928 ᾖσεν
2747 1855 2829 1921 τῷ
2875 1857 3071 1922 Κυρίῳ
3107 1856 3258 1922 ὑπὲρ
3296 1853 3414 1906 τῶν
3464 1853 3665 1922 λόγων

2087 1951 2273 2004 Χουσὶ
2301 1950 2432 2004 υἱοῦ
2465 1950 2729 2018 Ἵεμενεί.
2763 1943 2917 2010 Εϊδές
2949 1965 3058 2016 μοι,
3089 1946 3300 2014 ἀδελφέ,
3335 1944 3536 2014 στήλην
3563 1944 3665 2013 τὴν

2088 2041 2419 2112 ἐπιγραφὴν,
2461 2042 2555 2095 καὶ
2595 2039 2867 2110 ἐγκώμιον
2909 2038 3007 2108 τὴν
3045 2038 3282 2108 γραφὴν,
3333 2037 3426 2088 καὶ
3447 2035 3666 2106 γραφέα

2087 2132 2177 2185 τὸν
2229 2132 2410 2198 Δαϐὶδ,
2468 2131 2558 2186 καὶ
2609 2129 2910 2202 στρατηγὸν
2963 2130 3242 2200 γραφέντα
3301 2127 3394 2181 τὸν
3435 2127 3666 2197 ἀριστέα

2076 2222 2288 2289 »Χουσί;
2331 2223 2440 2274 Καὶ
2491 2220 2580 2273 διὰ
2621 2222 2673 2272 τί
2719 2222 2746 2273 ὁ
2775 2219 2930 2287 λόγος
2963 2217 3127 2272 αὑτοῦ
3161 2219 3466 2288 μέμνηται;
3498 2211 3666 2277 Οὗτος

2088 2312 2180 2365 τοῦ
2223 2312 2491 2383 μακαρίου
2524 2310 2688 2364 Δασὶδ
2718 2311 3060 2382 ἀρχιεταῖρος
3087 2309 3325 2376 ἐγένετο.
3362 2305 3665 2359 Ἀκούσατε

2089 2403 2194 2472 γὰρ
2227 2398 2315 2456 οἷα
2342 2402 2436 2455 καὶ
2461 2403 2560 2454 ὅσα
2588 2401 2740 2469 φιλία
2766 2402 2824 2453 ὲν
2848 2400 3065 2472 ἀνάγκῃ
3095 2399 3335 2452 δύναται.
3370 2397 3528 2450 Φιλία
3553 2394 3668 2465 γὰρ
3697 2421 3705 2427 -

2087 2493 2120 2560 ἠ
2166 2491 2259 2543 τοῦ
2299 2491 2467 2544 Χουσὶ
2498 2491 2634 2561 πρὸς
2662 2490 2752 2544 τὸν
2807 2489 2969 2542 Aemo
3007 2489 3293 2559 τυραννίδα
3322 2488 3531 2540 ἔλυσενο
3573 2503 3665 2553 φι-

2089 2581 2184 2634 λία
2221 2579 2481 2651 τύραννον
2513 2579 2896 2651 κατέστρεψεν
2933 2579 3084 2648 φιλία
3110 2578 3201 2631 τὸν
3234 2576 3668 2648 τυραννούμενον

2092 2671 2243 2740 φίλον
2266 2670 2593 2740 ἐξεδίκησενο
2637 2671 2788 2741 φιλία
2824 2671 3097 2740 βασιλείας
3133 2671 3470 2742 ίσχυρωτέρα
3495 2669 3663 2738 γέγο-

2089 2776 2197 2812 νεν.
2229 2762 2294 2812 Ὃ
2327 2760 2434 2830 γὰρ
2463 2760 2497 2829 ἠ
2525 2759 2772 2830 βασιλεία
2813 2760 2890 2830 τῷ
2915 2759 3078 2813 Δαόὶδ
3104 2760 3204 2812 οὐκ
3231 2760 3504 2830 ἐποίησεν,
3534 2757 3666 2810 τοῦ-

2089 2867 2150 2902 το
2182 2851 2332 2918 φιλία
2355 2849 2450 2903 τοῦ
2473 2852 2640 2904 Χουσὶ
2669 2851 2940 2920 ἐποίησεν.
2992 2852 3360 2922 Ἀρχιεταῖρος
3392 2851 3450 2904 δὲ
3479 2852 3668 2922 ὲλέγεο

2089 2958 2150 2993 το
2182 2939 2323 2993 κατὰ
2347 2940 2442 2994 ἕνα
2462 2940 2570 2993 τῶν
2595 2939 2687 2992 δύο
2715 2941 2952 3010 τρόπων,
2983 2943 3017 3012 ἢ
3052 2943 3133 2995 ὅτι
3167 2943 3266 3013 τῆς
3287 2945 3534 3015 ἑταιρίας
3555 2947 3668 2999 τῶν

2090 3031 2408 3100 στρατηγῶν
2460 3031 2622 3084 Δαὸὶδ
2667 3025 2833 3102 ἦρχεν
2870 3031 2946 3094 ὡς
3002 3032 3451 3104 ἀρχιστράτηγος,
3499 3035 3532 3104 ῆ
3581 3035 3666 3090 ὃτι

2090 3119 2292 3174 ἄνωθεν
2324 3120 2472 3192 αὺτῷ
2504 3122 2596 3174 καὶ
2628 3121 2863 3191 ὲξαρχῆς
2884 3123 3099 3192 ἑταῖρος
3124 3124 3219 3177 καὶ
3251 3123 3401 3191 φίλος
3424 3124 3664 3191 ἐγένετο.

2089 3207 2258 3272 Εἰδὼς
2295 3209 2403 3280 γὰρ
2428 3212 2458 3262 ό
2483 3210 2664 3273 Δασὶδ,
2703 3211 2785 3263 ὅτι
2825 3210 2979 3278 φίλου
3010 3211 3201 3264 πιστοῦ
3236 3212 3350 3282 (48)
3378 3212 3533 3266 οὐδὲν
3579 3231 3668 3266 τι-

2093 3296 2380 3368 μιώτερον,
2425 3298 2520 3351 καὶ
2548 3297 2735 3368 ὥσπερ
2763 3299 2811 3351 οἱ
2845 3296 2939 3351 δύο
2963 3297 3229 3368 ὀφθαλμοὶ
3259 3299 3352 3352 τοῦ
3376 3301 3494 3363 ἑνὸς
3528 3303 3669 3372 πρὸς

2087 3389 2148 3442 τὸ
2177 3389 2310 3460 όρᾷν
2338 3387 2408 3440 τὰ
2431 3389 2766 3459 ὑποκείμενα
2789 3389 3222 3460 ἀναγκαιότεροι,
3254 3389 3424 3454 οὕτως
3453 3393 3547 3444 καὶ
3571 3393 3670 3447 δύο

2087 3479 2256 3548 ψυχαὶ
2279 3479 2586 3547 όμόπιστοι,
2614 3479 2708 3532 δύο
2733 3479 3040 3548 λεγόμεναι,
3069 3479 3164 3532 καὶ
3191 3480 3289 3550 μία
3317 3481 3662 3550 φαινόμεναι,

2092 3568 2224 3637 πρὸς
2280 3567 2608 3637 συμϐουλίαν
2659 3568 2901 3639 ἀλλήλων
2950 3569 3221 3640 βακτηρία
3263 3569 3525 3638 γίνονται·
3577 3571 3669 3626 διὰ

2087 3656 2245 3710 τοῦτο
2285 3658 2384 3727 οὐχ
2423 3657 2612 3726 ἑαυτῷ
2646 3659 2788 3728 μόνῳ
2817 3657 2909 3711 τοῦ
2978 3659 3322 3728 βουλεύεσθαι
3357 3660 3665 3725 ἐπίστευεν,

2087 3748 2222 3802 ἀλλὰ
2266 3749 2360 3802 καὶ
2405 3748 2578 3818 φίλοις
2622 3749 2682 3800 τὸ
2719 3749 3104 3820 συμϐουλεύειν
3154 3750 3302 3821 αὑτῷ
3338 3751 3667 3822 ἐπέτρεπεν.

2089 3841 2165 3892 Οὐ
2220 3839 2554 3909 γευσάμενος
2599 3839 2697 3910 τῆς
2727 3839 2929 3908 φιλίας,
2964 3841 3057 3894 καὶ
3085 3840 3288 3910 ταύτην
3322 3841 3670 3906 ἀποπτύσας.

2088 3927 2208 3980 οὐδὲ
2246 3927 2344 3997 τὴν
2391 3925 2576 3981 ἄδολον
2618 3926 2794 3997 ψυχὴν
2835 3928 2910 3990 ὡς
2949 3926 3127 3981 δολίαν
3165 3928 3665 4000 ἀποστρεφόμενος,

2088 4018 2206 4070 οὐδὲ
2233 4017 2310 4080 ὡς
2343 4017 2652 4088 ἀνάργυρος
2685 4017 2992 4089 ἀγοραστής
3038 4017 3098 4070 τὸ
3143 4018 3202 4070 ὲν
3239 4019 3418 4090 ἀγορᾷ
3450 4020 3670 4089 ἱμάτιον

2090 4107 2446 4177 ἐνδυσάμενος
2471 4107 2563 4160 τὸν
2589 4107 2758 4176 φίλον,
2797 4108 2892 4160 καὶ
2919 4107 3121 4170 εὐθέως
3152 4109 3538 4180 ἐκδυσάμενος,
3566 4111 3662 4166 οὑσ-

2089 4198 2148 4250 δὲ
2174 4201 2249 4262 ὼς
2280 4198 2504 4252 παλαιὸν
2537 4199 2734 4268 χιτῶνα
2763 4198 2852 4252 τὸν
2881 4199 3108 4252 παλαιὸν
3132 4200 3281 4268 φίλον
3305 4202 3416 4254 ἀπα
3425 4209 3669 4271 μφιασάο

425 4287 690 4356 deposuit.
744 4284 1021 4362 Siquidem
1066 4291 1222 4338 vetus
1271 4282 1646 4338 indumentum
1688 4284 1983 4352 corrumpi~

2092 4306 2268 4360 μενος.
2311 4291 2384 4342 Τὸ
2416 4290 2514 4360 μὲν
2551 4289 2660 4360 γὰρ
2684 4290 2895 4360 ἱμάτιον
2929 4290 3323 4361 παλαιούμενον
3352 4291 3668 4362 διαφθείρε-

426 4387 543 4442 tur;
576 4384 747 4436 vetus,
786 4384 967 4430 autem
1017 4372 1226 4428 amicus
1267 4387 1374 4442 quo
1425 4373 1597 4443 magis
1637 4374 2014 4440 vetustescit,,

422 4481 488 4527 eo
514 4466 787 4535 acceptior
823 4479 946 4522 esse
981 4463 1160 4520 debet.
1208 4461 1670 4528 Quemadmodum
1717 4466 1862 4520 enim
1894 4479 1985 4519 ve-

495 4617 539 4650 “
574 4616 619 4673 Π
660 4617 792 4685 Reg.
832 4633 954 4681 xvr,
999 4616 1065 4670 16
1104 4631 1227 4687 sqq.

492 4732 1238 4856 generagenera:
1275 4735 1989 4856 ἐξίειῖξέαξινείξξιξέίῑτδέ

417 4804 555 4872 plac
585 4804 922 4868 ἀπόδειξις.
972 4804 1235 4874 Nimirum
1296 4804 1514 4874 propter
1546 4804 1846 4860 claritatem
1876 4824 1889 4861 :
1925 4809 1989 4861 de

423 4871 526 4942 qua
556 4888 678 4928 cum
710 4873 901 4942 legeris
936 4875 1094 4942 epist.
1131 4871 1256 4935 182,
1290 4871 1441 4927 Ιίι).”ι
1469 4873 1572 4927 Nili
1605 4877 1878 4939 monachi,
1909 4877 1988 4928 εῐ-

426 4889 526 4942 qua
556 4889 678 4928 cum
710 4889 901 4996 tegens
936 4889 1094 4938 eplSl.
1131 4889 1256 4935 ιδΖ,
1290 4889 1382 4927 Ill).
1423 4889 1441 4927 ι
1470 4889 1572 4927 NII!
1605 4889 1878 4939 monachi,
1909 4889 1988 4928 ει-

426 4943 597 5028 ρηκάς
625 4960 714 5023 ιεοι
787 4958 888 5028 re?
916 4941 1385 5028 πολιθπρςιγμονίῖν
1426 4943 1989 5028 τά,9ι,ν9ιγειρςιμμέγα

425 5009 728 5084 ἱστορικῶς,
764 5009 1064 5084 εὐσύνοπτα
1094 5009 1438 5084 γὰρ’-ταῦτα,
1485 5012 1620 5084 ἀλλά
1644 5009 1867 5084 pensi
1891 5014 1989 5084 τὴν

424 5079 738 5153 νόησιν-τῶν
765 5079 1378 5153 γεγρῇαμμένῳνλίχνῳς
1403 5081 1652 5153 διαθρεῖν
1668 5079 1866 5150 λέγεις,
1896 5079 1990 5136 κάκ

423 5148 516 5223 εἰς’
546 5150 717 5223 λέξεις
760 5148 954 5219 νοητὰς
991 5148 1288 5223 βούλεσθαι
1322 5151 1491 5223 ἡδέως
1525 5148 1623 5222 τὴν
1655 5148 1889 5223 1‘95“th
1904 5154 1990 5205 έκ-

422 5219 717 5290 λαμϐάνειν
743 5229 1029 5285 memento,
1060 5219 1146 5276 vel
1168 5219 1362 5276 addere
1399 5221 1471 5291 μή
1503 5219 1622 5290 poet
1663 5219 1789 5292 μοί,
1810 5219 1894 5277 vel
1921 5237 1984 5276 ex

427 5289 520 5359 μοί
545 5290 721 5345 facere
753 5290 846 5359 μή.
1385 5358 1390 5359 ί

467 5305 520 5343 οι
545 5305 721 5345 Iacere
753 5305 846 5345 μη.

427 5306 520 5361 μοι
545 5306 721 5345 Iacere
753 5306 846 5360 μη.

495 5359 607 5431 (18)
637 5359 822 5414 dimov
849 5359 1086 5431 πιστοῦ.
1114 5358 1429 5431 lnter_var_ia
1459 5359 1756 5414 amicorum
1789 5359 1991 5431 epithe-

425 5428 514 5499 ta,
529 5428 783 5499 frequens
807 5439 890 5484 est
922 5429 1047 5483 illud
1077 5431 1214 5498 apud
1254 5428 1508 5492 ‘Latinos,
1552 5428 1988 5499 quosingiilares

427 5493 698 5554 dicuntur.
732 5499 786 5553 id
817 5493 1169 5564 usurpaverat
1199 5499 1357 5550 «Iunio
1387 5493 1988 5565 procul'Julius'Caesar

428 5567 485 5623 in
515 5567 735 5627 decreto
755 5581 853 5637 pro
889 5565 1150 5637 Hyrcano.
1187 5568 1289 5624 Sed
1319 5566 1602 5637 Josephus,
1646 5565 1730 5622 vel
1770 5566 1814 5622 si
1867 5569 1991 5638 quis

2091 4395 2202 4442 ται,
2254 4383 2282 4433 ό
2327 4380 2384 4433 δὲ
2434 4379 2658 4442 παλαιὸς
2709 4380 2860 4448 φίλος
2900 4381 3010 4451 ὅσῳ
3039 4380 3383 4446 παλαιοῦται,
3422 4380 3665 4450 τοσούτῳ

2095 4468 2252 4522 πλέον
2285 4471 2487 4538 ὀφείλει
2519 4465 2652 4523 εἶναι
2676 4470 3054 4542 δοκιμώτερος.
3096 4473 3183 4535 Ὠς
3219 4471 3326 4542 γὰρ
3373 4473 3403 4524 ό
3438 4470 3665 4534 παλαιὸς

2092 4738 2232 4792 alius
2290 4738 2557 4801 interpres
2586 4734 2808 4790 Graecus
2846 4737 3055 4790 Decreti
3097 4738 3236 4803 apud
3280 4751 3402 4790 eum
3436 4736 3531 4792 lib.
3569 4755 3663 4793 Juv

2087 4808 2266 4876 ᾼηιίᾳ.
2325 4805 2540 4876 Ιαάαίε.
2605 4818 2723 4876 cap.
2758 4805 2922 4876 ___i7,
2991 4821 3042 4874 p.
3101 4804 3411 4876 48,6.“c‘um
3476 4823 3662 4862 vocem

2089 4873 2334 4944 Latinam
2400 4875 2578 4944 minus
2646 4873 3017 4944 intelligeret,
3057 4874 3177 4926 κατ’
3243 4873 3410 4944 ἀνδρα
3472 4880 3658 4931 vertit.

2090 4940 2246 4999 Εἶναί
2277 4960 2352 5015 ,τε
2396 4942 2555 4994 αὑτὸν
2583 4942 2680 5015 καὶ
2725 4940 2850 5015 τοὺς
2904 4943 3099 5015 παῖδας
3129 4941 3294 5015 autat";
3341 4940 3665 5015 συμμάχους

2090 5015 2220 5084 ἡμῖν
2271 5012 2349 5084 Eat
2403 5028 2462 5063 τε
2513 5011 2605 5084 καὶ
2630 5011 2688 5062 ὲν
2715 5013 2976 5084 τοῖς-,κατ’
3015 5013 3180 5084 ἄνδρα
3217 5011 3388 5079 φίλοις
3409 5011 3664 5083 ἀριθμεῖ-

2093 5081 2238 5137 σθαι.
2271 5083 2497 5149 Esseque
2527 5082 2710 5149 ipsum
2732 5090 2778 5132 et
2817 5081 2954 5147 [illos
2989 5081 3288 5148 ejus'nobis
3320 5081 3508 5149 socios,
3531 5081 3666 5148 prm-

2091 5163 2331 5220 tereaque
2359 5147 2419 5203 in
2436 5147 2788 5220 singularibus
2822 5147 3019 5204 amicis
3039 5151 3311 5220 recenseri.
3334 5149 3412 5203 Ex
3435 5147 3661 5218 antiquo

2091 5218 2306 5289 Josep‘hi
2333 5221 2648 5289 interprete,
2680 5218 2819 5270 inter
2844 5220 2981 5273 viros
3020 5219 3364 5272 amicissimos
3389 5234 3500 5289 esse
3536 5237 3662 5275 cen-

2094 5287 2300 5342 sendos.
2329 5287 2475 5343 Bene
2500 5287 2564 5341 ad
2603 5301 2841 5350 sensum,
2874 5302 3179 5356 quanquam
3222 5302 3409 5343 errore
3458 5287 3662 5354 Graeci,

2098 5360 2150 5438 ni
2181 5358 2360 5438 fallor,
2382 5368 3005 5438 nequaquamﬂpercepto.
3124 5356 3235 5438 hoc
3249 5357 3534 5438 observavi
3560 5359 3665 5438 ac:

2095 5427 2287 5497 ἀφίλου
2327 5424 2673 5496 depravatum
2707 5424 2870 5481 fuisse
2895 5424 2952 5482 in
2985 5424 3107 5497 ουχὶ
3156 5426 3311 5494 φίλου
3335 5425 3396 5480 51
3433 5429 3663 5496 epistola

2099 5498 2502 5558 Tlteopliylacti.

2149 5498 2502 5568 lteopliylacti.
