3896 6268
115 301 236 359 461

1303 299 1587 356 HOMlLlA
1626 298 1766 355 XXl.
1799 298 1865 354 IN
1895 298 2094 357 PSAL.
2129 299 2240 355 νη.

3297 295 3405 352 469

117 413 288 480 οἶνος
330 413 394 468 οὗ
425 415 560 484 ταχὺ
594 415 918 479 ἀλλοιοῦται,
952 417 1074 470 οὔτε
1121 417 1403 488 τρέπεται,
1445 421 1472 471 6
1513 419 1570 472 δὲ
1615 418 1731 481 νέος

1846 426 1925 473 tns
1963 420 2150 473 vinum
2179 435 2284 474 non
2333 418 2490 475 facile
2518 426 2804 484 atteratur,
2835 427 3009 484 neque
3043 412 3294 478 vertitur,
3325 413 3406 465 vi-

117 505 288 571 οἶνος
326 505 627 577 ἀμφίβολος
668 508 883 575 γείτων·
916 507 1088 572 οὕτως
1135 511 1165 561 6
1201 509 1429 574 παλαιὸς
1472 508 1624 578 φίλος
1655 508 1730 572 ὡς

119 595 288 662 οἶνος
322 600 666 671 προπάλαιος
707 601 988 670 εὐφραίνει
1031 602 1122 655 τὸν
1150 601 1363 672 ἔχοντα.
1391 604 1500 656 Καὶ
1537 602 1729 655 τούτου

125 690 368 762 μάρτυς
421 693 454 761 ἡ
497 691 618 744 θεία
665 692 878 763 Γραφή·
927 690 1100 758 Οἷνος
1149 692 1306 759 νέος,
1350 694 1528 761 φίλος
1571 693 1728 758 νέοςο

119 783 252 836 ἐὰν
279 781 352 835 δὲ
379 783 710 851 adlatum],
729 787 856 853 μετ’
881 787 1264 854 εὐφροσύνης
1292 785 1478 840 αὐτὸν
1504 787 1730 838 πίεσαι.

124 873 367 944 Ὠσπερ
415 874 472 926 δὲ
513 877 541 927 6
574 876 856 943 πυρέττων
889 879 981 930 καὶ
1017 879 1322 949 φρενητιῶν
1359 879 1450 930 τὸν
1501 875 1731 930 παλαιὸν

123 957 289 1018 οἶνον
322 965 401 1028 ὡς
434 965 690 1034 πολέμιον
717 968 1140 1039 ἀποστρέφεται,
1176 972 1203 1022 6
1239 969 1296 1022 δὲ
1331 968 1587 1038 ὑγιαίνων
1639 969 1732 1020 καὶ

130 1056 467 1126 ἐρρωμένος
493 1057 590 1128 τὴν
613 1059 840 1129 καρδίαν
901 1060 1269 1130 εὐφραίνεται·
1312 1059 1406 1113 καὶ
1437 1056 1599 1125 οἶνος
1623 1057 1732 1130 γὰρ

127 1147 459 1214 εὐφραίνει
503 1147 756 1215 καρδίαν
796 1149 1130 1216 ἀνθρώπου·
1166 1149 1340 1213 οὕτως
1375 1153 1404 1204 6
1433 1149 1603 1204 νοσῶν
1635 1151 1732 1220 τὴν

130 1235 344 1308 φρένα,
383 1239 477 1291 καὶ
525 1242 590 1310 τῇ
632 1241 799 1310 κακία
844 1241 1145 1312 πυρέττων,
1193 1243 1284 1296 τὸν
1318 1245 1541 1315 ἀρχαῖον
1583 1244 1732 1313 φίλον

132 1330 345 1398 φεύγει
372 1331 446 1394 ὡς
477 1331 754 1402 πολέμιον·
779 1334 877 1387 όδὲ
901 1335 1157 1402 ὑγιαίνων
1183 1336 1280 1404 τὴν
1311 1337 1618 1408 συνείδησιν
1653 1337 1728 1400 ὡς

133 1422 439 1493 δευτέρους
479 1425 668 1491 γονέας
719 1426 811 1478 καὶ
858 1426 1119 1496 ἀδελφοὺς
1156 1429 1281 1491 τοὺς
1312 1429 1496 1498 φίλους
1528 1429 1732 1497 λογίζε-

134 1533 234 1569 ται
243 1553 260 1568 ο

215 1605 391 1659 Ὅθεν
448 1607 538 1660 τὸν
593 1610 763 1662 Χουσὶ
818 1611 972 1679 φίλον
1013 1614 1106 1666 καὶ
1139 1615 1484 1685 ἀρχιεταῖρον
1529 1614 1733 1666 ἀνωθεν

141 1697 242 1750 καὶ
269 1698 512 1770 ἑξαρχῆς
535 1695 700 1770 εἶχεν,
726 1701 883 1755 τοῦτο
913 1703 1106 1771 λέγων·
1141 1706 1203 1758 Εί
1235 1709 1262 1758 6
1298 1706 1469 1776 μέγας
1493 1707 1732 1775 Μωῦσῆς

138 1789 440 1861 ἄνθρωπος
484 1791 580 1845 τοῦ
618 1794 752 1846 Θεοῦ
797 1797 890 1848 καὶ
937 1796 1057 1860 θεὸς
1085 1797 1304 1869 Φαραὼ,
1341 1799 1431 1851 τὸν
1459 1797 1607 1863 ξένον
1642 1801 1732 1851 καὶ

141 1883 283 1936 ὤιον
318 1882 413 1936 τὸν
455 1884 638 1957 Ὶοθὼρ
670 1885 972 1956 σύμϐουλον
999 1889 1174 1959 ἔσχεν·
1207 1890 1296 1943 τὸν
1325 1890 1493 1956 ξένον,
1524 1891 1613 1944 διὰ
1635 1891 1733 1962 τὴν

141 1974 476 2044 θρησκείαν,
513 1977 603 2028 καὶ
660 1977 810 2040 ἴδιον,
855 1977 943 2031 διά
992 1979 1092 2049 τὴν
1129 1982 1466 2050 συγγένειαν·
1515 1984 1606 2036 καὶ
1637 1984 1734 2053 οὐχ

143 2066 596 2138 ὐπερηφάνησεν,
628 2068 749 2120 οὐδὲ
778 2066 950 2121 εἶπεν·
999 2070 1139 2138 Ἐγὼ
1176 2071 1236 2123 οὐ
1267 2072 1450 2142 χρῄζω
1484 2073 1585 2143 τῆς
1615 2073 1736 2126 τού-

141 2174 238 2209 του
271 2156 521 2229 γνώμης⁹
541 2161 570 2211 ὁ
593 2159 723 2222 Θεὸς
755 2177 844 2228 μοι
877 2160 1159 2230 ἐλάλησεν,
1201 2164 1530 2236 ἐπαιδεύθην
1571 2167 1722 2239 πάσῃ

145 2246 318 2318 σοφίᾳ
344 2247 678 2314 Αἰγυπτίων,
715 2250 808 2302 καὶ
836 2250 955 2314 πῶς
981 2249 1169 2304 τοῦτον
1194 2254 1542 2326 γνωμοδότην
1569 2256 1735 2326 λήψο-

147 2354 286 2408 μαι;
335 2339 475 2392 Ἀλλ’
503 2340 655 2394 οὐδὲν
679 2341 883 2394 τούτων
905 2339 1074 2408 εἶπεν,
1111 2343 1339 2415 ἐπείσθη
1371 2346 1427 2400 δὲ
1453 2347 1531 2417 τῷ
1556 2349 1735 2414 καλῶς

147 2428 598 2498 συμϐουλεύοντι,
643 2431 820 2495 εἰδὼς,
855 2433 938 2485 ὅτι
975 2435 1356 2502 συμϐουλίας
1388 2436 1590 2491 ἀκούει
1629 2454 1736 2492 σο-

144 2521 287 2590 φός.
325 2522 436 2575 Καὶ
460 2520 647 2592 ὥσπερ
672 2523 764 2576 ἐπὶ
797 2524 894 2593 τῆς
923 2523 1148 2596 ἀγορᾶς,
1183 2525 1412 2596 ἱματίων
1435 2532 1734 2600 προκειμέ-

147 2630 280 2677 νων,
309 2613 339 2664 6
372 2612 594 2684 χρυσίον
631 2612 704 2683 μὴ
727 2613 886 2683 ἔχων,
918 2615 1199 2686 δοκιμάζει
1230 2617 1387 2688 μόνον
1415 2618 1482 2672 τά
1508 2619 1736 2690 ἐνδύμα-

147 2721 240 2768 τα,
277 2706 373 2758 καὶ
420 2703 605 2757 σκυλεῖ
635 2705 833 2768 ταῦτα,
871 2705 1185 2776 ἐνδυόμενος
1220 2709 1313 2761 καὶ
1345 2709 1732 2780 ἀποδυόμενος,

150 2795 249 2848 καὶ
279 2795 376 2848 ὅλα
406 2798 581 2867 φορεῖ,
608 2796 701 2849 καὶ
723 2797 846 2850 οὐδὲ
870 2797 928 2852 ἓν
956 2799 1084 2867 παρ’
1116 2799 1292 2869 ἐαυτῷ
1321 2805 1530 2872 κρατεῖο
1562 2803 1735 2868 οὕτως

150 2889 180 2939 6
214 2886 508 2956 λεγόμενος
535 2886 708 2956 φίλος,
744 2888 818 2957 μὴ
851 2888 988 2957 ἔχων
1015 2889 1214 2958 χρυσὸν
1242 2890 1462 2962 δόκιμον
1487 2893 1584 2962 τὴν
1615 2910 1737 2946 συν-

153 2977 383 3047 είδησιν,
419 2975 496 3041 ὡς
547 2981 605 3031 ὲν
651 2979 826 3049 ἀγορᾷ
856 2977 934 3049 τῷ
982 2979 1082 3050 βίῳ
1122 2981 1331 3044 πάντας
1371 2982 1613 3037 ἐνδύεται
1644 2984 1736 3037 καὶ

1834 526 1959 564 num
1996 525 2126 566 vero
2152 527 2346 567 novum
2373 523 2456 568 est
2485 527 2684 580 auceps
2709 509 2919 565 vicinus
2945 525 2958 562 :
2991 508 3066 562 ita
3090 513 3247 560 vetus
3279 506 3407 560 ami-

1833 615 1929 656 cus
1963 610 2216 670 tanquam
2244 604 2426 658 vinum
2451 614 2720 658 vetustum
2754 602 2990 657 la‘tiﬁcat
3028 615 3150 654 eum
3196 599 3285 668 qui
3314 599 3410 652 ha-

1833 693 1945 748 bet.
1981 691 2148 762 Cujus
2181 695 2257 749 rei
2287 695 2565 763 Scriptura
2605 694 2757 750 testis
2790 704 2873 749 est
2908 711 2921 747 :
2975 691 3162 746 Vinum
3198 707 3408 751 novum,

1833 785 2034 838 amicus
2057 801 2261 849 novus;
2295 787 2539 839 siautem
2578 785 2961 847 inveteraverit,
3001 798 3117 835 cum
3150 781 3412 835 suavilate

1834 873 1973 927 bibes
2007 873 2142 927 illud
2167 875 2229 928 ".
2279 875 2446 929 Porro
2484 876 2625 929 sicut
2656 877 2746 945 qui
2779 874 2929 930 febre
2957 875 3187 939 laborat,
3221 883 3412 942 estque

1835 965 2200 1032 phreneticus,
2241 968 2420 1019 vinum
2459 978 2612 1021 vetus
2652 975 2711 1020 ut
2755 966 2856 1020 sibi
2899 965 3185 1020 adversum
3238 963 3410 1028 vitat;

1834 1058 1924 1126 qui
1976 1067 2152 1112 autem
2205 1073 2369 1112 sanus
2416 1057 2732 1126 validusqne
2786 1066 2888 1119 est,
2936 1071 3030 1125 per
3063 1055 3192 1110 illud
3250 1057 3414 1108 corde

1835 1149 2166 1214 delectatur;
2209 1151 2408 1204 ctenim
2456 1152 2630 1203 vinum
2672 1149 2905 1217 [teli/ica!
2935 1165 3026 1202 cor
3049 1148 3276 1201 hominis
3329 1147 3410 1200 "z

1835 1240 1914 1294 sic
1945 1257 2086 1310 aeger
2134 1252 2314 1296 mente
2340 1283 2355 1306 ,
2393 1252 2446 1297 et
2500 1242 2718 1296 malitiae
2754 1241 2900 1295 febre
2947 1240 3219 1300 detentus,
3273 1239 3415 1291 anti-

1835 1349 1998 1400 quum
2037 1333 2266 1387 amicum
2295 1333 2428 1404 fugit
2459 1333 2605 1386 velut
2639 1333 2849 1386 hostem
2876 1349 2891 1398 ;
2925 1330 3256 1386 conscientia
3285 1343 3415 1383 vero

1836 1439 1998 1478 sanus
2048 1423 2220 1478 instar
2243 1426 2598 1480 secundorum
2624 1437 2908 1495 parentum
2938 1434 2991 1478 et
3023 1422 3250 1476 fratrum
3280 1421 3415 1475 ami-

1835 1528 1928 1568 cos
1957 1514 2125 1568 ducit.

1909 1603 2064 1659 Unde
2109 1605 2274 1660 David
2311 1605 2472 1660 Chusi
2522 1608 2753 1660 amicum
2793 1617 2846 1660 et
2894 1605 3191 1676 principem
3239 1606 3414 1659 socio-

1841 1709 1957 1746 rum
1987 1694 2115 1749 olim
2165 1704 2217 1750 et
2260 1697 2328 1751 ab
2377 1698 2528 1750 initio
2571 1697 2779 1762 habuit,
2811 1698 2913 1752 hoc
2940 1713 3122 1752 secum
3157 1697 3366 1751 locutus
3399 1716 3413 1750 :

1838 1786 1892 1840 Si
1938 1802 2166 1857 magnus
2211 1789 2406 1853 Moses,
2441 1791 2599 1845 homo
2648 1791 2736 1846 Dei
2790 1806 2853 1846 ac
2891 1794 3025 1845 deus
3075 1789 3416 1854 Pharaonis,

1835 1889 2152 1933 extraneum
2195 1890 2251 1934 et
2286 1882 2561 1950 proprium
2604 1881 2883 1936 Jothorem
2933 1882 3120 1936 habuit
3163 1882 3418 1935 consilia-

1839 1968 1996 2028 rium,
2037 1979 2354 2022 extraneum
2389 1973 2455 2022 oh
2494 1971 2829 2039 religionem,
2878 1971 3152 2041 proprium
3203 1973 3270 2026 ob
3304 1972 3421 2025 atii-

1837 2054 2092 2120 nitatem;
2138 2070 2234 2109 nec
2265 2059 2494 2124 superbe
2525 2073 2582 2112 se
2612 2060 2802 2126 gessit,
2852 2073 3028 2127 neque
3071 2058 3208 2113 dixit
3239 2078 3251 2113 :
3305 2058 3417 2130 Ego

1837 2161 1942 2200 non
1976 2145 2190 2218 indigeo
2215 2148 2331 2216 ejus
2363 2150 2590 2205 consilio
2614 2168 2628 2214 ;
2655 2150 2798 2205 Deus
2821 2166 3032 2206 mecum
3073 2151 3284 2206 locutus
3312 2164 3418 2216 est,

1836 2239 2058 2294 edoctus
2107 2254 2226 2294 sum
2264 2255 2482 2296 omnem
2531 2242 2858 2312 sapientiam
2911 2243 3323 2315 Egyptiorum;
3367 2255 3423 2302 et

1836 2345 1944 2400 quo
1985 2331 2144 2386 modo
2193 2331 2334 2386 hunc
2365 2333 2574 2388 consilii
2618 2335 2863 2390 datorem
2911 2338 3231 2391 assumant?
3276 2337 3422 2393 Nihil

1837 2424 2062 2478 istorum
2108 2425 2266 2491 dixit,
2312 2426 2408 2480 sed
2449 2427 2740 2484 obsecutus
2782 2439 2866 2484 est
2900 2440 3045 2484 recte
3079 2431 3420 2497 consulenti,

1837 2528 2037 2580 gnarus
2077 2514 2219 2582 quod
2248 2514 2470 2570 consilia
2519 2518 2667 2570 audit
2701 2520 2910 2586 sapiens
2945 2521 3016 2574 “.
3071 2521 3138 2576 Et
3176 2522 3318 2578 sicut
3366 2523 3421 2578 in

1837 2602 1973 2668 foro,
2003 2604 2095 2659 ubi
2136 2615 2316 2662 vestes
2355 2610 2614 2678 exposita:
2649 2619 2796 2674 sunt,
2845 2612 2935 2681 qui
2987 2613 3273 2682 pecuniam
3316 2629 3422 2669 non

1839 2695 2020 2760 habet,
2047 2696 2238 2767 probat
2282 2699 2454 2754 solum
2491 2699 2826 2768 indumenta,
2857 2717 3028 2774 eaque
3059 2706 3297 2776 deponit,
3339 2707 3423 2761 in-

1839 2785 1956 2840 duit
1983 2801 2044 2842 se
2081 2796 2245 2858 atque
2275 2791 2444 2858 exuit,
2504 2800 2558 2846 et
2595 2793 2780 2849 omnia
2829 2805 3024 2865 gestat,
3086 2797 3290 2853 nullum
3341 2806 3427 2852 ta-

1839 2892 1962 2932 men
2005 2881 2204 2936 retinet
2231 2883 2373 2952 apud
2409 2897 2507 2939 se:
2557 2885 2638 2939 sic
2671 2887 2763 2954 qui
2805 2888 3007 2942 dicitur
3051 2890 3277 2956 amicus,
3325 2905 3426 2945 nec

1841 2969 2003 3025 habet
2060 2965 2282 3040 probam
2330 2975 2614 3044 pecuniam
2675 2979 3098 3047 conscientiam,
3155 2981 3302 3036 Velut
3369 2985 3422 3036 in

153 3069 472 3134 ἀποδύεται,
536 3071 745 3134 πάντας
791 3071 1067 3136 ἀλλάσσει,
1113 3073 1208 3125 καὶ
1252 3073 1371 3126 οὐδὲ
1417 3076 1511 3128 ἕνα
1562 3079 1736 3146 φορεῖ.

1846 3060 1983 3127 foro,
2043 3063 2092 3115 in
2125 3064 2232 3116 vita
2265 3079 2453 3120 omnes
2485 3065 2660 3120 induit
2696 3083 2760 3122 ac
2795 3071 2964 3138 exuit,
2995 3086 3187 3128 omnes
3226 3081 3421 3139 mutat,

168 3162 308 3214 Ἀλλ’
351 3163 452 3215 οὐκ
483 3158 621 3233 ἦσαν
666 3162 895 3216 τοιοῦτοι
927 3163 1068 3232 φίλοι
1107 3165 1134 3215 6
1177 3163 1347 3216 Χουσὶ
1384 3166 1478 3217 καὶ
1505 3167 1532 3218 6
1558 3167 1739 3230 Δαὸὶδ,

155 3252 280 3306 οὐδὲ
311 3253 372 3304 τὸ
398 3254 594 3324 πικρὸν
630 3253 724 3307 τοῦ
747 3253 900 3307 δόλου
929 3257 1186 3325 ποτήριον
1229 3255 1479 3327 ἀλλήλοις
1512 3257 1742 3328 προέπι-

157 3359 271 3409 νον,
320 3342 442 3396 οὑδὲ
491 3343 590 3414 τὴν
643 3344 914 3414 μάχαιραν
972 3345 1064 3396 τοῦ
1091 3346 1285 3413 φθόνου
1357 3346 1478 3400 καθ’
1536 3349 1743 3400 ἑαυτῶν

157 3434 390 3500 ὥευνανο
421 3434 574 3487 αὐτοὶ
602 3435 659 3488 δὲ
690 3438 747 3488 ὲν
771 3437 980 3498 ἑαυτοῖς
1011 3438 1239 3499 ἑαυτοὺς
1276 3440 1625 3508 κεράσαντες,
1651 3441 1745 3493 καὶ

159 3528 258 3592 τὰς
307 3525 403 3579 δύο
449 3526 626 3596 ψυχὰς
663 3527 792 3597 μίαν
839 3530 906 3599 τῇ
945 3527 1183 3581 διαθέσει
1219 3529 1511 3594 δείξαντες,
1557 3530 1744 3604 ὥσπερ

161 3619 260 3688 τῆς
290 3618 611 3688 εὐημερίας,
651 3615 793 3670 οὕτω
834 3619 1047 3689 καὶτῆς
1080 3619 1456 3691 ταλαιταυρίας
1495 3624 1747 3676 κοινωνοὶ

163 3711 422 3778 ἐγίνοντο.
446 3709 592 3763 Μίαν
625 3708 734 3780 γὰρ
760 3709 1034 3780 περῶντες
1058 3709 1150 3762 τοῦ
1184 3710 1301 3780 βίου
1327 3711 1623 3778 θάλασσαν,
1653 3715 1747 3766 καὶ

167 3803 246 3863 εἰς
279 3799 337 3852 τὺ
370 3799 502 3854 αὐτὸ
541 3799 746 3868 σκάφος
786 3801 888 3870 τῆς
925 3800 1283 3872 συνειδήσεως
1335 3801 1610 3868 πλέοντες,
1653 3805 1747 3856 καὶ

167 3891 264 3961 τὴν
317 3891 568 3944 εὐπλοῒαν
635 3893 728 3945 καὶ
785 3891 877 3944 τὸν
934 3891 1178 3962 χειμῶνα
1236 3892 1499 3958 ὡσαύτως
1544 3894 1746 3966 ὑπέμε-

169 4000 280 4038 νον.

247 4073 491 4143 Ψαλμὸς
519 4071 598 4138 τῷ
627 4074 822 4136 Δαϐίδ,
853 4075 926 4128 ὃν
943 4070 1101 4146 ᾖσεν
1129 4075 1209 4141 τῷ
1234 4079 1430 4146 Κυρίῳ
1453 4077 1605 4146 ὑπὲρ
1629 4078 1748 4132 τῶν

171 4161 366 4228 λόγων
397 4162 584 4214 Χουσὶ
623 4161 755 4216 υἱοῦ
792 4164 1044 4232 Ἰεμενεί.
1091 4165 1200 4218 Καὶ
1257 4165 1345 4219 διὰ
1399 4167 1452 4220 τί
1492 4168 1634 4239 ᾠδὴν
1672 4167 1749 4238 τῷ

173 4255 361 4326 Κυρίῳ
391 4255 420 4306 6
460 4255 622 4308 Δαϐιδ
668 4256 807 4327 ὑπὲρ
845 4255 940 4309 τοῦ
979 4259 1150 4310 Χουσὶ
1178 4258 1511 4329 ἀνέπεμψεν,
1547 4260 1614 4312 δι’
1641 4259 1749 4312 ὀλί-

1850 3152 2229 3222 nemiuuuque
2239 3164 2432 3224 gestat.
2451 3156 2646 3213 Verum
2672 3176 2778 3214 non
2800 3161 3064 3231 ejusmodi
3082 3172 3236 3218 erant
3260 3165 3423 3220 amici

1847 3242 2010 3298 Chusi
2037 3254 2090 3298 et
2119 3243 2304 3311 David,
2334 3261 2508 3314 neque
2533 3262 2778 3303 amarum
2810 3251 2917 3305 doli
2953 3251 3178 3306 calicem
3207 3254 3308 3308 sibi
3341 3255 3425 3309 in-

1847 3334 2019 3389 vicem
2048 3337 2488 3405 propinaverant,
2536 3353 2710 3410 neque
2740 3341 2952 3398 invidia:
2987 3343 3222 3412 gladium
3263 3361 3425 3403 acue-

1850 3437 1974 3481 rant
2009 3440 2193 3483 contra
2229 3443 2320 3497 se;
2364 3431 2458 3485 sed
2499 3432 2600 3500 ipsi
2633 3434 2761 3487 dum
2805 3435 2858 3488 in
2889 3437 3197 3507 semetipsis
3230 3447 3426 3494 atteru-

1847 3528 2039 3585 perant
2094 3534 2195 3582 se,
2258 3521 2499 3592 duasque
2548 3523 2758 3579 animas
2813 3539 2910 3594 per
2957 3526 3209 3584 all‘ectum
3260 3547 3423 3588 unam

1850 3611 2166 3676 Ostenduut,
2199 3621 2258 3667 ut
2294 3614 2691 3682 prosperitatis,
2723 3618 2804 3672 sic
2823 3627 2878 3671 et
2908 3618 3240 3678 infelicitatis
3279 3625 3412 3678 socii
3508 3639 3515 3647 ·

1847 3711 2021 3755 erant.
2062 3702 2236 3758 Unum
2272 3703 2417 3758 enim
2449 3707 2770 3760 emetientes
2807 3707 2930 3763 vitae
2961 3724 3132 3774 mare,
3161 3725 3227 3766 ac
3253 3711 3306 3766 in
3333 3727 3426 3767 ea-

1849 3797 1969 3848 dem
2011 3797 2132 3848 navi
2173 3796 2518 3853 conscientiae
2569 3799 2904 3866 navigantes,
2946 3817 3069 3855 cum
3110 3816 3424 3872 prosperam

1845 3887 2270 3958 navigationem,
2327 3895 2438 3942 tum
2490 3897 2874 3960 tempestatem
2935 3893 3139 3962 pariter
3186 3896 3424 3950 sustine-

1848 3981 1913 4033 ba
1921 3989 2000 4034 nt.

1920 4069 2169 4124 l’salmus
2207 4069 2402 4136 David,
2447 4087 2597 4140 quem
2635 4073 2867 4126 cantavit
2913 4072 3140 4128 Domino
3181 4090 3278 4143 pro
3315 4091 3432 4132 ver

1850 4162 1927 4216 bis
1973 4163 2133 4216 Clinsi
2174 4163 2274 4231 ﬁlii
2313 4163 2531 4218 hmini.
2569 4165 2635 4219 Et
2668 4179 2838 4234 quare
2879 4166 3152 4221 canticum
3199 4167 3427 4224 Domino

1848 4255 2092 4310 emiserit
2137 4253 2302 4310 David
2341 4270 2439 4326 pro
2473 4255 2661 4322 Chusi,
2703 4256 2890 4326 paucis
2917 4256 3219 4313 videamus.
3256 4256 3428 4312 Filius

174 4361 284 4413 γων
319 4345 538 4415 ἴδωμεν.
578 4347 638 4399 '0
669 4347 782 4410 υίὸς
826 4347 990 4402 αὐτοῦ
1054 4348 1372 4420 Ἀϐεσαλὼμ
1413 4352 1531 4404 κατ’
1583 4351 1740 4405 αὑτοῦ

1851 4344 1966 4413 ejus
1993 4344 2248 4400 Absalom
2281 4346 2540 4402 adversus
2569 4361 2693 4400 eum
2720 4347 3063 4416 tyrannidem
3097 4347 3326 4417 arripuit
3355 4350 3423 4402 ".

177 4437 552 4509 ιτυράννησεν.
595 4440 865 4510 Φιλήμασι
904 4440 1014 4512 γὰρ
1053 4442 1146 4494 καί
1182 4441 1534 4512 περιπλοκαῖς
1574 4459 1740 4511 σαγη-

1849 4435 2062 4492 Osculis
2107 4425 2254 4492 enim
2300 4446 2355 4493 et
2403 4437 2738 4508 amplexibus
2791 4438 3034 4508 singulos
3085 4439 3342 4506 irretitos,
3393 4457 3426 4496 a

180 4528 344 4582 νεύων
375 4529 604 4584 ἕκαστον
645 4531 778 4601 (49),
804 4533 902 4602 τῆς
935 4531 1029 4584 τοῦ
1061 4533 1270 4603 πατρὸς
1295 4531 1474 4601 φιλίας
1499 4533 1625 4594 τοὺς
1659 4533 1751 4600 φίτ

179 4619 299 4682 λους
320 4619 660 4685 ἀπέσπασεν,
686 4621 778 4674 τὸν
807 4621 956 4675 δόλον
983 4622 1060 4684 ὡς
1094 4621 1202 4685 ἰξὸν
1230 4623 1429 4692 φέρων,
1467 4621 1642 4673 καὶτὸ
1663 4622 1748 4689 φί-

180 4715 328 4784 λημα
358 4713 675 4785 ἄγκιστρον,
704 4713 796 4766 καὶ
847 4713 1036 4782 δέλεαρ
1070 4713 1169 4782 τὴν
1200 4711 1505 4773 κολακείαν,
1552 4711 1646 4764 καὶ
1674 4711 1750 4764 δί-

181 4824 316 4861 κτυα
337 4806 546 4878 πλάνης
565 4805 663 4868 τὰς
687 4804 1030 4876 περιπλοκάς.
1071 4805 1225 4856 Ἐπεὶ
1248 4799 1339 4856 οὖν
1357 4803 1562 4867 πάντας
1580 4803 1750 4868 οὕτως

181 4900 276 4951 ἕνα
315 4897 437 4950 καθ’
465 4897 561 4951 ’ἐνα
603 4897 726 4959 τοὺς
761 4894 946 4963 φίλους
993 4893 1088 4946 τοῦ
1119 4892 1282 4945 Δαὸὶδ
1332 4893 1672 4964 ἀπεσύλησεν
1724 4897 1752 4946 ὁ

196 4987 527 5058 Ἀὃεσαλὼμ,
565 4986 776 5050 ὁπλίζει
813 4985 994 5038 λοιπὸν
1019 4985 1214 5046 αὐτοὺς
1231 4983 1370 5036 κατά
1404 4983 1496 5036 τοῦ
1525 4983 1750 5054 πατρὸς,

187 5079 542 5150 συκοφαντίας
555 5078 808 5149 αὐτῷκαὶ
827 5075 1078 5138 διαϐολὰς
1105 5075 1620 5144 ράπτων.”Εκαστος
1645 5075 1752 5146 γὰρ

185 5176 261 5238 ὡς
301 5171 402 5244 υἱῷ
433 5171 528 5226 τοῦ
563 5170 744 5236 Δαῦὶδ,
775 5171 868 5223 καὶ
905 5168 979 5232 ὡς
1011 5166 1210 5237 μᾶλλον
1238 5165 1305 5218 τά
1334 5167 1452 5219 κατ’
1484 5166 1644 5219 αὑτὸν
1674 5168 1754 5219 si-

186 5265 314 5330 δότι,
346 5263 630 5318 ἐπίστευεν
661 5260 1105 5330 συκοφαντοῦντι.
1149 5259 1304 5313 Ἐπεὶ
1332 5254 1423 5312 οὖν
1454 5259 1591 5330 μετὰ
1619 5257 1756 5312 πάν-

259 5427 301 5458 ⁹⁶
338 5425 504 5482 Eccli.
560 5442 639 5490 ιι,
683 5425 768 5480 l5.
845 5426 886 5456 “
911 5423 1053 5478 Psal.
1079 5437 1212 5486 CIII,
1248 5419 1331 5474 15.

261 5572 366 5642 (69)
405 5571 762 5642 Σαγηνεύοηέ
797 5569 1078 5642 ἕκαστον.
1109 5570 1436 5642 Σαγηνεύελιν
1463 5568 1598 5642 πρὸς
1625 5568 1752 5642 ἀλη-

195 5613 1596 5721 θεεεξιεξεξιςιςιῑεῖδειῇξξίεῑίιίιξῖιξξῖ’υεαιδρον
1629 5613 1754 5721 si.

198 5722 366 5767 sancta
396 5711 677 5778 Trinitau,
707 5725 761 5779 q.
812 5710 934 5766 497.
976 5710 1042 5764 Et
1078 5726 1182 5765 non
1235 5721 1411 5766 autem
1452 5710 1752 5762 σαλινεύειν

1434 5423 1478 5452 ”
1515 5419 1672 5477 Prov.
1729 5437 1803 5476 ιιι
1827 5463 1840 5487 ,
1878 5421 1962 5475 ῑὸ.

1854 4529 2022 4597 patris
2051 4528 2286 4582 amicitia
2318 4528 2524 4584 amicos
2567 4529 2815 4596 retraxit,
2851 4529 3094 4585 fraudem
3146 4531 3315 4586 instar
3347 4534 3428 4586 vi-

1853 4622 1929 4674 sci
1989 4603 2478 4685 ferens,'osculum
2536 4621 2708 4674 instar
2758 4621 2927 4686 hami,
2977 4620 3268 4678 blanditias
3313 4624 3430 4680 vice

1855 4727 2016 4775 escae,
2052 4711 2333 4783 amplexus
2355 4712 2501 4766 velut
2528 4712 2661 4766 re'ia
2687 4714 2912 4767 erroris.
2947 4711 3238 4784 Postquam
3266 4716 3430 4786 igitur
3489 4739 3500 4744 α

1856 4803 2112 4858 Absalom
2171 4805 2250 4858 sic
2306 4820 2497 4860 omnes
2557 4804 2773 4858 Davidis
2833 4805 3038 4860 amicos
3091 4821 3255 4860 unum
3313 4817 3435 4876 post

1859 4895 2022 4950 alium
2069 4897 2420 4967 abripuisset,
2457 4898 2568 4967 jam
2617 4904 2792 4950 armat
2833 4911 2928 4952 eos
2961 4907 3152 4952 contra
3187 4908 3432 4968 patrem,

1860 4988 1945 5041 cui
1985 4988 2283 5043 calumnias
2311 4998 2364 5044 et
2404 4990 2815 5044 criminationes
2852 4991 3086 5043 consuit.
3135 4988 3435 5058 Unusquis-

1861 5093 1965 5148 que
1993 5079 2136 5134 enim
2181 5087 2236 5134 ut
2285 5081 2393 5134 lilio
2438 5079 2681 5144 Davidis,
2720 5089 2886 5147 utque
2917 5080 3006 5149 qui
3040 5081 3209 5149 magis
3257 5095 3436 5135 mores

1864 5171 2003 5225 illius
2037 5182 2410 5241 cognosceret,
2451 5175 2710 5229 credebat
2760 5173 3134 5229 calumnianti.
3168 5172 3264 5227 Ubi
3307 5188 3438 5242 ergo

1865 5278 1988 5317 cum
2047 5266 2260 5319 caeteris
2308 5264 2717 5336 Achitophelem
2785 5281 2999 5336 quoque
3065 5265 3436 5319 consiliarium

2057 5423 2100 5454 ’³
2130 5420 2172 5474 Il
2206 5422 2336 5493 Reg.
2377 5439 2444 5477 xv
2467 5465 2482 5491 ,
2515 5423 2552 5476 2
2591 5440 2711 5495 sqq.

1861 5578 1953 5621 aut
2001 5569 2269 5622 σαλεύειν,
2309 5565 2378 5638 Ut
2437 5567 2656 5638 Dialago
2700 5569 2734 5621 4
2764 5584 2816 5637 p.
2847 5566 2952 5622 528
2996 5565 3440 5636 σεσαγηνευμένα

1862 5641 1939 5702 είς
1974 5641 2264 5708 ἐπίγνωσιν
2297 5637 2390 5691 τοῦ
2422 5637 2570 5692 Υίοῦ.
