3892 6272
416 230 514 286 163

1685 222 1744 278 S.
1783 219 2062 279 ASTER'II
2104 219 2408 278 AMASENI

411 349 632 406 Davidis
652 347 904 406 Absalom
934 361 1251 418 persuasum
1291 346 1536 412 abduxit,
1569 345 1744 402 virum
1779 347 1832 402 in
1859 361 1983 403 con-

2120 365 2192 400 ων
2221 349 2249 400 6
2295 345 2616 417 Ἀϐεσαλὼμ
2657 348 2750 400 καὶ
2791 344 2883 400 τὸν
2921 342 3204 416 Ἀχιτόφελ
3237 341 3328 395 τὸν
3372 339 3709 410 σύμϐουλον

409 441 546 497 siliis
597 439 1030 505 callidissimum,
1082 439 1284 509 quique
1333 445 1528 494 cuncta
1584 435 1851 494 bellorum
1904 439 1992 493 inv

410 538 711 586 strumenta
769 538 825 585 et
875 529 1317 588 machinamenta
1357 530 1433 602 _in
1473 529 1656 599 lingua
1706 529 1986 598 gestabat;

412 623 599 676 beatus
639 623 802 677 David
835 621 1000 678 Chusi
1032 622 1330 693 principem
1365 621 1645 696 (sociorum
1699 621 1880 677 verbis
1911 637 1993 677 ar-

411 714 597 779 mavit,
625 721 783 782 atque
829 715 909 769 sic
954 711 1102 768 misit
1156 713 1416 770 adversus
1446 710 1879 780 Achitopbelem,
1935 722 1994 766 ut

411 806 649 875 aquilam
696 807 747 860 in
779 804 1080 875 pertlicem.
1117 803 1311 860 Perdix
1351 804 1550 874 quippe
1577 810 1663 859 est
1699 811 1988 874 tyrannus,

405 905 475 950 tut
513 896 601 964 qui
646 893 819 949 aliena
854 893 1157 959 abstrahat,
1204 907 1502 963 rursusque
1537 894 1688 948 solus
1720 892 1994 964 relinqua-

417 997 524 1045 tur.
556 985 734 1041 Testis
777 985 1063 1048 Jeremias,
1105 985 1231 1038 dum
1280 983 1444 1038 dicit:
1477 982 1745 1039 Clamavit
1786 984 1991 1052 perdix,

401 1079 739 1149 congregavit
781 1094 900 1148 qua:
946 1093 1050 1131 non
1096 1076 1290 1144 peperit
1317 1075 1385 1128 “.
1426 1074 1574 1130 Misit
1620 1076 1991 1132 consiliarium

415 1179 603 1226 contra
653 1170 1049 1236 insidiatorem,
1103 1168 1250 1223 velut
1297 1170 1510 1224 leonem
1571 1167 1627 1222 in
1676 1182 1983 1238 onagrum:

427 1261 640 1316 Venatio
670 1261 854 1325 leonis,
884 1260 1069 1331 onagri
1095 1259 1148 1312 in
1183 1275 1355 1314 eremo
1401 1259 1447 1291 "
1477 1275 1492 1324 ;
1539 1259 1590 1313 ei
1637 1259 1776 1316 dixit
1806 1278 1819 1314 :
1877 1257 1994 1314 Non

413 1368 552 1423 opus
595 1359 678 1408 est
711 1350 976 1416 exercitu,
1039 1364 1145 1404 non
1197 1365 1375 1419 pugna
1421 1358 1476 1405 et
1523 1350 1740 1420 prmlio;
1795 1352 1996 1421 dissipa

416 1445 548 1499 mihi
595 1443 876 1499 consilium
916 1439 1311 1509 Acltitopbeiis,
1346 1452 1401 1497 et
1439 1442 1728 1496 cessabunt
1763 1443 1993 1499 insidiae.

419 1533 592 1584 Arcus
623 1533 714 1585 est
771 1528 1118 1598 Achitopbel,
1169 1540 1226 1584 et
1269 1531 1463 1600 sagitta
1496 1531 1786 1598 Absalom;
1835 1547 1997 1588 arcus

419 1634 642 1680 nervum
684 1621 938 1693 praecide,
982 1632 1040 1675 et
1089 1621 1284 1691 sagitta
1323 1622 1536 1676 inutilis
1571 1633 1774 1677 manet.
1825 1621 2000 1680 Proli-

2089 438 2181 491 τοῦ
2217 438 2384 493 Δαϐὶδ
2413 438 2604 503 πείσας
2636 437 3003 509 ἀπεσύλησεν,
3052 437 3221 508 ἄνδρα
3250 433 3582 488 δεινώτατον
3638 434 3710 486 ἐν

2090 529 2357 601 γνώμαις,
2397 533 2491 588 καὶ
2531 531 2658 595 ὅλας
2695 531 2796 593 τὰς
2845 532 2902 582 ἐν
2937 529 3195 599 πολέμοις
3241 525 3547 587 πανοπλίας
3596 521 3710 576 καὶ

2094 622 2341 692 μηχανὰς
2385 624 2477 676 ἐπὶ
2527 621 2778 692 γλώσσης
2825 621 3081 692 φέροντα,
3112 621 3140 672 6
3171 617 3438 688 μακάριος
3463 615 3556 669 τὸν
3586 617 3706 686 ἀρ·-

2092 713 2364 782 χιεταῖρον
2408 712 2498 765 τὸν
2539 713 2708 765 Χουσὶ
2747 711 2925 779 λόγοις
2966 709 3194 772 ὁπλίσας
3221 707 3362 762 κατά
3391 705 3487 760 τοῦ
3533 707 3707 777 Ἀχι-

2091 803 2254 872 τόφελ
2285 804 2627 868 ἀπέστειλεν,
2662 802 2740 867 ὡς
2775 802 2916 856 κατὰ
2949 800 3201 872 πέρδικος
3248 799 3426 854 ἀετόν.
3486 797 3708 870 Πέρδιξ

2093 896 2200 968 γὰρ
2227 898 2255 949 6
2277 895 2561 966 τύραννος,
2589 896 2667 959 ὼς
2701 895 2769 948 τὰ
2798 895 3056 965 ἀλλότρια
3091 889 3556 964 παρασπὼμενος,
3599 888 3710 942 καὶ

2095 987 2258 1042 πάλιν
2299 989 2506 1060 ἔρημος
2551 988 2663 1059 (50)
2712 986 3195 1057 καταλειπόμενος.
3247 984 3475 1056 Μάρτυς
3522 983 3709 1052 Ἱερε-

2098 1082 2225 1152 μίας
2258 1080 2448 1135 εἰπών’
2485 1079 2831 1150 Ἐερώνησεν
2852 1077 3088 1146 πέρδιξ,
3117 1076 3472 1146 συνήγαγεν
3501 1073 3540 1129 d
3579 1075 3708 1129 οὐκ

2095 1174 2320 1228 ἔτεκεν.
2349 1172 2452 1226 Τὸν
2479 1171 2542 1225 σύ
2553 1170 2783 1242 μϐουλον
2823 1171 2962 1242 πρὸς
2989 1168 3080 1224 τὸν
3105 1168 3388 1223 ἐπίϐουλον
3417 1166 3705 1236 ἐπεμψεν,

2095 1265 2171 1330 ὡς
2214 1265 2354 1318 κατά
2400 1265 2633 1335 ὀνάγρου
2669 1263 2879 1317 λέονταο
2926 1263 3196 1332 Κυνηγία
3235 1259 3510 1324 λέοντος,
3544 1258 3708 1310 ὄνα-

2098 1375 2224 1426 γροι
2243 1358 2313 1412 ἐν
2343 1357 2558 1426 ἐρήμῳ
2584 1355 2753 1410 εἰπὼν
2779 1354 2948 1425 αὐτῷ’
2984 1356 3059 1408 Οὐ
3089 1353 3250 1424 χρεία
3274 1350 3610 1413 πανοπλίας,
3635 1348 3708 1403 οὐ

2097 1449 2258 1522 χρεία
2288 1449 2469 1521 μάχης
2509 1449 2604 1502 καὶ
2635 1447 2895 1517 πολέμου,
2931 1444 3283 1500 διασκέδασόν
3318 1460 3408 1514 μοι
3435 1443 3534 1513 τὴν
3565 1442 3709 1511 βου-

2099 1541 2197 1613 λὴν
2256 1540 2557 1612 Ἀχιτόφελ,
2620 1541 2715 1592 καὶ
2775 1538 3052 1592 πέπαυται
3105 1539 3138 1608 ἡ
3199 1535 3480 1606 ἐπιϐουλή.
3524 1533 3708 1598 Τόξον

2100 1632 2251 1685 ἐστὶν
2304 1630 2610 1701 Ἀχιτόφελ,
2656 1631 2750 1684 καὶ
2777 1628 2930 1699 βέλος
2970 1630 3000 1681 6
3044 1626 3382 1697 Ἀὅεσαλώμο
3436 1623 3704 1696 νευροκό-

419 1715 623 1771 ciscere
662 1721 728 1772 ad
765 1718 1138 1787 Absalomum,
1176 1720 1322 1775 velut
1363 1735 1391 1774 a
1427 1735 1513 1776 me
1560 1719 1756 1790 fugias,
1785 1730 1839 1777 et
1872 1737 2003 1778 con-

2120 1739 2278 1794 πιησον
2312 1721 2422 1793 (51)
2453 1722 2514 1775 τὸ
2540 1721 2714 1786 τόξον,
2741 1720 2836 1774 καὶ
2865 1719 3018 1791 μένει
3041 1719 3103 1772 τὸ
3139 1718 3295 1789 βέλος
3320 1717 3512 1788 ἀργόν.
3553 1717 3710 1768 Ἀπ-

423 1805 594 1878 fugias
623 1810 691 1865 ad
725 1811 910 1879 illum;
939 1811 1078 1874 male
1110 1811 1176 1868 de
1210 1827 1298 1867 me
1337 1811 1560 1880 loquere
1589 1813 1732 1883 apud
1765 1827 1910 1881 eum,
1946 1823 2002 1870 et

422 1900 728 1958 maledictis
769 1916 898 1976 erga
957 1917 1042 1957 me
1093 1902 1197 1960 tuis
1233 1901 1356 1958 fore
1384 1902 1580 1958 anima:
1611 1903 1730 1974 ejus
1769 1903 2000 1960 febrem.

417 1992 552 2047 Cum
582 1994 673 2050 tibi
702 2003 760 2050 ut
795 1995 970 2050 amico
1010 1995 1317 2060 cenliderit,
1359 2005 1486 2050 tunc
1512 1996 1777 2066 persuade
1807 1996 1882 2050 illi
1935 2013 2004 2052 ne

424 2085 767 2156 Achitophel}
798 2086 1005 2146 credat.
1035 2086 1250 2157 Dissipa
1286 2087 1416 2142 mihi
1465 2102 1614 2152 eum,
1647 2088 1870 2158 sejunge
1901 2089 1999 2142 mi-

430 2192 610 2232 serum
643 2177 970 2257 discipulum
1009 2192 1039 2231 a
1077 2179 1337 2250 magistro
1383 2179 1555 2246 malo;
1586 2189 1641 2234 et
1668 2181 1810 2234 sicut
1839 2181 2001 2244 nosti,

421 2268 651 2336 dedoce,
697 2285 792 2326 seu
828 2270 1008 2341 potius
1040 2270 1130 2324 illa
1163 2271 1299 2328 doce
1338 2287 1456 2341 quae
1484 2272 1638 2326 docet
1667 2273 1826 2328 Deus.
1874 2273 2005 2340 Quae

426 2359 534 2415 illic
559 2360 914 2426 dissereutur,
966 2361 1096 2418 mihi
1128 2361 1328 2428 indica,
1357 2360 1410 2417 in
1453 2373 1684 2430 eamque
1717 2375 1828 2416 rem
1882 2377 2005 2431 par-

425 2450 548 2505 vula
572 2451 746 2522 puella
777 2453 1111 2508 internuntia
1140 2463 1315 2509 utere.
1349 2452 1674 2509 Sacerdotes
1711 2453 1842 2510 fiant
1874 2457 2006 2512 ado-

407 2541 739 2597 .lesceutulae
781 2543 1073 2599 auditores.
1124 2544 1462 2600 Descendaut
1509 2546 1725 2613 utrique
1771 2546 1838 2600 ad
1881 2547 2008 2602 fon-

433 2644 541 2687 tem
583 2649 758 2702 aquze,
796 2633 942 2691 velut
987 2637 1334 2704 adaquatum,
1367 2646 1420 2689 et
1450 2635 1503 2690 in
1533 2638 1756 2692 auribus
1781 2637 1922 2692 sicut
1956 2639 2006 2690 in

411 2725 637 2796 Jaydriis
681 2735 892 2781 secreta
931 2727 1063 2782 mihi
1114 2727 1419 2782 infundant.
1469 2727 1677 2783 Cuncta
1725 2727 2007 2793 faciamus,

431 2817 742 2874 admirande
802 2817 996 2883 Cbusi,
1046 2833 1154 2889 quo
1201 2819 1460 2874 Absalom
1519 2834 1626 2874 non
1664 2829 1872 2889 pereat,
1903 2836 2010 2890 quo

432 2922 531 2980 ego
581 2922 683 2964 non
735 2908 982 2963 amittam
1028 2908 1219 2973 ﬁlium,
1270 2923 1377 2980 quo
1406 2924 1506 2964 nec
1570 2907 1660 2966 ille
1695 2911 1814 2968 sine
1860 2921 2012 2982 patre

429 3000 523 3062 sit,
556 3012 658 3052 nec
683 3009 782 3070 ego
822 2998 941 3054 sine
982 2997 1112 3064 lilio,
1165 3014 1274 3072 quo
1306 2999 1362 3052 in
1417 2999 1681 3069 sapientia
1729 3001 2012 3073 aucuperis

433 3087 634 3154 pullum
669 3102 871 3154 meum,
920 3089 1006 3147 cui
1055 3104 1192 3144 vana
1239 3089 1408 3158 gloria
1463 3089 1578 3147 alas
1629 3092 1795 3151 dedit.
1851 3107 2012 3162 quem

433 3183 687 3250 iuventus
712 3183 927 3239 edocuit
956 3191 1144 3237 contra
1179 3195 1264 3236 me
1294 3180 1566 3236 lascivire.

2103 1813 2223 1867 ελθε
2252 1812 2387 1885 πρὸς
2413 1813 2503 1866 τὸν
2540 1811 2884 1884 Ἀσεσαλὼμ,
2922 1813 2998 1875 ὡς
3033 1812 3126 1865 ἀπ’
3158 1808 3292 1882 ἐμοῦ
3332 1809 3571 1879 φεύγων,
3598 1809 3711 1860 κά-

2103 1907 2268 1975 κείνῳ
2321 1904 2676 1976 προσφυγὼν,
2730 1904 3044 1975 λοιδόρησόν
3094 1919 3161 1973 με
3218 1902 3304 1954 ἐπ’
3339 1900 3527 1964 αὑτοῦ,
3579 1901 3711 1961 ταῖς

2104 1999 2223 2052 κατ’
2267 1996 2400 2068 ἐμοῦ
2455 1997 2747 2068 λοιδορίαις
2795 1995 3077 2050 ἐπαντλῶν
3123 1992 3286 2047 αὑτοῦ
3322 1992 3415 2048 τὸν
3459 1991 3710 2062 πυρετὸν

2104 2089 2200 2159 τῆς
2227 2087 2420 2159 ψυχῆς.
2459 2088 2577 2140 Ὀτ’
2602 2087 2666 2144 ἀν
2703 2105 2784 2142 σοι
2810 2087 2886 2150 ὡς
2924 2086 3062 2156 φίλῳ
3093 2085 3380 2156 θαῤῥήσει,
3410 2085 3534 2138 τότε
3573 2085 3708 2138 πεῖ-

2107 2198 2196 2234 σον
2238 2179 2399 2233 αὑτὸν
2430 2178 2506 2250 μὴ
2539 2177 2823 2234 πείθεσθαι
2854 2178 2934 2249 τῷ
2976 2177 3283 2248 Ἀχιτόφελ.
3322 2176 3711 2231 Διασκὲδασόν

2111 2286 2201 2339 μοι
2251 2268 2433 2334 αὐτὸν,
2489 2267 2799 2338 ἀπόστησον
2845 2267 2942 2321 τοῦ
2995 2266 3168 2320 κακοῦ
3230 2266 3552 2322 διδασκάλου
3612 2267 3712 2320 τὸν

2108 2358 2288 2414 ἄθλιον
2325 2359 2590 2431 μαθητήνο
2629 2359 2722 2413 καὶ
2769 2359 2846 2423 ὡς
2884 2354 3051 2425 οἶδας,
3084 2357 3454 2430 μεταδίδαξον,
3497 2357 3710 2428 μᾶλλον

2109 2451 2166 2504 δὲ
2206 2453 2390 2504 ἐκεῖνα
2431 2451 2658 2518 δίδαξον,
2689 2451 2834 2521 ἅπερ
2862 2451 3103 2506 διδάσκει
3143 2452 3297 2515 Θεός.
3341 2451 3421 2505 Τὰ
3461 2453 3582 2504 ἐκεῖ
3620 2451 3710 2504 ita-

2110 2542 2346 2614 λούμενα
2399 2543 2522 2613 ἐμοὶ
2557 2544 2895 2614 καταμήνυε,
2927 2543 3294 2615 παιδισκαρίῳ
3330 2543 3514 2615 μικρῷ
3546 2543 3711 2614 μεσί-

2110 2650 2178 2704 τῃ
2229 2632 2594 2704 χρησάμενος.
2649 2633 2837 2702 Ίερείς
2877 2632 2989 2703 (52)
3036 2632 3375 2701 γινέσθωσαν
3431 2633 3532 2703 τῆς
3583 2650 3711 2686 παις

2111 2725 2300 2795 δίσκης
2327 2723 2614 2794 ἀκροαταί.
2659 2724 2782 2778 Ἐπὶ
2805 2723 2988 2794 πηγὴν
3012 2723 3201 2788 ὓδατος
3228 2722 3709 2778 καταϐαινέτωσαν

2112 2817 2298 2888 ἄμφω,
2323 2817 2397 2881 ὡς
2422 2817 2582 2888 δῆθεν
2615 2816 2986 2887 ὑδρευόμενοι,
3018 2817 3112 2871 καὶ
3146 2817 3221 2881 ὡς
3249 2819 3306 2870 ἐν
3336 2816 3548 2889 ὑδρίαις
3585 2820 3709 2880 ταῖς

2116 2909 2308 2971 ἀκοαῖς
2359 2907 2709 2978 ἀντλήτωσάν
2742 2924 2831 2978 μοι
2870 2906 2938 2960 τὰ
2973 2908 3268 2979 μυστήρια.
3305 2907 3493 2961 Πάντα
3541 2909 3707 2979 ποιή-

2061 3058 2078 3074 η
2120 3017 2321 3070 σωμεν,
2375 2992 2420 3054 ὦ
2463 2999 2733 3070 θαυμάσιε
2771 2999 2961 3063 Χουσὶ,
3008 2999 3126 3062 πῶς
3170 3000 3198 3049 6
3252 2999 3574 3070 Ἀδεσαλὼμ
3631 3001 3707 3071 μὴ

2118 3091 2423 3154 ἀπολεῖται,
2455 3090 2572 3155 πῶς
2601 3089 2712 3159 ἐγὼ
2739 3089 2814 3161 μὴ
2845 3091 3111 3162 ζημιωθῶ
3143 3092 3236 3145 τὸν
3273 3092 3410 3157 υἱὸν,
3440 3092 3558 3156 πῶς
3603 3096 3707 3163 μή·

2118 3199 2178 3235 τε
2208 3185 2415 3246 ἐκεῖνος
2443 3181 2697 3252 ἀπάτωρ,
2736 3184 2872 3254 μήτε
2895 3182 3006 3251 ἐγὼ
3037 3183 3283 3247 άτεκνοςι
3311 3183 3431 3247 πῶς
3453 3186 3512 3237 ἐν
3546 3185 3708 3256 σοφίᾳ

437 3274 669 3343 ίξεύσεις
715 3272 805 3326 τὸν
873 3273 1084 3328 νεοττόν
1140 3289 1264 3344 μου,
1329 3273 1388 3325 ὃν
1448 3273 1481 3342 ἡ
1539 3269 1814 3335 κενοδοξία
1858 3272 2190 3343 ἐπτέρωσεν,
2255 3273 2313 3326 ὃν
2379 3275 2412 3343 ή
2481 3272 2669 3344 νεότης
2737 3273 2964 3342 σκιρτᾷν
3032 3273 3152 3325 κατ’
3219 3273 3354 3343 ἐμοῦ
3408 3273 3666 3339 ἐδίδαξεν.

509 3391 806 3460 Postquam
834 3390 1003 3446 David
1040 3391 1154 3446 inec
1181 3391 1358 3447 amico
1387 3406 1487 3448 suo
1529 3391 1696 3448 Clmsi
1727 3394 1883 3460 dixit,
1932 3395 2021 3447 ille

438 3493 568 3535 vero
599 3488 854 3549 tanquam
886 3478 1023 3534 alter
1066 3480 1182 3548 ipse
1211 3493 1518 3534 sermonem
1577 3491 1868 3537 exsecutus
1894 3491 2016 3546 est;

441 3579 498 3624 et
528 3569 662 3624 abiit
693 3569 760 3624 ad
797 3568 1146 3625 Absalomnm
1179 3579 1235 3622 ut
1266 3570 1566 3639 transfuga,
1610 3581 1664 3625 et
1701 3571 1906 3641 fugavit
1935 3571 2019 3625 in-

441 3658 719 3712 ordinatos
745 3656 914 3728 ipsius
947 3667 1135 3712 contra
1183 3667 1390 3728 patrem
1429 3669 1642 3715 motus:
1677 3662 1803 3728 quia
1843 3661 2024 3716 verbis

442 3748 607 3804 Chusi
657 3749 1050 3819 imprudentem
1107 3748 1458 3805 Absalomum
1499 3752 1664 3818 vicit;
1713 3751 1879 3807 David
1926 3769 2023 3822 pro

441 3843 624 3898 verbis
676 3841 842 3898 Chusi
893 3841 1098 3912 gratias
1151 3843 1266 3912 agit
1325 3842 1454 3896 Deo.
1519 3842 1769 3897 Psalmus
1830 3843 2020 3907 David,

337 3971 342 3976 ς
438 3949 593 4002 quem
644 3933 871 3986 cantavit
925 3932 1146 3985 Domino
1204 3949 1297 3999 pro
1347 3935 1513 3986 verbis
1561 3933 1724 3988 Chusi
1775 3933 1876 4000 ﬁlii
1927 3932 2021 3988 Je-

447 4025 593 4078 mini.
635 4023 748 4079 Hoc
813 4033 894 4080 est
921 4039 937 4078 :
969 4023 1160 4079 Sermo
1186 4025 1416 4079 actionis
1468 4026 1652 4089 DaVid,
1685 4039 1845 4094 quem
1880 4026 2022 4079 velut

448 4113 773 4185 triumphale
817 4115 1087 4172 canticum
1127 4114 1235 4170 Deo
1275 4116 1631 4170 consecravit.

515 4294 625 4347 Cur
668 4301 845 4349 autem
878 4293 1018 4347 idem
1055 4292 1220 4347 Chusi
1254 4290 1534 4348 dicebatur
1551 4285 1694 4346 illius
1713 4289 1933 4356 Jemini,
1968 4302 2020 4346 et

517 4477 566 4510 ⁸⁸
601 4476 802 4532 .lerem.
827 4491 970 4542 xm,
1000 4477 1084 4530 ll.
1191 4477 1235 4509 "
1277 4475 1446 4532 Eccli.
1477 4489 1574 4531 xm
1595 4516 1611 4543 ,
1643 4476 1738 4533 25.

2203 3393 2421 3464 Ἐπειδὴ
2472 3393 2644 3447 ταῦτα
2677 3395 2705 3446 6
2737 3394 2901 3447 Δαϐὶδ
2933 3393 3011 3464 τῷ
3037 3386 3207 3448 Χουσὶ
3241 3395 3320 3466 τῷ
3348 3395 3486 3467 φίλῳ
3530 3392 3704 3459 εἶπεν,

2115 3487 2143 3537 6
2175 3484 2231 3537 δὲ
2269 3484 2346 3547 ὡς
2382 3485 2539 3548 ἄλλος
2568 3483 2732 3548 αὐτὸς
2763 3485 2843 3556 τῷ
2879 3485 3022 3556 λόγῳ
3064 3486 3445 3558 διηκονήσατο,
3472 3487 3566 3542 καὶ
3602 3490 3707 3542 ἀπ-

2114 3576 2277 3647 ῆλθεν
2307 3577 2443 3646 πρὸς
2468 3576 2560 3630 τδν
2603 3575 2944 3648 Ἀὁεσαλὼμ,
2976 3578 3052 3641 ὡς
3074 3577 3270 3646 φυγὰς,
3297 3579 3390 3632 καὶ
3415 3579 3707 3648 ἐφυγάδευο

2118 3683 2208 3720 σεν
2263 3667 2428 3720 αὐτοῦ
2484 3668 2583 3733 τάς
2629 3668 2898 3733 ἀτάκτους
2937 3669 3078 3723 κατά
3116 3669 3211 3722 τοῦ
3262 3670 3469 3742 πατρὸς
3505 3671 3701 3742 ὁρμάς

2117 3757 2308 3830 ἐπειδὴ
2361 3758 2539 3828 λόγοις
2593 3762 2622 3813 6
2675 3761 2845 3813 Χουσὶ
2892 3761 2982 3813 τὸν
3030 3760 3314 3830 ἀλόγιστον
3390 3762 3704 3834 Ἀϐεσαλὼμ

2121 3850 2397 3921 ἐνίκησεν·
2433 3851 2573 3923 ὑπὲρ
2601 3851 2710 3904 τῶν
2742 3850 2914 3919 λόγων
2937 3850 3106 3904 Χουσὶ
3127 3853 3154 3904 6
3186 3851 3351 3904 Δα6ὶδ
3376 3851 3452 3922 τῷ
3473 3852 3590 3923 Θεῷ
3617 3855 3704 3906 εὑ-

2127 3943 2392 4012 χαριστεῖ.
2453 3942 2702 4012 Ψαλμὸς
2745 3941 2827 4008 τῷ
2862 3941 3062 4006 Δαὸὶδ,
3116 3942 3189 3996 ὃν
3212 3938 3366 4013 ᾖσεν
3399 3942 3478 4008 τῷ
3516 3945 3705 4014 Κυρίῳ

2129 4031 2280 4100 ὺπέρ
2308 4030 2428 4084 τῶν
2455 4032 2654 4102 ,λόγων
2685 4031 2872 4087 Χουσὶ
2908 4033 3042 4087 υἱοῦ
3092 4033 3345 4102 Ἰεμενεί.
3390 4036 3536 4089 Ἀντὶ
3586 4035 3698 4099 τοῦ,

2133 4124 2304 4192 Λόγος
2336 4123 2586 4194 πράξεως
2613 4123 2692 4195 τῷ
2722 4124 2907 4189 Δαόὶδ,
2937 4124 2995 4178 ὃν
3025 4125 3100 4188 ὡς
3131 4125 3397 4180 ἐπινίκιον
3453 4126 3595 4199 ᾠδὴν
3628 4127 3702 4200 τῷ

2131 4214 2252 4283 Θεῷ
2276 4213 2558 4283 ἀνέθηκεν.

2202 4305 2298 4358 Διά
2325 4304 2447 4358 τίδὲ
2473 4307 2501 4358 ὁ
2517 4305 2676 4368 αὐτὸς
2694 4304 2860 4357 Χουσὶ
2879 4305 2990 4368 υῑδς
3019 4305 3264 4376 Ίεμενεὶ,
3283 4304 3375 4358 καὶ
3389 4305 3502 4369 υἱὸς
3517 4305 3702 4377 Ἀραχὶ

522 4633 637 4707 (50)
667 4634 950 4705 Ἐρημος.
983 4634 1120 4707 liinc
1135 4636 1491 4707 proverbialis
1518 4635 1741 4707 locutio,
1772 4637 1914 4690 κατὰ
1935 4638 2009 4692 τὸι

2132 4638 2441 4703 κοπεῖσθαι,
2480 4639 2533 4694 in
2564 4643 2883 4694 memoriam
2915 4653 3144 4695 revocor
3171 4638 3394 4694 alterius
3427 4653 3535 4695 non
3571 4644 3702 4696 mul-

450 4703 681 4777 πέρδικα
713 4703 937 4777 γυμνοί,
970 4703 1270 4762 Athanasio
1309 4703 1779 4777 usurpataEpist.
1809 4709 1878 4760 ad
1900 4707 2026 4762 soli-

453 4775 644 4858 tariam
671 4775 1103 4858 uita-ibtfgentes,
1135 4775 1362 4858 p.h§30‘,
1394 4786 1449 4830 et
1467 4775 1552 4858 .ab
1581 4775 1874 4858 interprete
1920 4793 2025 4830 non

451 4845 741 4901 intellecta.
768 4843 1092 4908 Philastrius
1135 4843 1291 4902 initio
1321 4843 1511 4914 Operis
1537 4846 1656 4900 sui:
1684 4845 1883 4900 Perdix
1910 4862 2028 4900 cum

451 4915 878 4985 infecunditatem
912 4916 1167 4986 patiatur,
1190 4916 1380 4986 saepius
1419 4915 1645 4986 aliorum
1672 4914 1861 4986 furtim
1891 4917 2027 4986 fetus

453 4983 731 5051 incubans,
777 4983 926 5053 quasi
975 5001 1095 5042 suos
1147 4983 1429 5053 iamfovet
1481 5001 1544 5037 ac
1586 4983 1816 5038 vindicat
1863 4983 2020 5053 ﬁlios,

452 5070 612 5122 usque
639 5059 705 5106 ad
754 5062 956 5124 tempus
995 5054 1229 5124 aliquod.
1283 5054 1515 5124 Cumque
1559 5055 1634 5107 eis
1675 5056 1792 5122 jam
1823 5067 2020 5123 tempus

453 5125 625 5179 (etatis
665 5124 961 5180 discernens
988 5125 1288 5195 decreverit,
1323 5134 1446 5178 tunc
1477 5124 1682 5179 amissis
1714 5126 1840 5195 (leg.
1868 5125 2024 5179 omis-

453 5196 546 5265 εἰς)
573 5195 726 5263 falsis
773 5194 1096 5264 parentibus,
1138 5195 1268 5264 jura
1295 5207 1562 5263 parentum
1617 5194 1771 5248 sensu
1813 5197 2024 5264 proprio

455 5267 806 5330 recordantes,
825 5265 1100 5335 palamque
1130 5266 1293 5319 oculis
1317 5267 1592 5328 intuentes,
1616 5267 1757 5332 sequi
1791 5281 1876 5319 eos
1907 5281 2025 5318 am-

453 5336 590 5402 plius
624 5336 985 5389 demorantur.
1011 5335 1233 5405 lleliqua
1264 5344 1414 5405 petes
1452 5337 1812 5405 praecipueex
1839 5342 2026 5390 catena

452 5401 510 5461 et
532 5406 915 5474 interpretibus
938 5401 1596 5470 iuJeremiam,Bucliarto
1618 5401 2027 5474 ἰιιλῌίρνοιοίεο,

454 5487 511 5531 et
537 5471 981 5531 notis-doctorum
1022 5477 1318 5538 hominum,
1354 5474 1530 5527 Allatii
1561 5475 1628 5526 ad
1667 5471 2026 5538 Eustathiunt,

455 5544 760 5601 Combellsii
779 5547 847 5600 ad
877 5543 1456 5616 Hippolytttm,_llt_tetii
1495 5542 1564 5595 ad
1590 5541 1886 5612 Origencm.

529 5615 640 5680 (5|)
693 5613 1184 5684 Νευροκόπηᾰον.
1235 5613 1406 5670 Verbo
1437 5616 1805 5684 νευροκοπεῖν,
1841 5631 2027 5685 νευρο-

2131 4719 2242 4763 ιυιιι
2282 4709 2684 4779 absimilis,sed
2718 4710 3036 4766 recentioris
3060 4709 3300 4776 fabricae,
3345 4714 3486 4779 quod
3517 4709 3702 4765 leviu-r

2129 4779 2502 4848 depravatum,
2539 4778 2670 4832 viris
2716 4779 3050 4835 doctissimis
3089 4778 3380 4834 faceSsivit’
3413 4781 3700 4848 negotium,

2131 4863 2281 4920 num.
2316 4847 2401 4913 l6,
2435 4846 2712 4920 Passionis
2731 4849 2912 4904 Basilii
2940 4849 3242 4920 presbyteri
3267 4849 3334 4920 ad
3366 4846 3696 4920 nttllilartii.

2129 4933 2236 4985 quo
2270 4917 2389 4992 lpco
2434 4917 2665 4992 habetur
2702 4918 2754 4972 in
2788 4934 2889 4992 m_s.
2924 4917 3120 4992 ἐλαϐεν
3146 4919 3242 4971 ἕνα
3297 4919 3406 4972 ἀπὸ
3447 4918 3556 4972 τῶν
3592 4921 3702 4992 ἠνο-

2137 4986 2483 5058 τομηθέντων
2529 4985 2717 5058 λὼρων
2759 4987 2852 5040 τοῦ
2883 4988 3153 5058 σώματος.
3188 4992 3226 5042 Α
3265 5004 3351 5042 me
3388 5004 3514 5043 vero
3543 4985 3701 5045 corr:-

2129 5055 2276 5125 gitur,
2302 5055 2746 5128 ίνοτομηθέντων.
2778 5059 2856 5112 Ad
2881 5055 3024 5114 hunc
3049 5074 3286 5124 sensum,
3316 5058 3521 5126 Accepit
3550 5076 3699 5112 unum

2129 5143 2156 5197 ς
2182 5129 2412 5196 corporis
2437 5131 2519 5180 sui
2553 5128 2702 5191 loris,
2749 5144 2866 5197 qua:
2904 5145 3024 5181 cum
3077 5129 3224 5196 ﬁbris
3255 5138 3448 5180 resecta
3472 5129 3688 5196 fuerant.

2130 5191 2280 5259 τινας
2307 5197 2468 5252 libras
2494 5212 2612 5252 esse
2646 5212 2710 5251 ac
2740 5191 2935 5252 nervos
2961 5191 3246 5254 neminem.
3269 5197 3422 5266 fugit.

2205 5267 2317 5338 (52)
2360 5267 2579 5335 'lspsi'c.
2617 5267 2727 5321 Vox
2759 5266 2946 5338 ἱερέων
2979 5270 3280 5323 reducenda
3314 5268 3480 5338 estnin
3503 5276 3690 5321 textum

2136 5335 2451 5408 BaCyrillj,
2509 5338 2646 5391 unde
2702 5335 2988 5408 exsulavit,
3032 5338 3179 5407 pulsa
3216 5352 3310 5408 per
3351 5336 3693 5408 amnem,“-

2139 5407 2270 5478 ρῶν,
2292 5405 2372 5461 ἰιιΙ
2400 5406 2554 5463 Joan.
2577 5423 2670 5471 xx,
2695 5406 2784 5467 22.
2814 5407 2866 5460 in
2898 5408 3006 5478 line
3025 5405 3144 5476 pag.
3175 5406 3450 5478 i095,ubi
3478 5405 3542 5459 de
3563 5405 3697 5478 hisce

2139 5475 2335 5558 ueteris
2370 5478 2500 5548 legis
2557 5478 2949 5534 sacerdOtibus.
2989 5475 3192 5533 Lucum
3246 5477 3511 5533 iudicasse
3563 5475 3694 5530 sulti-

2137 5559 2263 5602 Clal.
