3892 6272
169 343 270 398 ιὸθ

1327 335 1611 395 IlOMlLlA
1650 337 1789 390 XXI.
1830 335 1894 390 ΙΝ
1935 335 2122 393 PSAL.
2156 337 2263 392 Vll.

3307 307 3422 390 ινσ

171 455 420 512 πάντων
482 450 600 506 τῶν
645 450 875 519 ἐχθρῶν
923 451 1128 504 αὐτοῦ.
1177 481 1244 491 --
1296 450 1504 504 Σῶσόν
1541 468 1618 520 με
1673 452 1773 513 ἐκ,

1879 468 1937 505 us
1957 456 2379 522 persequentibus
2401 470 2500 516 me,
2523 463 2570 506 et
2593 453 2756 506 libera
2785 469 2884 507 me.
2916 450 3175 505 —Salvum
3196 466 3274 502 me
3306 450 3413 517 fac,
3437 494 3448 503 .

170 548 428 603 πάντων
467 543 584 598 τῶν
631 543 968 597 διωκόντων
1013 560 1111 612 με,
1165 544 1263 597 καὶ
1298 545 1485 610 ῥῦσαί
1526 561 1619 613 με.
1675 573 1744 584 —-

171 618 387 694 Zé’a’ér
424 651 521 703 με,
569 633 694 704 ἄρτι
751 633 1110 704 διωκόμενονο
1166 633 1355 701 ῥῦσαί
1393 651 1490 703 με,
1544 635 1743 703 μηκέτι

172 729 266 782 ὑπ’
299 725 484 780 αὐτῶν
520 723 939 795 πολεμούμενον.
970 725 1081 778 Καὶ
1107 726 1191 788 σὺ,
1222 718 1267 778 ὦ
1294 724 1743 794 προσφιλέστατε,

171 820 299 886 λέγε
319 818 411 872 ἀεὶ
439 816 518 886 τῷ
544 816 663 885 Θεῷ
695 816 1156 888 προσευχόμενος
1180 817 1355 881 Κύριε
1387 818 1419 868 ὁ
1440 815 1744 908 Θεός.μου,

171 909 272 963 ἐπὶ
301 907 407 962 σοὶ
437 907 695 973 ἤλπισα,
726 906 934 960 σῶσόν
947 923 1025 975 με
1046 922 1058 934 '
1098 907 1183 959 ἵνα
1213 923 1271 958 σε
1304 909 1368 959 ἐκ
1401 905 1620 959 πάντων
1642 905 1748 959 τῶν

171 998 482 1053 διωκόντων
528 995 782 1067 ρύοηται.
826 998 1003 1064 Κύριε
1051 999 1083 1049 ὁ
1125 998 1268 1060 Θεός
1304 1013 1448 1064 μου,
1495 995 1594 1048 ἐπὶ
1647 995 1747 1049 σοι

173 1086 434 1154 (plenam,
461 1084 671 1139 σῶσόν
687 1101 784 1153 με.
815 1084 926 1138 Καὶ
962 1085 1106 1147 τίνες
1129 1085 1178 1136 οί
1200 1083 1520 1149 διώκοντες;
1552 1084 1751 1154 Αίσθη-

174 1176 284 1239 τῶς
318 1175 424 1247 μὲν
452 1175 718 1245 αἱρετικοὶ
746 1173 841 1226 καὶ⁸
875 1173 1074 1236 πάντες
1102 1175 1152 1226 οἱ
1179 1174 1405 1245 πονηροὶ
1431 1174 1529 1226 καὶ⁴
1555 1172 1752 1242 βάσκα·

176 1282 257 1317 νοι
288 1264 595 1334 ἄνθρωποι·
631 1262 838 1333 νοητῶς
864 1262 922 1316 δὲ
951 1262 1234 1316 διώκουσιν
1270 1266 1304 1333 ὴ
1335 1261 1560 1332 πορνεία
1594 1263 1687 1316 καὶ
1717 1265 1752 1333 ἡ

179 1355 419 1425 μοιχεία,
448 1355 541 1407 καὶ
568 1356 599 1424 ἡ
630 1354 892 1424 ἁμαρτία,
921 1353 1015 1407 καὶ⁵
1041 1355 1074 1423 ὴ
1105 1353 1360 1406 ἀσέϐεια..
1390 1355 1454 1406 El
1489 1353 1562 1425 μὴ
1595 1354 1750 1408 ἐδίω-

178 1459 272 1494 κεν
299 1444 332 1513 ἡ
375 1442 610 1512 μοιχεία,
638 1442 732 1494 καὶ
755 1440 942 1504 sese;
978 1440 1068 1493 τὸν
1091 1440 1432 1511 διωκόμενον.
1453 1443 1518 1494 ὲκ
1547 1441 1750 1512 ταύτης

177 1532 396 1603 ἐρύετο,
428 1532 529 1585 οὐκ
554 1531 621 1586 ἂν
662 1533 690 1584 ὁ
725 1531 1146 1602 Παροιμιαστὴς.
1161 1531 1346 1599 ἔλεγεν
1366 1549 1380 1561 ο
1414 1530 1604 1584 Εἰπὸν
1637 1530 1752 1599 τὴν

179 1625 406 1692 σοφίαν
440 1623 565 1691 σὴν
595 1621 871 1692 ἀδελφὴν
921 1617 1094 1686 εἶναι,
1132 1624 1233 1677 ἵνα
1253 1638 1328 1677 σε
1349 1622 1605 1690 ρύσηται
1632 1622 1748 1676 ἀπὸ

181 1714 468 1785 ¹γυναικὸς
499 1715 821 1781 ἀλλοτρίας
853 1713 950 1767 καί
977 1713 1271 1781 πονηρᾶςο
1315 1713 1500 1784 ῥύεται
1528 1714 1636 1784 γάρ
1667 1729 1750 1775 τις

182 1807 273 1859 τὸν
313 1804 666 1876 διωκόμενον.
699 1805 762 1857 Ei
807 1803 882 1874 μὴ
915 1804 1191 1875 ἐδίωκενή
1228 1803 1431 1867 ἀδικία,
1470 1804 1570 1856 οὐκ
1609 1801 1676 1856 ἂν
1720 1803 1749 1854 ὁ
1784 1788 1822 1840 Β

190 1896 490 1967 Προφήτης
533 1894 743 1964 ἔλεγεν·
793 1895 926 1949 Ἀπὸ
961 1893 1180 1962 ἀνδρὸς
1215 1893 1426 1948 ἀδίκου
1445 1893 1633 1961 ῥῦσαί
1650 1909 1746 1962 με.

185 1986 247 2038 ΕΙ
278 1984 354 2056 μὴ
391 1985 611 2037 ἐδίωκεν
636 1987 664 2037 ὁ
697 1984 876 2052 φόνος,
906 1984 1006 2037 οὐκ
1029 1984 1095 2038 ἂν
1123 1980 1302 2040 εἶπενο
1356 1984 1563 2038 Ῥῦσαί
1583 2001 1659 2053 με
1685 1982 1752 2046 ἐξ

187 2075 468 2146 αἱμάτων,
501 2078 532 2128 ὁ
556 2076 699 2142 Θεὸς
719 2078 751 2129 ό
779 2075 922 2141 Θεὸς
944 2074 1054 2143 τῆς
1082 2076 1375 2143 σωτηρίας
1389 2093 1529 2144 μου.
1547 2074 1757 2128 Σῶσόν

189 2183 258 2233 με
287 2166 357 2219 ἐκ
403 2165 648 2220 πάντων
674 2164 794 2218 τῶν
821 2165 1152 2219 διωκόντων
1175 2183 1273 2234 με,
1315 2166 1413 2219 καὶ
1439 2165 1630 2233 ῥῦσαί
1658 2181 1756 2234 με.

191 2254 252 2307 El
289 2254 366 2325 μὴ
401 2253 620 2306 ἐδίωκεν
653 2256 686 2325 ἡ
723 2255 988 2324 ἁμαρτία,
1033 2254 1135 2307 οὐκ
1164 2254 1230 2308 ἂν
1258 2257 1291 2324 η
1321 2255 1511 2326 Γραφὴ
1536 2255 1612 2318 ὡς
1659 2256 1762 2325 μή·

191 2359 294 2413 τηρ
319 2341 639 2412 ἐνουθέτησε
657 2359 670 2372 ο
708 2342 946 2406 Τέκνον,
972 2343 1052 2409 ὡς
1077 2341 1197 2396 ἀπὸ
1224 2341 1546 2412 προσώπου
1575 2344 1765 2412 ὄφεως

192 2434 344 2503 φύγε
369 2433 485 2487 ἀπὸ
519 2433 630 2501 τῆς
658 2434 962 2503 ἁμαρτίας.
993 2435 1057 2486 El
1081 2435 1157 2504 μὴ
1188 2433 1408 2488 ἐδίωκον
1438 2436 1494 2488 αἱ
1524 2435 1762 2506 ἀνομίαι,

197 2525 292 2576 καὶ
325 2523 736 2595 κατελάμϐανον
759 2525 850 2578 τὸν
873 2525 1059 2596 ἀργῶς
1091 2524 1226 2594 πρὸς
1255 2525 1454 2596 ἀρετὰς
1482 2526 1770 2598 τρέχοντα,

201 2618 303 2670 οὐκ
326 2615 394 2669 ἂν
416 2619 444 2670 6
471 2617 634 2670 Δα6“ιδ
661 2617 866 2685 ἔλεγεν,
893 2618 974 2670 ὅτι
998 2617 1341 2670 Κατέλαϐόν
1355 2634 1431 2686 με
1449 2620 1508 2671 αἱ
1532 2618 1770 2686 ἀνομίαι

199 2726 342 2778 μου,
369 2708 467 2761 καί
492 2710 603 2762 οὐκ
625 2708 940 2776 ἠδυνήθην
960 2708 1065 2762 τοῦ
1083 2706 1360 2772 βλέπειν.
1388 2708 1572 2772 Θέλεις
1593 2708 1772 2772 καλῶς

204 2795 422 2865 φεύγων
459 2796 535 2866 μὴ
578 2797 992 2868 καταληφθῆναι
1035 2797 1140 2851 ὑπὸ
1187 2796 1295 2851 τῶν
1343 2796 1557 2862 κακῶν;
1609 2797 1772 2866 Λέγει

206 2905 288 2942 σοι
316 2889 352 2959 η
378 2888 568 2959 Γραφή
589 2906 603 2920 ’
633 2888 730 2957 Μὴ
763 2890 918 2944 ποίει
941 2888 1116 2955 κακὰ,
1148 2889 1250 2945 καί
1272 2891 1343 2942 οὐ
1360 2887 1460 2956 ,μή
1498 2902 1573 2942 σε
1598 2904 1774 2941 κατα-

204 2981 360 3048 λάϐῃ
410 2980 586 3034 κακά.
632 2980 849 3049 Ἐπειδὴ
891 2980 999 3049 γάρ
1039 2981 1188 3032 ἐστιν
1237 2979 1452 3050 πνεῦμα
1497 2980 1770 3051 πορνείας,

207 3071 303 3124 καὶ
355 3068 575 3141 πνεῦμα
625 3070 869 3140 μοιχείας
891 3088 905 3099 ·
956 3070 1172 3141 πνεῦμα
1218 3071 1492 3142 πορνείας,
1536 3072 1664 3142 περὶ
1711 3065 1773 3124 οὗ

1846 555 2005 609 quem
2060 545 2219 596 modo
2251 543 2617 608 insectantur;
2674 541 2839 595 libera
2885 558 2998 609 me,
3043 541 3132 611 qui
3179 542 3411 595 nondum

1848 633 1915 683 ali
1943 631 2046 686 illis
2072 631 2367 686 debellatus
2399 647 2538 686 sum.
2585 631 2651 686 Et
2694 643 2771 694 tu,
2817 647 2850 686 ο
2876 632 3215 694 cbarissime,
3251 628 3417 683 dicito

1848 737 2060 790 semper
2094 724 2202 778 Deo
2243 723 2295 776 in
2327 724 2574 793 precibus
2614 739 2628 778 :
2661 725 2881 778 Domine
2920 710 3060 776 Deus
3092 737 3257 784 meus,
3285 721 3340 772 in
3368 729 3426 772 te

1847 816 2048 879 speravi
2066 831 2085 876 ;
2115 814 2313 868 saluum
2339 831 2420 868 me
2457 815 2543 883 fac
2574 831 2592 869 :
2624 831 2731 884 quo
2759 826 2810 870 te
2850 816 2916 869 ab
2954 813 3202 868 omnibus
3229 824 3414 879 perse-

1849 903 2136 972 quentibus
2161 905 2373 960 liberet.
2396 906 2612 960 Domine
2647 906 2784 960 Deus
2823 921 2988 969 meus,
3019 905 3075 957 in
3111 913 3160 956 te
3191 901 3416 971 speravi,

1849 995 2050 1046 salvum
2081 1011 2160 1047 me
2192 996 2298 1063 fac.
2335 994 2562 1061 Quinam
2597 993 3034 1064 persequuntur?
3084 990 3434 1048 Sensibiliter-

1851 1083 2063 1150 quidem
2099 1084 2360 1150 haeretici,
2405 1098 2702 1154 omnesque
2751 1084 2872 1138 inali
2922 1099 2985 1137 ac
3038 1081 3204 1135 invidi
3248 1078 3422 1133 homi-

1852 1188 1983 1238 nes;
2042 1173 2450 1244 intelligibiliter
2493 1189 2622 1231 vero
2663 1184 3056 1244 persequuntur
3110 1171 3415 1226 fornicatio.

1852 1262 2196 1331 adulterium,
2237 1277 2536 1334 peccatum,
2565 1267 2834 1334 impietas.
2867 1264 2976 1319 Nisi
3005 1269 3429 1333 persequeretur

1853 1355 2107 1420 rnoechia,
2138 1368 2192 1411 et
2216 1357 2359 1412 Deus
2383 1357 2762 1428 persecutione
2795 1365 3046 1410 vexatum
3074 1369 3135 1408 ex
3163 1367 3226 1407 ea
3247 1352 3423 1420 eripe-

1854 1455 1972 1510 ret,
2038 1443 2453 1502 Proverbiorum
2519 1457 2709 1503 auctor
2780 1460 2884 1500 non
2946 1443 3296 1512 scripsisset:
3327 1439 3428 1496 Dic

1850 1536 2166 1604 sapientiam
2223 1547 2368 1591 tuam
2397 1554 2630 1592 sororem
2672 1553 2800 1600 esse,
2842 1545 2899 1589 ut
2937 1543 2987 1588 te
3024 1534 3210 1600 eripiat
3245 1547 3277 1584 a
3308 1545 3434 1583 mu-

1851 1625 1978 1680 liere
2023 1625 2194 1680 aliena
2228 1637 2276 1681 et
2321 1630 2466 1682 mala
2513 1629 2557 1660 ³⁷
2591 1646 2604 1682 :
2635 1629 2795 1696 eripit
2839 1615 3297 1692 enim'quiseum
3335 1635 3429 1690 ιιυτ

1855 1716 2286 1780 persecutionem
2311 1717 2531 1785 patitur.
2556 1716 2668 1770 Nisi
2706 1724 3126 1785 persequeretur
3149 1709 3441 1780 iniquitas,

1853 1818 1956 1858 non
1993 1805 2222 1860 dixisset
2249 1807 2515 1877 Propheta
2547 1826 2559 1861 :
2590 1808 2631 1860 Α
2681 1808 2792 1860 viro
2837 1799 3018 1874 iniquo
3050 1805 3190 1870 eripe
3233 1817 3314 1855 me
3360 1799 3430 1859 ³⁸.

1852 1891 1908 1947 Si
1947 1910 2054 1950 non
2099 1906 2517 1966 persequeretur
2548 1897 2758 1962 credes,
2808 1899 2931 1952 non
2971 1894 3382 1965 pronuntiasset
3415 1908 3462 1954 :_

1852 1981 2041 2040 Libera
2065 2002 2144 2040 me
2172 1988 2235 2040 de
2262 1989 2630 2058 sanguinibus,
2659 1989 2797 2041 Deus
2820 1986 2959 2040 Deus
2983 1983 3174 2039 salutis
3195 1998 3321 2038 mea:
3351 1982 3431 2034 ”.

1855 2073 2071 2130 Salvum
2117 2091 2196 2128 me
2240 2076 2327 2143 [ac
2368 2091 2432 2130 ea:
2474 2077 2714 2129 omnibus
2768 2072 3188 2143 persequentibus
3245 2085 3346 2135 me,
3387 2078 3435 2124 et

1856 2163 2017 2216 libera
2055 2179 2153 2217 me.
2196 2161 2308 2217 Nisi
2341 2162 2768 2231 persecutionem
2803 2161 3103 2216 concitaret
3131 2166 3435 2229 peccatum,

1859 2268 2131 2322 nunquam
2165 2253 2444 2323 Scriptura
2473 2254 2615 2308 velut
2652 2264 2822 2306 mater
2877 2244 3436 2310 admonuissetzFili,

1860 2347 2009 2414 quasi
2037 2363 2068 2399 a
2107 2347 2242 2415 {acie
2268 2347 2470 2399 colubri
2494 2347 2616 2415 fuge
2642 2363 2674 2398 α
2699 2353 2909 2412 peccato
2943 2341 3012 2394 δ’.
3044 2338 3156 2396 Nisi
3193 2341 3456 2406 inseque-

1866 2447 2050 2491 rentur
2116 2438 2382 2492 hominem
2433 2437 2746 2506 iniquitates
2796 2444 2852 2490 et
2919 2429 3441 2503 comprehenderent

1867 2545 1987 2584 eum
2019 2529 2110 2599 qui
2140 2529 2376 2599 segniter
2411 2529 2476 2582 ad
2529 2530 2761 2583 virtutes
2795 2528 2998 2596 pergit,
3035 2537 3141 2579 non
3169 2521 3286 2576 hac
3317 2533 3444 2589 pro-

1870 2620 2081 2675 tulisset
2098 2620 2266 2674 David
2289 2638 2300 2673 :
2325 2619 2835 2685 Comprehenderunt
2862 2631 2941 2668 me
2966 2613 3271 2684 iniquitates
3288 2624 3441 2672 mete,

1869 2723 1916 2765 et
1953 2727 2053 2766 non
2082 2713 2226 2780 potui
2255 2721 2308 2764 ut
2337 2711 2561 2764 viderem
2605 2710 2674 2764 “.
2709 2707 2870 2762 Visne
2903 2704 3160 2775 praeclare
3190 2699 3443 2772 fugiendo

1874 2815 1977 2852 non
2018 2798 2399 2867 comprehendi
2452 2813 2480 2851 a
2535 2794 2722 2850 malis?
2775 2795 2939 2848 Docet
3005 2803 3056 2846 te
3113 2791 3393 2859 Scriptura
3426 2807 3452 2840 ε-

1876 2887 2006 2942 Noli
2040 2889 2214 2956 facere
2243 2889 2414 2951 mala;
2462 2882 2508 2943 et
2540 2903 2644 2941 non
2685 2898 2732 2939 te
2775 2883 3157 2954 apprehendent
3199 2879 3341 2934 mala
3375 2877 3443 2931 δ’.

1877 2978 2322 3049 Quandoquidem
2375 2977 2520 3033 enim
2557 2987 2640 3032 est
2691 2977 2915 3046 spiritus
2950 2971 3346 3034 fornicationis,
3393 2979 3452 3023 et

1881 3070 2101 3138 spiritus
2158 3068 2696 3138 maschiaezspiritus
2750 3064 3155 3128 fornicationis,
3213 3061 3287 3115 de
3337 3073 3472 3128 quos

220 3160 379 3230 Ὠσηέ
411 3132 594 3229 λέγει·
625 3132 945 3228 prima“
990 3132 1271 3228 πορνείας
1292 3132 1734 3230 ’ἐπλανήθησαν
1755 3178 1770 3193 ⁸

1877 3132 2014 3217 όεοο
2038 3163 2152 3216 ait:
2183 3159 2387 3230 Spiritu
2443 3132 2804 3232 fornicationis
2837 3157 3036 3212 seducti
3078 3164 3195 3209 sunt
3227 3153 3304 3220 ";
3337 3153 3449 3222 spi-

208 3251 431 3320 πνεῦμα
477 3242 720 3321 μοιχείας
738 3266 754 3282 ·
785 3249 892 3303 Καὶ
933 3250 1290 3319 ἐμοίχευσεν
1331 3251 1439 3304 τὸν
1464 3251 1638 3306 λίθον
1674 3252 1776 3305 καὶ

207 3344 274 3399 τὸ
309 3343 534 3409 ξύλον,
572 3341 663 3395 διὰ
691 3340 761 3394 τὰ
793 3343 851 3395 ἐν
897 3342 1079 3404 αὐτοῖς
1115 3341 1421 3412 ὀρχούμενα
1453 3343 1773 3413 πνεύματαο

210 3434 306 3487 καλ⁵
343 3431 560 3503 πνεῦμα
594 3432 972 3502 φιλαργυρίας,
1022 3432 1084 3484 τὸ
1132 3431 1315 3500 λέγον’
1367 3433 1559 3486 Ταῦτα
1586 3432 1785 3486 πάντα

211 3541 312 3578 σοι
337 3524 532 3590 δώσω,
564 3523 672 3576 ἐὰν
700 3523 905 3577 πεσὼν
937 3521 1372 3592 προσκυνήσῃς
1400 3539 1520 3592 μοι·
1553 3523 1784 3576 ἕκαστον

211 3616 321 3668 τῶν
355 3614 607 3685 πονηρῶν
642 3613 965 3684 πνευμάτων
1000 3614 1088 3666 ἀεὶ
1129 3611 1477 3683 ἐπιτηροῦσιν
1510 3613 1609 3683 τὴν
1651 3612 1782 3666 ἐκάη

215 3723 340 3760 στου
370 3704 521 3759 ὁδόνο
557 3705 652 3758 καὶ
682 3705 873 3758 ὁποίαν
902 3704 982 3766 εἰς
1013 3703 1130 3756 ὁδὸν
1164 3703 1437 3774 ἁμαρτίας
1463 3703 1691 3771 νεύσεις,
1723 3705 1784 3758 τὸ

217 3797 436 3867 πνεῦμα
456 3798 555 3866 τῆς
584 3796 860 3867 ἁμαρτίας
888 3795 1063 3848 ἐκεῖνό
1097 3812 1155 3848 σε
1180 3793 1363 3848 διώκει
1386 3795 1480 3848 καὶ
1509 3795 1785 3867 συντρέχει

214 3889 293 3958 τῷ
327 3888 715 3959 ἁμαρτάνοντι.
769 3885 830 3938 '0
873 3886 1072 3948 Ἰούδας
1110 3886 1202 3939 ἐπὶ
1231 3886 1590 3957 φιλαργυρίαν
1623 3886 1794 3939 ὥδευε

219 3997 333 4041 σεν,
361 3981 456 4032 καὶ
485 3981 513 4032 ὁ
555 3979 796 4041 διάϐολος
825 3978 972 4048 αὐτῷ
1015 3977 1102 4031 διὰ
1128 3977 1488 4048 φιλαργυρίας
1525 3979 1624 4049 τὴν
1653 3995 1798 4050 προς

217 4069 400 4122 δοσίαν
420 4067 668 4121 ἐνέϐαλεν
689 4085 701 4097 ’
753 4067 862 4121 Τοῦ
894 4066 1176 4120 διαϐόλου
1206 4066 1321 4134 ἤδη
1333 4067 1726 4136 ἐμϐεϐηκότος
1744 4067 1789 4100 ³⁸

229 4159 317 4222 είς
376 4156 489 4222 τὴν
542 4155 794 4224 καρδίαν
836 4153 1021 4225 Ἰούδα
1084 4154 1351 4222 Σίμωνος
1391 4154 1795 4220 Ἰσκαριώτου,

219 4248 322 4301 ἵνα
365 4245 554 4300 αὐτὸν
600 4243 865 4314 παραδῷ.
913 4245 1001 4307 Ὠς
1039 4243 1146 4314 γὰρ
1179 4243 1275 4297 ἐὰν
1315 4244 1444 4315 περὶ
1478 4245 1792 4312 φιλοσοφίαν

221 4338 556 4410 ἀσχοληθῇς,
607 4338 637 4389 ὁ
680 4336 970 4405 φιλόσοφος
1016 4335 1354 4406 συμπράττει
1403 4351 1506 4398 σοι,
1557 4335 1652 4388 καὶ
1698 4335 1800 4388 ἐὰν

1879 3253 2018 3308 ritus
2043 3252 2287 3308 mmehim
2312 3270 2325 3305 :
2355 3251 2432 3305 Et
2452 3253 2702 3306 mwchata
2734 3260 2806 3304 est
2833 3248 3056 3318 lapidem
3078 3259 3126 3302 et
3153 3243 3445 3315 lignum“;

1878 3350 2098 3412 propter
2142 3342 2368 3412 spiritus
2413 3341 2503 3411 qui
2547 3341 2600 3394 in
2639 3340 2744 3394 illis
2797 3338 3099 3394 insultant:
3130 3345 3186 3389 et
3229 3335 3452 3405 spiritus

1881 3431 2139 3496 avaritiae,
2166 3431 2259 3501 qui
2286 3431 2421 3486 dicit
2453 3450 2466 3485 :
2491 3431 2623 3485 Haec
2657 3431 2837 3485 omnia
2866 3428 2963 3483 tibi
2991 3429 3149 3491 dabo,
3184 3427 3229 3480 si
3258 3426 3471 3479 cadens

1883 3522 2183 3578 «duraveris
2212 3540 2292 3578 me
2323 3523 2370 3556 “
2398 3541 2412 3577 :
2439 3523 2636 3594 singuli
2669 3522 2930 3577 malorum
2977 3521 3260 3590 spirituum
3312 3531 3454 3572 sem-

1882 3627 1980 3682 per
2011 3613 2269 3683 cnjusque
2309 3613 2538 3668 bominis
2583 3612 2725 3667 viam
2756 3612 3050 3666 observant
3079 3629 3092 3665 :
3127 3619 3182 3666 et
3222 3609 3286 3663 ad
3322 3622 3462 3678 qua-

1886 3706 2205 3778 lemcunque
2252 3708 2458 3777 peccati
2499 3708 2642 3762 viam
2693 3723 2905 3777 vergas,
2955 3707 3178 3777 Spiritus
3211 3707 3300 3761 ille
3332 3721 3457 3776 pec-

1888 3797 1993 3850 cati
2026 3805 2078 3851 te
2109 3797 2466 3866 persequitur,
2491 3798 2873 3866 concurritque
2896 3797 3160 3866 peceanti.
3197 3794 3362 3852 Judas
3390 3797 3465 3850 ad‘

1888 3886 2170 3941 avaritiam
2202 3887 2447 3952 tetendit,
2477 3895 2532 3940 et
2561 3887 2806 3942 diabolus
2839 3886 2887 3941 ei
2916 3902 3011 3956 per
3044 3887 3322 3940 avaritiam
3351 3887 3455 3940 im-

1890 3978 2036 4032 misit
2061 3977 2420 4046 proditionem
2452 3996 2465 4032 :
2499 3979 2630 4032 Cum
2659 3977 2899 4032 diabolus
2923 3978 3036 4047 jam
3066 3979 3363 4032 immisisset
3406 3978 3462 4030 in

1891 4084 1982 4122 cor
2011 4067 2172 4122 Iuda:
2220 4066 2448 4123 Simonis
2496 4067 2792 4134 Iscariotaz,
2847 4078 2905 4122 ut
2956 4069 3183 4122 traderet
3237 4085 3352 4122 eum
3384 4068 3453 4122 “.

1897 4156 2045 4211 Sicut
2068 4158 2212 4211 enim
2243 4158 2286 4212 si
2315 4158 2595 4226 occuperis
2617 4158 2758 4212 circa
2783 4158 3199 4226 philosophiam,
3225 4158 3460 4228 philoso-

1894 4250 2033 4317 phus
2059 4247 2274 4317 adjuvat
2310 4257 2390 4314 te;
2434 4250 2478 4302 si
2511 4249 2654 4302 circa
2691 4248 2978 4316 poeticam,
3011 4257 3203 4317 poeta;
3247 4251 3289 4302 si
3315 4250 3460 4303 circa

1896 4338 2374 4404 architectonicen,
2426 4339 2754 4394 architectus
2790 4359 2802 4392 :
2838 4340 2908 4393 ita
2958 4340 3003 4394 si
3043 4341 3377 4409 propendens
3409 4341 3460 4393 in

224 4431 353 4500 περὶ
387 4425 672 4498 ποιητικὴν
705 4427 734 4478 ὁ
766 4424 1014 4494 ποιητὴς,
1055 4425 1149 4476 καὶ
1191 4423 1284 4476 ἐὰν
1316 4422 1444 4493 περὶ
1479 4422 1773 4492 τεκτονικὴε

1900 4429 2331 4494 fornicationem,
2374 4429 2597 4497 spiritus
2623 4430 3001 4485 fornicationis
3026 4431 3301 4484 concurrit
3331 4430 3461 4496 tibi;

222 4526 250 4575 ὁ
277 4521 482 4584 τέκτων
499 4536 512 4549 ο
531 4518 702 4580 οὕτως
719 4517 812 4569 ἐὰν
836 4517 966 4587 περὶ
989 4516 1242 4585 πορνείαν
1259 4514 1472 4584 νεύσῃς,
1500 4514 1558 4566 τὸ
1578 4513 1773 4584 πνεῦμα

1898 4521 1940 4572 si
1975 4520 2026 4573 in
2058 4520 2400 4588 zelotypiam,
2429 4521 2650 4588 spiritus
2691 4522 2968 4592 zelmypia:
3014 4522 3249 4575 incendit
3278 4531 3346 4576 te.
3381 4520 3462 4584 Si,

224 4612 324 4680 τῆς
363 4609 618 4680 πορνείας
654 4607 934 4676 συντρέχει
972 4623 1086 4658 σοι·
1135 4604 1229 4657 ἐὰν
1280 4604 1408 4672 περί
1440 4603 1788 4674 ζηλοτυπίαν,

223 4702 284 4753 τὸ
319 4698 539 4769 πνεῦμα
563 4699 661 4768 τῆς
679 4696 1006 4767 ζηλοτυπίας
1049 4694 1276 4747 ἀνάπτει
1301 4710 1380 4745 σε.
1414 4693 1572 4754 Ἐὰν,
1609 4694 1793 4762 φησὶν,

227 4791 472 4858 γένηται
500 4789 652 4857 γυνὴ
681 4785 1188 4854 ζηλοτυπουμένη,
1219 4786 1317 4837 καὶ
1342 4785 1488 4852 ἔλθῃ
1519 4783 1600 4848 τῷ
1627 4783 1795 4852 ἀνδρὶ

227 4880 419 4948 αὐτῆς
448 4881 680 4949 πνεῦμα
721 4879 1046 4947 ζηλώσεως.
1090 4879 1214 4931 Ἐὰν
1239 4878 1295 4931 δὲ
1329 4878 1455 4948 περὶ
1482 4875 1798 4946 φιλοσοφίαν

227 4974 483 5044 οὐράνιον
526 4972 636 5042 (b7)
662 4971 982 5045 ἀνανεύσῃς,
1022 4971 1082 5024 τὺ
1118 4970 1330 5040 πνεῦμα
1364 4970 1463 5038 τῆς
1498 4969 1687 5036 σοφίας
1721 4984 1800 5020 σοι

229 5061 665 5118 ἐπαναπαύεται-
696 5061 791 5114 ἐὰν
821 5064 948 5132 περὶ
975 5061 1210 5124 σύνεσιν,
1243 5061 1302 5112 τὸ
1325 5058 1541 5128 πνεῦμα
1556 5059 1654 5127 τῆς
1679 5073 1802 5112 συν-

230 5153 420 5215 έσεως.
471 5152 581 5206 Kal
652 5152 1179 5218 ἐπαναπαύσεται,
1228 5151 1424 5221 φησὶν,
1477 5149 1569 5201 ἐπ’
1617 5149 1803 5204 αὐτὸν

1901 4612 2091 4680 inquit,
2123 4612 2310 4666 mulier
2338 4628 2428 4681 per
2473 4612 2778 4682 zelotypiam
2820 4621 3056 4680 suspecta
3095 4610 3248 4680 fuerit
3294 4612 3464 4673 impu-

1903 4701 2116 4764 dicitiw,
2142 4716 2204 4753 ac
2229 4702 2419 4754 venerit
2439 4701 2548 4754 viro
2564 4700 2675 4766 ejus
2697 4701 2908 4767 spiritus
2932 4698 3198 4766 zelotypite
3223 4697 3288 4750 ".
3314 4695 3479 4762 Quod’

1903 4794 1946 4846 si
1977 4793 2043 4845 ad
2090 4791 2364 4848 caelestem
2420 4793 2810 4860 philosophiam
2861 4789 3209 4859 suspexeris,
3251 4787 3470 4856 spiritus

1904 4883 2183 4952 sapientiae
2226 4883 2516 4951 requiescit
2560 4898 2721 4953 super
2775 4893 2855 4948 te;
2904 4883 2947 4936 si
2995 4884 3060 4934 ad
3115 4880 3468 4941 intellectum,

1908 4975 2132 5042 spiritus
2164 4975 2491 5029 intellectus.
2523 4974 2590 5027 Et
2614 4976 2910 5042 requiescet,
2953 4974 3146 5040 inquit,
3173 4986 3326 5040 super
3352 4985 3472 5022 eum

1907 5065 2121 5131 spiritus
2167 5065 2437 5134 sapientia:
2479 5074 2526 5117 et
2568 5063 2881 5126 intellectus,
2935 5063 3149 5131 spiritus
3193 5059 3394 5114 consilii
3424 5068 3471 5111 et

1909 5154 2252 5223 fortitudinis,
2313 5156 2522 5224 spiritus
2577 5155 2807 5208 scientite
2848 5163 2896 5206 et
2957 5154 3194 5220 pietatis;
3259 5150 3474 5206 spiritus

301 5291 350 5322 ⁸⁸
363 5289 535 5361 Forte
557 5289 972 5361 ἐμϐεϐληκότος.
1033 5291 1074 5361 ξ’
1104 5290 1264 5344 Prov.
1296 5305 1393 5361 vn.
1506 5290 1548 5361 ‘f
1568 5289 1706 5344 Psal.
1734 5305 1773 5345 c1

1881 5309 1953 5350 Ix.
1979 5288 2016 5361 2,
2059 5289 2116 5361 _'_’
2139 5287 2278 5361 Psal.
2303 5304 2357 5349 L,
2388 5286 2472 5361 l6.
2513 5286 2566 5361 ,λς’
2592 5284 2964 5361 _Eccli.xxt.}.
3029 5283 3083 5361 _‘_'
3105 5281 3256 5361 _l“sal.
3287 5293 3474 5361 suis.

199 5418 204 5420 _
235 5359 324 5414 15.
407 5359 453 5390 ⁴¹
495 5348 654 5414 Ecéli.
682 5348 791 5424 vn,
821 5362 873 5416 1.
933 5348 991 5393 ’⁸³
1017 5360 1140 5416 Ose.
1173 5375 1248 5428 ιν,
1279 5348 1390 5414 12(
1436 5360 1481 5391 ut
1517 5358 1715 5415 Jerem.
1745 5375 1773 5416 ιι

1873 5367 1906 5416 l.
1945 5348 1951 5350 ὴ
1985 5359 2027 5390 ⁸⁸
2056 5357 2240 5412 Matth.
2276 5348 2350 5422 Iv,
2381 5358 2432 5413 9.
2512 5356 2556 5386 "
2581 5353 2736 5409 Joan.
2771 5353 2949 5418 “11,2.
3027 5352 3068 5383 ⁸⁷
3103 5350 3257 5403 Num.
3300 5365 3352 5411 ν,
3386 5348 3471 5401 14.

308 5491 423 5560 (δί)
491 5492 865 5562 Φιλοσοφίαν
934 5494 1235 5562 οὐράνιον.
1319 5491 1517 5562 Nomen
1587 5493 1800 5560 φιλοσο-

237 5561 369 5629 φίας
415 5570 466 5612 et
505 5561 876 5628 philosophus,
916 5565 980 5616 de
1005 5560 1213 5630 pietate
1250 5569 1314 5622 ,ει
1355 5560 1613 5630 religione
1650 5578 1806 5616 usur-

238 5639 369 5702 parit
395 5638 503 5682 tam
539 5632 702 5702 sacri,
733 5646 893 5702 quam
916 5634 1123 5700 profani
1160 5632 1556 5702 scriptores,.ut
1580 5647 1607 5684 a
1635 5631 1808 5686 doctis

241 5698 374 5752 \‘iris
407 5713 550 5754 szeoc
585 5699 685 5752 fuit
721 5698 1101 5758 observatum:
1138 5711 1190 5754 et
1219 5698 1679 5763 philosophiarum
1716 5714 1809 5757 seu

1912 5504 2176 5548 sectarum
2239 5491 2578 5547 Judaicarnm
2631 5488 2832 5541 ruentia
2886 5487 2944 5540 lit
3004 5499 3097 5554 per
3147 5483 3475 5549 .losephnm;

1914 5566 2052 5631 apud
2087 5580 2243 5629 quem
2275 5564 2340 5616 ad
2372 5563 2529 5616 linem
2556 5575 2673 5627 cap.
2706 5558 2761 5618 2,
2798 5556 2888 5608 lib.
2931 5570 3060 5610 M’lll
3100 5554 3354 5623 Antiquit.
3385 5568 3502 5622 φιεμ

1915 5633 2156 5703 λοσόφων
2193 5633 2327 5687 male
2356 5631 2556 5686 cditmn
2585 5635 2880 5698 comparet.
