3896 6268
217 278 335 336 ιη

1391 281 1677 338 HOMILIA
1711 281 1850 336 XXI.
1887 282 1955 337 IN
1995 283 2189 341 PSAL.
2231 283 2340 338 V'II.

3366 279 3464 334 ΠΙ

217 397 408 449 cura?
455 390 683 462 σώματα
726 395 821 450 καὶ
875 394 1146 464 πρόϐατα,
1195 396 1314 449 ἀλλ’
1349 398 1452 452 οὐκ
1500 397 1784 471 ἀνθρώπωι

1905 403 2096 473 estqui
2131 404 2370 466 redimat,
2422 417 2580 465 neque
2626 401 2722 471 qui
2748 399 2950 455 salvum
2995 397 3180 467 furiat.
3223 394 3357 452 Nam
3398 399 3467 464 si,

215 483 418 553 ψυχαί.
444 482 689 548 Μήποτε
712 484 959 553 ἁρπάσῃ
993 491 1074 553 ὡς
1101 488 1258 543 ,λέων
1285 490 1400 558 τὴν
1430 491 1642 560 ψυχήν
1653 509 1796 560 μου.

217 575 335 628 Καὶ
361 572 480 637 πῶς
514 573 749 646 ἁρπάζει
776 579 804 630 6
837 576 1006 641 λέων;
1035 578 1130 646 Μὴ
1167 579 1340 646 ὄντος
1388 583 1800 651 λυτρουμένου

211 664 375 735 μηδὲ
396 664 708 732 σώζοντος.
740 668 804 726 Ei
830 667 940 739 γὰρ
961 670 1056 722 τοῦ
1089 671 1252 724 Δαϐὶδ
1283 673 1684 742 ποιμαίνοντος,
1722 673 1798 726 ὅτ’

216 755 288 809 ἂν
317 751 480 825 ἦλθεν
513 756 648 810 λέων
678 757 709 826 ἢ
741 758 928 827 ἄρκος,
966 761 1062 812 καὶ
1095 759 1400 831 ἐλάμϐανεν
1438 762 1708 831 πρόϐατον
1734 765 1798 814 ἐκ

213 845 325 914 τῆς
359 846 585 915 ἀγέλης,
618 849 647 900 6
675 847 840 900 Δασὶδ
867 848 1132 920 ἐξήρχετο
1163 852 1510 916 κατόπισθεν,
1550 853 1624 918 ὡς
1657 852 1796 906 κατά

212 937 506 1007 τυράννων
535 939 860 1008 στρατηγὸς,
895 943 989 994 καὶ
1023 941 1115 995 τὸν
1146 942 1289 1014 θῆρα
1333 943 1584 1009 ἔτυπτεν,
1613 947 1708 998 καὶ
1737 946 1797 998 τὸ

213 1027 496 1097 πρόϐατον
532 1029 608 1092 ὡς
651 1032 997 1100 αἰχμάλωτον
1021 1034 1346 1096 ἀποσπάσας
1377 1035 1610 1099 ἔσωζεν·
1649 1036 1798 1104 πόσῳ

216 1116 428 1186 μᾶλλον
460 1117 596 1170 Θεοῦ
629 1120 720 1172 κα)⁸
745 1118 1031 1185 σώζοντος,
1067 1124 1095 1173 6
1123 1122 1258 1176 λέων
1289 1126 1318 1176 6
1345 1125 1588 1188 διάϐολος
1618 1127 1797 1196 ἀρπά-

212 1209 334 1271 ζειν
385 1209 449 1261 ού
481 1208 738 1274 δύναται;
788 1209 1032 1276 Μήποτε
1059 1213 1301 1282 ἁρπάσῃ
1349 1215 1428 1280 ὡς
1471 1216 1627 1268 λέων
1682 1215 1796 1282 τὴν

209 1299 432 1369 ψυχήν
461 1318 603 1370 μου.
638 1301 876 1355 Φύλαττέ
909 1320 976 1373 με
1003 1303 1076 1367 ὡς
1108 1305 1334 1375 ποιμὴν,
1371 1306 1466 1358 καὶ
1503 1308 1552 1358 οἱ
1583 1307 1796 1372 ὀδόντες
1871 1357 1873 1359 ,

209 1391 479 1460 ἀργοῦσιν
508 1391 602 1445 τοῦ
631 1392 864 1457 λέοντος.

300 1480 519 1551 Ἐπειδὴ
562 1482 734 1538 ταῦτα
775 1479 949 1549 εἶπεν,
997 1492 1094 1544 καὶ
1141 1487 1488 1557 προσηύξατο
1527 1487 1790 1558 ρυσθῆναι

207 1572 311 1625 τοῦ
360 1573 571 1637 λέοντος
616 1574 712 1628 τοῦ
757 1574 1102 1646 Ἀϐεσαλὼμ,
1130 1579 1225 1632 καὶ
1270 1577 1600 1648 εἰσηκούσθη
1623 1595 1792 1649 προσ-

207 1661 550 1732 ευξάμενος,
608 1664 826 1732 ἐπάγει,
870 1665 965 1717 καὶ
1007 1667 1088 1729 εἰς
1140 1667 1434 1735 ἀπολογίαν
1484 1667 1785 1737 τρέπεται·

207 1755 393 1822 Κύριε
422 1758 454 1810 ό
487 1757 630 1821 Oed;-
657 1773 798 1824 μου,
825 1759 876 1808 ει
917 1755 1176 1825 ἐποίησα
1202 1757 1397 1816 τοῦτο.
1437 1758 1653 1829 Ἐπειδὴ
1678 1759 1786 1830 γὰρ

206 1847 237 1898 ό
285 1845 604 1916 Ἀϐεσαλὼμ
661 1847 736 1909 ὡς
781 1847 918 1900 λέων
989 1848 1047 1900 ἐν
1087 1847 1164 1917 τῷ
1190 1847 1381 1919 δρυμῷ
1432 1849 1522 1901 τὸν
1576 1850 1788 1919 πατέρα

205 1937 457 2001 ἐδίωκεν,
492 1938 569 2001 ὡς
598 1938 735 1992 λέων
781 1940 889 1992 ἀπὸ
917 1939 1020 2010 τῆς
1058 1941 1234 2011 κόμης
1286 1941 1580 2012 κρατηθεὶς
1626 1942 1788 2014 ἐκρέ-

209 2045 375 2097 ματο,
407 2031 500 2082 καὶ
527 2032 560 2101 ἡ
584 2030 730 2101 κόμη
744 2029 839 2084 τοῦ
867 2030 1085 2102 δένδρου
1111 2032 1218 2084 ἀπὸ
1237 2033 1336 2103 τῆς
1360 2035 1536 2104 κόμης
1567 2036 1788 2104 ἐκράτει

203 2120 302 2171 τὸν
333 2119 544 2181 λέοντα.
581 2123 674 2174 καὶ
712 2123 788 2188 ὡς
814 2124 1002 2194 ἔριφος
1031 2125 1089 2176 ἐν
1129 2123 1382 2193 μακέλλῳ
1409 2125 1438 2176 6
1470 2124 1606 2176 λέων
1631 2125 1787 2194 ἐκρέ-

208 2227 373 2280 ματο,
402 2213 497 2266 καὶ
524 2211 865 2283 ὸψωνάτορες
897 2215 1196 2284 ἀνάργυροι
1231 2214 1466 2285 κόρακες
1505 2215 1599 2267 καὶ
1641 2215 1788 2266 ἀετοὶ

205 2302 568 2372 παρεγίνοντο
594 2319 608 2334 ο
642 2305 736 2358 καὶ
785 2305 932 2370 ἀξιον
972 2305 1259 2374 ἐπιτάφιον
1289 2304 1439 2375 αύτῷ
1466 2304 1720 2375 Σαλομὼν
1759 2309 1788 2358 6

204 2393 438 2462 ἀδελφὸς
478 2392 640 2448 αὐτοῦ
683 2395 1009 2464 ὑπέψαλλεν,
1065 2397 1273 2464 λέγων·
1316 2397 1658 2466 Ὀφθαλμὸν
1690 2415 1789 2450 κα-

203 2485 550 2554 ταγελῶντα
569 2488 812 2555 πατρὸς,
835 2489 1213 2557 sitadd-away
1233 2489 1420 2543 αὑτὸν
1443 2492 1696 2558 κόρακες
1717 2491 1787 2544 ἐκ

204 2575 331 2631 τῶν
357 2577 704 2648 φαράγγων,
747 2579 848 2634 καὶ
877 2579 1277 2650 καταφάγοιεν
1317 2582 1504 2634 αὑτὸν
1534 2582 1784 2636 νεοσσοὶ

204 2669 422 2725 ἀετῶν.
463 2671 613 2723 Ἐπεὶ
655 2663 750 2726 οὖν
780 2672 830 2724 οἱ
861 2673 1068 2727 νεοσσοὶ
1102 2673 1193 2725 τὸν
1237 2673 1458 2728 νεοσσὸν
1496 2673 1590 2726 τοῦ
1621 2673 1787 2728 Δαϐὶδ

205 2759 514 2814 κατεσθίειν
538 2761 815 2826 ἔσπευδον,
844 2761 1129 2833 προλαϐὼν
1149 2763 1205 2816 δὲ
1228 2764 1260 2814 6
1287 2763 1592 2834 στρατηγὸς
1626 2762 1784 2816 Ἰωάϐ

203 2851 281 2915 ὡς
319 2851 532 2923 ἰξευτὴς
570 2852 804 2923 καλάμῳ
844 2853 922 2924 τῷ
972 2853 1158 2924 δόρατι
1186 2854 1278 2907 τὸν
1324 2855 1444 2908 νέον
1491 2853 1783 2926 ἐθήρασεν,

204 2944 302 2996 καὶ
330 2942 561 3014 πληγεὶς
588 2947 648 2997 ἐν
674 2944 751 3014 τῷ
777 2945 899 3014 ἀέρι
935 2944 1324 3014 ἐπτερύσσετο,
1378 2945 1472 2998 καὶ⁸
1503 2945 1596 2998 τὸν
1627 2945 1786 2999 θάνα-

1905 495 2122 564 quando
2155 504 2339 561 pastor
2364 505 2481 547 erat
2516 475 2714 557 David,
2755 491 2968 563 quoties
3001 490 3234 544 venisset
3267 489 3350 544 leo
3376 498 3466 545 aut

1907 599 2090 651 ursus,
2121 594 2177 640 et
2204 586 2437 653 cepisset
2461 600 2614 636 ovem
2646 584 2712 638 de
2734 598 2916 652 grege,
2957 581 3124 636 David
3157 580 3468 651 egredieba-

1903 685 1989 730 tur
2034 685 2154 745 post
2191 691 2312 732 eum
2346 714 2362 741 ,
2413 685 2472 730 ut
2515 675 2769 729 adversus
2818 685 3078 744 tyrannos
3117 673 3224 727 dux
3259 674 3470 728 exerei-
3551 687 3556 692 ·

1903 779 2012 833 tus,
2039 777 2093 822 et
2127 767 2296 822 feram
2321 765 2678 837 percutiebat,
2709 778 2972 833 avemque
3013 774 3266 832 tanquam
3296 763 3468 832 capti-

1898 873 2025 913 vum
2061 859 2410 913 abstraliebat
2443 867 2497 912 et
2527 856 2871 913 seri/abut":
2905 863 3106 924 Quanto
3123 853 3312 922 magis,
3339 853 3464 906 dum

1901 948 2042 1002 Deus
2075 949 2287 1002 redimit
2318 958 2372 1002 et
2405 959 2606 1016 servat,
2632 947 2715 1002 leo
2742 945 2983 1000 diabolus
3017 958 3206 1014 rapere
3230 959 3336 998 non
3373 958 3466 1012 po—

1902 1040 2043 1094 test?
2069 1037 2364 1109 Nequando
2389 1041 2563 1106 rapiat
2587 1049 2642 1092 ut
2669 1038 2746 1091 leo
2771 1038 2999 1090 animum
3028 1051 3215 1090 meum.
3244 1034 3462 1087 Custodi

1898 1147 1982 1184 me
2037 1140 2287 1200 tanquam
2336 1141 2552 1200 pastor,
2605 1140 2661 1184 et
2704 1129 2876 1184 leonis
2927 1131 3115 1182 dentes
3165 1124 3462 1180 iueﬂicaces

1893 1233 2072 1276 erunt.

1961 1493 2249 1560 Postquam
2273 1493 2386 1546 Isaac
2408 1489 2655 1560 protulit,
2674 1497 2956 1554 orantque
2981 1484 3097 1538 erui
3129 1500 3157 1536 a
3188 1479 3342 1536 leone
3359 1475 3460 1529 Ab-

1891 1583 2119 1647 Salomo,
2163 1591 2219 1637 et
2265 1581 2318 1634 in
2367 1581 2614 1635 oratione
2662 1577 2950 1632 exauditus
2995 1585 3114 1638 est,
3166 1571 3458 1642 subjungit,

1893 1686 2055 1743 atque
2082 1673 2148 1728 ad
2183 1673 2545 1727 defensionem
2571 1669 2837 1725 convertit
2862 1682 2919 1720 se
2947 1685 2958 1720 :
2988 1665 3041 1720 4.
3073 1663 3289 1720 Domine
3319 1661 3458 1715 Deus

1893 1783 2060 1831 meus,
2087 1767 2132 1818 si
2158 1765 2256 1833 feci
2291 1765 2450 1817 istud.
2502 1761 2634 1816 Nam
2676 1759 2801 1830 quia
2847 1755 3130 1818 Absalom,
3173 1763 3234 1806 ut
3279 1751 3361 1806 leo
3405 1751 3456 1803 in

1853 1919 1855 1921 ,
1886 1861 2034 1928 sylva
2086 1869 2292 1926 patrem
2324 1855 2784 1926 persequebatur;
2826 1861 2886 1904 ut
2928 1850 3011 1903 leo
3042 1864 3070 1901 a
3102 1861 3252 1900 cerua
3283 1856 3457 1897 reten-

1891 1961 1976 2004 tus
2005 1950 2295 2019 pendebat,
2351 1957 2406 2001 et
2456 1946 2672 2000 arboris
2724 1955 2881 1999 coma
2931 1940 3145 1994 leonem
3187 1950 3254 1989 es
3303 1947 3456 1989 coma

1893 2038 2133 2103 tenebat,
2173 2052 2238 2091 ac
2277 2035 2422 2090 velut
2457 2034 2642 2090 haedus
2685 2033 2740 2086 in
2780 2027 3010 2086 macello
3052 2023 3320 2095 pendebat
3350 2022 3456 2086 leo,

1887 2140 2050 2197 atque
2079 2135 2430 2196 Opsonatores
2464 2126 2581 2180 sine
2629 2121 2806 2193 pretio
2828 2121 2974 2175 corvi
3005 2127 3060 2172 et
3085 2115 3276 2184 aquilae
3303 2113 3461 2167 adve-

1886 2218 2097 2271 niebant
2126 2234 2140 2281 ;
2171 2218 2494 2286 dignumque
2540 2213 2874 2283 epitaphium
2922 2211 2971 2263 ei
3006 2206 3234 2261 succinit
3287 2202 3458 2256 frater

1889 2307 2004 2375 ejus
2048 2306 2328 2370 Salomon,
2361 2320 2457 2373 per
2499 2306 2614 2358 ha'c
2658 2304 2862 2356 verba:
2901 2298 3123 2352 Oculum
3155 2295 3242 2364 qui
3269 2292 3454 2346 irridet

1884 2395 2108 2464 patrem,
2151 2394 2406 2463 effodiant
2440 2408 2558 2448 eum
2588 2391 2729 2445 corvi
2755 2390 2818 2442 de
2840 2385 3184 2446 convallibus,
3211 2391 3257 2435 et
3285 2393 3456 2432 conte-

1884 2487 2014 2542 dunt
2042 2502 2160 2540 eum
2188 2484 2320 2551 pulli
2350 2483 2652 2552 aquilarum
2674 2479 2740 2532 ".
2763 2478 2900 2544 Quia
2932 2490 3061 2546 ergo
3087 2472 3213 2541 pulli
3251 2467 3456 2539 pullum

1886 2579 2108 2633 Davidis
2139 2592 2330 2632 vorare
2361 2575 2714 2638 festinabant,
2751 2568 3087 2641 praeveniens
3115 2572 3292 2618 autem
3321 2558 3457 2614 Joab

1885 2675 1990 2728 dux
2019 2672 2297 2727 exercitus
2338 2669 2487 2723 velut
2531 2679 2731 2734 auceps
2783 2661 3068 2726 arundine,
3116 2659 3273 2712 basta
3299 2654 3458 2724 juVe-

1887 2777 2010 2817 nem
2035 2771 2264 2816 venatus
2294 2770 2397 2826 est,
2429 2769 2827 2827 percussusque
2857 2753 2910 2806 in
2949 2765 3076 2807 aere
3109 2747 3226 2804 alas
3257 2759 3461 2800 conon-

1887 2855 2078 2918 tiebat,
2129 2867 2229 2908 nec
2277 2860 2504 2906 mortem
2552 2849 2730 2902 vitare
2773 2851 3018 2915 poterat,
3064 2852 3120 2895 et
3159 2835 3458 2910 palpitabat

1884 2960 2177 3014 aeremque
2211 2941 2550 3005 calcitrabat,
2582 2939 2722 3009 quod
2749 2947 2957 3007 patrem
2985 2932 3359 2988 calcitrasset:
3397 2933 3458 2979 ut

201 3049 298 3086 τον
355 3034 549 3101 φυγεῖν
601 3034 702 3086 οὐκ
747 3032 980 3102 ὴδύνατο
1002 3073 1018 3097 ,
1080 3035 1174 3088 καὶ
1220 3034 1468 3106 σπαίρων
1504 3035 1596 3088 τὸν
1642 3035 1782 3106 ἀέρα

1889 3052 2012 3108 ergo
2055 3036 2206 3090 multi
2247 3044 2475 3089 mortem
2522 3030 2800 3087 Absalomi
2842 3025 3034 3080 Davidi
3079 3021 3453 3124 assignabant,

203 3124 524 3188 ἐλάκτιζεν,
573 3123 760 3195 ἐπειδὴ
803 3125 896 3178 τὸν
946 3125 1160 3196 πατέρα
1193 3126 1511 3180 ἐλάκτισεν·
1563 3126 1640 3190 ὡς
1689 3122 1782 3183 οὖν

202 3215 390 3268 πολλοὶ
410 3213 499 3268 τὸν
525 3213 750 3267 θάνατον
781 3213 876 3268 τοῦ
911 3215 1234 3285 ’Δϐεσαλὼμ
1266 3215 1345 3285 τῷ
1367 3215 1532 3269 Δαϐὶδ
1554 3216 1786 3288 ἐπιγρά-

201 3321 436 3375 φοντες,
477 3305 573 3360 καὶ
607 3304 919 3376 αἰτιώμενοι
950 3306 1166 3375 ελεγονο
1195 3307 1306 3360 Ποῦ
1344 3310 1378 3377 ὴ
1411 3307 1656 3378 πραότης
1687 3306 1781 3360 τοῦ

198 3397 410 3461 Δαϐἰδ;
470 3396 574 3449 ποῦ
626 3398 661 3467 ἡ
710 3400 992 3468 προφήτου
1055 3399 1342 3463 εύλάϐεια;
1394 3399 1525 3452 ἰδίου
1588 3399 1781 3452 τέκνου

201 3486 435 3556 νεότητα
473 3485 780 3558 σκιρτῶσαν
819 3487 920 3539 ούκ
953 3487 1207 3557 ἡνεγκεν,
1259 3486 1398 3540 ἀλλὰ
1458 3470 1783 3557 φονευθῆναι

200 3576 370 3633 αὑτὸν
405 3576 646 3648 ἀνηλεῶς
701 3577 988 3632 ἐκέλευσεν
1008 3594 1022 3609 ⁸
1057 3577 1248 3648 ἐπειδὴ
1277 3578 1340 3632 τὸ
1375 3577 1570 3645 ψεῦδος
1615 3579 1709 3631 καὶ
1746 3579 1780 3649 ἡ

205 3667 542 3736 συκοφαντία
571 3667 934 3734 ἐπλατύνετο,
974 3668 1232 3741 μάρτυρα
1259 3672 1360 3740 τῆς
1405 3670 1716 3739 ἀθωότητος
1753 3670 1783 3721 6

201 3760 372 3815 Δαϐὶδ
393 3761 486 3815 τὸν
509 3761 641 3814 Θεὸν
670 3762 948 3817 ἐκάλεσεν.

272 3852 515 3917 Πάντες,
556 3853 823 3920 Δέσποτα,
857 3853 1127 3922 λέγουσιν,
1161 3855 1245 3907 ὃτι
1283 3854 1396 3922 ἐγὼ
1422 3855 1514 3910 τὸν
1560 3853 1784 3908 ’Δϐεσα-

199 3943 326 4013 λὼμ
361 3943 650 4011 ἐφόνευσα.
711 3945 891 4014 Κύριε
937 3948 971 4000 ὁ
1021 3947 1167 4012 Θεός
1215 3963 1374 4014 μου,
1415 3948 1468 3999 si
1517 3947 1781 4013 ἐποίησα

201 4033 409 4088 τοῦτο’
451 4036 500 4087 εἰ
523 4034 624 4104 τὴν
647 4033 826 4099 δεξιὰν
857 4037 924 4106 τῇ
960 4038 1143 4106 σφαγῇ
1173 4035 1270 4090 τοῦ
1294 4036 1485 4100 παιδὸς
1508 4037 1777 4107 ἐμόλυνα-

199 4124 443 4180 ειὲστιν
456 4124 658 4180 ἀδικία
672 4125 742 4180 ὲν
759 4127 974 4195 χερσιν
996 4143 1137 4195 μου.
1153 4127 1304 4181 Εἰκέν
1327 4127 1650 4198 γράμμασιν
1683 4129 1780 4181 αύ-

200 4211 293 4264 τὺν
321 4211 397 4276 ὡς
433 4212 523 4266 τὸν
548 4213 751 4283 Οὐρίαν
771 4215 1067 4284 ἐφόνευσα·
1104 4216 1153 4267 εἰ
1185 4215 1472 4278 δακτύλοις
1497 4217 1649 4286 ἐμοῖς
1688 4217 1779 4270 τὸν

201 4303 327 4355 κατ’
349 4302 558 4356 ἐκείνου
593 4304 1010 4374 ἐσκιογράφησα
1041 4303 1290 4359 θάνατον.
1331 4304 1399 4359 Ἢ
1435 4307 1530 4359 καὶ
1571 4305 1774 4370 οὕτως·

1885 3107 2214 3183 accusabant
2241 3140 2387 3189 eum,
2417 3138 2482 3179 ac
2507 3121 2759 3176 dicebant
2788 3137 2802 3173 :
2840 3116 2937 3173 Ubi
2966 3113 3320 3170 mansuetudo
3351 3107 3460 3162 Da-

1881 3222 2056 3276 vidis?
2091 3222 2177 3274 ubi
2215 3219 2487 3287 propheta:
2528 3213 2734 3284 pietas?
2773 3209 2976 3279 proprii
3023 3206 3117 3261 ﬁlii
3167 3199 3456 3257 lascivien-

1887 3326 1994 3368 tem
2023 3312 2363 3381 juveututein
2397 3322 2504 3362 non
2543 3304 2684 3367 tulit,
2715 3302 2811 3358 sed
2843 3296 3080 3358 interimi
3117 3310 3240 3348 eum
3276 3289 3456 3346 inuni-

1884 3401 2234 3458 sericorditcr
2270 3399 2479 3466 jussit:
2518 3393 2956 3466 quandoquidem
3010 3384 3347 3442 mendacium
3399 3390 3456 3433 et

1885 3494 2151 3546 calumnia
2179 3490 2481 3552 crescebat,
2521 3495 2712 3542 testem
2743 3481 3066 3540 innocentia:
3095 3476 3266 3532 David
3288 3486 3454 3526 voca-

1882 3585 1961 3639 vit
1990 3584 2181 3642 Deum.

1957 3853 2198 3916 Cuncti,
2263 3850 2533 3913 Domine,
2613 3847 2800 3902 dicunt
2859 3859 2890 3897 a
2951 3857 3038 3897 me
3105 3839 3455 3895 Absalomum

1881 3948 2050 4002 luisse
2092 3945 2356 4000 occisum.
2403 3942 2626 3996 Domine
2671 3939 2813 3993 Deus
2855 3951 3025 3998 meus,
3053 3934 3100 3986 si
3131 3934 3233 4000 {eci
3268 3930 3410 3984 istud
3433 3943 3455 3984 :

1879 4039 1925 4094 si
1953 4037 2201 4092 dextram
2250 4035 2397 4090 cede
2434 4031 2527 4085 ﬁlii
2578 4027 2840 4084 maculavi
2871 4043 2884 4079 :
2911 4026 2956 4078 si
3002 4033 3076 4076 est
3117 4021 3368 4089 iniquitas
3401 4018 3457 4072 in

1880 4131 2121 4184 manibus
2138 4127 2289 4181 meis.
2323 4124 2380 4180 Si
2413 4140 2507 4192 per
2537 4123 2743 4177 litteras
2768 4135 2915 4182 eum,
2949 4117 3093 4171 velut
3134 4114 3344 4178 Uriam,
3372 4113 3454 4167 in-

1881 4220 2102 4287 terieci;
2134 4219 2180 4273 si
2218 4217 2404 4286 digitis
2437 4215 2574 4270 meis
2601 4221 2831 4269 mortem
2871 4209 3132 4263 adversus
3160 4206 3333 4272 ipsum
3363 4201 3456 4257 de-

1881 4313 2108 4369 Iineavi.
2147 4313 2255 4366 Aut
2295 4311 2458 4366 etiam
2482 4308 2604 4377 sic:
2641 4303 2894 4375 quoniam
2934 4308 3088 4370 pater
3116 4313 3148 4351 a
3178 4296 3290 4350 lilio
3319 4292 3455 4361 eripi

202 4393 396 4464 ἐπειδὴ
439 4394 699 4465 ῥυσθῆναι
739 4397 767 4448 6
792 4395 975 4467 πατὴρ
996 4397 1106 4450 ἀπὸ
1144 4396 1240 4450 τοῦ
1273 4397 1390 4451 υἱοῦ
1416 4398 1776 4469 προσηύχετο,

1889 4404 2226 4474 precabatur,
2262 4409 2313 4455 et
2357 4397 2590 4468 agricola
2639 4394 2875 4464 plantam
2926 4388 3073 4443 velut
3113 4386 3324 4456 spinam
3371 4382 3456 4436 fu-

201 4487 297 4540 xa‘.
335 4487 364 4537 6
398 4485 642 4557 γεωργὸς
681 4485 741 4540 τὸ
784 4487 950 4556 φυτὸν
981 4487 1056 4551 ὡς
1095 4487 1336 4544 ἄκανθαν
1369 4487 1591 4559 ἔφυγεν,
1624 4491 1718 4543 καὶ
1749 4492 1778 4544 6

202 4581 407 4649 ποιμὴν
447 4580 538 4632 τὸν
568 4581 706 4651 ἄρνα
743 4581 820 4644 ὡς
865 4578 1057 4635 λέοντα
1106 4579 1526 4650 ἀπεδίδρασκεν,
1559 4579 1780 4633 ἀναϐλέ-

201 4671 308 4741 ψας
337 4673 418 4735 εις
451 4673 544 4726 τὸν
575 4672 801 4744 οὐρανὸν
833 4671 1050 4740 ελεγενο
1090 4672 1149 4724 '0
1181 4670 1296 4734 υἱὸς
1323 4672 1425 4740 ἐμὲ
1449 4673 1542 4726 τὸν
1564 4672 1777 4743 πατέρα

203 4760 447 4832 πολεμεῖ.
477 4764 654 4832 Κύριε
689 4765 722 4817 ό
766 4764 907 4829 aedi;
934 4780 1088 4832 μου,
1123 4763 1176 4816 ει
1202 4761 1460 4829 ἐποίησα
1485 4763 1679 4818 τοῦτο.
1713 4765 1776 4817 Εἰ

201 4851 292 4906 τὸν
314 4853 540 4906 τεκόντα
571 4853 818 4925 ἐλύπησα
835 4871 848 4884 ·
880 4856 929 4908 εἰ
961 4853 1039 4924 μὴ
1055 4853 1130 4916 ὠς
1155 4851 1338 4915 δοῦλος
1361 4853 1598 4925 δεσπότῃ
1620 4854 1774 4907 ἐδού-

201 4946 397 4998 λευσα*
434 4946 484 4998 si
529 4945 620 4998 τὸν
655 4947 865 5000 ἐκείνου
893 4946 1125 5001 θάνατον
1149 4944 1290 5014 ἐμὴν
1322 4944 1635 5017 ἐλευθερίαν
1667 4946 1777 4999 ἐνό-

205 5053 355 5108 μισα.
392 5037 568 5104 Κύριε
626 5040 659 5091 ό
707 5038 852 5104 Θεός
891 5055 1030 5107 μου,
1079 5039 1133 5091 εὶ
1180 5039 1438 5104 ἐποίησα
1483 5037 1675 5091 τοῦτο.
1708 5039 1775 5089 Ὀ

203 5126 458 5197 ὑπομένω
485 5127 780 5200 εἰέπραξα.
807 5133 875 5184 El
900 5129 1074 5185 ἐστιν
1094 5131 1295 5186 ἀδικία
1313 5132 1383 5184 ἐν
1403 5131 1612 5198 χερσίν
1635 5147 1776 5198 μου.

203 5219 265 5271 Εἰ
294 5219 551 5274 ἐπέσεισα
581 5221 682 5283 τάς
726 5223 932 5292 χεῖρας,
961 5221 1060 5292 τὴν
1098 5223 1400 5291 σύντροφον
1429 5223 1619 5276 πενίαν
1647 5224 1782 5276 ὀνει-

204 5309 363 5372 δίζων
393 5309 472 5380 τῷ
499 5312 689 5384 πατρί·
723 5315 771 5366 εἰ
817 5314 896 5384 μὴ
923 5314 1022 5377 τὰς
1052 5315 1160 5368 ἀπὸ
1183 5316 1292 5369 τῶν
1317 5315 1578 5386 καμάτων
1605 5333 1776 5388 προσ-

203 5399 352 5464 ὁδους
395 5403 732 5476 προσέφερον
756 5421 770 5434 °
825 5408 873 5458 si
913 5406 986 5478 μὴ
1026 5407 1102 5470 ὡς
1163 5407 1423 5478 δευτέραν
1457 5407 1774 5477 προσφορὰν

203 5492 279 5562 τῷ
304 5495 473 5568 πατρὶ
505 5495 606 5568 τὴν
644 5498 904 5570 εἰσφορὰν
930 5499 1141 5572 ἔφερον.
1183 5502 1253 5554 Et
1278 5499 1450 5552 ἐστιν
1471 5499 1671 5553 ἀδικία
1706 5500 1776 5554 ἐν

270 5698 318 5730 ⁸⁸
353 5697 371 5753 l
415 5701 546 5772 Reg.
577 5720 711 5774 XVII,
745 5705 838 5776 34,
870 5706 958 5763 35.
1033 5709 1080 5741 "
1107 5707 1264 5767 Prov.
1296 5729 1424 5783 xxx,
1452 5714 1540 5770 Π.

1884 4496 2092 4567 giebat,
2137 4503 2437 4563 pastorque
2465 4503 2664 4558 agnum
2698 4494 2954 4552 tanquam
2994 4481 3202 4536 leonem
3229 4477 3458 4539 vitabat,

1881 4585 2184 4656 suspiciens
2214 4585 2268 4639 in
2291 4582 2493 4637 caelum
2526 4580 2664 4634 dixit
2690 4595 2706 4632 :
2729 4576 2899 4631 Filius
2925 4588 3012 4629 me
3042 4581 3251 4642 patrem
3279 4567 3455 4623 hosti-

1879 4679 2001 4734 liter
2037 4677 2192 4749 petit.
2231 4677 2450 4731 Domine
2480 4673 2621 4728 Deus
2647 4687 2814 4735 meus,
2850 4669 2898 4722 si
2929 4668 3030 4736 feci
3068 4663 3229 4719 istud.
3266 4661 3323 4716 Si
3359 4674 3454 4732 ge-

1881 4773 2110 4828 nitorem
2173 4769 2418 4826 molestia
2459 4765 2649 4832 aiieci;
2703 4765 2749 4819 si
2795 4773 3055 4832 tanquam
3103 4772 3296 4814 servus
3354 4755 3452 4808 do-

1882 4864 2029 4936 mino
2082 4878 2188 4917 non
2243 4861 2486 4923 servivi;
2543 4860 2586 4914 si
2649 4867 2878 4912 mortem
2946 4852 3088 4907 illius
3143 4848 3454 4936 libertatem

1882 4934 2058 5010 meam
2102 4955 2404 5010 arbitratus
2451 4968 2594 5005 sum.
2637 4945 3039 5003 Domine'Deus
3066 4957 3234 5008 meus,
3274 4939 3320 4992 si
3351 4934 3454 5007 feci

1884 5031 2235 5113 istudeuod
2276 5045 2452 5116 patior
2489 5043 2531 5098 si
2563 5042 2669 5112 egi.
2701 5041 2764 5094 Si
2798 5050 2871 5092 est
2901 5037 3150 5107 iniquitas
3197 5036 3252 5086 in
3289 5030 3456 5084 mani-

1883 5139 1978 5193 bus
2031 5140 2198 5191 meis.‘
2242 5135 2300 5190 Si
2349 5133 2596 5190 concussi
2639 5147 2853 5194 manus,
2909 5143 2968 5184 ut
3010 5122 3455 5183 contubernalem

1881 5235 2254 5297 paupertatem
2304 5223 2688 5293 exprobrarem
2737 5219 2917 5291 patri;
2975 5219 3020 5272 sl
3066 5231 3130 5270 es
3177 5211 3454 5268 laboribus

1883 5328 2174 5390 proventus
2219 5332 2325 5370 nou
2361 5315 2525 5370 detuli
2552 5331 2567 5380 ;
2598 5315 2642 5368 si
2675 5328 2779 5368 non
2810 5310 2950 5365 velut
2978 5308 3271 5365 secundam
3303 5304 3454 5360 obla-

1885 5415 2086 5466 tionem
2139 5410 2281 5481 patri
2325 5407 2479 5463 attuli
2532 5408 2867 5478 pensionem.
2905 5401 2965 5458 Si
3007 5412 3080 5455 est
3118 5400 3364 5468 iniquitas
3399 5401 3453 5449 iu

1883 5505 2121 5559 manibus
2163 5504 2310 5558 meis.
2358 5501 2412 5557 Si
2454 5515 2647 5557 manus
2674 5500 2739 5556 ad
2770 5496 3027 5553 ultionem
3057 5501 3110 5548 et
3139 5491 3322 5562 plagas
3354 5489 3448 5544 ad—
