  <div class='ocr_page' id='page_1' title='image "/cluster/home/n/w/nwhite01/storage/ocr_20150623/40/hvd.32044073501850/246.png"; bbox 0 0 3896 6268; ppageno 0'>
   <div class='ocr_carea' id='block_1_1' title="bbox 215 339 324 406">
    <p class='ocr_par' dir='ltr' id='par_1_1' title="bbox 215 339 324 406">
     <span class='ocr_line' id='line_1_1' title="bbox 215 339 324 406; baseline 0.009 -1"><span class='ocrx_word' id='word_1_1' title='bbox 215 339 324 406; x_wconf 69' lang='grc'><strong>417</strong></span> 
     </span>
    </p>
   </div>
   <div class='ocr_carea' id='block_1_2' title="bbox 1429 345 2363 404">
    <p class='ocr_par' dir='ltr' id='par_1_2' title="bbox 1429 345 2363 404">
     <span class='ocr_line' id='line_1_2' title="bbox 1429 345 2363 404; baseline 0.001 -2"><span class='ocrx_word' id='word_1_2' title='bbox 1429 367 1440 379; x_wconf 59' lang='grc' dir='ltr'><strong>ε</strong></span> <span class='ocrx_word' id='word_1_3' title='bbox 1465 345 1816 402; x_wconf 75' lang='grc' dir='ltr'><strong>ΔΡΡΕΝΜΧ</strong></span> <span class='ocrx_word' id='word_1_4' title='bbox 1857 345 1948 400; x_wconf 78' lang='lat' dir='ltr'><strong>AD</strong></span> <span class='ocrx_word' id='word_1_5' title='bbox 1988 346 2363 404; x_wconf 78' lang='lat' dir='ltr'><strong>ASTERIUM‘.</strong></span> 
     </span>
    </p>
   </div>
   <div class='ocr_carea' id='block_1_3' title="bbox 3353 341 3458 398">
    <p class='ocr_par' dir='ltr' id='par_1_3' title="bbox 3353 341 3458 398">
     <span class='ocr_line' id='line_1_3' title="bbox 3353 341 3458 398; baseline 0.019 -3"><span class='ocrx_word' id='word_1_6' title='bbox 3353 341 3458 398; x_wconf 72' lang='grc'><strong>478</strong></span> 
     </span>
    </p>
   </div>
   <div class='ocr_carea' id='block_1_4' title="bbox 216 457 1831 535">
    <p class='ocr_par' dir='ltr' id='par_1_4' title="bbox 216 459 1831 535">
     <span class='ocr_line' id='line_1_4' title="bbox 216 459 1831 535; baseline 0.006 -25"><span class='ocrx_word' id='word_1_7' title='bbox 216 463 649 535; x_wconf 70' lang='grc' dir='ltr'>μαρτιφοῦμενι</span> <span class='ocrx_word' id='word_1_8' title='bbox 696 461 910 524; x_wconf 82' lang='grc' dir='ltr'><strong>Εὐθέως</strong></span> <span class='ocrx_word' id='word_1_9' title='bbox 957 463 991 531; x_wconf 74' lang='grc' dir='ltr'><strong>ἡ</strong></span> <span class='ocrx_word' id='word_1_10' title='bbox 1041 459 1344 514; x_wconf 74' lang='grc' dir='ltr'><strong>Σουσάννα⁹</strong></span> <span class='ocrx_word' id='word_1_11' title='bbox 1379 461 1556 529; x_wconf 81' lang='grc' dir='ltr'>Κύριε</span> <span class='ocrx_word' id='word_1_12' title='bbox 1588 465 1620 516; x_wconf 84' lang='grc' dir='ltr'><strong><em>ό</em></strong></span> <span class='ocrx_word' id='word_1_13' title='bbox 1654 462 1831 526; x_wconf 85' lang='grc' dir='ltr'><strong>Θεός.</strong></span> 
     </span>
    </p>
   </div>
   <div class='ocr_carea' id='block_1_5' title="bbox 1933 457 3459 535">
    <p class='ocr_par' dir='ltr' id='par_1_5' title="bbox 1933 457 3459 528">
     <span class='ocr_line' id='line_1_5' title="bbox 1933 457 3459 528; baseline -0.008 -9"><span class='ocrx_word' id='word_1_14' title='bbox 1933 478 2082 519; x_wconf 87' lang='lat' dir='ltr'><strong>ermo</strong></span> <span class='ocrx_word' id='word_1_15' title='bbox 2117 466 2348 521; x_wconf 90' lang='lat' dir='ltr'><strong>veritate</strong></span> <span class='ocrx_word' id='word_1_16' title='bbox 2380 463 2605 528; x_wconf 94' lang='lat' dir='ltr'><strong>nitatur,</strong></span> <span class='ocrx_word' id='word_1_17' title='bbox 2642 463 2802 518; x_wconf 86' lang='lat' dir='ltr'><strong>audi:</strong></span> <span class='ocrx_word' id='word_1_18' title='bbox 2845 459 3203 525; x_wconf 71' lang='lat' dir='ltr'><strong>Exclamavit,</strong></span> <span class='ocrx_word' id='word_1_19' title='bbox 3248 457 3459 528; x_wconf 69' lang='lat' dir='ltr'><strong>inquit.</strong></span> 
     </span>
    </p>
   </div>
   <div class='ocr_carea' id='block_1_6' title="bbox 215 545 1795 618">
    <p class='ocr_par' dir='ltr' id='par_1_6' title="bbox 215 545 1795 618">
     <span class='ocr_line' id='line_1_6' title="bbox 215 545 1795 618; baseline -0.003 -17"><span class='ocrx_word' id='word_1_20' title='bbox 215 549 412 618; x_wconf 78' lang='grc' dir='ltr'>μου.εί</span> <span class='ocrx_word' id='word_1_21' title='bbox 437 546 697 613; x_wconf 77' lang='grc' dir='ltr'>ἐποίησα</span> <span class='ocrx_word' id='word_1_22' title='bbox 720 545 917 599; x_wconf 83' lang='grc' dir='ltr'>τοῦτο.</span> <span class='ocrx_word' id='word_1_23' title='bbox 933 546 995 598; x_wconf 78' lang='lat' dir='ltr'><strong><em>Ei</em></strong></span> <span class='ocrx_word' id='word_1_24' title='bbox 1019 545 1270 617; x_wconf 81' lang='grc' dir='ltr'><strong>ἀληθεύει</strong></span> <span class='ocrx_word' id='word_1_25' title='bbox 1288 547 1466 608; x_wconf 84' lang='grc' dir='ltr'>πολιὰ,</span> <span class='ocrx_word' id='word_1_26' title='bbox 1493 547 1588 600; x_wconf 73' lang='grc' dir='ltr'>καὶ</span> <span class='ocrx_word' id='word_1_27' title='bbox 1607 548 1795 616; x_wconf 79' lang='grc' dir='ltr'><strong>νεότης</strong></span> 
     </span>
    </p>
   </div>
   <div class='ocr_carea' id='block_1_7' title="bbox 219 635 1798 708">
    <p class='ocr_par' dir='ltr' id='par_1_7' title="bbox 219 635 1798 708">
     <span class='ocr_line' id='line_1_7' title="bbox 219 635 1798 708; baseline -0.004 -14"><span class='ocrx_word' id='word_1_28' title='bbox 219 637 539 708; x_wconf 82' lang='grc' dir='ltr'><strong>σφάλλεται.</strong></span> <span class='ocrx_word' id='word_1_29' title='bbox 572 637 681 690; x_wconf 78' lang='grc' dir='ltr'><strong>Καὶ</strong></span> <span class='ocrx_word' id='word_1_30' title='bbox 712 637 793 690; x_wconf 81' lang='grc' dir='ltr'>ὅτι</span> <span class='ocrx_word' id='word_1_31' title='bbox 826 635 1029 707; x_wconf 85' lang='grc' dir='ltr'>ἀληθὴς</span> <span class='ocrx_word' id='word_1_32' title='bbox 1074 637 1104 688; x_wconf 93' lang='lat'><strong>6</strong></span> <span class='ocrx_word' id='word_1_33' title='bbox 1148 635 1325 704; x_wconf 81' lang='grc' dir='ltr'><strong>λόγος,</strong></span> <span class='ocrx_word' id='word_1_34' title='bbox 1359 635 1588 690; x_wconf 75' lang='grc' dir='ltr'>ἄκουσον</span> <span class='ocrx_word' id='word_1_35' title='bbox 1611 654 1622 666; x_wconf 90' lang='grc'>·</span> <span class='ocrx_word' id='word_1_36' title='bbox 1664 637 1798 690; x_wconf 75' lang='grc' dir='ltr'><strong>Ἀνο</strong></span> 
     </span>
    </p>
   </div>
   <div class='ocr_carea' id='block_1_8' title="bbox 1894 550 3461 626">
    <p class='ocr_par' dir='ltr' id='par_1_8' title="bbox 1894 550 3461 626">
     <span class='ocr_line' id='line_1_8' title="bbox 1894 550 3461 626; baseline -0.006 -15"><span class='ocrx_word' id='word_1_37' title='bbox 1894 555 2184 623; x_wconf 77' lang='lat' dir='ltr'><strong>Susanna,</strong></span> <span class='ocrx_word' id='word_1_38' title='bbox 2233 566 2281 610; x_wconf 87' lang='lat' dir='ltr'><strong>et</strong></span> <span class='ocrx_word' id='word_1_39' title='bbox 2328 555 2665 626; x_wconf 68' lang='lat' dir='ltr'><strong>ingemiscens</strong></span> <span class='ocrx_word' id='word_1_40' title='bbox 2718 553 2852 606; x_wconf 74' lang='lat' dir='ltr'><strong><em>dixit</em></strong></span> <span class='ocrx_word' id='word_1_41' title='bbox 2899 551 2988 603; x_wconf 76' lang='lat' dir='ltr'><strong>&quot;z</strong></span> <span class='ocrx_word' id='word_1_42' title='bbox 3042 550 3182 603; x_wconf 83' lang='lat' dir='ltr'><strong>Deus</strong></span> <span class='ocrx_word' id='word_1_43' title='bbox 3229 557 3461 610; x_wconf 73' lang='lat' dir='ltr'><strong>a&#39;terne,</strong></span> 
     </span>
    </p>
   </div>
   <div class='ocr_carea' id='block_1_9' title="bbox 1892 638 3466 716">
    <p class='ocr_par' dir='ltr' id='par_1_9' title="bbox 1892 638 3466 716">
     <span class='ocr_line' id='line_1_9' title="bbox 1892 638 3466 716; baseline -0.007 -16"><span class='ocrx_word' id='word_1_44' title='bbox 1892 648 1981 716; x_wconf 86' lang='lat' dir='ltr'><strong>qui</strong></span> <span class='ocrx_word' id='word_1_45' title='bbox 2025 646 2449 700; x_wconf 82' lang='lat' dir='ltr'><strong>obsconditorum</strong></span> <span class='ocrx_word' id='word_1_46' title='bbox 2476 663 2528 700; x_wconf 83' lang='lat' dir='ltr'><strong>es</strong></span> <span class='ocrx_word' id='word_1_47' title='bbox 2555 645 2809 715; x_wconf 76' lang='lat' dir='ltr'><strong>cognitor,</strong></span> <span class='ocrx_word' id='word_1_48' title='bbox 2849 642 2941 713; x_wconf 76' lang='lat' dir='ltr'><strong>qui</strong></span> <span class='ocrx_word' id='word_1_49' title='bbox 2981 641 3118 694; x_wconf 81' lang='lat' dir='ltr'><strong><em>nosti</em></strong></span> <span class='ocrx_word' id='word_1_50' title='bbox 3160 638 3335 692; x_wconf 78' lang='lat' dir='ltr'><strong>omnia</strong></span> <span class='ocrx_word' id='word_1_51' title='bbox 3368 653 3466 690; x_wconf 81' lang='lat' dir='ltr'><strong>an-</strong></span> 
     </span>
    </p>
   </div>
   <div class='ocr_carea' id='block_1_10' title="bbox 218 725 1831 812">
    <p class='ocr_par' dir='ltr' id='par_1_10' title="bbox 218 725 1800 798">
     <span class='ocr_line' id='line_1_10' title="bbox 218 725 1800 798; baseline -0.003 -14"><span class='ocrx_word' id='word_1_52' title='bbox 218 731 498 796; x_wconf 72' lang='grc' dir='ltr'><strong>εΰόησεν,</strong></span> <span class='ocrx_word' id='word_1_53' title='bbox 525 727 712 798; x_wconf 74' lang='grc' dir='ltr'>φησὶν,</span> <span class='ocrx_word' id='word_1_54' title='bbox 741 728 777 795; x_wconf 81' lang='grc' dir='ltr'>ἡ</span> <span class='ocrx_word' id='word_1_55' title='bbox 818 725 1158 793; x_wconf 72' lang='grc' dir='ltr'><em>Σουσάννα,</em></span> <span class='ocrx_word' id='word_1_56' title='bbox 1199 728 1298 783; x_wconf 80' lang='grc' dir='ltr'>καὶ</span> <span class='ocrx_word' id='word_1_57' title='bbox 1331 727 1800 790; x_wconf 77' lang='grc' dir='ltr'>ἀναστενάξασα</span> 
     </span>
    </p>
   </div>
   <div class='ocr_carea' id='block_1_11' title="bbox 1933 725 3465 812">
    <p class='ocr_par' dir='ltr' id='par_1_11' title="bbox 1933 730 3465 812">
     <span class='ocr_line' id='line_1_11' title="bbox 1933 730 3465 812; baseline -0.008 -19"><span class='ocrx_word' id='word_1_58' title='bbox 1933 757 2104 812; x_wconf 72' lang='grc' dir='ltr'>ιᾳιισηι</span> <span class='ocrx_word' id='word_1_59' title='bbox 2145 741 2312 808; x_wconf 77' lang='lat' dir='ltr'><strong>ﬁant,</strong></span> <span class='ocrx_word' id='word_1_60' title='bbox 2357 751 2413 794; x_wconf 84' lang='lat' dir='ltr'><strong>tu</strong></span> <span class='ocrx_word' id='word_1_61' title='bbox 2458 741 2561 794; x_wconf 86' lang='lat' dir='ltr'><strong><em>scis</em></strong></span> <span class='ocrx_word' id='word_1_62' title='bbox 2601 739 2844 810; x_wconf 83' lang='lat' dir='ltr'><strong>quoniam</strong></span> <span class='ocrx_word' id='word_1_63' title='bbox 2886 736 3083 804; x_wconf 74' lang='lat' dir='ltr'><strong>falsum</strong></span> <span class='ocrx_word' id='word_1_64' title='bbox 3114 730 3465 786; x_wconf 77' lang='lat' dir='ltr'><strong>testimonium</strong></span> 
     </span>
    </p>
   </div>
   <div class='ocr_carea' id='block_1_12' title="bbox 221 815 1796 887">
    <p class='ocr_par' dir='ltr' id='par_1_12' title="bbox 221 815 1796 887">
     <span class='ocr_line' id='line_1_12' title="bbox 221 815 1796 887; baseline -0.003 -13"><span class='ocrx_word' id='word_1_65' title='bbox 221 816 394 875; x_wconf 74' lang='grc' dir='ltr'>εἶπεν</span> <span class='ocrx_word' id='word_1_66' title='bbox 410 837 424 849; x_wconf 85' lang='grc'><em>’</em></span> <span class='ocrx_word' id='word_1_67' title='bbox 450 819 514 872; x_wconf 84' lang='lat'><strong>&#39;0</strong></span> <span class='ocrx_word' id='word_1_68' title='bbox 532 817 674 884; x_wconf 85' lang='grc' dir='ltr'><strong>Θεὸς</strong></span> <span class='ocrx_word' id='word_1_69' title='bbox 695 821 728 872; x_wconf 87' lang='grc' dir='ltr'><em>ὁ</em></span> <span class='ocrx_word' id='word_1_70' title='bbox 740 815 993 884; x_wconf 73' lang='grc' dir='ltr'>αἰώνιος,</span> <span class='ocrx_word' id='word_1_71' title='bbox 1013 820 1045 871; x_wconf 84' lang='grc' dir='ltr'><em>ὁ</em></span> <span class='ocrx_word' id='word_1_72' title='bbox 1066 835 1185 870; x_wconf 80' lang='grc' dir='ltr'><strong>των</strong></span> <span class='ocrx_word' id='word_1_73' title='bbox 1206 817 1486 886; x_wconf 75' lang='grc' dir='ltr'>κρυπτῶν</span> <span class='ocrx_word' id='word_1_74' title='bbox 1505 816 1796 887; x_wconf 79' lang='grc' dir='ltr'>γνώστης,</span> 
     </span>
    </p>
   </div>
   <div class='ocr_carea' id='block_1_13' title="bbox 222 909 1797 979">
    <p class='ocr_par' dir='ltr' id='par_1_13' title="bbox 222 909 1797 979">
     <span class='ocr_line' id='line_1_13' title="bbox 222 909 1797 979; baseline -0.004 -13"><span class='ocrx_word' id='word_1_75' title='bbox 222 915 260 966; x_wconf 81' lang='grc' dir='ltr'><em>ὁ</em></span> <span class='ocrx_word' id='word_1_76' title='bbox 287 911 461 978; x_wconf 74' lang='grc' dir='ltr'>εἰδὼς</span> <span class='ocrx_word' id='word_1_77' title='bbox 490 911 564 965; x_wconf 81' lang='grc' dir='ltr'>τὰ</span> <span class='ocrx_word' id='word_1_78' title='bbox 586 909 782 964; x_wconf 73' lang='grc' dir='ltr'>πάντα</span> <span class='ocrx_word' id='word_1_79' title='bbox 810 909 952 978; x_wconf 76' lang='grc' dir='ltr'>πρὶν</span> <span class='ocrx_word' id='word_1_80' title='bbox 1002 910 1313 979; x_wconf 72' lang='grc' dir='ltr'>γενέσεως,</span> <span class='ocrx_word' id='word_1_81' title='bbox 1343 909 1425 963; x_wconf 87' lang='grc' dir='ltr'><strong>σὺ</strong></span> <span class='ocrx_word' id='word_1_82' title='bbox 1455 909 1797 972; x_wconf 80' lang='grc' dir='ltr'>ἐπίστασαι,</span> 
     </span>
    </p>
   </div>
   <div class='ocr_carea' id='block_1_14' title="bbox 223 999 1802 1071">
    <p class='ocr_par' dir='ltr' id='par_1_14' title="bbox 223 999 1802 1071">
     <span class='ocr_line' id='line_1_14' title="bbox 223 999 1802 1071; baseline -0.003 -15"><span class='ocrx_word' id='word_1_83' title='bbox 223 1002 317 1056; x_wconf 84' lang='grc' dir='ltr'>ὅτι</span> <span class='ocrx_word' id='word_1_84' title='bbox 349 1000 551 1071; x_wconf 74' lang='grc' dir='ltr'>ψευδῆ</span> <span class='ocrx_word' id='word_1_85' title='bbox 571 1018 692 1070; x_wconf 83' lang='grc' dir='ltr'><strong>μου</strong></span> <span class='ocrx_word' id='word_1_86' title='bbox 717 999 1270 1070; x_wconf 80' lang='grc' dir='ltr'>καταμαρτυροῦσιν</span> <span class='ocrx_word' id='word_1_87' title='bbox 1293 1014 1308 1028; x_wconf 88' lang='grc'><strong>·</strong></span> <span class='ocrx_word' id='word_1_88' title='bbox 1365 1000 1463 1054; x_wconf 83' lang='grc' dir='ltr'>καὶ</span> <span class='ocrx_word' id='word_1_89' title='bbox 1493 999 1621 1052; x_wconf 70' lang='grc' dir='ltr'>ἰδοὺ</span> <span class='ocrx_word' id='word_1_90' title='bbox 1653 999 1802 1053; x_wconf 82' lang='grc' dir='ltr'>ἀπο-</span> 
     </span>
    </p>
   </div>
   <div class='ocr_carea' id='block_1_15' title="bbox 224 1093 1803 1164">
    <p class='ocr_par' dir='ltr' id='par_1_15' title="bbox 224 1093 1803 1164">
     <span class='ocr_line' id='line_1_15' title="bbox 224 1093 1803 1164; baseline -0.001 -15"><span class='ocrx_word' id='word_1_91' title='bbox 224 1094 474 1162; x_wconf 73' lang='grc' dir='ltr'><strong>θνήσκω</strong></span> <span class='ocrx_word' id='word_1_92' title='bbox 521 1095 608 1164; x_wconf 80' lang='grc' dir='ltr'><em>μὴ</em></span> <span class='ocrx_word' id='word_1_93' title='bbox 649 1093 962 1162; x_wconf 79' lang='grc' dir='ltr'><strong>ποιήσασα</strong></span> <span class='ocrx_word' id='word_1_94' title='bbox 1007 1093 1218 1162; x_wconf 81' lang='grc' dir='ltr'>μηδέν.</span> <span class='ocrx_word' id='word_1_95' title='bbox 1243 1124 1315 1134; x_wconf 92' lang='grc'><strong><em>--</em></strong></span> <span class='ocrx_word' id='word_1_96' title='bbox 1344 1096 1518 1163; x_wconf 83' lang='grc' dir='ltr'>Κύριε</span> <span class='ocrx_word' id='word_1_97' title='bbox 1567 1097 1600 1148; x_wconf 88' lang='grc' dir='ltr'><em>ό</em></span> <span class='ocrx_word' id='word_1_98' title='bbox 1660 1095 1803 1160; x_wconf 87' lang='grc' dir='ltr'>Θεός</span> 
     </span>
    </p>
   </div>
   <div class='ocr_carea' id='block_1_16' title="bbox 226 1180 1804 1257">
    <p class='ocr_par' dir='ltr' id='par_1_16' title="bbox 226 1180 1804 1257">
     <span class='ocr_line' id='line_1_16' title="bbox 226 1180 1804 1257; baseline -0.002 -15"><span class='ocrx_word' id='word_1_99' title='bbox 226 1205 367 1257; x_wconf 78' lang='grc' dir='ltr'>μου,</span> <span class='ocrx_word' id='word_1_100' title='bbox 393 1190 447 1241; x_wconf 81' lang='grc' dir='ltr'>εὶ</span> <span class='ocrx_word' id='word_1_101' title='bbox 476 1187 733 1256; x_wconf 80' lang='grc' dir='ltr'>ἐποίησα</span> <span class='ocrx_word' id='word_1_102' title='bbox 756 1188 950 1241; x_wconf 78' lang='grc' dir='ltr'>τοῦτο.</span> <span class='ocrx_word' id='word_1_103' title='bbox 978 1187 1131 1240; x_wconf 77' lang='grc' dir='ltr'>Ἐπεὶ</span> <span class='ocrx_word' id='word_1_104' title='bbox 1159 1180 1251 1240; x_wconf 81' lang='grc' dir='ltr'>οὖν</span> <span class='ocrx_word' id='word_1_105' title='bbox 1279 1188 1312 1257; x_wconf 80' lang='grc' dir='ltr'>ἡ</span> <span class='ocrx_word' id='word_1_106' title='bbox 1345 1186 1679 1256; x_wconf 80' lang='grc' dir='ltr'><strong>συκοφαντία</strong></span> <span class='ocrx_word' id='word_1_107' title='bbox 1705 1185 1804 1257; x_wconf 80' lang='grc' dir='ltr'>τὴν</span> 
     </span>
    </p>
   </div>
   <div class='ocr_carea' id='block_1_17' title="bbox 227 1277 1806 1350">
    <p class='ocr_par' dir='ltr' id='par_1_17' title="bbox 227 1277 1806 1350">
     <span class='ocr_line' id='line_1_17' title="bbox 227 1277 1806 1350; baseline -0.002 -17"><span class='ocrx_word' id='word_1_108' title='bbox 227 1277 522 1350; x_wconf 76' lang='grc' dir='ltr'>τυραννίδα</span> <span class='ocrx_word' id='word_1_109' title='bbox 569 1277 861 1342; x_wconf 80' lang='grc' dir='ltr'>ὲνδέδυται,</span> <span class='ocrx_word' id='word_1_110' title='bbox 909 1279 1002 1330; x_wconf 76' lang='grc' dir='ltr'>καὶ</span> <span class='ocrx_word' id='word_1_111' title='bbox 1057 1279 1354 1348; x_wconf 76' lang='grc' dir='ltr'>ἀναπτεροῖ</span> <span class='ocrx_word' id='word_1_112' title='bbox 1405 1278 1664 1341; x_wconf 85' lang='grc' dir='ltr'><strong>πολλάκις</strong></span> <span class='ocrx_word' id='word_1_113' title='bbox 1707 1278 1806 1342; x_wconf 77' lang='grc' dir='ltr'><strong>τὰς</strong></span> 
     </span>
    </p>
   </div>
   <div class='ocr_carea' id='block_1_18' title="bbox 229 1370 1806 1443">
    <p class='ocr_par' dir='ltr' id='par_1_18' title="bbox 229 1370 1806 1443">
     <span class='ocr_line' id='line_1_18' title="bbox 229 1370 1806 1443; baseline 0 -19"><span class='ocrx_word' id='word_1_114' title='bbox 229 1371 343 1424; x_wconf 83' lang='grc' dir='ltr'>τῶν</span> <span class='ocrx_word' id='word_1_115' title='bbox 375 1370 580 1425; x_wconf 76' lang='grc' dir='ltr'>πολλῶν</span> <span class='ocrx_word' id='word_1_116' title='bbox 609 1371 797 1434; x_wconf 74' lang='grc' dir='ltr'>ἀκοάς,</span> <span class='ocrx_word' id='word_1_117' title='bbox 829 1372 922 1424; x_wconf 76' lang='grc' dir='ltr'>ἐὰν</span> <span class='ocrx_word' id='word_1_118' title='bbox 959 1371 1392 1443; x_wconf 65' lang='grc' dir='ltr'>συκοφαπηθῇς,</span> <span class='ocrx_word' id='word_1_119' title='bbox 1425 1372 1611 1442; x_wconf 79' lang='grc' dir='ltr'>ἐπειδὴ</span> <span class='ocrx_word' id='word_1_120' title='bbox 1648 1370 1806 1442; x_wconf 83' lang='grc' dir='ltr'>μόνος</span> 
     </span>
    </p>
   </div>
   <div class='ocr_carea' id='block_1_19' title="bbox 217 1464 1803 1535">
    <p class='ocr_par' dir='ltr' id='par_1_19' title="bbox 217 1464 1803 1535">
     <span class='ocr_line' id='line_1_19' title="bbox 217 1464 1803 1535; baseline 0.001 -21"><span class='ocrx_word' id='word_1_121' title='bbox 217 1466 422 1517; x_wconf 75' lang='grc' dir='ltr'>πεῖσαι</span> <span class='ocrx_word' id='word_1_122' title='bbox 451 1464 659 1527; x_wconf 79' lang='grc' dir='ltr'>πάντας</span> <span class='ocrx_word' id='word_1_123' title='bbox 696 1464 796 1518; x_wconf 80' lang='grc' dir='ltr'>οὐκ</span> <span class='ocrx_word' id='word_1_124' title='bbox 830 1465 1056 1534; x_wconf 77' lang='grc' dir='ltr'>ίσχύεις,</span> <span class='ocrx_word' id='word_1_125' title='bbox 1084 1465 1218 1534; x_wconf 76' lang='grc' dir='ltr'>ἄφες</span> <span class='ocrx_word' id='word_1_126' title='bbox 1249 1467 1480 1528; x_wconf 81' lang='grc' dir='ltr'>πάντας,</span> <span class='ocrx_word' id='word_1_127' title='bbox 1517 1465 1611 1517; x_wconf 69' lang='grc' dir='ltr'>καὶ</span> <span class='ocrx_word' id='word_1_128' title='bbox 1631 1464 1803 1535; x_wconf 88' lang='grc' dir='ltr'>δράμε</span> 
     </span>
    </p>
   </div>
   <div class='ocr_carea' id='block_1_20' title="bbox 230 1555 1806 1627">
    <p class='ocr_par' dir='ltr' id='par_1_20' title="bbox 230 1555 1806 1627">
     <span class='ocr_line' id='line_1_20' title="bbox 230 1555 1806 1627; baseline -0.001 -18"><span class='ocrx_word' id='word_1_129' title='bbox 230 1556 375 1627; x_wconf 80' lang='grc' dir='ltr'>πρὸς</span> <span class='ocrx_word' id='word_1_130' title='bbox 398 1557 488 1609; x_wconf 83' lang='grc' dir='ltr'>τὸν</span> <span class='ocrx_word' id='word_1_131' title='bbox 522 1556 700 1626; x_wconf 83' lang='grc' dir='ltr'>μόνον.</span> <span class='ocrx_word' id='word_1_132' title='bbox 733 1557 827 1609; x_wconf 75' lang='grc' dir='ltr'>καὶ</span> <span class='ocrx_word' id='word_1_133' title='bbox 860 1556 1111 1627; x_wconf 79' lang='grc' dir='ltr'>μάρτυρα</span> <span class='ocrx_word' id='word_1_134' title='bbox 1135 1556 1297 1610; x_wconf 81' lang='grc' dir='ltr'>αὐτὸν</span> <span class='ocrx_word' id='word_1_135' title='bbox 1324 1556 1424 1625; x_wconf 82' lang='grc' dir='ltr'>τῆς</span> <span class='ocrx_word' id='word_1_136' title='bbox 1449 1557 1548 1626; x_wconf 84' lang='grc' dir='ltr'>σῆς</span> <span class='ocrx_word' id='word_1_137' title='bbox 1573 1555 1806 1626; x_wconf 85' lang='grc' dir='ltr'><strong>ἀθωότη-</strong></span> 
     </span>
    </p>
   </div>
   <div class='ocr_carea' id='block_1_21' title="bbox 1897 821 3461 900">
    <p class='ocr_par' dir='ltr' id='par_1_21' title="bbox 1897 821 3461 900">
     <span class='ocr_line' id='line_1_21' title="bbox 1897 821 3461 900; baseline -0.008 -16"><span class='ocrx_word' id='word_1_138' title='bbox 1897 831 2071 900; x_wconf 81' lang='lat' dir='ltr'><strong>ferunt</strong></span> <span class='ocrx_word' id='word_1_139' title='bbox 2098 839 2282 884; x_wconf 73' lang='lat' dir='ltr'><strong>contra</strong></span> <span class='ocrx_word' id='word_1_140' title='bbox 2317 847 2398 884; x_wconf 82' lang='lat' dir='ltr'><strong>me</strong></span> <span class='ocrx_word' id='word_1_141' title='bbox 2422 847 2442 895; x_wconf 92' lang='lat'><strong><em>;</em></strong></span> <span class='ocrx_word' id='word_1_142' title='bbox 2470 839 2516 883; x_wconf 80' lang='lat' dir='ltr'><strong>et</strong></span> <span class='ocrx_word' id='word_1_143' title='bbox 2559 846 2674 884; x_wconf 82' lang='lat' dir='ltr'><strong>ecce</strong></span> <span class='ocrx_word' id='word_1_144' title='bbox 2708 827 2930 891; x_wconf 84' lang='lat' dir='ltr'><strong>morior,</strong></span> <span class='ocrx_word' id='word_1_145' title='bbox 2987 840 3104 878; x_wconf 84' lang='lat' dir='ltr'><strong>cum</strong></span> <span class='ocrx_word' id='word_1_146' title='bbox 3159 822 3290 876; x_wconf 83' lang='lat' dir='ltr'><strong><em>nihil</em></strong></span> <span class='ocrx_word' id='word_1_147' title='bbox 3331 821 3461 890; x_wconf 79' lang='lat' dir='ltr'><strong>[ece-</strong></span> 
     </span>
    </p>
   </div>
   <div class='ocr_carea' id='block_1_22' title="bbox 1900 909 3466 986">
    <p class='ocr_par' dir='ltr' id='par_1_22' title="bbox 1900 909 3466 986">
     <span class='ocr_line' id='line_1_22' title="bbox 1900 909 3466 986; baseline -0.009 -12"><span class='ocrx_word' id='word_1_148' title='bbox 1900 923 2018 976; x_wconf 85' lang='lat' dir='ltr'><strong>rim.</strong></span> <span class='ocrx_word' id='word_1_149' title='bbox 2041 951 2107 961; x_wconf 93' lang='lat'><strong>—</strong></span> <span class='ocrx_word' id='word_1_150' title='bbox 2133 921 2350 974; x_wconf 78' lang='lat' dir='ltr'><strong><em>Domine</em></strong></span> <span class='ocrx_word' id='word_1_151' title='bbox 2381 920 2520 974; x_wconf 85' lang='lat' dir='ltr'><strong>Deus</strong></span> <span class='ocrx_word' id='word_1_152' title='bbox 2555 936 2718 983; x_wconf 82' lang='lat' dir='ltr'><strong>meus,</strong></span> <span class='ocrx_word' id='word_1_153' title='bbox 2751 919 2796 972; x_wconf 87' lang='lat' dir='ltr'><strong>si</strong></span> <span class='ocrx_word' id='word_1_154' title='bbox 2827 918 2926 986; x_wconf 85' lang='lat' dir='ltr'><strong>feci</strong></span> <span class='ocrx_word' id='word_1_155' title='bbox 2954 916 3118 968; x_wconf 83' lang='lat' dir='ltr'><strong>istud.</strong></span> <span class='ocrx_word' id='word_1_156' title='bbox 3149 913 3312 981; x_wconf 84' lang='lat' dir='ltr'><strong>Igitur</strong></span> <span class='ocrx_word' id='word_1_157' title='bbox 3341 909 3466 979; x_wconf 86' lang='lat' dir='ltr'><strong>quia</strong></span> 
     </span>
    </p>
   </div>
   <div class='ocr_carea' id='block_1_23' title="bbox 1902 1011 3465 1083">
    <p class='ocr_par' dir='ltr' id='par_1_23' title="bbox 1902 1011 3465 1083">
     <span class='ocr_line' id='line_1_23' title="bbox 1902 1011 3465 1083; baseline -0.01 -15"><span class='ocrx_word' id='word_1_158' title='bbox 1902 1013 2170 1068; x_wconf 79' lang='lat' dir='ltr'><strong>calumnia</strong></span> <span class='ocrx_word' id='word_1_159' title='bbox 2210 1013 2553 1083; x_wconf 87' lang='lat' dir='ltr'><strong>tyrannidem</strong></span> <span class='ocrx_word' id='word_1_160' title='bbox 2577 1011 2782 1074; x_wconf 88' lang='lat' dir='ltr'><strong>induit,</strong></span> <span class='ocrx_word' id='word_1_161' title='bbox 2817 1024 2882 1064; x_wconf 92' lang='lat' dir='ltr'><strong>ac</strong></span> <span class='ocrx_word' id='word_1_162' title='bbox 2933 1016 3303 1074; x_wconf 63' lang='lat' dir='ltr'><strong>smpenumero</strong></span> <span class='ocrx_word' id='word_1_163' title='bbox 3334 1015 3465 1055; x_wconf 84' lang='lat' dir='ltr'><strong>con-</strong></span> 
     </span>
    </p>
   </div>
   <div class='ocr_carea' id='block_1_24' title="bbox 1904 1090 3468 1167">
    <p class='ocr_par' dir='ltr' id='par_1_24' title="bbox 1904 1090 3468 1167">
     <span class='ocr_line' id='line_1_24' title="bbox 1904 1090 3468 1167; baseline -0.01 -9"><span class='ocrx_word' id='word_1_164' title='bbox 1904 1103 2037 1159; x_wconf 84' lang='lat' dir='ltr'><strong>citat</strong></span> <span class='ocrx_word' id='word_1_165' title='bbox 2065 1103 2354 1157; x_wconf 89' lang='lat' dir='ltr'><strong>multorum</strong></span> <span class='ocrx_word' id='word_1_166' title='bbox 2384 1115 2543 1156; x_wconf 83' lang='lat' dir='ltr'><strong>aures</strong></span> <span class='ocrx_word' id='word_1_167' title='bbox 2570 1119 2584 1167; x_wconf 90' lang='lat'><strong>;</strong></span> <span class='ocrx_word' id='word_1_168' title='bbox 2617 1101 2661 1155; x_wconf 89' lang='lat' dir='ltr'><strong><em>si</em></strong></span> <span class='ocrx_word' id='word_1_169' title='bbox 2691 1097 3011 1154; x_wconf 86' lang='lat' dir='ltr'><strong>calumniam</strong></span> <span class='ocrx_word' id='word_1_170' title='bbox 3041 1107 3238 1165; x_wconf 90' lang='lat' dir='ltr'><strong>passus</strong></span> <span class='ocrx_word' id='word_1_171' title='bbox 3268 1090 3433 1144; x_wconf 81' lang='lat' dir='ltr'><strong>fueris</strong></span> <span class='ocrx_word' id='word_1_172' title='bbox 3453 1128 3468 1153; x_wconf 91' lang='lat'><strong>,</strong></span> 
     </span>
    </p>
   </div>
   <div class='ocr_carea' id='block_1_25' title="bbox 1906 1184 3470 1262">
    <p class='ocr_par' dir='ltr' id='par_1_25' title="bbox 1906 1184 3470 1262">
     <span class='ocr_line' id='line_1_25' title="bbox 1906 1184 3470 1262; baseline -0.013 -13"><span class='ocrx_word' id='word_1_173' title='bbox 1906 1192 2338 1262; x_wconf 82' lang='lat' dir='ltr'><strong>quandoquidem</strong></span> <span class='ocrx_word' id='word_1_174' title='bbox 2380 1190 2526 1245; x_wconf 87' lang='lat' dir='ltr'><strong>solus</strong></span> <span class='ocrx_word' id='word_1_175' title='bbox 2571 1189 2826 1244; x_wconf 90' lang='lat' dir='ltr'><strong>omnibus</strong></span> <span class='ocrx_word' id='word_1_176' title='bbox 2867 1184 3195 1256; x_wconf 80' lang='lat' dir='ltr'><strong>persuadere</strong></span> <span class='ocrx_word' id='word_1_177' title='bbox 3233 1195 3337 1235; x_wconf 86' lang='lat' dir='ltr'><strong>non</strong></span> <span class='ocrx_word' id='word_1_178' title='bbox 3369 1192 3470 1230; x_wconf 87' lang='lat' dir='ltr'><strong>va-</strong></span> 
     </span>
    </p>
   </div>
   <div class='ocr_carea' id='block_1_26' title="bbox 1905 1277 3472 1353">
    <p class='ocr_par' dir='ltr' id='par_1_26' title="bbox 1905 1277 3472 1353">
     <span class='ocr_line' id='line_1_26' title="bbox 1905 1277 3472 1353; baseline -0.013 -14"><span class='ocrx_word' id='word_1_179' title='bbox 1905 1285 2012 1349; x_wconf 87' lang='lat' dir='ltr'><strong>les,</strong></span> <span class='ocrx_word' id='word_1_180' title='bbox 2047 1284 2232 1353; x_wconf 82' lang='lat' dir='ltr'><strong>linque</strong></span> <span class='ocrx_word' id='word_1_181' title='bbox 2264 1298 2482 1348; x_wconf 89' lang='lat' dir='ltr'><strong>omnes,</strong></span> <span class='ocrx_word' id='word_1_182' title='bbox 2517 1291 2570 1335; x_wconf 88' lang='lat' dir='ltr'><strong>et</strong></span> <span class='ocrx_word' id='word_1_183' title='bbox 2607 1282 2672 1334; x_wconf 92' lang='lat' dir='ltr'><strong>ad</strong></span> <span class='ocrx_word' id='word_1_184' title='bbox 2702 1280 2872 1333; x_wconf 87' lang='lat' dir='ltr'><strong>solum</strong></span> <span class='ocrx_word' id='word_1_185' title='bbox 2903 1291 3097 1339; x_wconf 81' lang='lat' dir='ltr'><strong>curre;</strong></span> <span class='ocrx_word' id='word_1_186' title='bbox 3127 1284 3362 1342; x_wconf 82' lang='lat' dir='ltr'><strong>eumque</strong></span> <span class='ocrx_word' id='word_1_187' title='bbox 3395 1277 3472 1319; x_wconf 85' lang='lat' dir='ltr'><strong>to-</strong></span> 
     </span>
    </p>
   </div>
   <div class='ocr_carea' id='block_1_27' title="bbox 1905 1365 3472 1431">
    <p class='ocr_par' dir='ltr' id='par_1_27' title="bbox 1905 1365 3472 1431">
     <span class='ocr_line' id='line_1_27' title="bbox 1905 1365 3472 1431; baseline -0.013 0"><span class='ocrx_word' id='word_1_188' title='bbox 1905 1386 2043 1431; x_wconf 80' lang='lat' dir='ltr'><strong>SIem</strong></span> <span class='ocrx_word' id='word_1_189' title='bbox 2075 1375 2400 1429; x_wconf 60' lang='lat' dir='ltr'><strong>innocentia</strong></span> <span class='ocrx_word' id='word_1_190' title='bbox 2425 1383 2530 1427; x_wconf 74' lang='lat' dir='ltr'><strong>tua:</strong></span> <span class='ocrx_word' id='word_1_191' title='bbox 2561 1372 2604 1425; x_wconf 91' lang='lat' dir='ltr'><strong>si</strong></span> <span class='ocrx_word' id='word_1_192' title='bbox 2635 1368 2913 1424; x_wconf 89' lang='lat' dir='ltr'><strong>vocaveris</strong></span> <span class='ocrx_word' id='word_1_193' title='bbox 2933 1407 2950 1431; x_wconf 93' lang='lat'><strong>,</strong></span> <span class='ocrx_word' id='word_1_194' title='bbox 2982 1365 3222 1422; x_wconf 83' lang='lat' dir='ltr'><strong>invenies</strong></span> <span class='ocrx_word' id='word_1_195' title='bbox 3245 1374 3472 1416; x_wconf 66' lang='lat' dir='ltr'><strong>succur«</strong></span> 
     </span>
    </p>
   </div>
   <div class='ocr_carea' id='block_1_28' title="bbox 1905 1449 3476 1532">
    <p class='ocr_par' dir='ltr' id='par_1_28' title="bbox 1905 1449 3476 1532">
     <span class='ocr_line' id='line_1_28' title="bbox 1905 1449 3476 1532; baseline -0.012 -12"><span class='ocrx_word' id='word_1_196' title='bbox 1905 1476 2117 1520; x_wconf 89' lang='lat' dir='ltr'><strong>rentem</strong></span> <span class='ocrx_word' id='word_1_197' title='bbox 2133 1465 2251 1532; x_wconf 83' lang='lat' dir='ltr'><strong><em>libi,</em></strong></span> <span class='ocrx_word' id='word_1_198' title='bbox 2270 1474 2327 1519; x_wconf 92' lang='lat' dir='ltr'><strong>ut</strong></span> <span class='ocrx_word' id='word_1_199' title='bbox 2342 1464 2604 1518; x_wconf 61' lang='lat' dir='ltr'><strong>Susanna</strong></span> <span class='ocrx_word' id='word_1_200' title='bbox 2637 1477 2698 1516; x_wconf 84' lang='lat' dir='ltr'><strong>ac</strong></span> <span class='ocrx_word' id='word_1_201' title='bbox 2712 1459 2964 1528; x_wconf 84' lang='lat' dir='ltr'><strong>Josepho.</strong></span> <span class='ocrx_word' id='word_1_202' title='bbox 2983 1456 3060 1510; x_wconf 85' lang='lat' dir='ltr'><strong>Illi</strong></span> <span class='ocrx_word' id='word_1_203' title='bbox 3086 1453 3332 1509; x_wconf 86' lang='lat' dir='ltr'><strong>convenit</strong></span> <span class='ocrx_word' id='word_1_204' title='bbox 3354 1449 3476 1519; x_wconf 86' lang='lat' dir='ltr'><strong>glo-</strong></span> 
     </span>
    </p>
   </div>
   <div class='ocr_carea' id='block_1_29' title="bbox 1897 1540 3485 1618">
    <p class='ocr_par' dir='ltr' id='par_1_29' title="bbox 1897 1540 3485 1618">
     <span class='ocr_line' id='line_1_29' title="bbox 1897 1540 3485 1618; baseline -0.009 -10"><span class='ocrx_word' id='word_1_205' title='bbox 1897 1555 2008 1614; x_wconf 85' lang='lat' dir='ltr'><strong>ria.</strong></span> <span class='ocrx_word' id='word_1_206' title='bbox 2028 1556 2202 1607; x_wconf 87' lang='lat' dir='ltr'><strong><em>honor</em></strong></span> <span class='ocrx_word' id='word_1_207' title='bbox 2227 1563 2282 1607; x_wconf 87' lang='lat' dir='ltr'><strong>et</strong></span> <span class='ocrx_word' id='word_1_208' title='bbox 2319 1553 2585 1618; x_wconf 90' lang='lat' dir='ltr'><strong>adoratio,</strong></span> <span class='ocrx_word' id='word_1_209' title='bbox 2612 1551 2664 1604; x_wconf 87' lang='lat' dir='ltr'><strong>in</strong></span> <span class='ocrx_word' id='word_1_210' title='bbox 2690 1547 2887 1603; x_wconf 53' lang='lat' dir='ltr'><strong>saecula</strong></span> <span class='ocrx_word' id='word_1_211' title='bbox 2911 1544 3250 1601; x_wconf 65' lang='lat' dir='ltr'><strong>saeculorum.</strong></span> <span class='ocrx_word' id='word_1_212' title='bbox 3281 1540 3485 1594; x_wconf 85' lang='lat' dir='ltr'><strong>Amen..</strong></span> 
     </span>
    </p>
   </div>
   <div class='ocr_carea' id='block_1_30' title="bbox 233 1632 3487 1722">
    <p class='ocr_par' dir='ltr' id='par_1_30' title="bbox 233 1632 3487 1722">
     <span class='ocr_line' id='line_1_30' title="bbox 233 1632 3487 1722; baseline -0.004 -19"><span class='ocrx_word' id='word_1_213' title='bbox 233 1665 326 1714; x_wconf 75' lang='grc' dir='ltr'><strong>τος</strong></span> <span class='ocrx_word' id='word_1_214' title='bbox 348 1649 549 1714; x_wconf 84' lang='grc' dir='ltr'>καλῶν,</span> <span class='ocrx_word' id='word_1_215' title='bbox 583 1651 838 1721; x_wconf 83' lang='grc' dir='ltr'><strong>εὑρήσεις</strong></span> <span class='ocrx_word' id='word_1_216' title='bbox 865 1649 1158 1719; x_wconf 82' lang='grc' dir='ltr'>βοηθοῦντά</span> <span class='ocrx_word' id='word_1_217' title='bbox 1185 1667 1287 1714; x_wconf 87' lang='grc' dir='ltr'>σοι,</span> <span class='ocrx_word' id='word_1_218' title='bbox 1317 1650 1392 1713; x_wconf 88' lang='grc' dir='ltr'>ὼς</span> <span class='ocrx_word' id='word_1_219' title='bbox 1420 1653 1486 1720; x_wconf 83' lang='grc' dir='ltr'>τῇ</span> <span class='ocrx_word' id='word_1_220' title='bbox 1517 1651 1788 1722; x_wconf 67' lang='grc' dir='ltr'>Σουσάννα</span> <span class='ocrx_word' id='word_1_221' title='bbox 1822 1649 1917 1704; x_wconf 51' lang='grc' dir='ltr'><strong>καὶ⁵</strong></span> <span class='ocrx_word' id='word_1_222' title='bbox 1938 1647 2016 1718; x_wconf 82' lang='grc' dir='ltr'>τῷ</span> <span class='ocrx_word' id='word_1_223' title='bbox 2060 1648 2277 1718; x_wconf 83' lang='grc' dir='ltr'><strong>Ἰωσήφ.</strong></span> <span class='ocrx_word' id='word_1_224' title='bbox 2309 1641 2380 1716; x_wconf 83' lang='grc' dir='ltr'>ᾯ</span> <span class='ocrx_word' id='word_1_225' title='bbox 2409 1645 2610 1714; x_wconf 78' lang='grc' dir='ltr'><strong>πρέπει</strong></span> <span class='ocrx_word' id='word_1_226' title='bbox 2635 1642 2781 1706; x_wconf 69' lang='grc' dir='ltr'>δόξαν</span> <span class='ocrx_word' id='word_1_227' title='bbox 2798 1639 2932 1710; x_wconf 83' lang='grc' dir='ltr'>τιμὴ</span> <span class='ocrx_word' id='word_1_228' title='bbox 2965 1637 3060 1690; x_wconf 62' lang='grc' dir='ltr'><strong>καὶ</strong></span> <span class='ocrx_word' id='word_1_229' title='bbox 3087 1632 3487 1710; x_wconf 80' lang='grc' dir='ltr'>προσκύνησις,.</span> 
     </span>
    </p>
   </div>
   <div class='ocr_carea' id='block_1_31' title="bbox 233 1740 1344 1811">
    <p class='ocr_par' dir='ltr' id='par_1_31' title="bbox 233 1740 1344 1811">
     <span class='ocr_line' id='line_1_31' title="bbox 233 1740 1344 1811; baseline -0.002 -16"><span class='ocrx_word' id='word_1_230' title='bbox 233 1743 316 1805; x_wconf 75' lang='grc' dir='ltr'>αις</span> <span class='ocrx_word' id='word_1_231' title='bbox 343 1743 468 1805; x_wconf 72' lang='grc' dir='ltr'>τοὺς</span> <span class='ocrx_word' id='word_1_232' title='bbox 497 1740 698 1806; x_wconf 78' lang='grc' dir='ltr'>αἰῶνας</span> <span class='ocrx_word' id='word_1_233' title='bbox 724 1741 834 1794; x_wconf 83' lang='grc' dir='ltr'><strong>τῶν</strong></span> <span class='ocrx_word' id='word_1_234' title='bbox 865 1741 1098 1796; x_wconf 72' lang='grc' dir='ltr'>αἰώνων.</span> <span class='ocrx_word' id='word_1_235' title='bbox 1147 1742 1344 1811; x_wconf 72' lang='grc' dir='ltr'><strong>Ἀμήν..</strong></span> 
     </span>
    </p>
   </div>
   <div class='ocr_carea' id='block_1_32' title="bbox 304 1911 944 1979">
    <p class='ocr_par' dir='ltr' id='par_1_32' title="bbox 304 1911 944 1979">
     <span class='ocr_line' id='line_1_32' title="bbox 304 1911 944 1979; baseline 0.005 -13"><span class='ocrx_word' id='word_1_236' title='bbox 304 1912 355 1946; x_wconf 83' lang='grc'><strong><em>⁵³</em></strong></span> <span class='ocrx_word' id='word_1_237' title='bbox 394 1911 522 1971; x_wconf 89' lang='lat' dir='ltr'><strong>Dan.</strong></span> <span class='ocrx_word' id='word_1_238' title='bbox 566 1925 686 1977; x_wconf 75' lang='lat' dir='ltr'><strong>xm,</strong></span> <span class='ocrx_word' id='word_1_239' title='bbox 718 1913 822 1979; x_wconf 65' lang='lat'><strong>42,</strong></span> <span class='ocrx_word' id='word_1_240' title='bbox 856 1914 944 1969; x_wconf 65' lang='lat'><strong>45&#39;.</strong></span> 
     </span>
    </p>
   </div>
   <div class='ocr_carea' id='block_1_33' title="bbox 250 2077 3468 2140">
    <p class='ocr_par' dir='ltr' id='par_1_33' title="bbox 250 2077 3468 2140">
     <span class='ocr_line' id='line_1_33' title="bbox 250 2077 3468 2140; baseline -0.009 -6"><span class='ocrx_word' id='word_1_241' title='bbox 250 2077 3468 2140; x_wconf 49' lang='grc' dir='ltr'><em>Ν</em></span> 
     </span>
    </p>
   </div>
   <div class='ocr_carea' id='block_1_34' title="bbox 863 2232 3023 2455">
    <p class='ocr_par' dir='ltr' id='par_1_34' title="bbox 863 2232 3023 2455">
     <span class='ocr_line' id='line_1_34' title="bbox 863 2232 3023 2455; baseline -0.009 1"><span class='ocrx_word' id='word_1_242' title='bbox 863 2323 1648 2455; x_wconf 86' lang='lat' dir='ltr'><strong>APPENDIX</strong></span> <span class='ocrx_word' id='word_1_243' title='bbox 1739 2319 1946 2448; x_wconf 81' lang='lat' dir='ltr'><strong>AD</strong></span> <span class='ocrx_word' id='word_1_244' title='bbox 2043 2232 2906 2448; x_wconf 75' lang='lat' dir='ltr'><strong>ASTERiUM.</strong></span> <span class='ocrx_word' id='word_1_245' title='bbox 3011 2425 3023 2436; x_wconf 82' lang='lat'><em>.</em></span> 
     </span>
    </p>
   </div>
   <div class='ocr_carea' id='block_1_35' title="bbox 672 2714 3070 2855">
    <p class='ocr_par' dir='ltr' id='par_1_35' title="bbox 672 2714 3070 2855">
     <span class='ocr_line' id='line_1_35' title="bbox 672 2714 3070 2855; baseline -0.013 1"><span class='ocrx_word' id='word_1_246' title='bbox 672 2742 885 2855; x_wconf 85' lang='lat' dir='ltr'><strong>EK</strong></span> <span class='ocrx_word' id='word_1_247' title='bbox 958 2740 1259 2854; x_wconf 85' lang='grc' dir='ltr'><strong>ΤΩΝ</strong></span> <span class='ocrx_word' id='word_1_248' title='bbox 1338 2727 2433 2854; x_wconf 84' lang='grc' dir='ltr'><strong>ΑΜΦΙΛΟΧΕΙΩΝ</strong></span> <span class='ocrx_word' id='word_1_249' title='bbox 2515 2714 3070 2838; x_wconf 85' lang='grc' dir='ltr'><strong>ΦΩΤΙΟΥ</strong></span> 
     </span>
    </p>
   </div>
   <div class='ocr_carea' id='block_1_36' title="bbox 982 2929 2812 3009">
    <p class='ocr_par' dir='ltr' id='par_1_36' title="bbox 982 2929 2812 3009">
     <span class='ocr_line' id='line_1_36' title="bbox 982 2929 2812 3009; baseline -0.01 -3"><span class='ocrx_word' id='word_1_250' title='bbox 982 2953 1182 3008; x_wconf 83' lang='grc' dir='ltr'><strong>ΠΟΣΟΙ</strong></span> <span class='ocrx_word' id='word_1_251' title='bbox 1221 2950 1534 3004; x_wconf 83' lang='grc' dir='ltr'><strong>ΑΣΤΕΡΙΟΙ</strong></span> <span class='ocrx_word' id='word_1_252' title='bbox 1569 2945 1920 3009; x_wconf 84' lang='grc' dir='ltr'><strong>ῙἚΓΟΝΑΣΙ,</strong></span> <span class='ocrx_word' id='word_1_253' title='bbox 1961 2946 2087 3000; x_wconf 83' lang='grc' dir='ltr'><strong>ΚΑΙ</strong></span> <span class='ocrx_word' id='word_1_254' title='bbox 2125 2943 2235 2996; x_wconf 77' lang='grc' dir='ltr'><strong>ΤῙΣ</strong></span> <span class='ocrx_word' id='word_1_255' title='bbox 2273 2943 2320 2995; x_wconf 85' lang='grc' dir='ltr'>Η</span> <span class='ocrx_word' id='word_1_256' title='bbox 2358 2935 2531 2992; x_wconf 77' lang='grc' dir='ltr'><strong>ΔΟΞΑ</strong></span> <span class='ocrx_word' id='word_1_257' title='bbox 2563 2929 2812 2990; x_wconf 79' lang='grc' dir='ltr'><strong>ΔΥἹὩΝ.</strong></span> 
     </span>
    </p>
   </div>
   <div class='ocr_carea' id='block_1_37' title="bbox 994 3277 1831 3380">
    <p class='ocr_par' dir='ltr' id='par_1_37' title="bbox 994 3286 1831 3380">
     <span class='ocr_line' id='line_1_37' title="bbox 994 3286 1831 3380; baseline -0.007 0"><span class='ocrx_word' id='word_1_258' title='bbox 994 3291 1159 3380; x_wconf 83' lang='lat' dir='ltr'><strong>EX</strong></span> <span class='ocrx_word' id='word_1_259' title='bbox 1228 3287 1646 3380; x_wconf 87' lang='lat' dir='ltr'><strong>PHOTII</strong></span> <span class='ocrx_word' id='word_1_260' title='bbox 1717 3286 1831 3375; x_wconf 72' lang='lat' dir='ltr'><strong>Ali</strong></span> 
     </span>
    </p>
   </div>
   <div class='ocr_carea' id='block_1_38' title="bbox 1933 3277 2763 3380">
    <p class='ocr_par' dir='ltr' id='par_1_38' title="bbox 1933 3277 2763 3373">
     <span class='ocr_line' id='line_1_38' title="bbox 1933 3277 2763 3373; baseline -0.011 0"><span class='ocrx_word' id='word_1_261' title='bbox 1933 3277 2763 3373; x_wconf 82' lang='lat' dir='ltr'><strong>&#39;HILOCHIANIS</strong></span> 
     </span>
    </p>
   </div>
   <div class='ocr_carea' id='block_1_39' title="bbox 881 3465 2866 3558">
    <p class='ocr_par' dir='ltr' id='par_1_39' title="bbox 881 3465 2866 3558">
     <span class='ocr_line' id='line_1_39' title="bbox 881 3465 2866 3558; baseline -0.012 -10"><span class='ocrx_word' id='word_1_262' title='bbox 881 3488 1043 3558; x_wconf 79' lang='lat' dir='ltr'><strong>Quot</strong></span> <span class='ocrx_word' id='word_1_263' title='bbox 1084 3484 1311 3546; x_wconf 84' lang='lat' dir='ltr'><strong>Asterii</strong></span> <span class='ocrx_word' id='word_1_264' title='bbox 1349 3482 1605 3554; x_wconf 83' lang='lat' dir='ltr'><strong>fuerint,</strong></span> <span class='ocrx_word' id='word_1_265' title='bbox 1641 3497 1712 3542; x_wconf 86' lang='lat' dir='ltr'><strong>ac</strong></span> <span class='ocrx_word' id='word_1_266' title='bbox 1744 3494 1933 3557; x_wconf 86' lang='lat' dir='ltr'><strong>quam</strong></span> <span class='ocrx_word' id='word_1_267' title='bbox 1973 3474 2064 3536; x_wconf 89' lang='lat' dir='ltr'><strong>illi</strong></span> <span class='ocrx_word' id='word_1_268' title='bbox 2105 3471 2478 3552; x_wconf 85' lang='lat' dir='ltr'><strong><em>opinionem</em></strong></span> <span class='ocrx_word' id='word_1_269' title='bbox 2513 3465 2866 3528; x_wconf 77' lang='lat' dir='ltr'><strong>habuerint.</strong></span> 
     </span>
    </p>
   </div>
   <div class='ocr_carea' id='block_1_40' title="bbox 324 3790 1831 3895">
    <p class='ocr_par' dir='ltr' id='par_1_40' title="bbox 324 3819 1825 3895">
     <span class='ocr_line' id='line_1_40' title="bbox 324 3819 1825 3895; baseline -0.004 -17"><span class='ocrx_word' id='word_1_270' title='bbox 324 3826 682 3895; x_wconf 76' lang='grc' dir='ltr'>Συνήκμασαν</span> <span class='ocrx_word' id='word_1_271' title='bbox 729 3823 827 3894; x_wconf 80' lang='grc' dir='ltr'>μὲν</span> <span class='ocrx_word' id='word_1_272' title='bbox 877 3823 1138 3893; x_wconf 81' lang='grc' dir='ltr'>Ἀστέριοι</span> <span class='ocrx_word' id='word_1_273' title='bbox 1165 3820 1278 3886; x_wconf 82' lang='grc' dir='ltr'>δύο,</span> <span class='ocrx_word' id='word_1_274' title='bbox 1312 3822 1340 3874; x_wconf 82' lang='lat'><strong>6</strong></span> <span class='ocrx_word' id='word_1_275' title='bbox 1377 3838 1436 3874; x_wconf 86' lang='grc' dir='ltr'>τε</span> <span class='ocrx_word' id='word_1_276' title='bbox 1473 3820 1574 3890; x_wconf 77' lang='grc' dir='ltr'>τῆς</span> <span class='ocrx_word' id='word_1_277' title='bbox 1614 3819 1825 3892; x_wconf 78' lang='grc' dir='ltr'>Ἀρείου</span> 
     </span>
    </p>
   </div>
   <div class='ocr_carea' id='block_1_41' title="bbox 1933 3790 3501 3895">
    <p class='ocr_par' dir='ltr' id='par_1_41' title="bbox 1995 3790 3501 3881">
     <span class='ocr_line' id='line_1_41' title="bbox 1995 3790 3501 3881; baseline -0.018 -9"><span class='ocrx_word' id='word_1_278' title='bbox 1995 3815 2206 3873; x_wconf 83' lang='lat' dir='ltr'><strong>Pariter</strong></span> <span class='ocrx_word' id='word_1_279' title='bbox 2233 3811 2448 3881; x_wconf 84' lang='lat' dir='ltr'><strong>quidem</strong></span> <span class='ocrx_word' id='word_1_280' title='bbox 2496 3807 2796 3860; x_wconf 80' lang='lat' dir='ltr'><strong>ﬂoruerunt.</strong></span> <span class='ocrx_word' id='word_1_281' title='bbox 2828 3797 3021 3854; x_wconf 80' lang='lat' dir='ltr'><strong>Asterii</strong></span> <span class='ocrx_word' id='word_1_282' title='bbox 3070 3795 3175 3850; x_wconf 90' lang='lat' dir='ltr'><strong>duo</strong></span> <span class='ocrx_word' id='word_1_283' title='bbox 3206 3811 3220 3849; x_wconf 90' lang='lat'><strong>:</strong></span> <span class='ocrx_word' id='word_1_284' title='bbox 3251 3793 3298 3847; x_wconf 87' lang='lat' dir='ltr'><strong>is</strong></span> <span class='ocrx_word' id='word_1_285' title='bbox 3341 3790 3501 3845; x_wconf 87' lang='lat' dir='ltr'><strong>nimi-</strong></span> 
     </span>
    </p>
   </div>
   <div class='ocr_carea' id='block_1_42' title="bbox 252 3911 1831 3988">
    <p class='ocr_par' dir='ltr' id='par_1_42' title="bbox 252 3911 1831 3988">
     <span class='ocr_line' id='line_1_42' title="bbox 252 3911 1831 3988; baseline -0.006 -17"><span class='ocrx_word' id='word_1_286' title='bbox 252 3918 460 3988; x_wconf 75' lang='grc' dir='ltr'>λύσσης</span> <span class='ocrx_word' id='word_1_287' title='bbox 501 3915 865 3987; x_wconf 74' lang='grc' dir='ltr'>ὑπασπιστὴς,</span> <span class='ocrx_word' id='word_1_288' title='bbox 899 3916 994 3968; x_wconf 74' lang='grc' dir='ltr'>καὶ</span> <span class='ocrx_word' id='word_1_289' title='bbox 1038 3915 1066 3965; x_wconf 96' lang='lat'><strong>6</strong></span> <span class='ocrx_word' id='word_1_290' title='bbox 1109 3913 1215 3967; x_wconf 83' lang='grc' dir='ltr'><strong>τῶν</strong></span> <span class='ocrx_word' id='word_1_291' title='bbox 1262 3912 1499 3965; x_wconf 68' lang='grc' dir='ltr'>εὐσεϐῶν</span> <span class='ocrx_word' id='word_1_292' title='bbox 1551 3911 1831 3981; x_wconf 87' lang='grc' dir='ltr'><strong>δογμάτων</strong></span> 
     </span>
    </p>
   </div>
   <div class='ocr_carea' id='block_1_43' title="bbox 255 4001 1830 4081">
    <p class='ocr_par' dir='ltr' id='par_1_43' title="bbox 255 4001 1830 4081">
     <span class='ocr_line' id='line_1_43' title="bbox 255 4001 1830 4081; baseline -0.004 -20"><span class='ocrx_word' id='word_1_293' title='bbox 255 4010 541 4081; x_wconf 80' lang='grc' dir='ltr'>τρόφιμος.</span> <span class='ocrx_word' id='word_1_294' title='bbox 573 4009 632 4072; x_wconf 79' lang='grc' dir='ltr'>ὃς</span> <span class='ocrx_word' id='word_1_295' title='bbox 663 4008 756 4061; x_wconf 72' lang='grc' dir='ltr'>καὶ</span> <span class='ocrx_word' id='word_1_296' title='bbox 793 4006 868 4077; x_wconf 84' lang='grc' dir='ltr'>τῷ</span> <span class='ocrx_word' id='word_1_297' title='bbox 911 4006 1129 4076; x_wconf 82' lang='grc' dir='ltr'>μεγάλῳ</span> <span class='ocrx_word' id='word_1_298' title='bbox 1163 4005 1260 4075; x_wconf 83' lang='grc' dir='ltr'>μὲν</span> <span class='ocrx_word' id='word_1_299' title='bbox 1305 4003 1578 4072; x_wconf 80' lang='grc' dir='ltr'>Ἰουλιανῷ</span> <span class='ocrx_word' id='word_1_300' title='bbox 1613 4001 1830 4071; x_wconf 73' lang='grc' dir='ltr'>φοιτῶν,</span> 
     </span>
    </p>
   </div>
   <div class='ocr_carea' id='block_1_44' title="bbox 257 4093 1834 4170">
    <p class='ocr_par' dir='ltr' id='par_1_44' title="bbox 257 4093 1834 4170">
     <span class='ocr_line' id='line_1_44' title="bbox 257 4093 1834 4170; baseline -0.006 -16"><span class='ocrx_word' id='word_1_301' title='bbox 257 4103 371 4163; x_wconf 81' lang='grc' dir='ltr'>τοῖς</span> <span class='ocrx_word' id='word_1_302' title='bbox 402 4101 704 4170; x_wconf 84' lang='grc' dir='ltr'>μοναδικοῖς</span> <span class='ocrx_word' id='word_1_303' title='bbox 741 4097 1053 4169; x_wconf 81' lang='grc' dir='ltr'>ἐγυμνάσθη</span> <span class='ocrx_word' id='word_1_304' title='bbox 1097 4095 1488 4165; x_wconf 80' lang='grc' dir='ltr'>παλαίσμασιν,</span> <span class='ocrx_word' id='word_1_305' title='bbox 1519 4093 1598 4146; x_wconf 80' lang='grc' dir='ltr'>ἔτι</span> <span class='ocrx_word' id='word_1_306' title='bbox 1627 4095 1685 4146; x_wconf 79' lang='grc' dir='ltr'>τὸ</span> <span class='ocrx_word' id='word_1_307' title='bbox 1716 4110 1834 4162; x_wconf 88' lang='grc' dir='ltr'>μει-</span> 
     </span>
    </p>
   </div>
   <div class='ocr_carea' id='block_1_45' title="bbox 261 4184 1838 4263">
    <p class='ocr_par' dir='ltr' id='par_1_45' title="bbox 261 4184 1838 4263">
     <span class='ocr_line' id='line_1_45' title="bbox 261 4184 1838 4263; baseline -0.005 -19"><span class='ocrx_word' id='word_1_308' title='bbox 261 4193 450 4263; x_wconf 83' lang='grc' dir='ltr'>ράκιον</span> <span class='ocrx_word' id='word_1_309' title='bbox 480 4190 707 4257; x_wconf 83' lang='grc' dir='ltr'>διεξιών·</span> <span class='ocrx_word' id='word_1_310' title='bbox 737 4189 959 4260; x_wconf 76' lang='grc' dir='ltr'>ὕστερον</span> <span class='ocrx_word' id='word_1_311' title='bbox 986 4190 1042 4242; x_wconf 83' lang='grc' dir='ltr'>δὲ</span> <span class='ocrx_word' id='word_1_312' title='bbox 1068 4188 1164 4240; x_wconf 74' lang='grc' dir='ltr'>καὶ</span> <span class='ocrx_word' id='word_1_313' title='bbox 1191 4188 1356 4258; x_wconf 82' lang='grc' dir='ltr'>μονῆς</span> <span class='ocrx_word' id='word_1_314' title='bbox 1384 4185 1689 4256; x_wconf 79' lang='grc' dir='ltr'>ἀσκητικῆς</span> <span class='ocrx_word' id='word_1_315' title='bbox 1706 4184 1838 4236; x_wconf 79' lang='grc' dir='ltr'>καθ-</span> 
     </span>
    </p>
   </div>
   <div class='ocr_carea' id='block_1_46' title="bbox 260 4273 1836 4352">
    <p class='ocr_par' dir='ltr' id='par_1_46' title="bbox 260 4273 1836 4352">
     <span class='ocr_line' id='line_1_46' title="bbox 260 4273 1836 4352; baseline -0.006 -17"><span class='ocrx_word' id='word_1_316' title='bbox 260 4283 506 4352; x_wconf 82' lang='grc' dir='ltr'>ηγήσατο</span> <span class='ocrx_word' id='word_1_317' title='bbox 532 4297 544 4309; x_wconf 84' lang='grc'><strong>’</strong></span> <span class='ocrx_word' id='word_1_318' title='bbox 601 4273 661 4332; x_wconf 70' lang='grc' dir='ltr'><strong>οὗ</strong></span> <span class='ocrx_word' id='word_1_319' title='bbox 706 4280 800 4333; x_wconf 81' lang='grc' dir='ltr'><strong>καὶ</strong></span> <span class='ocrx_word' id='word_1_320' title='bbox 828 4279 1074 4350; x_wconf 83' lang='grc' dir='ltr'>μαθητὴς</span> <span class='ocrx_word' id='word_1_321' title='bbox 1112 4278 1246 4348; x_wconf 77' lang='grc' dir='ltr'>μετὰ</span> <span class='ocrx_word' id='word_1_322' title='bbox 1284 4276 1378 4330; x_wconf 74' lang='grc' dir='ltr'>καὶ</span> <span class='ocrx_word' id='word_1_323' title='bbox 1422 4275 1594 4328; x_wconf 83' lang='grc' dir='ltr'>ἄλλων</span> <span class='ocrx_word' id='word_1_324' title='bbox 1628 4273 1836 4327; x_wconf 80' lang='grc' dir='ltr'>πολλῶν</span> 
     </span>
    </p>
   </div>
   <div class='ocr_carea' id='block_1_47' title="bbox 261 4365 1838 4446">
    <p class='ocr_par' dir='ltr' id='par_1_47' title="bbox 261 4365 1838 4446">
     <span class='ocr_line' id='line_1_47' title="bbox 261 4365 1838 4446; baseline -0.006 -18"><span class='ocrx_word' id='word_1_325' title='bbox 261 4375 551 4445; x_wconf 67' lang='grc' dir='ltr'>ἐπισήμων</span> <span class='ocrx_word' id='word_1_326' title='bbox 571 4373 776 4446; x_wconf 83' lang='grc' dir='ltr'>ἀνδρῶν</span> <span class='ocrx_word' id='word_1_327' title='bbox 793 4372 1158 4443; x_wconf 73' lang='grc' dir='ltr'>ἐχρημάτισεν</span> <span class='ocrx_word' id='word_1_328' title='bbox 1175 4370 1202 4420; x_wconf 93' lang='lat'><strong>6</strong></span> <span class='ocrx_word' id='word_1_329' title='bbox 1225 4369 1390 4422; x_wconf 84' lang='grc' dir='ltr'>πολυθ</span> <span class='ocrx_word' id='word_1_330' title='bbox 1401 4367 1656 4438; x_wconf 83' lang='grc' dir='ltr'>ρύλλητος</span> <span class='ocrx_word' id='word_1_331' title='bbox 1685 4365 1838 4418; x_wconf 83' lang='grc' dir='ltr'>Ἀκά-</span> 
     </span>
    </p>
   </div>
   <div class='ocr_carea' id='block_1_48' title="bbox 263 4457 1840 4535">
    <p class='ocr_par' dir='ltr' id='par_1_48' title="bbox 263 4457 1840 4535">
     <span class='ocr_line' id='line_1_48' title="bbox 263 4457 1840 4535; baseline -0.007 -17"><span class='ocrx_word' id='word_1_332' title='bbox 263 4481 382 4527; x_wconf 82' lang='grc' dir='ltr'>κιος</span> <span class='ocrx_word' id='word_1_333' title='bbox 408 4465 436 4516; x_wconf 94' lang='lat'><strong>6</strong></span> <span class='ocrx_word' id='word_1_334' title='bbox 463 4465 723 4535; x_wconf 75' lang='grc' dir='ltr'>Βεῤῥοίας</span> <span class='ocrx_word' id='word_1_335' title='bbox 747 4479 761 4492; x_wconf 88' lang='grc'><strong>·</strong></span> <span class='ocrx_word' id='word_1_336' title='bbox 788 4463 816 4514; x_wconf 91' lang='lat'><strong>6</strong></span> <span class='ocrx_word' id='word_1_337' title='bbox 842 4463 902 4514; x_wconf 79' lang='grc' dir='ltr'>δὲ</span> <span class='ocrx_word' id='word_1_338' title='bbox 924 4463 1020 4532; x_wconf 80' lang='grc' dir='ltr'>τῆς</span> <span class='ocrx_word' id='word_1_339' title='bbox 1065 4459 1406 4531; x_wconf 84' lang='grc' dir='ltr'>Ἀρειανικῆς</span> <span class='ocrx_word' id='word_1_340' title='bbox 1427 4457 1689 4528; x_wconf 84' lang='grc' dir='ltr'>αἱρέσεως</span> <span class='ocrx_word' id='word_1_341' title='bbox 1721 4457 1840 4526; x_wconf 79' lang='grc' dir='ltr'>ἐρα-</span> 
     </span>
    </p>
   </div>
   <div class='ocr_carea' id='block_1_49' title="bbox 268 4546 1842 4624">
    <p class='ocr_par' dir='ltr' id='par_1_49' title="bbox 268 4546 1842 4624">
     <span class='ocr_line' id='line_1_49' title="bbox 268 4546 1842 4624; baseline -0.006 -18"><span class='ocrx_word' id='word_1_342' title='bbox 268 4553 421 4624; x_wconf 80' lang='grc' dir='ltr'>στὴς,</span> <span class='ocrx_word' id='word_1_343' title='bbox 455 4552 770 4624; x_wconf 81' lang='grc' dir='ltr'>σοφιστικὴν</span> <span class='ocrx_word' id='word_1_344' title='bbox 793 4551 891 4623; x_wconf 84' lang='grc' dir='ltr'>μὲν</span> <span class='ocrx_word' id='word_1_345' title='bbox 922 4554 985 4603; x_wconf 83' lang='grc' dir='ltr'>ὲκ</span> <span class='ocrx_word' id='word_1_346' title='bbox 1016 4550 1151 4603; x_wconf 82' lang='grc' dir='ltr'>νέων</span> <span class='ocrx_word' id='word_1_347' title='bbox 1180 4550 1480 4619; x_wconf 83' lang='grc' dir='ltr'>μετήρχετο</span> <span class='ocrx_word' id='word_1_348' title='bbox 1511 4547 1726 4615; x_wconf 79' lang='grc' dir='ltr'>τέχνην,</span> <span class='ocrx_word' id='word_1_349' title='bbox 1749 4546 1842 4597; x_wconf 77' lang='grc' dir='ltr'>καὶ</span> 
     </span>
    </p>
   </div>
   <div class='ocr_carea' id='block_1_50' title="bbox 264 4632 1842 4714">
    <p class='ocr_par' dir='ltr' id='par_1_50' title="bbox 264 4632 1842 4714">
     <span class='ocr_line' id='line_1_50' title="bbox 264 4632 1842 4714; baseline -0.009 -16"><span class='ocrx_word' id='word_1_350' title='bbox 264 4647 334 4714; x_wconf 74' lang='grc' dir='ltr'>τῇ</span> <span class='ocrx_word' id='word_1_351' title='bbox 359 4642 467 4698; x_wconf 82' lang='grc' dir='ltr'><strong>τῶν</strong></span> <span class='ocrx_word' id='word_1_352' title='bbox 514 4642 782 4713; x_wconf 80' lang='grc' dir='ltr'>Ἑλλήνων</span> <span class='ocrx_word' id='word_1_353' title='bbox 826 4640 1194 4710; x_wconf 82' lang='grc' dir='ltr'>ἀνετέθραπτο</span> <span class='ocrx_word' id='word_1_354' title='bbox 1243 4637 1453 4707; x_wconf 84' lang='grc' dir='ltr'>πλάνῃ·</span> <span class='ocrx_word' id='word_1_355' title='bbox 1503 4634 1599 4702; x_wconf 74' lang='grc' dir='ltr'><strong>ὀψὲ</strong></span> <span class='ocrx_word' id='word_1_356' title='bbox 1645 4633 1702 4685; x_wconf 84' lang='grc' dir='ltr'>δὲ</span> <span class='ocrx_word' id='word_1_357' title='bbox 1749 4632 1842 4685; x_wconf 85' lang='grc' dir='ltr'>τὸν</span> 
     </span>
    </p>
   </div>
   <div class='ocr_carea' id='block_1_51' title="bbox 268 4725 1844 4806">
    <p class='ocr_par' dir='ltr' id='par_1_51' title="bbox 268 4725 1844 4806">
     <span class='ocr_line' id='line_1_51' title="bbox 268 4725 1844 4806; baseline -0.008 -18"><span class='ocrx_word' id='word_1_358' title='bbox 268 4733 692 4806; x_wconf 75' lang='grc' dir='ltr'>Χριστιανισμδν</span> <span class='ocrx_word' id='word_1_359' title='bbox 726 4731 1181 4802; x_wconf 83' lang='grc' dir='ltr'>ὑποκρινάμενος,</span> <span class='ocrx_word' id='word_1_360' title='bbox 1209 4731 1287 4791; x_wconf 78' lang='grc' dir='ltr'><strong>είς</strong></span> <span class='ocrx_word' id='word_1_361' title='bbox 1329 4727 1425 4798; x_wconf 85' lang='grc' dir='ltr'>τὴν</span> <span class='ocrx_word' id='word_1_362' title='bbox 1473 4726 1580 4779; x_wconf 86' lang='grc' dir='ltr'><strong>τῶν</strong></span> <span class='ocrx_word' id='word_1_363' title='bbox 1628 4725 1844 4795; x_wconf 82' lang='grc' dir='ltr'>Ἀρεια-</span> 
     </span>
    </p>
   </div>
   <div class='ocr_carea' id='block_1_52' title="bbox 267 4815 1849 4894">
    <p class='ocr_par' dir='ltr' id='par_1_52' title="bbox 267 4815 1849 4894">
     <span class='ocr_line' id='line_1_52' title="bbox 267 4815 1849 4894; baseline -0.009 -15"><span class='ocrx_word' id='word_1_364' title='bbox 267 4825 379 4879; x_wconf 83' lang='grc' dir='ltr'><strong>νῶν</strong></span> <span class='ocrx_word' id='word_1_365' title='bbox 412 4823 667 4878; x_wconf 79' lang='grc' dir='ltr'><strong>ἀπέκλινε</strong></span> <span class='ocrx_word' id='word_1_366' title='bbox 699 4825 890 4894; x_wconf 83' lang='grc' dir='ltr'>μοῖραν</span> <span class='ocrx_word' id='word_1_367' title='bbox 912 4840 926 4852; x_wconf 78' lang='grc' dir='ltr'><strong>ο</strong></span> <span class='ocrx_word' id='word_1_368' title='bbox 952 4821 1047 4874; x_wconf 69' lang='grc' dir='ltr'><strong>καὶ</strong></span> <span class='ocrx_word' id='word_1_369' title='bbox 1067 4821 1096 4871; x_wconf 90' lang='lat'><strong>6</strong></span> <span class='ocrx_word' id='word_1_370' title='bbox 1122 4818 1394 4889; x_wconf 82' lang='grc' dir='ltr'>μὲν.δίκην</span> <span class='ocrx_word' id='word_1_371' title='bbox 1416 4817 1613 4869; x_wconf 76' lang='grc' dir='ltr'>ἔδωκεν</span> <span class='ocrx_word' id='word_1_372' title='bbox 1639 4817 1696 4866; x_wconf 82' lang='grc' dir='ltr'>ὲν</span> <span class='ocrx_word' id='word_1_373' title='bbox 1731 4815 1849 4866; x_wconf 73' lang='grc' dir='ltr'><strong>Ἀν-</strong></span> 
     </span>
    </p>
   </div>
   <div class='ocr_carea' id='block_1_53' title="bbox 269 4904 1865 4988">
    <p class='ocr_par' dir='ltr' id='par_1_53' title="bbox 269 4904 1865 4988">
     <span class='ocr_line' id='line_1_53' title="bbox 269 4904 1865 4988; baseline -0.009 -18"><span class='ocrx_word' id='word_1_374' title='bbox 269 4916 479 4988; x_wconf 80' lang='grc' dir='ltr'>τιοχείᾳ</span> <span class='ocrx_word' id='word_1_375' title='bbox 517 4915 617 4986; x_wconf 82' lang='grc' dir='ltr'>τῆς</span> <span class='ocrx_word' id='word_1_376' title='bbox 656 4913 953 4968; x_wconf 84' lang='grc' dir='ltr'>ἀκολάστου</span> <span class='ocrx_word' id='word_1_377' title='bbox 983 4910 1253 4981; x_wconf 81' lang='grc' dir='ltr'><strong>γλώσσης,</strong></span> <span class='ocrx_word' id='word_1_378' title='bbox 1294 4908 1453 4978; x_wconf 70' lang='grc' dir='ltr'>ἔργον</span> <span class='ocrx_word' id='word_1_379' title='bbox 1489 4904 1725 4975; x_wconf 83' lang='grc' dir='ltr'>γεγονὼς</span> <span class='ocrx_word' id='word_1_380' title='bbox 1750 4905 1865 4974; x_wconf 72' lang='grc' dir='ltr'>τῆς</span> 
     </span>
    </p>
   </div>
   <div class='ocr_carea' id='block_1_54' title="bbox 284 4995 1849 5072">
    <p class='ocr_par' dir='ltr' id='par_1_54' title="bbox 284 4995 1849 5072">
     <span class='ocr_line' id='line_1_54' title="bbox 284 4995 1849 5072; baseline -0.009 -12"><span class='ocrx_word' id='word_1_381' title='bbox 284 5005 570 5060; x_wconf 84' lang='grc' dir='ltr'>Ἰουλιανοῦ</span> <span class='ocrx_word' id='word_1_382' title='bbox 599 5004 693 5056; x_wconf 73' lang='grc' dir='ltr'>τοῦ</span> <span class='ocrx_word' id='word_1_383' title='bbox 727 5001 1034 5072; x_wconf 80' lang='grc' dir='ltr'>Θαυμασίου.</span> <span class='ocrx_word' id='word_1_384' title='bbox 1060 4999 1366 5070; x_wconf 82' lang='grc' dir='ltr'>προσευχῆς</span> <span class='ocrx_word' id='word_1_385' title='bbox 1388 5015 1400 5026; x_wconf 88' lang='grc'><strong>·</strong></span> <span class='ocrx_word' id='word_1_386' title='bbox 1426 5000 1455 5050; x_wconf 91' lang='lat'><strong>6</strong></span> <span class='ocrx_word' id='word_1_387' title='bbox 1477 4997 1556 5059; x_wconf 84' lang='grc' dir='ltr'><strong>δὲ,</strong></span> <span class='ocrx_word' id='word_1_388' title='bbox 1588 4995 1678 5049; x_wconf 84' lang='grc' dir='ltr'>τὸν</span> <span class='ocrx_word' id='word_1_389' title='bbox 1706 4995 1849 5046; x_wconf 83' lang='grc' dir='ltr'>ὅσιον</span> 
     </span>
    </p>
   </div>
   <div class='ocr_carea' id='block_1_55' title="bbox 273 5086 1848 5164">
    <p class='ocr_par' dir='ltr' id='par_1_55' title="bbox 273 5086 1848 5164">
     <span class='ocr_line' id='line_1_55' title="bbox 273 5086 1848 5164; baseline -0.008 -17"><span class='ocrx_word' id='word_1_390' title='bbox 273 5095 355 5157; x_wconf 82' lang='grc' dir='ltr'><strong>είς</strong></span> <span class='ocrx_word' id='word_1_391' title='bbox 397 5094 496 5164; x_wconf 75' lang='grc' dir='ltr'>τὴν</span> <span class='ocrx_word' id='word_1_392' title='bbox 539 5092 660 5145; x_wconf 80' lang='grc' dir='ltr'>κατ’</span> <span class='ocrx_word' id='word_1_393' title='bbox 703 5091 866 5146; x_wconf 77' lang='grc' dir='ltr'>αὑτοῦ</span> <span class='ocrx_word' id='word_1_394' title='bbox 903 5090 1116 5144; x_wconf 87' lang='grc' dir='ltr'>δικαίαν</span> <span class='ocrx_word' id='word_1_395' title='bbox 1165 5088 1434 5159; x_wconf 84' lang='grc' dir='ltr'>τιμωρίαν</span> <span class='ocrx_word' id='word_1_396' title='bbox 1475 5086 1848 5154; x_wconf 82' lang='grc' dir='ltr'>διανέστησεν·</span> 
     </span>
    </p>
   </div>
   <div class='ocr_carea' id='block_1_56' title="bbox 276 5176 1855 5256">
    <p class='ocr_par' dir='ltr' id='par_1_56' title="bbox 276 5176 1855 5256">
     <span class='ocr_line' id='line_1_56' title="bbox 276 5176 1855 5256; baseline -0.007 -18"><span class='ocrx_word' id='word_1_397' title='bbox 276 5185 462 5256; x_wconf 71' lang='grc' dir='ltr'>ἕτερος</span> <span class='ocrx_word' id='word_1_398' title='bbox 495 5179 585 5237; x_wconf 79' lang='grc' dir='ltr'>οὖν</span> <span class='ocrx_word' id='word_1_399' title='bbox 619 5183 681 5236; x_wconf 79' lang='grc' dir='ltr'>τὸ</span> <span class='ocrx_word' id='word_1_400' title='bbox 709 5183 932 5254; x_wconf 84' lang='grc' dir='ltr'>θρέμμα</span> <span class='ocrx_word' id='word_1_401' title='bbox 969 5182 1066 5251; x_wconf 83' lang='grc' dir='ltr'><strong>τῆς</strong></span> <span class='ocrx_word' id='word_1_402' title='bbox 1097 5177 1422 5251; x_wconf 82' lang='grc' dir='ltr'>ὁρθοδοξίας,</span> <span class='ocrx_word' id='word_1_403' title='bbox 1455 5179 1550 5232; x_wconf 76' lang='grc' dir='ltr'>καὶ</span> <span class='ocrx_word' id='word_1_404' title='bbox 1593 5177 1778 5246; x_wconf 71' lang='grc' dir='ltr'>ἕτερος</span> <span class='ocrx_word' id='word_1_405' title='bbox 1827 5176 1855 5226; x_wconf 91' lang='lat'><strong>6</strong></span> 
     </span>
    </p>
   </div>
   <div class='ocr_carea' id='block_1_57' title="bbox 272 5267 1856 5346">
    <p class='ocr_par' dir='ltr' id='par_1_57' title="bbox 272 5267 1856 5346">
     <span class='ocr_line' id='line_1_57' title="bbox 272 5267 1856 5346; baseline -0.006 -17"><span class='ocrx_word' id='word_1_406' title='bbox 272 5275 376 5346; x_wconf 82' lang='grc' dir='ltr'>τῆς</span> <span class='ocrx_word' id='word_1_407' title='bbox 407 5275 612 5345; x_wconf 85' lang='grc' dir='ltr'>πλάνης</span> <span class='ocrx_word' id='word_1_408' title='bbox 637 5272 831 5344; x_wconf 78' lang='grc' dir='ltr'>κῆρυξ.</span> <span class='ocrx_word' id='word_1_409' title='bbox 859 5273 996 5326; x_wconf 80' lang='grc' dir='ltr'>Ἀλλ’</span> <span class='ocrx_word' id='word_1_410' title='bbox 1009 5272 1117 5325; x_wconf 82' lang='grc' dir='ltr'>οὐδ’</span> <span class='ocrx_word' id='word_1_411' title='bbox 1137 5275 1165 5325; x_wconf 98' lang='lat'><strong>6</strong></span> <span class='ocrx_word' id='word_1_412' title='bbox 1185 5273 1284 5342; x_wconf 82' lang='grc' dir='ltr'>τὴν</span> <span class='ocrx_word' id='word_1_413' title='bbox 1308 5271 1570 5342; x_wconf 81' lang='grc' dir='ltr'>ἐκφρασιν</span> <span class='ocrx_word' id='word_1_414' title='bbox 1595 5268 1694 5338; x_wconf 78' lang='grc' dir='ltr'>τῆς</span> <span class='ocrx_word' id='word_1_415' title='bbox 1717 5267 1856 5337; x_wconf 78' lang='grc' dir='ltr'>μάρ-</span> 
     </span>
    </p>
   </div>
   <div class='ocr_carea' id='block_1_58' title="bbox 275 5357 1857 5438">
    <p class='ocr_par' dir='ltr' id='par_1_58' title="bbox 275 5357 1857 5438">
     <span class='ocr_line' id='line_1_58' title="bbox 275 5357 1857 5438; baseline -0.008 -17"><span class='ocrx_word' id='word_1_416' title='bbox 275 5383 440 5438; x_wconf 71' lang='grc' dir='ltr'>τυρος</span> <span class='ocrx_word' id='word_1_417' title='bbox 473 5364 759 5436; x_wconf 76' lang='grc' dir='ltr'>Εὐφημίας</span> <span class='ocrx_word' id='word_1_418' title='bbox 788 5363 1189 5434; x_wconf 84' lang='grc' dir='ltr'>ἀναταξάμενος</span> <span class='ocrx_word' id='word_1_419' title='bbox 1227 5364 1405 5416; x_wconf 86' lang='grc' dir='ltr'>κοινόν</span> <span class='ocrx_word' id='word_1_420' title='bbox 1434 5379 1488 5414; x_wconf 90' lang='grc' dir='ltr'><strong>τι</strong></span> <span class='ocrx_word' id='word_1_421' title='bbox 1535 5359 1688 5431; x_wconf 80' lang='grc' dir='ltr'>φέρει</span> <span class='ocrx_word' id='word_1_422' title='bbox 1720 5357 1857 5428; x_wconf 81' lang='grc' dir='ltr'>πρὸς</span> 
     </span>
    </p>
   </div>
   <div class='ocr_carea' id='block_1_59' title="bbox 275 5441 1858 5529">
    <p class='ocr_par' dir='ltr' id='par_1_59' title="bbox 275 5441 1858 5529">
     <span class='ocr_line' id='line_1_59' title="bbox 275 5441 1858 5529; baseline -0.006 -17"><span class='ocrx_word' id='word_1_423' title='bbox 275 5459 379 5513; x_wconf 71' lang='grc' dir='ltr'>τὸν</span> <span class='ocrx_word' id='word_1_424' title='bbox 397 5458 496 5529; x_wconf 83' lang='grc' dir='ltr'>τῆς</span> <span class='ocrx_word' id='word_1_425' title='bbox 537 5457 850 5521; x_wconf 75' lang='grc' dir='ltr'>δυσσεϐείας</span> <span class='ocrx_word' id='word_1_426' title='bbox 894 5457 1210 5527; x_wconf 81' lang='grc' dir='ltr'>ὑπέρμαχον</span> <span class='ocrx_word' id='word_1_427' title='bbox 1231 5472 1244 5485; x_wconf 89' lang='grc'><strong>·</strong></span> <span class='ocrx_word' id='word_1_428' title='bbox 1295 5453 1510 5526; x_wconf 79' lang='grc' dir='ltr'>πρῶτον</span> <span class='ocrx_word' id='word_1_429' title='bbox 1556 5452 1652 5522; x_wconf 79' lang='grc' dir='ltr'>μὲν</span> <span class='ocrx_word' id='word_1_430' title='bbox 1694 5449 1754 5513; x_wconf 76' lang='grc' dir='ltr'><strong>ἐξ</strong></span> <span class='ocrx_word' id='word_1_431' title='bbox 1784 5441 1858 5503; x_wconf 84' lang='grc' dir='ltr'>ὧν</span> 
     </span>
    </p>
   </div>
   <div class='ocr_carea' id='block_1_60' title="bbox 280 5543 1857 5621">
    <p class='ocr_par' dir='ltr' id='par_1_60' title="bbox 280 5543 1857 5621">
     <span class='ocr_line' id='line_1_60' title="bbox 280 5543 1857 5621; baseline -0.006 -17"><span class='ocrx_word' id='word_1_432' title='bbox 280 5550 476 5605; x_wconf 73' lang='grc' dir='ltr'>ϐάττον</span> <span class='ocrx_word' id='word_1_433' title='bbox 504 5553 532 5605; x_wconf 92' lang='lat'><strong>6</strong></span> <span class='ocrx_word' id='word_1_434' title='bbox 563 5549 830 5621; x_wconf 79' lang='grc' dir='ltr'>δυσσεϐὴς</span> <span class='ocrx_word' id='word_1_435' title='bbox 858 5550 1084 5603; x_wconf 81' lang='grc' dir='ltr'>ἀπέτισε</span> <span class='ocrx_word' id='word_1_436' title='bbox 1121 5549 1221 5620; x_wconf 79' lang='grc' dir='ltr'>τὴν</span> <span class='ocrx_word' id='word_1_437' title='bbox 1242 5547 1424 5617; x_wconf 85' lang='grc' dir='ltr'>δίκην·</span> <span class='ocrx_word' id='word_1_438' title='bbox 1453 5545 1483 5598; x_wconf 89' lang='lat'><strong>6</strong></span> <span class='ocrx_word' id='word_1_439' title='bbox 1518 5543 1627 5614; x_wconf 84' lang='grc' dir='ltr'><strong>γὰρ</strong></span> <span class='ocrx_word' id='word_1_440' title='bbox 1653 5543 1751 5613; x_wconf 82' lang='grc' dir='ltr'>τῆς</span> <span class='ocrx_word' id='word_1_441' title='bbox 1778 5543 1857 5594; x_wconf 83' lang='grc' dir='ltr'>εί-</span> 
     </span>
    </p>
   </div>
   <div class='ocr_carea' id='block_1_61' title="bbox 285 5632 1858 5714">
    <p class='ocr_par' dir='ltr' id='par_1_61' title="bbox 285 5632 1858 5714">
     <span class='ocr_line' id='line_1_61' title="bbox 285 5632 1858 5714; baseline -0.006 -21"><span class='ocrx_word' id='word_1_442' title='bbox 285 5640 521 5714; x_wconf 76' lang='grc' dir='ltr'>ρημένης</span> <span class='ocrx_word' id='word_1_443' title='bbox 546 5641 751 5703; x_wconf 81' lang='grc' dir='ltr'>εἰκόνος</span> <span class='ocrx_word' id='word_1_444' title='bbox 788 5640 1201 5711; x_wconf 77' lang='grc' dir='ltr'>λογογραφήσας</span> <span class='ocrx_word' id='word_1_445' title='bbox 1243 5637 1339 5708; x_wconf 78' lang='grc' dir='ltr'>τὴν</span> <span class='ocrx_word' id='word_1_446' title='bbox 1369 5635 1650 5706; x_wconf 79' lang='grc' dir='ltr'>ἕκφρασιν,</span> <span class='ocrx_word' id='word_1_447' title='bbox 1697 5633 1771 5695; x_wconf 86' lang='grc' dir='ltr'>ὡς</span> <span class='ocrx_word' id='word_1_448' title='bbox 1802 5632 1858 5684; x_wconf 76' lang='grc' dir='ltr'>ἐν</span> 
     </span>
    </p>
   </div>
   <div class='ocr_carea' id='block_1_62' title="bbox 279 5725 1868 5798">
    <p class='ocr_par' dir='ltr' id='par_1_62' title="bbox 279 5725 1868 5798">
     <span class='ocr_line' id='line_1_62' title="bbox 279 5725 1868 5798; baseline -0.002 -17"><span class='ocrx_word' id='word_1_449' title='bbox 279 5745 422 5787; x_wconf 73' lang='grc' dir='ltr'>τισιν</span> <span class='ocrx_word' id='word_1_450' title='bbox 462 5731 622 5786; x_wconf 80' lang='grc' dir='ltr'>αὑτοῦ</span> <span class='ocrx_word' id='word_1_451' title='bbox 651 5731 760 5785; x_wconf 85' lang='grc' dir='ltr'><strong>τῶν</strong></span> <span class='ocrx_word' id='word_1_452' title='bbox 789 5731 964 5798; x_wconf 77' lang='grc' dir='ltr'>λόγων</span> <span class='ocrx_word' id='word_1_453' title='bbox 999 5731 1372 5796; x_wconf 70' lang='grc' dir='ltr'>διαλαμϐάνει,</span> <span class='ocrx_word' id='word_1_454' title='bbox 1407 5730 1485 5791; x_wconf 75' lang='grc' dir='ltr'><strong>εἰς</strong></span> <span class='ocrx_word' id='word_1_455' title='bbox 1523 5725 1656 5780; x_wconf 72' lang='grc' dir='ltr'>ϐαθὺ</span> <span class='ocrx_word' id='word_1_456' title='bbox 1690 5725 1868 5792; x_wconf 74' lang='grc' dir='ltr'>γῆρας</span> 
     </span>
    </p>
   </div>
   <div class='ocr_carea' id='block_1_63' title="bbox 1938 3885 3501 3976">
    <p class='ocr_par' dir='ltr' id='par_1_63' title="bbox 1938 3885 3501 3976">
     <span class='ocr_line' id='line_1_63' title="bbox 1938 3885 3501 3976; baseline -0.017 -13"><span class='ocrx_word' id='word_1_457' title='bbox 1938 3924 2056 3963; x_wconf 88' lang='lat' dir='ltr'><strong>rum</strong></span> <span class='ocrx_word' id='word_1_458' title='bbox 2079 3907 2168 3976; x_wconf 91' lang='lat' dir='ltr'><strong>qui</strong></span> <span class='ocrx_word' id='word_1_459' title='bbox 2198 3903 2521 3958; x_wconf 83' lang='lat' dir='ltr'><strong>Arianorum</strong></span> <span class='ocrx_word' id='word_1_460' title='bbox 2560 3895 2759 3951; x_wconf 83' lang='lat' dir='ltr'><strong>furoris</strong></span> <span class='ocrx_word' id='word_1_461' title='bbox 2787 3894 2965 3946; x_wconf 83' lang='lat' dir='ltr'><strong>fautor</strong></span> <span class='ocrx_word' id='word_1_462' title='bbox 2997 3904 3059 3943; x_wconf 90' lang='lat' dir='ltr'><strong>ac</strong></span> <span class='ocrx_word' id='word_1_463' title='bbox 3085 3887 3337 3942; x_wconf 82' lang='lat' dir='ltr'><strong>defensor</strong></span> <span class='ocrx_word' id='word_1_464' title='bbox 3361 3885 3460 3938; x_wconf 83' lang='lat' dir='ltr'><strong>fuit</strong></span> <span class='ocrx_word' id='word_1_465' title='bbox 3484 3901 3501 3949; x_wconf 88' lang='lat'><strong>;</strong></span> 
     </span>
    </p>
   </div>
   <div class='ocr_carea' id='block_1_64' title="bbox 1941 3975 3506 4066">
    <p class='ocr_par' dir='ltr' id='par_1_64' title="bbox 1941 3975 3506 4066">
     <span class='ocr_line' id='line_1_64' title="bbox 1941 3975 3506 4066; baseline -0.017 -13"><span class='ocrx_word' id='word_1_466' title='bbox 1941 4015 2004 4053; x_wconf 91' lang='lat' dir='ltr'><strong>ac</strong></span> <span class='ocrx_word' id='word_1_467' title='bbox 2033 3975 2123 4066; x_wconf 89' lang='lat' dir='ltr'><strong>qui</strong></span> <span class='ocrx_word' id='word_1_468' title='bbox 2159 3997 2369 4064; x_wconf 91' lang='lat' dir='ltr'><strong>piorum</strong></span> <span class='ocrx_word' id='word_1_469' title='bbox 2407 3983 2954 4059; x_wconf 80' lang='lat' dir='ltr'><strong>dogmatum-exstitit</strong></span> <span class='ocrx_word' id='word_1_470' title='bbox 3001 3980 3248 4034; x_wconf 85' lang='lat' dir='ltr'><strong>alumnus</strong></span> <span class='ocrx_word' id='word_1_471' title='bbox 3281 3975 3414 4046; x_wconf 90' lang='lat' dir='ltr'><strong>:qui</strong></span> <span class='ocrx_word' id='word_1_472' title='bbox 3449 3982 3506 4028; x_wconf 83' lang='lat' dir='ltr'><strong>et</strong></span> 
     </span>
    </p>
   </div>
   <div class='ocr_carea' id='block_1_65' title="bbox 1941 4068 3508 4156">
    <p class='ocr_par' dir='ltr' id='par_1_65' title="bbox 1941 4068 3508 4156">
     <span class='ocr_line' id='line_1_65' title="bbox 1941 4068 3508 4156; baseline -0.017 -14"><span class='ocrx_word' id='word_1_473' title='bbox 1941 4086 2118 4156; x_wconf 81' lang='lat' dir='ltr'><strong>magni</strong></span> <span class='ocrx_word' id='word_1_474' title='bbox 2154 4081 2356 4138; x_wconf 79' lang='lat' dir='ltr'><strong>Juliani</strong></span> <span class='ocrx_word' id='word_1_475' title='bbox 2403 4078 2792 4146; x_wconf 86' lang='lat' dir='ltr'><strong>discipulus,_a</strong></span> <span class='ocrx_word' id='word_1_476' title='bbox 2820 4071 3011 4144; x_wconf 89' lang='lat' dir='ltr'><strong>puerili</strong></span> <span class='ocrx_word' id='word_1_477' title='bbox 3045 4068 3280 4123; x_wconf 69' lang='lat' dir='ltr'><strong>aatatein</strong></span> <span class='ocrx_word' id='word_1_478' title='bbox 3318 4079 3508 4118; x_wconf 82' lang='lat' dir='ltr'><strong>mona-</strong></span> 
     </span>
    </p>
   </div>
   <div class='ocr_carea' id='block_1_66' title="bbox 1943 4158 3510 4238">
    <p class='ocr_par' dir='ltr' id='par_1_66' title="bbox 1943 4158 3510 4238">
     <span class='ocr_line' id='line_1_66' title="bbox 1943 4158 3510 4238; baseline -0.019 -6"><span class='ocrx_word' id='word_1_479' title='bbox 1943 4178 2094 4232; x_wconf 68' lang='lat' dir='ltr'><strong>sticre</strong></span> <span class='ocrx_word' id='word_1_480' title='bbox 2151 4174 2276 4226; x_wconf 71' lang='lat' dir='ltr'><strong>vita:</strong></span> <span class='ocrx_word' id='word_1_481' title='bbox 2353 4167 2604 4238; x_wconf 73' lang='lat' dir='ltr'><strong>palzestra</strong></span> <span class='ocrx_word' id='word_1_482' title='bbox 2657 4177 2777 4218; x_wconf 89' lang='lat' dir='ltr'><strong>sese</strong></span> <span class='ocrx_word' id='word_1_483' title='bbox 2824 4158 3070 4214; x_wconf 81' lang='lat' dir='ltr'><strong>exercuit</strong></span> <span class='ocrx_word' id='word_1_484' title='bbox 3101 4176 3114 4210; x_wconf 90' lang='lat'><strong>:</strong></span> <span class='ocrx_word' id='word_1_485' title='bbox 3150 4165 3332 4224; x_wconf 90' lang='lat' dir='ltr'><strong>postea</strong></span> <span class='ocrx_word' id='word_1_486' title='bbox 3381 4166 3510 4205; x_wconf 87' lang='lat' dir='ltr'><strong>vero</strong></span> 
     </span>
    </p>
   </div>
   <div class='ocr_carea' id='block_1_67' title="bbox 1946 4244 3511 4332">
    <p class='ocr_par' dir='ltr' id='par_1_67' title="bbox 1946 4244 3511 4332">
     <span class='ocr_line' id='line_1_67' title="bbox 1946 4244 3511 4332; baseline -0.019 -8"><span class='ocrx_word' id='word_1_487' title='bbox 1946 4271 2108 4324; x_wconf 83' lang='lat' dir='ltr'><strong>etiam</strong></span> <span class='ocrx_word' id='word_1_488' title='bbox 2164 4264 2536 4332; x_wconf 82' lang='lat' dir='ltr'><strong>religiosorum</strong></span> <span class='ocrx_word' id='word_1_489' title='bbox 2585 4252 2912 4309; x_wconf 85' lang='lat' dir='ltr'><strong>monasterio</strong></span> <span class='ocrx_word' id='word_1_490' title='bbox 2969 4247 3182 4318; x_wconf 71' lang='lat' dir='ltr'><strong>praefuit</strong></span> <span class='ocrx_word' id='word_1_491' title='bbox 3213 4261 3226 4294; x_wconf 87' lang='lat'><strong>:</strong></span> <span class='ocrx_word' id='word_1_492' title='bbox 3260 4244 3411 4313; x_wconf 86' lang='lat' dir='ltr'><strong>cujus</strong></span> <span class='ocrx_word' id='word_1_493' title='bbox 3457 4251 3511 4296; x_wconf 85' lang='lat' dir='ltr'><strong>et</strong></span> 
     </span>
    </p>
   </div>
   <div class='ocr_carea' id='block_1_68' title="bbox 1948 4332 3511 4427">
    <p class='ocr_par' dir='ltr' id='par_1_68' title="bbox 1948 4332 3511 4427">
     <span class='ocr_line' id='line_1_68' title="bbox 1948 4332 3511 4427; baseline -0.018 -16"><span class='ocrx_word' id='word_1_494' title='bbox 1948 4356 2264 4427; x_wconf 83' lang='lat' dir='ltr'><strong>discipulus,</strong></span> <span class='ocrx_word' id='word_1_495' title='bbox 2319 4362 2516 4420; x_wconf 62' lang='lat' dir='ltr'><strong>printer</strong></span> <span class='ocrx_word' id='word_1_496' title='bbox 2565 4332 2747 4414; x_wconf 80' lang='lat' dir='ltr'><strong>plures</strong></span> <span class='ocrx_word' id='word_1_497' title='bbox 2789 4341 2923 4396; x_wconf 88' lang='lat' dir='ltr'><strong>alios</strong></span> <span class='ocrx_word' id='word_1_498' title='bbox 2976 4337 3296 4405; x_wconf 87' lang='lat' dir='ltr'><strong>conspicuos</strong></span> <span class='ocrx_word' id='word_1_499' title='bbox 3348 4332 3511 4396; x_wconf 89' lang='lat' dir='ltr'><strong>viros,</strong></span> 
     </span>
    </p>
   </div>
   <div class='ocr_carea' id='block_1_69' title="bbox 1945 4423 3513 4503">
    <p class='ocr_par' dir='ltr' id='par_1_69' title="bbox 1945 4423 3513 4503">
     <span class='ocr_line' id='line_1_69' title="bbox 1945 4423 3513 4503; baseline -0.017 0"><span class='ocrx_word' id='word_1_500' title='bbox 1945 4423 2402 4503; x_wconf 64' lang='lat' dir='ltr'><strong>celebratissimis</strong></span> <span class='ocrx_word' id='word_1_501' title='bbox 2457 4440 2544 4492; x_wconf 85' lang='lat' dir='ltr'><strong>ille</strong></span> <span class='ocrx_word' id='word_1_502' title='bbox 2592 4435 2820 4490; x_wconf 84' lang='lat' dir='ltr'><strong>Acacius</strong></span> <span class='ocrx_word' id='word_1_503' title='bbox 2873 4431 3148 4484; x_wconf 66' lang='lat' dir='ltr'><strong>Berrhmaa</strong></span> <span class='ocrx_word' id='word_1_504' title='bbox 3196 4424 3316 4480; x_wconf 80' lang='lat' dir='ltr'><strong>fuit.</strong></span> <span class='ocrx_word' id='word_1_505' title='bbox 3345 4423 3513 4478; x_wconf 89' lang='lat' dir='ltr'><strong>Porro</strong></span> 
     </span>
    </p>
   </div>
   <div class='ocr_carea' id='block_1_70' title="bbox 1945 4513 3513 4592">
    <p class='ocr_par' dir='ltr' id='par_1_70' title="bbox 1945 4513 3513 4592">
     <span class='ocr_line' id='line_1_70' title="bbox 1945 4513 3513 4592; baseline -0.015 0"><span class='ocrx_word' id='word_1_506' title='bbox 1945 4539 2158 4592; x_wconf 76' lang='lat' dir='ltr'><strong>Arianae</strong></span> <span class='ocrx_word' id='word_1_507' title='bbox 2208 4534 2294 4590; x_wconf 87' lang='lat' dir='ltr'><strong>ille</strong></span> <span class='ocrx_word' id='word_1_508' title='bbox 2350 4531 2572 4587; x_wconf 68' lang='lat' dir='ltr'><strong>hmresis</strong></span> <span class='ocrx_word' id='word_1_509' title='bbox 2609 4525 2927 4587; x_wconf 80' lang='lat' dir='ltr'><strong>admirator,</strong></span> <span class='ocrx_word' id='word_1_510' title='bbox 2959 4537 2986 4575; x_wconf 90' lang='lat' dir='ltr'><strong>a</strong></span> <span class='ocrx_word' id='word_1_511' title='bbox 3023 4533 3189 4588; x_wconf 83' lang='lat' dir='ltr'><strong>puero</strong></span> <span class='ocrx_word' id='word_1_512' title='bbox 3229 4533 3293 4572; x_wconf 88' lang='lat' dir='ltr'><strong>ac</strong></span> <span class='ocrx_word' id='word_1_513' title='bbox 3342 4513 3513 4571; x_wconf 81' lang='lat' dir='ltr'><strong>adole-</strong></span> 
     </span>
    </p>
   </div>
   <div class='ocr_carea' id='block_1_71' title="bbox 1947 4609 3514 4695">
    <p class='ocr_par' dir='ltr' id='par_1_71' title="bbox 1947 4609 3514 4695">
     <span class='ocr_line' id='line_1_71' title="bbox 1947 4609 3514 4695; baseline -0.015 -13"><span class='ocrx_word' id='word_1_514' title='bbox 1947 4629 2146 4684; x_wconf 86' lang='lat' dir='ltr'><strong>scentia</strong></span> <span class='ocrx_word' id='word_1_515' title='bbox 2167 4625 2220 4679; x_wconf 93' lang='lat' dir='ltr'><strong>in</strong></span> <span class='ocrx_word' id='word_1_516' title='bbox 2239 4623 2513 4695; x_wconf 86' lang='lat' dir='ltr'><strong>gentilium</strong></span> <span class='ocrx_word' id='word_1_517' title='bbox 2534 4633 2718 4673; x_wconf 89' lang='lat' dir='ltr'><strong>errore</strong></span> <span class='ocrx_word' id='word_1_518' title='bbox 2735 4616 3015 4678; x_wconf 85' lang='lat' dir='ltr'><strong>educatus,</strong></span> <span class='ocrx_word' id='word_1_519' title='bbox 3039 4609 3392 4680; x_wconf 85' lang='lat' dir='ltr'><strong>sophisticam</strong></span> <span class='ocrx_word' id='word_1_520' title='bbox 3425 4618 3514 4660; x_wconf 81' lang='lat' dir='ltr'><strong>co-</strong></span> 
     </span>
    </p>
   </div>
   <div class='ocr_carea' id='block_1_72' title="bbox 1947 4697 3511 4784">
    <p class='ocr_par' dir='ltr' id='par_1_72' title="bbox 1947 4697 3511 4784">
     <span class='ocr_line' id='line_1_72' title="bbox 1947 4697 3511 4784; baseline -0.016 -10"><span class='ocrx_word' id='word_1_521' title='bbox 1947 4720 2074 4784; x_wconf 89' lang='lat' dir='ltr'><strong>luit;</strong></span> <span class='ocrx_word' id='word_1_522' title='bbox 2122 4719 2444 4783; x_wconf 89' lang='lat' dir='ltr'><strong>demumque</strong></span> <span class='ocrx_word' id='word_1_523' title='bbox 2490 4711 2739 4766; x_wconf 88' lang='lat' dir='ltr'><strong>simulato</strong></span> <span class='ocrx_word' id='word_1_524' title='bbox 2783 4703 3221 4765; x_wconf 89' lang='lat' dir='ltr'><strong>Christianismo,</strong></span> <span class='ocrx_word' id='word_1_525' title='bbox 3274 4700 3328 4753; x_wconf 90' lang='lat' dir='ltr'><strong>in</strong></span> <span class='ocrx_word' id='word_1_526' title='bbox 3371 4697 3511 4752; x_wconf 80' lang='lat' dir='ltr'><strong>Aria-</strong></span> 
     </span>
    </p>
   </div>
   <div class='ocr_carea' id='block_1_73' title="bbox 1953 4788 3519 4878">
    <p class='ocr_par' dir='ltr' id='par_1_73' title="bbox 1953 4788 3519 4878">
     <span class='ocr_line' id='line_1_73' title="bbox 1953 4788 3519 4878; baseline -0.015 -13"><span class='ocrx_word' id='word_1_527' title='bbox 1953 4825 2147 4866; x_wconf 86' lang='lat' dir='ltr'><strong>norum</strong></span> <span class='ocrx_word' id='word_1_528' title='bbox 2181 4816 2391 4878; x_wconf 88' lang='lat' dir='ltr'><strong>partem</strong></span> <span class='ocrx_word' id='word_1_529' title='bbox 2423 4803 2644 4859; x_wconf 81' lang='lat' dir='ltr'><strong>deﬂexit</strong></span> <span class='ocrx_word' id='word_1_530' title='bbox 2671 4819 2684 4854; x_wconf 91' lang='lat'><strong>:</strong></span> <span class='ocrx_word' id='word_1_531' title='bbox 2716 4808 2878 4868; x_wconf 88' lang='lat' dir='ltr'><strong>atque</strong></span> <span class='ocrx_word' id='word_1_532' title='bbox 2903 4796 2950 4850; x_wconf 87' lang='lat' dir='ltr'><strong>is</strong></span> <span class='ocrx_word' id='word_1_533' title='bbox 2979 4793 3192 4864; x_wconf 86' lang='lat' dir='ltr'><strong>quidem</strong></span> <span class='ocrx_word' id='word_1_534' title='bbox 3223 4788 3519 4846; x_wconf 67' lang='lat' dir='ltr'><strong>Antiochia</strong></span> 
     </span>
    </p>
   </div>
   <div class='ocr_carea' id='block_1_74' title="bbox 1953 4878 3520 4973">
    <p class='ocr_par' dir='ltr' id='par_1_74' title="bbox 1953 4878 3520 4973">
     <span class='ocr_line' id='line_1_74' title="bbox 1953 4878 3520 4973; baseline -0.016 -16"><span class='ocrx_word' id='word_1_535' title='bbox 1953 4917 2141 4973; x_wconf 76' lang='lat' dir='ltr'><strong>ptenas</strong></span> <span class='ocrx_word' id='word_1_536' title='bbox 2181 4899 2328 4953; x_wconf 79' lang='lat' dir='ltr'><strong>dedit</strong></span> <span class='ocrx_word' id='word_1_537' title='bbox 2362 4895 2671 4965; x_wconf 65' lang='lat' dir='ltr'><strong>petulantiae</strong></span> <span class='ocrx_word' id='word_1_538' title='bbox 2707 4893 2924 4961; x_wconf 72' lang='lat' dir='ltr'><strong>linguae,</strong></span> <span class='ocrx_word' id='word_1_539' title='bbox 2958 4884 3298 4943; x_wconf 86' lang='lat' dir='ltr'><strong>admirabilis</strong></span> <span class='ocrx_word' id='word_1_540' title='bbox 3323 4878 3520 4936; x_wconf 86' lang='lat' dir='ltr'><strong>Juliani</strong></span> 
     </span>
    </p>
   </div>
   <div class='ocr_carea' id='block_1_75' title="bbox 1955 4969 3522 5065">
    <p class='ocr_par' dir='ltr' id='par_1_75' title="bbox 1955 4969 3522 5065">
     <span class='ocr_line' id='line_1_75' title="bbox 1955 4969 3522 5065; baseline -0.016 -18"><span class='ocrx_word' id='word_1_541' title='bbox 1955 4994 2201 5065; x_wconf 85' lang='lat' dir='ltr'><strong>precibus</strong></span> <span class='ocrx_word' id='word_1_542' title='bbox 2227 4991 2529 5044; x_wconf 80' lang='lat' dir='ltr'><strong>exstinctus</strong></span> <span class='ocrx_word' id='word_1_543' title='bbox 2559 5003 2573 5051; x_wconf 90' lang='lat'><strong>;</strong></span> <span class='ocrx_word' id='word_1_544' title='bbox 2625 4985 2760 5039; x_wconf 86' lang='lat' dir='ltr'><strong>alter</strong></span> <span class='ocrx_word' id='word_1_545' title='bbox 2792 4996 2938 5045; x_wconf 87' lang='lat' dir='ltr'><strong>vero,</strong></span> <span class='ocrx_word' id='word_1_546' title='bbox 2975 4981 3148 5034; x_wconf 91' lang='lat' dir='ltr'><strong>virum</strong></span> <span class='ocrx_word' id='word_1_547' title='bbox 3182 4983 3425 5032; x_wconf 83' lang='lat' dir='ltr'><strong>sanctum</strong></span> <span class='ocrx_word' id='word_1_548' title='bbox 3457 4969 3522 5023; x_wconf 88' lang='lat' dir='ltr'><strong>ad</strong></span> 
     </span>
    </p>
   </div>
   <div class='ocr_carea' id='block_1_76' title="bbox 1949 5058 3512 5152">
    <p class='ocr_par' dir='ltr' id='par_1_76' title="bbox 1949 5058 3512 5152">
     <span class='ocr_line' id='line_1_76' title="bbox 1949 5058 3512 5152; baseline -0.019 -15"><span class='ocrx_word' id='word_1_549' title='bbox 1949 5058 2148 5152; x_wconf 69' lang='lat' dir='ltr'><strong>iustam</strong></span> <span class='ocrx_word' id='word_1_550' title='bbox 2181 5079 2473 5134; x_wconf 82' lang='lat' dir='ltr'><strong>vindictam</strong></span> <span class='ocrx_word' id='word_1_551' title='bbox 2507 5071 2843 5144; x_wconf 84' lang='lat' dir='ltr'><strong>provocavit.</strong></span> <span class='ocrx_word' id='word_1_552' title='bbox 2883 5069 3038 5123; x_wconf 84' lang='lat' dir='ltr'><strong>Alius</strong></span> <span class='ocrx_word' id='word_1_553' title='bbox 3061 5081 3192 5135; x_wconf 86' lang='lat' dir='ltr'><strong>ergo</strong></span> <span class='ocrx_word' id='word_1_554' title='bbox 3223 5069 3305 5116; x_wconf 90' lang='lat' dir='ltr'><strong>est</strong></span> <span class='ocrx_word' id='word_1_555' title='bbox 3337 5058 3512 5114; x_wconf 71' lang='lat' dir='ltr'><strong>ortho~</strong></span> 
     </span>
    </p>
   </div>
   <div class='ocr_carea' id='block_1_77' title="bbox 1956 5145 3520 5228">
    <p class='ocr_par' dir='ltr' id='par_1_77' title="bbox 1956 5145 3520 5228">
     <span class='ocr_line' id='line_1_77' title="bbox 1956 5145 3520 5228; baseline -0.019 -2"><span class='ocrx_word' id='word_1_556' title='bbox 1956 5145 2108 5226; x_wconf 71' lang='lat' dir='ltr'><strong>doxzr</strong></span> <span class='ocrx_word' id='word_1_557' title='bbox 2157 5165 2279 5220; x_wconf 82' lang='lat' dir='ltr'><strong>ﬁdei</strong></span> <span class='ocrx_word' id='word_1_558' title='bbox 2327 5164 2599 5228; x_wconf 87' lang='lat' dir='ltr'><strong>alumnus,</strong></span> <span class='ocrx_word' id='word_1_559' title='bbox 2653 5160 2896 5221; x_wconf 87' lang='lat' dir='ltr'><strong>aliusque</strong></span> <span class='ocrx_word' id='word_1_560' title='bbox 2950 5153 3156 5209; x_wconf 87' lang='lat' dir='ltr'><strong>erroris</strong></span> <span class='ocrx_word' id='word_1_561' title='bbox 3219 5161 3419 5219; x_wconf 71' lang='lat' dir='ltr'><strong>praeco.</strong></span> <span class='ocrx_word' id='word_1_562' title='bbox 3455 5145 3520 5198; x_wconf 83' lang='grc' dir='ltr'><strong>ΑΙ</strong></span> 
     </span>
    </p>
   </div>
   <div class='ocr_carea' id='block_1_78' title="bbox 1957 5236 3524 5328">
    <p class='ocr_par' dir='ltr' id='par_1_78' title="bbox 1957 5236 3524 5328">
     <span class='ocr_line' id='line_1_78' title="bbox 1957 5236 3524 5328; baseline -0.018 -14"><span class='ocrx_word' id='word_1_563' title='bbox 1957 5272 2133 5328; x_wconf 89' lang='lat' dir='ltr'><strong>neque</strong></span> <span class='ocrx_word' id='word_1_564' title='bbox 2195 5257 2262 5320; x_wconf 88' lang='lat' dir='ltr'><strong>is,</strong></span> <span class='ocrx_word' id='word_1_565' title='bbox 2311 5253 2406 5325; x_wconf 86' lang='lat' dir='ltr'><strong>qui</strong></span> <span class='ocrx_word' id='word_1_566' title='bbox 2461 5251 2770 5322; x_wconf 71' lang='lat' dir='ltr'><strong>Euphemiae</strong></span> <span class='ocrx_word' id='word_1_567' title='bbox 2820 5245 3075 5316; x_wconf 84' lang='lat' dir='ltr'><strong>martyris</strong></span> <span class='ocrx_word' id='word_1_568' title='bbox 3123 5236 3524 5296; x_wconf 86' lang='lat' dir='ltr'><strong>enarrationem</strong></span> 
     </span>
    </p>
   </div>
   <div class='ocr_carea' id='block_1_79' title="bbox 1960 5323 3524 5420">
    <p class='ocr_par' dir='ltr' id='par_1_79' title="bbox 1960 5323 3524 5420">
     <span class='ocr_line' id='line_1_79' title="bbox 1960 5323 3524 5420; baseline -0.02 -13"><span class='ocrx_word' id='word_1_569' title='bbox 1960 5323 2282 5420; x_wconf 78' lang='lat' dir='ltr'><strong>composuit,</strong></span> <span class='ocrx_word' id='word_1_570' title='bbox 2312 5323 2600 5401; x_wconf 78' lang='lat' dir='ltr'><strong>commune</strong></span> <span class='ocrx_word' id='word_1_571' title='bbox 2641 5338 2838 5410; x_wconf 89' lang='lat' dir='ltr'><strong>aliquid</strong></span> <span class='ocrx_word' id='word_1_572' title='bbox 2873 5337 3035 5392; x_wconf 86' lang='lat' dir='ltr'><strong>habet</strong></span> <span class='ocrx_word' id='word_1_573' title='bbox 3070 5347 3191 5388; x_wconf 89' lang='lat' dir='ltr'><strong>cum</strong></span> <span class='ocrx_word' id='word_1_574' title='bbox 3235 5323 3524 5396; x_wconf 84' lang='lat' dir='ltr'><strong>impietatis</strong></span> 
     </span>
    </p>
   </div>
   <div class='ocr_carea' id='block_1_80' title="bbox 1961 5415 3526 5509">
    <p class='ocr_par' dir='ltr' id='par_1_80' title="bbox 1961 5415 3526 5509">
     <span class='ocr_line' id='line_1_80' title="bbox 1961 5415 3526 5509; baseline -0.02 -12"><span class='ocrx_word' id='word_1_575' title='bbox 1961 5415 2171 5498; x_wconf 81' lang='lat' dir='ltr'><strong>vindice</strong></span> <span class='ocrx_word' id='word_1_576' title='bbox 2206 5457 2219 5492; x_wconf 90' lang='lat'><strong>:</strong></span> <span class='ocrx_word' id='word_1_577' title='bbox 2253 5438 2484 5509; x_wconf 89' lang='lat' dir='ltr'><strong>primum</strong></span> <span class='ocrx_word' id='word_1_578' title='bbox 2518 5433 2764 5504; x_wconf 89' lang='lat' dir='ltr'><strong>quidem,</strong></span> <span class='ocrx_word' id='word_1_579' title='bbox 2791 5427 2932 5499; x_wconf 91' lang='lat' dir='ltr'><strong>quod</strong></span> <span class='ocrx_word' id='word_1_580' title='bbox 2978 5424 3172 5492; x_wconf 84' lang='lat' dir='ltr'><strong>impius</strong></span> <span class='ocrx_word' id='word_1_581' title='bbox 3222 5418 3310 5472; x_wconf 88' lang='lat' dir='ltr'><strong>ille</strong></span> <span class='ocrx_word' id='word_1_582' title='bbox 3368 5415 3526 5470; x_wconf 74' lang='lat' dir='ltr'><strong>citius</strong></span> 
     </span>
    </p>
   </div>
   <div class='ocr_carea' id='block_1_81' title="bbox 1961 5509 3519 5604">
    <p class='ocr_par' dir='ltr' id='par_1_81' title="bbox 1961 5509 3519 5604">
     <span class='ocr_line' id='line_1_81' title="bbox 1961 5509 3519 5604; baseline -0.019 -14"><span class='ocrx_word' id='word_1_583' title='bbox 1961 5547 2151 5604; x_wconf 60' lang='lat' dir='ltr'><strong>poenas</strong></span> <span class='ocrx_word' id='word_1_584' title='bbox 2183 5528 2473 5587; x_wconf 85' lang='lat' dir='ltr'><strong>exsolverit</strong></span> <span class='ocrx_word' id='word_1_585' title='bbox 2506 5543 2522 5582; x_wconf 91' lang='lat'><strong>:</strong></span> <span class='ocrx_word' id='word_1_586' title='bbox 2556 5539 2682 5579; x_wconf 88' lang='lat' dir='ltr'><strong>nam</strong></span> <span class='ocrx_word' id='word_1_587' title='bbox 2715 5523 2802 5592; x_wconf 92' lang='lat' dir='ltr'><strong>qui</strong></span> <span class='ocrx_word' id='word_1_588' title='bbox 2831 5516 3065 5589; x_wconf 62' lang='lat' dir='ltr'><strong>praefatae</strong></span> <span class='ocrx_word' id='word_1_589' title='bbox 3099 5509 3349 5580; x_wconf 85' lang='lat' dir='ltr'><strong>imaginis</strong></span> <span class='ocrx_word' id='word_1_590' title='bbox 3377 5521 3519 5562; x_wconf 81' lang='lat' dir='ltr'><strong>enar</strong></span> 
     </span>
    </p>
   </div>
   <div class='ocr_carea' id='block_1_82' title="bbox 1964 5599 3525 5686">
    <p class='ocr_par' dir='ltr' id='par_1_82' title="bbox 1964 5599 3525 5686">
     <span class='ocr_line' id='line_1_82' title="bbox 1964 5599 3525 5686; baseline -0.02 -4"><span class='ocrx_word' id='word_1_591' title='bbox 1964 5627 2228 5682; x_wconf 81' lang='lat' dir='ltr'><strong>rationem</strong></span> <span class='ocrx_word' id='word_1_592' title='bbox 2252 5632 2500 5678; x_wconf 83' lang='lat' dir='ltr'><strong>sermone</strong></span> <span class='ocrx_word' id='word_1_593' title='bbox 2525 5622 2841 5686; x_wconf 73' lang='lat' dir='ltr'><strong>prosecutus</strong></span> <span class='ocrx_word' id='word_1_594' title='bbox 2866 5618 2970 5674; x_wconf 90' lang='lat' dir='ltr'><strong>est,</strong></span> <span class='ocrx_word' id='word_1_595' title='bbox 2999 5615 3057 5660; x_wconf 91' lang='lat' dir='ltr'><strong>ut</strong></span> <span class='ocrx_word' id='word_1_596' title='bbox 3084 5606 3197 5675; x_wconf 84' lang='lat' dir='ltr'><strong>ipse</strong></span> <span class='ocrx_word' id='word_1_597' title='bbox 3223 5603 3275 5656; x_wconf 87' lang='lat' dir='ltr'><strong>in</strong></span> <span class='ocrx_word' id='word_1_598' title='bbox 3302 5599 3525 5670; x_wconf 82' lang='lat' dir='ltr'><strong>quibus-</strong></span> 
     </span>
    </p>
   </div>
   <div class='ocr_carea' id='block_1_83' title="bbox 1968 5688 3524 5775">
    <p class='ocr_par' dir='ltr' id='par_1_83' title="bbox 1968 5688 3524 5775">
     <span class='ocr_line' id='line_1_83' title="bbox 1968 5688 3524 5775; baseline -0.021 1"><span class='ocrx_word' id='word_1_599' title='bbox 1968 5721 2092 5775; x_wconf 89' lang='lat' dir='ltr'><strong>dam</strong></span> <span class='ocrx_word' id='word_1_600' title='bbox 2131 5717 2436 5774; x_wconf 88' lang='lat' dir='ltr'><strong>orationum</strong></span> <span class='ocrx_word' id='word_1_601' title='bbox 2486 5720 2702 5766; x_wconf 87' lang='lat' dir='ltr'><strong>suarum</strong></span> <span class='ocrx_word' id='word_1_602' title='bbox 2754 5703 2886 5759; x_wconf 92' lang='lat' dir='ltr'><strong>locis</strong></span> <span class='ocrx_word' id='word_1_603' title='bbox 2919 5697 3154 5764; x_wconf 85' lang='lat' dir='ltr'><strong>disserit,</strong></span> <span class='ocrx_word' id='word_1_604' title='bbox 3189 5693 3254 5749; x_wconf 91' lang='lat' dir='ltr'><strong>ad</strong></span> <span class='ocrx_word' id='word_1_605' title='bbox 3288 5688 3524 5760; x_wconf 69' lang='lat' dir='ltr'><strong>decrepio</strong></span> 
     </span>
    </p>
   </div>
  </div>
