3896 6268
383 277 490 336 479

1403 273 1743 330 NEMESIUS
1780 273 2149 332 EPISCUPUS
2177 274 2566 330 EMESENUS.

3521 272 3658 327 σεῦ

388 406 495 450 tam
516 401 855 450 senectutem
899 391 1162 463 pervenit.
1191 389 1350 459 ltem,
1373 390 1510 446 alter
1537 391 1753 460 quidem
1782 390 1941 444 Aria-
1973 447 1976 451 ,

2051 391 2144 444 τοῦ
2179 390 2296 460 βίου
2331 391 2694 460 κατήντησεν·
2721 387 2992 456 δεύτερον,
3018 392 3049 445 ὁ
3087 385 3309 456 μὲν-τῆς
3358 387 3658 457 ’Δρεμνι-

387 502 580 541 norum
607 485 788 539 furore
817 483 1005 553 pletms
1038 492 1156 538 erat
1185 498 1200 536 :
1225 483 1313 538 hic
1352 496 1481 536 vero
1509 482 1561 536 in
1600 482 1716 536 suis
1751 490 1949 536 tracta-

386 576 550 641 tibus,
584 590 703 645 quze
729 584 848 628 sunt
881 572 1003 627 fidei
1031 573 1340 628 orthodoxa!
1369 573 1525 628 docet
1541 571 1778 627 actradit
1805 589 1820 637 ;
1843 587 1948 625 non

385 677 564 721 autem
618 666 758 735 quod
795 665 885 717 Dei
927 663 1094 719 Filius
1128 680 1193 720 ac
1246 663 1477 719 Verbum
1523 680 1589 719 ex
1642 663 1806 719 nihilo
1855 664 1946 727 sit,

384 756 463 810 uti
494 756 716 808 insanus
767 753 855 807 ille
905 752 1354 822 blaSphemusque
1381 754 1622 808 Asterius
1656 754 1819 822 :quin
1857 769 1950 822 po-

387 849 492 901 tius
526 862 734 915 sempcr
753 860 890 908 esse,
907 859 968 899 ac
994 860 1204 913 semper
1229 844 1370 899 Patri
1395 844 1750 909 eoexsistere,
1784 845 1946 897 Deum

332 1006 339 1008 η
385 937 623 1000 tradens,
659 937 877 991 asserit.
912 935 1114 1000 Tertio,
1147 935 1392 990 Asterius
1422 934 1509 991 ille
1531 935 1819 989 luereticus-
1841 949 1944 987 non

383 1028 533 1082 urbis
581 1027 845 1089 Amasear,
885 1026 977 1080 sed
1025 1025 1247 1080 alterius
1281 1025 1556 1095 cujusdam
1611 1022 1751 1077 haud
1786 1023 1942 1091 longe

381 1116 666 1171 Antiochia
703 1117 1069 1185 episcopatum
1118 1116 1410 1186 impietatis
1441 1116 1690 1169 mercede
1722 1129 1749 1166 a
1777 1114 1940 1168 sociis

383 1207 649 1262 haereticis
703 1207 953 1276 accepit:
989 1208 1128 1260 unde
1190 1207 1350 1261 etiam
1401 1205 1694 1260 accersitus
1751 1203 1945 1257 Antio-

379 1297 553 1351 chiam
610 1296 906 1366 impietatis
941 1296 1183 1350 subsidio
1211 1310 1242 1349 a
1279 1312 1387 1350 sua:
1420 1304 1582 1349 sectae
1613 1294 1944 1355 hominibus,

377 1385 713 1441 admirabilis
772 1385 969 1440 Juliani
1027 1386 1297 1456 precibus,
1334 1385 1409 1439 uti
1467 1399 1651 1438 sumus
1712 1381 1941 1450 praefati,

379 1477 672 1534 miserabili
700 1480 846 1533 exitu
890 1479 1050 1532 vitam
1094 1477 1282 1531 finivit.
1320 1475 1614 1541 Praeterea,
1646 1475 1782 1528 alter
1819 1474 1944 1542 qui-

269 1568 274 1575 ’
377 1569 496 1622 dem
525 1583 741 1638 gregem
780 1567 957 1633 docet,
994 1565 1154 1635 inque
1180 1566 1471 1620 virtutibus
1518 1564 1755 1619 studiose
1795 1561 1944 1617 labo—

378 1667 482 1722 rat,
516 1673 581 1713 ac
637 1659 902 1728 religiosae
935 1657 1098 1712 totius
1126 1657 1558 1716 conversationis
1585 1670 1648 1709 ac
1681 1655 1805 1710 vitae
1833 1653 1936 1709 do-

2051 483 2154 553 κῆς
2176 481 2380 553 λύσσης
2426 481 2810 551 ἐπεπλήρωτο·
2849 474 3002 542 οὗτος
3050 477 3128 543 δὲ,
3164 478 3224 530 ὲν
3255 479 3367 539 τοῖς
3399 478 3640 542 οἰκείοις

2051 572 2226 642 λόγοις
2251 573 2318 626 τὰ
2347 572 2456 626 τῶν
2484 571 2777 643 όρθοδόξων
2808 569 3146 639 δογματίζει,
3177 568 3276 620 οὐκ
3316 569 3380 620 ὲκ
3420 568 3496 639 μὴ
3533 569 3652 622 ὅν-

2047 681 2156 717 των
2198 665 2289 717 τὸν
2320 664 2445 718 Υἱὸν
2494 665 2588 717 καὶ
2631 663 2802 730 Λόγον
2840 661 2935 714 τοῦ
2978 661 3134 721 Θεοῦ,
3181 659 3255 722 ὡς
3294 663 3323 713 ό
3366 659 3646 730 μεμηνὼς

2048 752 2348 823 δυσφημῶν
2393 752 2685 824 Ἀστέριος,
2713 751 2800 804 ἀεὶ
2841 750 2906 804 δὲ.
2927 749 3057 802 ὄντα
3087 748 3366 815 Θεολογῶν,
3409 749 3501 802 καὶ
3538 749 3654 801 ἀεὶ

2050 845 2274 898 συνόντα
2305 844 2384 914 τῷ
2420 845 2624 915 Πατρί·
2662 843 2865 914 τρίτον,
2898 843 2927 894 ό
2981 841 3080 912 μὲν
3127 840 3399 912 αἱρετικὸς
3435 840 3642 892 Ἀστέ-

2051 953 2183 1006 ριος,
2230 935 2292 988 οὐ
2341 935 2441 1005 τῆς
2496 934 2809 1004 Ἀμασείας,
2861 931 2973 986 ἀλλ’
3009 930 3174 1002 ἄλλης
3216 929 3362 992 τινὸς
3415 928 3633 990 πόλεως

2048 1025 2450 1098 πλησιαζούσης
2470 1027 2536 1094 τῇ
2566 1023 2854 1094 Ἀντιόχου,
2873 1021 3058 1093 μισθὸν
3077 1021 3173 1091 τῆς
3194 1019 3447 1083 ἀσεϐείας
3470 1017 3638 1088 παρὰ

2046 1119 2163 1174 τῶν
2191 1117 2620 1190 συναιρεσιιινεῶν
2659 1117 2759 1186 τὴν
2818 1114 3120 1184 ἐπισκοπὴν
3167 1112 3385 1182 εἴληφεν
3407 1126 3422 1141 ·
3458 1111 3518 1176 ἐξ
3555 1106 3642 1181 ἦς,

2048 1213 2141 1264 καὶ
2175 1211 2509 1282 μετάκλητος
2535 1212 2606 1273 ,ἐν
2645 1208 2942 1276 Ἀντιοχείᾳ
2981 1205 3130 1276 παρὰ
3154 1203 3262 1257 τῶν
3302 1203 3650 1274 όμοφρόνωψ

2046 1299 2282 1370 γεγονὼς
2327 1300 2420 1352 ἐπὶ
2456 1297 2743 1368 συμμαχίᾳ
2787 1296 2879 1349 τοῦ
2911 1294 3337 1364 δυσσεϐήματος,
3370 1295 3491 1355 ταῖς
3524 1291 3640 1344 τοῦ

2046 1392 2347 1463 θαυμασίου
2403 1389 2691 1443 Ἰουλιανοῦ
2741 1390 3102 1460 προσευχαῖς,
3152 1386 3226 1448 ὡς
3272 1385 3644 1455 προείρηται..

2044 1482 2133 1534 τὸν
2165 1480 2278 1550 βίον
2308 1478 2506 1543 ἀθλίως
2538 1476 2930 1546 κατέστρεψεν
2966 1475 3059 1527 ἐπὶ
3105 1473 3329 1535 τούτοις,
3360 1474 3390 1524 ὁ
3421 1472 3521 1541 μὲν
3543 1469 3629 1521 δι-

2043 1572 2228 1629 δάσκει
2257 1571 2319 1624 τὸ
2361 1571 2632 1640 ποίμνιον,
2657 1570 2750 1623 καὶ
2794 1568 3158 1636 φιλοπονεῖέται
3188 1564 3315 1632 περ)⁵
3356 1562 3464 1614 τῶν
3489 1563 3638 1630 ἁρε-

2043 1665 2176 1726 τῶν,
2209 1665 2422 1731 ἁπάσης
2444 1663 2498 1715 δὲ
2521 1662 2795 1715 δείκνυται
2829 1657 3122 1728 θεαρέστου
3157 1652 3425 1715 πολιτείας
3453 1667 3638 1706 κατα-

379 1750 632 1804 micilium
685 1750 972 1821 proditur:
1006 1764 1234 1823 quorum
1296 1748 1429 1804 nihil
1487 1747 1856 1818 deprehendas
1885 1746 1937 1800 in
1974 1777 1976 1782 ·

2050 1757 2277 1826 γώγιονο
2313 1757 2342 1808 ὁ
2368 1755 2423 1807 δὲ
2452 1755 2603 1807 οὐδὲν
2630 1751 2867 1806 τοιοῦτον
2903 1747 3298 1816 ὲπιγινώσκετα
3315 1793 3328 1806 ,

378 1839 568 1895 altero.

377 2005 3615 2070 Μ

1573 2193 1750 2236 CIRCA
1786 2186 2008 2233 ANNUM
2044 2185 2264 2230 DOMINI
2301 2185 2404 2230 CD.

1433 2498 1714 2670 NE
1745 2343 2574 2671 MﬁSIUS

1119 2811 1934 2906 EPISCOPUS

2089 2803 2846 2900 EMESENUS

1282 3179 1888 3293 NOTITIA
1940 3175 2725 3292 HlSTORlCA

1229 3399 1323 3460 (Ex
1348 3397 1641 3450 Bibliotheca
1667 3401 1874 3448 Patrum
1895 3399 2153 3458 Gallandii,
2181 3404 2216 3446 t.
2244 3396 2349 3458 νυ,
2374 3397 2576 3458 Proleg.
2598 3408 2645 3457 p.
2671 3391 2768 3459 xi.)

447 3663 488 3719 Ι.
525 3661 754 3726 Emesae,
794 3676 914 3730 qua
958 3672 1012 3717 et
1057 3663 1258 3727 Emisa,
1306 3664 1360 3718 in
1404 3664 1677 3720 Phoenicia
1707 3666 1942 3722 secunda
1972 3671 2014 3728 Β
2049 3667 2126 3720 De
2151 3674 2343 3718 natura
2367 3664 2615 3726 hominis,
2651 3661 2764 3716 sive
2790 3661 2999 3731 aliquas
3025 3674 3092 3715 ex
3122 3673 3190 3716 eo
3217 3660 3434 3730 eclogas
3459 3662 3623 3716 exhi-

373 3757 662 3828 episcOpus
702 3753 868 3808 fuisse
905 3753 1134 3808 traditur
1176 3753 1496 3823 Nemesius;
1538 3757 1696 3826 eique
1737 3759 1788 3812 in
1825 3758 1943 3828 epio

375 3858 658 3914 scoparum
691 3839 1076 3898 Emesenorum
1106 3845 1246 3899 serie
1275 3845 1570 3900 ordinanda
1599 3846 1843 3916 quintum
1867 3847 1946 3902 lo-

371 3951 500 3994 cum
529 3944 674 3990 recte
699 3935 955 3991 tribuisse
981 3935 1190 3990 videtur
1221 3936 1291 3989 cl.
1323 3935 1648 4005 Lequienius
1674 3939 1750 4007 (a)
1784 3957 1797 3992 :
1835 3954 1946 3994 me-

376 4027 526 4082 dium
550 4025 755 4082 scilicet
781 4026 919 4080 inter
946 4025 1164 4078 Paulum
1190 4025 1232 4090 Ι,
1257 4027 1346 4096 qui
1374 4027 1426 4082 in
1458 4027 1786 4084 Seleuciensi
1815 4045 1943 4084 con-

375 4115 501 4171 cilio
535 4115 766 4184 Georgio
787 4115 1150 4171 Alexandrino
1168 4158 1183 4181 ,
1227 4117 1422 4172 Acacio
1447 4116 1767 4174 Caesariensi
1795 4119 1945 4176 aliis-

374 4218 484 4276 que
511 4206 778 4262 Arianica:
822 4205 1072 4260 factionis
1126 4207 1443 4274 praesulibus
1483 4207 1800 4274 adhaerens,
1837 4208 1948 4262 for.

375 4295 536 4350 mula:
555 4296 791 4363 ipsorum
817 4295 937 4354 lltlci
967 4296 1320 4364 subscripsit;
1343 4305 1396 4350 et
1420 4295 1729 4366 Cyriacum,
1752 4298 1865 4367 qui,
1889 4308 1948 4354 ut

377 4386 544 4440 refert
573 4383 844 4440 Palladius
874 4384 974 4456 (ὁ),
1006 4384 1228 4440 Joannis
1251 4384 1623 4457 Chrysostomi
1651 4402 1829 4442 causa:
1852 4404 1947 4458 pa-

375 4475 664 4532 trocinium
721 4485 942 4530 strenue
1001 4478 1256 4545 suscepit.
1313 4478 1388 4532 De
1444 4476 1681 4534 Nemesii
1729 4480 1944 4548 quidem

372 4565 668 4636 episcopali
723 4567 852 4622 sede
899 4567 1163 4624 Emesena
1188 4607 1205 4632 ,
1243 4577 1299 4624 et
1328 4569 1395 4623 de
1431 4579 1670 4639 tempore
1704 4585 1813 4640 quo
1851 4570 1948 4626 llo-

376 4657 551 4713 ruerit
579 4657 832 4713 dubitant
866 4659 1104 4715 nonnulli
1136 4680 1148 4715 :
1179 4661 1307 4729 quin
1330 4669 1384 4715 et
1404 4659 1611 4716 Caveus
1633 4675 1700 4717 eo
1728 4677 1946 4731 proces-

2048 3756 2230 3820 beant,
2279 3768 2382 3808 non
2415 3753 2587 3807 solum
2626 3749 2862 3805 Nemesii
2897 3764 3091 3804 nomen
3115 3750 3262 3815 ,-sed
3299 3764 3421 3804 eum
3452 3753 3619 3806 etiam

2048 3847 2210 3901 fuisse
2239 3846 2572 3914 episcopum,
2605 3851 2658 3896 et
2689 3843 2897 3897 Emesa;
2929 3841 3145 3910 quidem
3174 3841 3400 3906 sedisse,
3436 3843 3619 3910 palam

2049 3941 2283 4008 produnt
2315 3957 2328 3992 :
2364 3947 2420 3992 ut
2449 3954 2516 3992 ex
2551 3953 2657 3991 uno
2685 3946 2847 4006 atque
2872 3936 3045 3992 altero
3077 3935 3254 3990 indice
3282 3934 3622 3990 Bibliotheca

2048 4030 2478 4084 bibliothecarum
2493 4029 2970 4098 manuscriptorum
2989 4026 3468 4082 Montfauconiante
3484 4029 3622 4082 satis

2048 4129 2386 4190 compertum
2433 4120 2713 4174 habemus.
2782 4118 3005 4175 Accedit
3065 4126 3325 4187 praeterea
3371 4126 3626 4172 veterum

2049 4214 2376 4282 scriptorum
2433 4211 2926 4267 ecclesiasticorum
2993 4208 3323 4272 auctoritas,
3393 4207 3615 4262 Maximi

2048 4303 2377 4360 confessoris
2400 4311 2454 4358 et
2479 4302 2750 4357 Anastasii
2777 4301 3020 4366 Sinaitaz,
3065 4315 3272 4355 necnon
3304 4299 3464 4354 Mosis
3489 4299 3622 4354 Bar-

2047 4395 2280 4465 Cephze;
2307 4410 2535 4462 quorum
2571 4393 2643 4448 illi
2677 4392 2873 4448 saeculo
2905 4407 3004 4458 vn,
3041 4392 3129 4449 hic
3170 4401 3347 4447 autem
3382 4407 3438 4446 ix
3470 4391 3622 4446 desi-

2051 4499 2211 4542 nente
2239 4486 2504 4542 claruisse
2534 4485 2908 4554 perhibentur.
2937 4484 3004 4538 Et
3033 4483 3297 4538 Maximus
3319 4482 3536 4554 quidem
3565 4483 3626 4536 in

2051 4577 2332 4645 Opust-alis
2366 4576 2670 4646 theologicis
2707 4585 2756 4630 et
2803 4576 3070 4644 polemtcis
3103 4575 3210 4627 duo
3256 4572 3372 4628 loca
3416 4572 3634 4640 profert

2051 4665 2402 4730 Nemesiana,
2434 4681 2552 4734 quae
2591 4665 2673 4720 sic
2707 4664 2950 4720 inscribit
2993 4663 3074 4734 (tl)
3111 4682 3125 4717 :
3178 4663 3284 4718 Τοῦ
3327 4663 3483 4733 ἁγίου
3516 4664 3626 4716 Νε-

374 4748 445 4802 sit
471 4755 530 4802 ut
561 4747 892 4804 confidenter
919 4752 1215 4805 asseruerit
1247 4750 1338 4820 (c),
1375 4751 1439 4806 de
1461 4749 1715 4808 Nemesin
1741 4753 1945 4808 incerta

2055 4757 2240 4826 μεσίου
2272 4756 2571 4810 ἐπισκόπου
2631 4756 2884 4826 Ἐμέσης,
2921 4755 3103 4811 Sancti
3136 4754 3368 4809 Nemesit'
3397 4755 3627 4823 φὲεεορὶ

373 4852 494 4894 esse
531 4840 734 4905 omnia,
765 4855 890 4895 cum
921 4840 986 4895 de
1019 4855 1084 4895 eo
1123 4841 1278 4909 plane
1303 4843 1500 4896 sileant
1535 4852 1764 4898 veteres.
1798 4845 1866 4898 At
1895 4844 1946 4900 id
2051 4848 2310 4905 Emeseni.
2354 4847 2537 4916 Neque
2574 4848 2731 4903 aliter
2774 4847 3093 4904 Anastasius
3130 4846 3366 4912 Sinaita,
3415 4848 3506 4915 qui
3555 4861 3626 4901 ex

379 4928 651 4984 immerito
699 4947 830 4988 sane
874 4934 1302 5001 pronuntiatum.
1343 4937 1558 4991 Nullum
1601 4938 1744 4994 enim
1783 4938 1944 4996 dubi-
1979 4997 2018 5008 _
2050 4939 2284 4995 Nemesii
2308 4953 2474 5008 opere
2497 4940 2605 4994 duo
2635 4939 2761 4994 item
2793 4949 3047 5008 excerpta
3077 4940 3214 4994 bene
3238 4938 3396 5007 longa
3428 4939 3484 5001 in
3509 4953 3624 4990 me-

377 5020 524 5074 laudi
557 5019 733 5076 locum
769 5021 1076 5092 relinquunt
1104 5024 1334 5094 primum
1366 5028 1606 5080 omnium
1637 5029 1943 5099 complures
1984 5019 2025 5052 ν
2050 5032 2195 5086 dium
2230 5031 2504 5086 adducens
2533 5030 2623 5100 (ε),
2647 5030 2874 5085 alterum
2907 5030 2982 5084 De
3005 5031 3327 5100 providentia
3361 5029 3451 5100 (1),
3485 5031 3620 5083 alte-

377 5126 508 5166 ntss.
533 5113 772 5178 codices,
799 5114 888 5182 qui
919 5114 1035 5170 sive
1061 5115 1327 5184 integrum
1357 5119 1591 5172 auctoris
1616 5119 1782 5174 nostri
1807 5133 1944 5189 opus
2055 5137 2173 5178 rum
2207 5120 2282 5175 De
2322 5132 2516 5176 natura
2547 5121 2772 5176 hominis
2796 5120 2870 5191 (9)
2892 5138 2908 5187 ;
2931 5135 2995 5176 ea
3023 5135 3083 5176 se
3105 5120 3458 5190 descripsisse
3491 5135 3624 5188 pro-

447 5351 522 5418 (a)
563 5350 825 5422 Lequien.
850 5351 944 5406 0r.
979 5349 1196 5422 Christ"
1233 5361 1364 5410 tom.
1392 5352 1454 5416 ll,
1487 5369 1609 5422 pag.
1643 5353 1767 5407 859.

447 5423 523 5488 (ὁ)
563 5420 773 5492 Pallad.
797 5421 938 5477 Dial.
975 5423 1040 5477 de
1080 5420 1180 5476 Vit.
1206 5420 1501 5491 Clin/rost,
1537 5440 1656 5492 pag.
1685 5423 1804 5480 194.

449 5492 519 5562 (ι’)
558 5491 691 5562 Cav.
726 5491 869 5546 Hist.
899 5493 1029 5556 litt.,
1067 5503 1198 5562 tom.
1235 5492 1273 5555 I,
1303 5509 1422 5562 pag.
1448 5493 1573 5546 276.

384 5561 789 5687 κρέξ.
823 5563 958 5681 Opp.
1009 5572 1141 5620 tom.
1177 5561 1239 5628 ll,
1272 5561 1392 5634 pag.
1421 5563 1521 5618 155
1546 5565 1676 5620 edit.
1703 5563 1946 5620 Combef.

431 5646 555 5685 .zt'ls.
588 5646 741 5687 1614.
907 5674 914 5681 .

2119 5359 2187 5427 (ε)
2220 5359 2415 5430 Δᾼηξιει.
2442 5358 2583 5424 Sim,
2606 5357 2833 5430 Quaastt.
2863 5375 2992 5430 xvm
3012 5367 3066 5413 et
3094 5375 3238 5414 χειν.
3258 5357 3390 5430 Opp.
3411 5357 3627 5422 Grets.,

2052 5437 2182 5482 tom.
2218 5428 2354 5490 XIV,
2387 5439 2525 5497 part.
2557 5444 2616 5489 ll,
2657 5443 2779 5497 pag.
2812 5428 2941 5495 270,
2966 5430 3092 5483 294.

2122 5499 2188 5566 (f)
2232 5499 2441 5570 Nerines.
2477 5497 2548 5550 De
2579 5509 2690 5551 nat.
2714 5502 2887 5570 illam”
2923 5514 3040 5570 cap.
3072 5499 3158 5554 44.

2123 5571 2198 5638 (g)
2241 5568 2316 5624 ld.
2358 5568 2512 5633 una,
2554 5583 2673 5638 cap.
2708 5569 2758 5621 l.
