3896 6268
227 257 334 316 εει

1615 251 2151 311 PROLEGOMENA.

3385 257 3494 317 182

217 379 416 432 ﬁit‘ltll‘
438 387 506 429 ex
530 371 777 428 Nemesio
806 371 1044 441 episcOpo
1074 370 1349 439 Emeseno,
1381 372 1651 448 Νεμεαίου
1682 375 1806 425 ὲπι-
1837 376 1879 433 Α
1911 372 2144 426 omittat.
2193 371 2275 428 Ad
2317 373 2432 429 haec
2471 373 2676 428 nulluru
2731 384 2996 432 memorat
3038 361 3314 434 auctorem
3335 419 3349 442 ,
3395 381 3487 448 qui

226 469 436 523 σχόπου
490 465 744 536 Ἐμέσης.
797 464 972 519 Moses
1024 479 1151 518 vero
1188 447 1504 534 -Bar-Cepha
1555 473 1809 519 nonnulla

225 577 294 631 ex
334 559 523 614 eodem
557 572 721 630 opere
747 557 910 610 verba
945 555 1204 619 recitans,
1244 555 1548 610 Nemesium
1579 555 1810 624 philoso-

223 652 394 719 phum
421 645 786 702 Christianum
819 645 1062 698 nominat
1094 642 1195 714 (a),
1231 645 1412 712 operis
1443 643 1621 712 potius
1647 658 1810 712 argu-

213 749 473 795 mentum
506 739 748 802 scilicet,
782 752 942 806 quam
994 736 1234 790 auctoris
1282 735 1600 804 dignitatem
1635 735 1808 803 respi-

225 833 403 888 ciens.
440 830 692 885 Przesulis
723 830 936 883 demum
980 826 1147 881 nostri
1183 825 1430 879 meminit
1453 863 1466 889 ,
1500 824 1688 878 eadem
1727 823 1809 876 iu—

225 923 528 994 scriptione
553 929 684 973 uSus
711 932 816 988 qua
841 916 1109 969 Maximus
1129 924 1184 968 et
1207 913 1551 976 Anastasius,
1577 911 1810 981 scriptor

223 1027 530 1082 anonymus
560 1009 697 1079 apud
734 1006 1195 1060 Montfanconium
1225 1005 1300 1074 (ὁ)
1333 1005 1510 1059 adhuc
1547 1003 1805 1066 ineditus,

225 1106 281 1157 in
314 1102 531 1171 Eclogis
569 1099 760 1154 ordine
803 1098 1146 1168 alphabetico
1192 1096 1436 1164 digestis,
1473 1110 1592 1164 quae
1632 1110 1661 1147 a
1697 1092 1809 1146 Pa-

215 1193 433 1247 rallelis
464 1189 864 1244 Damascenicis
897 1186 1176 1242 diﬂerunt.
1215 1187 1293 1240 Ex
1333 1187 1528 1255 quibus
1562 1201 1692 1256 ergo
1725 1186 1809 1238 in-

225 1286 474 1356 telligas,
509 1293 728 1338 rectene
763 1298 830 1336 an
863 1296 1051 1346 secus,
1087 1279 1154 1334 de
1199 1289 1423 1335 auclore
1469 1289 1653 1335 nostro
1701 1278 1808 1333 Ca-

221 1392 360 1430 vcus
389 1377 590 1446 aliique
621 1375 955 1430 censuerint.

296 1523 361 1577 ll.
405 1522 601 1578 Verum
631 1530 692 1576 ut
723 1537 787 1576 ea
824 1521 1001 1576 denuo
1034 1521 1205 1592 magis
1253 1521 1644 1577 confirmentur
1688 1536 1809 1590 qum

222 1615 478 1685 superius
533 1615 714 1669 obiter
776 1623 898 1683 post
954 1613 1307 1682 Lequienium
1369 1614 1690 1682 attigimus,
1742 1615 1808 1666 de

227 1719 472 1777 tempore
501 1721 608 1774 quo
649 1705 702 1759 in
749 1707 1007 1760 cathedra
1047 1704 1312 1759 Emesena
1367 1704 1568 1758 sederit
1614 1703 1808 1757 Neme-
1840 1725 1881 1778 Β

224 1796 377 1862 sius;
417 1795 713 1849 observare.
751 1795 983 1861 primum
1012 1793 1215 1862 juverit
1249 1808 1369 1848 cum
1405 1793 1612 1871 editore
1657 1791 1804 1848 Oxo-

224 1886 443 1951 niensi,
477 1885 775 1940 antistitem
827 1895 1070 1940 nostrum
1108 1899 1170 1939 ea
1219 1893 1542 1953 tempestate
1584 1884 1802 1949 vixisse,

225 1995 336 2048 qua
373 1977 626 2032 Ecclesia:
667 1991 851 2046 pacem
885 1975 1177 2030 turbabant
1203 1975 1587 2045 Apollinarius,
1620 1974 1803 2028 Euno-~

227 2072 372 2125 mins
418 2077 580 2137 atque
619 2067 964 2136 Origenistaa.
1010 2067 1076 2120 Et
1115 2067 1182 2120 de
1213 2065 1546 2134 Apollinario
1588 2066 1803 2134 quidem

225 2163 390 2218 verba
444 2160 650 2216 faciens
706 2157 990 2214 Nemesius
1043 2160 1145 2213 sub
1190 2158 1382 2228 'operis
1430 2158 1643 2212 initium
1700 2157 1798 2231 (c),

225 2256 406 2324 ipsum
450 2253 706 2322 deinceps
756 2251 999 2307 studiose
1043 2251 1245 2306 refellit
1286 2252 1384 2320 (Δ).
1439 2251 1579 2306 Alibi
1627 2262 1805 2307 autem

225 2358 417 2401 contra
473 2345 798 2401 Eunomium
843 2342 1020 2412 palam
1066 2343 1305 2411 disputat
1351 2345 1459 2412 (e);
1515 2359 1674 2412 quem
1726 2346 1809 2398 ni-

229 2438 430 2492 mirum
469 2452 498 2490 a
531 2434 818 2504 pracipuis
851 2434 1026 2502 quarti
1071 2434 1252 2489 steculi
1290 2435 1545 2488 Ecclesiae
1577 2435 1809 2504 scripto-

230 2529 411 2591 ribus,
450 2525 646 2579 Basilio
670 2525 969 2594 praesertim
1000 2534 1054 2579 et
1083 2533 1310 2593 utroque
1333 2525 1618 2594 Gregorio,
1643 2526 1810 2580 fuisse

228 2621 601 2687 impugnatum
623 2629 782 2671 nemo
810 2616 1002 2671 nescit.
1047 2615 1475 2686 Origenistarum
1503 2628 1683 2672 autem
1727 2617 1810 2671 in-

227 2707 441 2762 somnia
459 2706 526 2758 de
543 2704 848 2760 animarum
875 2705 1132 2760 descensu
1148 2719 1213 2759 ac
1235 2707 1708 2775 transmigratione
1731 2718 1810 2762 ta-

226 2797 336 2851 cite
351 2796 959 2865 primum,postmodum
987 2810 1113 2850 vero
1128 2798 1466 2865 apertissime
1491 2801 1696 2868 respuit
1718 2801 1807 2870 (Ι).

228 2888 385 2955 Quod
425 2888 469 2940 si
532 2885 818 2941 Nemesius
882 2885 1009 2940 dum
1073 2887 1359 2941 ereationis
1420 2903 1556 2955 opus
1611 2904 1810 2942 secun-

231 2981 362 3033 dum
397 2977 805 3047 Scripturarum
829 2977 1039 3044 eloquia
1068 2991 1328 3032 enarrare
1353 2979 1572 3048 satagit,
1602 2979 1811 3033 anima-

1914 471 2035 530 post
2072 463 2662 530 quadringentesimum
2716 481 2745 519 a
2799 467 3020 522 Christo
3065 483 3263 524 annum
3315 471 3490 525 incla-

1915 554 2102 606 rnerit.
2145 553 2335 608 Omnia
2367 555 2583 609 demum
2618 557 2669 609 in
2702 565 2924 612 auctore
2959 569 3144 614 nostro
3173 561 3217 615 si
3247 561 3485 631 penitius

1913 644 2380 713 introspit-iantur,
2417 660 2518 700 non
2551 648 2778 702 suadere
2807 648 3001 714 solum,
3037 651 3132 704 sed
3163 651 3326 705 etiam
3357 667 3486 722 per-

1911 736 2141 790 suadere
2186 736 2459 800 videntur,
2511 737 2706 792 saeculo
2748 753 2802 792 tv
2839 739 3120 796 desinente
3158 741 3332 811 ipsum
3385 742 3486 798 llo-

1913 839 2106 880 τυιεθθ.

1981 974 2066 1030 Ill.
2105 973 2290 1046 Neque
2328 985 2507 1030 tamen
2560 985 2844 1046 prOpterea
2890 993 3014 1032 cum
3059 961 3357 1048 Lequlenio
3401 980 3490 1034 af-

1915 1068 2130 1122 firmare
2174 1068 2370 1130 ausim,
2401 1067 2710 1122 Nemcsium
2753 1077 2995 1123 nostrum
3031 1068 3230 1122 Basilio
3263 1080 3311 1123 et
3363 1069 3493 1123 Gre-

1909 1159 2056 1226 gorio
2099 1151 2448 1210 'Nazianzeno
2485 1159 2720 1211 amicitia
2760 1158 3251 1227 conjunctiuimum
3299 1161 3491 1228 fuisse,

1909 1247 1994 1299 cui
2016 1261 2215 1312 nempe,
2241 1247 2432 1315 inquit.
2459 1245 2804 1300 Philocaliam
2829 1263 2977 1300 suam
3001 1260 3366 1316 nuncuparunt
3403 1251 3490 1320 (ι).

1910 1338 2065 1391 Aliud
2113 1338 2369 1391 nimirum
2415 1337 2607 1405 agebat
2657 1352 2708 1390 v.
2751 1351 2803 1392 c.
2856 1337 2984 1390 dum
3025 1337 3141 1392 haec
3208 1340 3491 1396 scriberet.

1911 1426 2093 1498 Neque
2122 1429 2265 1482 enim
2301 1427 2547 1482 Nemesio
2577 1427 2865 1492 Emeseno,
2900 1428 2994 1482 sed
3036 1425 3323 1483 Theodoro
3354 1430 3496 1501 Tya-

1911 1521 2064 1574 nensi
2095 1522 2350 1589 episcopo
2388 1537 2417 1573 a
2465 1519 2666 1573 Basilio
2710 1529 2764 1574 et
2790 1518 3054 1589 Gregorio
3087 1518 3255 1576 fuisse
3298 1523 3495 1576 inscri-

1911 1620 2076 1678 ptam,
2111 1611 2191 1662 vel
2238 1611 2416 1680 potius
2460 1611 2524 1663 ad
2560 1611 2705 1664 hunc
2741 1609 3061 1678 simpliciter
3096 1611 3316 1666 missam
3358 1611 3495 1666 Phi-

1910 1700 2157 1754 localiam
2187 1702 2593 1771 Origenianam,
2631 1718 2698 1757 ex
2731 1705 2920 1756 eodem
2961 1701 3308 1758 Nazianzeno
3337 1704 3496 1760 intel-

1905 1794 2119 1864 ligimus
2150 1794 2266 1864 (τη).
2305 1795 2417 1848 Sub
2446 1793 2586 1847 idem
2619 1801 2833 1862 tempus
2865 1793 3144 1849 cuium/ero
3175 1793 3274 1849 fuit
3303 1793 3496 1850 Neme-

1906 1887 2017 1938 sius
2049 1885 2266 1953 quidam
2299 1884 2545 1953 Gregorii
2579 1884 2913 1938 Nazianzeni
2945 1884 3252 1949 familiaris,
3283 1887 3497 1956 Cappa-

1909 1977 2078 2031 dociae
2117 1977 2404 2046 przefectus
2444 1987 2606 2044 atque
2637 1992 2664 2030 a
2695 1977 2912 2030 Christo
2939 1976 3146 2032 alienus
3169 2017 3184 2042 ,
3230 1979 3298 2034 ad
3330 1994 3495 2048 quem

1906 2077 2121 2123 exstant
2145 2059 2666 2138 quatuor’ejusdem
2717 2067 3050 2125 Nazianzeni
3102 2069 3345 2136 epistolae
3388 2072 3495 2140 (u),

1908 2171 1961 2214 et
1993 2175 2212 2214 carmen
2240 2158 2374 2214 satis
2403 2158 2668 2226 prolixum
2698 2158 2776 2228 (υ)
2804 2173 2911 2227 quo
2955 2160 3022 2213 ah
3049 2159 3374 2216 idololatria:
3411 2179 3500 2217 va-

1913 2251 2085 2305 nitate
2120 2251 2297 2320 ipsum
2337 2265 2566 2305 avocare
2592 2250 2774 2304 studet
2801 2266 2817 2306 :
2847 2267 3006 2320 quem
3034 2259 3215 2307 tamen
3239 2253 3306 2308 ab
3332 2253 3496 2308 Eme-

1909 2356 2041 2396 seno
2076 2341 2514 2412 distinguendum
2545 2355 2666 2396 esse
2704 2340 2988 2396 Fabricius
3023 2341 3104 2412 (ρ)
3137 2342 3339 2412 aliique
3371 2359 3499 2398 con-

1913 2433 2162 2488 tendunt.
2192 2432 2352 2502 Atqui
2385 2432 2528 2487 haud
2567 2431 2726 2501 longe
2760 2447 2790 2485 a
2830 2447 2960 2486 vero
2981 2435 3171 2490 abesse
3204 2443 3358 2503 putat
3386 2435 3496 2490 Til-

1911 2524 2201 2579 lemontius
2227 2526 2328 2594 (ᾳ),
2356 2525 2399 2578 si
2431 2525 2554 2594 quis
2578 2524 2888 2579 Nemcsium
2913 2524 3239 2580 Nazianzeni
3264 2526 3500 2582 amicum

1911 2614 2003 2684 qui
2029 2614 2385 2684 Cappadocia:
2417 2615 2728 2686 praefectum
2757 2615 2992 2685 agebat,
3023 2615 3146 2670 libri
3177 2615 3256 2670 De
3299 2628 3497 2671 natura

1911 2706 2136 2759 hominis
2161 2716 2438 2761 auctorem
2467 2706 2764 2761 existimet.
2796 2705 2967 2772 Quam
3005 2721 3138 2761 sane
3164 2709 3490 2762 sententiam

1913 2795 1985 2849 ita
2015 2795 2315 2852 luculenter
2342 2796 2562 2865 exponit
2586 2797 2762 2851 editor
2790 2796 3114 2852 Oxoniensis
3147 2796 3219 2867 (r)
3271 2814 3284 2849 :
3337 2817 3355 2850 ς
3392 2798 3500 2851 Bil-

1913 2885 2069 2953 lius,t
2091 2888 2286 2958 inquit,
2321 2908 2340 2940 ι
2372 2899 2423 2942 et
2446 2888 2536 2942 alii
2561 2888 2802 2942 nonnulli
2830 2888 3054 2942 minime
3082 2889 3375 2944 verisimile
3399 2907 3501 2958 pu-

1916 2984 2053 3042 tant,
2083 2978 2439 3048 Cappadocire
2471 2979 2813 3048 praefectum,
2841 2979 3112 3034 hominem
3139 2981 3321 3036 saeculi
3351 2985 3498 3035 cnt°is

228 3085 350 3123 rum
383 3068 867 3137 prmexsistentiam
905 3067 1097 3122 doceat
1126 3069 1230 3137 (g),
1255 3085 1378 3124 cum
1404 3071 1616 3125 demum
1654 3085 1810 3125 secn-
1839 3057 1882 3115 C
1918 3067 2191 3121 addictum
2220 3078 2275 3122 et
2305 3083 2335 3122 a
2380 3067 2694 3123 Christiana
2723 3069 2924 3138 pietate
2955 3069 3213 3133 alienum,
3251 3080 3344 3124 aut
3373 3074 3492 3139 epi-

231 3161 348 3214 r-ius
388 3159 556 3214 fuisse
598 3159 858 3222 locutum,
894 3168 952 3211 ut
994 3159 1178 3227 phrasi
1227 3159 1619 3230 Augustiniana
1667 3170 1812 3223 utar,

227 3251 660 3309 existimaverim
699 3250 983 3318 equidem;
1021 3265 1143 3304 cum
1196 3252 1499 3320 prarsertim
1531 3262 1586 3306 et
1614 3266 1679 3306 eo
1725 3267 1812 3305 ve-

229 3346 493 3400 tustiores
526 3343 715 3397 Patres
748 3343 819 3396 ita
866 3355 1082 3410 quoque
1129 3339 1331 3394 fuerint
1373 3341 1562 3403 locuti,
1604 3341 1814 3395 Pierius

228 3435 629 3494 Alexandrinus
655 3433 756 3504 (h),
801 3433 1105 3488 Methodius
1131 3431 1192 3502 (i)
1219 3431 1437 3502 aliique.
1469 3431 1642 3485 Aliter
1671 3433 1810 3486 enim

230 3525 421 3598 procul
446 3525 610 3580 dubio
648 3524 951 3578 censuisset
980 3533 1164 3577 noster
1191 3530 1402 3586 auctor,
1435 3537 1498 3575 ac
1529 3521 1815 3594 προϋπάρ-
1843 3535 1846 3538 ’

233 3617 374 3681 ξεως
416 3616 610 3684 dogma
648 3613 1038 3688 Origenianm
1087 3615 1473 3684 impugnasset,
1512 3616 1554 3669 si
1604 3629 1818 3685 perspe-

237 3719 391 3762 ctum
464 3706 746 3761 habuisset
824 3706 1130 3772 huiusmodi
1195 3707 1372 3774 magni
1434 3706 1631 3760 Leonis
1689 3705 1818 3758 effu-

235 3811 349 3854 tum
376 3799 442 3868 (j)
483 3816 496 3853 :
527 3797 799 3852 Catholica
825 3798 978 3866 ﬁdes,
1017 3797 1208 3865 inquit.
1238 3807 1537 3851 constanter
1561 3799 1816 3865 prwdicat

235 3901 396 3960 atque
441 3891 711 3954 veraciter,
751 3889 889 3958 quod
920 3890 1113 3942 anima:
1153 3889 1442 3951 hominum,
1510 3889 1819 3958 priusquam

143 3973 148 3980 ’
234 3984 626 4052 iuspirarentur
649 3982 973 4049 corporibus,
1021 3997 1123 4035 non
1162 3981 1325 4049 fuere,
1357 3997 1447 4035 nec
1475 3981 1540 4034 ab
1587 3982 1695 4035 alio
1737 3983 1820 4035 in-

147 4131 157 4137 .
235 4081 590 4141 corporantur
641 4073 741 4127 nisi
783 4075 848 4126 ab
879 4073 1064 4141 opiﬁce
1097 4073 1223 4136 Deo,
1266 4073 1354 4142 qui
1387 4084 1432 4125 et
1465 4073 1699 4135 ipsarum
1743 4084 1817 4127 est

236 4176 448 4219 creator
482 4173 531 4218 et
577 4180 876 4234 corporum.
919 4164 1322 4218 Advertendum
1367 4175 1625 4232 prasterea
1679 4165 1819 4218 scri-

239 4257 416 4325 psisse
459 4255 765 4311 Nemesium
825 4265 948 4311 ante
1001 4255 1233 4310 Nestorii
1291 4264 1451 4325 atque
1505 4256 1818 4327 Eutychetis

239 4356 508 4415 tempora,
532 4357 592 4401 ut
620 4346 861 4416 pluribus
885 4347 1062 4416 arguit
1085 4345 1260 4400 editor
1282 4347 1609 4401 Oxonicnsis
1644 4365 1657 4400 :
1686 4347 1814 4415 quin

1920 3171 2142 3224 scopum
2185 3157 2325 3220 fieri,
2356 3167 2449 3210 ant
2492 3156 2689 3210 librum
2724 3158 3028 3212 istiusmodi
3063 3159 3238 3226 qualis
3276 3160 3364 3214 hic
3399 3177 3497 3214 no-

1918 3260 2030 3303 ster
2055 3257 2138 3300 est
2167 3248 2256 3316 qui
2288 3264 2398 3316 prae
2425 3249 2672 3302 manibus
2709 3249 2958 3312 habetur,
2997 3249 3301 3318 scripsisse.
3340 3249 3496 3316 Quod

1922 3350 2101 3394 autem
2143 3341 2208 3394 ad
2259 3341 2639 3410 prmfecturatn
2692 3344 2888 3394 attinet
2933 3351 2988 3394 et
3031 3355 3226 3394 nomen
3280 3341 3502 3396 Christo

1923 3433 2160 3486 nondum
2193 3434 2398 3498 datum,
2432 3431 2589 3487 facile
2617 3433 2722 3486 erit
2764 3429 3058 3500 reponer‘e;
3091 3448 3203 3487 rem
3234 3447 3353 3487 eam
3395 3450 3503 3487 non

1920 3523 2053 3577 adeo
2085 3524 2456 3578 incredibilem
2487 3525 2654 3577 videri
2698 3525 2764 3577 iis
2793 3524 2882 3593 qui
2919 3525 3187 3587 noverint,
3220 3525 3406 3595 quales
3439 3541 3506 3580 co

1922 3611 2037 3678 ipso
2088 3611 2138 3663 in
2196 3611 2396 3668 saeculo
2448 3611 2672 3668 fuerunt
2713 3613 3066 3679 Ambrosius,
3113 3612 3396 3669 Nectarius
3447 3625 3506 3668 et

1924 3700 2219 3772 Syneslns,
2269 3718 2392 3756 cum
2432 3703 2496 3755 ad
2537 3703 2695 3757 sedes
2729 3719 2855 3758 suas
2891 3690 3360 3771 promoverentur.
3395 3703 3507 3759 Nec

1922 3803 2070 3846 certe
2105 3792 2383 3848 Nen'tesius
2420 3805 2605 3848 noSter
2636 3794 2810 3850 sacris
2846 3793 3032 3850 infulis
3063 3796 3316 3866 indignus
3346 3811 3506 3866 pror-

1921 3899 2016 3938 sus
2047 3885 2351 3950 habebitur,
2388 3886 2478 3959 qui
2530 3901 2561 3941 a
2608 3885 2884 3955 Theologo
2933 3888 3217 3959 Gregorio,
3271 3890 3505 3958 philoso-

1922 3979 2078 4044 phice,
2119 3979 2414 4047 probitatis,
2435 3981 2688 4047 justitiaz,
2726 3982 2975 4034 amicitia?
3009 3983 3226 4036 demum
3263 3985 3506 4046 nomine.

1927 4081 2031 4121 non
2091 4070 2251 4123 modo
2302 4069 2536 4134 laudari,
2581 4073 2672 4124 sed
2721 4085 2844 4123 cum
2885 4073 3231 4127 veneratione
3271 4075 3505 4140 quadam

1925 4158 2126 4226 suspici
2153 4170 2316 4228 atque
2348 4159 2452 4214 coli
2497 4170 2769 4215 meruerat
2809 4179 2821 4214 :
2865 4175 3028 4228 quem
3053 4161 3217 4214 etiam
3247 4171 3508 4230 utcunque

1925 4247 2048 4298 olim
2081 4247 2467 4310 charissimam,
2505 4249 2670 4317 magis
2698 4249 2986 4302 etiamnum
3011 4247 3226 4301 charum
3267 4241 3509 4314 {utururit

1925 4338 2140 4406 ejusque
2171 4339 2343 4390 animo
2374 4339 2580 4404 penitus
2623 4354 2714 4390 ceu
2752 4337 2999 4390 columna
3046 4353 3183 4390 aerea
3219 4338 3508 4392 inscriben-

238 4449 300 4492 et
331 4449 458 4492 ante
484 4438 780 4509 Pelagium,
820 4454 941 4492 cum
974 4440 1025 4491 in
1055 4439 1258 4508 prolixa
1286 4439 1350 4492 de
1384 4438 1552 4491 libero
1590 4439 1810 4492 arbitrio

1938 4430 2065 4481 dum
2106 4429 2332 4498 spondet
2379 4430 2470 4501 (a),
2508 4428 2697 4499 ἐπειδὴ
2739 4428 2991 4500 ἂνιγένῃ,
3028 4428 3165 4481 Θεοῦ
3197 4429 3289 4482 καὶ
3324 4427 3509 4496 σαφῶς

237 4530 609 4601 disputatione
663 4531 738 4602 (Ir)
792 4531 1168 4602 Pelagianismi
1218 4532 1547 4586 mentionem
1599 4545 1822 4600 prorsus

241 4835 388 4961 mg?)
428 4833 601 4890 Moses
629 4832 715 4899 B.,
764 4833 838 4888 De
873 4834 1084 4902 parad.,
1133 4847 1251 4902 pag.
1289 4830 1356 4884 55
1381 4828 1507 4883 edit.
1542 4830 1818 4900 Antwerp.

318 4977 394 5042 (ὁ)
438 4974 729 5029 Montfauc.
760 4973 899 5030 Bibl.
935 4971 1126 5037 Coisl.,
1159 4986 1280 5041 pag.
1302 4967 1429 5022 412.

321 5046 390 5114 (c)
433 5044 645 5099 Nemes.
680 5043 755 5098 De
788 5052 898 5097 nat.
935 5045 1100 5108 hom.,
1128 5057 1247 5110 cap.
1282 5042 1328 5095 1.

319 5118 394 5186 (ἀ)
434 5115 512 5186 ξύ.
540 5114 694 5186 ibith
731 5130 850 5182 cap.

342 5183 392 5251 ε)
432 5183 510 5239 Id.
552 5185 708 5247 ibid.,
732 5201 850 5251 cap.
887 5185 938 5237 ’5.

431 5255 508 5308 141.
540 5255 694 5324 illiti”
736 5270 854 5322 cap.
887 5255 941 5318 2,
977 5253 1033 5306 3.

341 5323 394 5393 gl
427 5324 502 5378 lti.
529 5323 685 5386 ibit|.,
720 5339 839 5392 cap.
873 5323 928 5377 2_

241 5391 394 5520 28gb)
435 5394 578 5450 Pier.
613 5395 767 5449 Alex.
790 5391 940 5463 apud
973 5391 1134 5448 Phot.
1164 5391 1302 5445 Bibl.
1339 5393 1464 5448 cod.
1494 5405 1646 5454 crux,
1694 5404 1815 5460 pag.

319 5537 379 5606 (i)
419 5533 898 5606 Μςιῑιοᾶχροῃυὶυ.
929 5533 1061 5603 uirg.
1101 5539 1239 5588 orat.
1271 5547 1332 5597 tt,
1364 5529 1391 5601 §
1419 5530 1476 5585 5.
1514 5529 1601 5600 [T.
1653 5528 1815 5585 Χγιιι

248 5603 448 5660 nostrae
476 5603 616 5658 Bibl.
651 5603 794 5674 PP.]

319 5674 386 5745 υ)
428 5674 534 5732 Leo
578 5674 629 5742 ι,
663 5668 820 5744 epist.
854 5688 944 5738 xv,
976 5673 1042 5728 ad
1086 5671 1327 5735 Turrib.,
1362 5686 1483 5742 cap.
1527 5668 1620 5737 10,
1653 5668 1789 5739 Opp.

1931 4523 2227 4597 qpérapoe-
2262 4523 2488 4592 scilicet,
2521 4541 2644 4579 cum
2673 4524 2861 4594 pietati
2890 4522 3216 4580 Christianis
3242 4539 3302 4579 se
3334 4532 3504 4583 totum

1929 4840 2063 4886 tom.
2089 4830 2128 4893 1,
2157 4846 2277 4899 pag.
2314 4831 2418 4886 705
2446 4833 2575 4886 edit.
2607 4832 2802 4887 Baller.

2022 4901 2073 4968 k)
2117 4901 2351 4966 Nemes.,
2380 4918 2500 4969 cap.
2532 4903 2621 4968 59,
2652 4901 2741 4968 40,
2777 4902 2867 4956 44.

2023 4973 2060 5040 ι)
2095 4970 2357 5039 Lequien.
2391 4970 2484 5024 0r.
2530 4972 2749 5035 Christ.,
2781 4981 2912 5026 tom.
2935 4969 3010 5041 _ll,
3046 4987 3168 5041 pag.
3206 4969 3332 5027 840.

1998 5039 2095 5183 ἕνη)
2133 5040 2466 5123 (ἶΓϐΒ..Νίὶζ.
2495 5043 2650 5112 epist.
2683 5057 2899 5095 Lxxxvn
2933 5039 3299 5165 [ιιιιειιεέιγῖ.

2022 5113 2075 5181 u)
2117 5111 2191 5166 Id.
2240 5112 2544 5183 epist._79,
2594 5113 2719 5177 185,
2775 5111 2894 5178 184,
2979 5112 3047 5165 85
3095 5110 3277 5182 [nunc

2022 5113 2079 5198 ur),
2116 5110 2544 5198 iepist.179,
2594 5111 2894 5198 183,184,
2936 5110 3047 5165 185
3095 5110 3277 5182 [mine
3328 5123 3507 5177 cxcrv,

1926 5180 2148 5243 crevm,
2178 5196 2260 5244 cc,
2297 5197 2377 5236 CCI
2412 5180 2452 5252 1.
2738 5195 2740 5198 '
3098 5180 3110 5182 ⁷

1937 5251 2200 5337 “(3)1”.
2232 5266 2401 5307 carm.
2440 5268 2529 5306 LXI
2576 5251 2767 5324 [nunc
2813 5266 2911 5317 vn,
2944 5250 3038 5304 lib.
3073 5265 3134 5314 ιι,
3174 5257 3308 5303 sect.
3349 5248 3407 5310 2.
3454 5263 3510 5316 p.

1931 5320 2329 5461 1υάν¹)]ἰ;ἐιιπερ.
2384 5392 2521 5446 aut.
2573 5390 2667 5445 Gr.
2707 5374 2846 5446 tom.
2893 5388 3003 5455 vn,
3057 5402 3178 5458 pag.
3217 5387 3340 5441 549.
3385 5385 3509 5453 tuo.

1930 5460 2234 5542 lla‘rlesjux,
2269 5462 2394 5542 50a:

1998 5535 2072 5602 (ql
2113 5521 2498 5588 ‘i‘illénnMé'm.
2549 5533 2696 5594 eccl.,
2761 5541 2890 5586 tom.
2930 5527 3018 5594 IX,
3056 5542 3177 5598 pag.
3215 5526 3341 5595 5M,
3379 5521 3506 5581 607.

2001 5604 2071 5672 (r)
2109 5602 2282 5662 Oxon,
2309 5603 2524 5657 Praefat.
2559 5605 2624 5656 ad
2658 5603 2868 5656 Nemes.
2902 5615 3022 5672 pag.
3067 5614 3118 5652 v.

2005 5665 2074 5744 (ε)
2117 5673 2282 5743 Greg.
2320 5672 2448 5730 Νη.
2478 5675 2637 5743 epist.
2671 5665 2913 5728 ccxxxrv’
2935 5665 3099 5740 [nunc
3124 5665 3234 5740 cc].
3275 5697 3280 5700 -
