3896 6268
161 243 284 300 4'85
1556 244 2094 305 PROLEGOMENA.
3333 262 3441 319 ιω

162 357 556 414 Schroeckhio
587 357 687 429 (ιι),
719 357 946 414 summis
977 358 1144 424 viris,
1189 369 1255 416 ea
1296 357 1388 415 hic
1411 400 1427 425 ,
1472 372 1535 416 ut
1581 371 1706 417 nota
1729 403 1745 427 ,
1798 362 2256 433 praetermittenda
2289 365 2552 437 judicavi.
2591 367 2778 428 Solum
2816 371 2918 428 hoc
2953 389 3101 438 nato,
3145 389 3231 430 me
3267 376 3440 432 trtius

161 450 462 506 codicibus
490 452 844 521 Augustanis,
884 454 1093 508 duobus
1125 453 1522 511 Dresdensibus
1541 495 1558 521 ,
1589 457 1924 526 totidemque
1954 458 2429 516 Monachiensibus
2449 504 2463 528 ,
2489 477 2555 517 ac
2586 476 2846 533 przeterea
2875 467 3083 522 duabus
3115 468 3308 538 priscis
3333 468 3442 525 Co-

161 543 337 597 nonis
368 553 422 598 et
448 543 611 598 Valla?
643 542 850 598 Latinis
880 545 1223 601 versionibus
1253 546 1578 602 instructum
1611 549 1679 602 ad
1714 549 1854 604 hanc
1884 551 2177 606 editionem
2207 555 2527 609 accessisse.
2557 553 2652 608 llis
2691 565 2876 610 autem
2919 559 3114 628 cepiis,
3151 559 3220 615 de
3246 561 3442 631 quibus

159 639 336 706 paulo
369 637 595 694 inferius
636 639 748 693 dixi
777 639 960 706 latius,
987 640 1060 694 ita
1096 656 1225 696 usus
1258 657 1398 707 sum,
1440 649 1499 696 ut
1532 651 1753 706 textum,
1795 659 1956 713 quem
1991 654 2206 710 vocant,
2235 645 2500 712 Graecum,
2540 649 2608 702 ab
2642 649 2917 706 Ellebodio
2944 667 3008 705 ex
3041 652 3252 708 duobus
3285 653 3440 706 valde

162 732 390 788 vitiosis
423 733 700 786 codicibus
736 734 972 799 editum,
1023 735 1268 805 adeoque
1300 735 1484 790 multis
1515 735 1568 789 in
1611 735 1746 791 locis
1796 747 2107 807 corruptum
2131 778 2145 803 ,
2181 739 2249 793 ab
2288 739 2500 794 editore
2529 740 2823 796 Oxoniensi
2876 758 3001 797 vero
3031 744 3120 797 vix
3149 744 3439 814 quinquies

159 836 504 889 correctum,
535 838 796 896 quantum
827 828 941 882 ﬁeri
978 837 1202 898 posset,
1245 830 1676 884 emendatiorem
1721 831 1957 886 ederem.
1992 831 2066 885 Eo
2092 847 2222 902 ergo
2251 842 2460 902 spectat
2488 835 3012 890 animadversionum
3044 851 3282 891 mearum
3315 850 3444 905 pars

163 919 438 973 maxima.
473 918 539 973 Ut
566 929 746 973 autem
778 919 1009 974 lectores
1035 920 1262 987 scirent,
1293 921 1419 990 quid
1473 921 1526 975 in
1557 929 1812 990 perpetua
1858 925 2104 978 oratione
2134 926 2456 979 mutaverim
2489 934 2543 980 et
2572 928 2926 992 correxerint,
2956 942 3074 982 eam
3119 928 3190 982 ob
3220 941 3439 982 causam

163 1011 376 1079 ubique
403 1021 531 1065 ante
557 1010 1055 1066 animadversiones
1086 1025 1234 1065 meas
1263 1011 1440 1065 notavi
1476 1011 1736 1066 lectiones
1767 1011 2028 1067 Ellebodii
2061 1028 2090 1066 a
2125 1014 2258 1068 meis
2288 1014 2677 1084 discrepantes.
2713 1014 2788 1070 De
2814 1015 3038 1085 singulis
3062 1017 3334 1071 vocabulis
3370 1032 3434 1069 ac

155 1102 369 1157 formis
405 1103 616 1156 dicendi
649 1117 777 1166 non,
806 1102 908 1156 nisi
944 1103 1031 1156 ubi
1067 1118 1286 1156 necesse
1323 1103 1457 1166 fuit,
1497 1091 1718 1166 monui;
1750 1119 1874 1156 nam
1917 1105 2129 1159 dicendi
2163 1121 2329 1176 genus
2357 1106 2623 1170 Nemesii,
2658 1108 2710 1161 in
2767 1117 2912 1162 tanta
2954 1108 3117 1162 etiam
3166 1122 3352 1162 rerum
3387 1120 3443 1164 et

163 1197 571 1250 sententiarum
609 1193 904 1248 subtilitate
938 1206 990 1246 et
1033 1193 1362 1258 diﬂicultate,
1401 1194 1467 1247 ad
1501 1193 1904 1261 intelligendum
1963 1187 2118 1249 valde
2165 1206 2247 1248 est
2283 1205 2527 1265 apertum
2563 1204 2721 1264 atque
2758 1198 3088 1266 expeditum.
3128 1195 3442 1251 Priscorum

162 1291 315 1344 enim
350 1289 656 1358 sapientum
691 1287 920 1355 quilibet
966 1287 1436 1357 ingeniosissimus
1463 1295 1518 1340 et
1543 1286 1891 1341 doctissimus
1931 1297 2042 1339 tum
2075 1287 2289 1341 demum
2318 1291 2688 1344 arbitrabatur
2718 1290 2880 1346 licere
2928 1292 3027 1346 sibi
3062 1305 3254 1345 nomen
3284 1307 3439 1346 suum

160 1383 417 1448 profiteri
444 1381 588 1434 inter
614 1380 985 1449 philosophos,
1017 1380 1061 1433 si
1086 1395 1206 1448 qua:
1237 1380 1353 1448 ipse
1386 1379 1656 1433 subtiliter
1687 1386 1740 1432 et
1763 1391 1920 1432 acute
1953 1379 2422 1433 animadvertisset
2448 1393 2538 1434 aut
2571 1383 2951 1451 exrcgitasset,
2979 1384 3224 1438 oratione
3255 1392 3439 1452 posset

162 1487 445 1543 exponere
475 1471 728 1540 eleganti,
772 1473 914 1525 culta
957 1481 1014 1525 et
1065 1471 1374 1539 perspicua.
1421 1472 1622 1537 Quodsi
1663 1480 1843 1525 tamen
1876 1472 2172 1531 acciderit,
2225 1482 2280 1524 ut
2313 1473 2833 1528 adulescentulorum
2885 1474 3080 1543 aliquis
3134 1475 3186 1529 in
3234 1474 3440 1530 Graecis

165 1569 378 1623 haereat
402 1575 494 1619 aut
530 1564 774 1626 dubitet,
804 1579 868 1618 eo
911 1564 964 1616 itt
999 1563 1116 1618 loco
1146 1574 1325 1618 autem
1359 1563 1491 1616 nihil
1522 1579 1550 1616 a
1588 1577 1672 1616 me
1707 1562 1967 1617 monitum
2005 1562 2106 1627 sit,
2141 1563 2395 1617 Ellebodii
2443 1565 2894 1634 interpretatione
2927 1565 3116 1620 Latina
3154 1583 3250 1637 pro
3281 1583 3436 1622 com-

164 1659 442 1714 mentario
467 1657 544 1709 uti
574 1656 790 1725 poterit.
826 1654 955 1708 Eam
988 1654 1150 1723 igitur
1193 1652 1278 1708 vel
1319 1654 1458 1708 hanc
1489 1655 1557 1708 ob
1587 1669 1810 1708 causam
1842 1651 2185 1707 immutatam
2217 1654 2465 1718 servavi,
2507 1655 2608 1709 nisi
2657 1656 2744 1710 ubi
2775 1657 2840 1711 ad
2868 1667 3064 1710 textum
3101 1657 3368 1724 Graecum,
3408 1673 3439 1712 a

166 1768 257 1806 me
288 1751 620 1805 auctoritate
645 1733 896 1803 codicum
931 1757 1235 1802 correctum
1258 1787 1272 1812 ,
1318 1747 1702 1802 conformanda
1733 1756 1894 1816 atque
1941 1746 2276 1800 immutanda
2322 1747 2441 1801 fuit.
2475 1748 2785 1818 Scriptores
2829 1762 3042 1806 veteres
3087 1754 3155 1806 ab
3189 1751 3440 1808 Nemesin

174 1843 436 1898 laudatos
463 1842 661 1911 sapius
690 1856 751 1894 ac
783 1840 1092 1910 diligentius
1122 1839 1176 1894 in
1208 1838 1766 1894 animadversionibus
1793 1849 2085 1906 notassem,
2119 1839 2219 1894 nisi
2252 1841 2325 1894 ita
2353 1855 2447 1896 eos
2487 1841 2777 1906 laudasset,
2809 1852 2866 1896 ut
2903 1843 3199 1897 sententias
3240 1844 3441 1911 potius,

165 1951 334 2006 quam
366 1935 556 1998 verba,
588 1932 855 1988 retulerit.
888 1932 1016 1987 Inde
1040 1933 1204 1987 etiam
1238 1932 1456 1996 accidit,
1489 1941 1547 1986 ut
1576 1946 1676 1987 nec
1709 1931 1889 1987 editor
1929 1931 2256 1987 Oxoniensis
2295 1942 2546 1988 accurate
2583 1942 2636 1988 et
2671 1934 2890 1988 definite
2923 1933 3038 1988 loca
3072 1935 3168 1987 ista
3203 1935 3443 1988 indicare

164 2027 427 2097 potuerit.
461 2023 724 2079 Joannem
775 2025 1207 2087 Damascenum,
1236 2022 1329 2091 qui
1368 2023 1535 2076 multa
1579 2039 1644 2077 ex
1679 2021 1930 2078 Nemesin
1961 2023 2162 2086 hausit,
2203 2025 2339 2077 satis
2383 2024 2598 2078 curiose
2634 2025 2820 2079 videor
2851 2035 3088 2078 notasse.
3119 2023 3438 2093 Gregorium

165 2119 479 2190 Nyssemtm
511 2119 707 2181 etiam,
739 2119 882 2170 inter
911 2115 1063 2183 cujus
1097 2131 1260 2186 opera
1293 2127 1452 2186 caput
1477 2115 1773 2171 secundum
1800 2126 1855 2170 et
1888 2115 2104 2170 tertium
2139 2116 2357 2185 legitur,
2390 2117 2677 2188 diligenter
2727 2118 3059 2187 comparavi.
3091 2116 3439 2172 Anastasium

133 2212 438 2266 ‘Sinaitam
490 2224 554 2262 ex
589 2208 912 2262 bibliotheca
952 2207 1272 2274 Noesseltii,
1303 2210 1496 2263 summi
1529 2209 1662 2276 viri,
1707 2209 1918 2277 accepit
1961 2218 2016 2263 et
2059 2209 2110 2262 in
2152 2225 2307 2262 usum
2346 2223 2523 2263 meum
2570 2209 2702 2262 duas
2745 2209 3074 2277 quaestiones
3111 2206 3448 2262 examinavit
3491 2249 3503 2265 ,

164 2301 469 2372 Gregorius
496 2301 733 2371 Qottlieb
763 2298 1193 2366 Wernsdorflus,
1221 2302 1300 2356 m’r
1323 2301 1741 2367 eruditissimus,
1766 2302 1858 2371 qui
1884 2316 2026 2356 nunc
2055 2299 2200 2355 Halat
2223 2309 2614 2356 commoratur.
2646 2302 2752 2355 Sed
2773 2298 2990 2354 Juliano
3019 2300 3288 2364 Pomerio,
3321 2298 3442 2352 Elia

164 2396 441 2458 Cretensi,
471 2395 685 2448 Meletio
708 2393 972 2448 Monacho
994 2403 1048 2447 et
1073 2392 1281 2450 Jnanne
1304 2393 1624 2463 Philopono,
1650 2396 1740 2463 qui
1775 2395 1828 2448 in
1865 2377 2139 2450 nonnullis
2165 2393 2300 2449 locis
2322 2394 2567 2448 adhiberi
2591 2394 2908 2462 potuissent,
2937 2393 3024 2447 hic
3052 2390 3439 2477 Vitrmbergte’

167 2501 228 2544 ut
264 2487 524 2544 credibile
555 2497 658 2549 est,
685 2481 914 2554 prorsus
948 2486 1117 2539 carui.
1144 2483 1533 2540 Verumtamen
1571 2501 1670 2540 nec
1699 2484 2001 2555 Lipsiensis
2026 2485 2351 2541 bibliotheca
2379 2485 2687 2540 academica
2710 2500 2866 2553 Opem
2898 2485 3028 2539 mihi
3058 2483 3204 2540 ferre
3237 2485 3438 2554 potuit.

166 2584 332 2640 Viros
361 2584 552 2634 doctos
579 2594 730 2648 ergo,
772 2579 862 2647 qui
891 2578 1284 2648 cepiOSioribus
1313 2577 1655 2632 bibliothecis
1687 2578 1934 2632 instructi
1965 2577 2094 2631 mihi
2142 2577 2279 2632 bene
2309 2577 2532 2647 cupiunt
2577 2585 2629 2632 et
2665 2577 2733 2630 de
2769 2577 2868 2630 hac
2900 2575 3137 2630 editione
3177 2591 3300 2630 mea
3334 2591 3433 2645 pa-

169 2677 278 2732 lam
300 2673 566 2745 judicium
602 2672 764 2726 laturi
801 2682 946 2736 sunt,
983 2670 1376 2726 humanissime
1424 2684 1574 2738 rogo,
1610 2679 1668 2723 ut
1697 2669 1887 2723 saltem
1921 2668 2148 2724 Joannis
2181 2669 2464 2740 Philoponi
2504 2667 2968 2723 Commentarium
3013 2668 3065 2721 iu
3117 2677 3226 2722 tres
3265 2667 3434 2723 libros

167 2765 482 2823 Aristotelis
524 2764 600 2819 De
648 2765 827 2816 anima
869 2761 1156 2817 consulant
1182 2769 1402 2830 propter
1427 2758 1602 2813 locum
1641 2761 1911 2813 Ammonii
1936 2773 2060 2829 pag.
2098 2759 2189 2826 41,
2224 2761 2356 2814 edit.
2388 2757 2564 2814 Oxon.
2605 2756 2784 2813 Locus
2815 2759 2914 2812 iste
2945 2758 3173 2813 fortasse
3206 2758 3443 2828 reperie-

169 2869 258 2913 tur
285 2859 340 2911 in
372 2857 609 2912 editione
643 2852 846 2908 Veneta
889 2851 1015 2905 folio
1047 2873 1101 2914 ο,
1143 2865 1265 2919 pag.
1302 2849 1390 2915 15,
1437 2858 1532 2902 aut
1562 2847 1690 2902 folio
1720 2865 1778 2918 q,
1811 2863 1937 2920 pag.
1973 2849 2029 2904 5.
2071 2849 2181 2904 lloc
2217 2867 2382 2904 unum
2409 2861 2671 2920 praeterea
2702 2851 2863 2914 addo,
2893 2851 3034 2920 quod
3071 2859 3250 2905 tamen
3283 2864 3444 2906 nemo

178 2953 252 3004 ita
283 2949 490 3002 dictum
524 2955 696 3013 putet,
732 2954 790 2998 ut
829 2952 919 2996 aut
956 2944 1085 2996 mihi
1124 2941 1323 3010 aliquid
1373 2941 1720 2996 ambitiosius
1761 2957 2098 3012 arrogarem,
2133 2953 2225 2996 aut
2259 2942 2508 2998 Nemesin
2537 2953 2623 2997 ten
2647 2958 2740 2997 ere
2767 2945 3122 3012 gratilicarer.
3165 2942 3289 3014 Legi
3324 2944 3446 3013 phi-

167 3046 514 3112 Ιοεοριιοῐιιω
545 3041 856 3096 Grmcorum
893 3038 1093 3092 multas
1135 3037 1317 3092 dehis
1359 3037 1490 3106 ipsis
1521 3039 1681 3092 rebus
1725 3047 1834 3091 tam
1881 3053 2068 3102 veras,
2097 3054 2258 3107 quam
2297 3039 2572 3092 mirabiles
2611 3040 2942 3102 sententias,
2978 3039 3102 3092 item
3151 3042 3444 3108 scriptores

166 3136 572 3193 ecclesiasticos
602 3133 819 3188 Graecos
849 3132 986 3185 bene
1016 3129 1235 3194 multos,
1272 3131 1322 3182 in
1360 3129 1442 3184 his
1473 3129 1729 3183 Basilium
1760 3129 1855 3194 DL,
1887 3129 2211 3200 Gregorium
2240 3129 2574 3200 Nyssenum,
2607 3128 3054 3201 Cbrysostomum
3079 3170 3093 3192 ,
3122 3130 3442 3186 Theodore-

165 3243 306 3297 tum,
347 3244 509 3300 atque
543 3229 829 3298 Origenem
863 3227 1061 3289 etiam,
1097 3225 1189 3295 qui
1238 3224 1549 3293 singulatim
1586 3226 1776 3279 eadem
1811 3235 2130 3294 argumenta
2175 3235 2365 3279 ornate
2403 3225 2728 3294 copioseque
2763 3232 3149 3292 exposuerunt.
3193 3224 3299 3277 Sed
3335 3225 3439 3278 ista

162 3304 397 3395 iunctim
433 3323 635 3386 omnia,
664 3321 950 3376 multorum
979 3319 1347 3388 antiquiorum
1384 3317 1632 3373 refutatis
1666 3319 1966 3383 erroribus,
1999 3334 2107 3374 uno
2143 3319 2244 3373 hoc
2277 3317 2456 3372 libello
2482 3317 2720 3380 brevius,
2756 3318 3064 3370 accuratius
3098 3325 3152 3368 et
3190 3313 3444 3369 subtilms

169 3436 198 3474 a
234 3417 488 3474 Nemesin
515 3416 782 3485 explicata
819 3425 965 3470 sunt.
996 3413 1124 3482 Quae
1163 3428 1289 3469 vero
1324 3427 1387 3468 ea
1420 3413 1590 3467 sunt?
1621 3413 1842 3468 Scilicet
1883 3427 1984 3477 ea,
2027 3428 2148 3482 quae
2194 3413 2438 3477 homini,
2482 3422 2538 3466 ut
2583 3412 2822 3474 homini,
2859 3410 2997 3465 scitu
3039 3421 3165 3464 sunt
3210 3410 3452 3464 maxime

167 3506 514 3571 necessaria,
536 3519 764 3575 qumque
786 3505 850 3556 ad
883 3511 1050 3566 recte,
1080 3501 1386 3570 tranquille,
1413 3498 1750 3566 constanter,
1770 3502 2044 3571 sapienter
2072 3501 2335 3570 beateque
2356 3503 2641 3556 vivendum
2677 3501 3003 3572 permultum
3033 3501 3228 3555 valent.
3253 3499 3444 3571 Neque

166 3601 314 3656 enim
355 3597 543 3652 dubito
573 3596 704 3664 quin
740 3595 784 3647 is
815 3593 908 3662 qui
941 3593 1083 3647 hunc
1127 3591 1368 3646 libellum
1418 3592 1680 3646 attentius
1713 3590 1905 3659 legerit
1939 3606 2004 3647 ac
2039 3593 2256 3660 penitus
2293 3592 2656 3660 intellexerit,
2696 3593 2920 3647 multum
2953 3608 3014 3649 se
3059 3593 3126 3648 ad
3167 3593 3440 3648 Christia-

171 3710 296 3750 nam
321 3691 662 3763 sapientiam,
698 3688 977 3752 virtutem,
1019 3685 1384 3754 pietatemque
1429 3684 1726 3753 profecisse
1777 3684 2121 3755 profiteatur.
2155 3685 2309 3750 Quod
2360 3685 2579 3752 quidem
2611 3685 2955 3742 commodum
2999 3692 3057 3740 ut
3091 3684 3158 3740 ad
3205 3684 3442 3741 lectores

166 3800 360 3844 omnes
381 3783 664 3848 redundet,
691 3797 761 3836 ex
803 3783 983 3835 animo
1014 3786 1161 3849 opto.
1196 3777 1512 3833 Scribebam
1538 3779 1905 3851 Vitembergze
1945 3780 2001 3836 d.
2036 3779 2069 3836 6
2093 3779 2249 3836 Mart.
2283 3777 2447 3837 1801.

239 4010 320 4085 (a)
351 4009 660 4068 Christlicfte
701 4008 1242 4082 Kirchengesclticltte.
1276 4007 1432 4065 Theil
1462 4009 1517 4074 7,
1547 4008 1694 4065 Seitc
1723 4009 1986 4064 147-151.
