  <div class='ocr_page' id='page_1' title='image "/cluster/home/n/w/nwhite01/storage/ocr_20150623/40/hvd.32044073501850/251.png"; bbox 0 0 3892 6272; ppageno 0'>
   <div class='ocr_carea' id='block_1_1' title="bbox 451 291 554 348">
    <p class='ocr_par' dir='ltr' id='par_1_1' title="bbox 451 291 554 348">
     <span class='ocr_line' id='line_1_1' title="bbox 451 291 554 348; baseline -0.029 0"><span class='ocrx_word' id='word_1_1' title='bbox 451 291 554 348; x_wconf 67' lang='lat'><strong>487</strong></span> 
     </span>
    </p>
   </div>
   <div class='ocr_carea' id='block_1_2' title="bbox 1516 266 2698 342">
    <p class='ocr_par' dir='ltr' id='par_1_2' title="bbox 1516 266 2698 342">
     <span class='ocr_line' id='line_1_2' title="bbox 1516 266 2698 342; baseline -0.008 -9"><span class='ocrx_word' id='word_1_2' title='bbox 1516 276 1860 334; x_wconf 74' lang='lat' dir='ltr'><strong>NEMESIUS</strong></span> <span class='ocrx_word' id='word_1_3' title='bbox 1897 266 2698 342; x_wconf 77' lang='lat' dir='ltr'><strong>EPISCOPUS_EllIESENUS.</strong></span> 
     </span>
    </p>
   </div>
   <div class='ocr_carea' id='block_1_3' title="bbox 459 521 3665 587">
    <p class='ocr_par' dir='ltr' id='par_1_3' title="bbox 459 521 3665 587">
     <span class='ocr_line' id='line_1_3' title="bbox 459 521 3665 587; baseline 0 -44"><span class='ocrx_word' id='word_1_4' title='bbox 459 521 3665 587; x_wconf 76' lang='lat'><strong>______________________________________..</strong></span> 
     </span>
    </p>
   </div>
   <div class='ocr_carea' id='block_1_4' title="bbox 1364 782 2785 887">
    <p class='ocr_par' dir='ltr' id='par_1_4' title="bbox 1364 782 2785 887">
     <span class='ocr_line' id='line_1_4' title="bbox 1364 782 2785 887; baseline -0.009 0"><span class='ocrx_word' id='word_1_5' title='bbox 1364 785 2104 887; x_wconf 81' lang='lat' dir='ltr'><strong>EXPLICATIO</strong></span> <span class='ocrx_word' id='word_1_6' title='bbox 2177 782 2785 879; x_wconf 82' lang='lat' dir='ltr'><strong>SIGLARUM</strong></span> 
     </span>
    </p>
   </div>
   <div class='ocr_carea' id='block_1_5' title="bbox 712 1035 3453 1130">
    <p class='ocr_par' dir='ltr' id='par_1_5' title="bbox 712 1035 3453 1130">
     <span class='ocr_line' id='line_1_5' title="bbox 712 1035 3453 1130; baseline -0.011 -6"><span class='ocrx_word' id='word_1_7' title='bbox 712 1067 794 1126; x_wconf 81' lang='lat' dir='ltr'><strong>Et</strong></span> <span class='ocrx_word' id='word_1_8' title='bbox 820 1061 1052 1123; x_wconf 77' lang='lat' dir='ltr'><strong>notitia</strong></span> <span class='ocrx_word' id='word_1_9' title='bbox 1093 1057 1456 1130; x_wconf 78' lang='lat' dir='ltr'><strong>editionum,</strong></span> <span class='ocrx_word' id='word_1_10' title='bbox 1508 1053 1812 1127; x_wconf 81' lang='lat' dir='ltr'><strong>codicum,</strong></span> <span class='ocrx_word' id='word_1_11' title='bbox 1841 1051 2198 1111; x_wconf 83' lang='lat' dir='ltr'><strong>versionum</strong></span> <span class='ocrx_word' id='word_1_12' title='bbox 2225 1067 2296 1107; x_wconf 91' lang='lat' dir='ltr'><strong>ac</strong></span> <span class='ocrx_word' id='word_1_13' title='bbox 2343 1045 2728 1127; x_wconf 80' lang='lat' dir='ltr'><strong>reliquorum</strong></span> <span class='ocrx_word' id='word_1_14' title='bbox 2758 1056 3034 1120; x_wconf 77' lang='lat' dir='ltr'><strong>operum,</strong></span> <span class='ocrx_word' id='word_1_15' title='bbox 3076 1055 3207 1118; x_wconf 72' lang='lat' dir='ltr'><strong>qtae</strong></span> <span class='ocrx_word' id='word_1_16' title='bbox 3239 1037 3301 1097; x_wconf 84' lang='lat' dir='ltr'><strong>in</strong></span> <span class='ocrx_word' id='word_1_17' title='bbox 3341 1035 3453 1094; x_wconf 86' lang='lat' dir='ltr'><strong>hac</strong></span> 
     </span>
    </p>
   </div>
   <div class='ocr_carea' id='block_1_6' title="bbox 1686 1219 2481 1287">
    <p class='ocr_par' dir='ltr' id='par_1_6' title="bbox 1686 1219 2481 1287">
     <span class='ocr_line' id='line_1_6' title="bbox 1686 1219 2481 1287; baseline -0.011 -1"><span class='ocrx_word' id='word_1_18' title='bbox 1686 1225 1956 1287; x_wconf 75' lang='lat' dir='ltr'><strong>editione</strong></span> <span class='ocrx_word' id='word_1_19' title='bbox 1992 1219 2280 1284; x_wconf 82' lang='lat' dir='ltr'><strong>adhibita</strong></span> <span class='ocrx_word' id='word_1_20' title='bbox 2314 1225 2481 1280; x_wconf 82' lang='lat' dir='ltr'><strong>sunt.</strong></span> 
     </span>
    </p>
   </div>
   <div class='ocr_carea' id='block_1_7' title="bbox 526 1567 3715 1685">
    <p class='ocr_par' dir='ltr' id='par_1_7' title="bbox 526 1567 3715 1685">
     <span class='ocr_line' id='line_1_7' title="bbox 526 1567 3715 1685; baseline -0.009 -9"><span class='ocrx_word' id='word_1_21' title='bbox 526 1624 649 1678; x_wconf 79' lang='lat' dir='ltr'><strong>Ant.</strong></span> <span class='ocrx_word' id='word_1_22' title='bbox 709 1619 887 1674; x_wconf 88' lang='lat' dir='ltr'><strong>Editio</strong></span> <span class='ocrx_word' id='word_1_23' title='bbox 934 1616 1342 1685; x_wconf 68' lang='lat' dir='ltr'><strong>Antvcrpiensm</strong></span> <span class='ocrx_word' id='word_1_24' title='bbox 1390 1612 1515 1665; x_wconf 86' lang='lat' dir='ltr'><strong>anni</strong></span> <span class='ocrx_word' id='word_1_25' title='bbox 1554 1610 1727 1676; x_wconf 74' lang='lat'><strong>1565,</strong></span> <span class='ocrx_word' id='word_1_26' title='bbox 1773 1608 1827 1665; x_wconf 87' lang='lat'><strong>8.</strong></span> <span class='ocrx_word' id='word_1_27' title='bbox 1883 1608 2032 1663; x_wconf 82' lang='lat' dir='ltr'><strong>Hanc</strong></span> <span class='ocrx_word' id='word_1_28' title='bbox 2063 1619 2107 1669; x_wconf 82' lang='grc' dir='ltr'><strong>Α</strong></span> <span class='ocrx_word' id='word_1_29' title='bbox 2138 1607 2404 1660; x_wconf 88' lang='lat' dir='ltr'><strong>editiones</strong></span> <span class='ocrx_word' id='word_1_30' title='bbox 2436 1567 2486 1658; x_wconf 83' lang='lat' dir='ltr'><strong>in</strong></span> <span class='ocrx_word' id='word_1_31' title='bbox 2530 1601 2783 1656; x_wconf 83' lang='lat' dir='ltr'><strong>Auctario</strong></span> <span class='ocrx_word' id='word_1_32' title='bbox 2819 1598 3055 1670; x_wconf 75' lang='lat' dir='ltr'><strong>Ducteno</strong></span> <span class='ocrx_word' id='word_1_33' title='bbox 3099 1596 3435 1650; x_wconf 76' lang='lat' dir='ltr'><strong>Bibliotheca:</strong></span> <span class='ocrx_word' id='word_1_34' title='bbox 3486 1594 3715 1649; x_wconf 80' lang='lat' dir='ltr'><strong>Patrum</strong></span> 
     </span>
    </p>
   </div>
   <div class='ocr_carea' id='block_1_8' title="bbox 453 1702 2028 1770">
    <p class='ocr_par' dir='ltr' id='par_1_8' title="bbox 453 1702 2028 1770">
     <span class='ocr_line' id='line_1_8' title="bbox 453 1702 2028 1770; baseline -0.01 -1"><span class='ocrx_word' id='word_1_35' title='bbox 453 1713 662 1770; x_wconf 88' lang='lat' dir='ltr'><strong>curavit</strong></span> <span class='ocrx_word' id='word_1_36' title='bbox 699 1709 943 1764; x_wconf 82' lang='lat' dir='ltr'><strong>Nicasius</strong></span> <span class='ocrx_word' id='word_1_37' title='bbox 968 1707 1274 1762; x_wconf 83' lang='lat' dir='ltr'><strong>Ellebodius</strong></span> <span class='ocrx_word' id='word_1_38' title='bbox 1295 1743 1310 1766; x_wconf 89' lang='lat'><strong>,</strong></span> <span class='ocrx_word' id='word_1_39' title='bbox 1339 1703 1681 1766; x_wconf 88' lang='lat' dir='ltr'><strong>Casletanus,</strong></span> <span class='ocrx_word' id='word_1_40' title='bbox 1713 1702 1797 1754; x_wconf 87' lang='lat' dir='ltr'><strong>vir</strong></span> <span class='ocrx_word' id='word_1_41' title='bbox 1827 1702 2028 1756; x_wconf 85' lang='lat' dir='ltr'><strong>doetis-</strong></span> 
     </span>
    </p>
   </div>
   <div class='ocr_carea' id='block_1_9' title="bbox 455 1791 2028 1871">
    <p class='ocr_par' dir='ltr' id='par_1_9' title="bbox 455 1791 2028 1871">
     <span class='ocr_line' id='line_1_9' title="bbox 455 1791 2028 1871; baseline -0.01 -12"><span class='ocrx_word' id='word_1_42' title='bbox 455 1809 644 1867; x_wconf 83' lang='lat' dir='ltr'><strong>simus,</strong></span> <span class='ocrx_word' id='word_1_43' title='bbox 677 1802 767 1871; x_wconf 76' lang='lat' dir='ltr'><strong>qui</strong></span> <span class='ocrx_word' id='word_1_44' title='bbox 810 1799 1016 1869; x_wconf 86' lang='lat' dir='ltr'><strong>primus</strong></span> <span class='ocrx_word' id='word_1_45' title='bbox 1049 1796 1237 1852; x_wconf 74' lang='lat' dir='ltr'><strong>Grazca</strong></span> <span class='ocrx_word' id='word_1_46' title='bbox 1273 1794 1440 1850; x_wconf 86' lang='lat' dir='ltr'><strong>edidit</strong></span> <span class='ocrx_word' id='word_1_47' title='bbox 1481 1809 1546 1847; x_wconf 89' lang='lat' dir='ltr'><strong>ex</strong></span> <span class='ocrx_word' id='word_1_48' title='bbox 1592 1793 1801 1847; x_wconf 91' lang='lat' dir='ltr'><strong>duobus</strong></span> <span class='ocrx_word' id='word_1_49' title='bbox 1826 1791 2028 1866; x_wconf 81' lang='lat' dir='ltr'><strong>codici-</strong></span> 
     </span>
    </p>
   </div>
   <div class='ocr_carea' id='block_1_10' title="bbox 454 1885 2026 1954">
    <p class='ocr_par' dir='ltr' id='par_1_10' title="bbox 454 1885 2026 1954">
     <span class='ocr_line' id='line_1_10' title="bbox 454 1885 2026 1954; baseline -0.01 -4"><span class='ocrx_word' id='word_1_50' title='bbox 454 1895 553 1951; x_wconf 85' lang='lat' dir='ltr'><strong>bus</strong></span> <span class='ocrx_word' id='word_1_51' title='bbox 579 1907 641 1947; x_wconf 86' lang='lat' dir='ltr'><strong>ac</strong></span> <span class='ocrx_word' id='word_1_52' title='bbox 673 1906 863 1947; x_wconf 88' lang='lat' dir='ltr'><strong>novam</strong></span> <span class='ocrx_word' id='word_1_53' title='bbox 894 1889 1196 1944; x_wconf 84' lang='lat' dir='ltr'><strong>versionem</strong></span> <span class='ocrx_word' id='word_1_54' title='bbox 1232 1887 1477 1942; x_wconf 88' lang='lat' dir='ltr'><strong>Latinam</strong></span> <span class='ocrx_word' id='word_1_55' title='bbox 1505 1885 1720 1954; x_wconf 82' lang='lat' dir='ltr'><strong>adjecit.</strong></span> <span class='ocrx_word' id='word_1_56' title='bbox 1763 1885 1839 1938; x_wconf 87' lang='lat' dir='ltr'><strong>De</strong></span> <span class='ocrx_word' id='word_1_57' title='bbox 1879 1893 2026 1936; x_wconf 87' lang='lat' dir='ltr'><strong>utro-</strong></span> 
     </span>
    </p>
   </div>
   <div class='ocr_carea' id='block_1_11' title="bbox 452 1973 2027 2055">
    <p class='ocr_par' dir='ltr' id='par_1_11' title="bbox 452 1973 2027 2055">
     <span class='ocr_line' id='line_1_11' title="bbox 452 1973 2027 2055; baseline -0.007 -19"><span class='ocrx_word' id='word_1_58' title='bbox 452 1999 557 2055; x_wconf 83' lang='lat' dir='ltr'><strong>que</strong></span> <span class='ocrx_word' id='word_1_59' title='bbox 573 1982 770 2048; x_wconf 72' lang='lat' dir='ltr'><strong>,codice</strong></span> <span class='ocrx_word' id='word_1_60' title='bbox 791 1981 863 2035; x_wconf 86' lang='lat' dir='ltr'><strong>ita</strong></span> <span class='ocrx_word' id='word_1_61' title='bbox 888 1981 1050 2033; x_wconf 88' lang='lat' dir='ltr'><strong>habet</strong></span> <span class='ocrx_word' id='word_1_62' title='bbox 1073 1979 1126 2033; x_wconf 91' lang='lat' dir='ltr'><strong>in</strong></span> <span class='ocrx_word' id='word_1_63' title='bbox 1155 1977 1469 2046; x_wconf 80' lang='lat' dir='ltr'><strong>praefatione</strong></span> <span class='ocrx_word' id='word_1_64' title='bbox 1494 1996 1509 2033; x_wconf 90' lang='lat'><strong>:</strong></span> <span class='ocrx_word' id='word_1_65' title='bbox 1533 1976 1701 2038; x_wconf 87' lang='grc' dir='ltr'><strong>Μόλις</strong></span> <span class='ocrx_word' id='word_1_66' title='bbox 1723 1973 1855 2027; x_wconf 78' lang='grc' dir='ltr'><strong>ποτὲ</strong></span> <span class='ocrx_word' id='word_1_67' title='bbox 1875 1974 2027 2026; x_wconf 79' lang='grc' dir='ltr'><strong>δυσὶν</strong></span> 
     </span>
    </p>
   </div>
   <div class='ocr_carea' id='block_1_12' title="bbox 455 2067 2031 2144">
    <p class='ocr_par' dir='ltr' id='par_1_12' title="bbox 455 2067 2031 2144">
     <span class='ocr_line' id='line_1_12' title="bbox 455 2067 2031 2144; baseline -0.006 -16"><span class='ocrx_word' id='word_1_68' title='bbox 455 2076 783 2144; x_wconf 74' lang='grc' dir='ltr'><strong>ἐνετύχομεν</strong></span> <span class='ocrx_word' id='word_1_69' title='bbox 805 2073 1182 2143; x_wconf 81' lang='grc' dir='ltr'><strong>ἀντιγράφοις,</strong></span> <span class='ocrx_word' id='word_1_70' title='bbox 1214 2072 1308 2124; x_wconf 76' lang='grc' dir='ltr'><strong>καὶ</strong></span> <span class='ocrx_word' id='word_1_71' title='bbox 1363 2071 1573 2134; x_wconf 83' lang='grc' dir='ltr'><strong>τούτοις</strong></span> <span class='ocrx_word' id='word_1_72' title='bbox 1606 2069 1919 2139; x_wconf 80' lang='grc' dir='ltr'><strong>ἀνηκέστως</strong></span> <span class='ocrx_word' id='word_1_73' title='bbox 1953 2067 2031 2120; x_wconf 87' lang='grc' dir='ltr'><strong>δι-</strong></span> 
     </span>
    </p>
   </div>
   <div class='ocr_carea' id='block_1_13' title="bbox 453 2151 2030 2239">
    <p class='ocr_par' dir='ltr' id='par_1_13' title="bbox 453 2151 2030 2239">
     <span class='ocr_line' id='line_1_13' title="bbox 453 2151 2030 2239; baseline -0.008 -19"><span class='ocrx_word' id='word_1_74' title='bbox 453 2167 812 2239; x_wconf 81' lang='grc' dir='ltr'><strong>εφθαρμένοις</strong></span> <span class='ocrx_word' id='word_1_75' title='bbox 835 2165 930 2218; x_wconf 74' lang='grc' dir='ltr'><strong>καὶ</strong></span> <span class='ocrx_word' id='word_1_76' title='bbox 953 2164 1160 2233; x_wconf 68' lang='grc' dir='ltr'><strong>μυρίων</strong></span> <span class='ocrx_word' id='word_1_77' title='bbox 1189 2162 1601 2233; x_wconf 79' lang='grc' dir='ltr'><strong>ἁμαρτημάτων</strong></span> <span class='ocrx_word' id='word_1_78' title='bbox 1628 2160 1906 2230; x_wconf 84' lang='grc' dir='ltr'><strong>γέμουσιν.</strong></span> <span class='ocrx_word' id='word_1_79' title='bbox 1935 2151 2030 2220; x_wconf 81' lang='grc' dir='ltr'><strong>Οἷς</strong></span> 
     </span>
    </p>
   </div>
   <div class='ocr_carea' id='block_1_14' title="bbox 454 2248 2030 2329">
    <p class='ocr_par' dir='ltr' id='par_1_14' title="bbox 454 2248 2030 2329">
     <span class='ocr_line' id='line_1_14' title="bbox 454 2248 2030 2329; baseline -0.008 -18"><span class='ocrx_word' id='word_1_80' title='bbox 454 2257 872 2329; x_wconf 77' lang='grc' dir='ltr'><strong>ἐπιμελέστερον</strong></span> <span class='ocrx_word' id='word_1_81' title='bbox 915 2254 1266 2317; x_wconf 75' lang='grc' dir='ltr'><strong>ἐπιϐαλόντες</strong></span> <span class='ocrx_word' id='word_1_82' title='bbox 1293 2293 1307 2315; x_wconf 95' lang='grc'><strong>,</strong></span> <span class='ocrx_word' id='word_1_83' title='bbox 1351 2253 1445 2306; x_wconf 74' lang='grc' dir='ltr'><strong>καὶ</strong></span> <span class='ocrx_word' id='word_1_84' title='bbox 1480 2251 1590 2305; x_wconf 84' lang='grc' dir='ltr'><strong>τῶν</strong></span> <span class='ocrx_word' id='word_1_85' title='bbox 1643 2252 1701 2302; x_wconf 85' lang='grc' dir='ltr'><strong>ὲν</strong></span> <span class='ocrx_word' id='word_1_86' title='bbox 1749 2248 2030 2319; x_wconf 79' lang='grc' dir='ltr'><strong>ἑκατέροις</strong></span> 
     </span>
    </p>
   </div>
   <div class='ocr_carea' id='block_1_15' title="bbox 454 2339 2029 2420">
    <p class='ocr_par' dir='ltr' id='par_1_15' title="bbox 454 2339 2029 2420">
     <span class='ocr_line' id='line_1_15' title="bbox 454 2339 2029 2420; baseline -0.006 -18"><span class='ocrx_word' id='word_1_87' title='bbox 454 2348 868 2420; x_wconf 76' lang='grc' dir='ltr'><strong>ἁμαρτημάτων</strong></span> <span class='ocrx_word' id='word_1_88' title='bbox 916 2348 979 2399; x_wconf 80' lang='grc' dir='ltr'><strong>ὲκ</strong></span> <span class='ocrx_word' id='word_1_89' title='bbox 1015 2346 1123 2398; x_wconf 82' lang='grc' dir='ltr'><strong>τῶν</strong></span> <span class='ocrx_word' id='word_1_90' title='bbox 1177 2347 1307 2416; x_wconf 87' lang='grc' dir='ltr'><strong>παρ’</strong></span> <span class='ocrx_word' id='word_1_91' title='bbox 1346 2343 1626 2414; x_wconf 80' lang='grc' dir='ltr'><strong>ἑκατέροις</strong></span> <span class='ocrx_word' id='word_1_92' title='bbox 1663 2339 1838 2413; x_wconf 76' lang='grc' dir='ltr'><strong>ὀρθῶς</strong></span> <span class='ocrx_word' id='word_1_93' title='bbox 1888 2339 2029 2410; x_wconf 74' lang='grc' dir='ltr'><strong>ἔχειν</strong></span> 
     </span>
    </p>
   </div>
   <div class='ocr_carea' id='block_1_16' title="bbox 452 2432 2028 2505">
    <p class='ocr_par' dir='ltr' id='par_1_16' title="bbox 452 2432 2028 2505">
     <span class='ocr_line' id='line_1_16' title="bbox 452 2432 2028 2505; baseline -0.004 -16"><span class='ocrx_word' id='word_1_94' title='bbox 452 2437 748 2489; x_wconf 79' lang='grc' dir='ltr'><strong>δοκούντων</strong></span> <span class='ocrx_word' id='word_1_95' title='bbox 775 2435 1335 2505; x_wconf 80' lang='grc' dir='ltr'><strong>καταστοχασάμενοι,</strong></span> <span class='ocrx_word' id='word_1_96' title='bbox 1367 2435 1474 2486; x_wconf 85' lang='grc' dir='ltr'><strong>κὰκ</strong></span> <span class='ocrx_word' id='word_1_97' title='bbox 1499 2432 1608 2486; x_wconf 84' lang='grc' dir='ltr'><strong>τῶν</strong></span> <span class='ocrx_word' id='word_1_98' title='bbox 1642 2432 1870 2485; x_wconf 75' lang='grc' dir='ltr'><strong>ἐνόντων</strong></span> <span class='ocrx_word' id='word_1_99' title='bbox 1906 2432 2028 2482; x_wconf 80' lang='grc' dir='ltr'><strong>ἐπι-</strong></span> 
     </span>
    </p>
   </div>
   <div class='ocr_carea' id='block_1_17' title="bbox 455 2522 2029 2600">
    <p class='ocr_par' dir='ltr' id='par_1_17' title="bbox 455 2522 2029 2600">
     <span class='ocr_line' id='line_1_17' title="bbox 455 2522 2029 2600; baseline -0.004 -19"><span class='ocrx_word' id='word_1_100' title='bbox 455 2528 842 2600; x_wconf 84' lang='grc' dir='ltr'><strong>διορθώσαντες</strong></span> <span class='ocrx_word' id='word_1_101' title='bbox 862 2568 877 2592; x_wconf 92' lang='grc'><strong>,</strong></span> <span class='ocrx_word' id='word_1_102' title='bbox 915 2526 1234 2597; x_wconf 75' lang='grc' dir='ltr'><strong>ὑγιεστέραν</strong></span> <span class='ocrx_word' id='word_1_103' title='bbox 1281 2525 1432 2598; x_wconf 78' lang='grc' dir='ltr'><strong>παρὰ</strong></span> <span class='ocrx_word' id='word_1_104' title='bbox 1461 2525 1596 2577; x_wconf 80' lang='grc' dir='ltr'><strong>πολὺ</strong></span> <span class='ocrx_word' id='word_1_105' title='bbox 1625 2525 1723 2594; x_wconf 81' lang='grc' dir='ltr'><strong>τῆς</strong></span> <span class='ocrx_word' id='word_1_106' title='bbox 1754 2522 2029 2594; x_wconf 79' lang='grc' dir='ltr'><strong>προτέρας</strong></span> 
     </span>
    </p>
   </div>
   <div class='ocr_carea' id='block_1_18' title="bbox 455 2611 2028 2686">
    <p class='ocr_par' dir='ltr' id='par_1_18' title="bbox 455 2611 2028 2686">
     <span class='ocr_line' id='line_1_18' title="bbox 455 2611 2028 2686; baseline -0.004 -18"><span class='ocrx_word' id='word_1_107' title='bbox 455 2615 553 2686; x_wconf 83' lang='grc' dir='ltr'><strong>τὴν</strong></span> <span class='ocrx_word' id='word_1_108' title='bbox 592 2615 973 2685; x_wconf 84' lang='grc' dir='ltr'><strong>πραγματείαν</strong></span> <span class='ocrx_word' id='word_1_109' title='bbox 1015 2613 1524 2685; x_wconf 76' lang='grc' dir='ltr'><strong>παρεσκευάσαμεν.</strong></span> <span class='ocrx_word' id='word_1_110' title='bbox 1575 2612 1652 2666; x_wconf 77' lang='lat' dir='ltr'><strong>Ex</strong></span> <span class='ocrx_word' id='word_1_111' title='bbox 1704 2611 1790 2667; x_wconf 89' lang='lat' dir='ltr'><strong>his</strong></span> <span class='ocrx_word' id='word_1_112' title='bbox 1821 2611 2028 2663; x_wconf 85' lang='lat' dir='ltr'><strong>duobus</strong></span> 
     </span>
    </p>
   </div>
   <div class='ocr_carea' id='block_1_19' title="bbox 457 2699 2025 2776">
    <p class='ocr_par' dir='ltr' id='par_1_19' title="bbox 457 2699 2025 2776">
     <span class='ocr_line' id='line_1_19' title="bbox 457 2699 2025 2776; baseline -0.004 -17"><span class='ocrx_word' id='word_1_113' title='bbox 457 2721 587 2776; x_wconf 90' lang='lat' dir='ltr'><strong>ergo</strong></span> <span class='ocrx_word' id='word_1_114' title='bbox 618 2705 768 2759; x_wconf 91' lang='lat' dir='ltr'><strong>valde</strong></span> <span class='ocrx_word' id='word_1_115' title='bbox 796 2706 1067 2775; x_wconf 74' lang='lat' dir='ltr'><strong>corruptis</strong></span> <span class='ocrx_word' id='word_1_116' title='bbox 1113 2705 1391 2759; x_wconf 85' lang='lat' dir='ltr'><strong>codicibus</strong></span> <span class='ocrx_word' id='word_1_117' title='bbox 1417 2744 1433 2767; x_wconf 94' lang='lat'><strong>,</strong></span> <span class='ocrx_word' id='word_1_118' title='bbox 1466 2712 1523 2756; x_wconf 91' lang='lat' dir='ltr'><strong>ut</strong></span> <span class='ocrx_word' id='word_1_119' title='bbox 1567 2702 1681 2772; x_wconf 88' lang='lat' dir='ltr'><strong>ipse</strong></span> <span class='ocrx_word' id='word_1_120' title='bbox 1724 2699 2025 2772; x_wconf 78' lang='lat' dir='ltr'><strong>profitetur,</strong></span> 
     </span>
    </p>
   </div>
   <div class='ocr_carea' id='block_1_20' title="bbox 456 2791 2028 2864">
    <p class='ocr_par' dir='ltr' id='par_1_20' title="bbox 456 2791 2028 2864">
     <span class='ocr_line' id='line_1_20' title="bbox 456 2791 2028 2864; baseline -0.004 -16"><span class='ocrx_word' id='word_1_121' title='bbox 456 2795 757 2849; x_wconf 89' lang='lat' dir='ltr'><strong>orationem</strong></span> <span class='ocrx_word' id='word_1_122' title='bbox 806 2793 1048 2848; x_wconf 66' lang='lat' dir='ltr'><strong>Grmcam</strong></span> <span class='ocrx_word' id='word_1_123' title='bbox 1102 2796 1310 2864; x_wconf 90' lang='lat' dir='ltr'><strong>primus</strong></span> <span class='ocrx_word' id='word_1_124' title='bbox 1339 2794 1509 2849; x_wconf 79' lang='lat' dir='ltr'><strong>edidit</strong></span> <span class='ocrx_word' id='word_1_125' title='bbox 1567 2808 1631 2847; x_wconf 88' lang='lat' dir='ltr'><strong>ac</strong></span> <span class='ocrx_word' id='word_1_126' title='bbox 1669 2809 1766 2862; x_wconf 90' lang='lat' dir='ltr'><strong>pro</strong></span> <span class='ocrx_word' id='word_1_127' title='bbox 1818 2791 2028 2844; x_wconf 87' lang='lat' dir='ltr'><strong>viribus</strong></span> 
     </span>
    </p>
   </div>
   <div class='ocr_carea' id='block_1_21' title="bbox 455 2884 2031 2954">
    <p class='ocr_par' dir='ltr' id='par_1_21' title="bbox 455 2884 2031 2954">
     <span class='ocr_line' id='line_1_21' title="bbox 455 2884 2031 2954; baseline -0.002 -16"><span class='ocrx_word' id='word_1_128' title='bbox 455 2886 568 2939; x_wconf 84' lang='lat' dir='ltr'><strong>suis</strong></span> <span class='ocrx_word' id='word_1_129' title='bbox 595 2885 890 2940; x_wconf 87' lang='lat' dir='ltr'><strong>constituit.</strong></span> <span class='ocrx_word' id='word_1_130' title='bbox 937 2884 1316 2954; x_wconf 84' lang='lat' dir='ltr'><strong>Discrepantes</strong></span> <span class='ocrx_word' id='word_1_131' title='bbox 1347 2884 1607 2940; x_wconf 85' lang='lat' dir='ltr'><strong>lectiones</strong></span> <span class='ocrx_word' id='word_1_132' title='bbox 1647 2894 1848 2946; x_wconf 80' lang='lat' dir='ltr'><strong>autem,</strong></span> <span class='ocrx_word' id='word_1_133' title='bbox 1883 2890 2031 2937; x_wconf 88' lang='lat' dir='ltr'><strong>certe</strong></span> 
     </span>
    </p>
   </div>
   <div class='ocr_carea' id='block_1_22' title="bbox 2135 1687 3716 1764">
    <p class='ocr_par' dir='ltr' id='par_1_22' title="bbox 2135 1687 3716 1764">
     <span class='ocr_line' id='line_1_22' title="bbox 2135 1687 3716 1764; baseline -0.008 -11"><span class='ocrx_word' id='word_1_134' title='bbox 2135 1699 2318 1764; x_wconf 82' lang='lat' dir='ltr'><strong>Paris,</strong></span> <span class='ocrx_word' id='word_1_135' title='bbox 2368 1696 2526 1760; x_wconf 70' lang='grc'><strong>1624,</strong></span> <span class='ocrx_word' id='word_1_136' title='bbox 2566 1705 2606 1749; x_wconf 93' lang='lat' dir='ltr'><strong>t.</strong></span> <span class='ocrx_word' id='word_1_137' title='bbox 2653 1691 2716 1758; x_wconf 88' lang='lat' dir='ltr'><strong>ll,</strong></span> <span class='ocrx_word' id='word_1_138' title='bbox 2766 1709 2817 1761; x_wconf 94' lang='lat' dir='ltr'><strong>p.</strong></span> <span class='ocrx_word' id='word_1_139' title='bbox 2868 1690 2969 1745; x_wconf 70' lang='grc'><strong>466</strong></span> <span class='ocrx_word' id='word_1_140' title='bbox 3015 1703 3134 1759; x_wconf 80' lang='lat' dir='ltr'><strong>sqq.</strong></span> <span class='ocrx_word' id='word_1_141' title='bbox 3187 1702 3241 1745; x_wconf 88' lang='lat' dir='ltr'><strong>et</strong></span> <span class='ocrx_word' id='word_1_142' title='bbox 3283 1689 3335 1743; x_wconf 85' lang='lat' dir='ltr'><strong>in</strong></span> <span class='ocrx_word' id='word_1_143' title='bbox 3385 1687 3716 1742; x_wconf 73' lang='lat' dir='ltr'><strong>Bibliotheca</strong></span> 
     </span>
    </p>
   </div>
   <div class='ocr_carea' id='block_1_23' title="bbox 2143 1778 3712 1852">
    <p class='ocr_par' dir='ltr' id='par_1_23' title="bbox 2143 1778 3712 1852">
     <span class='ocr_line' id='line_1_23' title="bbox 2143 1778 3712 1852; baseline -0.006 -8"><span class='ocrx_word' id='word_1_144' title='bbox 2143 1790 2368 1845; x_wconf 79' lang='lat' dir='ltr'><strong>Patrum</strong></span> <span class='ocrx_word' id='word_1_145' title='bbox 2402 1789 2732 1852; x_wconf 79' lang='lat' dir='ltr'><strong>Morelliana,</strong></span> <span class='ocrx_word' id='word_1_146' title='bbox 2766 1784 2938 1848; x_wconf 81' lang='lat' dir='ltr'><strong>Paris,</strong></span> <span class='ocrx_word' id='word_1_147' title='bbox 2967 1782 3124 1846; x_wconf 73' lang='grc'>1644,</span> <span class='ocrx_word' id='word_1_148' title='bbox 3158 1791 3195 1836; x_wconf 88' lang='grc' dir='ltr'><strong>ι.</strong></span> <span class='ocrx_word' id='word_1_149' title='bbox 3231 1780 3342 1846; x_wconf 78' lang='grc' dir='ltr'><strong>ΧΗ,</strong></span> <span class='ocrx_word' id='word_1_150' title='bbox 3370 1796 3424 1850; x_wconf 92' lang='lat' dir='ltr'><strong>p.</strong></span> <span class='ocrx_word' id='word_1_151' title='bbox 3455 1778 3559 1834; x_wconf 83' lang='lat'><strong>708</strong></span> <span class='ocrx_word' id='word_1_152' title='bbox 3587 1793 3712 1850; x_wconf 85' lang='lat' dir='ltr'><strong>sqq.</strong></span> 
     </span>
    </p>
   </div>
   <div class='ocr_carea' id='block_1_24' title="bbox 2219 1914 3718 1981">
    <p class='ocr_par' dir='ltr' id='par_1_24' title="bbox 2219 1914 3718 1981">
     <span class='ocr_line' id='line_1_24' title="bbox 2219 1914 3718 1981; baseline -0.008 0"><span class='ocrx_word' id='word_1_153' title='bbox 2219 1927 2326 1981; x_wconf 77' lang='lat' dir='ltr'><strong>Ox.</strong></span> <span class='ocrx_word' id='word_1_154' title='bbox 2377 1925 2553 1980; x_wconf 88' lang='lat' dir='ltr'><strong>Editio</strong></span> <span class='ocrx_word' id='word_1_155' title='bbox 2603 1921 2931 1978; x_wconf 75' lang='lat' dir='ltr'><strong>Oxoniensis</strong></span> <span class='ocrx_word' id='word_1_156' title='bbox 2981 1933 3013 1974; x_wconf 89' lang='lat' dir='ltr'><strong>e</strong></span> <span class='ocrx_word' id='word_1_157' title='bbox 3080 1917 3290 1972; x_wconf 87' lang='lat' dir='ltr'><strong>theatro</strong></span> <span class='ocrx_word' id='word_1_158' title='bbox 3345 1914 3718 1969; x_wconf 87' lang='lat' dir='ltr'><strong>Sheldoniano</strong></span> 
     </span>
    </p>
   </div>
   <div class='ocr_carea' id='block_1_25' title="bbox 2135 2006 3719 2084">
    <p class='ocr_par' dir='ltr' id='par_1_25' title="bbox 2135 2006 3719 2084">
     <span class='ocr_line' id='line_1_25' title="bbox 2135 2006 3719 2084; baseline -0.006 -12"><span class='ocrx_word' id='word_1_159' title='bbox 2135 2018 2292 2082; x_wconf 77' lang='grc'>1671,</span> <span class='ocrx_word' id='word_1_160' title='bbox 2325 2017 2378 2072; x_wconf 90' lang='grc'><strong>8.</strong></span> <span class='ocrx_word' id='word_1_161' title='bbox 2413 2015 2580 2084; x_wconf 86' lang='lat' dir='ltr'><strong>Hujus</strong></span> <span class='ocrx_word' id='word_1_162' title='bbox 2611 2015 2810 2076; x_wconf 82' lang='lat' dir='ltr'><strong>editor,</strong></span> <span class='ocrx_word' id='word_1_163' title='bbox 2840 2027 2998 2080; x_wconf 85' lang='lat' dir='ltr'><strong>quem</strong></span> <span class='ocrx_word' id='word_1_164' title='bbox 3029 2008 3311 2064; x_wconf 80' lang='lat' dir='ltr'><strong>Fabricius</strong></span> <span class='ocrx_word' id='word_1_165' title='bbox 3345 2017 3500 2077; x_wconf 84' lang='lat' dir='ltr'><strong>putat</strong></span> <span class='ocrx_word' id='word_1_166' title='bbox 3545 2006 3719 2062; x_wconf 78' lang='lat' dir='ltr'><strong>fuisse</strong></span> 
     </span>
    </p>
   </div>
   <div class='ocr_carea' id='block_1_26' title="bbox 2133 2100 3721 2176">
    <p class='ocr_par' dir='ltr' id='par_1_26' title="bbox 2133 2100 3721 2176">
     <span class='ocr_line' id='line_1_26' title="bbox 2133 2100 3721 2176; baseline -0.006 -12"><span class='ocrx_word' id='word_1_167' title='bbox 2133 2110 2393 2165; x_wconf 83' lang='lat' dir='ltr'><strong>Joannem</strong></span> <span class='ocrx_word' id='word_1_168' title='bbox 2428 2108 2656 2169; x_wconf 83' lang='lat' dir='ltr'><strong>Fellnm,</strong></span> <span class='ocrx_word' id='word_1_169' title='bbox 2690 2106 3000 2176; x_wconf 82' lang='lat' dir='ltr'><strong>episcopum</strong></span> <span class='ocrx_word' id='word_1_170' title='bbox 3025 2101 3408 2164; x_wconf 88' lang='lat' dir='ltr'><strong>Oxoniensem,</strong></span> <span class='ocrx_word' id='word_1_171' title='bbox 3447 2100 3721 2170; x_wconf 87' lang='lat' dir='ltr'><strong>expressit</strong></span> 
     </span>
    </p>
   </div>
   <div class='ocr_carea' id='block_1_27' title="bbox 2130 2191 3716 2264">
    <p class='ocr_par' dir='ltr' id='par_1_27' title="bbox 2130 2191 3716 2264">
     <span class='ocr_line' id='line_1_27' title="bbox 2130 2191 3716 2264; baseline -0.005 -11"><span class='ocrx_word' id='word_1_172' title='bbox 2130 2199 2418 2254; x_wconf 84' lang='lat' dir='ltr'><strong>editionem</strong></span> <span class='ocrx_word' id='word_1_173' title='bbox 2437 2195 2716 2258; x_wconf 82' lang='lat' dir='ltr'><strong>Ellebodii,</strong></span> <span class='ocrx_word' id='word_1_174' title='bbox 2734 2192 3073 2264; x_wconf 80' lang='lat' dir='ltr'><strong>paucissimis</strong></span> <span class='ocrx_word' id='word_1_175' title='bbox 3086 2193 3138 2245; x_wconf 87' lang='lat' dir='ltr'><strong>in</strong></span> <span class='ocrx_word' id='word_1_176' title='bbox 3154 2200 3324 2253; x_wconf 76' lang='lat' dir='ltr'><strong>textu,</strong></span> <span class='ocrx_word' id='word_1_177' title='bbox 3346 2191 3506 2244; x_wconf 87' lang='lat' dir='ltr'><strong>modo</strong></span> <span class='ocrx_word' id='word_1_178' title='bbox 3530 2191 3716 2257; x_wconf 88' lang='lat' dir='ltr'><strong>tacite,</strong></span> 
     </span>
    </p>
   </div>
   <div class='ocr_carea' id='block_1_28' title="bbox 2131 2280 3721 2347">
    <p class='ocr_par' dir='ltr' id='par_1_28' title="bbox 2131 2280 3721 2347">
     <span class='ocr_line' id='line_1_28' title="bbox 2131 2280 3721 2347; baseline -0.006 -2"><span class='ocrx_word' id='word_1_179' title='bbox 2131 2291 2289 2344; x_wconf 87' lang='lat' dir='ltr'><strong>modo</strong></span> <span class='ocrx_word' id='word_1_180' title='bbox 2326 2288 2572 2344; x_wconf 88' lang='lat' dir='ltr'><strong>codicum</strong></span> <span class='ocrx_word' id='word_1_181' title='bbox 2612 2286 2937 2341; x_wconf 82' lang='lat' dir='ltr'><strong>auctoritate</strong></span> <span class='ocrx_word' id='word_1_182' title='bbox 2984 2282 3222 2339; x_wconf 81' lang='lat' dir='ltr'><strong>mutatis.</strong></span> <span class='ocrx_word' id='word_1_183' title='bbox 3272 2280 3373 2347; x_wconf 86' lang='lat' dir='ltr'><strong>Qui</strong></span> <span class='ocrx_word' id='word_1_184' title='bbox 3423 2281 3721 2337; x_wconf 87' lang='lat' dir='ltr'><strong>contulerit</strong></span> 
     </span>
    </p>
   </div>
   <div class='ocr_carea' id='block_1_29' title="bbox 2131 2372 3719 2446">
    <p class='ocr_par' dir='ltr' id='par_1_29' title="bbox 2131 2372 3719 2446">
     <span class='ocr_line' id='line_1_29' title="bbox 2131 2372 3719 2446; baseline -0.004 -11"><span class='ocrx_word' id='word_1_185' title='bbox 2131 2381 2269 2436; x_wconf 86' lang='lat' dir='ltr'><strong>hanc</strong></span> <span class='ocrx_word' id='word_1_186' title='bbox 2303 2380 2593 2435; x_wconf 87' lang='lat' dir='ltr'><strong>editionem</strong></span> <span class='ocrx_word' id='word_1_187' title='bbox 2629 2393 2657 2431; x_wconf 90' lang='lat' dir='ltr'><strong>a</strong></span> <span class='ocrx_word' id='word_1_188' title='bbox 2684 2377 2876 2446; x_wconf 85' lang='lat' dir='ltr'><strong>pagina</strong></span> <span class='ocrx_word' id='word_1_189' title='bbox 2909 2374 2996 2439; x_wconf 73' lang='grc'>82,</span> <span class='ocrx_word' id='word_1_190' title='bbox 3023 2383 3076 2428; x_wconf 90' lang='lat' dir='ltr'><strong>et</strong></span> <span class='ocrx_word' id='word_1_191' title='bbox 3113 2373 3371 2428; x_wconf 87' lang='lat' dir='ltr'><strong>Ellebodii</strong></span> <span class='ocrx_word' id='word_1_192' title='bbox 3399 2387 3428 2426; x_wconf 86' lang='lat' dir='ltr'><strong>a</strong></span> <span class='ocrx_word' id='word_1_193' title='bbox 3453 2387 3506 2442; x_wconf 91' lang='lat' dir='ltr'><strong>p.</strong></span> <span class='ocrx_word' id='word_1_194' title='bbox 3541 2372 3638 2437; x_wconf 82' lang='lat'><strong>50,</strong></span> <span class='ocrx_word' id='word_1_195' title='bbox 3672 2372 3719 2429; x_wconf 88' lang='lat' dir='ltr'><strong>is</strong></span> 
     </span>
    </p>
   </div>
   <div class='ocr_carea' id='block_1_30' title="bbox 2132 2463 3717 2540">
    <p class='ocr_par' dir='ltr' id='par_1_30' title="bbox 2132 2463 3717 2540">
     <span class='ocr_line' id='line_1_30' title="bbox 2132 2463 3717 2540; baseline -0.006 -15"><span class='ocrx_word' id='word_1_196' title='bbox 2132 2471 2396 2536; x_wconf 83' lang='lat' dir='ltr'><strong>inveniet,</strong></span> <span class='ocrx_word' id='word_1_197' title='bbox 2424 2470 2649 2540; x_wconf 77' lang='lat' dir='ltr'><strong>paginas</strong></span> <span class='ocrx_word' id='word_1_198' title='bbox 2683 2467 2962 2537; x_wconf 82' lang='lat' dir='ltr'><strong>utriusque</strong></span> <span class='ocrx_word' id='word_1_199' title='bbox 2987 2465 3244 2520; x_wconf 85' lang='lat' dir='ltr'><strong>editionis</strong></span> <span class='ocrx_word' id='word_1_200' title='bbox 3274 2465 3341 2518; x_wconf 82' lang='lat' dir='ltr'><strong>ab</strong></span> <span class='ocrx_word' id='word_1_201' title='bbox 3370 2463 3471 2518; x_wconf 87' lang='lat' dir='ltr'><strong>hoc</strong></span> <span class='ocrx_word' id='word_1_202' title='bbox 3497 2463 3618 2518; x_wconf 91' lang='lat' dir='ltr'><strong>loco</strong></span> <span class='ocrx_word' id='word_1_203' title='bbox 3651 2464 3717 2516; x_wconf 87' lang='lat' dir='ltr'><strong>ad</strong></span> 
     </span>
    </p>
   </div>
   <div class='ocr_carea' id='block_1_31' title="bbox 2134 2553 3720 2616">
    <p class='ocr_par' dir='ltr' id='par_1_31' title="bbox 2134 2553 3720 2616">
     <span class='ocr_line' id='line_1_31' title="bbox 2134 2553 3720 2616; baseline -0.004 -2"><span class='ocrx_word' id='word_1_204' title='bbox 2134 2562 2295 2614; x_wconf 82' lang='lat' dir='ltr'><strong>tinem</strong></span> <span class='ocrx_word' id='word_1_205' title='bbox 2319 2561 2615 2616; x_wconf 88' lang='lat' dir='ltr'><strong>convenire</strong></span> <span class='ocrx_word' id='word_1_206' title='bbox 2643 2559 2810 2614; x_wconf 88' lang='lat' dir='ltr'><strong>etiam</strong></span> <span class='ocrx_word' id='word_1_207' title='bbox 2839 2559 2892 2612; x_wconf 86' lang='lat' dir='ltr'><strong>in</strong></span> <span class='ocrx_word' id='word_1_208' title='bbox 2921 2571 3147 2613; x_wconf 91' lang='lat' dir='ltr'><strong>numero</strong></span> <span class='ocrx_word' id='word_1_209' title='bbox 3172 2555 3586 2612; x_wconf 87' lang='lat' dir='ltr'><strong>vocabulorum.</strong></span> <span class='ocrx_word' id='word_1_210' title='bbox 3619 2553 3720 2608; x_wconf 68' lang='grc' dir='ltr'><strong>γε.</strong></span> 
     </span>
    </p>
   </div>
   <div class='ocr_carea' id='block_1_32' title="bbox 2132 2645 3716 2715">
    <p class='ocr_par' dir='ltr' id='par_1_32' title="bbox 2132 2645 3716 2715">
     <span class='ocr_line' id='line_1_32' title="bbox 2132 2645 3716 2715; baseline -0.004 -11"><span class='ocrx_word' id='word_1_211' title='bbox 2132 2650 2338 2705; x_wconf 83' lang='lat' dir='ltr'><strong>riantes</strong></span> <span class='ocrx_word' id='word_1_212' title='bbox 2388 2649 2652 2705; x_wconf 86' lang='lat' dir='ltr'><strong>lectiones</strong></span> <span class='ocrx_word' id='word_1_213' title='bbox 2694 2647 2948 2703; x_wconf 86' lang='lat' dir='ltr'><strong>editionis</strong></span> <span class='ocrx_word' id='word_1_214' title='bbox 3020 2645 3432 2715; x_wconf 79' lang='lat' dir='ltr'><strong>Antverpiensis</strong></span> <span class='ocrx_word' id='word_1_215' title='bbox 3485 2659 3716 2714; x_wconf 79' lang='lat' dir='ltr'><strong>prorsus</strong></span> 
     </span>
    </p>
   </div>
   <div class='ocr_carea' id='block_1_33' title="bbox 2133 2737 3717 2812">
    <p class='ocr_par' dir='ltr' id='par_1_33' title="bbox 2133 2737 3717 2812">
     <span class='ocr_line' id='line_1_33' title="bbox 2133 2737 3717 2812; baseline -0.001 -17"><span class='ocrx_word' id='word_1_216' title='bbox 2133 2741 2392 2812; x_wconf 75' lang='lat' dir='ltr'><strong>neglexit,</strong></span> <span class='ocrx_word' id='word_1_217' title='bbox 2423 2742 2565 2810; x_wconf 78' lang='lat' dir='ltr'><strong>quod</strong></span> <span class='ocrx_word' id='word_1_218' title='bbox 2595 2756 2701 2795; x_wconf 89' lang='lat' dir='ltr'><strong>non</strong></span> <span class='ocrx_word' id='word_1_219' title='bbox 2741 2740 2969 2795; x_wconf 88' lang='lat' dir='ltr'><strong>debebat</strong></span> <span class='ocrx_word' id='word_1_220' title='bbox 2997 2738 3134 2794; x_wconf 79' lang='lat' dir='ltr'><strong>ﬁeri.</strong></span> <span class='ocrx_word' id='word_1_221' title='bbox 3172 2739 3292 2808; x_wconf 89' lang='lat' dir='ltr'><strong>lpse</strong></span> <span class='ocrx_word' id='word_1_222' title='bbox 3322 2738 3459 2791; x_wconf 86' lang='lat' dir='ltr'><strong>duos</strong></span> <span class='ocrx_word' id='word_1_223' title='bbox 3494 2737 3717 2793; x_wconf 82' lang='lat' dir='ltr'><strong>codices</strong></span> 
     </span>
    </p>
   </div>
   <div class='ocr_carea' id='block_1_34' title="bbox 2132 2826 3716 2904">
    <p class='ocr_par' dir='ltr' id='par_1_34' title="bbox 2132 2826 3716 2904">
     <span class='ocr_line' id='line_1_34' title="bbox 2132 2826 3716 2904; baseline -0.004 -18"><span class='ocrx_word' id='word_1_224' title='bbox 2132 2828 2466 2886; x_wconf 80' lang='lat' dir='ltr'><strong>Oxonienses</strong></span> <span class='ocrx_word' id='word_1_225' title='bbox 2503 2829 2782 2896; x_wconf 86' lang='lat' dir='ltr'><strong>adhibuit,</strong></span> <span class='ocrx_word' id='word_1_226' title='bbox 2813 2843 2951 2898; x_wconf 86' lang='lat' dir='ltr'><strong>quos</strong></span> <span class='ocrx_word' id='word_1_227' title='bbox 2982 2837 3162 2904; x_wconf 86' lang='lat' dir='ltr'><strong>tamen</strong></span> <span class='ocrx_word' id='word_1_228' title='bbox 3195 2826 3366 2881; x_wconf 88' lang='lat' dir='ltr'><strong>octies</strong></span> <span class='ocrx_word' id='word_1_229' title='bbox 3385 2826 3463 2898; x_wconf 70' lang='grc' dir='ltr'><strong>(ιι)</strong></span> <span class='ocrx_word' id='word_1_230' title='bbox 3497 2826 3676 2881; x_wconf 86' lang='lat' dir='ltr'><strong>solum</strong></span> <span class='ocrx_word' id='word_1_231' title='bbox 3700 2867 3716 2893; x_wconf 91' lang='lat'><strong>,</strong></span> 
     </span>
    </p>
   </div>
   <div class='ocr_carea' id='block_1_35' title="bbox 2132 2917 3714 2990">
    <p class='ocr_par' dir='ltr' id='par_1_35' title="bbox 2132 2917 3714 2990">
     <span class='ocr_line' id='line_1_35' title="bbox 2132 2917 3714 2990; baseline 0.001 -18"><span class='ocrx_word' id='word_1_232' title='bbox 2132 2922 2288 2990; x_wconf 87' lang='lat' dir='ltr'><strong>quasi</strong></span> <span class='ocrx_word' id='word_1_233' title='bbox 2319 2922 2514 2986; x_wconf 88' lang='lat' dir='ltr'><strong>obiter,</strong></span> <span class='ocrx_word' id='word_1_234' title='bbox 2542 2920 2803 2974; x_wconf 86' lang='lat' dir='ltr'><strong>laudavit.</strong></span> <span class='ocrx_word' id='word_1_235' title='bbox 2859 2919 3172 2975; x_wconf 82' lang='lat' dir='ltr'><strong>Versionem</strong></span> <span class='ocrx_word' id='word_1_236' title='bbox 3207 2917 3460 2973; x_wconf 86' lang='lat' dir='ltr'><strong>Latinam</strong></span> <span class='ocrx_word' id='word_1_237' title='bbox 3493 2918 3714 2974; x_wconf 84' lang='lat' dir='ltr'><strong>Ellebo-</strong></span> 
     </span>
    </p>
   </div>
   <div class='ocr_carea' id='block_1_36' title="bbox 455 2975 3714 3082">
    <p class='ocr_par' dir='ltr' id='par_1_36' title="bbox 455 2975 3714 3082">
     <span class='ocr_line' id='line_1_36' title="bbox 455 2975 3714 3082; baseline -0.006 1"><span class='ocrx_word' id='word_1_238' title='bbox 455 2975 840 3078; x_wconf 43' lang='lat' dir='ltr'><strong>nombmoics’</strong></span> <span class='ocrx_word' id='word_1_239' title='bbox 887 2977 1119 3082; x_wconf 50' lang='lat' dir='ltr'><strong>mfrgini</strong></span> <span class='ocrx_word' id='word_1_240' title='bbox 1149 2977 1406 3082; x_wconf 38' lang='lat' dir='ltr'><strong>ad“???</strong></span> <span class='ocrx_word' id='word_1_241' title='bbox 1444 2976 1659 3082; x_wconf 50' lang='lat' dir='ltr'><strong>adjecii&#39;</strong></span> <span class='ocrx_word' id='word_1_242' title='bbox 1691 2975 1896 3082; x_wconf 44' lang='grc' dir='ltr'><strong>Νθδωξ</strong></span> <span class='ocrx_word' id='word_1_243' title='bbox 1932 2989 2028 3027; x_wconf 44' lang='lat' dir='ltr'><strong>an-</strong></span> <span class='ocrx_word' id='word_1_244' title='bbox 2061 2994 2104 3048; x_wconf 76' lang='grc' dir='ltr'>Β</span> <span class='ocrx_word' id='word_1_245' title='bbox 2137 2975 2208 3066; x_wconf 79' lang='lat' dir='ltr'><strong>dii</strong></span> <span class='ocrx_word' id='word_1_246' title='bbox 2235 2975 2480 3082; x_wconf 79' lang='lat' dir='ltr'><strong>pluribus</strong></span> <span class='ocrx_word' id='word_1_247' title='bbox 2501 2975 2570 3066; x_wconf 54' lang='grc' dir='ltr'><strong>ἰιι</strong></span> <span class='ocrx_word' id='word_1_248' title='bbox 2603 3011 2738 3066; x_wconf 82' lang='lat' dir='ltr'><strong>locis</strong></span> <span class='ocrx_word' id='word_1_249' title='bbox 2768 3025 2832 3065; x_wconf 90' lang='lat' dir='ltr'><strong>ac</strong></span> <span class='ocrx_word' id='word_1_250' title='bbox 2860 3010 3178 3082; x_wconf 83' lang='lat' dir='ltr'><strong>plerumque</strong></span> <span class='ocrx_word' id='word_1_251' title='bbox 3209 3019 3412 3065; x_wconf 79' lang='lat' dir='ltr'><strong>temere</strong></span> <span class='ocrx_word' id='word_1_252' title='bbox 3443 3012 3714 3077; x_wconf 86' lang='lat' dir='ltr'><strong>mutavit,</strong></span> 
     </span>
    </p>
   </div>
   <div class='ocr_carea' id='block_1_37' title="bbox 459 3065 2028 3136">
    <p class='ocr_par' dir='ltr' id='par_1_37' title="bbox 459 3065 2028 3136">
     <span class='ocr_line' id='line_1_37' title="bbox 459 3065 2028 3136; baseline -0.002 -15"><span class='ocrx_word' id='word_1_253' title='bbox 459 3077 564 3121; x_wconf 90' lang='lat' dir='ltr'><strong>tem</strong></span> <span class='ocrx_word' id='word_1_254' title='bbox 597 3067 902 3121; x_wconf 83' lang='lat' dir='ltr'><strong>versionem</strong></span> <span class='ocrx_word' id='word_1_255' title='bbox 939 3066 1186 3122; x_wconf 87' lang='lat' dir='ltr'><strong>Latinam</strong></span> <span class='ocrx_word' id='word_1_256' title='bbox 1218 3066 1446 3131; x_wconf 90' lang='lat' dir='ltr'><strong>addidit,</strong></span> <span class='ocrx_word' id='word_1_257' title='bbox 1473 3067 1617 3136; x_wconf 85' lang='lat' dir='ltr'><strong>quod</strong></span> <span class='ocrx_word' id='word_1_258' title='bbox 1648 3066 1824 3120; x_wconf 87' lang='lat' dir='ltr'><strong>versio</strong></span> <span class='ocrx_word' id='word_1_259' title='bbox 1855 3065 2028 3120; x_wconf 86' lang='lat' dir='ltr'><strong>Geor-</strong></span> 
     </span>
    </p>
   </div>
   <div class='ocr_carea' id='block_1_38' title="bbox 461 3157 2027 3228">
    <p class='ocr_par' dir='ltr' id='par_1_38' title="bbox 461 3157 2027 3228">
     <span class='ocr_line' id='line_1_38' title="bbox 461 3157 2027 3228; baseline -0.002 -16"><span class='ocrx_word' id='word_1_260' title='bbox 461 3159 533 3228; x_wconf 83' lang='lat' dir='ltr'><strong>gii</strong></span> <span class='ocrx_word' id='word_1_261' title='bbox 572 3157 733 3213; x_wconf 81' lang='lat' dir='ltr'><strong>Valla:</strong></span> <span class='ocrx_word' id='word_1_262' title='bbox 764 3159 838 3228; x_wconf 63' lang='lat' dir='ltr'><strong>ta)</strong></span> <span class='ocrx_word' id='word_1_263' title='bbox 887 3159 1064 3214; x_wconf 88' lang='lat' dir='ltr'><strong>minus</strong></span> <span class='ocrx_word' id='word_1_264' title='bbox 1105 3159 1154 3212; x_wconf 89' lang='lat' dir='ltr'><strong>ei</strong></span> <span class='ocrx_word' id='word_1_265' title='bbox 1188 3158 1534 3227; x_wconf 81' lang='lat' dir='ltr'><strong>probabatur.</strong></span> <span class='ocrx_word' id='word_1_266' title='bbox 1586 3158 1659 3212; x_wconf 89' lang='lat' dir='ltr'><strong>De</strong></span> <span class='ocrx_word' id='word_1_267' title='bbox 1689 3174 1750 3213; x_wconf 86' lang='lat' dir='ltr'><strong>ea</strong></span> <span class='ocrx_word' id='word_1_268' title='bbox 1777 3157 1920 3212; x_wconf 87' lang='lat' dir='ltr'><strong>enim</strong></span> <span class='ocrx_word' id='word_1_269' title='bbox 1955 3159 2027 3210; x_wconf 88' lang='lat' dir='ltr'><strong>Ita</strong></span> 
     </span>
    </p>
   </div>
   <div class='ocr_carea' id='block_1_39' title="bbox 456 3245 2031 3319">
    <p class='ocr_par' dir='ltr' id='par_1_39' title="bbox 456 3245 2031 3319">
     <span class='ocr_line' id='line_1_39' title="bbox 456 3245 2031 3319; baseline -0.001 -17"><span class='ocrx_word' id='word_1_270' title='bbox 456 3257 642 3302; x_wconf 87' lang='lat' dir='ltr'><strong>censet</strong></span> <span class='ocrx_word' id='word_1_271' title='bbox 669 3249 720 3301; x_wconf 89' lang='lat' dir='ltr'><strong>in</strong></span> <span class='ocrx_word' id='word_1_272' title='bbox 744 3247 1058 3316; x_wconf 74' lang='lat' dir='ltr'><strong>prtelatioue</strong></span> <span class='ocrx_word' id='word_1_273' title='bbox 1083 3264 1096 3300; x_wconf 91' lang='lat'><strong>:</strong></span> <span class='ocrx_word' id='word_1_274' title='bbox 1135 3246 1198 3302; x_wconf 86' lang='grc' dir='ltr'>Ὀ</span> <span class='ocrx_word' id='word_1_275' title='bbox 1227 3246 1419 3319; x_wconf 83' lang='grc' dir='ltr'><strong>πρώην</strong></span> <span class='ocrx_word' id='word_1_276' title='bbox 1444 3247 1504 3301; x_wconf 81' lang='grc' dir='ltr'><strong>τὺ</strong></span> <span class='ocrx_word' id='word_1_277' title='bbox 1533 3247 1734 3318; x_wconf 76' lang='grc' dir='ltr'><strong>βιϐλίον</strong></span> <span class='ocrx_word' id='word_1_278' title='bbox 1764 3245 1925 3300; x_wconf 82' lang='grc' dir='ltr'><strong>τοῦτο</strong></span> <span class='ocrx_word' id='word_1_279' title='bbox 1953 3248 2031 3310; x_wconf 83' lang='grc' dir='ltr'><strong>είς</strong></span> 
     </span>
    </p>
   </div>
   <div class='ocr_carea' id='block_1_40' title="bbox 452 3337 2030 3410">
    <p class='ocr_par' dir='ltr' id='par_1_40' title="bbox 452 3337 2030 3410">
     <span class='ocr_line' id='line_1_40' title="bbox 452 3337 2030 3410; baseline -0.001 -19"><span class='ocrx_word' id='word_1_280' title='bbox 452 3337 553 3409; x_wconf 78' lang='grc' dir='ltr'><strong>τὴν</strong></span> <span class='ocrx_word' id='word_1_281' title='bbox 613 3337 904 3408; x_wconf 81' lang='grc' dir='ltr'><strong>Ῥωμαίων</strong></span> <span class='ocrx_word' id='word_1_282' title='bbox 960 3337 1239 3391; x_wconf 81' lang='grc' dir='ltr'><strong>διάλεκτον</strong></span> <span class='ocrx_word' id='word_1_283' title='bbox 1290 3339 1638 3408; x_wconf 81' lang='grc' dir='ltr'><strong>μετενεγκεῖν</strong></span> <span class='ocrx_word' id='word_1_284' title='bbox 1698 3338 2030 3410; x_wconf 76' lang='grc' dir='ltr'><strong>ἐγχειρήσας</strong></span> 
     </span>
    </p>
   </div>
   <div class='ocr_carea' id='block_1_41' title="bbox 454 3426 2032 3498">
    <p class='ocr_par' dir='ltr' id='par_1_41' title="bbox 454 3426 2032 3498">
     <span class='ocr_line' id='line_1_41' title="bbox 454 3426 2032 3498; baseline -0.001 -19"><span class='ocrx_word' id='word_1_285' title='bbox 454 3426 728 3497; x_wconf 86' lang='grc' dir='ltr'><strong>Γεώργιος</strong></span> <span class='ocrx_word' id='word_1_286' title='bbox 762 3428 790 3479; x_wconf 83' lang='grc' dir='ltr'>ὁ</span> <span class='ocrx_word' id='word_1_287' title='bbox 821 3426 1054 3496; x_wconf 83' lang='grc' dir='ltr'><strong>Βάλλης,</strong></span> <span class='ocrx_word' id='word_1_288' title='bbox 1090 3427 1150 3478; x_wconf 83' lang='grc' dir='ltr'><strong>οὐ</strong></span> <span class='ocrx_word' id='word_1_289' title='bbox 1189 3427 1391 3497; x_wconf 79' lang='grc' dir='ltr'><strong>μᾶλλον</strong></span> <span class='ocrx_word' id='word_1_290' title='bbox 1447 3429 1794 3498; x_wconf 80' lang='grc' dir='ltr'><strong>ἡρμήνευσεν</strong></span> <span class='ocrx_word' id='word_1_291' title='bbox 1831 3427 1866 3497; x_wconf 77' lang='grc' dir='ltr'><strong>ἢ</strong></span> <span class='ocrx_word' id='word_1_292' title='bbox 1908 3444 2032 3480; x_wconf 87' lang='grc' dir='ltr'><strong>συν-</strong></span> 
     </span>
    </p>
   </div>
   <div class='ocr_carea' id='block_1_42' title="bbox 458 3516 2034 3587">
    <p class='ocr_par' dir='ltr' id='par_1_42' title="bbox 458 3516 2034 3587">
     <span class='ocr_line' id='line_1_42' title="bbox 458 3516 2034 3587; baseline 0.001 -19"><span class='ocrx_word' id='word_1_293' title='bbox 458 3516 578 3586; x_wconf 87' lang='grc' dir='ltr'><strong>έχεε</strong></span> <span class='ocrx_word' id='word_1_294' title='bbox 608 3518 701 3568; x_wconf 80' lang='grc' dir='ltr'><strong>καὶ</strong></span> <span class='ocrx_word' id='word_1_295' title='bbox 723 3517 1028 3587; x_wconf 73' lang='grc' dir='ltr'><strong>κατῄσχυνε</strong></span> <span class='ocrx_word' id='word_1_296' title='bbox 1062 3517 1152 3569; x_wconf 83' lang='grc' dir='ltr'><strong>τὸν</strong></span> <span class='ocrx_word' id='word_1_297' title='bbox 1170 3517 1476 3586; x_wconf 76' lang='grc' dir='ltr'><strong>φιλόσοφον,</strong></span> <span class='ocrx_word' id='word_1_298' title='bbox 1502 3518 1625 3571; x_wconf 82' lang='grc' dir='ltr'><strong>καθ’</strong></span> <span class='ocrx_word' id='word_1_299' title='bbox 1647 3519 1884 3586; x_wconf 76' lang='grc' dir='ltr'><strong>ἑκάστην</strong></span> <span class='ocrx_word' id='word_1_300' title='bbox 1911 3535 2034 3587; x_wconf 79' lang='grc' dir='ltr'><strong>σχε-</strong></span> 
     </span>
    </p>
   </div>
   <div class='ocr_carea' id='block_1_43' title="bbox 453 3606 2028 3678">
    <p class='ocr_par' dir='ltr' id='par_1_43' title="bbox 453 3606 2028 3678">
     <span class='ocr_line' id='line_1_43' title="bbox 453 3606 2028 3678; baseline 0 -19"><span class='ocrx_word' id='word_1_301' title='bbox 453 3606 544 3659; x_wconf 83' lang='grc' dir='ltr'><strong>δὸν</strong></span> <span class='ocrx_word' id='word_1_302' title='bbox 576 3607 825 3678; x_wconf 78' lang='grc' dir='ltr'><strong>περίοδον</strong></span> <span class='ocrx_word' id='word_1_303' title='bbox 851 3609 948 3676; x_wconf 83' lang='grc' dir='ltr'><strong>τῆς</strong></span> <span class='ocrx_word' id='word_1_304' title='bbox 977 3606 1072 3659; x_wconf 83' lang='grc' dir='ltr'><strong>τοῦ</strong></span> <span class='ocrx_word' id='word_1_305' title='bbox 1097 3608 1369 3678; x_wconf 79' lang='grc' dir='ltr'><strong>Νεμεαίου</strong></span> <span class='ocrx_word' id='word_1_306' title='bbox 1403 3609 1644 3671; x_wconf 79' lang='grc' dir='ltr'><strong>διανοίας</strong></span> <span class='ocrx_word' id='word_1_307' title='bbox 1678 3609 2028 3670; x_wconf 82' lang='grc' dir='ltr'><strong>ἀποπίπτων,</strong></span> 
     </span>
    </p>
   </div>
   <div class='ocr_carea' id='block_1_44' title="bbox 457 3697 2033 3768">
    <p class='ocr_par' dir='ltr' id='par_1_44' title="bbox 457 3697 2033 3768">
     <span class='ocr_line' id='line_1_44' title="bbox 457 3697 2033 3768; baseline 0.001 -18"><span class='ocrx_word' id='word_1_308' title='bbox 457 3697 560 3750; x_wconf 82' lang='grc' dir='ltr'><strong>κάν</strong></span> <span class='ocrx_word' id='word_1_309' title='bbox 597 3699 705 3762; x_wconf 84' lang='grc' dir='ltr'><strong>τοῖς</strong></span> <span class='ocrx_word' id='word_1_310' title='bbox 739 3698 1242 3767; x_wconf 78' lang='grc' dir='ltr'><strong>κατημαξευμένοις</strong></span> <span class='ocrx_word' id='word_1_311' title='bbox 1275 3699 1509 3750; x_wconf 67' lang='grc' dir='ltr'><strong>τουτοισὶ</strong></span> <span class='ocrx_word' id='word_1_312' title='bbox 1539 3699 1648 3750; x_wconf 83' lang='grc' dir='ltr'><strong>τῶν</strong></span> <span class='ocrx_word' id='word_1_313' title='bbox 1671 3697 1870 3764; x_wconf 82' lang='grc' dir='ltr'><strong>λέξεων</strong></span> <span class='ocrx_word' id='word_1_314' title='bbox 1900 3699 2033 3768; x_wconf 85' lang='grc' dir='ltr'><strong>σχή-</strong></span> 
     </span>
    </p>
   </div>
   <div class='ocr_carea' id='block_1_45' title="bbox 463 3787 2034 3859">
    <p class='ocr_par' dir='ltr' id='par_1_45' title="bbox 463 3787 2034 3859">
     <span class='ocr_line' id='line_1_45' title="bbox 463 3787 2034 3859; baseline 0.003 -19"><span class='ocrx_word' id='word_1_315' title='bbox 463 3804 630 3857; x_wconf 86' lang='grc' dir='ltr'><strong>μασιν</strong></span> <span class='ocrx_word' id='word_1_316' title='bbox 693 3789 784 3840; x_wconf 85' lang='grc' dir='ltr'><strong>ὑπ’</strong></span> <span class='ocrx_word' id='word_1_317' title='bbox 835 3789 1105 3858; x_wconf 82' lang='grc' dir='ltr'><strong>ἁμαθείας</strong></span> <span class='ocrx_word' id='word_1_318' title='bbox 1155 3792 1379 3859; x_wconf 84' lang='grc' dir='ltr'><strong>γελοίως</strong></span> <span class='ocrx_word' id='word_1_319' title='bbox 1429 3788 1805 3844; x_wconf 81' lang='grc' dir='ltr'><strong>ἀπαλλάττων.</strong></span> <span class='ocrx_word' id='word_1_320' title='bbox 1864 3787 2034 3858; x_wconf 85' lang='lat' dir='ltr'><strong>Hujus</strong></span> 
     </span>
    </p>
   </div>
   <div class='ocr_carea' id='block_1_46' title="bbox 459 3875 2033 3949">
    <p class='ocr_par' dir='ltr' id='par_1_46' title="bbox 459 3875 2033 3949">
     <span class='ocr_line' id='line_1_46' title="bbox 459 3875 2033 3949; baseline 0.003 -19"><span class='ocrx_word' id='word_1_321' title='bbox 459 3875 711 3930; x_wconf 77' lang='lat' dir='ltr'><strong>editionis</strong></span> <span class='ocrx_word' id='word_1_322' title='bbox 747 3881 994 3947; x_wconf 83' lang='lat' dir='ltr'><strong>exempla</strong></span> <span class='ocrx_word' id='word_1_323' title='bbox 1041 3880 1144 3934; x_wconf 89' lang='lat' dir='ltr'><strong>vidi</strong></span> <span class='ocrx_word' id='word_1_324' title='bbox 1193 3881 1422 3949; x_wconf 78' lang='lat' dir='ltr'><strong>duplicis</strong></span> <span class='ocrx_word' id='word_1_325' title='bbox 1462 3881 1708 3948; x_wconf 75' lang='lat' dir='ltr'><strong>generis,</strong></span> <span class='ocrx_word' id='word_1_326' title='bbox 1764 3893 1883 3949; x_wconf 66' lang='lat' dir='ltr'><strong>qua:</strong></span> <span class='ocrx_word' id='word_1_327' title='bbox 1932 3881 2033 3934; x_wconf 91' lang='lat' dir='ltr'><strong>hoc</strong></span> 
     </span>
    </p>
   </div>
   <div class='ocr_carea' id='block_1_47' title="bbox 459 3965 2029 4040">
    <p class='ocr_par' dir='ltr' id='par_1_47' title="bbox 459 3965 2029 4040">
     <span class='ocr_line' id='line_1_47' title="bbox 459 3965 2029 4040; baseline 0.002 -20"><span class='ocrx_word' id='word_1_328' title='bbox 459 3965 578 4020; x_wconf 86' lang='lat' dir='ltr'><strong>solo</strong></span> <span class='ocrx_word' id='word_1_329' title='bbox 625 3966 764 4020; x_wconf 87' lang='lat' dir='ltr'><strong>inter</strong></span> <span class='ocrx_word' id='word_1_330' title='bbox 806 3982 865 4022; x_wconf 89' lang='lat' dir='ltr'><strong>se</strong></span> <span class='ocrx_word' id='word_1_331' title='bbox 903 3967 1176 4038; x_wconf 71' lang='lat' dir='ltr'><strong>diﬂ&#39;erunt,</strong></span> <span class='ocrx_word' id='word_1_332' title='bbox 1221 3971 1361 4040; x_wconf 90' lang='lat' dir='ltr'><strong>quod</strong></span> <span class='ocrx_word' id='word_1_333' title='bbox 1393 3971 1586 4040; x_wconf 82' lang='lat' dir='ltr'><strong>pagina</strong></span> <span class='ocrx_word' id='word_1_334' title='bbox 1624 3971 1724 4026; x_wconf 80' lang='grc'><strong>181</strong></span> <span class='ocrx_word' id='word_1_335' title='bbox 1765 3971 2029 4040; x_wconf 80' lang='lat' dir='ltr'><strong>exempla,</strong></span> 
     </span>
    </p>
   </div>
   <div class='ocr_carea' id='block_1_48' title="bbox 461 4054 2026 4131">
    <p class='ocr_par' dir='ltr' id='par_1_48' title="bbox 461 4054 2026 4131">
     <span class='ocr_line' id='line_1_48' title="bbox 461 4054 2026 4131; baseline 0.005 -25"><span class='ocrx_word' id='word_1_336' title='bbox 461 4064 522 4108; x_wconf 90' lang='lat' dir='ltr'><strong>ut</strong></span> <span class='ocrx_word' id='word_1_337' title='bbox 562 4054 796 4123; x_wconf 90' lang='lat' dir='ltr'><strong>videtur,</strong></span> <span class='ocrx_word' id='word_1_338' title='bbox 849 4059 998 4128; x_wconf 86' lang='lat' dir='ltr'><strong>prius</strong></span> <span class='ocrx_word' id='word_1_339' title='bbox 1043 4075 1321 4129; x_wconf 84' lang='lat' dir='ltr'><strong>expressa,</strong></span> <span class='ocrx_word' id='word_1_340' title='bbox 1371 4070 1500 4131; x_wconf 87' lang='lat' dir='ltr'><strong>post</strong></span> <span class='ocrx_word' id='word_1_341' title='bbox 1547 4063 1705 4115; x_wconf 84' lang='lat' dir='ltr'><strong>linem</strong></span> <span class='ocrx_word' id='word_1_342' title='bbox 1761 4060 2026 4114; x_wconf 89' lang='lat' dir='ltr'><strong>orationis</strong></span> 
     </span>
    </p>
   </div>
   <div class='ocr_carea' id='block_1_49' title="bbox 458 4143 2033 4219">
    <p class='ocr_par' dir='ltr' id='par_1_49' title="bbox 458 4143 2033 4219">
     <span class='ocr_line' id='line_1_49' title="bbox 458 4143 2033 4219; baseline 0.003 -19"><span class='ocrx_word' id='word_1_343' title='bbox 458 4143 661 4200; x_wconf 68' lang='lat' dir='ltr'><strong>Graecae</strong></span> <span class='ocrx_word' id='word_1_344' title='bbox 707 4147 880 4201; x_wconf 90' lang='lat' dir='ltr'><strong>solum</strong></span> <span class='ocrx_word' id='word_1_345' title='bbox 914 4150 1224 4219; x_wconf 83' lang='lat' dir='ltr'><strong>paginarum</strong></span> <span class='ocrx_word' id='word_1_346' title='bbox 1257 4152 1544 4214; x_wconf 76' lang='lat' dir='ltr'><strong>custodem,</strong></span> <span class='ocrx_word' id='word_1_347' title='bbox 1590 4161 1648 4205; x_wconf 91' lang='lat' dir='ltr'><strong>ut</strong></span> <span class='ocrx_word' id='word_1_348' title='bbox 1691 4162 1904 4216; x_wconf 86' lang='lat' dir='ltr'><strong>vocant,</strong></span> <span class='ocrx_word' id='word_1_349' title='bbox 1935 4152 2033 4205; x_wconf 93' lang='lat' dir='ltr'><strong>ha-</strong></span> 
     </span>
    </p>
   </div>
   <div class='ocr_carea' id='block_1_50' title="bbox 463 4233 2033 4310">
    <p class='ocr_par' dir='ltr' id='par_1_50' title="bbox 463 4233 2033 4310">
     <span class='ocr_line' id='line_1_50' title="bbox 463 4233 2033 4310; baseline 0.004 -22"><span class='ocrx_word' id='word_1_350' title='bbox 463 4233 620 4301; x_wconf 87' lang='lat' dir='ltr'><strong>bent,</strong></span> <span class='ocrx_word' id='word_1_351' title='bbox 654 4236 904 4289; x_wconf 88' lang='lat' dir='ltr'><strong>nimirum</strong></span> <span class='ocrx_word' id='word_1_352' title='bbox 950 4238 1096 4292; x_wconf 87' lang='lat' dir='ltr'><strong>hunc</strong></span> <span class='ocrx_word' id='word_1_353' title='bbox 1140 4237 1188 4292; x_wconf 85' lang='lat' dir='ltr'><strong>M</strong></span> <span class='ocrx_word' id='word_1_354' title='bbox 1230 4239 1284 4294; x_wconf 74' lang='grc'><strong>3.</strong></span> <span class='ocrx_word' id='word_1_355' title='bbox 1316 4239 1373 4294; x_wconf 88' lang='lat' dir='ltr'><strong>lo</strong></span> <span class='ocrx_word' id='word_1_356' title='bbox 1425 4241 1684 4310; x_wconf 84' lang='lat' dir='ltr'><strong>exemplis</strong></span> <span class='ocrx_word' id='word_1_357' title='bbox 1731 4251 1905 4295; x_wconf 85' lang='lat' dir='ltr'><strong>autem</strong></span> <span class='ocrx_word' id='word_1_358' title='bbox 1933 4240 2033 4295; x_wconf 85' lang='lat' dir='ltr'><strong>ali-</strong></span> 
     </span>
    </p>
   </div>
   <div class='ocr_carea' id='block_1_51' title="bbox 461 4322 2028 4394">
    <p class='ocr_par' dir='ltr' id='par_1_51' title="bbox 461 4322 2028 4394">
     <span class='ocr_line' id='line_1_51' title="bbox 461 4322 2028 4394; baseline 0.006 -20"><span class='ocrx_word' id='word_1_359' title='bbox 461 4322 780 4390; x_wconf 87' lang='lat' dir='ltr'><strong>quantulum</strong></span> <span class='ocrx_word' id='word_1_360' title='bbox 831 4331 953 4390; x_wconf 80' lang='lat' dir='ltr'><strong>post</strong></span> <span class='ocrx_word' id='word_1_361' title='bbox 997 4326 1308 4394; x_wconf 80' lang='lat' dir='ltr'><strong>expressis,</strong></span> <span class='ocrx_word' id='word_1_362' title='bbox 1366 4327 1568 4383; x_wconf 85' lang='lat' dir='ltr'><strong>omisso</strong></span> <span class='ocrx_word' id='word_1_363' title='bbox 1619 4328 1722 4383; x_wconf 82' lang='lat' dir='ltr'><strong>isto</strong></span> <span class='ocrx_word' id='word_1_364' title='bbox 1770 4329 2028 4393; x_wconf 88' lang='lat' dir='ltr'><strong>custode,</strong></span> 
     </span>
    </p>
   </div>
   <div class='ocr_carea' id='block_1_52' title="bbox 460 4410 2030 4480">
    <p class='ocr_par' dir='ltr' id='par_1_52' title="bbox 460 4410 2030 4480">
     <span class='ocr_line' id='line_1_52' title="bbox 460 4410 2030 4480; baseline 0.007 -18"><span class='ocrx_word' id='word_1_365' title='bbox 460 4410 717 4464; x_wconf 88' lang='lat' dir='ltr'><strong>continuo</strong></span> <span class='ocrx_word' id='word_1_366' title='bbox 767 4421 888 4480; x_wconf 89' lang='lat' dir='ltr'><strong>post</strong></span> <span class='ocrx_word' id='word_1_367' title='bbox 919 4415 1236 4468; x_wconf 88' lang='lat' dir='ltr'><strong>vocabulum</strong></span> <span class='ocrx_word' id='word_1_368' title='bbox 1275 4417 1426 4480; x_wconf 84' lang='grc' dir='ltr'><strong>τέλος</strong></span> <span class='ocrx_word' id='word_1_369' title='bbox 1466 4418 1634 4472; x_wconf 86' lang='lat' dir='ltr'><strong>notati</strong></span> <span class='ocrx_word' id='word_1_370' title='bbox 1664 4427 1789 4473; x_wconf 89' lang='lat' dir='ltr'><strong>sunt</strong></span> <span class='ocrx_word' id='word_1_371' title='bbox 1816 4433 2030 4473; x_wconf 89' lang='lat' dir='ltr'><strong>errores</strong></span> 
     </span>
    </p>
   </div>
   <div class='ocr_carea' id='block_1_53' title="bbox 464 4502 1867 4572">
    <p class='ocr_par' dir='ltr' id='par_1_53' title="bbox 464 4502 1867 4572">
     <span class='ocr_line' id='line_1_53' title="bbox 464 4502 1867 4572; baseline 0.006 -19"><span class='ocrx_word' id='word_1_372' title='bbox 464 4502 774 4569; x_wconf 72' lang='lat' dir='ltr'><strong>typothetae,</strong></span> <span class='ocrx_word' id='word_1_373' title='bbox 808 4518 943 4572; x_wconf 90' lang='lat' dir='ltr'><strong>quos</strong></span> <span class='ocrx_word' id='word_1_374' title='bbox 964 4504 1015 4558; x_wconf 91' lang='lat' dir='ltr'><strong>in</strong></span> <span class='ocrx_word' id='word_1_375' title='bbox 1045 4507 1148 4561; x_wconf 89' lang='lat' dir='ltr'><strong>hac</strong></span> <span class='ocrx_word' id='word_1_376' title='bbox 1176 4507 1413 4563; x_wconf 89' lang='lat' dir='ltr'><strong>editione</strong></span> <span class='ocrx_word' id='word_1_377' title='bbox 1440 4509 1604 4564; x_wconf 89' lang='lat' dir='ltr'><strong>tacite</strong></span> <span class='ocrx_word' id='word_1_378' title='bbox 1631 4510 1867 4564; x_wconf 81' lang='lat' dir='ltr'><strong>correxi.</strong></span> 
     </span>
    </p>
   </div>
   <div class='ocr_carea' id='block_1_54' title="bbox 538 4631 2029 4711">
    <p class='ocr_par' dir='ltr' id='par_1_54' title="bbox 538 4631 2029 4711">
     <span class='ocr_line' id='line_1_54' title="bbox 538 4631 2029 4711; baseline 0.007 -26"><span class='ocrx_word' id='word_1_379' title='bbox 538 4631 819 4690; x_wconf 85' lang='lat' dir='ltr'><strong>Variantes</strong></span> <span class='ocrx_word' id='word_1_380' title='bbox 864 4636 1122 4694; x_wconf 88' lang='lat' dir='ltr'><strong>lectiones</strong></span> <span class='ocrx_word' id='word_1_381' title='bbox 1178 4641 1462 4711; x_wconf 84' lang='lat' dir='ltr'><strong>utriusque</strong></span> <span class='ocrx_word' id='word_1_382' title='bbox 1506 4643 1710 4698; x_wconf 89' lang='lat' dir='ltr'><strong>codicis</strong></span> <span class='ocrx_word' id='word_1_383' title='bbox 1757 4644 1841 4698; x_wconf 89' lang='lat' dir='ltr'><strong>hic</strong></span> <span class='ocrx_word' id='word_1_384' title='bbox 1894 4642 2029 4697; x_wconf 77' lang='lat' dir='ltr'><strong>intra</strong></span> 
     </span>
    </p>
   </div>
   <div class='ocr_carea' id='block_1_55' title="bbox 463 4721 1574 4792">
    <p class='ocr_par' dir='ltr' id='par_1_55' title="bbox 463 4721 1574 4792">
     <span class='ocr_line' id='line_1_55' title="bbox 463 4721 1574 4792; baseline 0.009 -18"><span class='ocrx_word' id='word_1_385' title='bbox 463 4721 605 4778; x_wconf 88' lang='lat' dir='ltr'><strong>inter</strong></span> <span class='ocrx_word' id='word_1_386' title='bbox 629 4723 860 4792; x_wconf 86' lang='lat' dir='ltr'><strong>reliquas</strong></span> <span class='ocrx_word' id='word_1_387' title='bbox 882 4729 1062 4782; x_wconf 88' lang='lat' dir='ltr'><strong>notavi</strong></span> <span class='ocrx_word' id='word_1_388' title='bbox 1088 4730 1272 4786; x_wconf 85' lang='lat' dir='ltr'><strong>addita</strong></span> <span class='ocrx_word' id='word_1_389' title='bbox 1299 4741 1424 4785; x_wconf 87' lang='lat' dir='ltr'><strong>nota</strong></span> <span class='ocrx_word' id='word_1_390' title='bbox 1451 4731 1574 4784; x_wconf 81' lang='grc' dir='ltr'><strong>Αηι.</strong></span> 
     </span>
    </p>
   </div>
   <div class='ocr_carea' id='block_1_56' title="bbox 529 4854 2031 4933">
    <p class='ocr_par' dir='ltr' id='par_1_56' title="bbox 529 4854 2031 4933">
     <span class='ocr_line' id='line_1_56' title="bbox 529 4854 2031 4933; baseline 0.007 -25"><span class='ocrx_word' id='word_1_391' title='bbox 529 4854 612 4908; x_wconf 83' lang='lat' dir='ltr'><strong>Ab</strong></span> <span class='ocrx_word' id='word_1_392' title='bbox 651 4855 754 4911; x_wconf 88' lang='lat' dir='ltr'><strong>hac</strong></span> <span class='ocrx_word' id='word_1_393' title='bbox 794 4857 1029 4915; x_wconf 88' lang='lat' dir='ltr'><strong>editione</strong></span> <span class='ocrx_word' id='word_1_394' title='bbox 1059 4875 1281 4931; x_wconf 86' lang='lat' dir='ltr'><strong>prorsus</strong></span> <span class='ocrx_word' id='word_1_395' title='bbox 1333 4877 1437 4917; x_wconf 90' lang='lat' dir='ltr'><strong>non</strong></span> <span class='ocrx_word' id='word_1_396' title='bbox 1477 4861 1734 4918; x_wconf 85' lang='lat' dir='ltr'><strong>dill&#39;erunt</strong></span> <span class='ocrx_word' id='word_1_397' title='bbox 1788 4864 2031 4933; x_wconf 75' lang='lat' dir='ltr'><strong>repetita:</strong></span> 
     </span>
    </p>
   </div>
   <div class='ocr_carea' id='block_1_57' title="bbox 461 5168 2023 5294">
    <p class='ocr_par' dir='ltr' id='par_1_57' title="bbox 461 5168 2023 5294">
     <span class='ocr_line' id='line_1_57' title="bbox 535 5168 2023 5294; baseline 0.001 -72"><span class='ocrx_word' id='word_1_398' title='bbox 535 5170 610 5294; x_wconf 70' lang='grc' dir='ltr'><strong>(ιιέ</strong></span> <span class='ocrx_word' id='word_1_399' title='bbox 648 5171 786 5224; x_wconf 84' lang='lat' dir='ltr'><strong>Ante</strong></span> <span class='ocrx_word' id='word_1_400' title='bbox 813 5168 1018 5224; x_wconf 79' lang='lat' dir='ltr'><strong>Vallam</strong></span> <span class='ocrx_word' id='word_1_401' title='bbox 1047 5171 1191 5226; x_wconf 90' lang='lat' dir='ltr'><strong>hunc</strong></span> <span class='ocrx_word' id='word_1_402' title='bbox 1218 5169 1454 5225; x_wconf 90' lang='lat' dir='ltr'><strong>libellum</strong></span> <span class='ocrx_word' id='word_1_403' title='bbox 1481 5169 1670 5226; x_wconf 88' lang='lat' dir='ltr'><strong>Latine</strong></span> <span class='ocrx_word' id='word_1_404' title='bbox 1695 5172 2023 5240; x_wconf 86' lang='lat' dir='ltr'><strong>interpreta-</strong></span> 
     </span>
     <span class='ocr_line' id='line_1_58' title="bbox 461 5239 2023 5294; baseline 0.001 -2"><span class='ocrx_word' id='word_1_405' title='bbox 461 5247 550 5292; x_wconf 78' lang='lat' dir='ltr'><strong>tus</strong></span> <span class='ocrx_word' id='word_1_406' title='bbox 610 5250 759 5293; x_wconf 88' lang='lat' dir='ltr'><strong>uerat</strong></span> <span class='ocrx_word' id='word_1_407' title='bbox 785 5239 1085 5294; x_wconf 81' lang='lat' dir='ltr'><strong>Richardus</strong></span> <span class='ocrx_word' id='word_1_408' title='bbox 1111 5240 1442 5294; x_wconf 79' lang='lat' dir='ltr'><strong>Buraundio.</strong></span> <span class='ocrx_word' id='word_1_409' title='bbox 1475 5240 1725 5294; x_wconf 86' lang='lat' dir='ltr'><strong>Pisanus.</strong></span> <span class='ocrx_word' id='word_1_410' title='bbox 1761 5244 1850 5294; x_wconf 85' lang='lat' dir='ltr'><strong>nui</strong></span> <span class='ocrx_word' id='word_1_411' title='bbox 1882 5256 2023 5294; x_wconf 87' lang='lat' dir='ltr'><strong>anno</strong></span> 
     </span>
    </p>
   </div>
   <div class='ocr_carea' id='block_1_58' title="bbox 489 5255 550 5290">
    <p class='ocr_par' dir='ltr' id='par_1_58' title="bbox 489 5255 550 5290">
     <span class='ocr_line' id='line_1_59' title="bbox 489 5255 550 5290; baseline 0.016 -1"><span class='ocrx_word' id='word_1_412' title='bbox 489 5255 550 5290; x_wconf 71' lang='lat' dir='ltr'><strong>IIS</strong></span> 
     </span>
    </p>
   </div>
   <div class='ocr_carea' id='block_1_59' title="bbox 2133 3101 3718 3158">
    <p class='ocr_par' dir='ltr' id='par_1_59' title="bbox 2133 3101 3718 3158">
     <span class='ocr_line' id='line_1_60' title="bbox 2133 3101 3718 3158; baseline -0.001 0"><span class='ocrx_word' id='word_1_413' title='bbox 2133 3119 2236 3158; x_wconf 89' lang='lat' dir='ltr'><strong>nec</strong></span> <span class='ocrx_word' id='word_1_414' title='bbox 2281 3118 2343 3157; x_wconf 90' lang='lat' dir='ltr'><strong>ea</strong></span> <span class='ocrx_word' id='word_1_415' title='bbox 2383 3104 2450 3157; x_wconf 91' lang='lat' dir='ltr'><strong>de</strong></span> <span class='ocrx_word' id='word_1_416' title='bbox 2487 3117 2548 3156; x_wconf 91' lang='lat' dir='ltr'><strong>re</strong></span> <span class='ocrx_word' id='word_1_417' title='bbox 2581 3103 2816 3156; x_wconf 85' lang='lat' dir='ltr'><strong>lectores</strong></span> <span class='ocrx_word' id='word_1_418' title='bbox 2861 3102 3162 3156; x_wconf 84' lang='lat' dir='ltr'><strong>admonuit.</strong></span> <span class='ocrx_word' id='word_1_419' title='bbox 3207 3101 3477 3156; x_wconf 70' lang='lat' dir='ltr'><strong>Praeterea</strong></span> <span class='ocrx_word' id='word_1_420' title='bbox 3507 3102 3562 3156; x_wconf 91' lang='lat' dir='ltr'><strong>in</strong></span> <span class='ocrx_word' id='word_1_421' title='bbox 3613 3103 3718 3158; x_wconf 78' lang='lat' dir='ltr'><strong>line</strong></span> 
     </span>
    </p>
   </div>
   <div class='ocr_carea' id='block_1_60' title="bbox 2134 3191 3713 3264">
    <p class='ocr_par' dir='ltr' id='par_1_60' title="bbox 2134 3191 3713 3264">
     <span class='ocr_line' id='line_1_61' title="bbox 2134 3191 3713 3264; baseline 0 -16"><span class='ocrx_word' id='word_1_422' title='bbox 2134 3192 2628 3248; x_wconf 81' lang='lat' dir='ltr'><strong>animadversiones</strong></span> <span class='ocrx_word' id='word_1_423' title='bbox 2675 3192 2960 3247; x_wconf 85' lang='lat' dir='ltr'><strong>nonnullas</strong></span> <span class='ocrx_word' id='word_1_424' title='bbox 3003 3193 3237 3264; x_wconf 87' lang='lat' dir='ltr'><strong>adjecit,</strong></span> <span class='ocrx_word' id='word_1_425' title='bbox 3272 3193 3324 3247; x_wconf 88' lang='lat' dir='ltr'><strong>in</strong></span> <span class='ocrx_word' id='word_1_426' title='bbox 3365 3194 3566 3262; x_wconf 86' lang='lat' dir='ltr'><strong>quibus</strong></span> <span class='ocrx_word' id='word_1_427' title='bbox 3598 3191 3713 3248; x_wconf 75' lang='lat' dir='ltr'><strong>fere</strong></span> 
     </span>
    </p>
   </div>
   <div class='ocr_carea' id='block_1_61' title="bbox 2135 3283 3714 3356">
    <p class='ocr_par' dir='ltr' id='par_1_61' title="bbox 2135 3283 3714 3356">
     <span class='ocr_line' id='line_1_62' title="bbox 2135 3283 3714 3356; baseline 0.002 -18"><span class='ocrx_word' id='word_1_428' title='bbox 2135 3285 2340 3339; x_wconf 86' lang='lat' dir='ltr'><strong>notavit</strong></span> <span class='ocrx_word' id='word_1_429' title='bbox 2385 3295 2633 3338; x_wconf 88' lang='lat' dir='ltr'><strong>auctores</strong></span> <span class='ocrx_word' id='word_1_430' title='bbox 2682 3298 2712 3336; x_wconf 88' lang='lat' dir='ltr'><strong>a</strong></span> <span class='ocrx_word' id='word_1_431' title='bbox 2779 3283 3027 3338; x_wconf 83' lang='lat' dir='ltr'><strong>Nemesio</strong></span> <span class='ocrx_word' id='word_1_432' title='bbox 3084 3285 3351 3339; x_wconf 83' lang='lat' dir='ltr'><strong>laudatos.</strong></span> <span class='ocrx_word' id='word_1_433' title='bbox 3406 3283 3714 3356; x_wconf 80' lang='lat' dir='ltr'><strong>Singularia</strong></span> 
     </span>
    </p>
   </div>
   <div class='ocr_carea' id='block_1_62' title="bbox 2136 3371 3650 3443">
    <p class='ocr_par' dir='ltr' id='par_1_62' title="bbox 2136 3371 3650 3443">
     <span class='ocr_line' id='line_1_63' title="bbox 2136 3371 3650 3443; baseline 0 -13"><span class='ocrx_word' id='word_1_434' title='bbox 2136 3374 2315 3430; x_wconf 90' lang='lat' dir='ltr'><strong>omnia</strong></span> <span class='ocrx_word' id='word_1_435' title='bbox 2347 3373 2505 3443; x_wconf 90' lang='lat' dir='ltr'><strong>hujus</strong></span> <span class='ocrx_word' id='word_1_436' title='bbox 2536 3372 2791 3428; x_wconf 87' lang='lat' dir='ltr'><strong>editionis</strong></span> <span class='ocrx_word' id='word_1_437' title='bbox 2823 3373 2936 3428; x_wconf 87' lang='lat' dir='ltr'><strong>suis</strong></span> <span class='ocrx_word' id='word_1_438' title='bbox 2969 3373 3100 3429; x_wconf 90' lang='lat' dir='ltr'><strong>locis</strong></span> <span class='ocrx_word' id='word_1_439' title='bbox 3131 3371 3363 3429; x_wconf 80' lang='lat' dir='ltr'><strong>iudicavi</strong></span> <span class='ocrx_word' id='word_1_440' title='bbox 3397 3375 3448 3429; x_wconf 92' lang='lat' dir='ltr'><strong>in</strong></span> <span class='ocrx_word' id='word_1_441' title='bbox 3482 3377 3650 3430; x_wconf 91' lang='lat' dir='ltr'><strong>notis.</strong></span> 
     </span>
    </p>
   </div>
   <div class='ocr_carea' id='block_1_63' title="bbox 2203 3507 3712 3564">
    <p class='ocr_par' dir='ltr' id='par_1_63' title="bbox 2203 3507 3712 3564">
     <span class='ocr_line' id='line_1_64' title="bbox 2203 3507 3712 3564; baseline 0.003 -4"><span class='ocrx_word' id='word_1_442' title='bbox 2203 3507 2273 3563; x_wconf 77' lang='grc' dir='ltr'><strong>ι).</strong></span> <span class='ocrx_word' id='word_1_443' title='bbox 2317 3508 2368 3562; x_wconf 77' lang='grc'><strong>1.</strong></span> <span class='ocrx_word' id='word_1_444' title='bbox 2408 3507 2590 3563; x_wconf 82' lang='lat' dir='ltr'><strong>Codex</strong></span> <span class='ocrx_word' id='word_1_445' title='bbox 2620 3507 2936 3564; x_wconf 82' lang='lat' dir='ltr'><strong>Dresdensis</strong></span> <span class='ocrx_word' id='word_1_446' title='bbox 2959 3507 3298 3564; x_wconf 80' lang='lat' dir='ltr'><strong>bibliothecae</strong></span> <span class='ocrx_word' id='word_1_447' title='bbox 3319 3508 3640 3564; x_wconf 82' lang='lat' dir='ltr'><strong>Eleetoralis</strong></span> <span class='ocrx_word' id='word_1_448' title='bbox 3661 3509 3712 3564; x_wconf 77' lang='lat' dir='ltr'><strong>l.</strong></span> 
     </span>
    </p>
   </div>
   <div class='ocr_carea' id='block_1_64' title="bbox 2135 3599 3709 3669">
    <p class='ocr_par' dir='ltr' id='par_1_64' title="bbox 2135 3599 3709 3669">
     <span class='ocr_line' id='line_1_65' title="bbox 2135 3599 3709 3669; baseline 0.001 -16"><span class='ocrx_word' id='word_1_449' title='bbox 2135 3599 2288 3654; x_wconf 85' lang='lat' dir='ltr'><strong>Htmc</strong></span> <span class='ocrx_word' id='word_1_450' title='bbox 2311 3613 2411 3667; x_wconf 81' lang='lat' dir='ltr'><strong>ego</strong></span> <span class='ocrx_word' id='word_1_451' title='bbox 2449 3599 2533 3653; x_wconf 91' lang='lat' dir='ltr'><strong>bis</strong></span> <span class='ocrx_word' id='word_1_452' title='bbox 2558 3600 2865 3655; x_wconf 83' lang='lat' dir='ltr'><strong>examinavi</strong></span> <span class='ocrx_word' id='word_1_453' title='bbox 2913 3601 2978 3654; x_wconf 87' lang='lat' dir='ltr'><strong>ad</strong></span> <span class='ocrx_word' id='word_1_454' title='bbox 3018 3601 3311 3656; x_wconf 88' lang='lat' dir='ltr'><strong>editionem</strong></span> <span class='ocrx_word' id='word_1_455' title='bbox 3343 3601 3709 3669; x_wconf 76' lang='lat' dir='ltr'><strong>Antverpien-</strong></span> 
     </span>
    </p>
   </div>
   <div class='ocr_carea' id='block_1_65' title="bbox 2135 3689 3711 3754">
    <p class='ocr_par' dir='ltr' id='par_1_65' title="bbox 2135 3689 3711 3754">
     <span class='ocr_line' id='line_1_66' title="bbox 2135 3689 3711 3754; baseline 0.001 -9"><span class='ocrx_word' id='word_1_456' title='bbox 2135 3704 2248 3745; x_wconf 87' lang='lat' dir='ltr'><strong>sem</strong></span> <span class='ocrx_word' id='word_1_457' title='bbox 2283 3699 2338 3744; x_wconf 89' lang='lat' dir='ltr'><strong>et</strong></span> <span class='ocrx_word' id='word_1_458' title='bbox 2369 3689 2757 3745; x_wconf 81' lang='lat' dir='ltr'><strong>Oxouiensem.</strong></span> <span class='ocrx_word' id='word_1_459' title='bbox 2808 3690 2908 3746; x_wconf 86' lang='lat' dir='ltr'><strong>Est</strong></span> <span class='ocrx_word' id='word_1_460' title='bbox 2954 3691 3400 3747; x_wconf 77' lang='lat' dir='ltr'><strong>membranaeeus</strong></span> <span class='ocrx_word' id='word_1_461' title='bbox 3444 3707 3573 3746; x_wconf 65' lang='lat' dir='ltr'><strong>saec.</strong></span> <span class='ocrx_word' id='word_1_462' title='bbox 3608 3707 3711 3754; x_wconf 78' lang='lat' dir='ltr'><strong>xu.</strong></span> 
     </span>
    </p>
   </div>
   <div class='ocr_carea' id='block_1_66' title="bbox 2137 3779 3716 3850">
    <p class='ocr_par' dir='ltr' id='par_1_66' title="bbox 2137 3779 3716 3850">
     <span class='ocr_line' id='line_1_67' title="bbox 2137 3779 3716 3850; baseline 0.004 -16"><span class='ocrx_word' id='word_1_463' title='bbox 2137 3791 2195 3834; x_wconf 89' lang='lat' dir='ltr'><strong>ut</strong></span> <span class='ocrx_word' id='word_1_464' title='bbox 2219 3779 2472 3833; x_wconf 79' lang='lat' dir='ltr'><strong>arhitror.</strong></span> <span class='ocrx_word' id='word_1_465' title='bbox 2510 3779 2680 3835; x_wconf 86' lang='lat' dir='ltr'><strong>Habet</strong></span> <span class='ocrx_word' id='word_1_466' title='bbox 2711 3779 2838 3835; x_wconf 80' lang='lat' dir='ltr'><strong>folia</strong></span> <span class='ocrx_word' id='word_1_467' title='bbox 2871 3781 3015 3834; x_wconf 63' lang='grc' dir='ltr'><strong>ιιι-4ο</strong></span> <span class='ocrx_word' id='word_1_468' title='bbox 3038 3782 3128 3846; x_wconf 79' lang='lat' dir='ltr'><strong>8i,</strong></span> <span class='ocrx_word' id='word_1_469' title='bbox 3171 3797 3292 3845; x_wconf 80' lang='lat' dir='ltr'><strong>seu,</strong></span> <span class='ocrx_word' id='word_1_470' title='bbox 3329 3784 3716 3850; x_wconf 75' lang='lat' dir='ltr'><strong>quaterniones</strong></span> 
     </span>
    </p>
   </div>
   <div class='ocr_carea' id='block_1_67' title="bbox 2134 3869 3713 3940">
    <p class='ocr_par' dir='ltr' id='par_1_67' title="bbox 2134 3869 3713 3940">
     <span class='ocr_line' id='line_1_68' title="bbox 2134 3869 3713 3940; baseline 0.003 -16"><span class='ocrx_word' id='word_1_471' title='bbox 2134 3869 2321 3924; x_wconf 88' lang='lat' dir='ltr'><strong>decem</strong></span> <span class='ocrx_word' id='word_1_472' title='bbox 2350 3879 2404 3923; x_wconf 92' lang='lat' dir='ltr'><strong>et</strong></span> <span class='ocrx_word' id='word_1_473' title='bbox 2435 3885 2600 3923; x_wconf 91' lang='lat' dir='ltr'><strong>unum</strong></span> <span class='ocrx_word' id='word_1_474' title='bbox 2652 3869 2862 3924; x_wconf 81' lang='lat' dir='ltr'><strong>folium.</strong></span> <span class='ocrx_word' id='word_1_475' title='bbox 2927 3869 3032 3926; x_wconf 88' lang='lat' dir='ltr'><strong>Sed</strong></span> <span class='ocrx_word' id='word_1_476' title='bbox 3079 3869 3366 3940; x_wconf 79' lang='lat' dir='ltr'><strong>quaternio</strong></span> <span class='ocrx_word' id='word_1_477' title='bbox 3403 3875 3598 3928; x_wconf 89' lang='lat' dir='ltr'><strong>tertius</strong></span> <span class='ocrx_word' id='word_1_478' title='bbox 3627 3883 3713 3929; x_wconf 57' lang='lat' dir='ltr'><strong>te.</strong></span> 
     </span>
    </p>
   </div>
   <div class='ocr_carea' id='block_1_68' title="bbox 2135 3961 3706 4030">
    <p class='ocr_par' dir='ltr' id='par_1_68' title="bbox 2135 3961 3706 4030">
     <span class='ocr_line' id='line_1_69' title="bbox 2135 3961 3706 4030; baseline 0.003 -16"><span class='ocrx_word' id='word_1_479' title='bbox 2135 3975 2282 4014; x_wconf 85' lang='lat' dir='ltr'><strong>mere</strong></span> <span class='ocrx_word' id='word_1_480' title='bbox 2313 3961 2521 4016; x_wconf 87' lang='lat' dir='ltr'><strong>insutus</strong></span> <span class='ocrx_word' id='word_1_481' title='bbox 2547 3969 2630 4015; x_wconf 86' lang='lat' dir='ltr'><strong>est</strong></span> <span class='ocrx_word' id='word_1_482' title='bbox 2672 3970 2794 4030; x_wconf 86' lang='lat' dir='ltr'><strong>post</strong></span> <span class='ocrx_word' id='word_1_483' title='bbox 2848 3963 3138 4020; x_wconf 87' lang='lat' dir='ltr'><strong>decimum.</strong></span> <span class='ocrx_word' id='word_1_484' title='bbox 3191 3962 3247 4016; x_wconf 84' lang='lat' dir='ltr'><strong>In</strong></span> <span class='ocrx_word' id='word_1_485' title='bbox 3276 3965 3513 4019; x_wconf 84' lang='lat' dir='ltr'><strong>secundo</strong></span> <span class='ocrx_word' id='word_1_486' title='bbox 3541 3965 3706 4019; x_wconf 88' lang='lat' dir='ltr'><strong>etiam</strong></span> 
     </span>
    </p>
   </div>
   <div class='ocr_carea' id='block_1_69' title="bbox 2134 4047 3714 4120">
    <p class='ocr_par' dir='ltr' id='par_1_69' title="bbox 2134 4047 3714 4120">
     <span class='ocr_line' id='line_1_70' title="bbox 2134 4047 3714 4120; baseline 0.003 -19"><span class='ocrx_word' id='word_1_487' title='bbox 2134 4049 2340 4103; x_wconf 89' lang='lat' dir='ltr'><strong>dissuta</strong></span> <span class='ocrx_word' id='word_1_488' title='bbox 2378 4057 2502 4103; x_wconf 90' lang='lat' dir='ltr'><strong>sunt</strong></span> <span class='ocrx_word' id='word_1_489' title='bbox 2531 4047 2676 4102; x_wconf 81' lang='lat' dir='ltr'><strong>folia.</strong></span> <span class='ocrx_word' id='word_1_490' title='bbox 2707 4047 2761 4102; x_wconf 90' lang='lat' dir='ltr'><strong>In</strong></span> <span class='ocrx_word' id='word_1_491' title='bbox 2789 4050 2890 4104; x_wconf 91' lang='lat' dir='ltr'><strong>hoc</strong></span> <span class='ocrx_word' id='word_1_492' title='bbox 2914 4064 2943 4101; x_wconf 89' lang='lat' dir='ltr'><strong>a</strong></span> <span class='ocrx_word' id='word_1_493' title='bbox 2967 4065 3125 4104; x_wconf 86' lang='lat' dir='ltr'><strong>manu</strong></span> <span class='ocrx_word' id='word_1_494' title='bbox 3147 4050 3429 4105; x_wconf 87' lang='lat' dir='ltr'><strong>recentiori</strong></span> <span class='ocrx_word' id='word_1_495' title='bbox 3452 4052 3714 4120; x_wconf 85' lang='lat' dir='ltr'><strong>scriptum</strong></span> 
     </span>
    </p>
   </div>
   <div class='ocr_carea' id='block_1_70' title="bbox 2133 4137 3715 4210">
    <p class='ocr_par' dir='ltr' id='par_1_70' title="bbox 2133 4137 3715 4210">
     <span class='ocr_line' id='line_1_71' title="bbox 2133 4137 3715 4210; baseline 0.001 -18"><span class='ocrx_word' id='word_1_496' title='bbox 2133 4147 2248 4194; x_wconf 88' lang='lat' dir='ltr'><strong>est:</strong></span> <span class='ocrx_word' id='word_1_497' title='bbox 2273 4137 2370 4192; x_wconf 68' lang='grc' dir='ltr'><strong>Ἐκ</strong></span> <span class='ocrx_word' id='word_1_498' title='bbox 2396 4138 2702 4193; x_wconf 81' lang='lat' dir='ltr'><strong>bibliotheca</strong></span> <span class='ocrx_word' id='word_1_499' title='bbox 2757 4139 3140 4193; x_wconf 78' lang='lat' dir='ltr'><strong>Loescheriana</strong></span> <span class='ocrx_word' id='word_1_500' title='bbox 3171 4138 3393 4194; x_wconf 77' lang='lat' dir='ltr'><strong>Clodius</strong></span> <span class='ocrx_word' id='word_1_501' title='bbox 3436 4157 3715 4210; x_wconf 79' lang='lat' dir='ltr'><strong>compara-</strong></span> 
     </span>
    </p>
   </div>
   <div class='ocr_carea' id='block_1_71' title="bbox 2135 4220 3714 4299">
    <p class='ocr_par' dir='ltr' id='par_1_71' title="bbox 2135 4220 3714 4299">
     <span class='ocr_line' id='line_1_72' title="bbox 2135 4220 3714 4299; baseline 0 -14"><span class='ocrx_word' id='word_1_502' title='bbox 2135 4231 2201 4285; x_wconf 83' lang='lat' dir='ltr'><strong>vit</strong></span> <span class='ocrx_word' id='word_1_503' title='bbox 2224 4247 2244 4295; x_wconf 87' lang='lat'><strong><em>;</em></strong></span> <span class='ocrx_word' id='word_1_504' title='bbox 2273 4231 2337 4284; x_wconf 84' lang='lat' dir='ltr'><strong>ab</strong></span> <span class='ocrx_word' id='word_1_505' title='bbox 2366 4228 2469 4282; x_wconf 87' lang='lat' dir='ltr'><strong>alia</strong></span> <span class='ocrx_word' id='word_1_506' title='bbox 2520 4244 2680 4282; x_wconf 89' lang='lat' dir='ltr'><strong>manu</strong></span> <span class='ocrx_word' id='word_1_507' title='bbox 2721 4247 2736 4282; x_wconf 92' lang='lat'><strong>:</strong></span> <span class='ocrx_word' id='word_1_508' title='bbox 2792 4229 3030 4283; x_wconf 76' lang='lat' dir='ltr'><strong>Nemesii</strong></span> <span class='ocrx_word' id='word_1_509' title='bbox 3074 4230 3302 4299; x_wconf 79' lang='lat' dir='ltr'><strong>episcopi</strong></span> <span class='ocrx_word' id='word_1_510' title='bbox 3342 4220 3620 4285; x_wconf 75' lang='lat' dir='ltr'><strong>Tractatus</strong></span> <span class='ocrx_word' id='word_1_511' title='bbox 3651 4234 3714 4286; x_wconf 86' lang='lat' dir='ltr'><strong>de</strong></span> 
     </span>
    </p>
   </div>
   <div class='ocr_carea' id='block_1_72' title="bbox 2137 4320 3712 4376">
    <p class='ocr_par' dir='ltr' id='par_1_72' title="bbox 2137 4320 3712 4376">
     <span class='ocr_line' id='line_1_73' title="bbox 2137 4320 3712 4376; baseline 0 -2"><span class='ocrx_word' id='word_1_512' title='bbox 2137 4323 2332 4374; x_wconf 87' lang='lat' dir='ltr'><strong>anima.</strong></span> <span class='ocrx_word' id='word_1_513' title='bbox 2366 4320 2518 4374; x_wconf 82' lang='lat' dir='ltr'><strong>Liber</strong></span> <span class='ocrx_word' id='word_1_514' title='bbox 2544 4320 2689 4372; x_wconf 79' lang='lat' dir='ltr'><strong>bona:</strong></span> <span class='ocrx_word' id='word_1_515' title='bbox 2709 4330 2844 4373; x_wconf 68' lang='lat' dir='ltr'><strong>notae</strong></span> <span class='ocrx_word' id='word_1_516' title='bbox 2866 4335 2928 4373; x_wconf 85' lang='lat' dir='ltr'><strong>oc</strong></span> <span class='ocrx_word' id='word_1_517' title='bbox 2949 4337 3229 4374; x_wconf 86' lang='lat' dir='ltr'><strong>annorum.</strong></span> <span class='ocrx_word' id='word_1_518' title='bbox 3277 4320 3408 4374; x_wconf 87' lang='lat' dir='ltr'><strong>Item</strong></span> <span class='ocrx_word' id='word_1_519' title='bbox 3433 4321 3486 4375; x_wconf 90' lang='lat' dir='ltr'><strong>in</strong></span> <span class='ocrx_word' id='word_1_520' title='bbox 3520 4323 3712 4376; x_wconf 86' lang='lat' dir='ltr'><strong>charta</strong></span> 
     </span>
    </p>
   </div>
   <div class='ocr_carea' id='block_1_73' title="bbox 2136 4409 3715 4480">
    <p class='ocr_par' dir='ltr' id='par_1_73' title="bbox 2136 4409 3715 4480">
     <span class='ocr_line' id='line_1_74' title="bbox 2136 4409 3715 4480; baseline 0 -15"><span class='ocrx_word' id='word_1_521' title='bbox 2136 4411 2425 4479; x_wconf 85' lang='lat' dir='ltr'><strong>separatim</strong></span> <span class='ocrx_word' id='word_1_522' title='bbox 2454 4409 2663 4480; x_wconf 88' lang='lat' dir='ltr'><strong>adjecta</strong></span> <span class='ocrx_word' id='word_1_523' title='bbox 2689 4409 2918 4480; x_wconf 77' lang='lat' dir='ltr'><strong>legitur:</strong></span> <span class='ocrx_word' id='word_1_524' title='bbox 2955 4409 3041 4464; x_wconf 80' lang='lat' dir='ltr'><strong>Ea:</strong></span> <span class='ocrx_word' id='word_1_525' title='bbox 3067 4410 3378 4464; x_wconf 82' lang='lat' dir='ltr'><strong>bibliotheca</strong></span> <span class='ocrx_word' id='word_1_526' title='bbox 3411 4410 3715 4465; x_wconf 78' lang='lat' dir='ltr'><strong>Seideliaua</strong></span> 
     </span>
    </p>
   </div>
   <div class='ocr_carea' id='block_1_74' title="bbox 2139 4498 3717 4558">
    <p class='ocr_par' dir='ltr' id='par_1_74' title="bbox 2139 4498 3717 4558">
     <span class='ocr_line' id='line_1_75' title="bbox 2139 4498 3717 4558; baseline 0.003 -5"><span class='ocrx_word' id='word_1_527' title='bbox 2139 4500 2314 4554; x_wconf 83' lang='lat' dir='ltr'><strong>Berol.</strong></span> <span class='ocrx_word' id='word_1_528' title='bbox 2349 4502 2566 4555; x_wconf 86' lang='lat' dir='ltr'><strong>redemit</strong></span> <span class='ocrx_word' id='word_1_529' title='bbox 2590 4498 2654 4554; x_wconf 82' lang='lat' dir='ltr'><strong>V.</strong></span> <span class='ocrx_word' id='word_1_530' title='bbox 2675 4499 2742 4553; x_wconf 86' lang='lat' dir='ltr'><strong>E.</strong></span> <span class='ocrx_word' id='word_1_531' title='bbox 2777 4499 3095 4556; x_wconf 72' lang='lat' dir='ltr'><strong>Loesclterus</strong></span> <span class='ocrx_word' id='word_1_532' title='bbox 3125 4501 3191 4556; x_wconf 91' lang='lat' dir='ltr'><strong>D.</strong></span> <span class='ocrx_word' id='word_1_533' title='bbox 3222 4502 3476 4556; x_wconf 77' lang='lat' dir='ltr'><strong>constatS</strong></span> <span class='ocrx_word' id='word_1_534' title='bbox 3495 4503 3717 4558; x_wconf 86' lang='lat' dir='ltr'><strong>thaleris</strong></span> 
     </span>
    </p>
   </div>
   <div class='ocr_carea' id='block_1_75' title="bbox 2138 4589 3713 4662">
    <p class='ocr_par' dir='ltr' id='par_1_75' title="bbox 2138 4589 3713 4662">
     <span class='ocr_line' id='line_1_76' title="bbox 2138 4589 3713 4662; baseline 0.004 -18"><span class='ocrx_word' id='word_1_535' title='bbox 2138 4590 2206 4645; x_wconf 76' lang='grc'><strong>18</strong></span> <span class='ocrx_word' id='word_1_536' title='bbox 2268 4589 2600 4660; x_wconf 80' lang='lat' dir='ltr'><strong>grossis.Ex</strong></span> <span class='ocrx_word' id='word_1_537' title='bbox 2634 4591 2719 4645; x_wconf 90' lang='lat' dir='ltr'><strong>his</strong></span> <span class='ocrx_word' id='word_1_538' title='bbox 2777 4606 2906 4662; x_wconf 80' lang='lat' dir='ltr'><strong>ergo</strong></span> <span class='ocrx_word' id='word_1_539' title='bbox 2971 4604 3216 4658; x_wconf 90' lang='lat' dir='ltr'><strong>constat,</strong></span> <span class='ocrx_word' id='word_1_540' title='bbox 3274 4596 3417 4648; x_wconf 89' lang='lat' dir='ltr'><strong>hunc</strong></span> <span class='ocrx_word' id='word_1_541' title='bbox 3465 4595 3713 4650; x_wconf 88' lang='lat' dir='ltr'><strong>codicem</strong></span> 
     </span>
    </p>
   </div>
   <div class='ocr_carea' id='block_1_76' title="bbox 2139 4683 3716 4750">
    <p class='ocr_par' dir='ltr' id='par_1_76' title="bbox 2139 4683 3716 4750">
     <span class='ocr_line' id='line_1_77' title="bbox 2139 4683 3716 4750; baseline 0.004 -16"><span class='ocrx_word' id='word_1_542' title='bbox 2139 4683 2313 4750; x_wconf 88' lang='lat' dir='ltr'><strong>primo</strong></span> <span class='ocrx_word' id='word_1_543' title='bbox 2335 4692 2572 4750; x_wconf 90' lang='lat' dir='ltr'><strong>emptum</strong></span> <span class='ocrx_word' id='word_1_544' title='bbox 2605 4697 2727 4737; x_wconf 89' lang='lat' dir='ltr'><strong>esse</strong></span> <span class='ocrx_word' id='word_1_545' title='bbox 2761 4697 2828 4737; x_wconf 86' lang='lat' dir='ltr'><strong>ex</strong></span> <span class='ocrx_word' id='word_1_546' title='bbox 2864 4683 3190 4738; x_wconf 88' lang='lat' dir='ltr'><strong>bibliotheca</strong></span> <span class='ocrx_word' id='word_1_547' title='bbox 3236 4683 3455 4739; x_wconf 90' lang='lat' dir='ltr'><strong>Seidelii</strong></span> <span class='ocrx_word' id='word_1_548' title='bbox 3507 4683 3716 4740; x_wconf 86' lang='lat' dir='ltr'><strong>Beroli-</strong></span> 
     </span>
    </p>
   </div>
   <div class='ocr_carea' id='block_1_77' title="bbox 2137 4770 3716 4841">
    <p class='ocr_par' dir='ltr' id='par_1_77' title="bbox 2137 4770 3716 4841">
     <span class='ocr_line' id='line_1_78' title="bbox 2137 4770 3716 4841; baseline 0.004 -16"><span class='ocrx_word' id='word_1_549' title='bbox 2137 4773 2318 4826; x_wconf 87' lang='lat' dir='ltr'><strong>nensis</strong></span> <span class='ocrx_word' id='word_1_550' title='bbox 2332 4770 2647 4826; x_wconf 84' lang='lat' dir='ltr'><strong>aValentiuo</strong></span> <span class='ocrx_word' id='word_1_551' title='bbox 2671 4772 2900 4828; x_wconf 87' lang='lat' dir='ltr'><strong>Ernesto</strong></span> <span class='ocrx_word' id='word_1_552' title='bbox 2914 4772 3716 4841; x_wconf 81' lang='lat' dir='ltr'><strong>Loeschero,superinteudente</strong></span> 
     </span>
    </p>
   </div>
   <div class='ocr_carea' id='block_1_78' title="bbox 2137 4862 3715 4930">
    <p class='ocr_par' dir='ltr' id='par_1_78' title="bbox 2137 4862 3715 4930">
     <span class='ocr_line' id='line_1_79' title="bbox 2137 4862 3715 4930; baseline 0.005 -15"><span class='ocrx_word' id='word_1_553' title='bbox 2137 4863 2408 4930; x_wconf 85' lang='lat' dir='ltr'><strong>quondam</strong></span> <span class='ocrx_word' id='word_1_554' title='bbox 2455 4862 2766 4929; x_wconf 81' lang='lat' dir='ltr'><strong>Dresdensi,</strong></span> <span class='ocrx_word' id='word_1_555' title='bbox 2828 4864 3024 4920; x_wconf 88' lang='lat' dir='ltr'><strong>deinde</strong></span> <span class='ocrx_word' id='word_1_556' title='bbox 3074 4879 3138 4920; x_wconf 83' lang='lat' dir='ltr'><strong>ex</strong></span> <span class='ocrx_word' id='word_1_557' title='bbox 3198 4865 3526 4923; x_wconf 85' lang='lat' dir='ltr'><strong>bibliotheca</strong></span> <span class='ocrx_word' id='word_1_558' title='bbox 3576 4867 3715 4923; x_wconf 68' lang='lat' dir='ltr'><strong>Loe»</strong></span> 
     </span>
    </p>
   </div>
   <div class='ocr_carea' id='block_1_79' title="bbox 2123 5172 3708 5247">
    <p class='ocr_par' dir='ltr' id='par_1_79' title="bbox 2123 5172 3708 5247">
     <span class='ocr_line' id='line_1_80' title="bbox 2123 5172 3708 5247; baseline 0.01 -21"><span class='ocrx_word' id='word_1_559' title='bbox 2123 5172 2224 5247; x_wconf 79' lang='lat' dir='ltr'><strong>fuit</strong></span> <span class='ocrx_word' id='word_1_560' title='bbox 2250 5190 2503 5244; x_wconf 72' lang='lat' dir='ltr'><strong>expressa</strong></span> <span class='ocrx_word' id='word_1_561' title='bbox 2562 5176 3000 5247; x_wconf 81' lang='lat' dir='ltr'><strong>Burgundionem</strong></span> <span class='ocrx_word' id='word_1_562' title='bbox 3040 5191 3222 5235; x_wconf 88' lang='lat' dir='ltr'><strong>autem</strong></span> <span class='ocrx_word' id='word_1_563' title='bbox 3246 5182 3455 5244; x_wconf 65' lang='grc' dir='ltr'><strong>ἵει-ωιτη</strong></span> <span class='ocrx_word' id='word_1_564' title='bbox 3493 5187 3708 5242; x_wconf 67' lang='lat' dir='ltr'><strong>verbum</strong></span> 
     </span>
    </p>
   </div>
   <div class='ocr_carea' id='block_1_80' title="bbox 610 5239 3711 5318">
    <p class='ocr_par' dir='ltr' id='par_1_80' title="bbox 610 5239 3711 5318">
     <span class='ocr_line' id='line_1_81' title="bbox 610 5239 3711 5318; baseline 0.005 -25"><span class='ocrx_word' id='word_1_565' title='bbox 610 5250 759 5318; x_wconf 69' lang='lat' dir='ltr'><strong>uerat</strong></span> <span class='ocrx_word' id='word_1_566' title='bbox 785 5239 1085 5318; x_wconf 81' lang='lat' dir='ltr'><strong>Rich_ardus</strong></span> <span class='ocrx_word' id='word_1_567' title='bbox 1111 5240 1442 5318; x_wconf 71' lang='lat' dir='ltr'><strong>Burgundio,</strong></span> <span class='ocrx_word' id='word_1_568' title='bbox 1475 5240 1725 5318; x_wconf 62' lang='lat' dir='ltr'><strong>Pisanus,</strong></span> <span class='ocrx_word' id='word_1_569' title='bbox 1761 5239 1851 5310; x_wconf 79' lang='lat' dir='ltr'><strong>qui</strong></span> <span class='ocrx_word' id='word_1_570' title='bbox 1882 5256 2025 5318; x_wconf 69' lang='lat' dir='ltr'><strong>anno</strong></span> <span class='ocrx_word' id='word_1_571' title='bbox 2120 5246 2272 5297; x_wconf 82' lang='lat' dir='ltr'><strong>verba</strong></span> <span class='ocrx_word' id='word_1_572' title='bbox 2307 5239 2597 5318; x_wconf 76' lang='lat' dir='ltr'><strong>reddidisse</strong></span> <span class='ocrx_word' id='word_1_573' title='bbox 2642 5239 2796 5318; x_wconf 56' lang='lat' dir='ltr'><strong>alque</strong></span> <span class='ocrx_word' id='word_1_574' title='bbox 2831 5251 3010 5303; x_wconf 81' lang='lat' dir='ltr'><strong>omnia</strong></span> <span class='ocrx_word' id='word_1_575' title='bbox 3039 5239 3282 5305; x_wconf 76' lang='lat' dir='ltr'><strong>barbaris</strong></span> <span class='ocrx_word' id='word_1_576' title='bbox 3311 5254 3586 5308; x_wconf 81' lang='lat' dir='ltr'><strong>uocabulis</strong></span> <span class='ocrx_word' id='word_1_577' title='bbox 3619 5239 3711 5308; x_wconf 52' lang='lat' dir='ltr'><strong>ob;</strong></span> 
     </span>
    </p>
   </div>
   <div class='ocr_carea' id='block_1_81' title="bbox 463 5307 3711 5392">
    <p class='ocr_par' dir='ltr' id='par_1_81' title="bbox 463 5307 3711 5392">
     <span class='ocr_line' id='line_1_82' title="bbox 463 5307 3711 5392; baseline 0.005 -32"><span class='ocrx_word' id='word_1_578' title='bbox 463 5307 878 5392; x_wconf 35' lang='lat' dir='ltr'><strong>illibohiilthet</strong></span> <span class='ocrx_word' id='word_1_579' title='bbox 900 5307 1319 5392; x_wconf 37' lang='lat' dir='ltr'><strong>1I‘oannt_ts_(&#39;i_tlino</strong></span> <span class='ocrx_word' id='word_1_580' title='bbox 1364 5307 1863 5392; x_wconf 59' lang='lat' dir='ltr'><strong>Notjptbergetises.</strong></span> <span class='ocrx_word' id='word_1_581' title='bbox 1897 5311 2027 5392; x_wconf 73' lang='lat' dir='ltr'><strong>Vide</strong></span> <span class='ocrx_word' id='word_1_582' title='bbox 2121 5329 2360 5392; x_wconf 63' lang='lat' dir='ltr'><strong>scarasse</strong></span> <span class='ocrx_word' id='word_1_583' title='bbox 2395 5331 2456 5368; x_wconf 90' lang='lat' dir='ltr'><strong>ac</strong></span> <span class='ocrx_word' id='word_1_584' title='bbox 2491 5307 2753 5392; x_wconf 61' lang='lat' dir='ltr'><strong>(mdeste,</strong></span> <span class='ocrx_word' id='word_1_585' title='bbox 2782 5328 2972 5392; x_wconf 80' lang='lat' dir='ltr'><strong>auctor</strong></span> <span class='ocrx_word' id='word_1_586' title='bbox 3003 5331 3086 5374; x_wconf 85' lang='lat' dir='ltr'><strong>est</strong></span> <span class='ocrx_word' id='word_1_587' title='bbox 3117 5321 3268 5376; x_wconf 80' lang='lat' dir='ltr'><strong>Ceno</strong></span> <span class='ocrx_word' id='word_1_588' title='bbox 3301 5324 3352 5378; x_wconf 92' lang='lat' dir='ltr'><strong>in</strong></span> <span class='ocrx_word' id='word_1_589' title='bbox 3390 5307 3711 5392; x_wconf 75' lang='lat' dir='ltr'><strong>przefatinne</strong></span> 
     </span>
    </p>
   </div>
   <div class='ocr_carea' id='block_1_82' title="bbox 457 5375 2024 5449">
    <p class='ocr_par' dir='ltr' id='par_1_82' title="bbox 457 5375 2024 5449">
     <span class='ocr_line' id='line_1_83' title="bbox 457 5375 2024 5449; baseline 0.003 -20"><span class='ocrx_word' id='word_1_590' title='bbox 457 5375 678 5449; x_wconf 57' lang='lat' dir='ltr'><strong>Eabric.</strong></span> <span class='ocrx_word' id='word_1_591' title='bbox 728 5379 870 5432; x_wconf 84' lang='lat' dir='ltr'><strong>Bibl.</strong></span> <span class='ocrx_word' id='word_1_592' title='bbox 897 5377 992 5434; x_wconf 85' lang='lat' dir='ltr'><strong>Gr.</strong></span> <span class='ocrx_word' id='word_1_593' title='bbox 1020 5379 1126 5434; x_wconf 88' lang='lat' dir='ltr'><strong>vol.</strong></span> <span class='ocrx_word' id='word_1_594' title='bbox 1157 5380 1274 5444; x_wconf 80' lang='lat' dir='ltr'><strong>\lll,</strong></span> <span class='ocrx_word' id='word_1_595' title='bbox 1320 5396 1370 5449; x_wconf 92' lang='lat' dir='ltr'><strong>p.</strong></span> <span class='ocrx_word' id='word_1_596' title='bbox 1419 5379 1543 5443; x_wconf 81' lang='lat'><strong>550,</strong></span> <span class='ocrx_word' id='word_1_597' title='bbox 1576 5389 1630 5433; x_wconf 89' lang='lat' dir='ltr'><strong>et</strong></span> <span class='ocrx_word' id='word_1_598' title='bbox 1655 5375 1711 5448; x_wconf 82' lang='grc' dir='ltr'><strong>Ῑ).</strong></span> <span class='ocrx_word' id='word_1_599' title='bbox 1748 5381 1882 5443; x_wconf 70' lang='grc'>647;</span> <span class='ocrx_word' id='word_1_600' title='bbox 1919 5381 2024 5434; x_wconf 89' lang='lat' dir='ltr'><strong>vol.</strong></span> 
     </span>
    </p>
   </div>
   <div class='ocr_carea' id='block_1_83' title="bbox 464 5444 2029 5519">
    <p class='ocr_par' dir='ltr' id='par_1_83' title="bbox 464 5444 2029 5519">
     <span class='ocr_line' id='line_1_84' title="bbox 464 5444 2029 5519; baseline 0.003 -21"><span class='ocrx_word' id='word_1_601' title='bbox 464 5444 598 5519; x_wconf 78' lang='grc' dir='ltr'><strong>νιιι,</strong></span> <span class='ocrx_word' id='word_1_602' title='bbox 627 5465 682 5519; x_wconf 89' lang='lat' dir='ltr'><strong>p.</strong></span> <span class='ocrx_word' id='word_1_603' title='bbox 713 5449 834 5513; x_wconf 73' lang='grc'><strong>164,</strong></span> <span class='ocrx_word' id='word_1_604' title='bbox 866 5459 920 5504; x_wconf 90' lang='lat' dir='ltr'><strong>et</strong></span> <span class='ocrx_word' id='word_1_605' title='bbox 946 5465 1006 5504; x_wconf 89' lang='lat' dir='ltr'><strong>ea</strong></span> <span class='ocrx_word' id='word_1_606' title='bbox 1032 5465 1149 5519; x_wconf 67' lang='lat' dir='ltr'><strong>qua:</strong></span> <span class='ocrx_word' id='word_1_607' title='bbox 1177 5444 1548 5504; x_wconf 59' lang='lat' dir='ltr'><strong>intra&#39;monui.</strong></span> <span class='ocrx_word' id='word_1_608' title='bbox 1575 5444 1870 5518; x_wconf 74' lang='lat' dir='ltr'><strong>Utramque</strong></span> <span class='ocrx_word' id='word_1_609' title='bbox 1903 5465 2029 5504; x_wconf 80' lang='lat' dir='ltr'><strong>ver-</strong></span> 
     </span>
    </p>
   </div>
   <div class='ocr_carea' id='block_1_84' title="bbox 463 5517 2027 5592">
    <p class='ocr_par' dir='ltr' id='par_1_84' title="bbox 463 5517 2027 5592">
     <span class='ocr_line' id='line_1_85' title="bbox 463 5517 2027 5592; baseline 0.001 -22"><span class='ocrx_word' id='word_1_610' title='bbox 463 5517 681 5592; x_wconf 75' lang='lat' dir='ltr'><strong>sionein</strong></span> <span class='ocrx_word' id='word_1_611' title='bbox 718 5519 1022 5576; x_wconf 89' lang='lat' dir='ltr'><strong>Ellebodius</strong></span> <span class='ocrx_word' id='word_1_612' title='bbox 1049 5517 1262 5577; x_wconf 81' lang='lat' dir='ltr'><strong>videtur</strong></span> <span class='ocrx_word' id='word_1_613' title='bbox 1287 5521 1583 5592; x_wconf 86' lang='lat' dir='ltr'><strong>ignorasse.</strong></span> <span class='ocrx_word' id='word_1_614' title='bbox 1633 5517 2027 5592; x_wconf 83' lang='lat' dir='ltr'><strong>Burgundionis</strong></span> 
     </span>
    </p>
   </div>
   <div class='ocr_carea' id='block_1_85' title="bbox 462 5589 2041 5660">
    <p class='ocr_par' dir='ltr' id='par_1_85' title="bbox 462 5589 2041 5660">
     <span class='ocr_line' id='line_1_86' title="bbox 462 5589 2041 5660; baseline 0.003 -21"><span class='ocrx_word' id='word_1_615' title='bbox 462 5589 669 5656; x_wconf 72' lang='lat' dir='ltr'><strong>versio,</strong></span> <span class='ocrx_word' id='word_1_616' title='bbox 699 5598 758 5645; x_wconf 87' lang='grc' dir='ltr'><strong>ιιι</strong></span> <span class='ocrx_word' id='word_1_617' title='bbox 797 5592 1053 5655; x_wconf 85' lang='lat' dir='ltr'><strong>arbitror,</strong></span> <span class='ocrx_word' id='word_1_618' title='bbox 1102 5589 1374 5660; x_wconf 70' lang='lat' dir='ltr'><strong>nunquam</strong></span> <span class='ocrx_word' id='word_1_619' title='bbox 1410 5591 1600 5645; x_wconf 80' lang='lat' dir='ltr'><strong>formis</strong></span> <span class='ocrx_word' id='word_1_620' title='bbox 1637 5591 2041 5660; x_wconf 80' lang='lat' dir='ltr'><strong>typographicis</strong></span> 
     </span>
    </p>
   </div>
   <div class='ocr_carea' id='block_1_86' title="bbox 2123 5385 2982 5442">
    <p class='ocr_par' dir='ltr' id='par_1_86' title="bbox 2123 5385 2982 5442">
     <span class='ocr_line' id='line_1_87' title="bbox 2123 5385 2982 5442; baseline 0.008 -7"><span class='ocrx_word' id='word_1_621' title='bbox 2123 5385 2190 5436; x_wconf 87' lang='lat' dir='ltr'><strong>ad</strong></span> <span class='ocrx_word' id='word_1_622' title='bbox 2227 5400 2379 5438; x_wconf 90' lang='lat' dir='ltr'><strong>suam</strong></span> <span class='ocrx_word' id='word_1_623' title='bbox 2405 5387 2704 5440; x_wconf 86' lang='lat' dir='ltr'><strong>versionem</strong></span> <span class='ocrx_word' id='word_1_624' title='bbox 2734 5387 2982 5442; x_wconf 82' lang='lat' dir='ltr'><strong>Latinam</strong></span> 
     </span>
    </p>
   </div>
   <div class='ocr_carea' id='block_1_87' title="bbox 2195 5453 3702 5531">
    <p class='ocr_par' dir='ltr' id='par_1_87' title="bbox 2195 5453 3702 5531">
     <span class='ocr_line' id='line_1_88' title="bbox 2195 5453 3702 5531; baseline 0.005 -26"><span class='ocrx_word' id='word_1_625' title='bbox 2195 5453 2272 5524; x_wconf 68' lang='grc' dir='ltr'><strong>(δι)</strong></span> <span class='ocrx_word' id='word_1_626' title='bbox 2311 5455 2446 5531; x_wconf 79' lang='lat' dir='ltr'><strong>Eam</strong></span> <span class='ocrx_word' id='word_1_627' title='bbox 2470 5456 2538 5531; x_wconf 81' lang='lat' dir='ltr'><strong>ob</strong></span> <span class='ocrx_word' id='word_1_628' title='bbox 2571 5471 2793 5531; x_wconf 77' lang='lat' dir='ltr'><strong>causam</strong></span> <span class='ocrx_word' id='word_1_629' title='bbox 2828 5473 2885 5513; x_wconf 91' lang='lat' dir='ltr'><strong>se</strong></span> <span class='ocrx_word' id='word_1_630' title='bbox 2914 5469 3138 5514; x_wconf 81' lang='lat' dir='ltr'><strong>excusat</strong></span> <span class='ocrx_word' id='word_1_631' title='bbox 3177 5459 3230 5513; x_wconf 91' lang='lat' dir='ltr'><strong>in</strong></span> <span class='ocrx_word' id='word_1_632' title='bbox 3263 5460 3582 5530; x_wconf 57' lang='lat' dir='ltr'><strong>praefatione</strong></span> <span class='ocrx_word' id='word_1_633' title='bbox 3611 5477 3702 5531; x_wconf 83' lang='lat' dir='ltr'><strong>pa-</strong></span> 
     </span>
    </p>
   </div>
   <div class='ocr_carea' id='block_1_88' title="bbox 2129 5523 3613 5596">
    <p class='ocr_par' dir='ltr' id='par_1_88' title="bbox 2129 5523 3613 5596">
     <span class='ocr_line' id='line_1_89' title="bbox 2129 5523 3613 5596; baseline 0.006 -20"><span class='ocrx_word' id='word_1_634' title='bbox 2129 5523 2253 5594; x_wconf 86' lang='lat' dir='ltr'><strong>gina</strong></span> <span class='ocrx_word' id='word_1_635' title='bbox 2288 5524 2584 5595; x_wconf 89' lang='lat' dir='ltr'><strong>pcuultima</strong></span> <span class='ocrx_word' id='word_1_636' title='bbox 2613 5543 2626 5579; x_wconf 87' lang='lat'><strong>:</strong></span> <span class='ocrx_word' id='word_1_637' title='bbox 2669 5525 2724 5580; x_wconf 73' lang='lat' dir='ltr'><strong>Is</strong></span> <span class='ocrx_word' id='word_1_638' title='bbox 2753 5537 2891 5582; x_wconf 80' lang='lat' dir='ltr'><strong>certe</strong></span> <span class='ocrx_word' id='word_1_639' title='bbox 2915 5540 3028 5583; x_wconf 81' lang='lat' dir='ltr'><strong>erat</strong></span> <span class='ocrx_word' id='word_1_640' title='bbox 3063 5523 3476 5596; x_wconf 60' lang='lat' dir='ltr'><strong>auctor&#39;uostcr,</strong></span> <span class='ocrx_word' id='word_1_641' title='bbox 3503 5540 3613 5587; x_wconf 85' lang='lat' dir='ltr'><strong>etc.</strong></span> 
     </span>
    </p>
   </div>
  </div>
