3892 6272
247 328 336 385 169
1567 315 2112 370 Ριιυιεϐυωωλ.
3371 305 3480 361 490

241 446 404 508 scheri
427 461 454 499 a
483 442 693 510 Clodio,
723 436 1142 496 bibliothecario
1179 435 1450 507 quondam
1481 437 1790 499 Dresdensi,
1831 445 1872 500 Α
1905 435 1949 488 A
1975 432 2198 487 Reisero
2221 429 2364 484 enim
2398 427 2478 482 sic
2511 436 2726 482 notatus
2749 435 2868 482 erat
2914 444 2930 481 :
2973 425 3374 482 Adumantionis
3395 437 3488 482 σα·

241 545 287 600 in
325 539 706 596 bibliothecam
756 533 1136 590 Electoralem.
1200 530 1530 601 Marginibus
1595 529 1799 584 codicis
1903 523 2016 594 pila
2037 519 2420 590 ΡΙιὶίοεορΙιὶσαο
2459 517 2595 573 Cum
2630 532 2762 588 ergo
2805 517 3027 582 εόῖῐεηι,
3072 519 3220 572 hunc
3249 517 3484 573 Nell’lcsii

240 632 487 686 interdum
521 627 753 696 ascripta
800 633 926 681 sunt
958 623 1177 689 scholia,
1212 621 1303 677 sed
1346 620 1572 676 minoris
1617 620 1800 689 pretii.
1907 613 2146 668 libellum
2205 609 2525 668 Adamanth
2574 609 2739 666 etiam
2784 609 2838 664 in
2898 610 3174 664 nonnullis
3207 610 3486 664 codicibus

240 721 494 778 Interdum
553 719 716 774 etiam
776 725 1030 771 notantur
1071 715 1236 768 varim
1290 713 1571 768 lectiones.
1631 712 1804 766 Ιιέὼυι
1908 705 2095 771 tribui,
2121 716 2181 758 ut
2242 703 2294 757 in
2350 702 2521 757 altero
2576 699 2897 766 Oxoniensi,
2933 701 3189 756 continuo
3234 715 3295 756 ea
3334 700 3403 754 de
3428 716 3487 755 re

241 809 390 864 etiam
424 805 795 862 correctiones
821 820 848 858 a
882 819 1044 858 manu
1078 803 1390 868 recentiori,
1417 817 1800 872 nonnunquam
1899 798 2145 853 consului
2176 796 2388 866 Mayum
2443 808 2642 860 meum,
2691 794 2780 864 qui
2839 794 2957 850 sine
2998 794 3107 848 ulla
3151 809 3296 849 mora
3328 794 3486 863 hujus

241 900 385 954 valde
419 899 647 966 ineptas.
675 895 733 951 In
759 895 1030 951 nonnullis
1075 896 1317 966 partibus
1353 895 1549 950 adesus
1592 903 1675 949 est
1705 910 1804 963 pu-

242 991 454 1045 tredine.
493 989 696 1044 Tamen
733 987 818 1043 vel
841 987 920 1042 sic
947 988 1032 1042 hic
1061 987 1231 1042 codex
1277 985 1418 1040 inter
1445 985 1676 1055 optimos
1701 1001 1799 1038 uu-

240 1083 513 1138 nterandus
535 1089 638 1136 est.

309 1197 367 1253 ι).
397 1196 454 1250 2.
509 1195 688 1251 Codex
739 1191 1061 1248 Dresdensis
1108 1191 1432 1247 Electoralis
1472 1191 1527 1246 2.
1586 1191 1684 1246 llic
1719 1200 1805 1246 est

239 1288 541 1343 chartaceus
560 1302 684 1342 smc.
713 1301 799 1339 xv.
823 1283 986 1339 liabet
1016 1294 1220 1338 tantum
1245 1287 1478 1353 quinque
1496 1282 1620 1337 folia
1641 1285 1690 1337 in
1722 1283 1801 1339 8°.

239 1383 476 1439 Continet
511 1382 684 1453 capita
711 1397 740 1436 a
772 1381 843 1436 55
875 1381 941 1433 ad
970 1378 1062 1443 58,
1093 1379 1144 1431 in
1169 1379 1367 1448 quibus
1388 1379 1453 1432 de
1491 1378 1601 1431 fato
1628 1393 1800 1446 expo-

239 1477 391 1530 nitur.
425 1475 571 1530 Satis
600 1474 887 1545 diligenter
931 1472 1165 1540 scriptus
1215 1480 1314 1525 est.
1356 1469 1496 1525 Usus
1526 1469 1807 1538 utriusque

238 1567 428 1622 codicis
463 1566 780 1622 Dresdensis
823 1565 1046 1633 contigit
1103 1562 1235 1617 mihi
1281 1562 1542 1619 beneficio
1572 1561 1807 1616 Adclun-

241 1660 327 1729 gii,
359 1659 454 1713 viri
489 1659 716 1714 illustris
742 1667 903 1727 atque
931 1657 1307 1712 eruditissimi.

1883 905 2118 960 quoque
2153 887 2356 942 codicis
2389 888 2569 942 varias
2604 887 2886 951 lectiones,
2922 902 2950 940 a
2981 902 3040 942 se
3074 886 3488 957 diligentissime

1907 991 2141 1046 notatas,
2177 981 2241 1033 ad
2277 994 2361 1033 me
2395 979 2718 1034 transmisit.
2771 978 3002 1034 COIlrlat
3039 979 3139 1034 iste
3184 979 3372 1042 codex,
3409 977 3486 1032 uti

1905 1090 1970 1129 ex
2003 1073 2160 1144 Mayo
2201 1071 2386 1137 didici,
2415 1072 2558 1127 foliis
2588 1089 2718 1137 axx,
2743 1088 2971 1142 quorum
3014 1071 3266 1141 quaelibet
3293 1071 3486 1139 pagina

1906 1167 2066 1222 habet
2117 1181 2309 1220 versus
2353 1165 2444 1219 2-1.
2501 1165 2694 1218 Forma
2741 1175 2820 1219 est
2855 1174 2957 1230 ,ιιι
3013 1164 3172 1233 vulgo
3213 1172 3427 1228 vocant,
3454 1161 3488 1215 4

1906 1260 2062 1323 tnin.,
2099 1269 2190 1312 aut
2211 1257 2244 1312 8
2275 1259 2400 1328 maj.
2429 1257 2674 1327 Scriptus
2703 1258 2913 1312 videtur
2944 1272 3068 1310 saec.
3091 1271 3179 1309 xw
3209 1264 3302 1308 aut
3339 1269 3405 1306 xv
3433 1254 3487 1306 in

1906 1350 2130 1404 chartis.
2183 1348 2417 1404 indicem
2472 1350 2632 1405 habet
2701 1366 2716 1406 :
2793 1349 3259 1417 Ἀδαμαντίωνος
3303 1349 3490 1416 ,λόγος

1907 1441 2342 1512 κεφαλαιώδης.
2381 1441 2439 1495 lu
2471 1441 2735 1510 principio
2790 1452 2840 1494 ct
2881 1452 3005 1495 ante
3049 1440 3258 1509 singula
3310 1439 3489 1506 capita

1909 1533 2070 1588 habet
2099 1534 2304 1588 indices
2339 1533 2604 1602 capitum,
2636 1549 2769 1602 quos
2814 1532 2926 1586 suis
2983 1533 3116 1586 locis
3147 1531 3358 1598 repetii.
3389 1530 3492 1582 lle-

1912 1626 2021 1680 licit
2053 1627 2104 1680 in
2161 1625 2342 1679 verbis
2405 1624 2509 1678 ὑπό
2560 1642 2740 1690 τινων,
2793 1625 2887 1677 καὶ
2919 1624 3144 1696 mea“.
3199 1621 3330 1676 Vide
3355 1622 3489 1676 edit.

1909 1715 2169 1784 Antverp.
2202 1730 2323 1786 pag.
2354 1717 2474 1778 161.
2514 1717 2652 1770 med.
2685 1715 2926 1769 Primum
2950 1725 3111 1784 caput
3144 1711 3487 1767 inscribitur:

300 1787 362 1840 A.
407 1785 1046 1854 1.lllustrisAugustan:e
1075 1783 1381 1852 reipublicae
1408 1783 1460 1847 1,
1486 1781 1721 1837 iii-folio.
1755 1783 1809 1836 ιδ

1922 1806 2051 1874 Περὶ
2080 1781 2322 1876 φῄὐοίεωνς
2353 1806 2694 1876 ἀνθρώπου,
2729 1807 2820 1878 qui
2843 1817 2928 1862 est
2977 1781 3135 1861 index
3176 1807 3342 1860 totius
3371 1805 3493 1857 libri

239 1876 456 1946 scriptus
508 1885 593 1931 cst
643 1878 694 1930 in
743 1877 928 1929 charta
956 1875 1276 1946 bombycina
1307 1889 1454 1937 διες..
1483 1885 1542 1927 ιιι
1571 1875 1806 1937 videtur,

241 1985 318 2023 xtv
346 1981 434 2023 aut
463 1985 552 2024 xv.
589 1969 740 2023 lluuc
783 1967 1038 2023 Reiscrus
1077 1970 1129 2022 in
1191 1968 1446 2037 Catalogo
1483 1967 1810 2021 bibliotheca:

239 2059 556 2127 Augusmnw
582 2058 789 2112 notavit
818 2073 941 2127 pag.
966 2058 1056 2124 75,
1109 2073 1258 2114 num.
1297 2057 1352 2111 5.
1392 2055 1574 2111 Codex
1600 2066 1683 2110 est
1715 2071 1810 2124 0p-

239 2152 556 2207 tinuenotze.
599 2150 792 2206 Deficit
819 2164 997 2205 tamen
1028 2151 1080 2205 in
1117 2148 1221 2204 fine
1244 2149 1436 2221 capitis
1464 2149 1555 2202 41.

299 2285 360 2340 Α.
398 2284 452 2338 2.
494 2283 684 2340 Codex
710 2283 1058 2354 Augustanns
1078 2282 1132 2348 2,
1169 2297 1257 2352 ap.
1283 2279 1568 2335 Reiserum
1589 2319 1603 2346 ,
1639 2294 1690 2349 p.
1717 2279 1807 2345 54,

241 2395 287 2432 n.
317 2379 398 2433 15.
430 2377 873 2432 Membranaccus
898 2375 1058 2439 ill-8',
1082 2388 1210 2428 saec.
1259 2388 1314 2426 χι
1346 2381 1438 2426 aut
1488 2386 1584 2424 xu.
1630 2371 1684 2425 lu
1712 2371 1812 2425 hoc

241 2479 406 2525 tamen
441 2469 577 2526 lolia
606 2469 659 2523 in
689 2466 960 2538 principio
1012 2474 1134 2520 sunt
1169 2466 1454 2519 chartacea
1496 2479 1636 2530 xm;
1682 2463 1808 2517 item

243 2564 360 2628 x,in
385 2563 710 2632 tinecapitis
735 2561 828 2627 55,
864 2561 940 2615 uti
978 2559 1030 2614 in
1066 2559 1228 2612 variis
1251 2557 1570 2614 lectionibus
1608 2557 1808 2612 notavi.

242 2654 354 2711 litae
383 2656 584 2726 scripta
611 2663 738 2710 sunt
798 2668 956 2716 saec.,
986 2660 1047 2705 ιιι
1081 2652 1313 2716 videtur,
1347 2666 1461 2704 xvi.
1490 2650 1679 2704 Scriba
1713 2649 1812 2704 fuit

240 2745 475 2817 diligens,
497 2756 559 2801 et
577 2747 949 2814 Augustanum
987 2743 1228 2798 codicem
1263 2743 1316 2808 1,
1349 2758 1378 2797 a
1418 2757 1526 2811 quo
1565 2741 1681 2796 fere
1703 2755 1809 2794 non

241 2838 497 2905 dissentit,
570 2837 856 2908 diligenter
904 2836 1194 2906 expressit.
1233 2834 1290 2888 lu
1348 2834 1415 2888 iis
1454 2848 1573 2902 qua:
1607 2833 1810 2902 scripta

242 2943 355 2986 sunt
385 2947 414 2986 a
443 2947 612 2987 manu
642 2931 814 3002 prima
849 2930 904 2984 itt
963 2929 1312 2991 membranis,
1357 2941 1500 2997 saepe
1529 2935 1810 2996 peccatum

243 3034 316 3079 est
333 3036 520 3079 contra
549 3022 1011 3092 orthographiam.
1070 3019 1272 3074 Tamen
1322 3020 1374 3074 in
1413 3021 1515 3074 hoc
1561 3019 1814 3087 leguntur

241 3117 407 3186 capita
431 3115 640 3178 ultima,
668 3128 787 3183 qua:
811 3113 1008 3167 desunt
1039 3113 1093 3166 in
1120 3112 1438 3180 Augustam)
1465 3111 1516 3165 1.
1559 3108 1812 3176 Quinimo

243 3219 351 3280 post
379 3210 543 3264 ﬁnem
572 3205 766 3276 capitis
789 3205 882 3272 44,
905 3204 1100 3276 legitur
1124 3204 1286 3258 etiam
1318 3201 1460 3258 aliud
1496 3217 1618 3256 cum
1639 3200 1817 3255 indice

244 3303 367 3354 hoc:
401 3302 502 3355 Ἐν
539 3300 656 3353 τίνι
683 3297 750 3352 τὸ
776 3297 1136 3367 ἡγεμονικὸν
1176 3294 1430 3364 ἵδρυται.
1472 3293 1662 3361 incipit
1690 3312 1702 3346 :
1729 3293 1817 3345 Σι-

241 3391 378 3462 γάτιι)
433 3394 589 3446 πᾶσα
628 3387 954 3460 στοχαστικὴ
1009 3385 1382 3459 ματαιολογία.
1419 3385 1522 3440 Sed
1572 3386 1672 3439 hoc
1702 3384 1818 3440 sine

243 3486 343 3538 ullo
375 3486 540 3540 dubio
575 3490 852 3537 auctorem
905 3479 1070 3535 habet
1123 3478 1444 3545 Gregorium
1491 3475 1814 3546 Nyssenutu.

247 3575 347 3629 Etsi
375 3585 554 3631 autem
583 3575 674 3629 hic
702 3573 869 3628 codex
901 3588 1042 3628 nunc
1064 3573 1312 3627 eumdem
1337 3570 1571 3625 indicem
1601 3569 1814 3635 habeat,

245 3679 392 3732 quem
420 3668 772 3737 Augustanus
804 3663 856 3727 1,
907 3673 1082 3717 tamen
1123 3662 1304 3732 colligi
1361 3661 1534 3731 possit
1583 3661 1725 3715 hunc
1753 3660 1818 3714 li-

250 3756 433 3809 bellum
471 3757 524 3811 in
557 3756 666 3809 hoc
698 3755 887 3810 codice
929 3754 1056 3811 olim
1093 3754 1356 3809 tributum
1406 3767 1527 3810 esse
1555 3752 1818 3824 Gregorio

246 3844 497 3916 Nysseno.
539 3847 754 3902 Etenim
784 3855 906 3916 post
933 3846 1069 3901 istud
1110 3854 1294 3916 caput.
1331 3860 1438 3915 quo
1500 3845 1713 3901 auctior
1738 3854 1820 3899 est

249 3940 328 3994 hic
358 3942 552 4006 codex,
585 3939 845 3994 continuo
890 3954 918 3992 a
956 3940 1131 4008 prima
1181 3953 1342 3991 manu
1391 3937 1589 4006 legitur
1610 3937 1821 3994 libellus

245 4027 487 4098 Gregorii
516 4030 882 4101 Nyssenicutn
901 4029 1078 4084 indice
1098 4046 1112 4084 :
1136 4027 1251 4081 Τοῦ
1267 4027 1455 4083 αὐτοῦ
1487 4027 1820 4097 Γρηγορίου

245 4121 511 4190 Νύσσης,
545 4122 686 4191 Περὶ
738 4121 951 4191 ψυχῆς
985 4119 1084 4192 (a).
1133 4119 1328 4190 Incipit
1381 4136 1395 4172 :
1453 4119 1672 4190 Ἐπειδὴ
1724 4118 1820 4173 τοῦ

246 4213 581 4286 ἀνθρωπίνου
609 4213 726 4284 βίον
755 4213 892 4284 πρὸς
929 4211 1021 4266 τὸν
1052 4212 1188 4266 Θεὸν
1236 4212 1470 4283 μετέστη
1503 4214 1532 4266 ὁ
1567 4211 1734 4275 πολὺς
1763 4213 1820 4264 ὲν
1849 4208 1852 4209 ⁷

247 4305 412 4375 ἁγίοις
459 4306 771 4378 Βασίλειος.
811 4307 1053 4371 Accedit,
1099 4307 1241 4375 quod
1295 4307 1451 4361 tertia
1508 4321 1701 4360 manus
1736 4306 1820 4360 isti

250 4399 430 4455 ultimo
490 4399 687 4470 capiti,
743 4399 811 4452 de
859 4413 966 4468 quo
1034 4397 1168 4460 dixi,
1230 4397 1628 4466 ascripsit:To
1651 4398 1823 4470 παρὸν

247 4489 528 4558 κεφάλαιον
565 4489 629 4560 ιβ’
655 4490 770 4543 ἐστι
801 4489 894 4544 τοῦ
921 4489 1087 4543 αὑτοῦ
1110 4488 1332 4560 Νύσσης
1348 4491 1405 4544 ἐν
1421 4491 1485 4561 τῇ
1508 4491 1820 4562 κατασκευῇ
1853 4492 1902 4551 D

248 4579 334 4632 τοῦ
365 4582 678 4654 ἀνθρώπου.
715 4583 826 4635 Καὶ
857 4575 959 4637 ὧδε
1015 4581 1113 4654 μὲν
1162 4582 1267 4636 οὐκ
1315 4581 1532 4654 ἐγράφη
1579 4580 1820 4647 τελείως,

249 4670 356 4723 ἀλλ’
383 4674 622 4727 ἐλλείπει
656 4674 840 4744 μέρος.

320 4805 424 4862 llos
446 4807 588 4861 duos
615 4804 833 4861 codices
861 4805 1204 4875 Augustanos
1224 4845 1240 4873 ,
1289 4819 1426 4874 quos
1459 4801 1593 4858 mihi
1626 4803 1825 4857 libera-

251 4898 446 4956 lissime
472 4897 839 4955 commodavit
875 4895 1234 4968 Hieronymus
1263 4895 1512 4954 Andreas
1567 4897 1824 4962 llertens,

254 4989 330 5043 vir
373 4988 770 5046 celeberrimus
824 4995 879 5044 et
939 4987 1308 5054 doctissimus,
1353 4989 1467 5059 ipse
1511 4990 1825 5056 comparavi

255 5094 428 5135 mense
455 5078 600 5134 Maio
627 5079 750 5133 anni
771 5077 929 5144 1796,
969 5092 1092 5133 cum
1126 5092 1303 5133 essem
1335 5079 1592 5148 Augustae
1625 5075 1828 5132 Vinde-

259 5169 495 5226 licorum.
532 5169 591 5224 In
617 5184 684 5225 eo
716 5179 893 5224 tamen
927 5169 1143 5240 negotio
1188 5169 1416 5226 multum
1463 5169 1678 5238 adjutus
1709 5185 1827 5222 sum

257 5277 407 5332 opera
435 5260 662 5317 Joannis
680 5259 899 5316 Gottlob
931 5260 1073 5332 May,
1096 5261 1198 5317 viri
1228 5261 1580 5317 eruditissimi
1609 5276 1675 5317 ac
1693 5262 1827 5316 mihi

259 5368 592 5410 θωιοιεειιιη.

323 5469 386 5521 Α.
413 5468 468 5522 5.
501 5469 846 5538 Augustanns
874 5469 929 5533 5,
959 5467 1256 5523 secundum
1282 5467 1566 5525 Reiserum
1595 5467 1830 5539 pag.88,

274 5571 418 5614 num.
472 5559 565 5616 05.
617 5561 716 5616 llic
762 5561 933 5615 codex
985 5561 1373 5629 propemodum
1421 5577 1505 5616 me
1565 5561 1831 5615 latuisset.

327 5728 399 5798 (ιι.
444 5729 579 5783 Vide
613 5738 740 5784 tom.
775 5729 861 5794 ill,
901 5745 956 5798 p.
988 5729 1113 5797 181,
1155 5731 1286 5786 edit.
1321 5728 1492 5785 Paris.
1523 5729 1685 5785 1658.

329 5797 404 5871 (ὁ)
443 5800 721 5856 Postremo
753 5797 944 5854 horum
975 5816 1189 5870 quoque
1225 5803 1389 5856 variae
1429 5801 1689 5856 lectiones
1745 5814 1834 5852 n0-

577 5893 842 5953 PATm)l..
870 5894 964 5952 Gn
1025 5895 1155 5956 XL.

1914 1900 1967 1954 in
2003 1898 2124 1953 aliis
2159 1901 2316 1954 codd.
2351 1900 2533 1956 Codex
2565 1911 2649 1954 est
2685 1901 2838 1956 bona:
2867 1909 3025 1955 notae.
3054 1897 3330 1953 interdum
3362 1911 3497 1950 cou-

1912 1990 2063 2044 venit
2089 1989 2405 2045 notabiliter
2424 2006 2545 2046 cum
2579 1990 2648 2046 Μ.
2679 1991 2730 2056 1,
2758 1989 3030 2046 interdum
3060 2005 3181 2044 cum
3217 1987 3279 2043 D.
3308 1991 3356 2044 1.
3388 1988 3492 2042 llu-

1904 2081 2142 2150 jusmodi
2197 2083 2444 2138 codicem
2503 2082 2571 2137 ad
2627 2097 2820 2138 manus
2865 2083 3030 2138 etiam
3080 2081 3269 2135 habuit
3321 2082 3496 2136 editor

1911 2173 2261 2242 Oxoniensis,
2295 2177 2440 2231 unde
2466 2175 2722 2232 nonnulla
2759 2175 2922 2231 tacite
2945 2173 3279 2236 emendavit.

1984 2305 2277 2380 Prmterea,
2335 2321 2456 2362 cum
2527 2323 2672 2363 anno
2718 2307 2855 2375 1796
2905 2307 3172 2363 Monacbii
3223 2322 3494 2373 versarer,

1914 2398 2022 2452 vidi
2051 2399 2216 2453 etiam
2269 2401 2321 2453 in
2369 2398 2696 2453 bibliotheca
2749 2398 3041 2453 Electorali
3089 2398 3229 2453 duos
3281 2399 3498 2452 codices

1912 2489 2146 2544 Neinesii
2182 2487 2280 2560 (b),
2317 2504 2452 2560 quos
2489 2500 2693 2553 tamen,
2733 2490 2853 2544 aliis
2905 2491 3134 2562 negotiis
3188 2490 3496 2560 impeditum,

1911 2594 2232 2650 Comparare
2264 2597 2366 2634 non
2393 2582 2564 2651 pomi.
2590 2581 2743 2636 Alter
2767 2580 2837 2650 (c)
2868 2590 2951 2635 cst
2981 2596 3130 2635 num.
3153 2579 3246 2648 29,
3283 2583 3500 2636 charta-

1912 2686 2040 2727 ceus
2072 2671 2285 2726 in-l‘olio
2311 2687 2436 2727 saec.
2468 2687 2579 2727 xvr.
2603 2672 2855 2728 Continct
2885 2686 2914 2725 a
2964 2671 3090 2726 t'ulio
3120 2672 3222 2727 108
3245 2673 3310 2726 ad
3353 2673 3453 2728 159
3481 2691 3495 2728 :

1909 2763 2208 2833 Νεμεαίου
2239 2763 2578 2817 ἐπισκόπου
2619 2762 2880 2832 Ἐμέσης
2927 2761 3066 2831 Περὶ
3113 2764 3352 2832 φύσεως
3389 2765 3498 2819 ἀν-

1912 2854 2170 2924 θρώπου.
2210 2855 2418 2909 Desinit
2445 2857 2622 2925 capite
2641 2855 2736 2921 52,
2771 2855 2913 2924 Περὶ
2951 2856 3057 2910 τοῦ
3102 2856 3414 2921 ἐκθυσίου,
3443 2857 3496 2912 in

1917 2947 2116 3011 verbis,
2149 2945 2288 3000 ἐθῶν
2314 2945 2384 3000 τὰ
2412 2946 2640 3000 τοιαῦτα
2665 2947 3049 3019 κατορθοῦται.
3078 2948 3328 3018 Ejusdem
3363 2965 3500 3002 non-

1915 3033 2055 3088 nulla
2101 3049 2129 3088 a
2164 3035 2342 3105 capite
2396 3034 2467 3089 55
2515 3035 2582 3088 ad
2638 3045 2803 3104 caput
2849 3034 2917 3089 57
2951 3037 3115 3090 verba
3190 3037 3498 3090 ὲπιδέουσιν

1841 3153 1884 3211 c
1916 3123 2296 3197 ἀπαράϐατον,
2351 3125 2606 3196 leguntur
2658 3142 2688 3182 a
2748 3125 2880 3182 folio
2921 3127 3024 3182 170
3053 3128 3122 3182 ad
3173 3127 3296 3182 175.
3349 3131 3502 3184 Alter

1919 3217 2082 3270 etiam
2109 3216 2429 3272 chartaeeus
2480 3227 2562 3272 est
2593 3215 2810 3272 iii-folio
2857 3233 2986 3273 saec.
3045 3233 3158 3283 xvr,
3190 3235 3342 3276 num.
3371 3220 3496 3278 100.

1917 3307 2172 3364 Continel
2197 3309 2432 3366 Nemcsii
2463 3309 2640 3379 capita
2663 3311 2729 3365 de
2768 3310 2899 3375 fato,
2921 3322 3050 3376 etc.,
3075 3327 3104 3365 a
3141 3313 3315 3382 capite
3343 3312 3412 3367 55
3433 3315 3500 3367 ad

1920 3402 2087 3460 finem
2112 3402 2255 3470 libri,
2310 3419 2338 3457 a
2391 3401 2519 3457 folio
2566 3403 2670 3458 152
2699 3403 2765 3457 ad
2800 3404 2926 3458 170.
2988 3403 3254 3476 Deinceps
3308 3406 3504 3476 legitur

1919 3494 2083 3550 etiam
2110 3493 2345 3549 Nemesii
2377 3495 2596 3550 nomine
2629 3494 2768 3550 liber
2804 3495 2880 3551 De
2897 3499 3282 3553 contemnenda
3311 3511 3500 3563 morte,

1921 3603 2085 3656 quem
2131 3587 2430 3642 novissime
2488 3587 2747 3642 Demetrii
2793 3587 3021 3658 Cydonii
3069 3592 3289 3645 nomine
3333 3591 3507 3646 edidit

1920 3677 2172 3743 Kuinoel,
2204 3677 2290 3732 vir
2309 3677 2729 3743 eruditissimus,
2789 3675 2987 3748 Lipsiae
3019 3679 3180 3745 1786,
3229 3679 3285 3738 8.
3338 3680 3506 3751 Equi-

1921 3770 2041 3826 dem
2070 3784 2201 3847 vcro
2234 3767 2377 3823 nullo
2403 3769 2563 3824 modo
2597 3768 2728 3822 mihi
2780 3771 3111 3840 persuadere
3163 3787 3406 3842 possum,
3443 3784 3508 3827 ut

1921 3865 2164 3929 credam,
2204 3864 2351 3918 hunc
2387 3875 2601 3932 quoque
2652 3861 2891 3917 libellum
2939 3878 3060 3919 esse
3087 3864 3346 3922 Nemesii.
3380 3888 3384 3892 »
3417 3865 3507 3920 Ει-

1921 3956 2066 4010 enim
2099 3963 2149 4008 et
2174 3952 2374 4024 φράσις
2393 3961 2445 4005 et
2468 3951 2712 4024 συνθήκη
2739 3962 2793 4008 et
2820 3953 3050 4010 διάνοιαι
3081 3957 3508 4013 suntdissimilli-

1923 4062 2046 4100 mae.
2077 4044 2479 4100 Sententiarum
2522 4060 2654 4100 vero
2690 4047 2981 4102 diversitas
3039 4049 3270 4104 maxime
3313 4049 3509 4104 intelli-

1922 4139 2070 4209 gitur
2099 4153 2164 4192 ex
2192 4139 2402 4193 duobus
2433 4138 2792 4208 argumentis,
2829 4153 2949 4209 quae
2968 4148 3198 4210 uterque
3224 4143 3503 4197 tractavit:

1923 4227 2154 4281 alterum
2184 4236 2289 4291 est,
2326 4226 2395 4280 de
2454 4226 2865 4282 immortalitate
2896 4229 3098 4294 animi;
3159 4229 3412 4294 alterum,
3441 4232 3509 4288 de

1925 4319 2221 4374 virtutibus
2252 4327 2308 4372 et
2358 4317 2733 4384 facultatibus,
2791 4319 2989 4389 quibus
3017 4320 3266 4378 homines
3307 4333 3507 4380 cmtcra

1927 4409 2260 4465 antecellunt
2284 4408 2562 4463 animalia.

1997 4539 2132 4596 Con.
2165 4549 2318 4593 notat
2347 4539 2652 4595 versionem
2712 4540 2960 4596 Latinam
2987 4542 3211 4598 Joannis
3248 4544 3508 4610 Cononis,

1927 4647 2088 4702 quam
2122 4631 2375 4686 hortante
2413 4629 2579 4686 Beato
2633 4632 2894 4689 libenano
2921 4633 3152 4702 primum
3206 4635 3372 4690 edidit
3402 4637 3510 4690 Ar-

1927 4730 2140 4793 gentor.
2168 4720 2328 4785 1512,
2354 4721 2448 4777 fol.
2488 4722 2600 4792 Ego
2642 4737 2772 4777 usus
2801 4738 2920 4778 sum
2971 4721 3220 4795 Gregorii
3281 4726 3509 4799 Nysseni

1928 4813 2167 4870 editione
2200 4812 2393 4869 Latina
2413 4812 2580 4869 Basil.
2610 4813 2770 4879 1562,
2794 4815 2881 4870 ubi
2918 4816 3006 4872 hic
3052 4816 3267 4875 libellus
3315 4818 3514 4890 legitur

1930 4921 1958 4960 a
1992 4921 2114 4976 pag.
2143 4905 2241 4960 171
2276 4911 2342 4959 ad
2373 4904 2500 4961 550.
2535 4907 2608 4961 De
2637 4907 2905 4963 indicibus
2949 4917 3004 4964 et
3053 4909 3316 4977 divisione
3351 4913 3514 4968 totius

1929 4995 2132 5066 cperis,
2172 4997 2246 5050 uti
2287 4997 2423 5063 apud
2475 4995 2752 5054 Cononem
2805 5010 3085 5066 notantur,
3145 5002 3328 5057 monui
3377 5003 3514 5058 infra

1931 5087 2045 5142 suis
2068 5087 2201 5143 locis
2236 5088 2290 5142 in
2323 5089 2488 5144 notis.
2512 5088 2663 5144 Couo
2692 5090 2894 5146 uullmn
2915 5093 3182 5164 integrqu
3209 5095 3516 5165 exemplum

1933 5178 2180 5234 Graecum
2209 5180 2416 5245 habuit,
2445 5179 2540 5235 sed
2571 5189 2777 5236 tantum
2815 5184 3059 5252 quaedam
3129 5179 3303 5254 capita
3335 5196 3386 5240 et
3411 5186 3518 5240 fra-

1933 5280 2152 5342 gmenm
2186 5287 2248 5326 es.
2313 5272 2639 5328 bibliotheca
2673 5275 2906 5328 cautobii
2962 5274 3190 5329 fratrum
3247 5279 3368 5330 ord.
3412 5279 3520 5333 diti

1935 5362 2202 5419 Dominici
2226 5363 2545 5421 Basileensi.
2574 5365 2714 5434 Ergo
2748 5364 3054 5420 versionem
3096 5365 3520 5438 Burgundionis,

1935 5470 2100 5526 quam
2131 5455 2274 5510 haud
2319 5456 2489 5510 dubie
2528 5457 2790 5525 scriptam
2847 5455 3056 5522 habuit,
3107 5458 3160 5512 in
3204 5457 3392 5512 multis
3425 5473 3522 5527 pm

1939 5549 2167 5604 arbitrio
2198 5563 2294 5604 suo
2347 5550 2597 5614 mutavit,
2629 5549 2872 5604 adhibita
2924 5557 3105 5604 tamen
3141 5549 3196 5604 in
3253 5550 3521 5604 nonnullis
3619 5590 3627 5614 ._

1941 5735 2066 5783 tam
2101 5737 2246 5791 sunt,
2281 5738 2338 5781 ιιι
2368 5727 2454 5780 hic
2487 5725 2712 5780 inferius
2749 5725 2956 5782 manui.

2012 5798 2082 5870 (c)
2125 5799 2274 5854 llunc
2313 5799 2364 5853 iu
2397 5799 2539 5853 notis
2572 5797 2836 5868 appellavi
2883 5797 2952 5851 ill.
2986 5797 3008 5850 1
3038 5837 3053 5863 ,
3105 5797 3335 5852 alterum
3364 5795 3431 5851 Μ.
3462 5793 3498 5848 2

3166 5893 3240 5953 16
