3892 6272
422 298 514 350 Mli

1446 294 1490 349 Ν
1499 294 1798 354 EMESIUS
1837 295 2169 359 EPISCOPU
2182 300 2221 357 S
2266 299 2658 358 EMESENUS.

3574 304 3676 358 om

420 412 552 465 iacis
583 408 770 465 Grmca
803 407 1049 465 oratione
1075 407 1258 464 Basilii
1298 408 1373 464 M.
1405 409 1458 465 in
1500 408 1849 477 llexaemero,
1873 413 2000 468 Elia:
2029 420 2076 476 Α
2175 416 2339 472 loan.
2374 426 2526 472 notat
2567 414 2798 472 Joannis
2847 411 3170 470 Damasceni
3212 418 3414 466 tomum
3447 410 3683 480 primum

427 503 706 556 Cretensis
731 511 786 556 et
813 499 900 556 Jo.
937 499 1280 556 Damasceni.
1334 501 1481 555 Idem
1532 512 1683 557 notat
1715 503 1883 557 multa
1929 519 1997 558 ex

421 596 525 646 hoc
566 592 702 646 libro
755 591 1002 647 hausisse
1029 589 1294 646 Thomam
1354 591 1678 662 Aquinatem
1702 602 1757 649 et
1803 595 1999 652 Alher-

422 695 532 736 tum
584 683 855 753 Magnum.
914 682 1152 737 Cononis
1207 674 1512 739 Versionem
1547 703 1577 741 a
1631 688 1897 759 principio
1932 691 1997 743 ad

421 776 582 828 ﬁnem
623 790 743 829 cum
778 773 969 829 Graeco
999 775 1308 844 romparavi
1343 785 1398 831 et
1432 788 1616 833 notatu
1645 779 1802 851 digna
1831 782 1880 835 in
1909 798 2000 834 va-

422 867 516 921 riis
540 865 864 921 lectionibus
915 866 1172 922 iudicavi.
1220 867 1403 924 Multis
1453 869 1508 924 in
1548 871 1683 928 locis
1734 873 1865 928 mihi
1901 889 2046 944 pro.

420 957 606 1012 codice
631 956 750 1023 fuit,
781 956 880 1011 etsi
920 957 1062 1012 haud
1091 972 1258 1027 pauca
1293 960 1470 1030 inepte
1503 962 1815 1019 reddiderit.

503 1067 642 1121 Vall.
685 1079 836 1122 notat
888 1069 1191 1126 versionem
1249 1071 1497 1127 Latinam
1541 1075 1756 1146 Georgii
1811 1075 1997 1144 Valhe,

421 1159 744 1222 Placentini,
779 1177 897 1228 quze
929 1162 1127 1231 prodiit
1185 1163 1430 1234 Lugduni
1485 1167 1624 1234 apud
1682 1168 1810 1223 Seb.
1862 1168 2002 1240 Gryo

420 1252 605 1320 pllium
638 1252 799 1317 1555,
825 1253 880 1306 Δ.
917 1254 961 1307 Α
996 1253 1262 1324 principio
1297 1256 1457 1324 hujus
1492 1258 1614 1313 libri
1639 1259 1834 1330 legitur
1857 1259 2001 1316 Gau-

420 1345 588 1398 dentii
629 1344 846 1399 Merula:
877 1346 1125 1415 epistola,
1184 1347 1382 1418 scripta
1432 1349 1718 1406 Mediolani
1751 1367 1846 1406 vut
1877 1351 1996 1408 Kal.

421 1435 542 1489 Maii
575 1436 744 1497 l538,
781 1453 882 1507 qua
916 1438 1083 1507 [hunc
1125 1439 1361 1494 libellum
1395 1441 1664 1497 dedicavit
1699 1443 1762 1498 D.
1795 1442 2000 1501 Iacobo

419 1528 667 1598 Philippo
717 1528 948 1583 Saccho.
1001 1529 1057 1584 In
1082 1546 1144 1585 ea
1183 1531 1439 1598 traditur,
1500 1535 1641 1590 hunc
1691 1534 1999 1592 Nemesium

421 1618 701 1674 inventum
741 1635 862 1674 esse
899 1621 951 1674 in
981 1621 1304 1678 bibliotheca
1333 1622 1552 1694 Georgii
1577 1625 1812 1682 Merulae.
1845 1627 1998 1683 Valla

423 1720 537 1786 ipse
566 1719 631 1770 de
665 1730 758 1770 sua
814 1717 1059 1772 versione
1106 1734 1173 1772 ne
1225 1721 1448 1775 verbum
1487 1721 1704 1790 quidem
1764 1723 1998 1790 addidit,

421 1810 526 1862 nisi
565 1810 615 1861 in
644 1809 822 1862 iudice
864 1808 1020 1862 libri:
1079 1809 1302 1879 Georgio
1348 1809 1522 1876 Valla,
1557 1812 1886 1881 Placentino,
1914 1816 1998 1870 in-

419 1909 659 1967 lerprele.
696 1898 841 1964 Quot
871 1899 1039 1966 igitur
1063 1915 1127 1953 ac
1156 1901 1356 1970 quibus
1375 1902 1650 1958 codicibus
1673 1919 1800 1960 usus
1818 1904 1997 1972 fuerit,

423 2005 649 2057 prorsus
677 1989 831 2045 latet.
875 1990 1079 2045 Vallum
1113 1993 1278 2047 alium
1311 1994 1550 2049 codicem
1583 1981 1650 2050 ad
1684 2011 1876 2052 manus
1905 1997 2001 2052 ba-

420 2082 629 2145 huisse,
679 2098 839 2151 quam
875 2081 1182 2148 Cononem,
1219 2083 1303 2138 vel
1345 2099 1408 2138 ex
1446 2085 1711 2140 divisione
1741 2086 1999 2142 librorum

419 2184 474 2228 et
503 2174 739 2242 capitum
777 2182 1021 2245 apparet.
1055 2174 1184 2228 Fuit
1213 2184 1394 2230 autem
1434 2176 1601 2231 codex
1634 2177 1796 2232 Valla:
1820 2188 2004 2235 nostro

416 2265 483 2316 A.
521 2264 542 2317 1
581 2265 910 2330 simillimus,
934 2264 1024 2334 qui
1053 2275 1133 2320 est
1165 2281 1296 2320 sane
1331 2277 1614 2335 praestans.
1654 2266 2000 2338 lluncipsum

422 2360 602 2404 tamen
645 2351 795 2405 nullo
831 2353 1010 2417 modo,
1045 2363 1189 2408 certe
1224 2369 1329 2407 non
1368 2355 1565 2420 solum,
1599 2356 1774 2425 potuit
1818 2357 2005 2427 expri—

420 2458 590 2507 mere,
627 2447 770 2513 quod
806 2445 971 2500 codex
1003 2446 1069 2498 A.
1130 2445 1154 2499 l
1218 2445 1398 2501 delicit
1457 2446 1512 2501 in
1559 2447 1663 2502 line
1689 2450 1882 2519 capitis
1910 2449 2002 2504 41.

419 2534 536 2588 Etsi
596 2551 726 2590 vero
780 2535 1113 2602 Ellebodius,
1167 2536 1388 2592 Conone
1432 2547 1487 2593 et
1519 2536 1696 2601 ,Valla
1733 2541 2005 2610 interpres

421 2628 542 2681 siue
595 2627 704 2682 ulla
747 2627 1162 2696 comparatione
1210 2629 1603 2695 excellentior,
1648 2629 1788 2686 hanc
1837 2631 2005 2688 Valla:

430 2717 732 2774 versionem
770 2719 967 2774 merito
1018 2718 1454 2788 reprehenderit,
1507 2730 1686 2776 tamen
1719 2722 1850 2776 mihi
1881 2739 2007 2778 con.

421 2810 560 2879 tigit,
595 2821 652 2866 ut
677 2811 832 2881 plura
863 2809 978 2867 loca
1020 2827 1086 2866 ex
1114 2827 1176 2868 ea
1233 2812 1286 2867 in
1324 2810 1513 2868 Graeco
1559 2812 1854 2869 emendare
1906 2829 2005 2884 ps-

423 2901 638 2957 luerim.

491 3012 570 3067 Ν.
603 3023 754 3070 notat
780 3014 1100 3087 Gregorium
1133 3013 1462 3088 Nyssenum,
1491 3017 1633 3074 inter
1660 3017 1816 3089 cujus
1841 3031 2003 3090 opera

2101 506 2355 562 editionis
2408 507 2670 578 Lequien.
2713 505 3080 560 Damascenus
3123 503 3270 558 enim
3335 503 3388 556 in
3426 501 3580 556 libris
3607 503 3686 557 De

2100 597 2206 667 ﬁde
2242 598 2535 654 orthodoxa
2571 598 2735 653 multa
2787 597 2854 652 ad
2887 597 3108 652 verbum
3163 594 3434 663 expressit
3479 608 3548 647 ex
3578 593 3686 658 Ne-

2101 690 2294 744 tnesio.
2327 691 2529 746 Tamen
2554 690 2734 746 omnia
2776 690 2850 744 ita
2883 687 3108 757 disiecta
3129 696 3278 752 sunt,
3307 694 3366 740 ut
3395 684 3686 741 ditliculter

2103 781 2467 840 inveniantur.

2171 892 2306 948 Cum
2327 894 2439 963 jam
2472 905 2643 950 totum
2667 907 2803 964 opus
2837 891 3208 955 absolvissem,
3235 889 3396 944 Pater
3443 888 3683 958 lgnatius

2104 986 2296 1053 llardt,
2348 985 2651 1041 electoralis
2669 985 3071 1041 Mouaehiensis
3107 982 3449 1038 bibliotheca:
3487 983 3686 1051 prtere-

2103 1091 2244 1144 ctus,
2309 1080 2386 1132 vir
2441 1094 2642 1133 summe
2696 1077 3006 1132 reverendus
3058 1085 3222 1143 atque
3272 1074 3686 1137 eruditissimus,

2103 1169 2385 1239 utriusque
2410 1169 2612 1225 codicis
2637 1165 3035 1222 Monacbiensis
3061 1163 3240 1219 varias
3268 1162 3527 1218 lectiones
3560 1164 3689 1218 dili-

2102 1263 2417 1332 gentissime
2442 1275 2506 1316 ac
2535 1261 2846 1316 doctissime
2867 1273 2895 1312 a
2926 1273 2985 1313 se
3039 1265 3275 1321 notatas,
3306 1257 3372 1310 ad
3401 1269 3488 1310 me
3513 1265 3688 1310 trans-

2103 1351 2273 1416 misit,
2341 1365 2478 1419 quas
2512 1349 2624 1404 suis
2677 1349 2812 1403 locis
2860 1347 3101 1420 singulas
3125 1346 3688 1402 auimadvcrsionibus

2105 1439 2239 1494 meis
2271 1437 2500 1493 inserui.
2532 1439 2726 1495 Merito
2760 1441 2924 1510 igitur
2956 1439 3146 1494 summi
3176 1437 3316 1492 illius
3341 1439 3434 1492 viri
3475 1447 3683 1493 tantum

2105 1530 2482 1597 humanitatis,
2525 1531 2783 1586 doctrina:
2815 1541 2868 1584 et
2895 1546 3020 1600 erga
3057 1546 3141 1585 me
3183 1529 3568 1585 benevolentiae
3598 1530 3688 1584 bc-

2107 1621 2357 1676 neticium
2395 1638 2516 1678 cum
2553 1623 2692 1694 grati
2728 1623 2894 1676 animi
2955 1621 3356 1694 signiﬁcatione
3386 1621 3473 1676 hic
3502 1621 3683 1691 palam

2106 1711 2504 1782 praedicandum
2525 1714 2732 1770 censui.

2177 1827 2459 1883 Postremo
2491 1829 2656 1883 etiam
2689 1826 3011 1883 Franciscus
3037 1827 3262 1882 Carolus
3295 1826 3465 1887 Alter,
3510 1825 3688 1895 philo-
3719 1873 3722 1880 .

2105 1921 2307 1990 sophia:
2365 1921 2552 1976 doctor
2583 1931 2638 1977 et
2687 1921 2990 1976 litterarum
3033 1920 3342 1976 Graecarum
3384 1918 3684 1989 professor,

2103 2015 2182 2066 vir
2245 2015 2609 2069 celeberrimus
2653 2025 2814 2086 atque
2858 2014 3246 2068 eruditissimus
3278 2012 3367 2069 die
3406 2027 3543 2066 xrut
3574 2007 3684 2066 Jul.

2107 2105 2272 2171 1800,
2313 2107 2633 2163 Vindobona
2662 2108 2729 2161 de
2753 2107 2910 2162 codd.
2957 2106 3458 2162 Vindobnnensibus
3488 2105 3688 2164 Neme-

2103 2196 2169 2250 sii
2198 2195 2271 2250 ita
2301 2197 2366 2251 ad
2407 2209 2490 2249 me
2510 2197 2760 2266 scripsit:
2791 2196 2884 2252 Die
2910 2195 2959 2254 It.
3006 2195 3055 2250 k.
3086 2195 3477 2266 Hofbibliothek
3499 2196 3686 2252 besitst

2103 2289 2244 2342 dicre
2278 2286 2687 2358 Handschriften
2712 2305 2810 2343 von
2859 2288 3136 2345 Nemesius
3166 2288 3242 2345 De
3276 2299 3464 2344 natura
3517 2290 3682 2345 homi-

2105 2377 2208 2430 nis.
2249 2376 2288 2440 I,
2339 2378 2459 2432 cod.
2505 2377 2763 2448 Theolog.
2809 2377 2986 2434 Graec.
3030 2395 3194 2434 vam
3227 2379 3426 2435 enthdlt
3465 2379 3530 2434 Η
3583 2378 3684 2434 Ca-

2103 2468 2254 2536 pitel,
2283 2483 2380 2523 von
2410 2469 2565 2524 1563.
2595 2469 2660 2537 ll,
2682 2472 2807 2533 cod.
2837 2472 3098 2540 'l‘hoolog.
3131 2471 3307 2527 Graec.
3361 2488 3519 2528 exet:
3582 2483 3669 2526 ent

2103 2559 2216 2613 hdlt
2263 2562 2429 2630 einige
2478 2559 2815 2632 Fragmente,
2845 2579 2942 2616 aus
2959 2563 3073 2616 dem
3108 2563 3170 2616 l6
3204 2562 3416 2617 sweulo.
3449 2560 3535 2627 ill,
3561 2564 3684 2618 cod.

2105 2652 2366 2722 Philolog.
2401 2651 2575 2708 Graec.
2601 2669 2785 2708 xxxiv.
2805 2655 3003 2708 ent/calt
3031 2654 3100 2708 38
3125 2655 3323 2723 Capitel
3344 2672 3440 2708 aus
3483 2657 3600 2708 dem
3621 2655 3684 2709 16

2104 2745 2486 2800 Ιαίινιιιιηιιενι.
2523 2743 2616 2812 IV,
2643 2747 2763 2800 eod.
2788 2746 3051 2818 Philolog.
3078 2746 3255 2803 Gneo.
3292 2763 3488 2802 cum
3559 2756 3680 2800 ent-

2104 2837 2214 2892 Ιιᾶίι
2248 2837 2414 2905 einige
2461 2834 2797 2908 Fragmenta,
2823 2854 2919 2892 aus
2951 2837 3068 2891 dem
3102 2838 3164 2891 17
3204 2838 3398 2892 Jahrh.
3438 2836 3521 2890 Da
3548 2833 3682 2889 Men

2108 2927 2258 2981 Bolla
2284 2927 2390 2980 und
2413 2927 2492 2980 icti
2518 2927 2614 2980 mit
2641 2926 3012 2982 Holmesschen
3044 2929 3289 2982 Arbeiten
3312 2945 3376 2982 zu
3399 2929 3520 2982 sehr
3542 2929 3671 2981 iiber

2107 3017 2262 3073 laden
2306 3019 2448 3082 sind,
2479 3036 2537 3073 so
2567 3018 2751 3088 wufste
2798 3019 2879 3073 icit
2936 3018 3168 3074 wirklich
3209 3017 3566 3086 Niemandeﬂ,
3596 3021 3680 3070 de!

423 3115 583 3174 caput
607 3106 643 3160 2
670 3118 727 3161 et
752 3108 787 3162 5
811 3108 1024 3179 legitur.
1079 3109 1210 3164 Vide
1254 3109 1384 3164 edit.
1436 3109 1608 3168 Paris.
1656 3110 1820 3180 1658,
1875 3110 1996 3178 fol.,
2028 3109 2071 3168 C
2101 3108 2201 3178 ﬁch
2223 3109 2318 3162 der
2339 3105 2605 3163 Celtation
2633 3111 2965 3163 untersieheu
3005 3109 3229 3164 Ineunte.
3269 3108 3540 3163 Vialleiclu
3570 3125 3682 3162 rer—

424 3198 635 3266 tom.ll,
662 3215 714 3270 p.
747 3200 816 3256 90
845 3213 1000 3272 seqq.

2113 3201 2302 3256 dienen
2338 3216 2392 3255 es
2423 3204 2559 3256 auch
2585 3200 2726 3255 diese
2741 3201 2906 3272 junge
2936 3200 3316 3272 Haudscriften
3338 3202 3502 3256 nicht.

433 3498 3662 3535 Μ

835 3751 1477 3847 PRJEFATIO
1547 3751 2186 3845 EDITIONIS
2255 3694 3267 3850 ANTVERPIENSIS.

413 4186 701 4253 Νικάσιος
769 4183 1142 4250 Ἐλλεϐὀδιος
1177 4182 1562 4254 Κασλετάνος
1605 4182 1687 4250 τῷ
1747 4199 1997 4254 ,περιφα-

484 4256 752 4322 νεστάτῳ
789 4256 888 4309 καὶ
929 4253 1366 4325 αὶδεσιμωτάτῳ
1391 4254 1747 4325 Καρδινάλει
1785 4253 1994 4310 Ἀντω-

482 4329 592 4394 νίῳ
623 4327 994 4396 Περῤενόττῳ
1027 4327 1276 4394 χαίρειν.

2101 4185 2318 4256 φύσεως
2343 4186 2549 4258 Θεωρία
2569 4203 2630 4240 τε
2651 4185 2744 4240 καὶ
2771 4185 3098 4258 κατάληψις,
3127 4185 3194 4240 δι’
3220 4180 3288 4259 ἧς
3317 4187 3550 4257 ἕκαστος
3574 4187 3677 4260 οῗος

2098 4277 2198 4350 τὴν
2231 4278 2392 4347 φύσιν
2437 4279 2554 4331 ἐστὶ
2602 4276 2955 4349 καταμαθὼν,
3015 4279 3230 4344 οἰκείως
3271 4280 3545 4354 ἀνθρώπῳ
3592 4288 3678 4340 καὶ

2103 4371 2420 4442 πρεπόντως
2450 4371 2716 4442 κοσμήσει
2761 4371 2860 4441 τὴν
2909 4371 3103 4424 ἑαυτοῦ
3133 4372 3393 4429 διάνοιαν.
3428 4374 3552 4428 Τῶν
3584 4377 3678 4448 μὲι

483 4467 557 4522 Τὸ
585 4467 722 4537 Περὶ
749 4468 991 4538 φύσεως
1017 4463 1332 4534 ἀνθρώπου
1361 4465 1454 4518 τοῦ
1485 4466 1755 4537 Νεμεσίου
1789 4465 1996 4536 βιϐλίον
2027 4489 2074 4545 D
2099 4457 2194 4522 οὖν
2242 4463 2322 4526 είς
2376 4461 2581 4533 ταύτην
2651 4463 2875 4526 ἑαυτοὺς
2943 4462 3218 4518 καθέντων
3252 4464 3371 4536 .τὴν
3417 4483 3674 4539 πραγμα-

412 4558 743 4630 προειλόμην
791 4575 874 4612 σοι
925 4558 1360 4628 προσφωνῆσαι,
1411 4557 1669 4629 κράτιστε
1745 4558 1996 4612 Ἀντώνιε

411 4649 730 4722 Καρδινάλι,
761 4648 820 4702 οὐ
855 4648 1107 4702 τοσοῦτον
1145 4649 1226 4712 είς
1258 4650 1356 4719 τὴν
1383 4647 1477 4701 τοῦ
1513 4648 1706 4717 γένους
1737 4665 1831 4702 σου
1862 4648 1997 4721 λαμ-

414 4741 658 4813 πρότητα
693 4741 786 4794 καὶ
813 4741 913 4810 τὴν
945 4739 1102 4807 δόξαν
1128 4739 1458 4809 ἀποϐλέψας,
1486 4741 1552 4811 ἥν
1577 4739 1720 4810 ἔχεις
1750 4741 1841 4793 ἐπὶ
1867 4757 1999 4812 φρο-

413 4835 566 4906 νήσει
615 4834 710 4887 καὶ
750 4832 999 4903 πολιτικῇ
1042 4831 1328 4903 δεινότητι,
1372 4830 1640 4886 πλείστων
1669 4849 1729 4884 τε
1767 4831 1860 4884 καὶ
1896 4849 1995 4902 με-

410 4925 611 4994 γίστων
659 4922 986 4994 ἀξιωμάτων
1029 4922 1336 4994 μετασχὼν,
1373 4924 1467 4976 καὶ
1505 4922 1614 4975 τῶν
1657 4921 1850 4995 πρώην
1897 4922 1995 4994 μὲν

410 5016 561 5086 παρά
589 5014 790 5086 Κάρλῳ
826 5013 903 5086 τῷ
946 5015 1328 5087 αὐτοκράτορι,
1361 5013 1478 5067 νυνὶ
1509 5012 1566 5066 δὲ
1603 5012 1755 5084 παρὰ
1786 5012 1997 5082 βασιλεί

407 5106 674 5177 Φιλίππῳ,
693 5105 772 5178 τῷ
816 5107 1028 5160 ἐκείνου
1076 5106 1177 5178 υἱῷ
1225 5105 1368 5177 μέγα
1419 5103 1734 5175 δυναμένων
1776 5107 1833 5158 ἐν
1881 5107 1994 5168 τοῖς

407 5198 643 5270 πρώτοις
689 5197 1195 5271 συνεξεταζόμενος,
1247 5199 1370 5252 ὅσον
1404 5197 1512 5250 ὑπὸ
1549 5196 1648 5268 τῆς
1696 5195 1863 5267 ἄλλης
1899 5213 1990 5249 σου

407 5291 650 5355 παιδείας
673 5293 768 5345 καὶ⁸
788 5292 888 5362 τῆς
910 5293 1037 5364 περὶ
1057 5293 1183 5354 τοὺς
1201 5290 1394 5358 λόγους
1417 5287 1710 5359 ἐμπειρίας
1731 5289 1810 5351 είς
1834 5288 1992 5343 τοῦτο

2099 4554 2270 4617 τείαν,
2314 4553 2526 4617 οὐδενὸς
2571 4551 2766 4624 ἔχομεν
2812 4552 2921 4607 τῶν
2971 4554 3214 4626 ἀρχαίων
3241 4556 3270 4610 ὃ
3304 4575 3358 4609 τι
3402 4560 3495 4611 καὶ
3521 4558 3670 4628 λόγοι

2099 4643 2246 4710 ἀξιον
2282 4645 2596 4716 ὑπόμνημα,
2645 4647 2783 4718 πλὴν
2825 4647 3236 4722 Ἱπποκράτους.
3272 4644 3454 4712 ΟὗτοςΔ
3483 4650 3539 4704 δὲ
3575 4653 3678 4705 τῶι

2103 4739 2200 4808 μὲν
2231 4738 2360 4810 περὶ
2399 4737 2576 4809 ψυχῆς
2613 4738 2787 4807 λόγων
2823 4740 2884 4792 οὑ
2919 4741 3059 4794 πάνυ
3090 4759 3143 4794 τι
3174 4741 3423 4810 φαίνεται
3458 4745 3671 4814 φροντί-

2101 4846 2219 4892 σας,
2247 4830 2375 4900 περ“ι
2407 4830 2463 4882 δὲ
2502 4829 2596 4883 τοῦ
2637 4829 2909 4900 σώματος,
2945 4833 3118 4904 ὅσπερ
3151 4827 3221 4903 ἦν
3251 4831 3398 4903 αὐτῷ
3424 4834 3524 4904 τῆς
3552 4836 3679 4907 περὶ

2095 4923 2196 4993 τὴν
2231 4923 2478 4995 ἰατρικὴν
2523 4922 2755 4996 Θεωρίας
2796 4925 3017 4988 σκοπὸς,
3051 4925 3120 4978 τὰ
3159 4925 3387 4980 πλεῖστα
3416 4945 3675 4998 πραγμαο

2094 5013 2330 5066 τεύεται.
2361 5014 2627 5085 Νεμέσιος
2656 5013 2713 5066 δὲ
2751 5013 2956 5079 οὑτοσὶ,
2990 5013 3085 5086 τὴν
3120 5013 3287 5085 αὐτὴν
3331 5016 3680 5088 Ἱπποκράτει

2096 5103 2462 5176 ποιησάμενος
2505 5102 2764 5158 ὑπόθεσιν
2791 5144 2804 5166 .
2855 5104 2965 5157 τῶν
3005 5121 3063 5158 τε
3110 5106 3240 5176 περ)⁵
3285 5105 3380 5159 τοῦ
3427 5107 3678 5178 σώματος

2095 5195 2324 5249 ἅπτεται
2377 5195 2570 5264 λόγων,
2613 5197 2735 5249 ὅσον
2778 5196 2993 5268 ἀπόχρη
3049 5200 3115 5268 τῇ
3165 5197 3438 5264 ὑποθέσει,
3474 5201 3570 5252 καὶ
3621 5201 3677 5252 τὲ

2093 5285 2429 5358 κυριώτατον
2474 5285 2582 5339 τῶν
2622 5287 2680 5338 ὲν
2732 5285 3006 5358 ἀνθρώπῳ
3042 5287 3550 5358 προχειρισάμενος,
3581 5289 3680 5360 τὴν

403 5383 698 5454 προαχθείς
717 5399 731 5413 δ
755 5383 1072 5454 πρέπουσαν
1099 5380 1304 5451 ταύτην
1333 5379 1590 5432 ὑπόθεσιν
1609 5380 1675 5449 τῇ
1704 5377 1862 5446 φύσει
1896 5395 1988 5433 σου
2090 5374 2289 5447 ψυχὴν,
2326 5375 2418 5429 καὶ
2460 5375 2666 5446 ταύτην
2717 5375 2998 5446 πολλαχῶς
3027 5376 3108 5438 είς
3152 5376 3219 5428 τὰ
3266 5377 3430 5448 μόρια
3465 5377 3679 5448 διελὼν,
3703 5367 3718 5376 ’

403 5475 732 5546 πορίσασθιι
767 5473 1012 5545 νομίσας,
1049 5475 1096 5526 εί
1128 5476 1238 5536 τοῖς
1277 5471 1671 5542 ἐπιτηδεύμασί
1715 5488 1810 5523 σου
1850 5487 1987 5524 κατ-

404 5565 632 5636 άλληλον
666 5566 809 5633 ἕξεις
849 5565 946 5638 τὴν
971 5565 1078 5620 ἀπὸ
1099 5564 1206 5619 τῶν
1234 5564 1675 5634 ἀναγνωσμάτων
1696 5561 1983 5631 ὠφέλειαν.

2092 5467 2402 5522 καὶτούτων
2423 5469 2672 5531 ἑκάστοις
2691 5467 2932 5540 ἀκριϐῶς
2955 5466 3280 5532 ἐπεξελθὼν,
3300 5468 3414 5530 καὶ,
3436 5468 3511 5531 ώς
3528 5471 3678 5540 ἐνῆν,

2093 5562 2327 5632 μάλιστα
2349 5562 2504 5629 ὲπεξε
2513 5562 2690 5634 ργασά
2697 5578 2871 5632 μενος,
2888 5559 3114 5614 τελεώτε
3125 5560 3213 5630 ρόν
3228 5577 3286 5613 τε
3311 5562 3426 5632 ἀμα
3442 5562 3537 5614 καὶ
3555 5562 3624 5615 ἀλ
3632 5581 3677 5632 q-

401 5657 571 5711 Οὺδὲν
609 5659 739 5729 γὰρ.
788 5653 962 5729 οἶμαι,
1010 5659 1300 5730 χρήσιμον,
1348 5653 1471 5709 οὔτε
1520 5653 1986 5725 περισπούδαστον
2091 5655 2342 5728 Οέστερον
2379 5656 2471 5710 τὸν
2512 5651 2762 5726 ἀληθινὸν
2797 5653 3113 5726 ὑπέγραψεν
3149 5654 3456 5726 ἄνθρωπον.
3504 5655 3676 5708 Ἐπειι

400 5747 548 5803 οὕτω
593 5753 706 5814 τοῖς
749 5751 1075 5817 ἀνθρώποις,
1122 5734 1201 5815 ὡς
1245 5753 1280 5820 ἡ
1325 5750 1454 5822 περὶ
1503 5747 1605 5816 τῆς
1636 5746 1985 5820 ἀνθρωπίνης
2087 5748 2151 5819 δὴ
2185 5748 2291 5802 τῶν
2332 5747 2648 5820 πρακτικῶν
2677 5749 2774 5818 τῆς
2805 5745 2981 5818 ψυχῆς
3031 5746 3316 5814 δυνάμεων
3352 5747 3384 5816 ἡ
3417 5746 3674 5817 βούλησις
