  <div class='ocr_page' id='page_1' title='image "/cluster/home/n/w/nwhite01/storage/ocr_20150623/40/hvd.32044073501850/254.png"; bbox 0 0 3896 6268; ppageno 0'>
   <div class='ocr_carea' id='block_1_1' title="bbox 191 373 308 432">
    <p class='ocr_par' dir='ltr' id='par_1_1' title="bbox 191 373 308 432">
     <span class='ocr_line' id='line_1_1' title="bbox 191 373 308 432; baseline -0.026 0"><span class='ocrx_word' id='word_1_1' title='bbox 191 373 308 432; x_wconf 64' lang='lat'>£95</span> 
     </span>
    </p>
   </div>
   <div class='ocr_carea' id='block_1_2' title="bbox 1541 379 2076 440">
    <p class='ocr_par' dir='ltr' id='par_1_2' title="bbox 1541 379 2076 440">
     <span class='ocr_line' id='line_1_2' title="bbox 1541 379 2076 440; baseline 0.007 -5"><span class='ocrx_word' id='word_1_2' title='bbox 1541 379 2050 440; x_wconf 73' lang='lat' dir='ltr'>PROLEGOMENA</span> <span class='ocrx_word' id='word_1_3' title='bbox 2063 424 2076 439; x_wconf 94' lang='lat'><strong>.</strong></span> 
     </span>
    </p>
   </div>
   <div class='ocr_carea' id='block_1_3' title="bbox 3352 395 3452 451">
    <p class='ocr_par' dir='ltr' id='par_1_3' title="bbox 3352 395 3452 451">
     <span class='ocr_line' id='line_1_3' title="bbox 3352 395 3452 451; baseline 0.02 -2"><span class='ocrx_word' id='word_1_4' title='bbox 3352 395 3452 451; x_wconf 65' lang='grc'>491</span> 
     </span>
    </p>
   </div>
   <div class='ocr_carea' id='block_1_4' title="bbox 188 491 3442 586">
    <p class='ocr_par' dir='ltr' id='par_1_4' title="bbox 188 491 3442 586">
     <span class='ocr_line' id='line_1_4' title="bbox 188 491 3442 586; baseline 0.003 -34"><span class='ocrx_word' id='word_1_5' title='bbox 188 498 257 552; x_wconf 67' lang='grc' dir='ltr'>τὸ</span> <span class='ocrx_word' id='word_1_6' title='bbox 285 496 645 568; x_wconf 82' lang='grc' dir='ltr'>κυριώτατον,</span> <span class='ocrx_word' id='word_1_7' title='bbox 694 496 824 569; x_wconf 71' lang='grc' dir='ltr'>περὶ</span> <span class='ocrx_word' id='word_1_8' title='bbox 860 491 928 568; x_wconf 81' lang='grc' dir='ltr'>ἦς</span> <span class='ocrx_word' id='word_1_9' title='bbox 972 498 1023 550; x_wconf 79' lang='grc' dir='ltr'>οἱ</span> <span class='ocrx_word' id='word_1_10' title='bbox 1074 497 1273 552; x_wconf 78' lang='grc' dir='ltr'>κλεινοὶ</span> <span class='ocrx_word' id='word_1_11' title='bbox 1310 497 1417 552; x_wconf 83' lang='grc' dir='ltr'>τῶν</span> <span class='ocrx_word' id='word_1_12' title='bbox 1466 498 1771 571; x_wconf 86' lang='grc' dir='ltr'>φιλοσόφων</span> <span class='ocrx_word' id='word_1_13' title='bbox 1798 506 1845 563; x_wconf 83' lang='grc' dir='ltr'><strong>Α</strong></span> <span class='ocrx_word' id='word_1_14' title='bbox 1872 503 1966 557; x_wconf 74' lang='grc' dir='ltr'>καὶ</span> <span class='ocrx_word' id='word_1_15' title='bbox 1992 502 2100 559; x_wconf 85' lang='grc' dir='ltr'>τῶν</span> <span class='ocrx_word' id='word_1_16' title='bbox 2125 504 2526 577; x_wconf 84' lang='grc' dir='ltr'>ἀκριϐεστέρων</span> <span class='ocrx_word' id='word_1_17' title='bbox 2552 506 2809 578; x_wconf 82' lang='grc' dir='ltr'>ἐχόμενος</span> <span class='ocrx_word' id='word_1_18' title='bbox 2829 508 3134 581; x_wconf 78' lang='grc' dir='ltr'>δογμάτων.</span> <span class='ocrx_word' id='word_1_19' title='bbox 3163 513 3310 586; x_wconf 80' lang='grc' dir='ltr'>Πλὴν</span> <span class='ocrx_word' id='word_1_20' title='bbox 3330 517 3442 574; x_wconf 69' lang='lat' dir='ltr'>bam</span> 
     </span>
    </p>
   </div>
   <div class='ocr_carea' id='block_1_5' title="bbox 187 586 1772 665">
    <p class='ocr_par' dir='ltr' id='par_1_5' title="bbox 187 586 1772 665">
     <span class='ocr_line' id='line_1_5' title="bbox 187 586 1772 665; baseline 0.003 -23"><span class='ocrx_word' id='word_1_21' title='bbox 187 587 401 652; x_wconf 75' lang='grc' dir='ltr'>πολλὰς</span> <span class='ocrx_word' id='word_1_22' title='bbox 434 586 795 642; x_wconf 82' lang='grc' dir='ltr'>κατεϐάλοντο</span> <span class='ocrx_word' id='word_1_23' title='bbox 823 590 1222 661; x_wconf 79' lang='grc' dir='ltr'>πραγματείας,</span> <span class='ocrx_word' id='word_1_24' title='bbox 1268 590 1477 645; x_wconf 86' lang='grc' dir='ltr'>ἀνωθεν</span> <span class='ocrx_word' id='word_1_25' title='bbox 1506 592 1597 646; x_wconf 85' lang='grc' dir='ltr'>τὸν</span> <span class='ocrx_word' id='word_1_26' title='bbox 1642 594 1772 665; x_wconf 75' lang='grc' dir='ltr'>περὶ</span> 
     </span>
    </p>
   </div>
   <div class='ocr_carea' id='block_1_6' title="bbox 186 678 1771 754">
    <p class='ocr_par' dir='ltr' id='par_1_6' title="bbox 186 678 1771 754">
     <span class='ocr_line' id='line_1_6' title="bbox 186 678 1771 754; baseline 0.003 -21"><span class='ocrx_word' id='word_1_27' title='bbox 186 679 285 733; x_wconf 78' lang='grc' dir='ltr'>τοῦ</span> <span class='ocrx_word' id='word_1_28' title='bbox 322 678 569 733; x_wconf 81' lang='grc' dir='ltr'>ἑκουσίου</span> <span class='ocrx_word' id='word_1_29' title='bbox 609 680 702 733; x_wconf 74' lang='grc' dir='ltr'>καὶ</span> <span class='ocrx_word' id='word_1_30' title='bbox 731 681 1008 746; x_wconf 77' lang='grc' dir='ltr'>ἀκουσίου,</span> <span class='ocrx_word' id='word_1_31' title='bbox 1044 680 1416 754; x_wconf 86' lang='grc' dir='ltr'>προαιρέσεώς</span> <span class='ocrx_word' id='word_1_32' title='bbox 1446 700 1506 736; x_wconf 88' lang='grc' dir='ltr'>τε</span> <span class='ocrx_word' id='word_1_33' title='bbox 1544 685 1639 737; x_wconf 77' lang='grc' dir='ltr'>καὶ</span> <span class='ocrx_word' id='word_1_34' title='bbox 1678 683 1771 738; x_wconf 81' lang='grc' dir='ltr'>τοῦ</span> 
     </span>
    </p>
   </div>
   <div class='ocr_carea' id='block_1_7' title="bbox 188 767 1773 848">
    <p class='ocr_par' dir='ltr' id='par_1_7' title="bbox 188 767 1773 848">
     <span class='ocr_line' id='line_1_7' title="bbox 188 767 1773 848; baseline 0.003 -24"><span class='ocrx_word' id='word_1_35' title='bbox 188 770 545 842; x_wconf 82' lang='grc' dir='ltr'>βουλεύεσθαι</span> <span class='ocrx_word' id='word_1_36' title='bbox 575 771 732 841; x_wconf 90' lang='grc' dir='ltr'>λόγον</span> <span class='ocrx_word' id='word_1_37' title='bbox 775 772 1078 839; x_wconf 84' lang='grc' dir='ltr'>ἀναλαϐὼν,</span> <span class='ocrx_word' id='word_1_38' title='bbox 1109 775 1237 848; x_wconf 77' lang='grc' dir='ltr'>περὶ</span> <span class='ocrx_word' id='word_1_39' title='bbox 1264 767 1339 830; x_wconf 81' lang='grc' dir='ltr'>ὧν</span> <span class='ocrx_word' id='word_1_40' title='bbox 1374 776 1403 829; x_wconf 83' lang='grc' dir='ltr'><strong>ὃ</strong></span> <span class='ocrx_word' id='word_1_41' title='bbox 1434 792 1495 829; x_wconf 84' lang='grc' dir='ltr'>τε</span> <span class='ocrx_word' id='word_1_42' title='bbox 1528 776 1773 847; x_wconf 80' lang='grc' dir='ltr'>Ἀριστο-</span> 
     </span>
    </p>
   </div>
   <div class='ocr_carea' id='block_1_8' title="bbox 185 862 1772 939">
    <p class='ocr_par' dir='ltr' id='par_1_8' title="bbox 185 862 1772 939">
     <span class='ocr_line' id='line_1_8' title="bbox 185 862 1772 939; baseline 0.004 -24"><span class='ocrx_word' id='word_1_43' title='bbox 185 863 356 935; x_wconf 79' lang='grc' dir='ltr'>τέλης</span> <span class='ocrx_word' id='word_1_44' title='bbox 382 865 439 917; x_wconf 86' lang='grc' dir='ltr'>ἐν</span> <span class='ocrx_word' id='word_1_45' title='bbox 467 864 545 935; x_wconf 83' lang='grc' dir='ltr'>τῷ</span> <span class='ocrx_word' id='word_1_46' title='bbox 580 863 749 935; x_wconf 80' lang='grc' dir='ltr'>τρίτῳ</span> <span class='ocrx_word' id='word_1_47' title='bbox 784 863 892 916; x_wconf 88' lang='grc' dir='ltr'>τῶν</span> <span class='ocrx_word' id='word_1_48' title='bbox 936 862 1209 930; x_wconf 82' lang='grc' dir='ltr'>Ἠθικῶν,</span> <span class='ocrx_word' id='word_1_49' title='bbox 1236 865 1332 919; x_wconf 74' lang='grc' dir='ltr'>καὶ</span> <span class='ocrx_word' id='word_1_50' title='bbox 1357 868 1385 920; x_wconf 94' lang='grc' dir='ltr'>ὀ</span> <span class='ocrx_word' id='word_1_51' title='bbox 1416 866 1772 939; x_wconf 76' lang='grc' dir='ltr'>Δαμασκηνὸς</span> 
     </span>
    </p>
   </div>
   <div class='ocr_carea' id='block_1_9' title="bbox 197 956 1772 1029">
    <p class='ocr_par' dir='ltr' id='par_1_9' title="bbox 197 956 1772 1029">
     <span class='ocr_line' id='line_1_9' title="bbox 197 956 1772 1029; baseline 0.001 -19"><span class='ocrx_word' id='word_1_52' title='bbox 197 957 460 1028; x_wconf 81' lang='grc' dir='ltr'>Ἰωάννης</span> <span class='ocrx_word' id='word_1_53' title='bbox 486 958 545 1010; x_wconf 88' lang='grc' dir='ltr'>ἐν</span> <span class='ocrx_word' id='word_1_54' title='bbox 574 960 641 1029; x_wconf 73' lang='grc' dir='ltr'>τῇ</span> <span class='ocrx_word' id='word_1_55' title='bbox 673 958 771 1029; x_wconf 83' lang='grc' dir='ltr'>τῆς</span> <span class='ocrx_word' id='word_1_56' title='bbox 796 956 1076 1029; x_wconf 78' lang='grc' dir='ltr'>ὀρθοδόξου</span> <span class='ocrx_word' id='word_1_57' title='bbox 1111 956 1346 1023; x_wconf 87' lang='grc' dir='ltr'>πίστεως</span> <span class='ocrx_word' id='word_1_58' title='bbox 1375 958 1603 1024; x_wconf 91' lang='grc' dir='ltr'>ἐκδόσει,</span> <span class='ocrx_word' id='word_1_59' title='bbox 1645 975 1772 1029; x_wconf 87' lang='grc' dir='ltr'>σχε-</span> 
     </span>
    </p>
   </div>
   <div class='ocr_carea' id='block_1_10' title="bbox 182 1048 1774 1123">
    <p class='ocr_par' dir='ltr' id='par_1_10' title="bbox 182 1048 1774 1123">
     <span class='ocr_line' id='line_1_10' title="bbox 182 1048 1774 1123; baseline 0.003 -22"><span class='ocrx_word' id='word_1_60' title='bbox 182 1048 279 1101; x_wconf 75' lang='grc' dir='ltr'>δὸν</span> <span class='ocrx_word' id='word_1_61' title='bbox 306 1052 417 1112; x_wconf 80' lang='grc' dir='ltr'>τοῖς</span> <span class='ocrx_word' id='word_1_62' title='bbox 448 1048 629 1112; x_wconf 85' lang='grc' dir='ltr'>αὐτοῖς</span> <span class='ocrx_word' id='word_1_63' title='bbox 667 1050 873 1121; x_wconf 80' lang='grc' dir='ltr'>ῥήμασι</span> <span class='ocrx_word' id='word_1_64' title='bbox 914 1048 1267 1118; x_wconf 82' lang='grc' dir='ltr'>διαλέγονται,</span> <span class='ocrx_word' id='word_1_65' title='bbox 1299 1051 1392 1103; x_wconf 78' lang='grc' dir='ltr'>ἐπὶ</span> <span class='ocrx_word' id='word_1_66' title='bbox 1425 1050 1485 1104; x_wconf 83' lang='grc' dir='ltr'>τὸ</span> <span class='ocrx_word' id='word_1_67' title='bbox 1518 1049 1774 1123; x_wconf 83' lang='grc' dir='ltr'>θρυλλού-</span> 
     </span>
    </p>
   </div>
   <div class='ocr_carea' id='block_1_11' title="bbox 190 1136 1770 1210">
    <p class='ocr_par' dir='ltr' id='par_1_11' title="bbox 190 1136 1770 1210">
     <span class='ocr_line' id='line_1_11' title="bbox 190 1136 1770 1210; baseline 0.004 -22"><span class='ocrx_word' id='word_1_68' title='bbox 190 1154 360 1206; x_wconf 87' lang='grc' dir='ltr'>μενον</span> <span class='ocrx_word' id='word_1_69' title='bbox 389 1136 595 1207; x_wconf 79' lang='grc' dir='ltr'>μέτεισι</span> <span class='ocrx_word' id='word_1_70' title='bbox 640 1137 875 1208; x_wconf 77' lang='grc' dir='ltr'>ζήτημα.</span> <span class='ocrx_word' id='word_1_71' title='bbox 910 1136 973 1191; x_wconf 80' lang='grc' dir='ltr'>τὸ</span> <span class='ocrx_word' id='word_1_72' title='bbox 1015 1139 1143 1209; x_wconf 76' lang='grc' dir='ltr'>περὶ</span> <span class='ocrx_word' id='word_1_73' title='bbox 1190 1139 1529 1210; x_wconf 79' lang='grc' dir='ltr'>εἱμαρμένης</span> <span class='ocrx_word' id='word_1_74' title='bbox 1558 1141 1652 1195; x_wconf 69' lang='grc' dir='ltr'>καὶ</span> <span class='ocrx_word' id='word_1_75' title='bbox 1676 1139 1770 1195; x_wconf 80' lang='grc' dir='ltr'>τοῦ</span> 
     </span>
    </p>
   </div>
   <div class='ocr_carea' id='block_1_12' title="bbox 186 1226 1772 1302">
    <p class='ocr_par' dir='ltr' id='par_1_12' title="bbox 186 1226 1772 1302">
     <span class='ocr_line' id='line_1_12' title="bbox 186 1226 1772 1302; baseline 0.004 -23"><span class='ocrx_word' id='word_1_76' title='bbox 186 1227 278 1296; x_wconf 75' lang='grc' dir='ltr'>ἐφ’</span> <span class='ocrx_word' id='word_1_77' title='bbox 308 1229 461 1298; x_wconf 79' lang='grc' dir='ltr'>ἡμῖν.</span> <span class='ocrx_word' id='word_1_78' title='bbox 492 1227 603 1281; x_wconf 77' lang='grc' dir='ltr'>Καὶ</span> <span class='ocrx_word' id='word_1_79' title='bbox 628 1226 801 1281; x_wconf 79' lang='grc' dir='ltr'>ταῦτα</span> <span class='ocrx_word' id='word_1_80' title='bbox 831 1228 1141 1300; x_wconf 76' lang='grc' dir='ltr'>φιλαλήθως</span> <span class='ocrx_word' id='word_1_81' title='bbox 1172 1248 1230 1283; x_wconf 87' lang='grc' dir='ltr'>τε</span> <span class='ocrx_word' id='word_1_82' title='bbox 1282 1231 1375 1283; x_wconf 77' lang='grc' dir='ltr'>καὶ</span> <span class='ocrx_word' id='word_1_83' title='bbox 1413 1231 1654 1302; x_wconf 89' lang='grc' dir='ltr'>ἀκριϐῶς</span> <span class='ocrx_word' id='word_1_84' title='bbox 1684 1233 1772 1299; x_wconf 81' lang='grc' dir='ltr'>ἐξ·</span> 
     </span>
    </p>
   </div>
   <div class='ocr_carea' id='block_1_13' title="bbox 185 1316 1768 1394">
    <p class='ocr_par' dir='ltr' id='par_1_13' title="bbox 185 1316 1768 1394">
     <span class='ocr_line' id='line_1_13' title="bbox 185 1316 1768 1394; baseline 0.004 -25"><span class='ocrx_word' id='word_1_85' title='bbox 185 1317 397 1379; x_wconf 84' lang='grc' dir='ltr'>ετάσας</span> <span class='ocrx_word' id='word_1_86' title='bbox 425 1318 518 1369; x_wconf 74' lang='grc' dir='ltr'>καὶ</span> <span class='ocrx_word' id='word_1_87' title='bbox 541 1316 995 1386; x_wconf 76' lang='grc' dir='ltr'>διασκεψάμενος,</span> <span class='ocrx_word' id='word_1_88' title='bbox 1024 1317 1176 1380; x_wconf 81' lang='grc' dir='ltr'><strong>τέλος</strong></span> <span class='ocrx_word' id='word_1_89' title='bbox 1207 1319 1425 1387; x_wconf 82' lang='grc' dir='ltr'>ἄριστον</span> <span class='ocrx_word' id='word_1_90' title='bbox 1440 1320 1674 1391; x_wconf 85' lang='grc' dir='ltr'>ἐπέθηκε</span> <span class='ocrx_word' id='word_1_91' title='bbox 1702 1324 1768 1394; x_wconf 80' lang='grc' dir='ltr'>τῇ</span> 
     </span>
    </p>
   </div>
   <div class='ocr_carea' id='block_1_14' title="bbox 183 1407 1770 1484">
    <p class='ocr_par' dir='ltr' id='par_1_14' title="bbox 183 1407 1770 1484">
     <span class='ocr_line' id='line_1_14' title="bbox 183 1407 1770 1484; baseline 0.004 -25"><span class='ocrx_word' id='word_1_92' title='bbox 183 1407 567 1478; x_wconf 79' lang='grc' dir='ltr'>πραγματείᾳ,</span> <span class='ocrx_word' id='word_1_93' title='bbox 600 1409 679 1472; x_wconf 79' lang='grc' dir='ltr'>είς</span> <span class='ocrx_word' id='word_1_94' title='bbox 725 1409 815 1462; x_wconf 87' lang='grc' dir='ltr'>τὸν</span> <span class='ocrx_word' id='word_1_95' title='bbox 855 1409 981 1479; x_wconf 61' lang='grc' dir='ltr'>περὶ¹</span> <span class='ocrx_word' id='word_1_96' title='bbox 1038 1410 1299 1479; x_wconf 78' lang='grc' dir='ltr'>Προνοίας</span> <span class='ocrx_word' id='word_1_97' title='bbox 1344 1410 1502 1479; x_wconf 90' lang='grc' dir='ltr'>λόγον</span> <span class='ocrx_word' id='word_1_98' title='bbox 1532 1413 1770 1484; x_wconf 79' lang='grc' dir='ltr'>καταλή-</span> 
     </span>
    </p>
   </div>
   <div class='ocr_carea' id='block_1_15' title="bbox 180 1495 1769 1570">
    <p class='ocr_par' dir='ltr' id='par_1_15' title="bbox 180 1495 1769 1570">
     <span class='ocr_line' id='line_1_15' title="bbox 180 1495 1769 1570; baseline 0.004 -21"><span class='ocrx_word' id='word_1_99' title='bbox 180 1495 309 1561; x_wconf 82' lang='grc' dir='ltr'>ξας,</span> <span class='ocrx_word' id='word_1_100' title='bbox 359 1498 450 1550; x_wconf 75' lang='grc' dir='ltr'>καὶ</span> <span class='ocrx_word' id='word_1_101' title='bbox 499 1496 623 1551; x_wconf 80' lang='grc' dir='ltr'>νοῦν</span> <span class='ocrx_word' id='word_1_102' title='bbox 658 1497 850 1570; x_wconf 76' lang='grc' dir='ltr'>ἔφορον</span> <span class='ocrx_word' id='word_1_103' title='bbox 888 1500 980 1553; x_wconf 75' lang='grc' dir='ltr'>καὶ</span> <span class='ocrx_word' id='word_1_104' title='bbox 1027 1499 1291 1570; x_wconf 77' lang='grc' dir='ltr'>πρύτανιν</span> <span class='ocrx_word' id='word_1_105' title='bbox 1331 1503 1450 1565; x_wconf 85' lang='grc' dir='ltr'>ταῖς</span> <span class='ocrx_word' id='word_1_106' title='bbox 1488 1502 1631 1556; x_wconf 80' lang='grc' dir='ltr'>κατὰ</span> <span class='ocrx_word' id='word_1_107' title='bbox 1677 1503 1769 1556; x_wconf 77' lang='grc' dir='ltr'>τὸν</span> 
     </span>
    </p>
   </div>
   <div class='ocr_carea' id='block_1_16' title="bbox 182 1587 1767 1663">
    <p class='ocr_par' dir='ltr' id='par_1_16' title="bbox 182 1587 1767 1663">
     <span class='ocr_line' id='line_1_16' title="bbox 182 1587 1767 1663; baseline 0.004 -23"><span class='ocrx_word' id='word_1_108' title='bbox 182 1587 305 1657; x_wconf 86' lang='grc' dir='ltr'>βίον</span> <span class='ocrx_word' id='word_1_109' title='bbox 371 1588 629 1660; x_wconf 73' lang='grc' dir='ltr'>πράξεσιν</span> <span class='ocrx_word' id='word_1_110' title='bbox 685 1591 1001 1662; x_wconf 86' lang='grc' dir='ltr'>ἐπιστήσας,</span> <span class='ocrx_word' id='word_1_111' title='bbox 1059 1593 1172 1654; x_wconf 73' lang='grc' dir='ltr'>καὶ,</span> <span class='ocrx_word' id='word_1_112' title='bbox 1233 1592 1503 1646; x_wconf 86' lang='grc' dir='ltr'>συνελόντι</span> <span class='ocrx_word' id='word_1_113' title='bbox 1563 1592 1767 1663; x_wconf 89' lang='grc' dir='ltr'>φάναι,</span> 
     </span>
    </p>
   </div>
   <div class='ocr_carea' id='block_1_17' title="bbox 185 1681 1767 1756">
    <p class='ocr_par' dir='ltr' id='par_1_17' title="bbox 185 1681 1767 1756">
     <span class='ocr_line' id='line_1_17' title="bbox 185 1681 1767 1756; baseline 0.003 -22"><span class='ocrx_word' id='word_1_114' title='bbox 185 1681 406 1735; x_wconf 72' lang='grc' dir='ltr'>ἅπαντα</span> <span class='ocrx_word' id='word_1_115' title='bbox 455 1682 556 1753; x_wconf 81' lang='grc' dir='ltr'>τῆς</span> <span class='ocrx_word' id='word_1_116' title='bbox 608 1682 816 1737; x_wconf 87' lang='grc' dir='ltr'>ἐκεῖθεν</span> <span class='ocrx_word' id='word_1_117' title='bbox 865 1684 1175 1755; x_wconf 82' lang='grc' dir='ltr'>ἀναρτήσας</span> <span class='ocrx_word' id='word_1_118' title='bbox 1213 1684 1537 1756; x_wconf 72' lang='grc' dir='ltr'>κηδεμονίας</span> <span class='ocrx_word' id='word_1_119' title='bbox 1580 1702 1638 1737; x_wconf 89' lang='grc' dir='ltr'>τε</span> <span class='ocrx_word' id='word_1_120' title='bbox 1668 1686 1767 1739; x_wconf 78' lang='grc' dir='ltr'>καὶ</span> 
     </span>
    </p>
   </div>
   <div class='ocr_carea' id='block_1_18' title="bbox 180 1771 1766 1849">
    <p class='ocr_par' dir='ltr' id='par_1_18' title="bbox 180 1771 1766 1849">
     <span class='ocr_line' id='line_1_18' title="bbox 180 1771 1766 1849; baseline 0.003 -22"><span class='ocrx_word' id='word_1_121' title='bbox 180 1773 622 1846; x_wconf 81' lang='grc' dir='ltr'>διακοσμήσεως.</span> <span class='ocrx_word' id='word_1_122' title='bbox 668 1774 919 1841; x_wconf 80' lang='grc' dir='ltr'>Τοιοῦτος</span> <span class='ocrx_word' id='word_1_123' title='bbox 971 1776 1066 1847; x_wconf 85' lang='grc' dir='ltr'>μὲν</span> <span class='ocrx_word' id='word_1_124' title='bbox 1096 1776 1125 1828; x_wconf 89' lang='grc' dir='ltr'>ὀ</span> <span class='ocrx_word' id='word_1_125' title='bbox 1154 1776 1443 1847; x_wconf 82' lang='grc' dir='ltr'>Νεμέσιος,</span> <span class='ocrx_word' id='word_1_126' title='bbox 1474 1776 1572 1847; x_wconf 83' lang='grc' dir='ltr'>οὐχ</span> <span class='ocrx_word' id='word_1_127' title='bbox 1604 1771 1766 1849; x_wconf 82' lang='grc' dir='ltr'>ἦττον</span> 
     </span>
    </p>
   </div>
   <div class='ocr_carea' id='block_1_19' title="bbox 177 1866 1764 1939">
    <p class='ocr_par' dir='ltr' id='par_1_19' title="bbox 177 1866 1764 1939">
     <span class='ocr_line' id='line_1_19' title="bbox 177 1866 1764 1939; baseline 0.003 -22"><span class='ocrx_word' id='word_1_128' title='bbox 177 1866 287 1936; x_wconf 76' lang='grc' dir='ltr'>τῆς</span> <span class='ocrx_word' id='word_1_129' title='bbox 362 1883 423 1918; x_wconf 88' lang='grc' dir='ltr'>τε</span> <span class='ocrx_word' id='word_1_130' title='bbox 499 1866 720 1937; x_wconf 81' lang='grc' dir='ltr'>μεθόδου</span> <span class='ocrx_word' id='word_1_131' title='bbox 785 1866 896 1921; x_wconf 89' lang='grc' dir='ltr'>τῶν</span> <span class='ocrx_word' id='word_1_132' title='bbox 969 1867 1338 1939; x_wconf 85' lang='grc' dir='ltr'>θεωρημάτων</span> <span class='ocrx_word' id='word_1_133' title='bbox 1406 1869 1499 1923; x_wconf 73' lang='grc' dir='ltr'>καὶ</span> <span class='ocrx_word' id='word_1_134' title='bbox 1557 1867 1764 1934; x_wconf 79' lang='grc' dir='ltr'>τάξεως</span> 
     </span>
    </p>
   </div>
   <div class='ocr_carea' id='block_1_20' title="bbox 181 1957 1763 2032">
    <p class='ocr_par' dir='ltr' id='par_1_20' title="bbox 181 1957 1763 2032">
     <span class='ocr_line' id='line_1_20' title="bbox 181 1957 1763 2032; baseline 0.003 -22"><span class='ocrx_word' id='word_1_135' title='bbox 181 1957 372 2011; x_wconf 85' lang='grc' dir='ltr'>αὐτῶν</span> <span class='ocrx_word' id='word_1_136' title='bbox 432 1960 526 2012; x_wconf 76' lang='grc' dir='ltr'>καὶ</span> <span class='ocrx_word' id='word_1_137' title='bbox 599 1959 928 2031; x_wconf 85' lang='grc' dir='ltr'>εὐκρινείας,</span> <span class='ocrx_word' id='word_1_138' title='bbox 979 1959 1012 2029; x_wconf 84' lang='grc' dir='ltr'>ἢ</span> <span class='ocrx_word' id='word_1_139' title='bbox 1065 1960 1165 2030; x_wconf 78' lang='grc' dir='ltr'>τῆς</span> <span class='ocrx_word' id='word_1_140' title='bbox 1224 1960 1565 2032; x_wconf 84' lang='grc' dir='ltr'>πολυμαθίας</span> <span class='ocrx_word' id='word_1_141' title='bbox 1614 1960 1763 2026; x_wconf 77' lang='grc' dir='ltr'>ἄξιος</span> 
     </span>
    </p>
   </div>
   <div class='ocr_carea' id='block_1_21' title="bbox 181 2047 1761 2122">
    <p class='ocr_par' dir='ltr' id='par_1_21' title="bbox 181 2047 1761 2122">
     <span class='ocr_line' id='line_1_21' title="bbox 181 2047 1761 2122; baseline 0.001 -19"><span class='ocrx_word' id='word_1_142' title='bbox 181 2047 584 2119; x_wconf 75' lang='grc' dir='ltr'>θαυμάζεσθαι.</span> <span class='ocrx_word' id='word_1_143' title='bbox 656 2050 907 2104; x_wconf 81' lang='grc' dir='ltr'>Φαίνεται</span> <span class='ocrx_word' id='word_1_144' title='bbox 978 2048 1087 2122; x_wconf 81' lang='grc' dir='ltr'>γὰρ</span> <span class='ocrx_word' id='word_1_145' title='bbox 1138 2050 1301 2121; x_wconf 84' lang='grc' dir='ltr'>ὀλίγῳ</span> <span class='ocrx_word' id='word_1_146' title='bbox 1376 2051 1761 2122; x_wconf 84' lang='grc' dir='ltr'>μεταγενέστε-</span> 
     </span>
    </p>
   </div>
   <div class='ocr_carea' id='block_1_22' title="bbox 186 2141 1762 2215">
    <p class='ocr_par' dir='ltr' id='par_1_22' title="bbox 186 2141 1762 2215">
     <span class='ocr_line' id='line_1_22' title="bbox 186 2141 1762 2215; baseline 0.001 -21"><span class='ocrx_word' id='word_1_147' title='bbox 186 2159 282 2213; x_wconf 87' lang='grc' dir='ltr'>ρος</span> <span class='ocrx_word' id='word_1_148' title='bbox 314 2141 553 2210; x_wconf 87' lang='grc' dir='ltr'>γεγονὼς</span> <span class='ocrx_word' id='word_1_149' title='bbox 600 2142 709 2195; x_wconf 85' lang='grc' dir='ltr'>τῶν</span> <span class='ocrx_word' id='word_1_150' title='bbox 760 2144 888 2215; x_wconf 76' lang='grc' dir='ltr'>περὶ</span> <span class='ocrx_word' id='word_1_151' title='bbox 940 2142 1205 2213; x_wconf 83' lang='grc' dir='ltr'>Εὐνόμιον</span> <span class='ocrx_word' id='word_1_152' title='bbox 1244 2142 1340 2197; x_wconf 74' lang='grc' dir='ltr'>καὶ</span> <span class='ocrx_word' id='word_1_153' title='bbox 1392 2142 1762 2214; x_wconf 85' lang='grc' dir='ltr'>Ἀπολινάριον</span> 
     </span>
    </p>
   </div>
   <div class='ocr_carea' id='block_1_23' title="bbox 180 2235 1762 2307">
    <p class='ocr_par' dir='ltr' id='par_1_23' title="bbox 180 2235 1762 2307">
     <span class='ocr_line' id='line_1_23' title="bbox 180 2235 1762 2307; baseline 0.002 -20"><span class='ocrx_word' id='word_1_154' title='bbox 180 2236 276 2288; x_wconf 82' lang='grc' dir='ltr'>τὸν</span> <span class='ocrx_word' id='word_1_155' title='bbox 312 2235 485 2307; x_wconf 79' lang='grc' dir='ltr'>Σύρον</span> <span class='ocrx_word' id='word_1_156' title='bbox 535 2236 628 2289; x_wconf 76' lang='grc' dir='ltr'>καὶ</span> <span class='ocrx_word' id='word_1_157' title='bbox 660 2236 934 2290; x_wconf 87' lang='grc' dir='ltr'>Βασίλειον</span> <span class='ocrx_word' id='word_1_158' title='bbox 974 2236 1069 2290; x_wconf 77' lang='grc' dir='ltr'>καὶ</span> <span class='ocrx_word' id='word_1_159' title='bbox 1112 2235 1406 2307; x_wconf 89' lang='grc' dir='ltr'>Γρηγόριον</span> <span class='ocrx_word' id='word_1_160' title='bbox 1449 2236 1575 2300; x_wconf 80' lang='grc' dir='ltr'>τοὺς</span> <span class='ocrx_word' id='word_1_161' title='bbox 1602 2237 1762 2290; x_wconf 85' lang='grc' dir='ltr'>Καπ-</span> 
     </span>
    </p>
   </div>
   <div class='ocr_carea' id='block_1_24' title="bbox 180 2322 1755 2400">
    <p class='ocr_par' dir='ltr' id='par_1_24' title="bbox 180 2322 1755 2400">
     <span class='ocr_line' id='line_1_24' title="bbox 180 2322 1755 2400; baseline 0 -19"><span class='ocrx_word' id='word_1_162' title='bbox 180 2322 448 2392; x_wconf 78' lang='grc' dir='ltr'>παδόκας,</span> <span class='ocrx_word' id='word_1_163' title='bbox 482 2329 569 2382; x_wconf 81' lang='grc' dir='ltr'>ὅτε</span> <span class='ocrx_word' id='word_1_164' title='bbox 598 2328 691 2382; x_wconf 77' lang='grc' dir='ltr'>καὶ</span> <span class='ocrx_word' id='word_1_165' title='bbox 721 2329 1073 2382; x_wconf 80' lang='grc' dir='ltr'>παντοδαπῶν</span> <span class='ocrx_word' id='word_1_166' title='bbox 1099 2322 1166 2400; x_wconf 77' lang='grc' dir='ltr'>ἦν</span> <span class='ocrx_word' id='word_1_167' title='bbox 1199 2327 1429 2398; x_wconf 80' lang='grc' dir='ltr'>εὐπορία</span> <span class='ocrx_word' id='word_1_168' title='bbox 1474 2345 1755 2400; x_wconf 73' lang='grc' dir='ltr'>συγγραμο</span> 
     </span>
    </p>
   </div>
   <div class='ocr_carea' id='block_1_25' title="bbox 183 2418 1762 2491">
    <p class='ocr_par' dir='ltr' id='par_1_25' title="bbox 183 2418 1762 2491">
     <span class='ocr_line' id='line_1_25' title="bbox 183 2418 1762 2491; baseline -0.001 -19"><span class='ocrx_word' id='word_1_169' title='bbox 183 2422 396 2491; x_wconf 75' lang='grc' dir='ltr'>μάτων,</span> <span class='ocrx_word' id='word_1_170' title='bbox 454 2421 515 2474; x_wconf 84' lang='grc' dir='ltr'>αἴ</span> <span class='ocrx_word' id='word_1_171' title='bbox 562 2437 622 2473; x_wconf 89' lang='grc' dir='ltr'>τε</span> <span class='ocrx_word' id='word_1_172' title='bbox 670 2420 812 2473; x_wconf 85' lang='grc' dir='ltr'>κατά</span> <span class='ocrx_word' id='word_1_173' title='bbox 867 2420 1180 2490; x_wconf 71' lang='grc' dir='ltr'>φιλοσοφίαν</span> <span class='ocrx_word' id='word_1_174' title='bbox 1219 2419 1457 2490; x_wconf 80' lang='grc' dir='ltr'>αἱρέσεις</span> <span class='ocrx_word' id='word_1_175' title='bbox 1503 2418 1582 2471; x_wconf 78' lang='grc' dir='ltr'>ἔτι</span> <span class='ocrx_word' id='word_1_176' title='bbox 1633 2419 1762 2491; x_wconf 80' lang='grc' dir='ltr'>παρ’</span> 
     </span>
    </p>
   </div>
   <div class='ocr_carea' id='block_1_26' title="bbox 184 2504 1759 2581">
    <p class='ocr_par' dir='ltr' id='par_1_26' title="bbox 184 2504 1759 2581">
     <span class='ocr_line' id='line_1_26' title="bbox 184 2504 1759 2581; baseline -0.003 -16"><span class='ocrx_word' id='word_1_177' title='bbox 184 2511 448 2581; x_wconf 79' lang='grc' dir='ltr'>Ἕλλησιν</span> <span class='ocrx_word' id='word_1_178' title='bbox 477 2510 759 2574; x_wconf 79' lang='grc' dir='ltr'>ἐσώζοντο.</span> <span class='ocrx_word' id='word_1_179' title='bbox 784 2504 883 2564; x_wconf 85' lang='grc' dir='ltr'>Ὧν</span> <span class='ocrx_word' id='word_1_180' title='bbox 911 2510 1135 2581; x_wconf 78' lang='grc' dir='ltr'>οὐδεμιᾷ</span> <span class='ocrx_word' id='word_1_181' title='bbox 1158 2509 1407 2579; x_wconf 84' lang='grc' dir='ltr'>φαίνεται</span> <span class='ocrx_word' id='word_1_182' title='bbox 1455 2508 1759 2580; x_wconf 83' lang='grc' dir='ltr'>προσέχων,</span> 
     </span>
    </p>
   </div>
   <div class='ocr_carea' id='block_1_27' title="bbox 180 2600 1759 2672">
    <p class='ocr_par' dir='ltr' id='par_1_27' title="bbox 180 2600 1759 2672">
     <span class='ocr_line' id='line_1_27' title="bbox 180 2600 1759 2672; baseline -0.001 -16"><span class='ocrx_word' id='word_1_183' title='bbox 180 2602 308 2656; x_wconf 68' lang='grc' dir='ltr'>οὔτε</span> <span class='ocrx_word' id='word_1_184' title='bbox 345 2605 462 2665; x_wconf 83' lang='grc' dir='ltr'>ταῖς</span> <span class='ocrx_word' id='word_1_185' title='bbox 492 2602 691 2672; x_wconf 82' lang='grc' dir='ltr'>ἐτέρων</span> <span class='ocrx_word' id='word_1_186' title='bbox 726 2601 1125 2670; x_wconf 80' lang='grc' dir='ltr'>πιθανολογὶαις</span> <span class='ocrx_word' id='word_1_187' title='bbox 1169 2601 1453 2672; x_wconf 82' lang='grc' dir='ltr'>ἀγόμενος,</span> <span class='ocrx_word' id='word_1_188' title='bbox 1484 2600 1759 2672; x_wconf 79' lang='grc' dir='ltr'>πανταχοῦ</span> 
     </span>
    </p>
   </div>
   <div class='ocr_carea' id='block_1_28' title="bbox 178 2692 1760 2766">
    <p class='ocr_par' dir='ltr' id='par_1_28' title="bbox 178 2692 1760 2766">
     <span class='ocr_line' id='line_1_28' title="bbox 178 2692 1760 2766; baseline -0.003 -17"><span class='ocrx_word' id='word_1_189' title='bbox 178 2694 239 2749; x_wconf 84' lang='grc' dir='ltr'>δὲ</span> <span class='ocrx_word' id='word_1_190' title='bbox 268 2694 368 2766; x_wconf 82' lang='grc' dir='ltr'>τὴν</span> <span class='ocrx_word' id='word_1_191' title='bbox 412 2693 665 2765; x_wconf 80' lang='grc' dir='ltr'>ἀλήθειαν</span> <span class='ocrx_word' id='word_1_192' title='bbox 699 2694 999 2764; x_wconf 86' lang='grc' dir='ltr'>προτιμῶν,</span> <span class='ocrx_word' id='word_1_193' title='bbox 1041 2692 1128 2745; x_wconf 87' lang='grc' dir='ltr'>ἐπ’</span> <span class='ocrx_word' id='word_1_194' title='bbox 1159 2692 1341 2755; x_wconf 83' lang='grc' dir='ltr'>ἀδείας</span> <span class='ocrx_word' id='word_1_195' title='bbox 1383 2693 1641 2763; x_wconf 77' lang='grc' dir='ltr'>πειρᾶται</span> <span class='ocrx_word' id='word_1_196' title='bbox 1671 2709 1760 2760; x_wconf 86' lang='grc' dir='ltr'>φι-</span> 
     </span>
    </p>
   </div>
   <div class='ocr_carea' id='block_1_29' title="bbox 176 2782 1759 2857">
    <p class='ocr_par' dir='ltr' id='par_1_29' title="bbox 176 2782 1759 2857">
     <span class='ocr_line' id='line_1_29' title="bbox 176 2782 1759 2857; baseline -0.003 -17"><span class='ocrx_word' id='word_1_197' title='bbox 176 2787 455 2857; x_wconf 85' lang='grc' dir='ltr'>λοσοφεῖν,</span> <span class='ocrx_word' id='word_1_198' title='bbox 502 2785 568 2838; x_wconf 84' lang='grc' dir='ltr'>τὰ</span> <span class='ocrx_word' id='word_1_199' title='bbox 628 2785 724 2857; x_wconf 91' lang='grc' dir='ltr'>μέν</span> <span class='ocrx_word' id='word_1_200' title='bbox 772 2785 1027 2855; x_wconf 87' lang='grc' dir='ltr'>ἐλέγχων,</span> <span class='ocrx_word' id='word_1_201' title='bbox 1081 2785 1186 2856; x_wconf 82' lang='grc' dir='ltr'>ὅπη</span> <span class='ocrx_word' id='word_1_202' title='bbox 1242 2783 1515 2855; x_wconf 84' lang='grc' dir='ltr'>παρείκοι,</span> <span class='ocrx_word' id='word_1_203' title='bbox 1566 2786 1679 2847; x_wconf 85' lang='grc' dir='ltr'>τοῖς</span> <span class='ocrx_word' id='word_1_204' title='bbox 1715 2782 1759 2836; x_wconf 80' lang='grc' dir='ltr'>δ’</span> 
     </span>
    </p>
   </div>
   <div class='ocr_carea' id='block_1_30' title="bbox 180 2872 1760 2950">
    <p class='ocr_par' dir='ltr' id='par_1_30' title="bbox 180 2872 1760 2950">
     <span class='ocr_line' id='line_1_30' title="bbox 180 2872 1760 2950; baseline -0.005 -16"><span class='ocrx_word' id='word_1_205' title='bbox 180 2881 510 2950; x_wconf 82' lang='grc' dir='ltr'>ἐφιστάνων,</span> <span class='ocrx_word' id='word_1_206' title='bbox 543 2877 609 2931; x_wconf 66' lang='grc' dir='ltr'>τὰ</span> <span class='ocrx_word' id='word_1_207' title='bbox 650 2876 693 2929; x_wconf 76' lang='grc' dir='ltr'>δ’</span> <span class='ocrx_word' id='word_1_208' title='bbox 726 2875 993 2949; x_wconf 87' lang='grc' dir='ltr'>ἐγκρίνων</span> <span class='ocrx_word' id='word_1_209' title='bbox 1036 2875 1143 2929; x_wconf 87' lang='grc' dir='ltr'>τῶν</span> <span class='ocrx_word' id='word_1_210' title='bbox 1181 2874 1483 2947; x_wconf 87' lang='grc' dir='ltr'>δογμάτων.</span> <span class='ocrx_word' id='word_1_211' title='bbox 1515 2872 1760 2942; x_wconf 81' lang='grc' dir='ltr'>Γεγονὼς</span> 
     </span>
    </p>
   </div>
   <div class='ocr_carea' id='block_1_31' title="bbox 180 2961 1759 3040">
    <p class='ocr_par' dir='ltr' id='par_1_31' title="bbox 180 2961 1759 3040">
     <span class='ocr_line' id='line_1_31' title="bbox 180 2961 1759 3040; baseline -0.007 -15"><span class='ocrx_word' id='word_1_212' title='bbox 180 2988 242 3025; x_wconf 86' lang='grc' dir='ltr'>τε</span> <span class='ocrx_word' id='word_1_213' title='bbox 286 2969 386 3040; x_wconf 82' lang='grc' dir='ltr'>τὴν</span> <span class='ocrx_word' id='word_1_214' title='bbox 432 2968 725 3040; x_wconf 77' lang='grc' dir='ltr'>θρησκείαν</span> <span class='ocrx_word' id='word_1_215' title='bbox 778 2964 1116 3038; x_wconf 78' lang='grc' dir='ltr'>Χριστιανὸς,</span> <span class='ocrx_word' id='word_1_216' title='bbox 1162 2964 1256 3018; x_wconf 73' lang='grc' dir='ltr'>καὶ</span> <span class='ocrx_word' id='word_1_217' title='bbox 1298 2962 1467 3017; x_wconf 81' lang='grc' dir='ltr'>ταῦτα</span> <span class='ocrx_word' id='word_1_218' title='bbox 1517 2961 1759 3035; x_wconf 81' lang='grc' dir='ltr'>Ἐμέσης</span> 
     </span>
    </p>
   </div>
   <div class='ocr_carea' id='block_1_32' title="bbox 1878 591 3443 674">
    <p class='ocr_par' dir='ltr' id='par_1_32' title="bbox 1878 591 3443 674">
     <span class='ocr_line' id='line_1_32' title="bbox 1878 591 3443 674; baseline 0.008 -31"><span class='ocrx_word' id='word_1_219' title='bbox 1878 592 1959 654; x_wconf 83' lang='grc' dir='ltr'>εἰς</span> <span class='ocrx_word' id='word_1_220' title='bbox 1981 591 2080 663; x_wconf 81' lang='grc' dir='ltr'>τὴν</span> <span class='ocrx_word' id='word_1_221' title='bbox 2107 591 2214 647; x_wconf 87' lang='grc' dir='ltr'>τῶν</span> <span class='ocrx_word' id='word_1_222' title='bbox 2237 592 2424 664; x_wconf 77' lang='grc' dir='ltr'>ψυχῶν</span> <span class='ocrx_word' id='word_1_223' title='bbox 2456 595 2792 666; x_wconf 80' lang='grc' dir='ltr'>προῦπαρξιν</span> <span class='ocrx_word' id='word_1_224' title='bbox 2821 597 2965 667; x_wconf 76' lang='grc' dir='ltr'>ἣκει.</span> <span class='ocrx_word' id='word_1_225' title='bbox 3000 597 3156 667; x_wconf 83' lang='grc' dir='ltr'>δῆλός</span> <span class='ocrx_word' id='word_1_226' title='bbox 3185 600 3302 654; x_wconf 85' lang='grc' dir='ltr'>ἐστι</span> <span class='ocrx_word' id='word_1_227' title='bbox 3355 603 3443 674; x_wconf 74' lang='grc' dir='ltr'>τὴι</span> 
     </span>
    </p>
   </div>
   <div class='ocr_carea' id='block_1_33' title="bbox 1876 680 3433 757">
    <p class='ocr_par' dir='ltr' id='par_1_33' title="bbox 1876 680 3433 757">
     <span class='ocr_line' id='line_1_33' title="bbox 1876 680 3433 757; baseline 0.007 -23"><span class='ocrx_word' id='word_1_228' title='bbox 1876 680 2160 746; x_wconf 87' lang='grc' dir='ltr'>Πλάτωνος</span> <span class='ocrx_word' id='word_1_229' title='bbox 2214 683 2309 736; x_wconf 79' lang='grc' dir='ltr'>καὶ</span> <span class='ocrx_word' id='word_1_230' title='bbox 2368 684 2684 756; x_wconf 81' lang='grc' dir='ltr'>Πυθαγόρου</span> <span class='ocrx_word' id='word_1_231' title='bbox 2738 684 2895 750; x_wconf 82' lang='grc' dir='ltr'>δόξαν</span> <span class='ocrx_word' id='word_1_232' title='bbox 2943 688 3201 757; x_wconf 80' lang='grc' dir='ltr'>εἰσάγων,</span> <span class='ocrx_word' id='word_1_233' title='bbox 3246 683 3358 744; x_wconf 76' lang='grc' dir='ltr'>οἶόν</span> <span class='ocrx_word' id='word_1_234' title='bbox 3401 709 3433 745; x_wconf 88' lang='grc' dir='ltr'>τ</span> 
     </span>
    </p>
   </div>
   <div class='ocr_carea' id='block_1_34' title="bbox 1875 771 3436 844">
    <p class='ocr_par' dir='ltr' id='par_1_34' title="bbox 1875 771 3436 844">
     <span class='ocr_line' id='line_1_34' title="bbox 1875 771 3436 844; baseline 0.009 -21"><span class='ocrx_word' id='word_1_235' title='bbox 1875 771 1969 824; x_wconf 79' lang='grc' dir='ltr'>καὶ</span> <span class='ocrx_word' id='word_1_236' title='bbox 2014 772 2293 844; x_wconf 79' lang='grc' dir='ltr'>Ὠριγένης</span> <span class='ocrx_word' id='word_1_237' title='bbox 2338 776 2646 841; x_wconf 88' lang='grc' dir='ltr'>ἐπεπόνθει,</span> <span class='ocrx_word' id='word_1_238' title='bbox 2682 777 2776 830; x_wconf 89' lang='grc' dir='ltr'>καί</span> <span class='ocrx_word' id='word_1_239' title='bbox 2822 796 2965 843; x_wconf 86' lang='grc' dir='ltr'>τινες</span> <span class='ocrx_word' id='word_1_240' title='bbox 3009 779 3157 835; x_wconf 77' lang='grc' dir='ltr'>ἄλλοι</span> <span class='ocrx_word' id='word_1_241' title='bbox 3192 780 3301 837; x_wconf 88' lang='grc' dir='ltr'>τῶν</span> <span class='ocrx_word' id='word_1_242' title='bbox 3331 799 3436 837; x_wconf 85' lang='grc' dir='ltr'>κατ</span> 
     </span>
    </p>
   </div>
   <div class='ocr_carea' id='block_1_35' title="bbox 1872 863 3438 946">
    <p class='ocr_par' dir='ltr' id='par_1_35' title="bbox 1872 863 3438 946">
     <span class='ocr_line' id='line_1_35' title="bbox 1872 863 3438 946; baseline 0.01 -32"><span class='ocrx_word' id='word_1_243' title='bbox 1872 863 2048 916; x_wconf 75' lang='grc' dir='ltr'>ἐκεῖνο</span> <span class='ocrx_word' id='word_1_244' title='bbox 2096 864 2287 937; x_wconf 82' lang='grc' dir='ltr'>καιροῦ</span> <span class='ocrx_word' id='word_1_245' title='bbox 2320 867 2681 939; x_wconf 82' lang='grc' dir='ltr'>Χριστιανῶν,</span> <span class='ocrx_word' id='word_1_246' title='bbox 2715 869 2888 935; x_wconf 79' lang='grc' dir='ltr'>ἄλλως</span> <span class='ocrx_word' id='word_1_247' title='bbox 2918 888 2976 925; x_wconf 92' lang='grc' dir='ltr'>τε</span> <span class='ocrx_word' id='word_1_248' title='bbox 3008 872 3115 926; x_wconf 87' lang='grc' dir='ltr'>τῶν</span> <span class='ocrx_word' id='word_1_249' title='bbox 3144 874 3273 946; x_wconf 79' lang='grc' dir='ltr'>περὶ</span> <span class='ocrx_word' id='word_1_250' title='bbox 3300 874 3438 945; x_wconf 84' lang='grc' dir='ltr'>φιλο-</span> 
     </span>
    </p>
   </div>
   <div class='ocr_carea' id='block_1_36' title="bbox 1875 954 3438 1035">
    <p class='ocr_par' dir='ltr' id='par_1_36' title="bbox 1875 954 3438 1035">
     <span class='ocr_line' id='line_1_36' title="bbox 1875 954 3438 1035; baseline 0.008 -28"><span class='ocrx_word' id='word_1_251' title='bbox 1875 954 2066 1024; x_wconf 83' lang='grc' dir='ltr'>σοφίαν</span> <span class='ocrx_word' id='word_1_252' title='bbox 2093 956 2494 1029; x_wconf 90' lang='grc' dir='ltr'>διατριϐόντων,</span> <span class='ocrx_word' id='word_1_253' title='bbox 2525 958 2679 1014; x_wconf 78' lang='grc' dir='ltr'>ούπω</span> <span class='ocrx_word' id='word_1_254' title='bbox 2717 960 2837 1015; x_wconf 82' lang='grc' dir='ltr'>τότε</span> <span class='ocrx_word' id='word_1_255' title='bbox 2882 963 2983 1034; x_wconf 79' lang='grc' dir='ltr'>τῆς</span> <span class='ocrx_word' id='word_1_256' title='bbox 3021 963 3284 1035; x_wconf 77' lang='grc' dir='ltr'>αἱρέσεως</span> <span class='ocrx_word' id='word_1_257' title='bbox 3312 966 3438 1021; x_wconf 80' lang='grc' dir='ltr'>ταύ-</span> 
     </span>
    </p>
   </div>
   <div class='ocr_carea' id='block_1_37' title="bbox 1872 1046 3439 1127">
    <p class='ocr_par' dir='ltr' id='par_1_37' title="bbox 1872 1046 3439 1127">
     <span class='ocr_line' id='line_1_37' title="bbox 1872 1046 3439 1127; baseline 0.009 -30"><span class='ocrx_word' id='word_1_258' title='bbox 1872 1062 1973 1115; x_wconf 88' lang='grc' dir='ltr'>της</span> <span class='ocrx_word' id='word_1_259' title='bbox 1997 1046 2161 1118; x_wconf 84' lang='grc' dir='ltr'>κοινῷ</span> <span class='ocrx_word' id='word_1_260' title='bbox 2192 1047 2421 1120; x_wconf 84' lang='grc' dir='ltr'>δόγματι</span> <span class='ocrx_word' id='word_1_261' title='bbox 2449 1051 2548 1121; x_wconf 80' lang='grc' dir='ltr'>τῆς</span> <span class='ocrx_word' id='word_1_262' title='bbox 2584 1051 2905 1124; x_wconf 86' lang='grc' dir='ltr'>Ἐκκλησίας</span> <span class='ocrx_word' id='word_1_263' title='bbox 2940 1056 3439 1127; x_wconf 67' lang='grc' dir='ltr'>κατεψηφισμένης</span> 
     </span>
    </p>
   </div>
   <div class='ocr_carea' id='block_1_38' title="bbox 1878 1133 3432 1219">
    <p class='ocr_par' dir='ltr' id='par_1_38' title="bbox 1878 1133 3432 1219">
     <span class='ocr_line' id='line_1_38' title="bbox 1878 1133 3432 1219; baseline 0.012 -33"><span class='ocrx_word' id='word_1_264' title='bbox 1878 1153 1898 1186; x_wconf 80' lang='lat' dir='ltr'>t</span> <span class='ocrx_word' id='word_1_265' title='bbox 1933 1137 2021 1205; x_wconf 80' lang='grc' dir='ltr'>Ἐξ</span> <span class='ocrx_word' id='word_1_266' title='bbox 2049 1133 2122 1191; x_wconf 82' lang='grc' dir='ltr'>ὧν</span> <span class='ocrx_word' id='word_1_267' title='bbox 2153 1140 2246 1193; x_wconf 74' lang='grc' dir='ltr'>καὶ</span> <span class='ocrx_word' id='word_1_268' title='bbox 2291 1140 2564 1196; x_wconf 82' lang='grc' dir='ltr'>δείκνυται</span> <span class='ocrx_word' id='word_1_269' title='bbox 2600 1145 2630 1197; x_wconf 85' lang='grc' dir='ltr'><strong>ὁ</strong></span> <span class='ocrx_word' id='word_1_270' title='bbox 2671 1143 2956 1215; x_wconf 73' lang='grc' dir='ltr'>φιλόσοφος</span> <span class='ocrx_word' id='word_1_271' title='bbox 2998 1141 3150 1211; x_wconf 76' lang='grc' dir='ltr'>οὗτος</span> <span class='ocrx_word' id='word_1_272' title='bbox 3200 1149 3305 1219; x_wconf 76' lang='grc' dir='ltr'>πρὸ</span> <span class='ocrx_word' id='word_1_273' title='bbox 3337 1152 3432 1203; x_wconf 52' lang='grc' dir='ltr'>τῶι</span> 
     </span>
    </p>
   </div>
   <div class='ocr_carea' id='block_1_39' title="bbox 1871 1225 3435 1305">
    <p class='ocr_par' dir='ltr' id='par_1_39' title="bbox 1871 1225 3435 1305">
     <span class='ocr_line' id='line_1_39' title="bbox 1871 1225 3435 1305; baseline 0.009 -26"><span class='ocrx_word' id='word_1_274' title='bbox 1871 1225 1965 1280; x_wconf 81' lang='grc' dir='ltr'>τοῦ</span> <span class='ocrx_word' id='word_1_275' title='bbox 1999 1230 2367 1285; x_wconf 82' lang='grc' dir='ltr'>Ἰουστινιανοῦ</span> <span class='ocrx_word' id='word_1_276' title='bbox 2398 1232 2603 1303; x_wconf 85' lang='grc' dir='ltr'>χρόνων</span> <span class='ocrx_word' id='word_1_277' title='bbox 2644 1233 2942 1305; x_wconf 82' lang='grc' dir='ltr'>βεϐιωκὼς,</span> <span class='ocrx_word' id='word_1_278' title='bbox 2975 1236 3087 1305; x_wconf 82' lang='grc' dir='ltr'>είγε</span> <span class='ocrx_word' id='word_1_279' title='bbox 3122 1238 3213 1291; x_wconf 81' lang='grc' dir='ltr'>ἐπὶ</span> <span class='ocrx_word' id='word_1_280' title='bbox 3253 1239 3435 1293; x_wconf 59' lang='grc' dir='ltr'>τούτο(</span> 
     </span>
    </p>
   </div>
   <div class='ocr_carea' id='block_1_40' title="bbox 1872 1319 3436 1398">
    <p class='ocr_par' dir='ltr' id='par_1_40' title="bbox 1872 1319 3436 1398">
     <span class='ocr_line' id='line_1_40' title="bbox 1872 1319 3436 1398; baseline 0.008 -26"><span class='ocrx_word' id='word_1_281' title='bbox 1872 1319 2087 1391; x_wconf 73' lang='grc' dir='ltr'>πρῶτον</span> <span class='ocrx_word' id='word_1_282' title='bbox 2115 1322 2208 1376; x_wconf 76' lang='grc' dir='ltr'>τοῦ</span> <span class='ocrx_word' id='word_1_283' title='bbox 2239 1323 2502 1394; x_wconf 88' lang='grc' dir='ltr'>βασιλέως</span> <span class='ocrx_word' id='word_1_284' title='bbox 2530 1326 2587 1378; x_wconf 84' lang='grc' dir='ltr'>αἱ</span> <span class='ocrx_word' id='word_1_285' title='bbox 2618 1326 2712 1379; x_wconf 79' lang='grc' dir='ltr'>τοῦ</span> <span class='ocrx_word' id='word_1_286' title='bbox 2753 1327 3056 1398; x_wconf 84' lang='grc' dir='ltr'>Ὠριγένους</span> <span class='ocrx_word' id='word_1_287' title='bbox 3091 1330 3267 1395; x_wconf 86' lang='grc' dir='ltr'>θέσεις</span> <span class='ocrx_word' id='word_1_288' title='bbox 3310 1350 3436 1387; x_wconf 84' lang='grc' dir='ltr'>κατ-</span> 
     </span>
    </p>
   </div>
   <div class='ocr_carea' id='block_1_41' title="bbox 1872 1411 3436 1494">
    <p class='ocr_par' dir='ltr' id='par_1_41' title="bbox 1872 1411 3436 1494">
     <span class='ocr_line' id='line_1_41' title="bbox 1872 1411 3436 1494; baseline 0.01 -32"><span class='ocrx_word' id='word_1_289' title='bbox 1872 1411 2283 1483; x_wconf 70' lang='grc' dir='ltr'>εψηφίσθησαν,</span> <span class='ocrx_word' id='word_1_290' title='bbox 2336 1416 2427 1467; x_wconf 77' lang='grc' dir='ltr'>ἐπὶ</span> <span class='ocrx_word' id='word_1_291' title='bbox 2491 1414 2664 1488; x_wconf 81' lang='grc' dir='ltr'>τούτῳ</span> <span class='ocrx_word' id='word_1_292' title='bbox 2738 1419 2817 1480; x_wconf 88' lang='grc' dir='ltr'>είς</span> <span class='ocrx_word' id='word_1_293' title='bbox 2880 1418 2940 1471; x_wconf 83' lang='grc' dir='ltr'>τὸ</span> <span class='ocrx_word' id='word_1_294' title='bbox 3000 1420 3290 1485; x_wconf 75' lang='grc' dir='ltr'>Βυζάντιον</span> <span class='ocrx_word' id='word_1_295' title='bbox 3343 1424 3436 1494; x_wconf 82' lang='grc' dir='ltr'>τῆς</span> 
     </span>
    </p>
   </div>
   <div class='ocr_carea' id='block_1_42' title="bbox 1870 1501 3435 1583">
    <p class='ocr_par' dir='ltr' id='par_1_42' title="bbox 1870 1501 3435 1583">
     <span class='ocr_line' id='line_1_42' title="bbox 1870 1501 3435 1583; baseline 0.008 -28"><span class='ocrx_word' id='word_1_296' title='bbox 1870 1501 2129 1574; x_wconf 86' lang='grc' dir='ltr'>πέμπτης</span> <span class='ocrx_word' id='word_1_297' title='bbox 2153 1506 2537 1578; x_wconf 82' lang='grc' dir='ltr'>οἰκουμενικῆς</span> <span class='ocrx_word' id='word_1_298' title='bbox 2566 1502 2920 1581; x_wconf 70' lang='grc' dir='ltr'>συναχθείσης</span> <span class='ocrx_word' id='word_1_299' title='bbox 2941 1512 3176 1565; x_wconf 87' lang='grc' dir='ltr'>συνόδου.</span> <span class='ocrx_word' id='word_1_300' title='bbox 3206 1533 3224 1564; x_wconf 75' lang='grc' dir='ltr'>ι</span> <span class='ocrx_word' id='word_1_301' title='bbox 3253 1514 3435 1583; x_wconf 73' lang='grc' dir='ltr'>Ἔδοξε</span> 
     </span>
    </p>
   </div>
   <div class='ocr_carea' id='block_1_43' title="bbox 1869 1594 3437 1674">
    <p class='ocr_par' dir='ltr' id='par_1_43' title="bbox 1869 1594 3437 1674">
     <span class='ocr_line' id='line_1_43' title="bbox 1869 1594 3437 1674; baseline 0.008 -26"><span class='ocrx_word' id='word_1_302' title='bbox 1869 1594 1926 1648; x_wconf 88' lang='grc' dir='ltr'>δέ</span> <span class='ocrx_word' id='word_1_303' title='bbox 1968 1612 2058 1667; x_wconf 87' lang='grc' dir='ltr'>μοι</span> <span class='ocrx_word' id='word_1_304' title='bbox 2095 1596 2155 1648; x_wconf 85' lang='grc' dir='ltr'>τὸ</span> <span class='ocrx_word' id='word_1_305' title='bbox 2192 1596 2394 1666; x_wconf 86' lang='grc' dir='ltr'>βιϐλίον</span> <span class='ocrx_word' id='word_1_306' title='bbox 2426 1599 2506 1662; x_wconf 88' lang='grc' dir='ltr'>είς</span> <span class='ocrx_word' id='word_1_307' title='bbox 2534 1599 2638 1672; x_wconf 79' lang='grc' dir='ltr'>τὴν</span> <span class='ocrx_word' id='word_1_308' title='bbox 2678 1600 2786 1654; x_wconf 87' lang='grc' dir='ltr'>τῶν</span> <span class='ocrx_word' id='word_1_309' title='bbox 2841 1602 3124 1674; x_wconf 85' lang='grc' dir='ltr'>Ῥωμαίων</span> <span class='ocrx_word' id='word_1_310' title='bbox 3165 1605 3437 1662; x_wconf 63' lang='grc' dir='ltr'>διάλεκτον</span> 
     </span>
    </p>
   </div>
   <div class='ocr_carea' id='block_1_44' title="bbox 1873 1687 3435 1769">
    <p class='ocr_par' dir='ltr' id='par_1_44' title="bbox 1873 1687 3435 1769">
     <span class='ocr_line' id='line_1_44' title="bbox 1873 1687 3435 1769; baseline 0.008 -30"><span class='ocrx_word' id='word_1_311' title='bbox 1873 1687 2233 1760; x_wconf 85' lang='grc' dir='ltr'>μεταφράσαι,</span> <span class='ocrx_word' id='word_1_312' title='bbox 2270 1688 2378 1742; x_wconf 83' lang='grc' dir='ltr'>τῶν</span> <span class='ocrx_word' id='word_1_313' title='bbox 2412 1690 2726 1762; x_wconf 88' lang='grc' dir='ltr'>φιλομαθῶν</span> <span class='ocrx_word' id='word_1_314' title='bbox 2766 1694 2923 1763; x_wconf 84' lang='grc' dir='ltr'>χάριν</span> <span class='ocrx_word' id='word_1_315' title='bbox 2973 1695 3166 1766; x_wconf 81' lang='grc' dir='ltr'>διπλῆν</span> <span class='ocrx_word' id='word_1_316' title='bbox 3215 1715 3435 1769; x_wconf 82' lang='grc' dir='ltr'>ποιησα-</span> 
     </span>
    </p>
   </div>
   <div class='ocr_carea' id='block_1_45' title="bbox 1867 1777 3428 1860">
    <p class='ocr_par' dir='ltr' id='par_1_45' title="bbox 1867 1777 3428 1860">
     <span class='ocr_line' id='line_1_45' title="bbox 1867 1777 3428 1860; baseline 0.008 -30"><span class='ocrx_word' id='word_1_317' title='bbox 1867 1777 2018 1849; x_wconf 79' lang='grc' dir='ltr'>μένῳ</span> <span class='ocrx_word' id='word_1_318' title='bbox 2066 1778 2163 1852; x_wconf 82' lang='grc' dir='ltr'>τὴν</span> <span class='ocrx_word' id='word_1_319' title='bbox 2213 1779 2442 1844; x_wconf 82' lang='grc' dir='ltr'>ἔκδοσιν,</span> <span class='ocrx_word' id='word_1_320' title='bbox 2498 1782 2591 1835; x_wconf 76' lang='grc' dir='ltr'>καὶ</span> <span class='ocrx_word' id='word_1_321' title='bbox 2641 1783 2773 1854; x_wconf 84' lang='grc' dir='ltr'>μηδὲ</span> <span class='ocrx_word' id='word_1_322' title='bbox 2819 1785 2917 1856; x_wconf 78' lang='grc' dir='ltr'>τὴν</span> <span class='ocrx_word' id='word_1_323' title='bbox 2978 1786 3295 1860; x_wconf 67' lang='grc' dir='ltr'>Ἑλληνικὴν</span> <span class='ocrx_word' id='word_1_324' title='bbox 3347 1792 3428 1844; x_wconf 83' lang='grc' dir='ltr'>ὐπ</span> 
     </span>
    </p>
   </div>
   <div class='ocr_carea' id='block_1_46' title="bbox 1871 1871 3417 1953">
    <p class='ocr_par' dir='ltr' id='par_1_46' title="bbox 1871 1871 3417 1953">
     <span class='ocr_line' id='line_1_46' title="bbox 1871 1871 3417 1953; baseline 0.006 -28"><span class='ocrx_word' id='word_1_325' title='bbox 1871 1871 2225 1945; x_wconf 83' lang='grc' dir='ltr'>ἀρχαιότητος</span> <span class='ocrx_word' id='word_1_326' title='bbox 2249 1871 2522 1929; x_wconf 88' lang='grc' dir='ltr'>διαπεσεῖν</span> <span class='ocrx_word' id='word_1_327' title='bbox 2551 1874 2959 1931; x_wconf 73' lang='grc' dir='ltr'>κινδυνεύουσαν</span> <span class='ocrx_word' id='word_1_328' title='bbox 2994 1879 3275 1950; x_wconf 74' lang='grc' dir='ltr'>περιιδείνο</span> <span class='ocrx_word' id='word_1_329' title='bbox 3306 1900 3324 1933; x_wconf 80' lang='grc' dir='ltr'>ι</span> <span class='ocrx_word' id='word_1_330' title='bbox 3349 1882 3417 1953; x_wconf 84' lang='grc' dir='ltr'>μό</span> 
     </span>
    </p>
   </div>
   <div class='ocr_carea' id='block_1_47' title="bbox 1868 1959 3437 2039">
    <p class='ocr_par' dir='ltr' id='par_1_47' title="bbox 1868 1959 3437 2039">
     <span class='ocr_line' id='line_1_47' title="bbox 1868 1959 3437 2039; baseline 0.01 -26"><span class='ocrx_word' id='word_1_331' title='bbox 1868 1960 1952 2025; x_wconf 88' lang='grc' dir='ltr'>λις</span> <span class='ocrx_word' id='word_1_332' title='bbox 1978 1960 2086 2033; x_wconf 88' lang='grc' dir='ltr'>γάρ</span> <span class='ocrx_word' id='word_1_333' title='bbox 2115 1978 2242 2014; x_wconf 87' lang='grc' dir='ltr'>ποτε</span> <span class='ocrx_word' id='word_1_334' title='bbox 2263 1959 2413 2016; x_wconf 68' lang='grc' dir='ltr'>δυσὶν</span> <span class='ocrx_word' id='word_1_335' title='bbox 2447 1963 2765 2037; x_wconf 83' lang='grc' dir='ltr'>ἐνετύχομεν</span> <span class='ocrx_word' id='word_1_336' title='bbox 2794 1969 3165 2039; x_wconf 79' lang='grc' dir='ltr'>ἀντιγράφοις,</span> <span class='ocrx_word' id='word_1_337' title='bbox 3200 1975 3295 2027; x_wconf 76' lang='grc' dir='ltr'>καὶ</span> <span class='ocrx_word' id='word_1_338' title='bbox 3323 1974 3437 2027; x_wconf 85' lang='grc' dir='ltr'>τού-</span> 
     </span>
    </p>
   </div>
   <div class='ocr_carea' id='block_1_48' title="bbox 1868 2052 3426 2136">
    <p class='ocr_par' dir='ltr' id='par_1_48' title="bbox 1868 2052 3426 2136">
     <span class='ocr_line' id='line_1_48' title="bbox 1868 2052 3426 2136; baseline 0.004 -29"><span class='ocrx_word' id='word_1_339' title='bbox 1868 2070 1981 2117; x_wconf 86' lang='grc' dir='ltr'>τοις</span> <span class='ocrx_word' id='word_1_340' title='bbox 2021 2052 2333 2124; x_wconf 77' lang='grc' dir='ltr'>ἀνηκέστως</span> <span class='ocrx_word' id='word_1_341' title='bbox 2375 2053 2785 2127; x_wconf 84' lang='grc' dir='ltr'>διεφθαρμένοις</span> <span class='ocrx_word' id='word_1_342' title='bbox 2822 2057 2916 2110; x_wconf 75' lang='grc' dir='ltr'>καὶ</span> <span class='ocrx_word' id='word_1_343' title='bbox 2952 2060 3158 2131; x_wconf 88' lang='grc' dir='ltr'>μυρίων</span> <span class='ocrx_word' id='word_1_344' title='bbox 3190 2057 3426 2136; x_wconf 72' lang='grc' dir='ltr'>ἀμαρτηι</span> 
     </span>
    </p>
   </div>
   <div class='ocr_carea' id='block_1_49' title="bbox 1871 2140 3437 2223">
    <p class='ocr_par' dir='ltr' id='par_1_49' title="bbox 1871 2140 3437 2223">
     <span class='ocr_line' id='line_1_49' title="bbox 1871 2140 3437 2223; baseline 0.01 -25"><span class='ocrx_word' id='word_1_345' title='bbox 1871 2143 2055 2215; x_wconf 82' lang='grc' dir='ltr'>μάτων</span> <span class='ocrx_word' id='word_1_346' title='bbox 2099 2143 2421 2215; x_wconf 76' lang='grc' dir='ltr'>γέμουσινοι</span> <span class='ocrx_word' id='word_1_347' title='bbox 2473 2140 2553 2210; x_wconf 74' lang='grc' dir='ltr'>οἷς</span> <span class='ocrx_word' id='word_1_348' title='bbox 2609 2147 3024 2223; x_wconf 85' lang='grc' dir='ltr'>ἐπιμελέστερον</span> <span class='ocrx_word' id='word_1_349' title='bbox 3072 2153 3437 2221; x_wconf 86' lang='grc' dir='ltr'>ἐπιϐαλόντες.</span> 
     </span>
    </p>
   </div>
   <div class='ocr_carea' id='block_1_50' title="bbox 1867 2232 3435 2315">
    <p class='ocr_par' dir='ltr' id='par_1_50' title="bbox 1867 2232 3435 2315">
     <span class='ocr_line' id='line_1_50' title="bbox 1867 2232 3435 2315; baseline 0.006 -29"><span class='ocrx_word' id='word_1_350' title='bbox 1867 2233 1963 2287; x_wconf 81' lang='grc' dir='ltr'>καὶ</span> <span class='ocrx_word' id='word_1_351' title='bbox 2007 2232 2116 2286; x_wconf 88' lang='grc' dir='ltr'>τῶν</span> <span class='ocrx_word' id='word_1_352' title='bbox 2152 2234 2213 2286; x_wconf 84' lang='grc' dir='ltr'>ἐν</span> <span class='ocrx_word' id='word_1_353' title='bbox 2254 2233 2534 2305; x_wconf 76' lang='grc' dir='ltr'>ἑκατέροις</span> <span class='ocrx_word' id='word_1_354' title='bbox 2587 2236 2995 2308; x_wconf 78' lang='grc' dir='ltr'>ἁμαρτημάτων</span> <span class='ocrx_word' id='word_1_355' title='bbox 3047 2241 3113 2293; x_wconf 88' lang='grc' dir='ltr'>ἐκ</span> <span class='ocrx_word' id='word_1_356' title='bbox 3155 2240 3263 2294; x_wconf 90' lang='grc' dir='ltr'>τῶν</span> <span class='ocrx_word' id='word_1_357' title='bbox 3310 2243 3435 2315; x_wconf 87' lang='grc' dir='ltr'>παρ’</span> 
     </span>
    </p>
   </div>
   <div class='ocr_carea' id='block_1_51' title="bbox 1867 2322 3437 2403">
    <p class='ocr_par' dir='ltr' id='par_1_51' title="bbox 1867 2322 3437 2403">
     <span class='ocr_line' id='line_1_51' title="bbox 1867 2322 3437 2403; baseline 0.007 -28"><span class='ocrx_word' id='word_1_358' title='bbox 1867 2322 2148 2395; x_wconf 75' lang='grc' dir='ltr'>ἑκατέροις</span> <span class='ocrx_word' id='word_1_359' title='bbox 2178 2323 2353 2395; x_wconf 85' lang='grc' dir='ltr'>ὀρθῶς</span> <span class='ocrx_word' id='word_1_360' title='bbox 2382 2323 2524 2395; x_wconf 80' lang='grc' dir='ltr'>ἔχειν</span> <span class='ocrx_word' id='word_1_361' title='bbox 2560 2324 2856 2381; x_wconf 84' lang='grc' dir='ltr'>δοκούντων</span> <span class='ocrx_word' id='word_1_362' title='bbox 2880 2332 3437 2403; x_wconf 83' lang='grc' dir='ltr'>καταστοχασάμενοι,</span> 
     </span>
    </p>
   </div>
   <div class='ocr_carea' id='block_1_52' title="bbox 1866 2414 3436 2498">
    <p class='ocr_par' dir='ltr' id='par_1_52' title="bbox 1866 2414 3436 2498">
     <span class='ocr_line' id='line_1_52' title="bbox 1866 2414 3436 2498; baseline 0.005 -28"><span class='ocrx_word' id='word_1_363' title='bbox 1866 2416 1976 2470; x_wconf 89' lang='grc' dir='ltr'>κάκ</span> <span class='ocrx_word' id='word_1_364' title='bbox 2002 2414 2109 2470; x_wconf 89' lang='grc' dir='ltr'>τῶν</span> <span class='ocrx_word' id='word_1_365' title='bbox 2154 2415 2379 2469; x_wconf 87' lang='grc' dir='ltr'>ἐνόντων</span> <span class='ocrx_word' id='word_1_366' title='bbox 2409 2415 2911 2488; x_wconf 86' lang='grc' dir='ltr'>ἐπιδιορθὼσαντες,</span> <span class='ocrx_word' id='word_1_367' title='bbox 2939 2421 3258 2493; x_wconf 85' lang='grc' dir='ltr'>ὐγιεστέραν</span> <span class='ocrx_word' id='word_1_368' title='bbox 3289 2425 3436 2498; x_wconf 79' lang='grc' dir='ltr'>παρᾶ</span> 
     </span>
    </p>
   </div>
   <div class='ocr_carea' id='block_1_53' title="bbox 1868 2507 3432 2583">
    <p class='ocr_par' dir='ltr' id='par_1_53' title="bbox 1868 2507 3432 2583">
     <span class='ocr_line' id='line_1_53' title="bbox 1868 2507 3432 2583; baseline 0.006 -22"><span class='ocrx_word' id='word_1_369' title='bbox 1868 2507 2001 2562; x_wconf 88' lang='grc' dir='ltr'>πολύ</span> <span class='ocrx_word' id='word_1_370' title='bbox 2029 2508 2128 2580; x_wconf 86' lang='grc' dir='ltr'>τῆς</span> <span class='ocrx_word' id='word_1_371' title='bbox 2166 2508 2432 2580; x_wconf 86' lang='grc' dir='ltr'>προτέρας</span> <span class='ocrx_word' id='word_1_372' title='bbox 2460 2508 2558 2581; x_wconf 76' lang='grc' dir='ltr'>τήν</span> <span class='ocrx_word' id='word_1_373' title='bbox 2604 2511 2983 2581; x_wconf 88' lang='grc' dir='ltr'>πραγματείαν</span> <span class='ocrx_word' id='word_1_374' title='bbox 3025 2515 3432 2583; x_wconf 64' lang='grc' dir='ltr'>παρεσκευάσαι</span> 
     </span>
    </p>
   </div>
   <div class='ocr_carea' id='block_1_54' title="bbox 1870 2598 3434 2676">
    <p class='ocr_par' dir='ltr' id='par_1_54' title="bbox 1870 2598 3434 2676">
     <span class='ocr_line' id='line_1_54' title="bbox 1870 2598 3434 2676; baseline 0.005 -24"><span class='ocrx_word' id='word_1_375' title='bbox 1870 2615 1990 2669; x_wconf 88' lang='grc' dir='ltr'>μεν.</span> <span class='ocrx_word' id='word_1_376' title='bbox 2031 2598 2089 2651; x_wconf 85' lang='lat'>&#39;0</span> <span class='ocrx_word' id='word_1_377' title='bbox 2124 2598 2306 2668; x_wconf 87' lang='grc' dir='ltr'>μέντοι</span> <span class='ocrx_word' id='word_1_378' title='bbox 2335 2598 2526 2671; x_wconf 82' lang='grc' dir='ltr'>πρώην</span> <span class='ocrx_word' id='word_1_379' title='bbox 2564 2600 2625 2653; x_wconf 81' lang='grc' dir='ltr'>τὸ</span> <span class='ocrx_word' id='word_1_380' title='bbox 2652 2599 2853 2671; x_wconf 91' lang='grc' dir='ltr'>βιϐλίον</span> <span class='ocrx_word' id='word_1_381' title='bbox 2878 2603 2957 2665; x_wconf 78' lang='grc' dir='ltr'>εἰς</span> <span class='ocrx_word' id='word_1_382' title='bbox 3000 2602 3099 2675; x_wconf 75' lang='grc' dir='ltr'>τὴν</span> <span class='ocrx_word' id='word_1_383' title='bbox 3152 2603 3434 2676; x_wconf 71' lang='grc' dir='ltr'>Ῥωμαίων</span> 
     </span>
    </p>
   </div>
   <div class='ocr_carea' id='block_1_55' title="bbox 1865 2689 3432 2764">
    <p class='ocr_par' dir='ltr' id='par_1_55' title="bbox 1865 2689 3432 2764">
     <span class='ocr_line' id='line_1_55' title="bbox 1865 2689 3432 2764; baseline 0.005 -22"><span class='ocrx_word' id='word_1_384' title='bbox 1865 2689 2142 2745; x_wconf 85' lang='grc' dir='ltr'>διάλεκτον</span> <span class='ocrx_word' id='word_1_385' title='bbox 2188 2693 2530 2762; x_wconf 84' lang='grc' dir='ltr'>μετενεγκεῖν</span> <span class='ocrx_word' id='word_1_386' title='bbox 2577 2692 2919 2763; x_wconf 81' lang='grc' dir='ltr'>ἐγχειρήσας,</span> <span class='ocrx_word' id='word_1_387' title='bbox 2954 2691 3225 2764; x_wconf 84' lang='grc' dir='ltr'>Γεώργιος</span> <span class='ocrx_word' id='word_1_388' title='bbox 3249 2697 3277 2749; x_wconf 88' lang='grc' dir='ltr'>ὁ</span> <span class='ocrx_word' id='word_1_389' title='bbox 3304 2696 3432 2750; x_wconf 81' lang='grc' dir='ltr'><strong>Βάλ·</strong></span> 
     </span>
    </p>
   </div>
   <div class='ocr_carea' id='block_1_56' title="bbox 1864 2782 3435 2859">
    <p class='ocr_par' dir='ltr' id='par_1_56' title="bbox 1864 2782 3435 2859">
     <span class='ocr_line' id='line_1_56' title="bbox 1864 2782 3435 2859; baseline 0.004 -24"><span class='ocrx_word' id='word_1_390' title='bbox 1864 2782 1985 2855; x_wconf 89' lang='grc' dir='ltr'>λης,</span> <span class='ocrx_word' id='word_1_391' title='bbox 2019 2785 2079 2837; x_wconf 92' lang='grc' dir='ltr'>οὐ</span> <span class='ocrx_word' id='word_1_392' title='bbox 2114 2784 2311 2855; x_wconf 81' lang='grc' dir='ltr'>μᾶλλον</span> <span class='ocrx_word' id='word_1_393' title='bbox 2339 2785 2683 2855; x_wconf 85' lang='grc' dir='ltr'>ήρμήνευσεν</span> <span class='ocrx_word' id='word_1_394' title='bbox 2710 2785 2742 2856; x_wconf 79' lang='grc' dir='ltr'>ἢ</span> <span class='ocrx_word' id='word_1_395' title='bbox 2774 2784 2991 2855; x_wconf 86' lang='grc' dir='ltr'>συνέχεε</span> <span class='ocrx_word' id='word_1_396' title='bbox 3016 2786 3109 2839; x_wconf 76' lang='grc' dir='ltr'>καὶ</span> <span class='ocrx_word' id='word_1_397' title='bbox 3132 2787 3435 2859; x_wconf 70' lang='grc' dir='ltr'>κατῄσχυνε</span> 
     </span>
    </p>
   </div>
   <div class='ocr_carea' id='block_1_57' title="bbox 1864 2874 3434 2953">
    <p class='ocr_par' dir='ltr' id='par_1_57' title="bbox 1864 2874 3434 2953">
     <span class='ocr_line' id='line_1_57' title="bbox 1864 2874 3434 2953; baseline 0.005 -26"><span class='ocrx_word' id='word_1_398' title='bbox 1864 2874 1955 2928; x_wconf 78' lang='grc' dir='ltr'>τὸν</span> <span class='ocrx_word' id='word_1_399' title='bbox 1996 2874 2301 2944; x_wconf 86' lang='grc' dir='ltr'>φιλόσοφον,</span> <span class='ocrx_word' id='word_1_400' title='bbox 2351 2875 2473 2928; x_wconf 89' lang='grc' dir='ltr'>καθ’</span> <span class='ocrx_word' id='word_1_401' title='bbox 2522 2875 2758 2946; x_wconf 79' lang='grc' dir='ltr'>ἑκάστην</span> <span class='ocrx_word' id='word_1_402' title='bbox 2812 2875 2996 2947; x_wconf 79' lang='grc' dir='ltr'>σχεδὸν</span> <span class='ocrx_word' id='word_1_403' title='bbox 3043 2878 3287 2950; x_wconf 85' lang='grc' dir='ltr'>περίοδον</span> <span class='ocrx_word' id='word_1_404' title='bbox 3337 2882 3434 2953; x_wconf 83' lang='grc' dir='ltr'>τῆς</span> 
     </span>
    </p>
   </div>
   <div class='ocr_carea' id='block_1_58' title="bbox 1864 2964 3430 3043">
    <p class='ocr_par' dir='ltr' id='par_1_58' title="bbox 1864 2964 3430 3043">
     <span class='ocr_line' id='line_1_58' title="bbox 1864 2964 3430 3043; baseline 0.003 -23"><span class='ocrx_word' id='word_1_405' title='bbox 1864 2964 1958 3020; x_wconf 82' lang='grc' dir='ltr'>τοῦ</span> <span class='ocrx_word' id='word_1_406' title='bbox 1982 2966 2246 3036; x_wconf 67' lang='grc' dir='ltr'>Νεμεαίου</span> <span class='ocrx_word' id='word_1_407' title='bbox 2283 2966 2517 3031; x_wconf 84' lang='grc' dir='ltr'>διανοίας</span> <span class='ocrx_word' id='word_1_408' title='bbox 2550 2968 2897 3038; x_wconf 76' lang='grc' dir='ltr'>ἀπο-πίπτων,</span> <span class='ocrx_word' id='word_1_409' title='bbox 2922 2967 3020 3023; x_wconf 89' lang='grc' dir='ltr'>κάν</span> <span class='ocrx_word' id='word_1_410' title='bbox 3047 2969 3159 3034; x_wconf 81' lang='grc' dir='ltr'>τοῖς</span> <span class='ocrx_word' id='word_1_411' title='bbox 3189 2987 3430 3043; x_wconf 87' lang='grc' dir='ltr'>κατημα-</span> 
     </span>
    </p>
   </div>
   <div class='ocr_carea' id='block_1_59' title="bbox 182 3053 3434 3133">
    <p class='ocr_par' dir='ltr' id='par_1_59' title="bbox 182 3053 3434 3133">
     <span class='ocr_line' id='line_1_59' title="bbox 182 3053 3434 3133; baseline 0 -19"><span class='ocrx_word' id='word_1_412' title='bbox 182 3061 326 3130; x_wconf 71' lang='lat' dir='ltr'><strong>(Eo-rt.</strong></span> <span class='ocrx_word' id='word_1_413' title='bbox 350 3061 407 3114; x_wconf 80' lang='grc' dir='ltr'>δέ</span> <span class='ocrx_word' id='word_1_414' title='bbox 439 3061 472 3131; x_wconf 83' lang='grc' dir='ltr'>ἡ</span> <span class='ocrx_word' id='word_1_415' title='bbox 506 3061 718 3130; x_wconf 87' lang='grc' dir='ltr'>’Ἑμεσα</span> <span class='ocrx_word' id='word_1_416' title='bbox 753 3059 905 3122; x_wconf 85' lang='grc' dir='ltr'>πόλις</span> <span class='ocrx_word' id='word_1_417' title='bbox 929 3056 1199 3127; x_wconf 83' lang='grc' dir='ltr'>Φοινίκης)</span> <span class='ocrx_word' id='word_1_418' title='bbox 1223 3055 1538 3122; x_wconf 87' lang='grc' dir='ltr'>ἐπίσκοπος,</span> <span class='ocrx_word' id='word_1_419' title='bbox 1564 3053 1763 3109; x_wconf 74' lang='grc' dir='ltr'>πολλαο</span> <span class='ocrx_word' id='word_1_420' title='bbox 1867 3054 2147 3126; x_wconf 87' lang='grc' dir='ltr'>ξευμένοις</span> <span class='ocrx_word' id='word_1_421' title='bbox 2178 3054 2412 3109; x_wconf 76' lang='grc' dir='ltr'>τουτοισὶ</span> <span class='ocrx_word' id='word_1_422' title='bbox 2451 3054 2561 3109; x_wconf 86' lang='grc' dir='ltr'>τῶν</span> <span class='ocrx_word' id='word_1_423' title='bbox 2605 3054 2801 3121; x_wconf 81' lang='grc' dir='ltr'>λέξεων</span> <span class='ocrx_word' id='word_1_424' title='bbox 2853 3060 3119 3131; x_wconf 77' lang='grc' dir='ltr'>σχήμασιν</span> <span class='ocrx_word' id='word_1_425' title='bbox 3156 3061 3248 3115; x_wconf 77' lang='grc' dir='ltr'>ὐπ’</span> <span class='ocrx_word' id='word_1_426' title='bbox 3286 3064 3434 3133; x_wconf 83' lang='grc' dir='ltr'>ἀμα-</span> 
     </span>
    </p>
   </div>
   <div class='ocr_carea' id='block_1_60' title="bbox 180 3145 3433 3255">
    <p class='ocr_par' dir='ltr' id='par_1_60' title="bbox 180 3145 3433 3255">
     <span class='ocr_line' id='line_1_60' title="bbox 180 3145 3433 3255; baseline 0 -47"><span class='ocrx_word' id='word_1_427' title='bbox 180 3153 279 3227; x_wconf 77' lang='grc' dir='ltr'>χού</span> <span class='ocrx_word' id='word_1_428' title='bbox 300 3153 395 3207; x_wconf 78' lang='grc' dir='ltr'>τοῦ</span> <span class='ocrx_word' id='word_1_429' title='bbox 426 3152 849 3224; x_wconf 85' lang='grc' dir='ltr'>συγγράμματος</span> <span class='ocrx_word' id='word_1_430' title='bbox 875 3149 1128 3223; x_wconf 74' lang='grc' dir='ltr'>περὶτῶν</span> <span class='ocrx_word' id='word_1_431' title='bbox 1151 3147 1488 3220; x_wconf 85' lang='grc' dir='ltr'>ἀρεσκόντων</span> <span class='ocrx_word' id='word_1_432' title='bbox 1502 3148 1761 3218; x_wconf 82' lang='grc' dir='ltr'>Χριστια-</span> <span class='ocrx_word' id='word_1_433' title='bbox 1787 3193 1831 3255; x_wconf 75' lang='lat' dir='ltr'>c</span> <span class='ocrx_word' id='word_1_434' title='bbox 1866 3147 2017 3211; x_wconf 85' lang='grc' dir='ltr'>θείας</span> <span class='ocrx_word' id='word_1_435' title='bbox 2063 3146 2285 3216; x_wconf 85' lang='grc' dir='ltr'>γελοίως</span> <span class='ocrx_word' id='word_1_436' title='bbox 2336 3145 2710 3201; x_wconf 86' lang='grc' dir='ltr'>ἀπαλλάττων.</span> <span class='ocrx_word' id='word_1_437' title='bbox 2777 3148 2843 3202; x_wconf 84' lang='grc' dir='ltr'><strong>Ἦ</strong></span> <span class='ocrx_word' id='word_1_438' title='bbox 2905 3150 3002 3220; x_wconf 83' lang='grc' dir='ltr'>μὲν</span> <span class='ocrx_word' id='word_1_439' title='bbox 3047 3147 3139 3207; x_wconf 79' lang='grc' dir='ltr'>οὖν</span> <span class='ocrx_word' id='word_1_440' title='bbox 3193 3153 3433 3224; x_wconf 79' lang='grc' dir='ltr'>ἡμετέρα</span> 
     </span>
    </p>
   </div>
   <div class='ocr_carea' id='block_1_61' title="bbox 180 3236 3434 3318">
    <p class='ocr_par' dir='ltr' id='par_1_61' title="bbox 180 3236 3434 3318">
     <span class='ocr_line' id='line_1_61' title="bbox 180 3236 3434 3318; baseline 0 -23"><span class='ocrx_word' id='word_1_441' title='bbox 180 3251 293 3310; x_wconf 69' lang='lat' dir='ltr'>vat;</span> <span class='ocrx_word' id='word_1_442' title='bbox 328 3246 464 3318; x_wconf 78' lang='grc' dir='ltr'>πρὸς</span> <span class='ocrx_word' id='word_1_443' title='bbox 490 3245 616 3307; x_wconf 75' lang='grc' dir='ltr'>τοὺς</span> <span class='ocrx_word' id='word_1_444' title='bbox 643 3242 963 3313; x_wconf 83' lang='grc' dir='ltr'>φιλοσόφους</span> <span class='ocrx_word' id='word_1_445' title='bbox 990 3240 1333 3310; x_wconf 76' lang='grc' dir='ltr'>ἀγωνίζεται,</span> <span class='ocrx_word' id='word_1_446' title='bbox 1366 3236 1760 3300; x_wconf 86' lang='grc' dir='ltr'>ἀποδεικτικῶς</span> <span class='ocrx_word' id='word_1_447' title='bbox 1789 3236 1831 3255; x_wconf 82' lang='lat'><strong>“&#39;</strong></span> <span class='ocrx_word' id='word_1_448' title='bbox 1864 3237 2066 3308; x_wconf 85' lang='grc' dir='ltr'>σπουδή</span> <span class='ocrx_word' id='word_1_449' title='bbox 2124 3253 2184 3289; x_wconf 88' lang='grc' dir='ltr'>τε</span> <span class='ocrx_word' id='word_1_450' title='bbox 2235 3237 2329 3289; x_wconf 77' lang='grc' dir='ltr'>καὶ</span> <span class='ocrx_word' id='word_1_451' title='bbox 2388 3236 2705 3308; x_wconf 86' lang='grc' dir='ltr'>προαίρεσις</span> <span class='ocrx_word' id='word_1_452' title='bbox 2753 3236 2893 3309; x_wconf 79' lang='grc' dir='ltr'>αὕτη</span> <span class='ocrx_word' id='word_1_453' title='bbox 2926 3255 3029 3303; x_wconf 91' lang='grc' dir='ltr'>σοι,</span> <span class='ocrx_word' id='word_1_454' title='bbox 3088 3240 3434 3311; x_wconf 79' lang='grc' dir='ltr'>λαμπρότατε</span> 
     </span>
    </p>
   </div>
   <div class='ocr_carea' id='block_1_62' title="bbox 181 3327 3434 3407">
    <p class='ocr_par' dir='ltr' id='par_1_62' title="bbox 181 3327 3434 3407">
     <span class='ocr_line' id='line_1_62' title="bbox 181 3327 3434 3407; baseline -0.002 -14"><span class='ocrx_word' id='word_1_455' title='bbox 181 3341 332 3395; x_wconf 85' lang='grc' dir='ltr'>πάνυ</span> <span class='ocrx_word' id='word_1_456' title='bbox 366 3339 461 3392; x_wconf 79' lang='grc' dir='ltr'>καὶ</span> <span class='ocrx_word' id='word_1_457' title='bbox 493 3336 794 3407; x_wconf 84' lang='grc' dir='ltr'>φιλοσόφως</span> <span class='ocrx_word' id='word_1_458' title='bbox 830 3335 930 3406; x_wconf 81' lang='grc' dir='ltr'>τὴν</span> <span class='ocrx_word' id='word_1_459' title='bbox 974 3332 1096 3388; x_wconf 84' lang='grc' dir='ltr'>καθ’</span> <span class='ocrx_word' id='word_1_460' title='bbox 1150 3334 1299 3405; x_wconf 79' lang='grc' dir='ltr'>ἡμᾶς</span> <span class='ocrx_word' id='word_1_461' title='bbox 1344 3329 1608 3384; x_wconf 87' lang='grc' dir='ltr'>συνιστῶν</span> <span class='ocrx_word' id='word_1_462' title='bbox 1639 3327 1761 3381; x_wconf 90' lang='grc' dir='ltr'>θεο-</span> <span class='ocrx_word' id='word_1_463' title='bbox 1862 3327 2177 3401; x_wconf 81' lang='grc' dir='ltr'>Καρδινάλι.</span> <span class='ocrx_word' id='word_1_464' title='bbox 2211 3328 2284 3382; x_wconf 80' lang='grc' dir='ltr'>Σὺ</span> <span class='ocrx_word' id='word_1_465' title='bbox 2309 3327 2365 3380; x_wconf 90' lang='grc' dir='ltr'>δέ</span> <span class='ocrx_word' id='word_1_466' title='bbox 2390 3327 2760 3400; x_wconf 79' lang='grc' dir='ltr'>ταύτηςήμᾶς</span> <span class='ocrx_word' id='word_1_467' title='bbox 2790 3330 3207 3402; x_wconf 81' lang='grc' dir='ltr'>ἀποδεξάμενος,</span> <span class='ocrx_word' id='word_1_468' title='bbox 3229 3333 3434 3398; x_wconf 84' lang='grc' dir='ltr'>δίκαιος</span> 
     </span>
    </p>
   </div>
   <div class='ocr_carea' id='block_1_63' title="bbox 181 3417 3434 3509">
    <p class='ocr_par' dir='ltr' id='par_1_63' title="bbox 181 3417 3434 3509">
     <span class='ocr_line' id='line_1_63' title="bbox 181 3417 3434 3509; baseline -0.002 -23"><span class='ocrx_word' id='word_1_469' title='bbox 181 3432 394 3502; x_wconf 86' lang='grc' dir='ltr'>λογίαν,</span> <span class='ocrx_word' id='word_1_470' title='bbox 433 3424 542 3484; x_wconf 70' lang='grc' dir='ltr'>οἷον</span> <span class='ocrx_word' id='word_1_471' title='bbox 584 3430 761 3481; x_wconf 85' lang='grc' dir='ltr'>ἐκεῖνο</span> <span class='ocrx_word' id='word_1_472' title='bbox 793 3427 852 3480; x_wconf 82' lang='grc' dir='ltr'>τὸ</span> <span class='ocrx_word' id='word_1_473' title='bbox 886 3424 1143 3498; x_wconf 75' lang='grc' dir='ltr'>περὶτῆς</span> <span class='ocrx_word' id='word_1_474' title='bbox 1182 3422 1317 3496; x_wconf 77' lang='grc' dir='ltr'>πρὸς</span> <span class='ocrx_word' id='word_1_475' title='bbox 1341 3423 1432 3476; x_wconf 75' lang='grc' dir='ltr'>τὸν</span> <span class='ocrx_word' id='word_1_476' title='bbox 1469 3420 1755 3491; x_wconf 79' lang='grc' dir='ltr'>ἄνθρωπον</span> <span class='ocrx_word' id='word_1_477' title='bbox 1863 3418 1931 3473; x_wconf 80' lang='grc' dir='ltr'>ἂν</span> <span class='ocrx_word' id='word_1_478' title='bbox 1978 3419 2095 3490; x_wconf 86' lang='grc' dir='ltr'>εῐης</span> <span class='ocrx_word' id='word_1_479' title='bbox 2143 3417 2254 3472; x_wconf 89' lang='grc' dir='ltr'>τῶν</span> <span class='ocrx_word' id='word_1_480' title='bbox 2288 3418 2386 3509; x_wconf 74' lang='grc' dir='ltr'>μὲν</span> <span class='ocrx_word' id='word_1_481' title='bbox 2433 3419 2879 3490; x_wconf 84' lang='grc' dir='ltr'>κατωρθωμένων</span> <span class='ocrx_word' id='word_1_482' title='bbox 2921 3423 3183 3487; x_wconf 82' lang='grc' dir='ltr'>ἐπαινεῖν,</span> <span class='ocrx_word' id='word_1_483' title='bbox 3230 3425 3339 3478; x_wconf 85' lang='grc' dir='ltr'>τῶν</span> <span class='ocrx_word' id='word_1_484' title='bbox 3375 3424 3434 3479; x_wconf 71' lang='grc' dir='ltr'>δέ</span> 
     </span>
    </p>
   </div>
   <div class='ocr_carea' id='block_1_64' title="bbox 183 3508 3430 3589">
    <p class='ocr_par' dir='ltr' id='par_1_64' title="bbox 183 3508 3430 3589">
     <span class='ocr_line' id='line_1_64' title="bbox 183 3508 3430 3589; baseline -0.002 -12"><span class='ocrx_word' id='word_1_485' title='bbox 183 3523 434 3585; x_wconf 81' lang='grc' dir='ltr'>ἐνώσεως</span> <span class='ocrx_word' id='word_1_486' title='bbox 447 3520 540 3575; x_wconf 77' lang='grc' dir='ltr'>τοῦ</span> <span class='ocrx_word' id='word_1_487' title='bbox 562 3519 696 3574; x_wconf 72' lang='grc' dir='ltr'>Θεοῦ</span> <span class='ocrx_word' id='word_1_488' title='bbox 714 3519 910 3588; x_wconf 86' lang='grc' dir='ltr'>Λόγου,</span> <span class='ocrx_word' id='word_1_489' title='bbox 929 3517 988 3572; x_wconf 79' lang='grc' dir='ltr'>τὸ</span> <span class='ocrx_word' id='word_1_490' title='bbox 1009 3516 1137 3589; x_wconf 71' lang='grc' dir='ltr'>περὶ</span> <span class='ocrx_word' id='word_1_491' title='bbox 1156 3513 1246 3569; x_wconf 78' lang='grc' dir='ltr'>τοῦ</span> <span class='ocrx_word' id='word_1_492' title='bbox 1269 3514 1352 3583; x_wconf 85' lang='grc' dir='ltr'>ἐφ’</span> <span class='ocrx_word' id='word_1_493' title='bbox 1376 3513 1528 3584; x_wconf 79' lang='grc' dir='ltr'>ἡμῖν,</span> <span class='ocrx_word' id='word_1_494' title='bbox 1548 3511 1610 3564; x_wconf 71' lang='grc' dir='ltr'>τὸ</span> <span class='ocrx_word' id='word_1_495' title='bbox 1631 3510 1759 3582; x_wconf 74' lang='grc' dir='ltr'>περὶ</span> <span class='ocrx_word' id='word_1_496' title='bbox 1852 3511 2210 3583; x_wconf 86' lang='grc' dir='ltr'>’παρειμένων</span> <span class='ocrx_word' id='word_1_497' title='bbox 2247 3508 2576 3583; x_wconf 81' lang='grc' dir='ltr'>συγγνώμην</span> <span class='ocrx_word' id='word_1_498' title='bbox 2622 3510 2784 3582; x_wconf 73' lang='grc' dir='ltr'>ἔχειν.</span> <span class='ocrx_word' id='word_1_499' title='bbox 2819 3514 3085 3585; x_wconf 70' lang='grc' dir='ltr'>Ἔρρωσο.</span> <span class='ocrx_word' id='word_1_500' title='bbox 3135 3514 3228 3569; x_wconf 87' lang='grc' dir='ltr'>Ἐκ</span> <span class='ocrx_word' id='word_1_501' title='bbox 3252 3515 3430 3570; x_wconf 84' lang='grc' dir='ltr'>Πατα-</span> 
     </span>
    </p>
   </div>
   <div class='ocr_carea' id='block_1_65' title="bbox 179 3600 3432 3689">
    <p class='ocr_par' dir='ltr' id='par_1_65' title="bbox 179 3600 3432 3689">
     <span class='ocr_line' id='line_1_65' title="bbox 179 3600 3432 3689; baseline -0.002 -20"><span class='ocrx_word' id='word_1_502' title='bbox 179 3615 470 3689; x_wconf 73' lang='grc' dir='ltr'>Προνοίας.</span> <span class='ocrx_word' id='word_1_503' title='bbox 513 3614 602 3667; x_wconf 83' lang='grc' dir='ltr'>Ἑν</span> <span class='ocrx_word' id='word_1_504' title='bbox 638 3607 721 3678; x_wconf 77' lang='grc' dir='ltr'>οἷς</span> <span class='ocrx_word' id='word_1_505' title='bbox 757 3611 960 3667; x_wconf 81' lang='grc' dir='ltr'>ἀπασιν</span> <span class='ocrx_word' id='word_1_506' title='bbox 991 3607 1167 3682; x_wconf 84' lang='grc' dir='ltr'>ὀρθῶς</span> <span class='ocrx_word' id='word_1_507' title='bbox 1213 3605 1459 3677; x_wconf 84' lang='grc' dir='ltr'>φαίνεται</span> <span class='ocrx_word' id='word_1_508' title='bbox 1501 3600 1765 3670; x_wconf 88' lang='grc' dir='ltr'>θεολογῶν</span> <span class='ocrx_word' id='word_1_509' title='bbox 1864 3601 2004 3670; x_wconf 88' lang='grc' dir='ltr'>ϐίου,</span> <span class='ocrx_word' id='word_1_510' title='bbox 2038 3601 2224 3674; x_wconf 52' lang='grc' dir='ltr'>,αφξδκ</span> <span class='ocrx_word' id='word_1_511' title='bbox 2255 3601 2724 3673; x_wconf 70' lang='grc' dir='ltr'>Μεταγειτνιῶνος</span> <span class='ocrx_word' id='word_1_512' title='bbox 2756 3604 2924 3678; x_wconf 80' lang='grc' dir='ltr'>μηνὸς</span> <span class='ocrx_word' id='word_1_513' title='bbox 2948 3605 3107 3679; x_wconf 81' lang='grc' dir='ltr'>τρίτῃ</span> <span class='ocrx_word' id='word_1_514' title='bbox 3136 3605 3432 3676; x_wconf 80' lang='grc' dir='ltr'>φθίνοντος.</span> 
     </span>
    </p>
   </div>
   <div class='ocr_carea' id='block_1_66' title="bbox 1774 3746 1845 3760">
    <p class='ocr_par' dir='ltr' id='par_1_66' title="bbox 1774 3746 1845 3760">
     <span class='ocr_line' id='line_1_66' title="bbox 1774 3746 1845 3760; baseline -0.014 0"><span class='ocrx_word' id='word_1_515' title='bbox 1774 3746 1845 3760; x_wconf 66' lang='grc' dir='ltr'>-ο</span> 
     </span>
    </p>
   </div>
   <div class='ocr_carea' id='block_1_67' title="bbox 1273 3891 2281 3958">
    <p class='ocr_par' dir='ltr' id='par_1_67' title="bbox 1273 3891 2281 3958">
     <span class='ocr_line' id='line_1_67' title="bbox 1273 3891 2281 3958; baseline -0.003 0"><span class='ocrx_word' id='word_1_516' title='bbox 1273 3893 1566 3958; x_wconf 80' lang='lat' dir='ltr'>Nicasius</span> <span class='ocrx_word' id='word_1_517' title='bbox 1622 3891 1990 3955; x_wconf 81' lang='lat' dir='ltr'><strong>Ellebodius</strong></span> <span class='ocrx_word' id='word_1_518' title='bbox 2040 3892 2281 3956; x_wconf 78' lang='lat' dir='ltr'>lectori.</span> 
     </span>
    </p>
   </div>
   <div class='ocr_carea' id='block_1_68' title="bbox 256 4043 3426 4126">
    <p class='ocr_par' dir='ltr' id='par_1_68' title="bbox 256 4043 3426 4126">
     <span class='ocr_line' id='line_1_68' title="bbox 256 4043 3426 4126; baseline -0.004 -13"><span class='ocrx_word' id='word_1_519' title='bbox 256 4058 393 4126; x_wconf 61' lang='lat' dir='ltr'><strong>Quae</strong></span> <span class='ocrx_word' id='word_1_520' title='bbox 436 4068 524 4110; x_wconf 89' lang='lat' dir='ltr'>me</span> <span class='ocrx_word' id='word_1_521' title='bbox 564 4053 703 4109; x_wconf 88' lang='lat' dir='ltr'><strong>ratio</strong></span> <span class='ocrx_word' id='word_1_522' title='bbox 744 4051 811 4106; x_wconf 88' lang='lat' dir='ltr'>ad</span> <span class='ocrx_word' id='word_1_523' title='bbox 857 4049 1092 4105; x_wconf 84' lang='lat' dir='ltr'><strong>Nemesii</strong></span> <span class='ocrx_word' id='word_1_524' title='bbox 1140 4048 1437 4103; x_wconf 90' lang='lat' dir='ltr'><strong>editionem</strong></span> <span class='ocrx_word' id='word_1_525' title='bbox 1469 4048 1754 4102; x_wconf 85' lang='lat' dir='ltr'><strong>adhortata</strong></span> <span class='ocrx_word' id='word_1_526' title='bbox 1855 4048 2162 4117; x_wconf 81' lang='lat' dir='ltr'>prodidere.</span> <span class='ocrx_word' id='word_1_527' title='bbox 2195 4043 2330 4099; x_wconf 85' lang='lat' dir='ltr'>Nam</span> <span class='ocrx_word' id='word_1_528' title='bbox 2381 4058 2553 4115; x_wconf 86' lang='lat' dir='ltr'><strong>neque</strong></span> <span class='ocrx_word' id='word_1_529' title='bbox 2594 4044 2938 4114; x_wconf 63' lang='lat' dir='ltr'><strong>praestantius</strong></span> <span class='ocrx_word' id='word_1_530' title='bbox 2980 4059 3105 4101; x_wconf 87' lang='lat' dir='ltr'><strong>esse</strong></span> <span class='ocrx_word' id='word_1_531' title='bbox 3136 4045 3426 4116; x_wconf 82' lang='lat' dir='ltr'><strong>quidquam</strong></span> 
     </span>
    </p>
   </div>
   <div class='ocr_carea' id='block_1_69' title="bbox 181 4135 3425 4212">
    <p class='ocr_par' dir='ltr' id='par_1_69' title="bbox 181 4135 3425 4212">
     <span class='ocr_line' id='line_1_69' title="bbox 181 4135 3425 4212; baseline -0.004 -8"><span class='ocrx_word' id='word_1_532' title='bbox 181 4147 279 4210; x_wconf 78' lang='lat' dir='ltr'><strong>sit.</strong></span> <span class='ocrx_word' id='word_1_533' title='bbox 320 4144 517 4204; x_wconf 85' lang='lat' dir='ltr'><strong>Lector</strong></span> <span class='ocrx_word' id='word_1_534' title='bbox 557 4142 780 4212; x_wconf 85' lang='lat' dir='ltr'><strong>optime,</strong></span> <span class='ocrx_word' id='word_1_535' title='bbox 812 4139 1054 4209; x_wconf 87' lang='lat' dir='ltr'>pluribus</span> <span class='ocrx_word' id='word_1_536' title='bbox 1087 4139 1215 4192; x_wconf 91' lang='lat' dir='ltr'><strong>mihi</strong></span> <span class='ocrx_word' id='word_1_537' title='bbox 1249 4136 1428 4193; x_wconf 79' lang='lat' dir='ltr'><strong>verbis</strong></span> <span class='ocrx_word' id='word_1_538' title='bbox 1459 4150 1757 4206; x_wconf 67' lang='lat' dir='ltr'><strong>exponen-</strong></span> <span class='ocrx_word' id='word_1_539' title='bbox 1783 4154 1803 4172; x_wconf 78' lang='grc' dir='ltr'><strong>ο</strong></span> <span class='ocrx_word' id='word_1_540' title='bbox 1853 4138 2195 4209; x_wconf 82' lang='lat' dir='ltr'><strong>philosophia</strong></span> <span class='ocrx_word' id='word_1_541' title='bbox 2218 4145 2414 4206; x_wconf 89' lang='lat' dir='ltr'><strong>potest,</strong></span> <span class='ocrx_word' id='word_1_542' title='bbox 2449 4135 2648 4205; x_wconf 85' lang='lat' dir='ltr'><strong>quippe</strong></span> <span class='ocrx_word' id='word_1_543' title='bbox 2675 4135 2828 4204; x_wconf 86' lang='lat' dir='ltr'><strong>cujus</strong></span> <span class='ocrx_word' id='word_1_544' title='bbox 2852 4142 2905 4189; x_wconf 88' lang='lat' dir='ltr'>et</span> <span class='ocrx_word' id='word_1_545' title='bbox 2934 4136 3215 4205; x_wconf 69' lang='lat' dir='ltr'><strong>praeceptis</strong></span> <span class='ocrx_word' id='word_1_546' title='bbox 3246 4138 3425 4192; x_wconf 89' lang='lat' dir='ltr'><strong>omnis</strong></span> 
     </span>
    </p>
   </div>
   <div class='ocr_carea' id='block_1_70' title="bbox 182 4216 3428 4300">
    <p class='ocr_par' dir='ltr' id='par_1_70' title="bbox 182 4216 3428 4300">
     <span class='ocr_line' id='line_1_70' title="bbox 182 4216 3428 4300; baseline -0.004 -6"><span class='ocrx_word' id='word_1_547' title='bbox 182 4239 314 4295; x_wconf 87' lang='lat' dir='ltr'>dum</span> <span class='ocrx_word' id='word_1_548' title='bbox 352 4250 469 4291; x_wconf 88' lang='lat' dir='ltr'><strong>esse</strong></span> <span class='ocrx_word' id='word_1_549' title='bbox 509 4250 614 4289; x_wconf 91' lang='lat' dir='ltr'>non</span> <span class='ocrx_word' id='word_1_550' title='bbox 646 4232 901 4288; x_wconf 89' lang='lat' dir='ltr'><strong>arbitror.</strong></span> <span class='ocrx_word' id='word_1_551' title='bbox 927 4229 1059 4284; x_wconf 80' lang='lat' dir='ltr'>Nam</span> <span class='ocrx_word' id='word_1_552' title='bbox 1079 4229 1125 4284; x_wconf 87' lang='lat' dir='ltr'>si</span> <span class='ocrx_word' id='word_1_553' title='bbox 1154 4229 1277 4300; x_wconf 84' lang='lat' dir='ltr'><strong>quis</strong></span> <span class='ocrx_word' id='word_1_554' title='bbox 1296 4236 1404 4293; x_wconf 84' lang='lat' dir='ltr'><strong>est,</strong></span> <span class='ocrx_word' id='word_1_555' title='bbox 1431 4228 1521 4296; x_wconf 82' lang='lat' dir='ltr'>qui</span> <span class='ocrx_word' id='word_1_556' title='bbox 1544 4235 1757 4281; x_wconf 85' lang='lat' dir='ltr'><strong>veteres</strong></span> <span class='ocrx_word' id='word_1_557' title='bbox 1855 4230 1963 4283; x_wconf 87' lang='lat' dir='ltr'><strong>vita</strong></span> <span class='ocrx_word' id='word_1_558' title='bbox 1991 4229 2056 4282; x_wconf 86' lang='lat' dir='ltr'>ad</span> <span class='ocrx_word' id='word_1_559' title='bbox 2089 4229 2429 4282; x_wconf 73' lang='lat' dir='ltr'><strong>honestatem</strong></span> <span class='ocrx_word' id='word_1_560' title='bbox 2463 4225 2783 4295; x_wconf 82' lang='lat' dir='ltr'><strong>laudemque</strong></span> <span class='ocrx_word' id='word_1_561' title='bbox 2810 4224 3211 4293; x_wconf 78' lang='lat' dir='ltr'><strong>conformatur;</strong></span> <span class='ocrx_word' id='word_1_562' title='bbox 3247 4237 3301 4281; x_wconf 90' lang='lat' dir='ltr'>et</span> <span class='ocrx_word' id='word_1_563' title='bbox 3336 4216 3428 4282; x_wconf 51' lang='lat' dir='ltr'><strong>re:</strong></span> 
     </span>
    </p>
   </div>
   <div class='ocr_carea' id='block_1_71' title="bbox 181 4316 3425 4397">
    <p class='ocr_par' dir='ltr' id='par_1_71' title="bbox 181 4316 3425 4397">
     <span class='ocr_line' id='line_1_71' title="bbox 181 4316 3425 4397; baseline -0.003 -12"><span class='ocrx_word' id='word_1_564' title='bbox 181 4330 480 4397; x_wconf 85' lang='lat' dir='ltr'><strong>scriptores</strong></span> <span class='ocrx_word' id='word_1_565' title='bbox 523 4342 554 4382; x_wconf 89' lang='lat' dir='ltr'>e</span> <span class='ocrx_word' id='word_1_566' title='bbox 586 4325 1033 4381; x_wconf 81' lang='lat' dir='ltr'><strong>bibliothecarum</strong></span> <span class='ocrx_word' id='word_1_567' title='bbox 1084 4321 1308 4375; x_wconf 73' lang='lat' dir='ltr'><strong>latebris</strong></span> <span class='ocrx_word' id='word_1_568' title='bbox 1355 4318 1569 4374; x_wconf 86' lang='lat' dir='ltr'><strong>evocari</strong></span> <span class='ocrx_word' id='word_1_569' title='bbox 1617 4325 1672 4371; x_wconf 88' lang='lat' dir='ltr'>et</span> <span class='ocrx_word' id='word_1_570' title='bbox 1701 4316 1753 4370; x_wconf 89' lang='lat' dir='ltr'>in</span> <span class='ocrx_word' id='word_1_571' title='bbox 1855 4319 1992 4389; x_wconf 91' lang='lat' dir='ltr'><strong>gulis</strong></span> <span class='ocrx_word' id='word_1_572' title='bbox 2018 4319 2255 4372; x_wconf 90' lang='lat' dir='ltr'><strong>omnium</strong></span> <span class='ocrx_word' id='word_1_573' title='bbox 2289 4319 2484 4371; x_wconf 85' lang='lat' dir='ltr'><strong>artium</strong></span> <span class='ocrx_word' id='word_1_574' title='bbox 2511 4326 2564 4370; x_wconf 90' lang='lat' dir='ltr'>et</span> <span class='ocrx_word' id='word_1_575' title='bbox 2595 4317 2943 4371; x_wconf 85' lang='lat' dir='ltr'><strong>scientiarum</strong></span> <span class='ocrx_word' id='word_1_576' title='bbox 2971 4319 3211 4373; x_wconf 81' lang='lat' dir='ltr'><strong>rationes</strong></span> <span class='ocrx_word' id='word_1_577' title='bbox 3242 4319 3425 4374; x_wconf 86' lang='lat' dir='ltr'><strong>nitun-</strong></span> 
     </span>
    </p>
   </div>
   <div class='ocr_carea' id='block_1_72' title="bbox 182 4408 3425 4489">
    <p class='ocr_par' dir='ltr' id='par_1_72' title="bbox 182 4408 3425 4489">
     <span class='ocr_line' id='line_1_72' title="bbox 182 4408 3425 4489; baseline -0.002 -15"><span class='ocrx_word' id='word_1_578' title='bbox 182 4429 466 4489; x_wconf 81' lang='lat' dir='ltr'><strong>aspectum</strong></span> <span class='ocrx_word' id='word_1_579' title='bbox 503 4417 784 4484; x_wconf 87' lang='lat' dir='ltr'><strong>lucemque</strong></span> <span class='ocrx_word' id='word_1_580' title='bbox 805 4412 1034 4483; x_wconf 77' lang='lat' dir='ltr'><strong>proferri</strong></span> <span class='ocrx_word' id='word_1_581' title='bbox 1057 4410 1220 4479; x_wconf 88' lang='lat' dir='ltr'><strong>nolit;</strong></span> <span class='ocrx_word' id='word_1_582' title='bbox 1248 4420 1344 4466; x_wconf 78' lang='lat' dir='ltr'><strong>aut.</strong></span> <span class='ocrx_word' id='word_1_583' title='bbox 1370 4424 1474 4464; x_wconf 87' lang='lat' dir='ltr'>non</span> <span class='ocrx_word' id='word_1_584' title='bbox 1500 4422 1754 4475; x_wconf 79' lang='lat' dir='ltr'><strong>magnum</strong></span> <span class='ocrx_word' id='word_1_585' title='bbox 1864 4421 1983 4476; x_wconf 87' lang='lat' dir='ltr'><strong>tur;</strong></span> <span class='ocrx_word' id='word_1_586' title='bbox 2024 4418 2078 4464; x_wconf 80' lang='lat' dir='ltr'><strong>e:</strong></span> <span class='ocrx_word' id='word_1_587' title='bbox 2106 4424 2285 4464; x_wconf 90' lang='lat' dir='ltr'><strong>sermo</strong></span> <span class='ocrx_word' id='word_1_588' title='bbox 2309 4408 2530 4464; x_wconf 66' lang='lat' dir='ltr'><strong>Graecus</strong></span> <span class='ocrx_word' id='word_1_589' title='bbox 2559 4408 2699 4477; x_wconf 82' lang='lat' dir='ltr'><strong>(ﬁeri</strong></span> <span class='ocrx_word' id='word_1_590' title='bbox 2730 4418 2933 4478; x_wconf 85' lang='lat' dir='ltr'><strong>potest,</strong></span> <span class='ocrx_word' id='word_1_591' title='bbox 2963 4420 3020 4464; x_wconf 91' lang='lat' dir='ltr'>ut</span> <span class='ocrx_word' id='word_1_592' title='bbox 3048 4410 3224 4475; x_wconf 80' lang='lat' dir='ltr'><strong>fallar,</strong></span> <span class='ocrx_word' id='word_1_593' title='bbox 3249 4412 3425 4467; x_wconf 82' lang='lat' dir='ltr'><strong>dicam</strong></span> 
     </span>
    </p>
   </div>
   <div class='ocr_carea' id='block_1_73' title="bbox 174 4499 3424 4582">
    <p class='ocr_par' dir='ltr' id='par_1_73' title="bbox 174 4499 3424 4582">
     <span class='ocr_line' id='line_1_73' title="bbox 174 4499 3424 4582; baseline -0.002 -18"><span class='ocrx_word' id='word_1_594' title='bbox 174 4510 384 4582; x_wconf 83' lang='lat' dir='ltr'><strong>judicio</strong></span> <span class='ocrx_word' id='word_1_595' title='bbox 416 4523 513 4563; x_wconf 84' lang='lat' dir='ltr'>suo</span> <span class='ocrx_word' id='word_1_596' title='bbox 540 4509 772 4563; x_wconf 81' lang='lat' dir='ltr'><strong>fructum</strong></span> <span class='ocrx_word' id='word_1_597' title='bbox 800 4520 988 4562; x_wconf 85' lang='lat' dir='ltr'><strong>eorum</strong></span> <span class='ocrx_word' id='word_1_598' title='bbox 1015 4504 1159 4558; x_wconf 85' lang='lat' dir='ltr'><strong>laudi</strong></span> <span class='ocrx_word' id='word_1_599' title='bbox 1191 4502 1528 4558; x_wconf 88' lang='lat' dir='ltr'><strong>tribuendum</strong></span> <span class='ocrx_word' id='word_1_600' title='bbox 1559 4500 1752 4558; x_wconf 80' lang='lat' dir='ltr'><strong>existi-</strong></span> <span class='ocrx_word' id='word_1_601' title='bbox 1783 4527 1828 4581; x_wconf 72' lang='grc' dir='ltr'>ι)</span> <span class='ocrx_word' id='word_1_602' title='bbox 1857 4511 2032 4555; x_wconf 88' lang='lat' dir='ltr'><strong>tamen</strong></span> <span class='ocrx_word' id='word_1_603' title='bbox 2100 4501 2241 4569; x_wconf 90' lang='lat' dir='ltr'><strong>quod</strong></span> <span class='ocrx_word' id='word_1_604' title='bbox 2290 4500 2482 4568; x_wconf 88' lang='lat' dir='ltr'><strong>sentio)</strong></span> <span class='ocrx_word' id='word_1_605' title='bbox 2517 4499 2774 4568; x_wconf 81' lang='lat' dir='ltr'><strong>ejusmodi</strong></span> <span class='ocrx_word' id='word_1_606' title='bbox 2818 4508 2922 4566; x_wconf 83' lang='lat' dir='ltr'><strong>est,</strong></span> <span class='ocrx_word' id='word_1_607' title='bbox 2958 4509 3016 4555; x_wconf 92' lang='lat' dir='ltr'>ut</span> <span class='ocrx_word' id='word_1_608' title='bbox 3049 4502 3149 4556; x_wconf 84' lang='lat' dir='ltr'>hoc</span> <span class='ocrx_word' id='word_1_609' title='bbox 3196 4518 3305 4558; x_wconf 87' lang='lat' dir='ltr'>uno</span> <span class='ocrx_word' id='word_1_610' title='bbox 3335 4518 3424 4566; x_wconf 65' lang='lat' dir='ltr'><strong>eo,</strong></span> 
     </span>
    </p>
   </div>
   <div class='ocr_carea' id='block_1_74' title="bbox 182 4594 1751 4674">
    <p class='ocr_par' dir='ltr' id='par_1_74' title="bbox 182 4594 1751 4674">
     <span class='ocr_line' id='line_1_74' title="bbox 182 4594 1751 4674; baseline -0.006 -15"><span class='ocrx_word' id='word_1_611' title='bbox 182 4613 315 4668; x_wconf 76' lang='lat' dir='ltr'><strong>inet,</strong></span> <span class='ocrx_word' id='word_1_612' title='bbox 363 4617 594 4674; x_wconf 86' lang='lat' dir='ltr'><strong>quorum</strong></span> <span class='ocrx_word' id='word_1_613' title='bbox 647 4599 925 4653; x_wconf 66' lang='lat' dir='ltr'><strong>industriae</strong></span> <span class='ocrx_word' id='word_1_614' title='bbox 968 4596 1295 4652; x_wconf 84' lang='lat' dir='ltr'><strong>curriculum</strong></span> <span class='ocrx_word' id='word_1_615' title='bbox 1335 4596 1387 4649; x_wconf 90' lang='lat' dir='ltr'>in</span> <span class='ocrx_word' id='word_1_616' title='bbox 1425 4594 1528 4649; x_wconf 91' lang='lat' dir='ltr'>hoc</span> <span class='ocrx_word' id='word_1_617' title='bbox 1554 4608 1751 4664; x_wconf 74' lang='lat' dir='ltr'><strong>genere</strong></span> 
     </span>
    </p>
   </div>
   <div class='ocr_carea' id='block_1_75' title="bbox 180 4685 1755 4755">
    <p class='ocr_par' dir='ltr' id='par_1_75' title="bbox 180 4685 1755 4755">
     <span class='ocr_line' id='line_1_75' title="bbox 180 4685 1755 4755; baseline -0.008 -3"><span class='ocrx_word' id='word_1_618' title='bbox 180 4696 486 4752; x_wconf 80' lang='lat' dir='ltr'><strong>studiorum</strong></span> <span class='ocrx_word' id='word_1_619' title='bbox 530 4693 788 4755; x_wconf 89' lang='lat' dir='ltr'><strong>elaboret,</strong></span> <span class='ocrx_word' id='word_1_620' title='bbox 838 4688 985 4755; x_wconf 87' lang='lat' dir='ltr'><strong>huic,</strong></span> <span class='ocrx_word' id='word_1_621' title='bbox 1040 4703 1070 4741; x_wconf 87' lang='lat' dir='ltr'>a</span> <span class='ocrx_word' id='word_1_622' title='bbox 1114 4686 1319 4754; x_wconf 82' lang='lat' dir='ltr'><strong>judicio</strong></span> <span class='ocrx_word' id='word_1_623' title='bbox 1349 4697 1404 4741; x_wconf 89' lang='lat' dir='ltr'>et</span> <span class='ocrx_word' id='word_1_624' title='bbox 1436 4685 1655 4740; x_wconf 91' lang='lat' dir='ltr'><strong>omnino</strong></span> <span class='ocrx_word' id='word_1_625' title='bbox 1687 4686 1755 4740; x_wconf 86' lang='lat' dir='ltr'>ab</span> 
     </span>
    </p>
   </div>
   <div class='ocr_carea' id='block_1_76' title="bbox 182 4776 1754 4848">
    <p class='ocr_par' dir='ltr' id='par_1_76' title="bbox 182 4776 1754 4848">
     <span class='ocr_line' id='line_1_76' title="bbox 182 4776 1754 4848; baseline -0.008 -5"><span class='ocrx_word' id='word_1_626' title='bbox 182 4786 521 4845; x_wconf 79' lang='lat' dir='ltr'><strong>humanitate</strong></span> <span class='ocrx_word' id='word_1_627' title='bbox 554 4782 832 4847; x_wconf 83' lang='lat' dir='ltr'><strong>derelicto,</strong></span> <span class='ocrx_word' id='word_1_628' title='bbox 864 4781 1082 4835; x_wconf 82' lang='lat' dir='ltr'><strong>studere</strong></span> <span class='ocrx_word' id='word_1_629' title='bbox 1115 4780 1347 4848; x_wconf 85' lang='lat' dir='ltr'><strong>probare</strong></span> <span class='ocrx_word' id='word_1_630' title='bbox 1382 4791 1442 4832; x_wconf 89' lang='lat' dir='ltr'>se</span> <span class='ocrx_word' id='word_1_631' title='bbox 1471 4791 1628 4831; x_wconf 91' lang='lat' dir='ltr'><strong>nemo</strong></span> <span class='ocrx_word' id='word_1_632' title='bbox 1656 4776 1754 4831; x_wconf 88' lang='lat' dir='ltr'><strong>de-</strong></span> 
     </span>
    </p>
   </div>
   <div class='ocr_carea' id='block_1_77' title="bbox 178 4868 1756 4947">
    <p class='ocr_par' dir='ltr' id='par_1_77' title="bbox 178 4868 1756 4947">
     <span class='ocr_line' id='line_1_77' title="bbox 178 4868 1756 4947; baseline -0.01 -10"><span class='ocrx_word' id='word_1_633' title='bbox 178 4881 295 4937; x_wconf 86' lang='lat' dir='ltr'><strong>bet.</strong></span> <span class='ocrx_word' id='word_1_634' title='bbox 344 4878 439 4932; x_wconf 88' lang='lat' dir='ltr'><strong>Sin</strong></span> <span class='ocrx_word' id='word_1_635' title='bbox 491 4876 789 4947; x_wconf 83' lang='lat' dir='ltr'><strong>producere</strong></span> <span class='ocrx_word' id='word_1_636' title='bbox 822 4881 1059 4928; x_wconf 80' lang='lat' dir='ltr'><strong>veterum</strong></span> <span class='ocrx_word' id='word_1_637' title='bbox 1100 4869 1433 4925; x_wconf 88' lang='lat' dir='ltr'><strong>eruditorum</strong></span> <span class='ocrx_word' id='word_1_638' title='bbox 1480 4868 1666 4934; x_wconf 88' lang='lat' dir='ltr'><strong>libros,</strong></span> <span class='ocrx_word' id='word_1_639' title='bbox 1700 4874 1756 4922; x_wconf 74' lang='lat' dir='ltr'>et</span> 
     </span>
    </p>
   </div>
   <div class='ocr_carea' id='block_1_78' title="bbox 176 4956 1748 5038">
    <p class='ocr_par' dir='ltr' id='par_1_78' title="bbox 176 4956 1748 5038">
     <span class='ocr_line' id='line_1_78' title="bbox 176 4956 1748 5038; baseline -0.009 -10"><span class='ocrx_word' id='word_1_640' title='bbox 176 4973 246 5029; x_wconf 81' lang='lat' dir='ltr'>ad</span> <span class='ocrx_word' id='word_1_641' title='bbox 269 4956 534 5034; x_wconf 85' lang='lat' dir='ltr'><strong>omnium,</strong></span> <span class='ocrx_word' id='word_1_642' title='bbox 560 4968 653 5038; x_wconf 87' lang='lat' dir='ltr'>qui</span> <span class='ocrx_word' id='word_1_643' title='bbox 679 4965 871 5020; x_wconf 85' lang='lat' dir='ltr'><strong>litteris</strong></span> <span class='ocrx_word' id='word_1_644' title='bbox 899 4962 1189 5024; x_wconf 88' lang='lat' dir='ltr'><strong>ducuntur,</strong></span> <span class='ocrx_word' id='word_1_645' title='bbox 1217 4959 1580 5030; x_wconf 79' lang='lat' dir='ltr'><strong>cognitionem</strong></span> <span class='ocrx_word' id='word_1_646' title='bbox 1620 4973 1748 5029; x_wconf 90' lang='lat' dir='ltr'><strong>pro-</strong></span> 
     </span>
    </p>
   </div>
   <div class='ocr_carea' id='block_1_79' title="bbox 177 5050 1749 5135">
    <p class='ocr_par' dir='ltr' id='par_1_79' title="bbox 177 5050 1749 5135">
     <span class='ocr_line' id='line_1_79' title="bbox 177 5050 1749 5135; baseline -0.011 -15"><span class='ocrx_word' id='word_1_647' title='bbox 177 5077 383 5135; x_wconf 83' lang='lat' dir='ltr'><strong>pagare</strong></span> <span class='ocrx_word' id='word_1_648' title='bbox 415 5070 622 5114; x_wconf 87' lang='lat' dir='ltr'><strong>rectum</strong></span> <span class='ocrx_word' id='word_1_649' title='bbox 669 5056 915 5128; x_wconf 87' lang='lat' dir='ltr'><strong>inprimis</strong></span> <span class='ocrx_word' id='word_1_650' title='bbox 945 5063 1000 5110; x_wconf 85' lang='lat' dir='ltr'>et</span> <span class='ocrx_word' id='word_1_651' title='bbox 1057 5050 1365 5122; x_wconf 64' lang='lat' dir='ltr'><strong>reipublicae</strong></span> <span class='ocrx_word' id='word_1_652' title='bbox 1417 5050 1749 5106; x_wconf 78' lang='lat' dir='ltr'><strong>fructuosum</strong></span> 
     </span>
    </p>
   </div>
   <div class='ocr_carea' id='block_1_80' title="bbox 176 5140 1749 5223">
    <p class='ocr_par' dir='ltr' id='par_1_80' title="bbox 176 5140 1749 5223">
     <span class='ocr_line' id='line_1_80' title="bbox 176 5140 1749 5223; baseline -0.011 -12"><span class='ocrx_word' id='word_1_653' title='bbox 176 5167 369 5212; x_wconf 90' lang='lat' dir='ltr'><strong>omnes</strong></span> <span class='ocrx_word' id='word_1_654' title='bbox 391 5151 652 5223; x_wconf 73' lang='lat' dir='ltr'><strong>judicent,</strong></span> <span class='ocrx_word' id='word_1_655' title='bbox 685 5148 891 5203; x_wconf 86' lang='lat' dir='ltr'><strong>scilicet</strong></span> <span class='ocrx_word' id='word_1_656' title='bbox 917 5144 1194 5200; x_wconf 80' lang='lat' dir='ltr'><strong>verbosius</strong></span> <span class='ocrx_word' id='word_1_657' title='bbox 1215 5140 1749 5197; x_wconf 87' lang='lat' dir='ltr'><strong>commemorandum</strong></span> 
     </span>
    </p>
   </div>
   <div class='ocr_carea' id='block_1_81' title="bbox 179 5233 1751 5307">
    <p class='ocr_par' dir='ltr' id='par_1_81' title="bbox 179 5233 1751 5307">
     <span class='ocr_line' id='line_1_81' title="bbox 179 5233 1751 5307; baseline -0.011 -4"><span class='ocrx_word' id='word_1_658' title='bbox 179 5247 313 5303; x_wconf 86' lang='lat' dir='ltr'><strong>mihi</strong></span> <span class='ocrx_word' id='word_1_659' title='bbox 349 5260 455 5300; x_wconf 88' lang='lat' dir='ltr'>non</span> <span class='ocrx_word' id='word_1_660' title='bbox 487 5253 590 5307; x_wconf 86' lang='lat' dir='ltr'><strong>est,</strong></span> <span class='ocrx_word' id='word_1_661' title='bbox 614 5246 721 5295; x_wconf 72' lang='lat' dir='ltr'><strong>&#39;cur</strong></span> <span class='ocrx_word' id='word_1_662' title='bbox 742 5254 860 5293; x_wconf 85' lang='lat' dir='ltr'>eam</span> <span class='ocrx_word' id='word_1_663' title='bbox 892 5253 1000 5292; x_wconf 82' lang='lat' dir='ltr'>rem</span> <span class='ocrx_word' id='word_1_664' title='bbox 1025 5234 1379 5304; x_wconf 85' lang='lat' dir='ltr'><strong>susceperim,</strong></span> <span class='ocrx_word' id='word_1_665' title='bbox 1412 5233 1464 5287; x_wconf 91' lang='lat' dir='ltr'>in</span> <span class='ocrx_word' id='word_1_666' title='bbox 1497 5248 1600 5301; x_wconf 88' lang='lat' dir='ltr'>qua</span> <span class='ocrx_word' id='word_1_667' title='bbox 1627 5246 1751 5286; x_wconf 85' lang='lat' dir='ltr'><strong>ver-</strong></span> 
     </span>
    </p>
   </div>
   <div class='ocr_carea' id='block_1_82' title="bbox 177 5325 1753 5407">
    <p class='ocr_par' dir='ltr' id='par_1_82' title="bbox 177 5325 1753 5407">
     <span class='ocr_line' id='line_1_82' title="bbox 177 5325 1753 5407; baseline -0.011 -12"><span class='ocrx_word' id='word_1_668' title='bbox 177 5339 288 5396; x_wconf 85' lang='lat' dir='ltr'><strong>sari</strong></span> <span class='ocrx_word' id='word_1_669' title='bbox 325 5335 637 5407; x_wconf 65' lang='lat' dir='ltr'><strong>praeclarum</strong></span> <span class='ocrx_word' id='word_1_670' title='bbox 676 5347 817 5397; x_wconf 85' lang='lat' dir='ltr'><strong>esse,</strong></span> <span class='ocrx_word' id='word_1_671' title='bbox 851 5339 906 5385; x_wconf 87' lang='lat' dir='ltr'>et</span> <span class='ocrx_word' id='word_1_672' title='bbox 942 5327 1216 5385; x_wconf 88' lang='lat' dir='ltr'><strong>hominum</strong></span> <span class='ocrx_word' id='word_1_673' title='bbox 1249 5327 1373 5381; x_wconf 74' lang='lat' dir='ltr'><strong>vita:</strong></span> <span class='ocrx_word' id='word_1_674' title='bbox 1405 5325 1753 5381; x_wconf 80' lang='lat' dir='ltr'><strong>vehementer</strong></span> 
     </span>
    </p>
   </div>
   <div class='ocr_carea' id='block_1_83' title="bbox 178 5416 1750 5494">
    <p class='ocr_par' dir='ltr' id='par_1_83' title="bbox 178 5416 1750 5494">
     <span class='ocr_line' id='line_1_83' title="bbox 178 5416 1750 5494; baseline -0.011 -10"><span class='ocrx_word' id='word_1_675' title='bbox 178 5429 332 5494; x_wconf 78' lang='lat' dir='ltr'><strong>utile,</strong></span> <span class='ocrx_word' id='word_1_676' title='bbox 369 5429 508 5481; x_wconf 86' lang='lat' dir='ltr'><strong>inter</strong></span> <span class='ocrx_word' id='word_1_677' title='bbox 538 5440 726 5481; x_wconf 88' lang='lat' dir='ltr'><strong>omnes</strong></span> <span class='ocrx_word' id='word_1_678' title='bbox 757 5431 993 5478; x_wconf 81' lang='lat' dir='ltr'><strong>constat.</strong></span> <span class='ocrx_word' id='word_1_679' title='bbox 1044 5419 1365 5489; x_wconf 83' lang='lat' dir='ltr'><strong>Quanquam</strong></span> <span class='ocrx_word' id='word_1_680' title='bbox 1400 5432 1499 5487; x_wconf 80' lang='lat' dir='ltr'>ego</span> <span class='ocrx_word' id='word_1_681' title='bbox 1529 5416 1750 5487; x_wconf 87' lang='lat' dir='ltr'><strong>quidem</strong></span> 
     </span>
    </p>
   </div>
   <div class='ocr_carea' id='block_1_84' title="bbox 177 5505 1750 5580">
    <p class='ocr_par' dir='ltr' id='par_1_84' title="bbox 177 5505 1750 5580">
     <span class='ocr_line' id='line_1_84' title="bbox 177 5505 1750 5580; baseline -0.01 -6"><span class='ocrx_word' id='word_1_682' title='bbox 177 5534 301 5574; x_wconf 88' lang='lat' dir='ltr'>cum</span> <span class='ocrx_word' id='word_1_683' title='bbox 345 5517 582 5573; x_wconf 88' lang='lat' dir='ltr'><strong>omnium</strong></span> <span class='ocrx_word' id='word_1_684' title='bbox 620 5516 897 5570; x_wconf 86' lang='lat' dir='ltr'><strong>doctorqu</strong></span> <span class='ocrx_word' id='word_1_685' title='bbox 931 5521 1299 5578; x_wconf 86' lang='lat' dir='ltr'><strong>monumenta,</strong></span> <span class='ocrx_word' id='word_1_686' title='bbox 1340 5523 1571 5580; x_wconf 83' lang='lat' dir='ltr'><strong>quorum</strong></span> <span class='ocrx_word' id='word_1_687' title='bbox 1607 5505 1750 5560; x_wconf 86' lang='lat' dir='ltr'><strong>duu-</strong></span> 
     </span>
    </p>
   </div>
   <div class='ocr_carea' id='block_1_85' title="bbox 178 5601 1745 5690">
    <p class='ocr_par' dir='ltr' id='par_1_85' title="bbox 178 5601 1745 5690">
     <span class='ocr_line' id='line_1_85' title="bbox 178 5601 1745 5690; baseline -0.009 -23"><span class='ocrx_word' id='word_1_688' title='bbox 178 5621 331 5667; x_wconf 77' lang='lat' dir='ltr'><strong>taxat</strong></span> <span class='ocrx_word' id='word_1_689' title='bbox 382 5622 512 5666; x_wconf 70' lang='lat' dir='ltr'><strong>tetas</strong></span> <span class='ocrx_word' id='word_1_690' title='bbox 567 5610 636 5665; x_wconf 85' lang='lat' dir='ltr'>ab</span> <span class='ocrx_word' id='word_1_691' title='bbox 674 5617 854 5663; x_wconf 89' lang='lat' dir='ltr'><strong>nostra</strong></span> <span class='ocrx_word' id='word_1_692' title='bbox 910 5607 1166 5662; x_wconf 88' lang='lat' dir='ltr'><strong>memoria</strong></span> <span class='ocrx_word' id='word_1_693' title='bbox 1218 5605 1436 5675; x_wconf 83' lang='lat' dir='ltr'><strong>longius</strong></span> <span class='ocrx_word' id='word_1_694' title='bbox 1490 5601 1745 5690; x_wconf 65' lang='lat' dir='ltr'><strong>abfuerit,</strong></span> 
     </span>
    </p>
   </div>
   <div class='ocr_carea' id='block_1_86' title="bbox 172 5691 1748 5765">
    <p class='ocr_par' dir='ltr' id='par_1_86' title="bbox 172 5691 1748 5765">
     <span class='ocr_line' id='line_1_86' title="bbox 172 5691 1748 5765; baseline -0.01 -3"><span class='ocrx_word' id='word_1_695' title='bbox 172 5705 284 5762; x_wconf 85' lang='lat' dir='ltr'>emi</span> <span class='ocrx_word' id='word_1_696' title='bbox 323 5714 377 5759; x_wconf 91' lang='lat' dir='ltr'>et</span> <span class='ocrx_word' id='word_1_697' title='bbox 422 5703 674 5758; x_wconf 80' lang='lat' dir='ltr'><strong>illustrari</strong></span> <span class='ocrx_word' id='word_1_698' title='bbox 733 5699 881 5765; x_wconf 76' lang='lat' dir='ltr'><strong>volo;</strong></span> <span class='ocrx_word' id='word_1_699' title='bbox 922 5709 1035 5754; x_wconf 86' lang='lat' dir='ltr'>tum</span> <span class='ocrx_word' id='word_1_700' title='bbox 1076 5714 1205 5754; x_wconf 90' lang='lat' dir='ltr'><strong>vero</strong></span> <span class='ocrx_word' id='word_1_701' title='bbox 1251 5711 1436 5752; x_wconf 85' lang='lat' dir='ltr'><strong>eorum</strong></span> <span class='ocrx_word' id='word_1_702' title='bbox 1495 5691 1748 5757; x_wconf 78' lang='lat' dir='ltr'><strong>maxime,</strong></span> 
     </span>
    </p>
   </div>
   <div class='ocr_carea' id='block_1_87' title="bbox 172 5782 1747 5869">
    <p class='ocr_par' dir='ltr' id='par_1_87' title="bbox 172 5782 1747 5869">
     <span class='ocr_line' id='line_1_87' title="bbox 172 5782 1747 5869; baseline -0.008 -17"><span class='ocrx_word' id='word_1_703' title='bbox 172 5795 269 5869; x_wconf 88' lang='lat' dir='ltr'>qui</span> <span class='ocrx_word' id='word_1_704' title='bbox 303 5794 371 5851; x_wconf 90' lang='lat' dir='ltr'>de</span> <span class='ocrx_word' id='word_1_705' title='bbox 398 5792 727 5866; x_wconf 78' lang='lat' dir='ltr'><strong>philosophia</strong></span> <span class='ocrx_word' id='word_1_706' title='bbox 762 5790 1055 5861; x_wconf 88' lang='lat' dir='ltr'><strong>etquidem</strong></span> <span class='ocrx_word' id='word_1_707' title='bbox 1083 5787 1286 5845; x_wconf 80' lang='lat' dir='ltr'><strong>Graecis</strong></span> <span class='ocrx_word' id='word_1_708' title='bbox 1316 5787 1507 5843; x_wconf 81' lang='lat' dir='ltr'><strong>litteris</strong></span> <span class='ocrx_word' id='word_1_709' title='bbox 1545 5782 1747 5853; x_wconf 82' lang='lat' dir='ltr'><strong>aliquid</strong></span> 
     </span>
    </p>
   </div>
   <div class='ocr_carea' id='block_1_88' title="bbox 1856 4591 3425 4664">
    <p class='ocr_par' dir='ltr' id='par_1_88' title="bbox 1856 4591 3425 4664">
     <span class='ocr_line' id='line_1_88' title="bbox 1856 4591 3425 4664; baseline 0.002 -18"><span class='ocrx_word' id='word_1_710' title='bbox 1856 4609 2019 4664; x_wconf 90' lang='lat' dir='ltr'><strong>quam</strong></span> <span class='ocrx_word' id='word_1_711' title='bbox 2065 4591 2349 4661; x_wconf 80' lang='lat' dir='ltr'><strong>probitatis</strong></span> <span class='ocrx_word' id='word_1_712' title='bbox 2382 4591 2694 4659; x_wconf 86' lang='lat' dir='ltr'><strong>magistram</strong></span> <span class='ocrx_word' id='word_1_713' title='bbox 2728 4600 2783 4645; x_wconf 86' lang='lat' dir='ltr'>et</span> <span class='ocrx_word' id='word_1_714' title='bbox 2827 4592 3068 4645; x_wconf 89' lang='lat' dir='ltr'><strong>omnium</strong></span> <span class='ocrx_word' id='word_1_715' title='bbox 3097 4594 3295 4648; x_wconf 84' lang='lat' dir='ltr'><strong>artium</strong></span> <span class='ocrx_word' id='word_1_716' title='bbox 3335 4610 3425 4650; x_wconf 84' lang='lat' dir='ltr'><strong>re-</strong></span> 
     </span>
    </p>
   </div>
   <div class='ocr_carea' id='block_1_89' title="bbox 1855 4683 3423 4755">
    <p class='ocr_par' dir='ltr' id='par_1_89' title="bbox 1855 4683 3423 4755">
     <span class='ocr_line' id='line_1_89' title="bbox 1855 4683 3423 4755; baseline 0.001 -18"><span class='ocrx_word' id='word_1_717' title='bbox 1855 4684 2035 4754; x_wconf 80' lang='lat' dir='ltr'><strong>gulam</strong></span> <span class='ocrx_word' id='word_1_718' title='bbox 2063 4684 2318 4749; x_wconf 79' lang='lat' dir='ltr'><strong>diximus,</strong></span> <span class='ocrx_word' id='word_1_719' title='bbox 2344 4683 2679 4752; x_wconf 83' lang='lat' dir='ltr'><strong>philosophia</strong></span> <span class='ocrx_word' id='word_1_720' title='bbox 2709 4697 2767 4737; x_wconf 88' lang='lat' dir='ltr'>se</span> <span class='ocrx_word' id='word_1_721' title='bbox 2796 4683 3111 4740; x_wconf 88' lang='lat' dir='ltr'><strong>mortalibus</strong></span> <span class='ocrx_word' id='word_1_722' title='bbox 3134 4686 3423 4755; x_wconf 78' lang='lat' dir='ltr'><strong>explicari,</strong></span> 
     </span>
    </p>
   </div>
   <div class='ocr_carea' id='block_1_90' title="bbox 1855 4776 3425 4845">
    <p class='ocr_par' dir='ltr' id='par_1_90' title="bbox 1855 4776 3425 4845">
     <span class='ocr_line' id='line_1_90' title="bbox 1855 4776 3425 4845; baseline 0.003 -16"><span class='ocrx_word' id='word_1_723' title='bbox 1855 4777 1922 4831; x_wconf 87' lang='lat' dir='ltr'>ad</span> <span class='ocrx_word' id='word_1_724' title='bbox 1960 4791 2283 4845; x_wconf 85' lang='lat' dir='ltr'><strong>omnemque</strong></span> <span class='ocrx_word' id='word_1_725' title='bbox 2316 4776 2684 4844; x_wconf 82' lang='lat' dir='ltr'><strong>posteritatem</strong></span> <span class='ocrx_word' id='word_1_726' title='bbox 2735 4776 3025 4831; x_wconf 84' lang='lat' dir='ltr'><strong>transtttitti</strong></span> <span class='ocrx_word' id='word_1_727' title='bbox 3063 4777 3222 4841; x_wconf 87' lang='lat' dir='ltr'><strong>velit;</strong></span> <span class='ocrx_word' id='word_1_728' title='bbox 3257 4790 3425 4834; x_wconf 73' lang='lat' dir='ltr'><strong>caete-</strong></span> 
     </span>
    </p>
   </div>
   <div class='ocr_carea' id='block_1_91' title="bbox 1856 4867 3423 4939">
    <p class='ocr_par' dir='ltr' id='par_1_91' title="bbox 1856 4867 3423 4939">
     <span class='ocr_line' id='line_1_91' title="bbox 1856 4867 3423 4939; baseline -0.001 -16"><span class='ocrx_word' id='word_1_729' title='bbox 1856 4884 2037 4923; x_wconf 82' lang='lat' dir='ltr'><strong>rarum</strong></span> <span class='ocrx_word' id='word_1_730' title='bbox 2070 4868 2309 4939; x_wconf 82' lang='lat' dir='ltr'><strong>gentium</strong></span> <span class='ocrx_word' id='word_1_731' title='bbox 2346 4867 2545 4938; x_wconf 76' lang='lat' dir='ltr'><strong>linguis</strong></span> <span class='ocrx_word' id='word_1_732' title='bbox 2579 4867 2800 4923; x_wconf 83' lang='lat' dir='ltr'><strong>tractari</strong></span> <span class='ocrx_word' id='word_1_733' title='bbox 2848 4867 3007 4928; x_wconf 85' lang='lat' dir='ltr'><strong>nolit.</strong></span> <span class='ocrx_word' id='word_1_734' title='bbox 3041 4869 3423 4924; x_wconf 81' lang='lat' dir='ltr'><strong>vehementer-</strong></span> 
     </span>
    </p>
   </div>
   <div class='ocr_carea' id='block_1_92' title="bbox 1853 4957 3424 5048">
    <p class='ocr_par' dir='ltr' id='par_1_92' title="bbox 1853 4957 3424 5048">
     <span class='ocr_line' id='line_1_92' title="bbox 1853 4957 3424 5048; baseline -0.001 -33"><span class='ocrx_word' id='word_1_735' title='bbox 1853 4975 1960 5048; x_wconf 80' lang='lat' dir='ltr'>que</span> <span class='ocrx_word' id='word_1_736' title='bbox 1991 4968 2221 5016; x_wconf 88' lang='lat' dir='ltr'><strong>recuset.</strong></span> <span class='ocrx_word' id='word_1_737' title='bbox 2255 4958 2370 5014; x_wconf 86' lang='lat' dir='ltr'>Hoc</span> <span class='ocrx_word' id='word_1_738' title='bbox 2400 4958 2454 5013; x_wconf 91' lang='lat' dir='ltr'>in</span> <span class='ocrx_word' id='word_1_739' title='bbox 2500 4972 2697 5030; x_wconf 83' lang='lat' dir='ltr'><strong>genere</strong></span> <span class='ocrx_word' id='word_1_740' title='bbox 2741 4972 2865 5013; x_wconf 86' lang='lat' dir='ltr'>cum</span> <span class='ocrx_word' id='word_1_741' title='bbox 2899 4959 3142 5015; x_wconf 86' lang='lat' dir='ltr'><strong>viderem</strong></span> <span class='ocrx_word' id='word_1_742' title='bbox 3167 4973 3288 5014; x_wconf 83' lang='lat' dir='ltr'><strong>esse</strong></span> <span class='ocrx_word' id='word_1_743' title='bbox 3313 4957 3424 5014; x_wconf 62' lang='lat' dir='ltr'>Ne.</span> 
     </span>
    </p>
   </div>
   <div class='ocr_carea' id='block_1_93' title="bbox 1855 5050 3426 5121">
    <p class='ocr_par' dir='ltr' id='par_1_93' title="bbox 1855 5050 3426 5121">
     <span class='ocr_line' id='line_1_93' title="bbox 1855 5050 3426 5121; baseline -0.001 -14"><span class='ocrx_word' id='word_1_744' title='bbox 1855 5051 2104 5118; x_wconf 89' lang='lat' dir='ltr'><strong>mesium,</strong></span> <span class='ocrx_word' id='word_1_745' title='bbox 2135 5051 2226 5120; x_wconf 90' lang='lat' dir='ltr'>qui</span> <span class='ocrx_word' id='word_1_746' title='bbox 2253 5050 2444 5108; x_wconf 62' lang='lat' dir='ltr'><strong>Graece</strong></span> <span class='ocrx_word' id='word_1_747' title='bbox 2471 5052 2539 5106; x_wconf 87' lang='lat' dir='ltr'>de</span> <span class='ocrx_word' id='word_1_748' title='bbox 2567 5050 2834 5121; x_wconf 72' lang='lat' dir='ltr'><strong>praecipua</strong></span> <span class='ocrx_word' id='word_1_749' title='bbox 2865 5065 2932 5106; x_wconf 88' lang='lat' dir='ltr'>ac</span> <span class='ocrx_word' id='word_1_750' title='bbox 2958 5051 3268 5107; x_wconf 86' lang='lat' dir='ltr'><strong>necessaria</strong></span> <span class='ocrx_word' id='word_1_751' title='bbox 3300 5052 3426 5119; x_wconf 68' lang='lat' dir='ltr'><strong>phi~</strong></span> 
     </span>
    </p>
   </div>
   <div class='ocr_carea' id='block_1_94' title="bbox 1854 5139 3422 5210">
    <p class='ocr_par' dir='ltr' id='par_1_94' title="bbox 1854 5139 3422 5210">
     <span class='ocr_line' id='line_1_94' title="bbox 1854 5139 3422 5210; baseline 0 -17"><span class='ocrx_word' id='word_1_752' title='bbox 1854 5139 2113 5208; x_wconf 77' lang='lat' dir='ltr'><strong>losophia:</strong></span> <span class='ocrx_word' id='word_1_753' title='bbox 2147 5148 2318 5209; x_wconf 84' lang='lat' dir='ltr'><strong>parte,</strong></span> <span class='ocrx_word' id='word_1_754' title='bbox 2355 5149 2409 5193; x_wconf 88' lang='lat' dir='ltr'>et</span> <span class='ocrx_word' id='word_1_755' title='bbox 2447 5154 2568 5209; x_wconf 68' lang='lat' dir='ltr'><strong>qua:</strong></span> <span class='ocrx_word' id='word_1_756' title='bbox 2610 5139 2828 5210; x_wconf 87' lang='lat' dir='ltr'><strong>proprie</strong></span> <span class='ocrx_word' id='word_1_757' title='bbox 2879 5141 2946 5195; x_wconf 87' lang='lat' dir='ltr'>ad</span> <span class='ocrx_word' id='word_1_758' title='bbox 2996 5155 3095 5195; x_wconf 89' lang='lat' dir='ltr'>nos</span> <span class='ocrx_word' id='word_1_759' title='bbox 3132 5140 3422 5210; x_wconf 84' lang='lat' dir='ltr'><strong>pertineat.</strong></span> 
     </span>
    </p>
   </div>
   <div class='ocr_carea' id='block_1_95' title="bbox 1856 5217 3419 5301">
    <p class='ocr_par' dir='ltr' id='par_1_95' title="bbox 1856 5217 3419 5301">
     <span class='ocr_line' id='line_1_95' title="bbox 1856 5217 3419 5301; baseline 0.001 -17"><span class='ocrx_word' id='word_1_760' title='bbox 1856 5232 1957 5284; x_wconf 88' lang='lat' dir='ltr'>hoc</span> <span class='ocrx_word' id='word_1_761' title='bbox 1980 5242 2086 5297; x_wconf 87' lang='lat' dir='ltr'><strong>cst,</strong></span> <span class='ocrx_word' id='word_1_762' title='bbox 2124 5231 2190 5285; x_wconf 87' lang='lat' dir='ltr'>de</span> <span class='ocrx_word' id='word_1_763' title='bbox 2218 5217 2408 5285; x_wconf 80' lang='lat' dir='ltr'><strong>natura</strong></span> <span class='ocrx_word' id='word_1_764' title='bbox 2434 5231 2689 5297; x_wconf 81' lang='lat' dir='ltr'><strong>hominis,</strong></span> <span class='ocrx_word' id='word_1_765' title='bbox 2725 5242 2871 5301; x_wconf 87' lang='lat' dir='ltr'><strong>apte,</strong></span> <span class='ocrx_word' id='word_1_766' title='bbox 2904 5231 3419 5295; x_wconf 56' lang='lat' dir='ltr'><strong>dilucidemrudite,</strong></span> 
     </span>
    </p>
   </div>
   <div class='ocr_carea' id='block_1_96' title="bbox 1853 5319 3418 5392">
    <p class='ocr_par' dir='ltr' id='par_1_96' title="bbox 1853 5319 3418 5392">
     <span class='ocr_line' id='line_1_96' title="bbox 1853 5319 3418 5392; baseline -0.002 -16"><span class='ocrx_word' id='word_1_767' title='bbox 1853 5330 1929 5387; x_wconf 87' lang='lat' dir='ltr'>et,</span> <span class='ocrx_word' id='word_1_768' title='bbox 1955 5323 2006 5376; x_wconf 90' lang='lat' dir='ltr'>in</span> <span class='ocrx_word' id='word_1_769' title='bbox 2049 5336 2156 5390; x_wconf 89' lang='lat' dir='ltr'>quo</span> <span class='ocrx_word' id='word_1_770' title='bbox 2181 5319 2300 5390; x_wconf 88' lang='lat' dir='ltr'><strong>plus</strong></span> <span class='ocrx_word' id='word_1_771' title='bbox 2325 5331 2408 5375; x_wconf 88' lang='lat' dir='ltr'>est</span> <span class='ocrx_word' id='word_1_772' title='bbox 2432 5321 2687 5389; x_wconf 87' lang='lat' dir='ltr'><strong>positum,</strong></span> <span class='ocrx_word' id='word_1_773' title='bbox 2715 5337 2875 5392; x_wconf 83' lang='lat' dir='ltr'><strong>quam</strong></span> <span class='ocrx_word' id='word_1_774' title='bbox 2906 5322 2961 5375; x_wconf 88' lang='lat' dir='ltr'>in</span> <span class='ocrx_word' id='word_1_775' title='bbox 2990 5322 3200 5376; x_wconf 66' lang='lat' dir='ltr'><strong>caeteris</strong></span> <span class='ocrx_word' id='word_1_776' title='bbox 3237 5321 3418 5376; x_wconf 81' lang='lat' dir='ltr'><strong>omni-</strong></span> 
     </span>
    </p>
   </div>
   <div class='ocr_carea' id='block_1_97' title="bbox 1853 5409 3421 5481">
    <p class='ocr_par' dir='ltr' id='par_1_97' title="bbox 1853 5409 3421 5481">
     <span class='ocr_line' id='line_1_97' title="bbox 1853 5409 3421 5481; baseline -0.003 -13"><span class='ocrx_word' id='word_1_777' title='bbox 1853 5413 1972 5480; x_wconf 90' lang='lat' dir='ltr'><strong>bus,</strong></span> <span class='ocrx_word' id='word_1_778' title='bbox 2000 5413 2085 5481; x_wconf 81' lang='lat' dir='ltr'><strong>pEe</strong></span> <span class='ocrx_word' id='word_1_779' title='bbox 2110 5413 2359 5479; x_wconf 87' lang='lat' dir='ltr'><strong>disserat,</strong></span> <span class='ocrx_word' id='word_1_780' title='bbox 2388 5411 2507 5467; x_wconf 90' lang='lat' dir='ltr'><strong>dedi</strong></span> <span class='ocrx_word' id='word_1_781' title='bbox 2528 5426 2769 5481; x_wconf 85' lang='lat' dir='ltr'><strong>operam,</strong></span> <span class='ocrx_word' id='word_1_782' title='bbox 2802 5422 2860 5465; x_wconf 90' lang='lat' dir='ltr'>nt</span> <span class='ocrx_word' id='word_1_783' title='bbox 2888 5419 2944 5467; x_wconf 84' lang='lat' dir='ltr'>et</span> <span class='ocrx_word' id='word_1_784' title='bbox 2967 5409 3214 5466; x_wconf 68' lang='lat' dir='ltr'><strong>Graecum</strong></span> <span class='ocrx_word' id='word_1_785' title='bbox 3238 5425 3421 5465; x_wconf 82' lang='lat' dir='ltr'><strong>exent-</strong></span> 
     </span>
    </p>
   </div>
   <div class='ocr_carea' id='block_1_98' title="bbox 1854 5500 3420 5575">
    <p class='ocr_par' dir='ltr' id='par_1_98' title="bbox 1854 5500 3420 5575">
     <span class='ocr_line' id='line_1_98' title="bbox 1854 5500 3420 5575; baseline -0.002 -17"><span class='ocrx_word' id='word_1_786' title='bbox 1854 5504 1970 5575; x_wconf 83' lang='lat' dir='ltr'><strong>plar</strong></span> <span class='ocrx_word' id='word_1_787' title='bbox 2014 5505 2252 5575; x_wconf 88' lang='lat' dir='ltr'><strong>prodiret</strong></span> <span class='ocrx_word' id='word_1_788' title='bbox 2295 5504 2347 5559; x_wconf 89' lang='lat' dir='ltr'>in</span> <span class='ocrx_word' id='word_1_789' title='bbox 2397 5502 2696 5574; x_wconf 89' lang='lat' dir='ltr'><strong>publicum,</strong></span> <span class='ocrx_word' id='word_1_790' title='bbox 2744 5503 2888 5573; x_wconf 88' lang='lat' dir='ltr'><strong>quod</strong></span> <span class='ocrx_word' id='word_1_791' title='bbox 2945 5502 3215 5557; x_wconf 81' lang='lat' dir='ltr'><strong>sexcentis</strong></span> <span class='ocrx_word' id='word_1_792' title='bbox 3262 5500 3420 5564; x_wconf 88' lang='lat' dir='ltr'><strong>locis,</strong></span> 
     </span>
    </p>
   </div>
   <div class='ocr_carea' id='block_1_99' title="bbox 1853 5591 3423 5664">
    <p class='ocr_par' dir='ltr' id='par_1_99' title="bbox 1853 5591 3423 5664">
     <span class='ocr_line' id='line_1_99' title="bbox 1853 5591 3423 5664; baseline -0.006 -12"><span class='ocrx_word' id='word_1_793' title='bbox 1853 5596 1953 5652; x_wconf 83' lang='lat' dir='ltr'><strong>etsi</strong></span> <span class='ocrx_word' id='word_1_794' title='bbox 1985 5595 2039 5650; x_wconf 89' lang='lat' dir='ltr'>in</span> <span class='ocrx_word' id='word_1_795' title='bbox 2079 5605 2187 5650; x_wconf 85' lang='lat' dir='ltr'>tam</span> <span class='ocrx_word' id='word_1_796' title='bbox 2233 5610 2402 5664; x_wconf 87' lang='lat' dir='ltr'><strong>parvo</strong></span> <span class='ocrx_word' id='word_1_797' title='bbox 2432 5609 2598 5664; x_wconf 88' lang='lat' dir='ltr'><strong>opere</strong></span> <span class='ocrx_word' id='word_1_798' title='bbox 2630 5593 2888 5648; x_wconf 87' lang='lat' dir='ltr'><strong>credibile</strong></span> <span class='ocrx_word' id='word_1_799' title='bbox 2912 5594 3001 5647; x_wconf 81' lang='lat' dir='ltr'><strong>vix</strong></span> <span class='ocrx_word' id='word_1_800' title='bbox 3041 5602 3144 5660; x_wconf 90' lang='lat' dir='ltr'><strong>est,</strong></span> <span class='ocrx_word' id='word_1_801' title='bbox 3198 5591 3423 5646; x_wconf 87' lang='lat' dir='ltr'><strong>mirabi-</strong></span> 
     </span>
    </p>
   </div>
   <div class='ocr_carea' id='block_1_100' title="bbox 1852 5684 3420 5758">
    <p class='ocr_par' dir='ltr' id='par_1_100' title="bbox 1852 5684 3420 5758">
     <span class='ocr_line' id='line_1_100' title="bbox 1852 5684 3420 5758; baseline -0.005 -15"><span class='ocrx_word' id='word_1_802' title='bbox 1852 5689 1976 5743; x_wconf 90' lang='lat' dir='ltr'><strong>liter</strong></span> <span class='ocrx_word' id='word_1_803' title='bbox 2022 5689 2229 5744; x_wconf 84' lang='lat' dir='ltr'><strong>n&#39;tendis</strong></span> <span class='ocrx_word' id='word_1_804' title='bbox 2276 5688 2610 5758; x_wconf 85' lang='lat' dir='ltr'><strong>inquinatum</strong></span> <span class='ocrx_word' id='word_1_805' title='bbox 2647 5690 2873 5741; x_wconf 85' lang='lat' dir='ltr'><strong>duorum</strong></span> <span class='ocrx_word' id='word_1_806' title='bbox 2909 5695 3241 5740; x_wconf 85' lang='lat' dir='ltr'><strong>vetustorum</strong></span> <span class='ocrx_word' id='word_1_807' title='bbox 3271 5684 3420 5740; x_wconf 86' lang='lat' dir='ltr'><strong>codi-</strong></span> 
     </span>
    </p>
   </div>
   <div class='ocr_carea' id='block_1_101' title="bbox 1850 5777 3418 5853">
    <p class='ocr_par' dir='ltr' id='par_1_101' title="bbox 1850 5777 3418 5853">
     <span class='ocr_line' id='line_1_101' title="bbox 1850 5777 3418 5853; baseline -0.006 -15"><span class='ocrx_word' id='word_1_808' title='bbox 1850 5796 1974 5838; x_wconf 88' lang='lat' dir='ltr'>cum</span> <span class='ocrx_word' id='word_1_809' title='bbox 2024 5796 2128 5853; x_wconf 84' lang='lat' dir='ltr'>ope</span> <span class='ocrx_word' id='word_1_810' title='bbox 2173 5782 2630 5852; x_wconf 76' lang='lat' dir='ltr'><strong>expurgavituus:</strong></span> <span class='ocrx_word' id='word_1_811' title='bbox 2664 5787 2716 5834; x_wconf 90' lang='lat' dir='ltr'>ct</span> <span class='ocrx_word' id='word_1_812' title='bbox 2751 5777 2944 5833; x_wconf 86' lang='lat' dir='ltr'><strong>Latina</strong></span> <span class='ocrx_word' id='word_1_813' title='bbox 2996 5791 3207 5849; x_wconf 76' lang='lat' dir='ltr'><strong>quoque</strong></span> <span class='ocrx_word' id='word_1_814' title='bbox 3240 5778 3418 5833; x_wconf 73' lang='lat' dir='ltr'><strong>éuter-</strong></span> 
     </span>
    </p>
   </div>
  </div>
