3892 6272
407 389 512 448 595

1434 370 1786 431 NEMESIUS
1823 364 2203 428 EPISCOPUS
2246 362 2639 420 EMESENUS.

3579 351 3687 409 {96

408 507 662 581 pretatio,
695 519 804 578 quo
832 500 1077 560 omnium
1111 494 1480 567 intelligentia:
1508 493 1867 552 serviremus.
1896 487 1991 542 ad-
2020 495 2068 550 Α
2093 498 2256 555 quam
2287 483 2505 555 probari
2558 478 2656 537 tibi
2694 476 2876 549 cupio,
2924 475 3147 533 nescire
3175 482 3227 529 te
3261 464 3430 527 nolui.
3466 466 3541 522 De
3574 482 3689 518 ra!-

1743 576 1745 578 .
2192 578 2203 581 -
2460 577 2471 581 -
2839 571 2907 581 ..ι
2949 569 2961 581 ι
3028 580 3031 581 ,
3221 568 3233 579 ο
3272 566 3303 581 ,ο
3402 563 3486 581 s9-
3534 555 3666 581 ιῚ-1ιι

409 576 745 673 iungeretur.
792 594 916 651 llaec
965 606 1132 666 pauca
1172 590 1239 645 de
1270 586 1500 643 consilio
1538 599 1659 640 meo
1709 576 1762 637 et
1802 594 1994 651 opera,

2108 578 2257 642 teris,
2311 592 2433 634 cum
2460 577 2629 646 leges,
2652 588 2751 644 pro
2773 569 3000 627 arbitrio
3024 580 3115 624 tuo
3148 563 3509 623 existimabis.
3534 555 3685 613 Vale.

1647 832 1719 893 (Ι.
1764 828 2102 892 Plautinus
2141 829 2363 892 lectori
2407 848 2459 889 ε.

483 964 602 1019 Non
651 959 896 1016 inutilem
962 957 1221 1013 studiosis
1271 953 1440 1017 viris,
1511 963 1687 1020 neque
1734 951 2000 1029 ingratam

415 1071 530 1114 rem
564 1054 803 1109 facturus
836 1050 968 1104 mihi
993 1048 1236 1110 videbar,
1266 1045 1333 1110 si,
1362 1044 1489 1114 quia
1524 1039 1834 1096 Nemesium
1861 1053 2005 1094 nunc

422 1152 662 1220 primum
717 1145 770 1200 in
827 1142 1003 1198 lucem
1056 1137 1441 1210 producimus,
1499 1130 1725 1203 paucula
1772 1129 1840 1186 de
1889 1130 2006 1200 ipso

418 1238 668 1294 Nemesio
689 1234 973 1300 adderem;
1009 1246 1111 1285 non
1141 1227 1368 1283 utilium
1408 1225 1643 1287 laudem,
1687 1237 1808 1275 nam
1860 1220 2005 1275 bona

427 1344 602 1397 merx,
650 1337 708 1383 ιιι
753 1326 972 1389 dicitnr,
1016 1336 1268 1394 pra-eone
1316 1335 1421 1374 non
1468 1327 1629 1389 eget:
1662 1316 1789 1385 quid
1825 1324 2007 1369 autem

423 1420 530 1476 boc
564 1416 957 1474 commentario
988 1414 1040 1467 in
1076 1411 1241 1468 simili
1289 1416 1610 1478 argumento
1635 1412 1816 1460 exstat
1847 1417 2009 1457 accu-

422 1511 638 1567 ratius?
674 1508 791 1571 sed,
833 1517 891 1562 ut
937 1505 1058 1576 quis
1096 1504 1185 1558 ille
1225 1501 1443 1557 tandem
1496 1497 1681 1560 fuerit,
1718 1495 1888 1550 verbo
1920 1492 2006 1546 in—

432 1606 633 1661 dicem.
683 1598 1067 1669 Piiiiowpbum
1118 1597 1280 1667 igitur
1337 1592 1508 1647 fuisse
1554 1598 1611 1644 et
1661 1587 2014 1656 episcopum,

436 1696 577 1750 liber
620 1693 845 1765 ejusque
890 1690 1051 1745 index
1101 1695 1406 1742 testantur:
1440 1692 1495 1738 et
1533 1695 1600 1736 ex
1644 1677 1872 1749 epistola
1915 1675 2019 1730 hac

432 1783 767 1842 Nazianzeni
793 1781 893 1852 (τι),
930 1795 1090 1850 quam
1117 1778 1206 1832 bic
1228 1777 1393 1833 etiam
1424 1772 1781 1844 adjiciendam
1811 1766 2018 1839 putavi,

502 1924 581 1994 (τι)
623 1919 863 1994 Epistula
910 1915 1289 1994 Gregoriiest
1331 1913 1425 1975 79,
1459 1925 1579 1994 quae
1605 1903 2014 1994 incipitzlS-l’eot

428 1976 577 2052 δοιὶῶ
606 1976 884 2065 deprime.
917 1989 992 2043 Ea
1019 1976 1146 2042 Fero
1169 1987 1241 2040 ita
1266 1976 1578 2053 comparata
1608 1976 1804 2046 est,'ut
1830 1976 2021 2031 eodem

2109 950 2268 1004 facile
2332 947 2691 1015 intelligitur,
2753 949 2970 1011 quantae
3023 934 3189 991 fuerit
3235 926 3575 985 auctoritatis
3625 943 3695 983 ac

2106 1041 2341 1097 nominis
2403 1036 2778 1109 pbilosopbus.
2839 1032 2914 1087 Ex
2964 1030 3153 1085 eadem
3206 1023 3552 1095 perspicuum
3588 1030 3695 1083 εει,

2104 1150 2229 1192 eum
2273 1133 2522 1188 ﬂoruisse
2574 1130 2903 1199 imperatore
2945 1121 3209 1178 Gratiano
3259 1132 3324 1171 ac
3365 1111 3695 1175 Theodosio,

2106 1247 2215 1303 quo
2285 1241 2528 1298 tempore
2595 1224 2861 1279 Maximus
2926 1218 3089 1273 etiam
3157 1210 3535 1283 philosophus,
3607 1203 3702 1257 Li—

2110 1297 2353 1388 banius,
2400 1297 2699 1380 iBnSilitis,
2770 1311 3034 1381 multique
3106 1305 3194 1360 alii
3259 1297 3700 1374 prmantissimi

2108 1413 2209 1468 viri
2261 1385 2535 1467 visebant.
2587 1404 2836 1461 Meminit
2893 1402 3007 1471 ipse
3032 1392 3281 1467 Origeuis
3309 1405 3366 1447 et
3396 1385 3702 1459 Apoiinarii

2112 1522 2248 1577 quos
2291 1504 2607 1558 adolescens
2663 1498 2859 1551 vidisse
2916 1494 3149 1546 fortasse
3204 1485 3399 1557 potuit.
3456 1481 3531 1535 De
3583 1479 3706 1531 luco

2115 1573 2420 1675 ἐπισκοπῆς
2494 1591 2627 1650 nibil
2695 1588 2958 1657 comperi.
3025 1584 3179 1638 Nunc
3255 1580 3324 1635 ad
3391 1573 3706 1647 epistolam.

2121 1693 2271 1748 Vale.

2122 1891 2642 1970 jure_ati__quemvis
2696 1887 2860 1942 alium
2914 1882 3226 1960 Netncsinm
3261 1875 3485 1960 .srripta
3539 1869 3713 1926 vidcri

2132 1962 2317 2037 possit.
2357 1962 2616 2017 Consulto
2648 1975 2776 2028 ergo
2800 1973 2920 2009 eam
2953 1963 3419 2024 przetcrnnsnnus.

427 2058 3705 2134 ______________________________________

904 2244 1551 2347 PRJEFATIO
1627 2236 2211 2335 EDITOBIS
2281 2172 3044 2329 OXONIENSIS
3112 2206 3197 2289 (αθ

2021 2440 2094 2454 ὀ

509 2588 802 2642 Auctorem
839 2583 928 2639 hic
969 2581 1161 2633 damus
1201 2583 1461 2640 veterem,
1509 2571 1803 2635 eruditum,
1855 2569 2023 2638 pitnu,
2060 2572 2102 2630 Β
2137 2565 2325 2620 sertim
2357 2562 2496 2631 apud
2530 2557 2806 2621 librarios,
2849 2555 2939 2627 qui
2982 2555 3033 2608 id
3066 2566 3279 2623 semper
3302 2560 3491 2622 agunt,
3526 2561 3582 2605 nt
3621 2567 3720 2608 no-

437 2680 532 2753 qui
579 2681 633 2735 in
680 2676 857 2746 Lyoeo
896 2674 1102 2744 pariter
1129 2680 1184 2728 et
1213 2668 1458 2725 Ecclesia
1488 2665 1817 2720 dictaturam
1863 2674 2023 2715 exer-

442 2752 593 2840 cuit;
632 2780 840 2826 natura:
879 2765 1035 2837 juxta
1080 2774 1133 2819 et
1174 2761 1390 2834 pietatis
1418 2761 1669 2823 antistes,
1701 2756 1756 2810 in
1785 2752 2028 2823 philoso-

443 2860 584 2933 phia:
624 2855 897 2929 mysteriis
932 2864 1151 2924 epopta,
1206 2851 1326 2906 iidei
1367 2848 1674 2918 cpiscopus.
1709 2842 1816 2898 Sed
1845 2841 2027 2896 nescio

444 2932 553 3024 quo
606 2949 737 3010 fato.
790 2948 1040 3002 bmnana:
1089 2943 1282 2998 animai
1331 2940 1463 3004 ritn,
1511 2951 1675 3009 quam
1722 2932 2031 2988 felicissime

445 3045 690 3099 enarrat,
725 3035 929 3104 reliqua
964 3041 1157 3087 cuncta
1190 3031 1315 3086 dum
1346 3027 1596 3096 intelligit
1623 3033 1677 3081 et
1709 3032 2027 3095 perscruta-

446 3142 557 3196 tur,
603 3127 738 3183 latet
771 3126 907 3196 ipse,
956 3137 1055 3178 nec
1097 3122 1232 3177 satis
1277 3119 1635 3191 dignoscitur.
1686 3113 2033 3171 Dissimulato

440 3226 566 3294 ejus
592 3236 691 3293 per
720 3233 880 3290 quem
923 3216 1218 3287 plurimum
1251 3213 1591 3283 proiecerunt
1620 3208 1857 3270 nomine,
1893 3205 2034 3260 cele-

454 3318 582 3373 bres
608 3314 812 3385 aliquot
839 3309 1003 3381 prisci
1047 3307 1147 3364 aevi
1191 3307 1508 3377 scriptores,
1551 3301 1799 3358 Julianus
1836 3296 2034 3352 Pome-

468 3411 585 3466 rius
623 3409 722 3479 (ὁ),
748 3404 906 3462 Joan.
952 3401 1343 3463 Damascenus,
1380 3396 1522 3452 Elius
1547 3392 1845 3458 Cretensis,
1875 3389 2037 3445 Meie-

466 3503 597 3566 tius,
622 3498 869 3555 Eretrius
893 3494 989 3568 (c),
1021 3509 1127 3549 non
1162 3490 1322 3546 modo
1354 3484 1604 3558 periodos
1624 3484 1903 3556 plurimas,
1938 3480 2035 3537 sed

453 3592 656 3650 solidas
681 3588 907 3659 paginas
945 3586 1285 3659 sebedasque
1323 3574 1690 3635 voluminibus
1734 3575 1849 3630 suis
1893 3573 2038 3627 iuse—

456 3676 634 3738 ruere.
669 3656 807 3748 Quin
843 3679 1045 3735 leviora
1088 3676 1202 3729 haec
1246 3656 1450 3727 iuerint
1478 3686 1496 3737 ;
1528 3683 1625 3739 per
1654 3668 1805 3736 plura
1840 3664 2036 3720 saecula

459 3790 599 3847 opus
644 3774 915 3843 integrum
943 3768 1099 3823 titulo
1135 3779 1290 3822 tenus
1327 3764 1693 3828 immutatum,
1724 3770 1776 3816 et
1805 3757 2039 3831 philoso-

457 3868 601 3939 phiae
655 3864 829 3934 elogio
880 3870 1121 3928 auctum,
1153 3856 1420 3929 Gregorio
1470 3852 1736 3919 accessit;
1796 3862 1851 3907 et
1898 3849 2040 3904 inter

2132 2655 2374 2711 minibus
2418 2649 2868 2708 celebratissimis
2902 2659 3115 2701 merces
3143 2658 3270 2698 suas
3313 2643 3720 2708 commendent,

2132 2747 2415 2803 Nemesius
2448 2745 2591 2798 illico
2619 2743 2673 2796 in
2722 2739 3043 2810 Gregorium
3087 2737 3325 2798 transiit,
3364 2734 3722 2807 e’t-Nyssenus

2131 2840 2187 2894 in
2213 2839 2543 2895 Emesenum
2572 2832 3002 2904 permutabatnr.

2206 2928 2277 2984 Ut
2323 2927 2495 2981 verbo
2528 2926 2733 2987 dicam,
2776 2936 3088 2992 quanquam
3135 2919 3228 2974 vix
3275 2920 3565 2990 quisquam
3617 2925 3723 2981 est,

2132 3020 2289 3089 cujus
2336 3017 2497 3074 eii'ata
2548 3016 2734 3087 plures
2784 3014 3014 3069 subinde
3063 3012 3235 3067 citant
3278 3022 3331 3067 et
3385 3019 3722 3089 mutuantur,

2141 3113 2330 3169 videre
2365 3110 2605 3166 nondum
2640 3106 2867 3175 contigit
2898 3120 2964 3159 ex
2998 3104 3275 3158 veteribus
3300 3082 3561 3171 aliquem,
3588 3115 3728 3171 prm-

2135 3214 2222 3262 ter
2263 3202 2611 3260 Anastasium
2652 3197 2930 3254 Nicamum
2974 3196 3026 3249 in
3066 3194 3268 3259 Quaest.
3301 3193 3354 3246 in
3390 3192 3453 3247 S.
3496 3191 3723 3254 εει-ἐστι..

2136 3310 2193 3357 et
2236 3297 2424 3353 Mosen
2474 3292 2844 3362 Bar-Cepbam
2892 3289 2944 3344 in
2992 3286 3133 3342 libro
3187 3285 3263 3340 De
3313 3284 3587 3354 paradiso,
3633 3284 3727 3351 qui

2146 3392 2321 3463 ipsum
2374 3387 2697 3445 nominatim
2758 3382 3081 3441 laudaverit.
3155 3378 3436 3447 Snperiori
3504 3375 3727 3447 quidem

2136 3483 2357 3548 saeculo,
2385 3495 2508 3536 cum
2536 3478 2743 3536 Graeca:
2775 3474 2971 3530 littera:
3016 3471 3173 3543 pulsa
3207 3469 3460 3525 barbarie
3500 3468 3731 3536 Europae

2139 3572 2476 3647 postliminio
2518 3570 2895 3632 redderentur,
2943 3564 3105 3619 Valla:
3159 3572 3215 3619 et
3278 3562 3543 3618 Ellebodii
3582 3562 3728 3616 indi-

2137 3667 2261 3731 ciis,
2304 3673 2360 3729 et
2399 3679 2532 3719 mss.
2572 3661 2931 3732 plurimorum
2956 3657 3241 3727 suiiragio,
3269 3654 3529 3726 appositis
3563 3656 3728 3709 etiam

2140 3758 2459 3814 criticornm
2506 3754 2757 3817 calculis,
2816 3751 2907 3807 diu
2955 3765 3249 3821 oppressus
3321 3747 3608 3803 Nemesius
3676 3746 3729 3799 in

2140 3852 2410 3922 integrum
2460 3848 2865 3904 restituebatur.
2914 3845 3053 3913 Quin
3097 3853 3152 3898 et
3181 3841 3332 3898 card.
3368 3838 3736 3895 Bellarminus

464 3933 719 4014 i‘rzesulis
751 3933 986 4027 Nysseni
1024 3951 1226 4021 scripta
1257 3948 1455 4020 passim
1484 3944 1871 4016 evulgabatur:
1899 3939 2043 4011 quod
2070 3933 2112 3992 C
2149 3944 2226 3999 De
2265 3944 2450 4014 script.
2485 3940 2672 3997 ιιι-σιω.
2704 3940 2770 3994 ad
2798 3954 2997 3993 annum
3028 3936 3154 4000 500,
3190 3947 3321 4002 etc.,
3348 3934 3736 3990 observatione

460 4053 536 4106 ita
576 4050 801 4112 factum,
835 4057 897 4101 ut
939 4043 1234 4113 Gregorius
1275 4040 1536 4107 deinceps
1575 4035 1716 4107 apud
1760 4033 2043 4104 plerosque

461 4149 571 4190 non
617 4133 891 4205 Nyssenus
935 4127 1099 4194 ultra,
1136 4125 1231 4181 sed
1261 4124 1563 4178 Emesenns
1591 4120 1837 4185 audiret;
1885 4118 2039 4188 quasi

462 4229 562 4281 ista
607 4220 945 4295 cognominis
991 4217 1390 4289 permutatione
1428 4228 1551 4269 cum
1601 4222 1787 4268 nostro
1827 4210 2043 4266 decide-

463 4328 650 4382 retur,
700 4324 757 4372 et
821 4317 888 4369 de
940 4310 1097 4383 plagii
1152 4308 1347 4379 injuria
1402 4304 1712 4363 satisﬁeret.
1763 4303 1838 4359 ita
1893 4302 2039 4357 enim

461 4409 785 4478 Gregorium
836 4404 1163 4476 appellatum
1208 4414 1353 4465 esse,
1402 4408 1617 4455 constat
1662 4411 1766 4453 non
1818 4394 1979 4449 modo
2014 4408 2046 4449 e

463 4499 747 4555 Tritltemii
790 4497 883 4552 lib.
928 4496 1001 4550 De
1041 4494 1270 4563 imagine
1318 4502 1367 4547 ct
1421 4490 1721 4546 conditione
1777 4488 2043 4551 hominis;

463 4589 691 4646 Honorii
741 4589 835 4644 lib.
875 4587 953 4643 De
991 4585 1354 4641 ecclesiasticis
1390 4582 1780 4653 scriptoribus;
1810 4580 2042 4636 Vincen-

471 4685 548 4738 tio
590 4683 642 4737 in
675 4680 831 4750 Spcc.
871 4679 996 4735 hist.
1042 4678 1136 4732 lib.
1169 4691 1280 4740 xiv,
1314 4691 1364 4730 c.
1394 4674 1497 4741 28;
1532 4672 1768 4729 Bostono
1799 4671 2044 4726 Buriensi

467 4778 522 4831 in
565 4790 666 4831 suo
706 4773 920 4839 Catal.;
963 4769 1270 4826 Leuneiavii
1313 4766 1597 4822 Pandectis
1634 4766 1777 4822 Hist.
1810 4764 2045 4833 Turcic.,

466 4871 562 4927 sed
591 4870 756 4926 etiam
791 4864 1066 4922 nonnullis
1107 4861 1420 4932 Hieronymi
1449 4859 1729 4916 codicibus
1768 4857 1909 4929 typis
1951 4859 2053 4912 im-

469 4961 699 5034 pressis,
740 4967 797 5014 et
841 4956 1116 5029 plerisque
1141 4970 1273 5011 mss.
1308 4953 1518 5010 Revera
1550 4961 1838 5007 tractatum
1883 4950 2052 5006 edidit

468 5054 541 5109 Μ.
571 5050 754 5106 Basilii
785 5051 956 5105 frater
983 5047 1280 5121 Nyssenus,
1314 5045 1394 5102 De
1420 5044 1631 5116 opiﬁcio
1678 5044 1931 5109 hominis,
1956 5042 2048 5112 qui

469 5159 594 5201 eum
632 5144 773 5199 idem
815 5141 1093 5197 videretur
1141 5154 1264 5195 cum
1317 5139 1420 5194 hoc
1463 5146 1671 5201 nostro,
1716 5136 1806 5205 qui
1849 5134 1925 5189 De
1954 5150 2051 5188 ua-

473 5247 596 5290 tura
627 5233 857 5290 hominis
887 5230 1205 5289 inscribitur
1229 5270 1246 5298 ,
1277 5228 1682 5301 promptissimo
1712 5228 1886 5296 lapsu,
1917 5242 2052 5297 pra:-

543 5390 619 5518 Σο)
651 5390 932 5471 Fabricius
977 5390 1033 5441 in
1078 5390 1402 5464 Bibliotheca
1449 5390 1546 5438 Gr.
1592 5390 1703 5438 vol.
1759 5390 1865 5449 VII,
1914 5397 2035 5453 pag.

469 5463 541 5518 55
578 5501 597 5527 ,
649 5460 967 5519 arbitratur,
1013 5458 1158 5536 hunc
1188 5451 1645 5536 fuissehloanuem
1687 5452 1917 5519 Felium,
1946 5454 2039 5523 qui

472 5521 904 5604 postea-creatus
926 5537 1008 5582 est
1033 5526 1317 5596 episcopus
1338 5521 1681 5579 Oxouiensis.
1964 5521 1980 5523 “

487 5671 522 5679 __
547 5604 620 5672 (lt)
657 5598 865 5679 Juliani
909 5596 1146 5679 Pomerii
1186 5598 1353 5679 libros
1385 5593 1574 5679 .iiabeo
1598 5594 1673 5675 ,ιιι
1718 5591 2045 5679 Bibliotheca

472 5664 724 5727 Patrum.
766 5668 1038 5725 ueletiam
1090 5666 1350 5721 benelicio
1383 5664 1610 5734 Dangeri
1656 5665 1840 5733 accepi
1869 5677 1934 5718 ex
1962 5666 2047 5721 bi-

475 5740 770 5821 bliotheca“
807 5736 1299 5821 Guelpherbytaua.
1497 5736 2043 5821 nleutroﬂquidqnam

476 5809 703 5883 proieci.
736 5809 809 5865 De
833 5804 1146 5877 qno'auten't
1184 5807 1325 5863 libro
1366 5804 1497 5861 Elia:
1520 5804 1797 5862 Cretensis
1831 5804 1919 5862 hic
1957 5806 2042 5861 di-

2150 4036 2310 4090 tertia
2341 4037 2398 4089 in
2420 4032 2729 4103 Gregorium
2769 4031 3069 4086 ait:libros
3109 4037 3226 4084 octo
3277 4028 3351 4083 De
3390 4026 3736 4096 philosophia

2150 4145 2254 4185 non
2281 4127 2451 4195 rideri
2490 4140 2602 4180 esse
2639 4123 2700 4179 S.
2739 4121 2980 4194 Gregorii
3029 4121 3281 4193 Nyssent',
3329 4120 3598 4175 rationem
3634 4118 3738 4173 ad-

2151 4223 2308 4287 dens,
2342 4220 2477 4273 satis
2532 4215 2740 4270 i'utiicm
2773 4216 2918 4269 illaut
2954 4215 3195 4284 quidem,
3222 4212 3341 4267 scil.
3375 4211 3529 4278 Quod
3560 4211 3614 4265 in
3639 4210 3736 4267 lib.

2149 4313 2378 4367 secundo
2415 4311 2561 4363 docet
2602 4310 2837 4362 animum
2891 4322 2993 4362 non
3036 4306 3207 4360 creari
3253 4306 3307 4360 in
3355 4318 3596 4379 corpore,
3642 4302 3736 4357 sed

2148 4415 2270 4458 ante
2290 4418 2479 4471 corpus
2517 4400 2680 4471 fuisse
2717 4410 2985 4463 creatam;
3029 4398 3120 4462 qui
3159 4406 3233 4451 est
3277 4411 3426 4450 error
3458 4394 3732 4465 Origcuis.

2147 4494 2315 4564 Quasi
2361 4510 2488 4551 vero
2530 4509 2638 4550 non
2688 4493 2789 4549 sub
2834 4492 3025 4548 eadem
3057 4491 3257 4546 invidia
3296 4488 3567 4544 laboraret
3601 4486 3741 4558 Nys-

2152 4605 2335 4655 senns,
2359 4588 2515 4659 cujus
2546 4588 2745 4657 scripta
2773 4587 2842 4641 ab
2864 4584 3189 4655 Origenistis
3214 4583 3539 4653 interpolata
3566 4583 3737 4638 fuisse

2133 4690 2343 4758 _auctor
2370 4690 2454 4735 est
2498 4678 2866 4749 Nicephorus;
2920 4678 3028 4733 imo
3059 4677 3198 4733 adeo
3238 4675 3456 4745 penitus
3490 4674 3742 4747 Nysseno

2151 4772 2436 4828 calumniae
2473 4772 2624 4827 labes
2664 4771 2767 4826 ista
2819 4770 3070 4834 adhaesit,
3103 4777 3161 4824 ut
3199 4766 3474 4824 Germano
3509 4766 3745 4835 patriar-

2149 4865 2268 4920 cita:
2311 4877 2529 4920 necesse
2548 4876 2694 4919 esset
2728 4862 2925 4917 librum
2974 4862 3247 4932 integrum
3278 4859 3648 4920 conscribere,
3683 4871 3743 4913 ut

2152 4954 2329 5022 ipsum
2365 4967 2429 5008 ea
2464 4952 2530 5008 de
2592 4967 2653 5008 re
2708 4958 3036 5015 excusaret;
3074 4948 3216 5019 quod
3264 4947 3453 5002 videre
3492 4954 3579 5000 est
3623 4955 3739 4999 tum

2151 5045 2303 5111 alibi,
2333 5054 2445 5099 tum
2477 5043 2528 5098 in
2554 5042 2730 5098 Pb0tii
2756 5040 3102 5113 Hyriobiblo.
3131 5040 3201 5095 At
3225 5053 3358 5093 vero
3382 5037 3428 5092 si
3460 5036 3584 5091 libri
3614 5046 3745 5091 octo

2148 5136 2230 5192 De
2265 5135 2599 5209 philosophia
2642 5149 2751 5189 non
2796 5143 2924 5189 sunt
2953 5132 3223 5203 Gregorii,
3269 5132 3414 5186 hanc
3445 5128 3643 5185 saltem
3671 5128 3742 5182 ob

2149 5241 2389 5290 causam,
2418 5225 2561 5296 quod
2588 5225 2746 5282 docet
2771 5224 3009 5279 animam
3044 5237 3150 5279 non
3186 5221 3365 5278 creari
3397 5220 3451 5275 in
3482 5234 3744 5290 corpore,

651 5387 932 5465 Fabricius
977 5386 1033 5465 in
1078 5382 1410 5465 Bibliotheca.
1449 5380 1546 5438 Gr.
1592 5381 1727 5465 vel;
1754 5381 1865 5465 ΥΠ,
1914 5397 2035 5465 pag.
2072 5387 2117 5444 ι)
2150 5391 2315 5464 catur
2345 5381 2615 5465 expiscari
2662 5395 2767 5465 n_o_n
2811 5376 3129 5465 potui,"etsi
3174 5374 3326 5458 plura
3356 5373 3485 5465 filia:
3511 5375 3744 5465 scrip-ta,

2149 5467 2273 5535 qua}
2302 5451 2354 5507 in
2382 5447 2661 5509 codicibus
2689 5447 3101 5521 Mosqneusibus
3130 5447 3496 5517 reperiuntur,
3531 5452 3743 5499 tracta-

2156 5538 2346 5578 verum.

2225 5593 2298 5665 (c)
2340 5594 2585 5650 Eretrius
2636 5606 2832 5665 nomen
2882 5598 2966 5665 est
3016 5587 3236 5665 gentile,
3297 5600 3406 5665 non
3457 5586 3744 5665 proprium

2156 5655 2311 5745 νίείέ.
2331 5665 2469 5745 Puto
2506 5680 2643 5745 ergo.
2661 5655 3069 5745 ,εοττίεξεεηςιιιῖιζ
3089 5655 3539 5745 εεξςξμλὲειεὶξειξ
3577 5659 3742 5745 11"!"-

2158 5734 2427 5861 ῗῧιέἷιίῗῗ,
2459 5737 2560 5862 θυιί
2576 5725 2578 5727 ’
2595 5735 2803 5867 Ιθῖἷῖιιιῖ)
2817 5725 3137 5855 D‘eogomine
3164 5728 3405 5798 scripsit.
3428 5725 3553 5784 για.
3576 5726 3742 5781 Fabr.

2283 5844 2298 5859 ο
2412 5856 2415 5857 ,
2496 5824 2526 5859 0
2554 5845 2567 5860 ι
2718 5844 2734 5866 ς
2808 5842 2821 5856 .
2961 5839 2976 5856 ο
