3892 6272
161 405 166 408 _
197 331 290 388 697

1526 338 2063 397 PRDLEGOMENA.

3331 349 3439 405 498

197 449 364 503 mirari
398 450 529 506 satis
563 466 669 505 non
718 465 959 521 possunt,
1010 452 1139 522 quid
1179 454 1234 508 in
1277 465 1513 512 mentem
1548 458 1759 515 venerit
1786 462 1833 520 Α
1863 457 2076 512 niorum
2100 455 2501 512 feracissimum
2523 455 2655 511 illud
2677 446 2933 512 mulum
2960 456 3124 527 sapit,
3142 456 3234 515 ubi
3256 461 3439 516 ethni-

194 541 395 609 nuperis
440 542 691 599 omnibus
733 538 965 616 Nysseni
1010 546 1327 613 editoribus,
1374 557 1434 603 ut
1484 549 1752 621 integrum

196 634 472 688 secundum
500 646 684 706 caput,
720 638 861 707 quod
888 639 1070 709 operis
1097 638 1334 697 Nemesii
1355 657 1459 698 non
1506 655 1755 701 contem-

196 724 408 781 nendam
438 737 641 796 partem
666 726 848 794 efficit,
875 739 930 785 et
950 729 1097 785 illum
1125 731 1304 801 ipsum
1341 734 1407 790 de
1444 736 1752 793 animarum

196 818 603 885 praeexsistentia
635 833 877 875 errorem
912 821 966 876 in
1010 837 1070 877 se
1107 823 1292 892 habet,
1346 835 1631 897 postquam
1673 838 1755 883 to-

197 918 296 962 tum
314 924 446 978 opus
466 909 729 983 Gregorio
745 913 1047 984 justissima
1059 916 1264 987 judicio
1285 920 1482 973 dudum
1508 930 1755 989 ereptum

199 999 450 1058 Emeseno
488 1014 675 1059 nostro
719 1006 994 1062 addictum
1034 1007 1247 1077 fuisset,
1292 1011 1590 1069 etiamnum
1631 1024 1755 1070 tan-

195 1104 339 1159 quam
380 1089 622 1163 Gregorii
675 1095 964 1165 genuinum
1024 1095 1192 1153 fetum
1246 1100 1390 1156 inter
1426 1118 1589 1172 opera
1640 1104 1758 1174 ejus

194 1180 513 1249 evulgarent.
571 1183 709 1252 Quin
762 1196 817 1241 et
876 1188 1081 1259 pariter
1135 1190 1320 1246 mirari
1376 1194 1541 1254 subit.
1588 1211 1758 1265 quare

198 1284 471 1329 tractatum
509 1279 828 1346 praedictum
857 1292 1020 1351 caput
1046 1284 1415 1340 continentem
1456 1302 1484 1341 a
1518 1286 1760 1359 Burgun-

195 1362 338 1419 dione
387 1364 576 1421 Latine
619 1368 847 1435 editum,
898 1388 997 1426 nec
1042 1389 1147 1427 non
1183 1374 1446 1442 Cononis,
1485 1378 1754 1448 Rhenani,

198 1454 366 1518 Vallia,
397 1456 658 1514 Ellebodii
687 1462 833 1517 curis
856 1464 1253 1534 elucubratum,
1287 1464 1465 1525 denuo
1506 1470 1759 1528 Frederi-

196 1563 281 1601 cus
309 1548 557 1607 Morellus
596 1552 1069 1625 interpretaretur,
1114 1558 1260 1615 nulla
1295 1560 1495 1619 laboris
1540 1574 1649 1621 tant
1677 1581 1761 1623 su-

196 1642 425 1709 pervacui
462 1644 671 1701 ratione
697 1649 927 1704 reddita.

258 1730 307 1786 In
343 1733 580 1789 editione
634 1735 915 1805 Ellebodii,
964 1750 1022 1795 ut
1078 1722 1134 1797 et
1195 1742 1394 1815 Bignmi
1464 1749 1665 1815 etiam,
1704 1750 1756 1805 in

1856 549 2060 604 cismus
2090 546 2205 616 jam
2235 547 2606 617 exspiraturus
2629 545 2847 603 ultimos
2872 560 3000 603 suos
3032 559 3262 605 conatus
3284 550 3438 606 vide-

1860 646 1949 693 tur
1975 638 2233 706 edidisse,
2269 649 2324 695 et
2367 640 2467 695 sub
2507 637 2796 704 Hieroclis,
2827 637 3049 706 Plotini,
3091 640 3422 705 Jamblichii.

1857 729 2143 804 Porphyrii
2167 740 2222 786 et
2251 729 2603 801 reliquorum,
2633 730 2723 801 qui
2760 729 2827 785 ab
2859 730 3101 799 Eunapio
3127 747 3436 787 institeran-

1862 826 1975 887 tur,
2014 822 2302 893 prasidiis,
2363 822 2757 894 philosophiam
2806 822 3223 880 Christianismo
3274 840 3439 895 oppo-

1861 917 1995 980 suit,
2025 926 2083 972 ut
2114 931 2178 972 ex
2206 916 2374 972 altera
2414 926 2566 986 parte
2593 916 2780 971 eadem
2823 926 3143 986 tempestate
3174 918 3433 987 auspiciis

1862 1023 1973 1063 non
2034 1007 2359 1074 minoribus,
2404 1005 2473 1062 ab
2527 1005 2845 1071 Athanasio,
2896 1006 3119 1072 Basilio,
3165 1007 3435 1077 Ephremo

1862 1100 2022 1173 Syro,
2060 1099 2327 1171 Nysscno,
2371 1096 2735 1164 Nazianzeno,
2778 1096 3078 1169 Epiphanio
3106 1099 3244 1154 idem
3278 1099 3439 1155 Chri-

1860 1192 2176 1248 etianismns
2227 1190 2582 1262 philosophiae
2633 1190 2796 1245 etiam
2827 1192 3089 1261 suppetiis
3119 1190 3435 1246 defendeba-

1861 1295 1967 1340 tur.
2016 1281 2123 1343 Sed
2179 1282 2233 1338 in
2279 1298 2339 1339 re
2372 1292 2478 1337 tam
2512 1280 2719 1337 lubrica
2754 1283 2887 1337 certi
2921 1283 3122 1352 aliquid
3169 1292 3431 1346 statuere,

1863 1377 2051 1431 nimia:
2080 1385 2228 1431 esset
2256 1374 2535 1439 audaciae;
2567 1375 2869 1444 praesertim
2901 1376 3115 1444 quando
3143 1375 3274 1435 nihil
3306 1391 3434 1445 pro-

1860 1467 2031 1532 hibet,
2078 1467 2261 1538 plures
2293 1467 2459 1522 fuisse
2492 1463 2796 1529 Nemesios,
2840 1479 3043 1536 eosque
3083 1466 3435 1538 philosophos

1859 1570 1914 1614 et
1945 1559 2283 1617 Christianos
2331 1560 2474 1615 circa
2514 1557 2841 1613 Nazianzeni
2893 1569 3153 1629 tempora.
3185 1561 3345 1615 Certe
3379 1561 3432 1615 in

1859 1651 2050 1707 lsidori
2095 1652 2384 1708 Pelusiotte
2425 1652 2645 1721 scriptis
2683 1650 2923 1707 Nemesii
2964 1652 3127 1707 etiam
3152 1653 3433 1723 cujusdam

1866 1745 2194 1799 mentionem
2228 1759 2539 1807 occurrere,
2570 1753 2623 1797 et
2672 1743 2912 1812 quinque
2942 1742 3200 1812 epistolas
3230 1743 3433 1798 nomini

198 1816 427 1876 Biblioth.
468 1821 625 1877 Patr.
655 1825 762 1880 vol.
798 1826 913 1894 XII,
948 1829 1034 1884 hic
1074 1842 1257 1887 noster
1290 1834 1578 1893 Nemesins
1612 1839 1751 1897 Gre-
1788 1820 1836 1881 Β
1867 1833 1957 1889 isti
2008 1834 2211 1891 dicatas
2263 1834 2508 1903 reperiri,
2540 1835 2675 1891 satis
2721 1842 2969 1899 constat;
3003 1833 3121 1889 scil.
3154 1834 3434 1905 Νεμεσιῳ,

197 1911 319 1975 gurii
342 1911 665 1971 Nazianzeni
694 1917 978 1976 familiaris
999 1932 1053 1977 et
1085 1923 1433 1995 Cappadocia:
1467 1932 1754 1999 praefectus

199 2002 350 2057 fusse
402 2005 634 2072 dicitur;
698 2008 957 2080 incnjus
1015 2017 1301 2073 sentcntiae
1354 2020 1754 2081 firmamentum

198 2095 403 2163 cpistola
443 2097 516 2153 79
550 2098 953 2160 aNazianzeno
1020 2107 1086 2161 ad
1142 2111 1388 2165 eumdem
1442 2114 1641 2185 scripta
1699 2117 1754 2172 in

199 2187 414 2243 medium
451 2192 790 2260 producitur.
823 2195 1143 2254 Debuissent
1188 2202 1405 2271 quidem
1433 2207 1548 2274 pari
1581 2210 1758 2263 omni-

199 2289 260 2331 no
281 2277 399 2347 jure
432 2289 548 2335 tres
578 2281 695 2336 alia:
722 2286 988 2354 epistolae,
1019 2288 1279 2346 nimirum
1325 2292 1447 2359 183,
1476 2295 1601 2362 184,
1633 2298 1754 2368 I85,

197 2381 286 2422 nec
327 2385 429 2425 non
488 2382 545 2428 et
596 2388 817 2432 carmen
857 2378 990 2434 satis
1029 2380 1320 2449 prolixum,
1380 2388 1447 2440 ad
1505 2391 1756 2447 eumdem

200 2460 407 2527 scripta,
453 2463 509 2517 in
564 2465 930 2522 testimonium
981 2470 1164 2525 citari.
1211 2472 1399 2530 Billius
1425 2478 1666 2547 quidem,
1699 2494 1759 2538 ut

198 2561 244 2643 et
263 2550 345 2606 alii
366 2553 632 2621 nonnulli,
664 2558 887 2615 minime
921 2562 1215 2619 verisimile
1239 2577 1452 2635 putant,
1478 2570 1758 2643 Cappado-

200 2641 285 2703 cia:
314 2644 651 2716 praefectum,
682 2651 960 2708 hominem
1008 2655 1191 2711 saeculi
1223 2660 1370 2717 curis
1396 2641 1669 2720 addictum
1704 2675 1761 2722 et

199 2749 227 2786 υ
253 2733 553 2794 Christiana
586 2742 783 2809 pietate
827 2744 1086 2815 alienum,
1131 2762 1227 2805 aut
1270 2752 1580 2824 episcopum
1619 2758 1760 2824 ﬁeri,

201 2838 283 2880 aut
325 2827 522 2886 librum
569 2832 900 2903 istiusmodi,
938 2837 1114 2907 qualis
1165 2840 1255 2896 hic
1308 2855 1495 2901 noster
1525 2858 1627 2914 est,
1668 2853 1759 2920 qui

202 2933 301 2988 pne
329 2924 583 2980 manibus
617 2925 867 2993 habetur,
908 2931 1219 3000 scripsisse.
1254 2933 1408 3002 Quod
1459 2948 1641 2994 autem
1694 2944 1763 2997 ad

202 3010 561 3078 praefecturam
635 3018 852 3086 attinet,
899 3029 956 3076 et
992 3037 1200 3090 nomen
1263 3026 1477 3084 Christo
1524 3032 1762 3087 nondum

204 3104 388 3171 datum,
420 3107 585 3165 facile
612 3111 716 3166 erit
745 3127 1043 3183 I‘CPOHGI‘C:
1085 3132 1200 3173 rem
1227 3134 1348 3175 eam
1381 3136 1491 3176 nou
1511 3125 1648 3179 adeo
1676 3125 1764 3180 in-

203 3196 495 3254 credibilem
532 3200 699 3258 videri
738 3181 925 3275 iiquui
948 3210 1219 3276 noverint,
1250 3212 1441 3280 quales
1471 3227 1536 3269 eo
1563 3216 1678 3284 ipso
1709 3215 1764 3272 in
1794 3181 1841 3244 ο

202 3292 381 3348 seculo
416 3294 638 3351 fuerunt
675 3298 1018 3368 Ambrosius,
1052 3301 1335 3361 Nectarius
1381 3316 1435 3361 et
1479 3306 1765 3379 Synesius,

203 3396 310 3439 cuin
333 3387 397 3439 ad
436 3388 602 3445 sedes
643 3403 770 3446 suas
802 3405 1273 3462 promoverentur.
1321 3396 1432 3454 Nec
1474 3409 1623 3454 certe
1663 3399 1769 3455 Ne-

206 3476 389 3532 nnesius
418 3489 611 3535 noster
638 3482 814 3538 sacris
844 3481 1032 3539 infulis
1060 3484 1315 3554 indignus
1340 3500 1564 3554 prorsus
1598 3486 1769 3543 habe-

206 3565 356 3636 bitur,
382 3572 472 3640 qui
503 3588 534 3626 a
569 3571 843 3644 Theologo
874 3573 1141 3648 Gregorio
1188 3575 1559 3647 philosophiae,
1585 3578 1770 3648 probi-

205 3658 351 3726 batis,
373 3663 627 3731 justitie,
650 3667 908 3725 amicitia:
936 3669 1151 3725 demunt
1194 3672 1435 3738 nomine,
1470 3686 1576 3727 non
1611 3673 1772 3728 modo

207 3750 420 3822 laudari,
455 3759 551 3814 sed
586 3774 710 3815 cum
736 3760 1086 3817 veneratione
1107 3762 1340 3831 quadam
1376 3766 1578 3834 suspici
1609 3775 1773 3835 atque

208 3849 298 3902 coli
332 3862 636 3918 meruerat;
670 3868 830 3922 quem
869 3855 1037 3910 etiam
1076 3865 1352 3927 utcunque
1392 3858 1521 3914 olim
1558 3860 1772 3916 charis-

206 3939 407 4008 simum,
438 3943 615 4012 magis
644 3944 943 4000 etiamnum
978 3947 1205 4003 charum
1247 3947 1514 4015 futurum,
1543 3949 1774 4021 ejusque

209 4035 375 4090 animo
425 4037 647 4107 penitus
700 4051 799 4093 ceu
845 4038 1098 4094 columna
1161 4055 1303 4096 aerea
1362 4041 1771 4097 inscribendum

209 4130 439 4196 spondet,
471 4130 668 4203 ἐπειδὴ
690 4130 760 4186 ἂν
787 4131 921 4203 γένῃ
955 4132 1090 4186 Θεοῦ
1122 4134 1216 4187 καὶ
1251 4133 1438 4203 σαφῶς
1471 4133 1736 4207 ἡμέτερος
1755 4150 1772 4166 ’

210 4222 315 4279 soil.
358 4224 549 4292 pietati
601 4225 926 4282 Christiana:
957 4242 1018 4282 se
1057 4236 1229 4283 totum
1266 4229 1583 4295 tradiderit;
1630 4229 1775 4298 quod

211 4312 259 4368 in
312 4320 649 4375 carminibus
708 4321 888 4376 denuo
942 4320 1293 4383 vaticinatur.
1348 4332 1404 4376 et
1447 4337 1546 4376 ceu
1578 4323 1776 4377 entheo

210 4405 425 4473 Quodam
455 4409 641 4466 furore
664 4411 922 4479 percitus,
950 4426 1139 4481 poema
1171 4426 1326 4466 suum
1358 4411 1559 4467 claudit
1589 4429 1606 4469 :

835 4547 1140 4621 Nsttéoctog
1162 4546 1531 4621 ὀϐριμόβυμος

211 4611 601 4690 Κᾳππαδᾷκῃσο
624 4616 883 4690 τάλαντα
900 4611 1057 4690 δίκης
1081 4611 1543 4690 ἰθεῖα’τᾷνύσὰαζ,

310 4684 775 4764 χροσὺίδολόενῖα
804 4689 898 4742 καὶ
935 4684 1193 4764 ᾇρῇῳρον,
1226 4689 1345 4764 obde
1376 4691 1474 4764 μὲν
1511 4690 1709 4754 ἵππους

213 4751 521 4831 Elysias-rat;
564 4759 909 4831 nespdswaq,
943 4751 1185 4831 ἅοῖδῲον
1210 4751 1637 4831 εὖχοξέχοντας,

216 4824 547 4902 ἄγων
576 4824 833 4902 ’πΧοῦτος
847 4829 958 4902 γᾴρ
985 4824 1308 4902 ἀνοῦτατοξῖ
1343 4824 1462 4885 ἀνιῆ
1480 4830 1536 4883 δὲ
1564 4824 1779 4887 πάντων

213 4894 499 4971 Μάργαρον
537 4899 834 4971 αἰγλήεντα
859 4894 1033 4971 μὲἧθαν
1060 4900 1287 4973 ληῖσατο
1310 4901 1565 4974 Χριστόν.

279 5030 369 5088 llis
414 5037 616 5091 addere
675 5035 879 5104 licebit,
934 5036 1164 5108 plurima
1207 5025 1335 5094 esse
1363 5038 1560 5094 indicia
1607 5054 1780 5108 eaque

218 5139 312 5178 non
356 5129 773 5195 contemnenda,
817 5145 937 5199 quae
970 5131 1294 5201 scriptorem
1346 5133 1491 5186 hunc
1546 5130 1779 5188 Nazian-

217 5217 324 5268 zeni
351 5217 549 5273 saeculo
584 5218 934 5275 addixerint:
969 5221 1223 5275 ninnrum
1252 5223 1427 5292 primo
1452 5224 1504 5277 in
1537 5223 1661 5279 loco
1695 5232 1778 5278 to-

220 5314 295 5360 lus
339 5309 449 5365 fere
492 5322 578 5366 est
631 5312 684 5367 in
717 5314 1133 5380 controversiis,
1165 5330 1287 5384 quze
1338 5330 1404 5370 ea
1458 5325 1778 5385 tempestate

219 5395 268 5449 iu
318 5398 555 5456 Ecclesia
602 5401 994 5471 versabantur,
1043 5400 1470 5474 Origenistarum
1516 5403 1781 5474 intelligo.

221 5488 661 5558 Apollinariormn
704 5506 758 5552 et
793 5497 1254 5567 Eunomianorum
1288 5494 1585 5552 lneresibus
1623 5496 1785 5552 refel-

222 5578 398 5640 lendis.
424 5585 675 5645 Secundo
699 5600 954 5646 auctores
978 5590 1154 5646 solum
1179 5591 1333 5655 citat,
1372 5590 1463 5659 qui
1498 5599 1625 5645 ante
1654 5604 1793 5660 qua-

227 5668 692 5742 dringentesimum
740 5694 945 5734 annum
973 5693 1005 5734 a
1041 5679 1264 5737 Christo
1312 5680 1639 5736 inclaruere.
1693 5680 1790 5736 De-

226 5773 363 5819 mutn
395 5768 582 5835 scripti
615 5771 782 5838 ipsius
814 5775 1099 5831 character
1126 5773 1583 5830 nobilissimorum
1632 5773 1787 5845 inge-

1862 1925 1955 1980 lib.
1985 1941 2049 1989 tt,
2083 1926 2250 1995 epist.
2280 1925 2403 1991 154,
2441 1925 2534 1981 lib.
2566 1941 2639 1990 tv,
2674 1925 2833 1995 epist.
2861 1924 2951 1986 '53,
2975 1934 3031 1980 et
3066 1925 3160 1980 lib.
3188 1940 3241 1990 v,
3277 1927 3435 1994 epist.

1860 2018 1951 2084 36;
1983 2016 2239 2088 Νεμεσίῳ
2267 2016 2569 2089 Πραίτωρι,
2602 2016 2696 2073 lib.
2729 2032 2768 2081 ι,
2810 2017 2970 2086 epist.
3018 2016 3111 2081 £4,
3139 2026 3195 2071 et
3222 2017 3438 2071 dentuzu

1860 2109 2117 2181 Νεμεσίῳ
2137 2107 2494 2181 Μαστριανῷ,
2527 2107 2620 2163 lib.
2651 2124 2724 2173 tv,
2751 2108 2912 2175 epist.
2936 2108 3026 2163 8|.
3059 2108 3188 2175 Qua:
3218 2108 3438 2178 quidem

1861 2213 2041 2261 utrmn
2073 2215 2238 2255 unum
2269 2200 2527 2269 aliquem,
2555 2215 2622 2252 an
2649 2199 2898 2255 diversos
2930 2200 3236 2269 designent,
3265 2215 3334 2254 an
3367 2199 3435 2253 ad

1864 2301 2142 2348 auctorem
2179 2300 2424 2349 nostrum
2469 2291 2738 2348 ullatenus
2787 2299 3052 2362 spectent,
3104 2291 3334 2346 aliorum
3368 2294 3441 2346 sit

1860 2384 2145 2456 iudicium.
2205 2386 2336 2443 Mihi
2392 2385 2633 2456 quidem,
2677 2394 2756 2451 ut,
2812 2401 2932 2454 quae
2980 2385 3234 2450 sentiam,
3269 2385 3444 2441 libere

1872 2480 2118 2548 eloquar,
2155 2478 2605 2535 verisimillimum
2630 2494 2853 2549 prorsus
2882 2477 3441 2543 videtur,Nemesium

1865 2572 2009 2627 hunc
2037 2580 2281 2626 nostrum
2314 2569 2519 2627 vixisse
2560 2569 2779 2627 demum
2807 2580 3094 2641 appetente
3116 2581 3311 2640 quarto
3342 2586 3445 2626 sae-

1867 2663 2011 2728 culo,
2035 2662 2155 2718 scil.
2198 2672 2326 2718 ante
2351 2672 2444 2718 aut
2473 2662 2730 2728 Nestorii,
2765 2671 2860 2718 aut
2891 2662 3206 2734 Eutychetis
3231 2671 3442 2734 tempo-

1868 2768 1925 2807 ra
1945 2794 1961 2820 ,
1990 2754 2092 2808 hoc
2118 2762 2221 2820 est,
2252 2760 2544 2824 antequam
2575 2752 2779 2807 Paulus
2812 2752 2992 2807 Ernesi
3030 2751 3286 2815 sedisset,
3316 2766 3443 2806 eum

1869 2846 2132 2915 intelligo,
2165 2846 2256 2915 qui
2301 2847 2563 2901 adversus
2603 2845 2913 2901 Nestorium
2941 2860 3001 2900 re
3024 2854 3244 2900 strenue
3289 2852 3449 2911 gesta

1867 2938 2184 2995 eonomine
2246 2950 2277 2990 a
2331 2935 2534 3007 Cyrillo
2583 2935 2952 2990 Alexandrino
3019 2933 3446 2989 cumulatissime

1868 3028 2078 3085 laudari
2118 3027 2339 3092 meruit,
2364 3036 2419 3082 et
2448 3025 2518 3081 ab
2560 3025 2838 3081 historicis
2895 3025 3285 3080 ecclesiasﬁcis
3316 3038 3443 3092 pas-

1869 3121 1974 3178 sim
2004 3118 2290 3175 celebrari.
2328 3116 2499 3186 llujus
2538 3119 2614 3173 rei
2659 3117 2913 3172 indicimn
2955 3130 3059 3170 ηοω
3097 3115 3211 3171 leve
3242 3124 3441 3177 statuo,

1871 3212 2016 3283 quod
2046 3225 2167 3266 cum
2191 3224 2312 3280 cap.
2340 3209 2395 3276 5,
2440 3208 2578 3278 Περὶ
2607 3207 2875 3274 ὲνὼσεως
2888 3206 3095 3275 ψυχῆς
3122 3206 3222 3260 καὶ
3243 3204 3445 3276 σώμα-

1869 3322 1972 3370 τος
2006 3300 2167 3357 verba
2205 3301 2439 3365 facturo,
2475 3300 2546 3356 de
2592 3300 2937 3371 bypostatica
2982 3299 3184 3353 unione
3228 3297 3448 3353 deitatis

1870 3407 1992 3450 cum
2022 3390 2360 3447 humanitate
2394 3391 2445 3444 in
2480 3404 2708 3459 persona
2759 3388 3065 3444 Servatoris
3094 3387 3265 3443 nostri
3295 3404 3449 3442 men-

1870 3486 1947 3539 tio
1992 3483 2295 3546 incidisset,
2341 3490 2533 3536 contra
2592 3479 2917 3536 Eunomium
2971 3491 3159 3550 aperte
3189 3480 3448 3548 disputat

1871 3575 1958 3630 bis
2002 3574 2228 3629 verbis:
2268 3571 2561 3644 Καθαρῶς,
2583 3570 2873 3642 ἀσώματος
2916 3570 3078 3640 φύσις
3136 3573 3304 3643 χωρεῖ
3350 3571 3480 3641 μὲν,

1872 3664 2166 3729 ἀκωλύτως
2198 3663 2289 3719 διὰ
2333 3663 2577 3731 πάντων“;
2599 3663 2665 3717 δι’
2686 3663 2859 3735 αὐτῆς
2897 3663 2956 3717 δὲ
3001 3663 3175 3727 οὐδὲν,
3206 3662 3344 3717 ὥστε
3373 3661 3452 3732 τῷ

1876 3759 1972 3830 μὲν
2003 3760 2200 3829 χωρεῖν
2224 3757 2313 3812 διὰ
2342 3758 2559 3834 ardyth
2580 3754 2841 3828 ἡνῶσθαι.
2869 3754 2948 3827 τῷ
2973 3754 3029 3809 δὲ
3060 3755 3225 3827 μηδὲν
3255 3754 3323 3808 δι’
3354 3756 3451 3810 αὐ-

1872 3848 1994 3920 τῆς,
2032 3847 2214 3921 μένειν
2252 3849 2482 3920 ἄμικτον
2536 3849 2632 3902 καὶ
2671 3848 3006 3919 ἀσύγχυτον·
3040 3862 3162 3917 quae
3211 3846 3450 3914 quidem,

1874 3946 1918 4000 si
1947 3960 2008 4000 ea
2058 3950 2379 4012 tempestate
2433 3939 2716 3995 Nestorins
2759 3950 2853 3995 aut
2890 3937 3160 4009 Eutychos
3200 3938 3453 4007 dogmata

1873 4050 1969 4089 sua
1998 4032 2360 4102 evulgassent,
2398 4029 2565 4086 multo
2594 4029 2952 4099 opportunius
3006 4030 3267 4084 adversus
3302 4028 3452 4095 ipsos

1875 4124 2105 4179 fuissent
2159 4124 2454 4188 intentata;
2492 4119 2690 4189 quippe
2739 4117 2830 4187 qui
2880 4117 3093 4172 altioris
3136 4117 3293 4186 lenge
3334 4116 3454 4170 sub.

1875 4216 2011 4272 sellii
2061 4213 2464 4275 ha-resiarchae,
2492 4221 2548 4266 et
2598 4210 2923 4265 Eunomium
2963 4208 3151 4264 multis
3181 4221 3453 4277 parasan-

1875 4307 1957 4375 gis
2003 4305 2330 4376 antegressi,
2381 4314 2551 4358 tottnn
2582 4302 2696 4358 fere
2741 4301 3111 4356 Christianum
3143 4300 3355 4362 orbem,
3387 4314 3453 4353 o-

1885 4401 2117 4453 rientem
2150 4396 2474 4465 praesertim,
2508 4394 2815 4449 turbavere.
2860 4393 2924 4447 Et
2954 4391 3169 4461 quidem
3213 4388 3456 4458 paniculis

1885 4490 2023 4555 istis,
2067 4503 2187 4560 quae
2214 4486 2454 4553 laudavi,
2485 4486 2685 4551 verbis,
2721 4483 3003 4551 utriusque
3050 4481 3208 4539 istius
3236 4480 3457 4537 nefaria:

1888 4583 2161 4637 haereseos
2213 4578 2459 4649 jugulum
2512 4578 2689 4648 ipsum
2743 4573 3034 4630 manifeste
3068 4573 3288 4644 petitur.
3322 4572 3459 4629 Cmn

1886 4672 2029 4727 enim
2063 4669 2295 4725 Nestorii
2327 4683 2591 4724 venenum
2630 4667 2682 4720 in
2713 4667 2816 4721 hoc
2838 4665 2964 4736 poni
2990 4665 3268 4721 asserebat
3292 4665 3458 4735 Ephe

1887 4764 2006 4819 sina
2046 4764 2305 4835 synodus,
2364 4760 2509 4832 quod
2567 4769 2817 4815 naturam
2891 4759 3187 4813 humanam
3266 4759 3460 4817 divinat

1886 4854 2150 4926 ἑνωοῆναι
2196 4852 2340 4907 κατὰ
2401 4852 2584 4923 σχέσιν
2621 4851 2841 4915 dixerit,
2873 4850 2950 4906 ait
2985 4850 3291 4915 Nemesius.
3329 4849 3462 4906 reali

1886 4949 2180 5018 intimoquc
2213 4962 2349 5001 nexu
2372 4941 2738 5016 conjungiﬁtit
2768 4942 2870 5015 μὲν
2895 4945 3093 5015 χωρεῖν
3121 4940 3214 4997 διὰ
3246 4941 3462 4995 πάντων

1885 5039 2145 5112 ἡνῶσθαι.
2191 5037 2447 5106 Quinimo
2490 5037 2705 5106 quando
2736 5052 2767 5090 e
2803 5045 2997 5092 contra
3032 5033 3301 5105 Eutyches
3354 5031 3463 5086 Do-

1885 5131 2017 5187 mini
2048 5131 2214 5187 nostri
2247 5138 2473 5184 naturas
2498 5128 2721 5183 omnino
2747 5125 3132 5192 confunderet,
3172 5124 3463 5193 ipsissimis

1889 5221 2127 5277 Netnesii
2176 5222 2356 5276 verbis
2407 5220 2650 5291 synodus
2702 5215 3163 5275 Chalcedonensis
3192 5214 3460 5277 decernit,

1888 5316 2029 5386 quod
2081 5316 2149 5370 sit
2197 5314 2431 5386 ἄμικτος
2460 5314 2555 5366 καὶ
2581 5310 2924 5382 ἀσύγχυτος·
2961 5307 3103 5377 quod
3142 5306 3343 5375 pariter
3379 5306 3465 5358 di-

1890 5405 2119 5459 cendnm
2148 5406 2214 5458 de
2242 5404 2445 5459 omissa
2486 5404 2701 5473 penitus
2728 5404 2782 5455 in
2832 5400 2988 5468 longa
3019 5398 3088 5451 de
3116 5396 3287 5449 libero
3319 5397 3467 5449 arbi-
3520 5442 3523 5443 ν

1890 5495 1993 5550 ttio
2014 5495 2375 5566 disputatione
2403 5491 2785 5565 Pelagianismi
2821 5489 3111 5545 mentione.
3143 5489 3463 5556 Quanquam

1890 5587 2040 5640 enim
2105 5588 2158 5642 in
2182 5584 2473 5642 Occidente
2544 5583 2881 5656 potissimum
2930 5587 3172 5651 grassata
3233 5588 3315 5633 est
3378 5578 3465 5631 illa

1890 5677 2079 5747 pestis,
2120 5677 2353 5747 reliquas
2411 5686 2589 5730 tamen
2650 5672 2800 5729 orbis
2848 5668 3140 5727 Christiani
3217 5666 3467 5737 regiones

1894 5769 2078 5839 uti-pte
2104 5769 2418 5833 amaverat;
2455 5768 2720 5840 siquidem
2747 5779 2889 5821 anno
2917 5763 3121 5822 Christi
3152 5761 3280 5829 4L5,
3310 5775 3467 5833 syno-
