3896 6268
466 343 570 407 599

1483 343 1830 403 NEMESIUS
1869 345 2252 407 EPISCOPUS
2289 347 2561 405 EMESEN
2571 347 2677 406 US.
3646 356 3738 408 500

467 454 642 512 dusln
687 452 888 526 Pelagii
915 460 971 511 et
1003 452 1236 511 Czelcstii
1280 469 1444 511 causa
1479 455 1716 531 Diospoli
1748 460 2050 518 Palrestinze
2080 471 2126 526 Α
2233 464 2386 532 Quod
2428 463 2494 519 ad
2529 461 2819 519 editionem
2855 461 3025 532 ipsam
3067 462 3306 530 attinet,
3353 462 3592 536 breviter
3629 482 3739 536 pro-

466 543 844 602 celebrabatur
907 561 922 598 :
973 545 1244 601 maturius
1307 546 1470 602 etiam
1532 549 1940 623 Hierosolymis,
2004 553 2049 609 si

467 637 657 693 Orosio
692 637 825 695 lldes
889 636 942 692 in
999 637 1181 692 libello
1219 637 1295 694 De
1324 641 1540 695 arbitrii
1563 641 1806 700 libertate
1846 645 1920 699 ita
1976 653 2054 700 te-

466 735 582 782 stati
593 728 653 782 ti.

536 820 674 887 Quin
705 831 760 876 et
801 824 1076 878 mantissae
1125 823 1242 878 loco
1275 825 1474 882 addere
1535 827 1738 893 licebit,
1783 830 2050 901 siquidem

468 920 592 978 post
621 922 874 980 quartum
931 914 1186 970 sacculum
1224 920 1621 989 προῦπὰρξεως
1671 921 1862 991 dogma
1916 921 2054 975 male

470 1003 522 1059 in
557 1002 804 1059 Ecclesia
830 1004 1020 1060 audire
1044 1007 1232 1076 etepit,
1269 1018 1321 1061 et
1360 1013 1574 1063 tandem
1612 1009 1905 1065 Justiniaui
1937 1027 2052 1067 :cvo

465 1111 498 1148 a
545 1096 758 1168 synodo
782 1095 1375 1168 Constantinopolitano
1424 1117 1648 1172 prorsus
1671 1103 2050 1172 damnabatur,

469 1189 585 1244 fieri
618 1204 723 1243 non
762 1200 962 1258 potest,
995 1200 1052 1246 ut
1083 1192 1155 1246 ita
1184 1207 1378 1248 secure
1409 1195 1474 1248 de
1515 1195 1605 1251 illo
1639 1196 2054 1267 philosophare~

467 1290 558 1335 tur
586 1279 894 1346 Nemesius,
923 1283 966 1338 si
1005 1283 1297 1354 quidquam
1324 1300 1386 1340 ea
1415 1300 1479 1342 ex
1517 1298 1693 1356 parte,
1727 1289 1814 1344 illa
1843 1297 2052 1361 tempe-

465 1382 628 1438 state,
652 1388 756 1445 qua
783 1375 828 1430 is
859 1376 1173 1445 scripserat,
1211 1377 1404 1433 fuisset
1439 1379 1748 1436 definitum.

540 1463 646 1520 Sed
695 1465 762 1520 de
801 1475 1022 1520 auctore
1054 1476 1239 1522 nostro
1266 1468 1534 1525 hactenus
1564 1488 1578 1537 ;
1609 1472 1675 1526 de
1700 1473 1906 1542 scripto
1937 1473 2054 1542 ipso

468 1556 723 1611 nonnulla
750 1567 1045 1628 supersunt
1075 1559 1328 1615 dicenda.
1361 1557 1428 1614 Et
1458 1562 1676 1630 quidem
1709 1565 1754 1619 si
1801 1564 2053 1620 lectionis

465 1649 728 1716 varietas,
764 1653 1056 1706 verborum
1093 1651 1352 1717 delectus.
1392 1653 1662 1709 rationum
1709 1659 1940 1725 pondus,
1966 1656 2055 1725 ju-

467 1741 590 1796 dicil
620 1751 800 1807 tenor,
853 1743 1092 1798 methodi
1146 1745 1305 1809 ordo,
1331 1747 1638 1816 disputandi
1681 1761 1930 1812 acumen,
1962 1763 2053 1801 ar-

469 1832 708 1900 gumenti
759 1832 976 1886 demum
1025 1831 1284 1903 dignitas,
1314 1845 1368 1890 et
1401 1835 1566 1905 (quod
1612 1835 1679 1890 ad
1708 1837 1936 1906 gratiam
1964 1836 2048 1890 iu-
2087 1821 2127 1876 Β

469 1922 696 1976 ριιηιιθτιι
740 1937 847 1978 non
891 1922 1026 1979 levis
1057 1931 1139 1980 est
1174 1926 1457 1998 momenti)
1494 1942 1706 1982 summa
1737 1941 1859 1982 cum
1888 1928 2050 1985 rebus

468 2013 671 2069 nostris
722 2015 1090 2081 necessitudo,
1144 2027 1433 2073 tractatum
1470 2018 1706 2088 aliquem
1755 2017 2053 2075 lectoribus

467 2105 580 2160 suis
605 2107 895 2163 conciliare
920 2108 1154 2178 poterit;
1191 2111 1378 2182 utique
1403 2111 1492 2166 hic
1516 2111 1680 2168 fuerit
1711 2112 1866 2184 longe
1905 2126 2051 2170 eom-

468 2199 926 2258 tuendatissimus.

541 2294 775 2350 Unicum
827 2295 910 2351 vel
968 2296 1146 2353 adhuc
1199 2297 1394 2364 omisi,
1452 2298 1557 2354 hoe
1608 2307 1786 2353 tamen
1851 2297 2054 2353 saeculo

469 2384 693 2440 minime
720 2387 1157 2457 praetereundum
1188 2407 1203 2444 :
1239 2388 1283 2444 si
1317 2389 1370 2444 in
1403 2388 1743 2460 philosophia
1779 2389 2048 2454 naturali,

468 2477 736 2534 medicina
794 2489 851 2535 et
902 2489 1158 2537 anatome
1212 2481 1429 2537 inventa
1474 2496 1612 2536 nova
1697 2482 1762 2536 ad
1815 2482 2051 2552 palatum

470 2566 710 2633 faciant,
760 2583 860 2624 nec
895 2568 1000 2625 hac
1050 2585 1116 2625 ex
1155 2579 1309 2640 parte
1347 2571 1717 2626 destitu’mur.
1772 2571 2048 2628 llabemus

472 2655 564 2712 b’c
615 2665 850 2726 praesto,
885 2667 940 2714 et
965 2659 1091 2728 jure
1122 2658 1320 2714 merito
1355 2673 1454 2728 pro
1484 2659 1682 2714 nostris
1715 2659 2052 2714 vindicamus

469 2765 535 2800 ea
564 2788 581 2811 ,
613 2759 836 2821 propter
871 2765 992 2821 quae
1026 2751 1259 2822 pridiani
1309 2751 1518 2821 aliquot
1569 2752 1623 2806 in
1676 2767 1734 2808 re
1787 2752 2052 2807 litteraria

470 2843 662 2896 heroes
703 2841 902 2898 cristas
933 2843 1189 2914 erigunt,
1239 2852 1296 2898 et
1335 2843 1696 2898 azternitatem
1733 2842 2052 2898 nominibus

469 2931 582 2985 suis
635 2929 905 3001 spondent
946 2931 1353 3002 postulantque.
1383 2930 1741 2986 Doctissimus
1790 2928 2034 2999 Sylvius,

471 3035 524 3080 tu
555 3023 1016 3092 disputationibus
1047 3024 1277 3078 medicis
1328 3038 1434 3078 non
1471 3022 1546 3076 ita
1588 3021 1797 3090 pridem
1847 3020 2046 3085 editis,

468 3130 592 3171 cum
630 3116 960 3173 adversariis
990 3117 1314 3187 quibusdam
1344 3115 1479 3170 satis
1505 3116 1708 3170 acriter
1737 3113 2050 3178 contendit,

473 3209 580 3261 utri
617 3224 682 3262 ex
717 3209 784 3263 iis
817 3183 1178 3288 hypotheseos
1207 3207 1490 3278 cujusdam
1522 3207 1644 3262 laus
1677 3215 1731 3260 et
1763 3207 1956 3272 decus,
1991 3206 2056 3260 de
2085 3183 2126 3240 ο

478 3315 576 3354 usu
610 3299 734 3355 bilis
761 3300 816 3354 in
849 3299 1174 3369 corporibus
1208 3299 1602 3365 animantium,
1647 3297 1932 3354 debeatur.
1986 3295 2056 3352 Ut

472 3409 574 3462 pax
625 3393 883 3464 deinceps
935 3392 1078 3448 inter
1135 3408 1229 3450 eos
1282 3394 1535 3464 componi
1587 3393 1794 3463 possit,
1848 3393 2057 3457 sciant,

476 3486 669 3551 velim,
698 3487 1018 3544 remTtotam
1050 3485 1120 3541 ab
1151 3495 1374 3542 auctore
1406 3494 1626 3552 nostro,
1661 3495 1788 3541 ante
1817 3485 1963 3541 mille
2007 3493 2062 3539 et

476 3586 780 3632 tercentum
813 3576 931 3632 fere
957 3592 1166 3644 annos,
1195 3592 1301 3633 non
1337 3579 1672 3648 propositam
1721 3578 1881 3632 modo
1912 3617 1926 3639 ,
1962 3575 2058 3631 sed

400 3732 404 3736 _
472 3681 527 3723 et
554 3679 813 3724 accurate
837 3678 1147 3724 enarratam
1177 3711 1193 3734 ,
1222 3669 1399 3738 capite
1429 3670 1686 3724 nimirum
1714 3669 1814 3733 28,
1841 3684 1896 3739 p.
1933 3667 2058 3723 225.

477 3761 534 3816 Si
572 3763 686 3816 hinc
721 3767 901 3814 autem
933 3759 1141 3816 leviora
1170 3761 1475 3828 videantur,
1509 3761 1640 3830 quid
1670 3760 1886 3816 demum
1917 3759 2063 3813 dice-

478 3867 600 3906 mus
623 3891 638 3916 ,
677 3852 722 3907 si
770 3853 910 3906 ratio
955 3852 1328 3907 circulationis
1362 3853 1680 3922 sanguinis,
1718 3852 1771 3906 in
1806 3865 1918 3921 quo
1950 3865 2059 3904 uno

477 3946 699 4001 invento
729 3943 986 4000 smculum
1019 3945 1122 3999 hoc
1151 3951 1435 4014 tantopere
1465 3959 1525 4001 se
1568 3944 1722 4000 elTert
1747 3984 1763 4011 ,
1812 3943 2064 3999 Nemesin

478 4037 680 4090 dudum
706 4035 779 4090 sit
797 4035 1002 4105 agnita,
1028 4034 1319 4106 verbisque
1345 4033 1480 4090 satis
1506 4033 1848 4106 signantibus
1875 4032 2064 4087 adum-

479 4128 680 4184 brata?
711 4127 971 4183 Consulat
1018 4127 1190 4184 lector
1217 4142 1337 4198 cap.
1371 4125 1444 4184 9-4
1465 4168 1481 4195 ,
1514 4142 1567 4198 p.
1597 4125 1736 4191 209,
1767 4135 1824 4181 et
1866 4123 2066 4194 dijudi-

479 4230 594 4278 rel.
635 4235 762 4274 num
799 4229 1002 4276 temere
1033 4219 1151 4276 haec
1180 4220 1453 4276 dicantur.
1499 4221 1546 4275 A
1597 4217 1843 4290 pluribus
1877 4231 2066 4273 recen-

480 4315 664 4371 sendis
696 4315 1062 4386 supersedeo;
1096 4317 1201 4372 hoc
1234 4325 1440 4372 tantum
1474 4330 1618 4371 nunc
1645 4314 1890 4385 agimus,
1922 4315 2065 4383 quod

481 4407 716 4475 propolae
745 4407 981 4476 faciunt,
1008 4410 1110 4480 qui
1136 4409 1403 4465 Attalicas
1432 4417 1610 4465 vestes
1645 4418 1700 4463 et
1731 4407 1938 4463 Milesia
1968 4421 2065 4478 pe-

483 4486 794 4554 ristromata
827 4502 1035 4556 venalia
1068 4512 1423 4572 proponunt:
1461 4501 1654 4571 tapetis
1688 4499 1917 4570 alicujus
1942 4513 2067 4554 oras

2159 555 2338 622 ﬁteor,
2387 571 2473 610 me
2529 555 2580 609 id
2629 555 2839 624 egisse,
2895 565 2954 611 ut
2998 555 3202 610 librum
3250 558 3570 627 egregium,
3621 576 3759 633 pau-q

2159 648 2241 703 cis
2305 647 2596 702 admodum
2645 647 2952 717 cognitum,
3005 656 3058 700 et
3099 654 3194 700 aut
3252 649 3366 702 situ
3413 650 3739 721 tenebrisque

2157 740 2433 806 obsitum,
2487 750 2579 794 aut
2629 741 2820 795 saltem
2875 740 2926 794 in
2990 739 3216 794 Patrum
3274 741 3601 796 Bibliotheca
3653 747 3738 800 sob

2159 840 2310 885 arcta
2369 831 2613 887 custodia
2673 831 2950 898 habitum,
3011 842 3066 886 et
3123 834 3388 888 servilem
3446 835 3498 888 iu
3549 851 3737 890 morem

2157 934 2506 990 eote-natum,
2544 924 2792 979 libertate
2835 927 3134 990 donarem,
3178 937 3236 981 et
3280 909 3731 996 studiosazjuven-

2163 1017 2293 1072 tutis
2332 1017 2587 1071 familiari
2629 1017 2901 1073 convictui
2948 1011 3400 1074 commendatum
3453 1022 3736 1077 redderem.

2162 1107 2419 1174 Quinimo
2449 1108 2691 1162 luxatnm
2725 1123 2848 1162 cum
2871 1145 2886 1172 ,
2919 1109 3232 1180 Str-piusque
3281 1109 3570 1179 mutilum,
3613 1115 3738 1168 duo-

2158 1215 2278 1254 rum
2328 1215 2459 1254 mss.
2491 1215 2592 1268 ope
2616 1240 2631 1264 ,
2669 1215 2767 1255 nec
2801 1216 2906 1254 non
2944 1213 3230 1256 auctorum
3263 1203 3590 1270 collatione,
3619 1221 3740 1275 quos

2161 1303 2252 1346 aut
2285 1293 2398 1361 ipse
2428 1293 2630 1361 passim
2662 1293 2876 1355 laudat,
2907 1303 2996 1347 aut
3027 1284 3115 1363 qui
3146 1295 3330 1364 ipsum
3361 1297 3737 1366 compilarant,

2160 1383 2391 1438 subinde
2422 1384 2764 1439 restituerem
2796 1401 2810 1450 ;
2863 1385 3134 1438 recensita
3170 1385 3477 1454 aliquando
3499 1428 3515 1453 ,
3549 1387 3630 1440 ubi
3664 1403 3740 1442 ros

2159 1474 2211 1528 id
2241 1475 2478 1530 maxime
2515 1473 2853 1545 postulabat,
2888 1486 2941 1529 et
2974 1491 3070 1544 per
3112 1477 3293 1531 otium
3329 1478 3520 1545 licuit,
3567 1479 3736 1533 Latina

2159 1568 2441 1634 versione,
2508 1566 2733 1635 adjectis
2785 1569 2947 1622 etiam
2997 1569 3330 1638 quibusdam
3387 1573 3736 1627 annotationi-

2160 1661 2265 1715 bus
2301 1677 2314 1722 ;
2350 1675 2472 1730 quae,
2496 1661 2675 1714 omnia
2727 1661 2915 1729 quanti
2955 1661 3064 1715 sint
3117 1662 3308 1732 pretii,
3371 1674 3608 1719 nostrum
3643 1680 3735 1718 non

2167 1753 2331 1808 fuerit
2366 1753 2742 1822 pronuntiare.

2237 1865 2290 1920 Is
2331 1878 2470 1921 certe
2501 1879 2610 1920 erat
2649 1877 2834 1921 auctor
2866 1877 3060 1934 noster,
3091 1870 3184 1939 qui
3210 1869 3439 1925 editoris
3473 1871 3738 1941 diligentis-

2166 1959 2287 2011 simi
2317 1975 2472 2012 curas
2499 1959 2724 2028 exigeret
2751 1978 2771 2011 .·
2803 1976 2904 2012 non
2944 1960 3124 2029 quales
3156 1977 3293 2016 mea:
3335 1962 3547 2032 fuerant
3569 1963 3737 2027 ,~alio-

2163 2065 2278 2101 rum
2303 2050 2540 2103 arbitriis
2565 2059 2811 2119 perpetuo
2846 2051 3085 2105 obnoxia:
3105 2094 3120 2121 ,
3152 2061 3203 2106 et
3237 2053 3468 2124 proinde
3499 2053 3736 2108 intercisa

2161 2159 2381 2212 semper,
2413 2152 2462 2196 et
2495 2142 2818 2198 desultorian

2230 2281 2301 2334 At
2341 2278 2479 2349 aequi
2515 2279 2749 2348 bonique
2783 2280 3030 2336 consulat
3061 2281 3278 2337 amicus
3306 2281 3501 2350 lector,
3529 2291 3582 2338 et
3611 2281 3737 2337 inter

2164 2370 2448 2439 legendum
2483 2369 2681 2439 saepius
2715 2369 3056 2435 meminerit,
3088 2385 3246 2425 suam
3282 2371 3374 2427 hic
3407 2372 3602 2442 ubique
3633 2384 3734 2425 rem

2162 2463 2246 2533 agi
2279 2480 2293 2529 ;
2332 2462 2451 2517 scil.
2487 2461 2575 2516 hic
2603 2462 2701 2517 loci
2751 2462 3033 2530 exhiberi,
3063 2478 3170 2517 non
3221 2463 3604 2520 Cartesianum
3643 2477 3732 2516 au-

2161 2563 2432 2619 tomaton,
2479 2554 2697 2609 ﬁctilem
2753 2562 2976 2618 testam,
3031 2553 3345 2624 ligueamve
3409 2555 3731 2617 machinam,

2162 2663 2280 2717 quae
2309 2647 2490 2702 saeculi
2524 2645 2684 2715 hujus
2736 2645 3044 2701 Promethei
3079 2656 3133 2702 et
3159 2647 3389 2704 fabriles
3420 2647 3612 2702 Daedali
3646 2646 3732 2698 liu-

2162 2753 2334 2806 xere;
2380 2738 2474 2793 sed
2512 2738 2686 2791 vivam
2734 2737 2824 2792 Dei
2863 2737 3096 2792 viventis
3130 2738 3428 2810 imaginem
3453 2780 3468 2805 ,
3517 2736 3732 2791 numinis

2161 2831 2550 2900 omnipotentis
2598 2842 2894 2901 ectypnm;
2952 2845 3072 2898 qua:
3135 2833 3325 2886 tuundi
3389 2829 3727 2885 architectum

2165 2923 2436 2988 condere,
2493 2923 2784 2994 virumque
2824 2923 3196 2979 Christianum
3239 2925 3556 2981 describere
3582 2960 3597 2986 ,
3635 2933 3729 2973 non

2163 3019 2464 3073 dedecerel.
2499 3017 2601 3072 Alii
2628 3019 2694 3070 ad
2725 3018 3001 3087 speculum
3034 3032 3094 3072 se
3127 3018 3588 3088 contemplentur,
3628 3010 3729 3082 pal-

2163 3112 2359 3180 pebras
2393 3109 2698 3180 intingant,
2735 3112 2927 3166 dentes
2964 3111 3300 3174 instaureut,
3344 3110 3537 3164 faciem
3577 3104 3705 3160 medi

2163 3213 2377 3270 centur,
2419 3203 2773 3274 capillitium,
2813 3203 3012 3273 duplici
3054 3205 3299 3259 nomine
3331 3202 3600 3267 alienum,
3641 3211 3738 3270 vc-V

2165 3305 2288 3350 xent
2324 3304 2760 3366 torqueantquc;
2800 3305 2853 3350 tu
2901 3297 3147 3361 interim,
3180 3297 3340 3352 bona;
3375 3293 3572 3350 mentis
3602 3291 3729 3346 Cas-

2163 3387 2366 3455 didate,
2391 3388 2457 3441 ad
2487 3389 2866 3457 politissimum
2899 3390 3003 3444 hoc
3034 3390 3352 3461 κάτοπτρον
3376 3389 3597 3456 teipsum
3627 3380 3729 3438 exi-

2164 3494 2296 3550 835.
2336 3482 2586 3551 corporis
2624 3495 2791 3549 opes,
2834 3481 3029 3536 animae
3063 3483 3497 3554 prmrogntivas,
3539 3484 3729 3530 naturte

2165 3572 2434 3626 universae
2463 3572 2640 3626 dotem
2671 3611 2686 3636 ,
2721 3573 2773 3626 in
2805 3573 3017 3628 tabulas
3043 3584 3208 3643 atque
3241 3589 3469 3629 censum
3502 3568 3724 3624 releras:

2165 3663 2472 3734 pudeatque
2495 3664 2735 3718 divinum
2763 3665 2963 3719 animal
2988 3706 3000 3728 ,
3025 3665 3226 3720 summi
3257 3663 3496 3720 numinis
3515 3703 3529 3728 ,
3561 3654 3728 3714 mundi

2166 3757 2435 3821 universi,
2469 3757 2724 3828 quodque
2756 3758 2862 3814 illis
2902 3759 3209 3829 proximum
3239 3800 3255 3826 ,
3291 3759 3373 3814 sui
3405 3756 3569 3824 ipsius
3607 3766 3725 3806 con-

2168 3847 2502 3917 templationi
2541 3859 2748 3916 natum,
2803 3850 2870 3904 ad
2904 3851 3184 3904 brutorum
3217 3850 3401 3906 studia
3428 3858 3483 3904 et
3512 3844 3726 3901 delecta-

2167 3949 2349 3994 menta
2406 3939 2761 3996 descendere.
2815 3939 2957 4007 Quin
2997 3941 3214 4010 dignam
3257 3940 3530 3996 natalibus
3562 3943 3726 3989 sumas

2167 4029 2476 4100 superbiam
2506 4047 2522 4097 ;
2567 4031 2791 4094 divitiis,
2833 4030 3152 4097 honoribus,
3186 4030 3581 4102 voluptatibus,
3613 4036 3725 4078 cor-

2170 4120 2428 4191 porisque
2467 4121 2742 4178 illecebris
2779 4122 3194 4192 quibuscunque
3233 4124 3464 4192 insuper
3503 4117 3715 4178 habitis.

2170 4213 2456 4268 veritatem
2486 4222 2543 4269 et
2575 4214 2830 4270 virtutem
2865 4214 3077 4269 ambias
3110 4215 3271 4270 unice
3309 4224 3366 4269 et
3397 4206 3721 4268 consecteris.

2170 4301 2402 4358 Tantum
2437 4313 2488 4358 te
2519 4304 2572 4357 in
2607 4303 2834 4358 Scientia
2871 4303 3167 4373 profecisse
3207 4306 3401 4360 credas
3426 4344 3440 4369 ,
3482 4305 3721 4367 quantum

2169 4395 2224 4450 in
2257 4396 2502 4450 moribus
2540 4394 2709 4450 lueris
2747 4397 3126 4464 etneudntior;
3169 4413 3234 4453 eo
3275 4410 3445 4466 usque
3482 4393 3718 4447 doctum,

2171 4489 2223 4543 in
2263 4499 2523 4558 quantum
2565 4490 2766 4544 bonum
2797 4513 2814 4558 ,
2855 4489 2927 4544 ita
2960 4489 3370 4560 philosotihum,
3405 4495 3461 4542 ut
3487 4478 3721 4540 Christia-

486 4589 864 4659 iimbrian'ique
891 4592 1270 4658 ostendimus,
1302 4608 1407 4648 non
1443 4589 1719 4648 volumina
1749 4589 1934 4645 omnia
1966 4589 2055 4646 ob-

2174 4595 2324 4635 num.
2383 4577 2646 4635 Parentes
2695 4580 2912 4649 quidem
2973 4582 3140 4635 nostri
3201 4587 3527 4650 praepostera
3573 4567 3719 4666 gulf.

476 4679 697 4750 jicimus
729 4691 784 4736 et
815 4681 1168 4751 expiicamus.

557 4771 823 4827 Audacter
853 4775 1078 4830 dixerim
1101 4819 1114 4844 ,
1151 4776 1390 4848 quisquis
1429 4776 1774 4848 hypomnema
1820 4775 1918 4828 hoc
1961 4789 2066 4828 non

485 4883 701 4935 prorsus
739 4868 1059 4937 negligenter
1091 4870 1332 4925 evaluerit
1357 4910 1372 4936 ,
1409 4887 1528 4925 eum
1559 4869 1791 4942 plurima
1825 4876 2064 4937 repertu-

423 4992 437 5010 .
487 4973 635 5023 rum,
667 4974 831 5030 eaque
863 4975 968 5014 non
995 4958 1121 5016 leuis
1147 4964 1428 5029 momenti,
1460 4978 1577 5035 qua:
1606 4961 1749 5032 apud
1780 4959 2067 5014 neotericos

487 5050 765 5118 ntngistros
785 5091 801 5116 ,
851 5051 1040 5120 quibus
1067 5052 1297 5107 solemne
1323 5053 1548 5109 habetur
1584 5052 1812 5107 scribere
1839 5065 2063 5121 semper,

490 5155 758 5204 nunquam
789 5141 959 5212 legere
983 5184 999 5211 ,
1031 5145 1244 5200 omnino
1284 5161 1414 5200 nova
1449 5144 1783 5202 videbuntur.

2174 4673 2485 4743 priusquam
2564 4673 2686 4726 vitae
2765 4673 3013 4727 arborem
3073 4671 3436 4733 delibassent,
3507 4655 3723 4718 scientia:

2176 4765 2386 4820 fructus
2426 4765 2786 4830 devorantes,
2828 4774 3058 4818 mortem
3098 4749 3197 4819 sibi
3252 4759 3583 4834 posterisque
3621 4747 3719 4803 suis

2175 4859 2544 4923 arcessivere;
2587 4873 2684 4913 nos
2735 4859 2853 4912 vice
2902 4871 3055 4911 versa
3105 4857 3455 4914 scientiarum
3504 4839 3721 4904 surculos

2175 4953 2301 5007 vitae
2358 4953 2536 5007 arbori
2596 4953 2931 5019 inserentes,
2977 4967 3081 5005 non
3122 4952 3383 5006 innocuas
3420 4942 3598 5003 modo,
3632 4930 3711 4988 sed

2173 5054 2229 5101 et
2283 5045 2546 5101 salutares
2587 5047 2783 5116 dapes,
2827 5045 2936 5100 imo
2990 5045 3347 5100 aeternitatem
3383 5039 3546 5109 ipsam
3596 5037 3711 5096 ⁸9³·

2173 5137 2422 5194 labimur.
