3896 6268
704 485 830 507 nam.

1557 316 2092 393 PBOLEGOMENA:

586 663 770 759 J0.
851 663 1476 755 ALBERTUS
1552 661 2184 754 FABRICIUS
2259 661 2407 751 DE
2485 659 3065 754 NEMESIO.

1264 863 1358 915 (Ex
1384 862 1510 916 Bibl.
1536 866 1720 916 Gra'cw
1747 865 1842 915 vol.
1868 863 1974 924 Vll,
2002 877 2112 928 pag.
2141 863 2234 914 549
2254 863 2417 926 seqq.)

259 1171 549 1228 Nemesius
594 1171 672 1244 (a)
715 1171 1014 1258 Emesenus
1065 1173 1120 1227 in
1167 1173 1448 1232 thnicia
1491 1191 1780 1249 episcopus
1811 1183 1859 1241 Α
1885 1179 1953 1236 de
2007 1178 2226 1249 splene.
2283 1177 2506 1233 renibus
2533 1214 2548 1241 ,
2595 1169 2898 1246 glandulis,
2937 1178 2992 1227 et
3033 1170 3100 1226 de
3147 1166 3462 1225 admiranda

191 1278 305 1318 non
339 1263 752 1319 coal'undendus
780 1269 904 1320 cum
935 1261 1220 1333 Nemesin,
1251 1268 1342 1337 qui
1370 1279 1528 1323 antea
1555 1286 1583 1324 a
1621 1269 1780 1326 Chri-

190 1367 280 1410 sto
318 1355 532 1411 alienus
569 1355 922 1425 Cappadot-ire
960 1357 1278 1430 pra‘l'ectutn
1321 1359 1462 1430 egit,
1505 1362 1571 1416 ad
1606 1377 1766 1430 quem

187 1446 444 1520 Gregorii
479 1447 803 1502 Nazianzeni
831 1448 1073 1519 epistola:
1097 1426 1202 1515 ἧς),
1243 1426 1381 1518 185,
1404 1454 1506 1509 181
1530 1495 1546 1519 ,
1579 1426 1682 1510 185
1720 1464 1774 1510 et

191 1553 422 1593 carmen
464 1553 587 1604 ικι,
632 1545 763 1592 ιοηι.
798 1537 872 1603 ll,
909 1552 1032 1608 pag.
1072 1536 1206 1602 140,
1243 1539 1331 1594 ubi
1366 1556 1487 1595 eum
1524 1552 1778 1608 tanquam

197 1629 385 1700 legum
426 1632 660 1700 peritum
700 1628 986 1695 celebrat,
1030 1639 1235 1702 atque,
1280 1641 1342 1686 ut
1379 1633 1596 1687 desinat
1636 1633 1780 1688 idola

189 1721 376 1776 colere
399 1759 414 1786 ,
453 1721 741 1776 hortatur:
778 1730 957 1776 tamen
1004 1723 1104 1777 sub
1132 1721 1271 1777 idem
1307 1732 1520 1793 tempus
1551 1725 1649 1792 (ὁ),
1684 1741 1781 1779 an-

196 1823 420 1882 tequam
454 1812 632 1867 adhuc
664 1810 869 1882 Pelagii
897 1851 913 1876 ,
949 1810 1185 1867 Nestorii
1227 1822 1279 1868 et
1313 1813 1572 1886 Eutycbis
1611 1815 1783 1869 haere-

197 1918 291 1957 ses
343 1901 657 1986 .Ecclesiam
741 1904 1063 1968 turbarent,
1114 1904 1404 1975 scripsisse
1452 1907 1670 1961 videtur
1718 1906 1780 1959 li-

196 1999 358 2052 brum
379 2035 394 2062 ,
428 1998 519 2068 qui
549 2005 761 2060 exstat,
787 2005 934 2050 certe
970 1995 1234 2067 insignem
1266 2007 1319 2052 et
1351 2000 1665 2068 praclarum
1707 1999 1784 2055 De

195 2101 394 2144 natura
435 2089 664 2143 Itomiuis
685 2129 700 2154 ,
724 2089 865 2156 Περὶ
895 2089 1136 2158 φύσεως
1161 2089 1500 2158 ἀνθρώπου.
1532 2091 1784 2148 Nemesio

197 2199 328 2237 eum
387 2182 646 2252 episcopo
704 2181 972 2237 Eineseno
1032 2179 1280 2238 tribuunt
1330 2183 1548 2238 codices
1599 2185 1783 2254 plures

203 2281 340 2331 mss.
363 2316 378 2338 ,
407 2274 736 2332 Anastasius
765 2276 892 2329 item
918 2273 1173 2329 Nicetius
1207 2273 1602 2340 Quaestionibus
1634 2277 1691 2330 in
1722 2275 1780 2331 S.

197 2365 537 2436 Scriptorum
560 2407 575 2432 ,
607 2376 662 2422 et
699 2366 876 2422 Moses
910 2364 1222 2434 Barcepba,
1267 2380 1388 2436 cap.
1430 2366 1502 2421 ΞΟ
1542 2367 1666 2422 libri
1709 2367 1786 2422 De

198 2459 478 2528 paradiso.
522 2458 686 2514 Multa
714 2476 780 2515 ex
812 2461 903 2515 illo
946 2462 1012 2514 ad
1040 2461 1298 2525 verbum,
1335 2461 1462 2515 licet
1503 2461 1646 2515 haud
1689 2476 1785 2517 no-

1885 1273 2164 1342 sanguinis
2195 1270 2417 1343 periodo
2447 1284 2512 1325 ac
2548 1266 2618 1340 (ε)
2651 1265 2885 1321 circuitu
2912 1307 2928 1331 ,
2962 1277 3027 1319 ea
3061 1262 3228 1318 etiam
3268 1260 3462 1325 tradit,

1885 1365 1940 1419 in
1999 1364 2200 1432 quibus
2249 1361 2416 1417 veluti
2461 1360 2677 1417 eximiis
2724 1357 2958 1412 inventis
3005 1354 3326 1427 placuerunt
3365 1352 3464 1408 sibi

1884 1452 2184 1510 recentium
2222 1458 2528 1522 temporum
2563 1448 2803 1520 ingenia.

2239 1586 2667 1642 Editiones
2731 1584 3094 1640 Nemesii.

1954 1723 2180 1786 Latine,
2221 1722 2457 1793 Georgio
2484 1721 2632 1780 Valla
2669 1721 2967 1793 interprete
2997 1726 3140 1793 apud
3174 1725 3298 1781 Seb.
3334 1723 3466 1794 Gry-

1884 1817 2071 1887 phium
2109 1815 2282 1880 1558,
2326 1815 2382 1872 4.
2423 1816 2700 1870 Ellehodio
2732 1815 2916 1884 judice
2949 1815 3098 1872 Valla
3150 1819 3212 1872 οὐ
3273 1817 3468 1890 μᾶλλον

1885 1909 2231 1980 ήρμήνευσεν
2265 1907 2297 1978 ἢ
2336 1908 2590 1978 συνέχεεν
2623 1907 2718 1959 καὶ
2760 1907 3065 1979 κατῄσχυνε
3115 1909 3206 1964 τὸν
3259 1909 3468 1978 φιλόσοο

1886 2018 2018 2070 (pou,
2061 2000 2184 2054 καθ’
2220 2000 2457 2070 ἑκάστην
2504 1999 2690 2070 σχεδὸν
2736 2000 2984 2073 περίοδον
3019 2002 3118 2073 τῆς
3155 2000 3249 2054 τοῦ
3289 2002 3468 2072 Νεμε-

1888 2094 2004 2145 σίου
2034 2092 2274 2157 διανοίας
2303 2094 2654 2147 ἀποπίπτων.

1955 2185 2035 2240 Ex
2077 2183 2280 2241 Nicasii
2328 2185 2588 2240 Ellehodii
2635 2185 2904 2242 Casletani
2955 2187 3178 2244 meliore
3222 2187 3472 2244 versione

1886 2279 2086 2349 smpius
2116 2277 2316 2346 prodiit
2345 2275 2397 2332 in
2436 2276 2778 2333 Bibliothecis
2817 2278 3074 2347 Patrum;
3109 2291 3161 2335 ιιι
3197 2281 3249 2336 in
3287 2281 3472 2336 novis-

1885 2371 2021 2427 sima
2049 2368 2391 2441 Lugdunensi
2424 2378 2556 2426 tom.
2578 2369 2691 2425 Vlll
2711 2411 2726 2438 ,
2759 2387 2882 2443 pag.
2911 2372 3037 2430 6l9.

1959 2463 2147 2519 Gmce
2177 2462 2390 2533 primus
2419 2463 2590 2519 edidit
2619 2479 2650 2520 e
2683 2464 2894 2520 duobus
2922 2480 3057 2520 mss.
3089 2475 3144 2519 et
3173 2465 3237 2519 ad
3267 2465 3472 2522 calcem

198 2557 450 2619 minato,
497 2553 748 2610 Julianus
795 2553 1105 2618 l’omerius,
1163 2553 1322 2610 Joan.
1378 2553 1781 2619 Damascenus,
1818 2545 1858 2599 Β
1889 2556 2181 2612 voluminis
2211 2555 2462 2611 Latinam
2494 2557 2802 2612 versionem
2835 2572 2986 2610 suam
3037 2555 3284 2626 adjunin
3316 2557 3473 2612 Nica-

196 2647 347 2701 Elias
401 2645 710 2713 Cretensis,
759 2645 1008 2703 Meletius
1057 2649 1389 2712 monachus,
1428 2647 1786 2702 Adamantius

198 2740 319 2794 sive
381 2739 743 2794 Adamantion
791 2740 846 2794 in
909 2741 1080 2811 Λόγῳ
1123 2739 1520 2811 κεφαλαιώδει
1570 2756 1672 2794 ms.
1732 2751 1788 2794 et

197 2830 358 2887 Joan.
399 2831 792 2903 grammaticus
822 2831 888 2885 ad
918 2832 1156 2888 Aristot.
1192 2833 1267 2886 De
1313 2833 1511 2886 animo.
1563 2831 1788 2885 Turria-

199 2941 305 2981 nus
355 2925 410 2978 in
459 2923 686 2979 scholiis
741 2924 807 2978 ad
851 2921 1012 2980 Joan.
1057 2924 1442 2994 Cyparissioue
1489 2924 1680 2979 decad.
1731 2940 1787 2989 v,

199 3033 322 3087 cap.
356 3017 390 3074 9
413 3058 429 3082 ,
460 3018 592 3073 citat
623 3015 933 3073 Nemesium
963 3016 1346 3072 Adamantium
1376 3018 1468 3073 lib.
1505 3035 1542 3072 ιι
1575 3019 1654 3072 De
1692 3021 1789 3071 ho-

199 3113 362 3164 mine.
406 3110 473 3163 Et
514 3109 617 3164 sub
669 3109 984 3163 Adamantii
1043 3107 1284 3164 Nemesii
1340 3113 1561 3164 nomine
1611 3120 1791 3165 exstat

203 3216 307 3254 tns.
348 3199 402 3254 in
439 3200 569 3254 bibl.
617 3199 907 3254 Boileiana
941 3201 1066 3256 cod.
1103 3199 1192 3267 8'2,
1253 3197 1478 3254 Bai-occ.
1526 3198 1791 3266 Gregorio

202 3290 457 3363 Nysseno
501 3307 530 3345 a
581 3291 852 3347 nonnullis
907 3291 1107 3347 ascribi
1156 3291 1413 3362 contigit,
1473 3291 1614 3362 quod
1665 3291 1795 3362 Nys-

203 3402 372 3442 senus
403 3386 566 3440 etiam
602 3385 795 3440 librum
839 3384 1000 3455 hujus
1030 3387 1332 3456 argumenti
1373 3385 1789 3455 composuisset.

205 3480 351 3535 llinc
401 3477 644 3534 vicissim
698 3477 997 3547 Gregorius
1049 3493 1148 3547 pt'o
1193 3475 1438 3548 Nysseno
1469 3477 1791 3545 quibusdam

207 3574 534 3630 Emesenus.
570 3571 845 3629 Feruntur
873 3571 1037 3625 etiam
1072 3571 1214 3625 inter
1242 3571 1470 3642 Nysseni
1508 3571 1709 3639 scripta
1739 3569 1793 3622 in

203 3666 546 3722 editionibus
572 3669 810 3738 antiquis
844 3669 965 3725 libri
997 3677 1120 3723 octo
1154 3665 1230 3720 De
1264 3663 1594 3734 philowphia
1616 3703 1629 3727 ,
1660 3677 1796 3730 quos

203 3769 334 3831 post
362 3757 810 3830 Burgundionem
845 3760 1101 3816 Pisanum
1139 3758 1247 3829 (ε),
1279 3757 1371 3826 qui
1419 3772 1472 3810 a.
1528 3755 1589 3810 C.
1658 3753 1797 3807 1191

207 3851 374 3917 obiit,
442 3851 630 3907 Latine
678 3853 1063 3923 interpretatus
1139 3861 1223 3906 est
1276 3847 1504 3903 Basilem
1553 3863 1604 3899 a.
1659 3845 1798 3900 l5l2

210 3941 378 3996 Beato
414 3940 672 3997 Rhenano
719 3943 976 3997 hortante
1010 3939 1247 3996 Joannes
1278 3939 1429 3994 Cono
1476 3935 1796 3991 Norimber-

211 4035 420 4104 gensis.
454 4032 641 4103 Neque
675 4035 726 4090 hi
755 4043 882 4090 octo
919 4033 1040 4088 libri
1089 4031 1463 4086 tantummodo
1495 4030 1636 4084 idem
1676 4043 1798 4083 cum

212 4126 454 4182 Nemesii
509 4127 713 4197 scripto
760 4142 896 4197 opus
924 4136 1080 4191 sunt,
1127 4125 1223 4180 sed
1277 4125 1439 4178 etiam
1484 4121 1635 4189 λόγοι
1684 4120 1799 4174 sive

213 4218 384 4274 libelli
418 4219 526 4272 duo
573 4217 651 4272 De
685 4219 896 4282 animo,
936 4233 1074 4287 quos
1116 4233 1238 4272 cum
1267 4214 1542 4269 Frederici
1589 4211 1798 4267 Morelli

215 4310 472 4365 versione
495 4310 757 4364 exhibent
785 4308 1207 4365 Graeco-Latina:
1235 4304 1460 4377 Nysseni
1498 4304 1763 4359 editiones
1782 4343 1798 4368 ,

218 4403 355 4459 nihil
380 4411 509 4458 sunt
540 4403 684 4456 aliud
704 4443 718 4468 ,
758 4417 920 4473 quam
948 4417 1072 4471 cap.
1099 4401 1136 4456 2
1161 4410 1214 4457 et
1250 4401 1284 4454 5
1315 4399 1439 4454 libri
1468 4397 1795 4452 Nemesiani.

215 4497 392 4564 Quam
435 4497 640 4564 peritus
680 4495 931 4567 physices
975 4505 1030 4548 et
1071 4503 1352 4546 anatomes
1394 4490 1556 4545 fuerit
1599 4487 1801 4542 Neme-

215 4590 369 4654 sius,
401 4590 536 4645 satis
565 4589 667 4643 hoc
701 4587 840 4642 libro
871 4587 1080 4656 prodit,
1115 4600 1224 4655 quo
1271 4583 1338 4639 de
1387 4599 1485 4639 usu
1526 4582 1650 4637 bilis
1677 4579 1754 4652 (tt)
1779 4620 1796 4646 ,

293 4743 514 4828 (a).Alii
553 4742 785 4828 Nemesii
818 4743 923 4828 dog
972 4739 1249 4828 velutresﬂ,
1297 4739 1364 4793 ad
1405 4752 1554 4828 'qttos
1598 4733 1790 4828 Isidor:

218 4810 509 4874 Pehisiota:
560 4815 823 4882 epistolae.
878 4810 1114 4866 Nemesii
1175 4811 1338 4866 etiam
1405 4810 1579 4879 legum
1635 4810 1791 4872 periti

223 4889 430 4944 mentio
459 4886 598 4954 apud
627 4881 857 4937 IEneam
885 4881 1134 4954 Gazaequ
1158 4880 1394 4954 epistola
1419 4881 1528 4954 Δ21).
1578 4877 1700 4954 Fuit
1741 4884 1796 4954 et

220 4945 508 5016 Nemesius
548 4955 832 5025 presbyter
874 4945 1306 5025 Alexandrinus,
1340 4951 1430 5018 qui
1471 4945 1809 5018 depositioni.

220 5029 342 5086 Arii
371 5021 725 5096 subscripsit.
754 5024 1042 5096 Nemesins
1067 5021 1610 5096 [Egyptjus__tnar_tyr,
1637 5032 1794 5096 quem

222 5107 534 5156 memorant
575 5088 1052 5166 Martyrologia_l_9
1093 5088 1319 5166 nsunt"
1353 5088 1565 5166 Eusebii
1597 5088 1796 5144 codici-

222 5175 326 5226 bus
354 5185 438 5226 vr.
465 5168 569 5238 41.
601 5161 777 5238 nisti,
809 5161 930 5231 pag.
954 5163 1089 5238 2M).
1114 5173 1198 5238 est
1228 5161 1537 5238 Nemesion.
1569 5229 1607 5238 __
1768 5227 1779 5238 υ

296 5241 372 5311 (b)
404 5237 604 5311 Confer
626 5228 903 5311 ertnlitam—
920 5233 1289 5311 prml'ationetn
1315 5232 1536 5311 editioni
1553 5228 1805 5311 genie-sn

225 5299 526 5366 Ox‘oniensi
558 5299 1243 5376 prmtitissam.’Pamelium
1267 5343 1283 5369 ,
1326 5303 1417 5376 qui
1459 5302 1522 5354 ad
1553 5299 1804 5376 'l‘ertull.,

1886 2649 1999 2705 sius
2048 2648 2394 2716 Ellebodius,
2425 2649 2690 2720 Antverp.
2724 2651 2864 2720 apud
2915 2649 3230 2720 Christoph.
3275 2649 3473 2705 Plauti-

1888 2755 2014 2795 num
2042 2741 2201 2809 l565,
2230 2741 2286 2798 8.

1959 2831 2088 2887 Inde
2116 2831 2303 2887 Graece
2327 2843 2378 2888 et
2398 2832 2589 2888 Latine
2609 2832 2812 2904 prodiit
2837 2833 2889 2887 in
2917 2833 3173 2889 Auctario
3205 2834 3474 2892 Ducteano

1890 2922 2232 2979 Bibliotheca:
2257 2924 2479 2979 Patrum
2507 2926 2680 2982 Paris.
2715 2925 2890 2992 1624,
2921 2936 3051 2983 ιοιη.
3084 2927 3125 2981 ll
3149 2968 3164 2994 ,
3199 2944 3322 2998 pag.
3348 2931 3473 2996 466,

1889 3025 1944 3072 et
1994 3021 2047 3071 in
2097 3016 2428 3072 Bibliotheca
2477 3018 2698 3074 Patrum
2757 3017 3118 3086 Morelliana,
3179 3035 3230 3076 a.
3291 3022 3472 3088 1651,

1894 3119 2025 3164 tom.
2057 3108 2152 3162 XII
2175 3150 2190 3174 ,
2224 3124 2348 3179 pag.
2385 3109 2509 3165 748.

1972 3202 2214 3271 Denique
2244 3217 2367 3256 cum
2401 3201 2593 3256 eadem
2627 3201 2889 3258 Ellebodii
2919 3204 3171 3260 versione
3197 3244 3210 3268 ,
3245 3203 3310 3255 ad
3341 3203 3476 3257 duos

1897 3311 2031 3352 mss.
2062 3295 2361 3366 castigatus
2388 3304 2441 3352 et
2463 3297 2620 3352 docta
2647 3298 2963 3365 praefatione
2989 3299 3243 3366 notisque
3266 3299 3476 3350 auctior

1900 3389 2071 3444 nitide
2102 3403 2327 3445 recusus
2379 3399 2466 3445 est
2505 3389 2700 3446 Oxonii
2746 3405 2777 3445 e
2823 3393 3036 3445 theatro
3083 3389 3478 3445 Scheidnniano

1896 3479 2027 3536 1671
2055 3521 2068 3546 ,
2101 3480 2167 3546 8,
2199 3473 2459 3547 curante,
2491 3482 2544 3535 ni
2577 3481 2754 3546 fallor,
2786 3479 2944 3536 Joan.
2978 3481 3157 3544 Fello,
3185 3479 3493 3535 Oxoniensi-

1896 3573 2093 3630 deinde
2124 3575 2398 3644 episcopo.
2431 3574 2632 3631 Confer
2664 3574 2879 3628 Martini
2911 3574 3126 3643 Ketnpii
3161 3572 3298 3627 Bibl.
3333 3573 3481 3626 theo-

1897 3668 2122 3737 logicam
2161 3667 2378 3738 Anglor.
2429 3684 2551 3738 pag.
2601 3667 2726 3723 5H.
2773 3667 2829 3720 ln
2872 3665 3015 3721 notis
3059 3665 3167 3720 illis
3200 3665 3480 3721 Nemesin-5

1899 3761 2128 3816 subinde
2170 3759 2481 3814 defenditur
2522 3770 2580 3814 ut
2622 3775 2748 3830 pag.
2799 3759 2901 3820 42.
2946 3760 3208 3814 adversus
3246 3757 3477 3828 Pelagia-

1826 3886 1868 3944 α
1903 3853 2083 3920 nismi,
2113 3862 2165 3907 et
2207 3867 2330 3923 pag.
2365 3850 2436 3905 20
2473 3849 2786 3922 Origeniani
2820 3850 2888 3906 de
2932 3851 3233 3906 animarum
3277 3853 3493 3922 προῦπσ,

1901 3944 2056 4016 άρξει
2108 3944 2316 3999 erroris
2366 3943 2826 4000 criminationem.
2869 3941 3026 3997 Joan.
3081 3941 3358 3996 Launoius
3415 3942 3482 3994 De

1897 4036 2046 4091 varia
2073 4033 2371 4088 Aristotelis
2399 4037 2638 4103 fortuna,
2666 4047 2786 4103 pag.
2816 4031 2921 4087 2i:
2961 4031 3180 4086 Videtur
3209 4029 3482 4083 Nemee-ia.

1909 4126 2246 4199 Origeniame
2291 4127 2355 4179 de
2403 4126 2706 4179 animarum
2757 4134 2875 4177 ortu
2928 4122 3197 4177 sententia:
3248 4120 3482 4175 nonu'lni

1912 4222 2103 4292 favere.
2139 4220 2406 4290 Quidquid
2446 4219 2500 4272 id
2541 4228 2652 4284 est,
2690 4234 2863 4271 na'vus
2899 4217 2952 4270 in
2997 4215 3376 4270 candidissimo
3401 4232 3482 4285 pec

1909 4323 2050 4366 ctare
2082 4326 2185 4364 non
2214 4311 2438 4363 multum
2470 4306 2818 4376 deformitatis
2848 4306 3121 4373 impor:at.

1979 4403 2060 4457 Ex
2094 4399 2330 4456 Nemesii
2360 4399 2612 4454 Emeseni
2656 4396 2895 4468 episcopi
2923 4411 3174 4451 sermone
3206 4394 3284 4450 De
3312 4395 3486 4466 propi-

1907 4495 2088 4549 deutia
2115 4493 2236 4549 vide
2257 4507 2379 4564 qua:
2402 4491 2562 4547 all'ert
2585 4491 2905 4546 Anastasius
2937 4487 3148 4546 Sinaita
3176 4497 3372 4559 quiest.
3401 4487 3484 4544 18.

1898 4747 2024 4804 pag.
2054 4731 2158 4804 15_0
2178 4772 2194 4796 ,
2222 4732 2385 4801 Casp.
2415 4731 2697 4788 Barthium
2738 4731 2808 4784 ad
2848 4729 3160 4804 Claudiam,
3197 4746 3320 4803 pag.
3348 4732 3487 4799 859,

1900 4801 1954 4860 et
1977 4801 2051 4857 nd
2085 4801 2248 4857 Zaclt.
2283 4803 2663 4874 Mytilenwum,
2700 4816 2820 4871 pag.
2848 4801 2977 4874 25?,
3008 4801 3134 4854 270.
3224 4854 3229 4859 ,

1975 4874 2044 4945 (c)
2085 4875 2161 4929 De
2201 4875 2304 4945 hoc
2335 4872 2753 4945 Burgundione,
2789 4872 3490 4945 quiChrysostomietiam

1903 4942 2162 5000 nonnulla
2191 4955 2246 4999 et
2279 4942 2672 5000 Damascenum
2703 4942 2781 4998 De
2817 4942 2922 5012 fide
2962 4942 3258 4998 orthodoxa
3299 4943 3493 5000 Latine

1903 5017 2098 5080 vertit,
2131 5016 2239 5071 dixi
2276 5016 2412 5070 infra
2446 5030 2566 5084 pag.
2599 5013 2724 5068 647.

1974 5085 2051 5160 (ά)
2091 5086 2325 5160 Call-33
2349 5129 2364 5154 .
2398 5083 2531 5159 tibi?
2553 5084 2717 5157 ξανθὴ
2744 5086 2874 5158 χολή
2897 5127 2912 5152 ,
2943 5097 3056 5144 etc.
3084 5089 3271 5151 Adde,
3303 5083 3347 5139 si
3379 5083 3495 5152 pla-

1903 5156 1993 5214 cet
2012 5156 2039 5222 ,⁷
2061 5172 2180 5227 quae
2206 5156 2278 5211 ibi
2315 5156 2632 5228 sequuntur.

1980 5229 2050 5300 (ε)
2077 5222 2223 5297 Ὀθρ.
2266 5228 2358 5300 24.
2393 5222 2619 5300 'Co_nler
2662 5226 2879 5300 clariss.
2931 5224 3358 5286 Almelooveenii
3411 5222 3495 5275 in-

1909 5295 2070 5355 venta
2113 5295 2440 5367 novantiqua
2485 5296 2513 5369 §
2550 5295 2663 5352 28:
2699 5299 2843 5369 unde
2872 5309 3020 5368 patet
3051 5303 3234 5354 minus
3275 5309 3492 5369 aequum

226 5364 308 5433 De
340 5379 521 5431 animo
538 5364 571 5444 ,’
586 5392 706 5446 cap.
765 5375 827 5440 5,
857 5374 1102 5446 Nysseno
1147 5364 1290 5446 hunc
1333 5364 1528 5446 librum
1557 5372 1809 5446 tribuere
1912 5370 2081 5425 luisse
2103 5410 2118 5434 ,
2151 5364 2696 5446 itigettiosum:_licet,
2724 5364 2888 5422 illum'
2917 5367 3361 5446 antiquaentetatis
3403 5364 3494 5442 de-

229 5449 474 5511 mavult,
504 5440 611 5515 quo
642 5440 1094 5502 i'nclinare'ctiam
1125 5445 1338 5515 videtur
1362 5442 1604 5515 Hicinle
1631 5440 1802 5515 Quieti

229 5521 302 5573 ad
330 5511 711 5571 Daiiiasrentnu
735 5559 750 5583 ,
803 5527 932 5572 tom.
972 5515 1019 5579 I,
1049 5531 1169 5584 pag.
1210 5513 1312 5568 196
1336 5555 1351 5578 ,
1391 5511 1590 5567 refellit
1630 5511 1809 5584 Theo-

232 5591 413 5658 philus
439 5581 774 5659 Raynaudus
812 5581 1194 5659 θιοιριιιειὶίὶιυε
1226 5583 1303 5659 Qa
1351 5584 1518 5659 bonis
1547 5595 1593 5635 et
1653 5581 1806 5659 mulis

231 5649 406 5721 libris,
436 5649 555 5728 pag.
588 5659 709 5728 [2.0.
740 5657 869 5728 Vide
895 5668 950 5711 et
981 5655 1199 5708 Hieron.
1234 5653 1608 5728 Mercurialem
1636 5666 1708 5714 tv,
1740 5649 1771 5702 ι
1798 5692 1807 5711 ,

235 5731 366 5787 γυ.
400 5724 567 5799 Ιὸειῖ,
609 5725 744 5785 Rob.
787 5727 920 5785 Coei
957 5727 1254 5782 Censuram
1298 5733 1404 5780 vel.
1444 5724 1806 5796 scriptorum,

1915 5433 2240 5512 tractorem',
2270 5454 2388 5512 quo
2411 5438 2625 5512 judice,
2654 5447 2944 5509 antequam
2971 5433 3119 5496 Guil.
3150 5436 3349 5493 llarvei
3376 5433 3496 5490 ori-

1915 5521 2064 5568 retur
2105 5511 2375 5592 ingeniutn
2397 5552 2413 5578 ,

2060 5596 2126 5635 on
2165 5579 2394 5651 ignorait
2415 5579 2712 5651 jusqu’aux
2738 5589 2914 5635 routes
2945 5581 3202 5635 certuines

1994 5651 2074 5707 Du
2105 5648 2377 5709 Nicandro
2402 5648 2572 5709 dicunt
2602 5654 2689 5723 qui
2719 5651 2868 5708 cattle
2894 5651 3026 5707 dans
3056 5650 3130 5705 les
3160 5648 3352 5706 veiues.
