3892 6268
397 328 505 386 573

1798 325 1857 382 S.
1899 325 2250 382 EPlPllANll

3589 327 3737 383 576

398 449 743 521 Singulorum
777 464 837 504 se
872 456 1060 506 aetates
1089 446 1520 505 accommodans
1557 447 1823 519 paulatim
1869 464 1997 504 eru-

2125 450 2195 503 ιαὶ
2220 448 2427 521 ἑκάστῃ
2454 446 2639 520 ἡλικίᾳ
2659 443 3038 518 ἁρμοζόμενος
3061 447 3352 520 προϐαίνει
3374 449 3441 520 τῇ
3468 450 3667 504 παιδεί
3678 467 3734 521 ξι

397 542 532 605 diat,
571 555 672 595 nec
704 537 969 595 infantem
1010 536 1203 595 eadem
1252 552 1371 615 qua
1406 537 1876 594 adolescentulum
1905 538 1990 593 di-

398 630 688 701 sciplinam
739 630 1054 695 contineat,
1103 645 1206 686 nec
1255 622 1729 687 adolescentulum
1764 633 1995 703 perinde

399 738 465 776 ac
518 723 811 791 juvenem,
859 729 956 775 aut
1011 721 1160 777 hunc
1209 730 1268 777 ut
1330 724 1555 778 robusta
1585 722 1701 793 jam
1739 739 1805 779 ac
1849 724 1994 778 virili

398 824 559 871 aetate
591 823 876 897 _coerceat.
904 814 1163 881 Quinimo
1222 816 1483 872 tenellum
1515 815 1729 882 adhuc,
1754 832 1818 872 ac
1858 834 1998 888 pene

403 908 694 962 lactentem
746 905 918 977 digito
968 907 1237 976 castigat;
1298 908 1590 978 puerulum
1657 924 1787 964 vero
1831 910 1996 980 paulo

403 998 754 1070 grandiorem
803 999 1063 1070 colapho,
1112 1000 1247 1056 loris
1301 1000 1811 1068 adolescentulum,
1839 1002 1999 1072 juve-

404 1110 530 1148 nem
562 1094 732 1163 virgis
762 1093 1038 1165 objurgat.
1080 1092 1254 1149 Porro
1284 1094 1374 1148 ubi
1416 1094 1500 1149 vir
1531 1095 1673 1149 inter
1702 1095 1850 1151 viros
1876 1110 2001 1152 esse

404 1186 595 1257 etrapit,
625 1188 670 1241 si
697 1187 919 1257 gravius
946 1187 1209 1257 quiddam
1243 1185 1560 1256 deliquerit,
1584 1186 1768 1258 gladio
1788 1203 1852 1243 ex
1884 1188 2001 1257 lege

406 1280 801 1352 plectetur.lta
851 1279 1121 1337 Dominus
1168 1281 1471 1351 unicuique
1520 1281 1805 1337 hominum
1848 1282 2000 1337 aetati

406 1378 778 1425 consentanea
808 1373 1159 1442 praescripsit.
1192 1372 1405 1442 Quippe
1437 1379 1647 1428 veteres
1677 1374 1801 1429 illos
1820 1414 1836 1440 ,
1879 1381 2002 1429 tan-

406 1478 572 1533 quam
610 1478 734 1518 cum
769 1466 1041 1532 puerulis,
1088 1479 1152 1519 ac
1182 1465 1291 1519 vim
1339 1466 1519 1521 sancti
1562 1457 1803 1537 Spiritus
1842 1470 2002 1537 igno-

406 1556 662 1611 rantibus
703 1565 922 1626 ageret,
965 1566 1111 1612 metu
1144 1572 1209 1612 ac
1249 1566 1462 1613 terrore
1502 1557 1827 1629 castigabat.
1860 1556 2001 1612 Tum

408 1648 836 1721 perfectioribus
865 1650 1192 1721 perfectiora
1226 1653 1486 1724 mysteria
1519 1653 1828 1724 proposuit.
1865 1651 2001 1706 Nam

408 1742 467 1798 in
493 1743 655 1813 227
678 1742 973 1813 Evangelio
996 1744 1201 1814 passim
1230 1745 1304 1800 ita
1323 1746 1627 1816 discipulos
1643 1744 2005 1815 compellasse

2103 543 2200 595 καὶ¹
2236 543 2335 596 οὐκ
2372 542 2501 606 ἴσως
2527 541 2587 594 τὸ
2630 541 2826 614 μικρὸν
2871 541 3071 613 βρέφος
3108 541 3353 596 παιδεύει
3383 543 3487 637 vi},
3502 562 3736 616 μειρα-

2099 634 2225 706 κίῳ,
2256 633 2378 687 οὐδὲ
2410 633 2468 687 τὸ
2503 633 2788 705 μειράκιον
2836 632 3099 698 ὡσαύτως
3130 632 3209 704 τῷ
3247 632 3539 707 νεανίσκῳ,
3579 636 3737 690 οὐξρὲ

2080 727 2192 781 τὸν
2263 724 2482 782 νεανίαν
2535 724 2617 796 τῷ
2668 723 2860 796 τελείῳ
2895 725 3068 796 ἀνδρί.
3114 725 3276 779 Ἀλλὰ
3312 727 3390 798 τῷ
3427 729 3531 799 μὲν
3570 730 3737 783 ὑπο-

2100 817 2291 887 τιτθίῳ
2321 817 2409 872 διὰ
2438 816 2702 871 δακτύλου
2742 816 2959 870 παιδεία
2985 818 3220 887 γίνεται,
3254 819 3455 890 παιδίῳ
3486 819 3545 874 δὲ
3575 822 3734 890 μεί-

2101 906 2217 974 ζονι
2242 908 2333 963 διὰ
2360 908 2542 981 χειρὸς
2575 906 2939 980 ῥαπίσματος,
2967 908 3241 980 μειρακίῳ
3265 907 3321 961 δὲ
3355 908 3443 962 διὰ
3475 909 3737 980 ίμὰντος

2101 1003 2371 1074 νεανίσκῳ
2428 1002 2517 1055 διὰ
2562 1001 2784 1073 ῥάϐδου,
2820 1001 2982 1071 ἀνδρὶ
3017 1001 3074 1054 δὲ
3111 1000 3395 1070 ἐκδίκησις
3423 1000 3537 1055 τῶν
3580 1018 3737 1071 μει-

2103 1096 2271 1162 ζόνων
2336 1094 2803 1165 παραπτωμάτων
2860 1094 3107 1166 μάχαιρα
3158 1093 3248 1147 διὰ
3289 1093 3492 1165 νόμου·
3558 1092 3737 1147 οὕτω

2102 1187 2200 1240 καὶ
2252 1189 2281 1241 ὁ
2333 1186 2539 1258 Κύριος
2572 1185 2703 1258 ἑξῆς
2737 1188 3049 1259 ἐνομοθέτει
3079 1187 3285 1259 ἑκάστῃ
3319 1189 3483 1259 γενεᾷ
3532 1187 3738 1260 ἁρμό-

2105 1278 2288 1343 ζοντα.
2354 1278 2628 1343 Ἐκείνους
2679 1279 2777 1351 μὲν
2835 1279 2946 1352 γὰρ
3000 1279 3151 1351 φόϐῳ
3200 1277 3591 1352 ὲσωφρόνιζεν,
3633 1279 3737 1343 ὡς

2104 1370 2339 1435 παιδίοις
2382 1374 2599 1443 μικροῖς
2635 1371 3041 1444 διαλεγόμενος,
3077 1372 3175 1426 καὶ
3206 1370 3460 1440 ἀγνοοῦσι
3491 1372 3594 1443 τὴν
3615 1370 3735 1424 δῦ-

2105 1481 2271 1535 ναμιν
2322 1463 2418 1517 τοῦ
2456 1464 2615 1533 ἁγίου
2655 1464 2977 1536 Πνεύματος
2999 1482 3013 1497 ο
3043 1466 3173 1528 τοὺς
3220 1463 3279 1517 δὲ
3324 1463 3589 1527 τελείους,
3622 1479 3738 1515 τε·-

2103 1556 2265 1610 λείων
2322 1554 2478 1627 ἠξίου
2523 1558 2862 1629 μυστηρίων.
2896 1557 3008 1612 Kal
3036 1558 3094 1609 ὲν
3126 1556 3205 1628 τῷ
3246 1554 3569 1626 Εὑαγγελίῳ
3599 1553 3737 1625 γὰρ

2105 1646 2251 1701 οὕτω
2307 1664 2426 1711 πως
2483 1648 2629 1718 λέγει
2676 1651 2792 1713 τοῖς
2833 1648 3099 1721 μαθηταῖς
3141 1649 3200 1701 ὲν
3240 1646 3453 1710 πολλοῖς
3482 1647 3685 1709 τόποις
3706 1662 3727 1677 ⁸

2120 1743 2242 1795 Οὐκ
2274 1739 2474 1795 οίδατε
2506 1742 2565 1795 τί
2609 1739 2790 1796 ποιῶο
2817 1742 3076 1810 ὕστερον
3093 1739 3162 1793 δὲ
3190 1738 3521 1809 γνώσεσθε,
3555 1754 3740 1791 τουτ-

409 1833 613 1905 legitur
639 1855 652 1890 :
679 1834 913 1909 Nescitis
941 1838 1067 1906 quid
1097 1837 1261 1907 facio,
1297 1838 1478 1892 scietis
1519 1847 1695 1892 autem
1734 1845 1916 1909 postea
1945 1838 1962 1868 ¹
1987 1877 2003 1900 ,

2125 1835 2254 1889 ἑστιν
2302 1831 2433 1887 ὅταν
2467 1834 2662 1889 τέλειοι
2705 1833 2937 1904 γένησθε
2960 1847 2975 1864 '
3017 1832 3113 1885 καὶ
3148 1831 3346 1885 πάλιν·
3387 1832 3511 1884 Οὐκ
3545 1828 3733 1898 ἢδειυ

408 1925 672 1982 nimirum
708 1942 832 1982 cum
882 1926 1242 1997 perfectiores
1277 1929 1454 1986 eritis.
1488 1928 1619 1986 Item
1665 1931 1801 1985 illud
1841 1949 1853 1984 :
1890 1928 2001 1985 Ne-

409 2017 682 2085 sciebant,
711 2019 875 2075 donec
911 2038 944 2074 a
980 2022 1204 2076 mortuis
1236 2032 1529 2093 resurgeret
1553 2024 1596 2078 ¹.
1638 2021 1729 2078 Sic
1774 2029 1828 2078 et
1856 2021 2003 2076 Pau-

409 2113 499 2167 ius
537 2110 839 2169 :,Nondum
878 2114 1020 2168 enim
1069 2115 1325 2180 poteratis
1351 2155 1366 2178 ,
1422 2114 1513 2169 sed
1562 2130 1654 2169 nec
1707 2114 1880 2169 adhuc
1908 2132 2004 2186 po-

418 2205 567 2259 testis
603 2204 667 2260 ³ε
717 2213 778 2259 ut
814 2206 1157 2273 ostenderet,
1205 2206 1630 2278 procedentibus
1663 2210 2005 2280 temporibus

417 2296 751 2366 perfectiora
798 2298 918 2353 dari
962 2309 1269 2369 praecepta;
1304 2315 1427 2370 qum
1480 2298 1608 2355 licet
1653 2300 1843 2356 cadem
1895 2304 2007 2356 sint

421 2404 660 2460 semper,
698 2392 860 2446 aliam
888 2393 1249 2449 nihilominus
1300 2395 1568 2450 rationem
1603 2393 1868 2458 induunt,
1906 2411 2007 2449 ttt'c

412 2485 610 2540 eodeni
680 2486 1000 2556 junioribus
1048 2500 1174 2559 "quo
1212 2488 1457 2543 robustis
1498 2488 1660 2543 modo
1698 2495 2012 2559 temperan-

415 2586 525 2634 tur.
571 2580 708 2635 Cum
756 2582 902 2636 enim
947 2582 1084 2653 legis
1128 2582 1243 2637 haec
1276 2592 1426 2639 esset
1460 2583 1693 2637 formula
1732 2601 1745 2636 :
1782 2581 2009 2638 Oculum

415 2685 514 2739 pro
559 2671 747 2734 oculo,
795 2684 906 2726 non
957 2670 1098 2726 dixit
1131 2690 1143 2725 :
1174 2671 1367 2727 Eruite
1401 2671 1621 2726 oculum
1672 2687 1771 2742 pro
1809 2674 2007 2739 oculo;

417 2761 550 2825 sed,
595 2763 642 2817 si
693 2763 820 2832 quis
870 2763 1092 2817 oculum
1133 2764 1373 2827 eruerit,
1419 2764 1471 2819 ci
1519 2764 1713 2819 oculus
1763 2775 2008 2820 eruetur.

419 2851 545 2909 Ideo
579 2854 812 2924 quilibet
859 2862 918 2909 ut
963 2856 1182 2928 corpori
1211 2872 1314 2912 suo
1347 2857 1695 2922 consuleret,
1732 2859 2013 2913 maxillam

416 2948 727 3003 verberanti
756 2949 1031 3018 prtebcbat
1051 2989 1066 3014 ,
1097 2965 1204 3004 non
1237 2949 1355 3020 ipse
1380 2950 1726 3005 verberabat.

493 3039 612 3103 Qua
649 3040 860 3096 ratione
910 3042 1023 3111 jam
1061 3048 1176 3095 tum
1223 3057 1288 3096 ea
1342 3042 1731 3106 servabantur,
1780 3057 1904 3113 quae
1956 3042 2013 3099 in

376 3136 385 3141 ‘
422 3126 717 3200 Evangelio
748 3131 912 3185 modo
942 3138 1051 3184 tam
1081 3132 1286 3201 apertis
1314 3132 1495 3187 verbis
1533 3141 1800 3204 concepta
1831 3141 1962 3188 sunt
1995 3152 2008 3189 :

2102 1953 2245 2002 σαν,
2281 1935 2392 2002 ἕως
2445 1928 2673 1996 ἀνέστη
2714 1928 2783 1981 ἐκ
2816 1925 2935 1980 τῶν
2976 1923 3240 1995 νεκρῶνο
3277 1927 3306 1978 ὁ
3349 1922 3409 1976 δὲ
3453 1922 3681 1985 Παῦλος
3710 1941 3730 1954 ο

2108 2028 2283 2083 Οὔπω
2336 2026 2448 2098 γὰρ
2511 2022 2844 2092 ἠδύνασθε,
2891 2019 3029 2073 ἀλλ’
3085 2016 3230 2073 οὐδὲ
3271 2016 3358 2071 ἔτι
3406 2015 3731 2071 δύνασθε·

2110 2118 2349 2183 δεικνὺς,
2394 2118 2477 2170 ὅτι
2527 2113 2735 2185 καιρῶν
2763 2112 3063 2182 προϊόντων
3103 2109 3440 2182 τελειότεραι
3472 2109 3733 2173 ἐντολαὶ,

2106 2206 2264 2265 οὖσαι
2315 2210 2414 2282 μὲν
2462 2208 2518 2261 αἱ
2577 2205 2760 2268 αὐταὶ,
2800 2202 3270 2276 μεταϐαλλόμεναι
3314 2202 3371 2255 δὲ
3402 2204 3482 2264 εἰς
3514 2203 3736 2271 ἑτέραν

2109 2302 2295 2373 σχέσιν
2319 2319 2332 2332 ·
2362 2300 2498 2355 ἀλλὰ
2538 2302 2651 2363 τοῖς
2693 2297 2834 2360 νέοις
2870 2295 2970 2367 μὲν
3008 2293 3184 2359 ἄλλως
3211 2292 3732 2365 σχηματιζόμειίαι,

2110 2393 2315 2464 ἑτέρως
2364 2392 2447 2463 δὲ*
2474 2394 2585 2455 τοῖς
2616 2389 3035 2459 ὲντελεστέροις.
3080 2386 3473 2457 Νομοθετήσας
3527 2385 3641 2456 γὰρ
3693 2386 3733 2437 ὁ

2107 2486 2272 2558 νόμος
2304 2487 2405 2558 (7),
2445 2483 2789 2554 Ὀφθαλμὸν
2815 2482 2949 2536 ἀντὶ
2971 2478 3306 2550 ὀφθαλμοῦ,
3324 2472 3600 2546 οὺκζεῖπεν
3621 2478 3737 2529 αῦ-

2110 2581 2255 2643 τοίς’
2322 2577 2643 2632 Ἐκϐάλλετε
2686 2573 2963 2646 ὀφθαλμὸν
3015 2573 3137 2627 ἀντὶ
3187 2569 3502 2642 ὀφθαλμοῦ’
3553 2568 3707 2633 ἀλλ’,

2126 2672 2254 2726 Ἐὰν
2288 2669 2497 2742 ἐκϐάλῃ
2528 2686 2611 2732 τις
2625 2662 3345 2737 ὀιρθαλμδν,ὲκϐληθήσεται
3376 2663 3404 2715 ὁ
3433 2659 3734 2730 ὀφθαλμὸς

2111 2765 2209 2820 τοῦ
2254 2762 2601 2826 ἐκϐαλόντος.
2655 2761 2923 2823 Ἕκαστος
2968 2757 3047 2825 δὲ,
3090 2755 3402 2827 φειδόμενος
3443 2746 3549 2807 τοῦ
3577 2751 3730 2805 ἰδίου

2117 2858 2392 2928 σώματος,
2429 2853 2721 2925 παρεδίδου
2751 2850 2850 2923 τὴν
2880 2848 3108 2920 σιαγόνα
3134 2846 3453 2912 τύπτεσθαι,
3483 2845 3579 2898 καὶ
3611 2845 3732 2898 οὐκ

2117 2951 2339 3004 ἔτυπτε.

2187 3043 2300 3097 Καὶ
2338 3040 2448 3095 ἀπὸ
2468 3038 2588 3093 τότε
2616 3038 2950 3108 ἐφυλάττετο
2982 3035 3160 3092 τὰνῦν
3194 3037 3252 3089 ἐν
3286 3032 3366 3105 τῷ
3393 3030 3730 3103 Εὐαγγελίῳ

2118 3134 2406 3207 τηλαυγῶς
2469 3130 2757 3204 εἰρημένα,
2795 3130 2915 3185 τότε
2950 3129 3049 3201 μὲν
3086 3123 3422 3199 ἀνάγκῃ,ὼς
3446 3123 3580 3178 νέων
3612 3141 3730 3176 σω-

423 3237 548 3275 emu
580 3238 646 3277 eo
674 3231 857 3279 tamen
888 3224 1226 3290 discrimine,
1263 3228 1408 3296 quod
1442 3228 1517 3281 illi
1550 3239 1696 3281 metu
1729 3242 1793 3281 ac
1825 3243 2011 3283 neces-

2125 3225 2547 3298 φρονιζομένων,
2597 3220 2692 3277 νῦν
2741 3221 2798 3274 δὲ
2854 3218 3197 3291 προαιρέσει,
3241 3217 3338 3271 ἆτε
3381 3215 3447 3288 δὴ
3488 3214 3729 3267 τελείων

429 3316 589 3370 sitate
623 3316 770 3370 velut
810 3315 1190 3372 adolescentes
1235 3318 1291 3373 in
1329 3319 1508 3396 cilicio
1547 3321 1933 3385 continentur,
1962 3321 2015 3374 hi

430 3414 618 3477 utpote
649 3407 972 3463 confirmata
1016 3409 1130 3479 jam
1161 3418 1322 3467 aetate
1368 3419 1562 3482 sponte
1594 3427 1693 3466 sua
1723 3427 1788 3468 ac
1824 3413 2017 3467 volun-

427 3507 541 3554 tate
571 3501 972 3572 obtemperent.
1003 3502 1075 3557 At
1103 3507 1248 3559 enim
1279 3507 1558 3560 contraria
1587 3507 1692 3561 ista
1720 3506 1974 3561 videntur
1999 3521 2011 3558 :

431 3590 657 3646 Oculum
688 3610 785 3663 pro
805 3595 956 3648 oculo
977 3636 992 3661 ,
1019 3604 1073 3651 et
1095 3596 1502 3655 interfectorem
1531 3599 1765 3655 interfici
1802 3599 2014 3669 jubere.

430 3683 536 3741 Sed
575 3686 641 3742 de
671 3688 762 3743 illa
800 3688 997 3759 judicii
1039 3690 1128 3746 die
1173 3691 1254 3747 sic
1278 3691 1589 3763 loquentem
1628 3692 1906 3753 Christum
1939 3696 2020 3750 vi-

427 3777 623 3834 demus
657 3798 669 3833 :
707 3779 921 3845 Veniet,
948 3780 1146 3850 inquit,
1170 3782 1285 3852 ejus
1327 3783 1614 3847 Dominus,
1649 3785 1889 3854 seipsum
1922 3801 2021 3840 au-

428 3879 539 3927 tem
579 3873 853 3944 intelligit,
891 3873 984 3943 qui
1011 3874 1083 3929 sit
1124 3875 1372 3929 omnium
1408 3874 1709 3942 Dominus,
1733 3887 1782 3931 et
1811 3894 2019 3932 servum

430 3966 601 4034 ipsum
631 3967 687 4019 in
726 3965 861 4020 duas
900 3975 1077 4036 partes
1117 3966 1347 4031 secabit;
1387 3977 1436 4022 et
1478 3978 1682 4037 portent
1731 3970 1848 4040 ejus
1897 3987 2018 4026 cum

432 4056 737 4127 inﬁdelibus
786 4043 1005 4127 ponet‘.
1041 4057 1230 4115 Restat
1278 4060 1445 4130 igitur
1487 4069 1547 4116 ut
1590 4070 1784 4117 contra
1826 4064 2020 4119 Salva-

432 4162 606 4207 torem
665 4152 843 4223 ipsum
877 4154 1182 4210 calumnias
1215 4163 1338 4211 tuas
1369 4169 1434 4210 ac
1466 4156 1756 4212 maledicta
1790 4172 2022 4213 conver-

433 4251 540 4309 tas,
571 4259 807 4316 eumque
839 4259 964 4301 esse
1008 4245 1213 4300 bonum
1268 4245 1563 4315 inficieris,
1594 4248 1812 4303 tametsi
1845 4249 2021 4304 bonus

431 4352 556 4390 cum
593 4333 754 4390 Pater
779 4336 1059 4407 genuerit,
1089 4336 1377 4408 bonusque
1412 4338 1487 4393 sit
1518 4352 1583 4394 ac
1608 4339 1824 4410 justus,
1856 4354 1956 4395 nec
1991 4356 2021 4395 a

430 4424 595 4481 Patre
623 4428 894 4483 diversus.
926 4428 1200 4495 Quocirca
1241 4438 1299 4484 tu
1327 4430 1423 4501 qui
1462 4430 1640 4502 legum
1664 4430 1824 4487 nobis
1850 4432 2022 4502 parti-

2121 3317 2479 3389 πειθομένων.
2508 3316 2572 3369 Εἰ
2598 3314 2654 3367 δὲ
2681 3313 2912 3383 φάσκεις
2944 3310 3281 3383 περιπλοκὴν
3313 3303 3454 3362 εἶναι
3485 3306 3725 3377 ταύτην,

2118 3411 2180 3465 τὸ
2214 3409 2416 3478 λέγειν,
2465 3406 2802 3476 Ὀφθαλμὸν
2855 3403 2987 3458 ἀντὶ
3036 3400 3372 3472 ὀφθαλμοῦ,
3410 3400 3506 3453 καὶ
3537 3399 3597 3452 τὸ
3625 3399 3729 3452 τὸν

2120 3501 2286 3572 φονέα
2315 3497 2657 3569 φονεύεσθαι,
2700 3496 2810 3549 ἰδοὺ
2842 3495 2937 3548 καὶ
2968 3494 3094 3564 περῖ
3114 3491 3442 3564 τῆςὴμέρας
3467 3491 3564 3560 τῆς
3590 3489 3724 3561 κρίο

2121 3612 2257 3660 σεως
2289 3593 2559 3665 βλέπομεν
2572 3591 2665 3644 τὸν
2704 3588 2935 3660 Σωτῆρα
2964 3586 3212 3655 λέγοντα,
3245 3585 3329 3637 ὅτι
3378 3583 3727 3637 Ἐλεύσεται

2121 3692 2154 3744 ὁ
2217 3686 2405 3743 αὐτοῦ
2458 3684 2808 3751 Δεσπότης’
2857 3679 3015 3733 τοῦτο
3056 3676 3112 3731 δὲ
3136 3675 3266 3747 περὶ
3306 3672 3497 3727 ἑαυτοῦ
3532 3672 3723 3741 ἔλεγεν

2120 3778 2284 3843 αὐτὸς
2310 3777 2529 3832 πάντων
2562 3774 2636 3828 ὢν
2668 3772 2966 3843 Δεσπότης,
3006 3768 3100 3824 καί
3135 3784 3268 3840 φησι
3288 3783 3302 3797 ·
3332 3764 3443 3820 Kal
3487 3763 3726 3833 διχοτοο

2121 3871 2303 3941 μήσει
2330 3868 2519 3924 αὐτὸν
2534 3867 2642 3921 τὸν
2665 3866 2894 3920 δοῦλον
2911 3881 2924 3895 ’
2949 3862 3049 3918 καὶ
3079 3863 3145 3916 τὸ
3166 3860 3349 3931 μέρος
3365 3856 3551 3912 αὐτοῦ
3568 3854 3726 3926 μετὰ

2121 3964 2241 4018 τῶν
2255 3964 2530 4019 ἀπίστων
2558 3960 2751 4028 θήσει.
2783 3957 2993 4012 υῦκοῦν
3013 3957 3034 3988 ⁸
3068 3956 3162 4011 καὶ
3190 3954 3319 4027 περὶ
3350 3951 3443 4007 τοῦ
3466 3950 3726 4022 Σωτῆρος

2125 4053 2388 4128 agonum
2445 4053 2803 4122 συκοφαντεῖν
2842 4049 3003 4103 πάλιν
3034 4049 3279 4119 ῥήματα,
3314 4044 3410 4100 καὶ
3437 4044 3613 4107 εἴποις
3656 4040 3726 4096 ἂν

2121 4150 2310 4206 τοῦτον
2345 4150 2419 4222 μὴ
2446 4143 2586 4202 εἶναι
2610 4143 3035 4215 ἀγαθὸν,καίτοι
3067 4156 3132 4210 γε
3163 4142 3229 4193 ὲκ
3259 4136 3475 4208 lla-:92);
3509 4132 3725 4203 ἀγαθοῦ

2122 4242 2543 4315 γεγεννημένον,
2588 4239 2686 4294 καὶ
2744 4235 2949 4306 ἀγαθὸν
2997 4233 3148 4297 δντα,
3190 4230 3327 4286 ἀλλὰ
3371 4229 3604 4292 δίκαιον,
3626 4228 3727 4280 καὶ

2123 4337 2237 4393 οὗθ’
2267 4337 2454 4408 ἕτερον
2484 4333 2637 4407 παρὰ
2669 4330 2760 4386 τὸν
2791 4328 3036 4400 Πατέρα.
3076 4325 3317 4379 Δύνασαι
3360 4322 3470 4394 ἄρα
3491 4320 3596 4408 καὶ
3626 4318 3727 4372 αῦ-

2122 4430 2214 4483 τὺν
2274 4407 2673 4500 ἀπαλλοτριοῦν
2710 4422 2811 4494 τῆς
2855 4420 2950 4475 τοῦ
2984 4417 3201 4490 Πατρὺς
3245 4415 3454 4478 οὐσίας,
3477 4407 3724 4474 ὦοῦτος,

432 4527 521 4572 tor
549 4533 612 4573 ac
634 4529 911 4590 geometra
949 4529 1174 4591 repente
1200 4520 1476 4591 prodiisti,
1503 4536 1568 4577 ac
1599 4522 1869 4577 trifariam
1899 4523 2011 4578 uni-

2125 4524 2154 4577 ὁ
2205 4519 2484 4592 προελθὼν
2537 4521 2671 4591 ἡμῖν
2719 4516 2881 4570 πάλιν
2925 4512 3226 4586 διαιρέτης,
3270 4508 3363 4563 καὶ
3397 4506 3725 4577 γεωμέτρης

432 4627 594 4669 versa
620 4612 849 4679 dividis,
885 4622 1039 4685 potes
1068 4614 1221 4669 illum
1261 4631 1292 4670 a
1326 4613 1507 4674 Patris
1552 4616 1872 4673 abalienare
1914 4632 2017 4671 na-

434 4713 579 4761 tura.
641 4704 797 4772 Quod
846 4716 1024 4762 autem
1063 4710 1328 4764 nonnulla
1387 4709 1581 4766 deﬁnis
1632 4710 1686 4763 in
1732 4711 1850 4781 lege
1900 4726 2023 4767 esse.

435 4797 804 4853 adumbrandi
833 4798 1292 4871 significaudique
1316 4817 1484 4857 causa
1512 4804 1742 4873 scripta,
1776 4803 2026 4859 veritatis

435 4890 688 4945 nonnihil
716 4891 969 4961 attigisti,
1007 4901 1066 4946 ut
1105 4894 1296 4964 paucis
1328 4894 1397 4951 iis
1440 4898 1721 4966 aspersis,
1754 4899 1897 4952 viam
1927 4898 2025 4952 tibi

437 4981 493 5037 in
531 4982 746 5039 caeteris
784 4982 850 5037 ad
900 4982 1172 5039 fallaciam
1211 4985 1570 5057 fraudemque
1612 4990 1880 5046 munires.
1913 4986 2027 5044 Nec

438 5074 584 5129 enim
618 5074 955 5131 diﬂitendum
982 5086 1086 5143 est,
1119 5078 1251 5150 quin
1277 5079 1395 5133 lucc
1435 5080 1542 5134 illis
1588 5079 1641 5134 in
1675 5080 1846 5152 figura
1891 5096 2029 5135 con-

439 5167 691 5239 tigeriot,
728 5168 933 5239 scripta
969 5170 1079 5225 sint
1127 5176 1309 5225 alitem
1361 5170 1431 5225 ad
1471 5171 1874 5241 correptionem
1927 5187 2029 5226 no-

440 5267 643 5324 stram,
688 5261 744 5314 in
785 5275 926 5330 quos
976 5259 1109 5315 lines
1157 5260 1483 5316 saeculorum
1533 5260 1907 5326 devenerunt,
1953 5263 2031 5317 ait

441 5362 665 5410 sanctus
695 5353 990 5424 Apostolus
1024 5354 1067 5422 ⁸,
1091 5369 1217 5409 cum
1246 5353 1315 5410 de
1336 5355 1780 5424 circumcisione,
1801 5370 1865 5410 ac
1891 5354 2030 5411 Sab-

516 5538 533 5569 ¹
563 5536 722 5592 Joan.
750 5553 872 5597 ιιιιι,
899 5537 951 5591 7.
1026 5534 1224 5593 ’Joan.
1259 5553 1319 5596 ιι.
1353 5534 1445 5592 22.
1522 5536 1543 5569 ³
1571 5535 1591 5589 l
1620 5536 1749 5590 Cor.
1786 5552 1865 5603 ιιι,
1895 5535 1951 5590 2.

444 5608 681 5666 tollenda
706 5610 1081 5680 interrogatio.

2043 5535 2065 5568 ³
2088 5534 2282 5603 Matth,
2317 5553 2464 5604 χειν,
2502 5536 2592 5603 50,
2619 5537 2710 5593 5t.

2123 4617 2233 4672 τῶν
2282 4617 2485 4688 νόμων,
2531 4613 2733 4687 τριχῶς
2767 4612 2838 4667 τὰ
2884 4610 3062 4664 πάντα
3093 4605 3336 4679 διαιρῶν.
3367 4603 3481 4658 Καὶ
3516 4601 3596 4672 τῷ
3623 4601 3726 4672 μὲν

2125 4711 2322 4774 εἰπεῖν,
2348 4708 2431 4761 ὅτι
2465 4708 2546 4770 είς
2571 4705 2776 4768 τύπους
2822 4698 3167 4774 συμϐολικῶς
3206 4715 3331 4751 τινα
3361 4697 3420 4767 ὲν
3467 4693 3546 4765 τῷ
3572 4693 3725 4763 νόμῳ

2125 4802 2462 4873 γέγραπται,
2491 4799 2649 4867 ὀλίγα
2680 4796 2920 4869 παρήψω
2947 4794 3044 4865 τῆς
3074 4790 3357 4863 ἀληθείας,
3380 4788 3469 4841 ἵνα
3497 4785 3586 4839 διὰ
3613 4784 3725 4838 τῶν

2126 4893 2322 4962 ὀλίγων
2347 4890 2583 4962 δυνηθῇς
2626 4889 2721 4944 καὶ
2762 4891 2841 4953 εἰς
2873 4887 2943 4942 τὰ
2974 4886 3111 4942 ἄλλα
3147 4881 3445 4952 ἀπατῆσαι.
3476 4877 3581 4931 Kal
3612 4876 3722 4947 γὰρ

2127 4984 2207 5056 τῷ
2236 4984 2347 5038 ὄντι
2367 4983 2599 5045 ἐκείνοις
2615 4979 2862 5044 τυπικῶς
2885 4976 3199 5032 συνέϐαινεν
3222 4993 3232 5005 ·
3258 4971 3476 5044 ἐγράφη
3504 4969 3561 5021 δὲ
3591 4969 3723 5039 ἡμῖν

2124 5081 2205 5143 είς
2231 5077 2534 5142 νουθεσίαν,
2562 5078 2645 5140 εἰς
2666 5074 2761 5139 οὓς
2785 5073 2854 5127 τὰ
2876 5072 3004 5142 τέλη
3022 5069 3131 5122 τῶν
3154 5065 3367 5121 αἰώνων
3388 5063 3721 5134 κατήντησε,

2128 5172 2291 5243 φησὶν
2319 5173 2349 5224 ὁ
2392 5168 2694 5239 ἁγιώτατος
2746 5163 3069 5225 Ἀπόστολος
3093 5201 3107 5226 ,
3148 5156 3277 5230 περί
3315 5174 3375 5210 τε
3422 5152 3725 5225 περιτομῆς

2128 5261 2322 5332 λέγων,
2355 5263 2450 5316 καὶ
2472 5261 2773 5322 Σαϐϐἁτου,
2806 5257 2902 5312 καὶ
2926 5253 3036 5308 τῶν
3067 5250 3267 5305 ἄλλων.
3294 5250 3422 5303 Εἴθε
3453 5246 3511 5300 δὲ
3544 5244 3724 5299 πάντα

2129 5355 2420 5428 ῆλήθευες,
2454 5356 2549 5409 καὶ
2577 5353 2762 5408 οὐκέτι
2792 5351 2974 5425 τρίτον
3007 5345 3171 5420 μέσον
3203 5343 3323 5399 θεὸν
3355 5343 3446 5397 τὸν
3485 5340 3561 5415 μὴ
3594 5338 3724 5393 δντα

2788 5539 2807 5570 ⁵
2838 5534 2857 5591 1
2896 5535 3023 5592 Cor.
3065 5550 3119 5601 ιι,
3150 5535 3234 5590 Η.
3312 5533 3334 5566 ⁸
3356 5531 3521 5589 Deest
3550 5528 3624 5594 εἰ,
3653 5533 3707 5582 et

518 5784 596 5856 (7)
636 5782 1059 5855 Νομοθετήσας
1095 5785 1203 5854 γὰρ
1260 5787 1292 5839 ό
1322 5785 1525 5857 νόμος.
1557 5785 1791 5858 August.
1839 5796 2011 5842 conm

2125 5784 2262 5840 dant.
2308 5802 2430 5859 cap.
2459 5788 2512 5844 8.
