3904 6274
390 273 496 330 635

1555 261 1828 320 NEMESII
1869 258 2180 316 EPISCOPI
2218 257 2520 316 EMESENI

3538 256 3654 310 6'56

391 390 529 444 ritus
574 385 905 448 continetur,
956 381 1156 451 quique
1194 395 1262 438 ex
1303 381 1384 438 eis
1436 383 1588 438 nervi
1637 389 1956 442 nascuntur,

2072 377 2455 450 αἰσθητηρίων.
2497 375 2654 429 Ἔστι
2708 372 2769 426 δὲ
2821 371 3148 444 αἰσθητήρια
3199 369 3300 443 μὲν
3327 370 3487 425 πέντε
3528 372 3649 442 (1)ο

391 480 584 533 anima:
627 477 820 549 spiritu
869 473 1194 540 madefacti,
1238 481 1292 528 et
1332 486 1524 553 sensus
1570 471 1780 527 sedium
1820 480 1964 523 stru-

389 583 565 626 ctura.
621 569 762 624 Sunt
801 577 980 624 autem
1025 582 1218 624 sensus
1258 567 1414 622 sedes
1455 564 1730 635 quinque,
1774 576 1966 616 sensus

389 676 566 725 unus,
616 660 834 722 anima,
888 672 1008 727 quae
1055 672 1152 725 per
1204 670 1462 712 sensuum
1515 655 1672 710 sedes
1724 651 1966 706 aﬂ‘ectio-

391 767 520 815 nes,
575 765 696 820 quae
746 751 798 805 in
848 749 928 805 eis
972 749 1279 812 exsistunt,
1327 745 1625 817 cognoscit.
1674 742 1853 814 Atque
1899 757 1964 798 ea

391 839 607 907 quidem
651 839 810 906 sede,
859 853 980 908 quae
1020 852 1128 906 prae
1168 836 1382 892 creteris
1424 845 1636 890 terrena
1676 845 1732 889 et
1768 849 1963 904 corpo-

391 945 483 983 rea
516 939 632 994 est,
679 929 767 984 hic
811 937 991 982 autem
1039 937 1216 982 tactus
1255 937 1375 991 est,
1408 935 1679 980 terrenam
1712 933 1960 978 naturam

392 1021 616 1074 indicat.
668 1019 740 1074 Ea
783 1035 942 1084 vero,
978 1035 1100 1089 qua:
1131 1020 1370 1074 maxime
1401 1029 1483 1074 est
1517 1015 1796 1087 splendida
1822 1056 1837 1081 ,
1869 1014 1961 1085 qui

387 1109 646 1164 cernendi
693 1124 882 1164 sensus
929 1119 1048 1174 est,
1086 1107 1364 1176 splendida
1386 1146 1401 1170 ,
1437 1114 1497 1159 ut
1529 1119 1689 1160 aerea
1719 1103 1963 1160 aliectio-

387 1217 488 1255 nes
535 1201 676 1255 aeris
713 1201 890 1272 (vocis
919 1201 1060 1254 enim
1093 1199 1393 1254 substantia
1427 1213 1521 1252 aer
1550 1206 1664 1263 est,
1693 1207 1788 1251 aut
1821 1197 1965 1252 aeris

391 1294 564 1361 ictus)
592 1309 607 1359 ;
656 1308 718 1347 ac
755 1293 1042 1363 spongiosa
1080 1300 1134 1346 et
1175 1305 1343 1360 aquea
1368 1331 1382 1356 ,
1415 1305 1537 1358 qua:
1567 1289 1620 1343 in
1656 1297 1815 1357 gustu
1843 1297 1958 1355 est,

388 1399 610 1452 sapores
658 1383 905 1453 percipit.
959 1382 1346 1448 Comparatum
1405 1380 1549 1433 enim
1602 1388 1792 1434 natura
1844 1388 1960 1446 est,

2067 469 2318 540 αἴσθησις
2361 468 2418 520 δὲ
2452 467 2569 538 μία,
2618 468 2652 534 ἡ
2691 465 2914 536 ψυχικὴ,
2963 465 2997 536 ή
3029 463 3368 536 γνωρίζουσα
3419 464 3506 518 διὰ
3535 463 3653 517 τῶν

2068 558 2514 630 αἰσθητηρίωντά
2539 560 2597 612 ὲν
2623 558 2803 618 αὐτοῖς
2820 555 3084 624 γινόμενα
3107 555 3255 625 πάθη
3273 571 3289 586 ο
3317 555 3412 608 καὶ
3436 555 3516 625 τῷ
3545 555 3653 624 μὲν

2068 646 2421 716 γεωδεστὰτῳ
2474 647 2569 700 κα).
2599 644 3044 716 σωματικωτάτῳ
3092 644 3202 696 τῶν
3250 643 3648 714 αἰσθητηρίων,

2067 739 2205 808 ὅπερ
2232 737 2428 807 ἐστὶνή
2457 735 2590 807 ἁφὴ,
2619 735 2720 805 τῆς
2743 734 2981 803 γεώδους
3013 731 3229 802 φύσεως
3281 733 3599 787 αἰσθάνεται
3633 750 3648 762 ο

2070 829 2146 900 τῷ
2163 829 2218 882 δὲ
2255 827 2683 898 αὐγοειδεστάτῳ
2713 827 2810 897 (2),
2830 827 2965 895 ὅπερ
2997 825 3144 878 ἐστὶν
3166 826 3200 894 ἡ
3234 823 3378 894 ὄψις,
3407 825 3515 878 τῶν
3547 826 3651 878 αὑ-

2065 917 2287 987 γοειδῶν
2342 917 2443 987 (ὃν
2497 916 2573 979 ὼς
2609 916 2708 969 καὶ
2756 913 2835 984 τῷ
2864 913 3124 985 ἀεροειδεί
3155 913 3230 985 (4)
3269 913 3377 967 τῶν
3409 913 3504 967 τοῦ
3535 916 3648 984 77

2065 1009 2225 1079 ἀέρος
2258 1007 2595 1079 παθημάτων
2622 1007 2699 1076 (5)
2753 1005 2881 1078 (ἀὴρ
2914 1006 3022 1077 γάρ
3069 1006 3216 1058 ἐστιν
3265 1007 3299 1076 ἡ
3327 1007 3427 1076 τῆς
3460 1008 3652 1076 φωνῆς

2065 1101 2221 1153 οὐσία
2255 1098 2287 1170 ἢ
2321 1099 2482 1169 ἀέρος
2513 1098 2736 1168 πληγή)·
2771 1098 2865 1150 καὶ
2893 1096 2972 1166 τῷ
3003 1097 3342 1164 σπογγοειδεϊ
3369 1097 3426 1150 δὲ
3448 1097 3525 1166 (6)
3549 1098 3651 1150 καὶ

2067 1189 2377 1252 ὑδατοειδεῖ,
2405 1187 2485 1258 τῷ
2514 1187 2653 1240 κατά
2680 1188 2777 1258 τὴν
2809 1185 3018 1254 γεῦσιν,
3041 1184 3150 1237 τῶν
3169 1186 3357 1256 χυμῶν
3385 1187 3652 1257 ἀντιλαμ-

2067 1285 2308 1339 ϐάνεται.
2345 1284 2614 1336 Ἔκαστον
2638 1281 2746 1354 γάρ
2774 1281 2882 1336 τῶν
2910 1281 3183 1353 αἰσθητῶν
3204 1281 3294 1335 διὰ
3321 1282 3417 1335 τοῦ
3443 1283 3650 1337 οἰκείου

2068 1373 2430 1447 γνωρίζεσθαι
2462 1375 2724 1442 πέφυκεν.

388 1489 447 1530 ιιι
477 1477 744 1546 quodque,
777 1475 915 1542 quod
948 1473 1048 1529 sub
1076 1486 1292 1527 sensum
1325 1471 1502 1536 cadat,
1533 1485 1630 1540 per
1657 1470 1878 1539 aliquid,
1911 1469 2054 1538 quod
2080 1469 2146 1521 sit
2180 1475 2362 1535 aptum
2391 1466 2456 1518 ad
2483 1474 2728 1519 naturam
2750 1477 2925 1530 suam,
2950 1473 3323 1534 cognoscatur.

457 1566 754 1635 Oportebat
795 1565 960 1634 igitur
999 1563 1099 1618 hac
1142 1562 1382 1627 ratione,
1437 1560 1690 1630 quoniam
1748 1569 1958 1630 quatuol

2155 1556 2304 1610 Ἔδει
2355 1555 2532 1608 τοίνυν
2565 1553 2708 1608 κατά
2751 1554 2940 1606 τοῦτον
2969 1554 3061 1607 τὸν
3093 1554 3269 1622 λόγον,
3305 1554 3490 1626 ἐπειδή
3518 1556 3652 1608 τέσ-

387 1670 518 1713 sunt
561 1659 863 1718 elementa,
916 1665 1152 1726 quatuor
1200 1656 1364 1710 etiam
1412 1667 1533 1709 esse
1587 1668 1802 1709 sensus.
1838 1652 1965 1708 'Sed

389 1750 642 1818 quoniam
688 1763 856 1817 vapor
897 1756 951 1801 et
995 1748 1220 1800 odorum
1266 1758 1469 1814 genus,
1516 1744 1693 1798 media
1733 1743 1964 1812 quadam

390 1851 580 1893 natura
625 1847 789 1901 sunt,
854 1839 994 1892 inter
1040 1851 1218 1890 acrem
1265 1843 1321 1889 et
1363 1849 1557 1905 aquam
1607 1836 1774 1904 (aere
1821 1834 1962 1887 enim

387 1937 472 1980 est
518 1927 774 1990 crassior,
810 1941 944 1995 aqua
991 1927 1223 1990 tenuior,
1257 1923 1399 1993 quod
1436 1924 1488 1977 in
1532 1923 1819 1992 gravedine
1850 1921 1965 1991 pla-

391 2030 519 2067 num
579 2013 676 2078 fit;
732 2029 852 2066 nam
903 2011 992 2081 qui
1057 2027 1122 2066 eo
1164 2012 1352 2066 morbo
1395 2010 1724 2076 adiciuntur,
1771 2010 1964 2080 spiritu

386 2104 602 2174 quidem
650 2119 828 2158 aerem
877 2104 1115 2168 ducunt,
1171 2113 1227 2157 et
1263 2112 1440 2157 tamen
1476 2103 1527 2156 in
1559 2102 1803 2157 ducendo
1849 2103 1957 2170 spi-

387 2198 494 2250 ritu
524 2211 775 2264 vaporem
805 2211 907 2249 non
943 2195 1280 2264 percipiunt:
1319 2203 1538 2263 propter
1571 2193 1715 2246 enim
1745 2192 1965 2246 obstru-

386 2289 654 2348 etionem,
701 2289 846 2355 quod
878 2288 1115 2341 crassius
1157 2295 1282 2351 est,
1332 2287 1398 2340 ad
1434 2300 1652 2340 sensum
1693 2301 1799 2338 non
1843 2300 1966 2354 pcr-

386 2381 589 2449 venit);
623 2379 825 2432 idcirco
854 2379 1096 2447 quintam
1128 2378 1312 2433 sedem
1350 2377 1606 2431 odoratus
1636 2385 1826 2430 natura
1857 2391 1966 2429 ma-

386 2468 602 2522 chinata
631 2477 736 2532 est,
787 2479 843 2522 ut
893 2467 1024 2522 nihil
1057 2482 1244 2522 eorum
1290 2481 1410 2536 qua:
1456 2467 1704 2535 cognosci
1741 2475 1965 2536 possunt

385 2574 602 2613 sensum
628 2557 868 2628 cﬂ'ugiat.
893 2558 987 2613 Est
1013 2567 1190 2612 autem
1229 2573 1421 2612 sensus
1451 2573 1558 2612 non
1589 2560 1959 2622 commutatio,

389 2649 485 2704 sed
522 2649 962 2704 commutatiouis
999 2648 1332 2717 dijudicatiu.
1371 2649 1785 2704 Commutantur
1817 2651 1962 2705 enim

384 2753 638 2792 sensuum
667 2740 845 2805 sedes,
869 2747 924 2793 et
947 2753 1137 2794 sensus
1171 2739 1651 2793 commutatimiem
1679 2739 1961 2809 diiudicat.

383 2829 662 2884 Vocantur
692 2838 873 2884 tamen
904 2845 1047 2900 smpe
1079 2845 1270 2886 sensus
1290 2870 1306 2896 ,
1338 2831 1503 2884 etiam
1539 2831 1670 2900 'rpsm
1698 2846 1955 2888 sensuum

2068 1666 2207 1720 σαρα
2256 1651 2524 1718 στοιχεῖα,
2583 1647 2853 1718 τέσσαρας
2878 1642 3016 1701 εῖναι
3062 1647 3160 1700 καὶ
3205 1647 3303 1709 τὰς
3338 1647 3650 1718 αἰσθήσεις,

2064 1740 2181 1794 ἀλλ’
2216 1739 2513 1810 ἐπειδήπερ
2547 1738 2624 1809 (7)
2657 1739 2685 1790 ὁ
2717 1737 2889 1809 ἀτμὸς
2932 1739 3027 1791 καὶ
3075 1738 3138 1790 τὸ
3181 1739 3293 1792 τῶν
3325 1739 3510 1808 ὀσμῶν
3552 1740 3656 1808 γέ-

2065 1847 2154 1893 νος
2181 1831 2258 1899 (8)
2296 1829 2498 1900 μεταξὺ
2547 1827 2646 1898 τὴν
2679 1828 2841 1897 φύσιν
2875 1829 3024 1882 ἐστὶν
3074 1829 3235 1900 ἀέρος
3291 1829 3385 1882 κα)⁸
3447 1828 3645 1894 ὓδατος

2067 1920 2246 1990 (ἀέρος
2278 1920 2376 1990 μὲν
2410 1919 2517 1990 γάρ
2547 1921 2664 1972 ἐστι
2693 1919 3189 1990 παχυμερέστερος,
3219 1917 3413 1982 ὓδατος
3444 1918 3503 1973 δὲ
3551 1918 3652 1976 λε·-

2065 2008 2496 2080 πτομερέστερος
2521 2023 2535 2040 ⁸
2565 2007 2724 2078 δῆλον
2751 2008 2808 2061 δὲ
2847 2007 3054 2076 γίνεται
3082 2008 3142 2060 τὸ
3172 2008 3410 2061 τοιοῦτον
3435 2007 3522 2061 διὰ
3544 2011 3650 2080 τῆς

2065 2099 2321 2170 κορύζης,
2349 2098 2442 2152 τοῦ
2464 2098 2698 2162 πάθους·
2734 2099 2784 2152 οἰ
2811 2097 2920 2168 γὰρ
2945 2098 3283 2170 κορυζῶντες
3325 2097 3399 2168 (9)
3427 2097 3650 2152 ἕλκουσι

2070 2191 2166 2261 μὲν
2195 2190 2284 2244 τὸν
2317 2190 2454 2260 ἀέρα
2487 2190 2576 2244 διά
2604 2191 2706 2260 τῆς
2741 2189 3016 2260 ἀναπνοῆς
3034 2205 3049 2220 ⁸
3085 2189 3331 2252 ἕλκοντες
3358 2188 3416 2242 δὲ
3433 2188 3647 2254 τοῦτον,

2063 2282 2171 2334 τῶν
2207 2281 2394 2352 ἀτμῶν
2445 2281 2545 2334 οὐκ
2593 2280 3086 2351 ἀντιλαμϐάνονται
3121 2281 3254 2351 (10)’
3299 2279 3388 2334 διὰ
3410 2279 3518 2349 γάρ
3544 2280 3650 2352 τὴν

2065 2373 2334 2444 ἐμψραξιν
2361 2372 2421 2426 τὸ
2440 2391 2585 2442 παχυ
2594 2390 2657 2442 με
2665 2371 2725 2442 ρέ
2735 2388 2920 2442 στερον
2942 2372 3041 2425 οὐκ
3061 2372 3367 2441 ἀφικνεῖται
3393 2371 3528 2443 πρὸς
3542 2371 3650 2441 τὴν

2064 2463 2374 2534 αἴσθησιν),
2406 2463 2598 2516 τούτου
2662 2463 2820 2532 χάριν
2872 2462 3124 2532 πέμπτον
3185 2463 3573 2534 αἰσθητήριον,
3611 2465 3646 2534 ἡ

2062 2555 2346 2626 ὄσφρησις,
2377 2556 2482 2608 ὑπὸ
2513 2556 2611 2626 τῆς
2636 2554 2851 2624 φύσεως
2879 2553 3166 2625 ἐξεύρηται
3193 2553 3325 2624 (11),
3359 2554 3447 2607 ἴνα
3477 2554 3652 2624 μηδὲν

2062 2646 2168 2699 τῶν
2201 2645 2509 2715 δυναμένων
2531 2647 2610 2708 εἰς
2633 2645 2834 2714 γνῶσιν
2856 2645 3028 2698 ἐλθεῖν
3055 2645 3291 2715 διαφύγῃ
3325 2644 3423 2714 τὴν
3455 2645 3680 2716 (116011--

2064 2752 2169 2788 σιν.
2205 2736 2358 2788 Ἔστι
2386 2735 2441 2786 δὲ
2472 2736 2505 2806 ἡ
2535 2735 2788 2806 αἴσθησις
2803 2735 2902 2789 οὑκ
2923 2735 3225 2798 ἀλλοίωσις,
3257 2735 3391 2787 ἀλλά
3412 2735 3652 2803 διάγνω-

2065 2845 2148 2891 σις
2181 2826 2536 2889 ἀλλοιώσεως.
2567 2825 2900 2880 Ἀλλοιοῦται
2929 2828 3028 2898 μὲν
3059 2828 3168 2898 γὰρ
3200 2827 3268 2880 τά
3289 2826 3648 2898 αἰσθητήρια,

384 2923 560 2976 sedes.
592 2922 687 2976 Est
717 2931 894 2976 autem
925 2937 1121 2977 sensus
1141 2963 1155 2987 ,
1186 2923 1461 2991 perceptio
1490 2937 1677 2976 eorum
1708 2937 1827 2994 qua:
1853 2923 1956 2978 sub

2072 2918 2321 2988 Ξιακρίνει
2354 2917 2410 2970 δὲ
2445 2918 2541 2989 τὴν
2571 2918 2855 2972 ἀλλοίωσιν
2887 2921 2920 2989 ἡ
2962 2917 3236 2989 αἴσθησις.
3295 2919 3554 2973 Καλεῖται
3583 2919 3650 2972 δὲ

383 3028 601 3068 sensum
632 3013 850 3068 eadunt.
883 3012 989 3068 Sed
1046 3013 1158 3068 haec
1190 3012 1434 3067 deﬁnitio
1470 3028 1576 3066 non
1620 3012 1788 3082 ipsius
1833 3028 1958 3068 sen-

381 3118 508 3168 sus,
559 3102 654 3158 sed
705 3118 987 3159 munerum
1036 3102 1153 3169 ejus
1198 3117 1318 3158 esse
1372 3103 1603 3158 videtur.
1655 3103 1835 3170 Quare
1878 3104 1958 3159 sic

382 3208 596 3263 quoque
639 3209 859 3250 sensum
901 3193 1166 3250 deﬁniunt
1205 3211 1219 3248 :
1262 3193 1494 3264 Spiritus
1540 3193 1878 3264 intelligens,
1924 3210 1955 3249 a

2064 3009 2319 3074 πολλάκις
2349 3010 2598 3082 αἴσθησις
2623 3011 2731 3081 (i2)
2759 3012 2852 3064 καί
2879 3011 2946 3064 τὰ
2968 3011 3294 3083 αἰσθητήρια
3323 3012 3455 3080 (15).
3483 3012 3651 3066 Ἔστι

2061 3103 2117 3157 δὲ
2141 3104 2408 3174 αἴσθησις,
2438 3103 2718 3174 ἀντίληψις
2743 3105 2851 3157 τῶν
2877 3104 3168 3176 αἰσθητῶν.
3205 3106 3360 3158 Δοκεῖ
3402 3105 3457 3158 δὲ
3488 3098 3652 3168 οὗτος

2060 3198 2088 3249 ὁ
2117 3197 2242 3267 ὅρος
2277 3197 2379 3250 οὐκ
2437 3197 2609 3267 αὐτῆς
2644 3194 2785 3250 εἰναι
2836 3197 2938 3268 τῆς
2994 3197 3302 3270 αἰσθήσεως
3335 3198 3469 3267 (id),
3504 3198 3649 3252 ἀλλά

1584 3331 1745 3386 VAR.
1785 3333 1986 3390 LECT.
2023 3335 2113 3390 ET
2151 3336 2482 3392 ANIMADV.

453 3467 530 3539 (1)
562 3468 926 3539 ᾼίοζᾷητήρια
973 3475 1036 3521 ε’.
1067 3467 1402 3539 Λίσθητήρια
1454 3469 1552 3539 μὲν
1586 3469 1770 3534 πέντε,
1807 3471 1867 3525 D.
1911 3472 1957 3538 l;

380 3538 448 3592 Α.
485 3538 540 3602 2,
568 3538 620 3590 5.
656 3537 776 3592 Mox
809 3539 980 3623 pia!)
1014 3537 1508 3660 ψυχικηὴγνωρζ,
1545 3539 1604 3592 D.
1642 3541 1694 3602 1,
1722 3541 1784 3592 Δ.
1821 3541 1874 3602 2,
1903 3543 1957 3606 ὃς

383 3608 454 3660 Μ.
484 3610 532 3660 1.
568 3606 686 3660 Mox
713 3619 905 3660 omittit
939 3626 1075 3660 οπερ
1101 3626 1193 3660 εστ
1220 3626 1268 3660 ν.
1299 3622 1423 3660 ante
1454 3611 1486 3660 ἠ
1525 3609 1754 3660 ἀωή.Μ.
1795 3612 1842 3660 1.
1886 3613 1957 3660 Ac

383 3608 454 3661 M.
484 3610 532 3663 1.
568 3606 686 3662 Mox
713 3606 905 3662 omittit
939 3606 1075 3678 ὅπερ
1094 3606 1193 3661 εστ

383 3679 594 3738 deinde,
626 3679 726 3748 τῆς
753 3677 1064 3747 δὲξγεώδους
1103 3679 1335 3747 φύσεως,
1363 3679 1426 3731 Α.
1459 3677 1514 3732 2.
1543 3697 1561 3728 ι
1595 3677 1794 3733 Sensus
1831 3695 1962 3734 vero

387 3764 526 3801 unus
554 3751 813 3812 omnium,
838 3751 928 3820 qui
961 3786 976 3802 .
1015 3791 1029 3803 .
1062 3788 1076 3803 .
1111 3749 1408 3820 cognoscit,
1438 3766 1458 3800 ι
1489 3749 1656 3804 Cono.
1698 3749 1842 3804 Valla
1879 3753 1964 3805 his

383 3831 606 3886 prorsus
634 3828 801 3871 caret.

455 3888 532 3957 (Ξ)
575 3887 658 3953 Τῷ
697 3887 766 3961 δὲ
794 3887 1282 3961 αὐγοειδεστάτῳ.
1341 3888 1494 3961 Cono
1520 3903 1535 3961 _:
1571 3887 1954 3961 qln_diost65£qt

383 3971 514 4012 vero
533 3969 586 4012 et
606 3959 844 4012 omnium
880 3959 1180 4013 clarissimo
1207 3961 1324 4012 visu
1348 3958 1592 4012 ὼοειδέα.
1622 3977 1641 4010 ι
1666 3957 1807 4026 Ergo
1831 3957 1954 4014 ante

383 4027 811 4100 αὐγοειδεστάτῳ
839 4029 980 4082 aliud
1031 4029 1192 4081 etiam
1249 4028 1568 4100 vocabulum
1619 4028 1845 4093 invenit,
1875 4030 1953 4082 uti

383 4110 542 4152 antea
569 4107 624 4153 ct
645 4098 825 4168 postea
850 4100 915 4153 de
946 4105 1092 4168 tactu
1133 4105 1189 4150 et
1213 4165 1223 4168 Α
1244 4107 1398 4167 gustu
1433 4098 1538 4152 duo
1570 4112 1787 4168 quoque
1831 4107 1957 4152 sunt

384 4165 778 4238 epitheta.'Scd
811 4167 1073 4238 tboetGﬁq,
1092 4168 1170 4238 oui
1198 4165 1635 4238 formam'hnbeus
1663 4165 1824 4238 (quo,
1845 4171 1955 4238 nti-

386 4235 472 4289 tur
501 4237 772 4292 Plutarch.
809 4246 850 4292 t.
872 4237 935 4302 ll,
964 4235 1015 4304 ιι.
1050 4235 1152 4289 886
1179 4246 1269 4298 ;et
1299 4237 1446 4306 Diog.
1475 4235 1683 4304 Laert.,
1712 4253 1765 4306 p.
1800 4237 1953 4306 409),

385 4323 490 4360 non
519 4319 602 4361 est
630 4308 788 4375 hujus
818 4309 953 4376 loci.)
974 4306 1214 4376 Conjicio
1247 4321 1376 4374 ergo
1402 4323 1416 4358 :
1455 4306 1534 4376 τῷ
1566 4306 1623 4359 δὲ
1644 4375 1647 4376 ν
1671 4307 1958 4376 φωτοειδέ-

385 4376 566 4447 στάτῳ
617 4379 712 4430 καὶ
751 4375 1197 4447 αὑγοειδεστάςτςρ.
1253 4376 1404 4447 apud
1449 4375 1600 4446 Diog.
1639 4375 1844 4442 Laert.,
1899 4394 1953 4445 ι).

381 4447 507 4509 291,
539 4444 608 4501 de
640 4448 758 4501 visu
785 4444 866 4499 est
893 4444 1204 4514 κωνοειδής.
1260 4445 1366 4498 Sed
1425 4457 1479 4500 et
1541 4444 1641 4501 hoc
1696 4444 1956 4502 alienum.

384 4515 534 4570 Valla
559 4517 628 4569 ita
657 4531 672 4568 :
712 4535 730 4566 ι
765 4515 894 4580 Quae
920 4524 1094 4568 autem
1125 4513 1413 4583 perspicua
1444 4525 1592 4583 sunt,
1621 4517 1688 4572 ab
1717 4520 1956 4572 oumium

383 4586 826 4653 perspicuissimo
849 4586 994 4653 Avisu.
1019 4601 1036 4633 ι

477 4657 530 4724 5)
566 4657 772 4777 Ὀξιςῖ
796 4651 916 4708 τῶν
937 4652 1284 4723 αὐτοειδῶν.
1335 4653 1496 4726 Ὄψις
1541 4654 1648 4709 τῶν
1687 4655 1958 4724 αὑγοειδε-

477 4742 615 4777 ιτων.
690 4764 705 4777 .
779 4763 793 4776 .

383 4731 615 4786 στάτων,
641 4731 705 4780 Α.
737 4731 793 4777 2.

454 4795 530 4867 (4)
570 4797 662 4860 Ὠς
691 4796 800 4867 καί
818 4794 898 4860 τῷ
920 4793 1178 4867 ἀερώδει.
1230 4794 1533 4867 Ἀεροειδεῖ,
1559 4795 1678 4867 loco
1705 4796 1952 4867 ἀερώδει,

384 4865 448 4919 ι).
466 4865 532 4919 1.
559 4865 880 4938 Ἀερωειδεῖ,
902 4869 1116 4938 vitiose,
1143 4866 1256 4920 loco
1276 4865 1337 4938 ἀε
1349 4867 1558 4938 ροειδεῖ,
1575 4867 1638 4920 Λ.
1657 4866 1708 4921 5.
1734 4865 1955 4922 Utrum-

382 4950 489 5003 que
535 4936 850 4990 vocabulum
901 4937 950 4988 iu
989 4952 1090 4990 usu
1126 4945 1228 4990 est.
1261 4936 1368 4990 Sed
1421 4947 1480 4990 ut
1514 4952 1637 4990 mox
1665 4948 1750 4991 est
1784 4955 1954 5006 σπογ-

383 5007 581 5074 γοειδεῖ
611 5015 668 5058 et-
691 5006 982 5058 ὑδατοειδεί
1003 5045 1016 5069 ,
1074 5007 1148 5059 ita
1180 5007 1265 5060 hic
1293 5022 1505 5076 quoque
1559 5006 1952 5076 prml'el'endum

383 5078 597 5131 videtur
623 5076 905 5145 ἁεροειδεῖ.
940 5077 1204 5130 Caeterum
1244 5078 1330 5132 hic
1358 5078 1570 5132 videtur
1597 5078 1782 5131 deesse
1821 5077 1956 5132 alte-

387 5162 505 5200 rum
551 5149 825 5216 epitheton
891 5157 945 5200 et
979 5162 1173 5216 nomen
1205 5163 1406 5212 sensus,
1459 5147 1550 5216 qui
1592 5147 1678 5216 hic
1713 5155 1952 5210 notatur,

385 5215 640 5271 nimirum
671 5217 827 5288 ἀκοή.
855 5216 1001 5288 Cono
1030 5234 1057 5288 :7
1094 5233 1113 5288 ι
1147 5215 1204 5269 1η
1243 5217 1514 5288 aeriformi
1540 5215 1734 5288 scilicet
1766 5217 1953 5288 auditu

384 5289 527 5342 aeris
557 5284 850 5358 passiones.
867 5305 885 5337 ι
911 5287 1114 5358 Conjici
1136 5289 1337 5356 possit:
1365 5287 1441 5350 ὡς
1467 5284 1649 5358 καὶμτῷ
1671 5285 1953 5358 χονδρώδει

383 5359 480 5429 καὶ
526 5357 834 5429 ἀεροειδεῖη
861 5357 941 5429 τῷ
982 5354 1262 5429 κατά⁷τὴν
1284 5358 1475 5429 ἀκοὴν,
1508 5354 1736 5429 τῶντοῦ
1771 5354 1948 5428 ἀέρος.

385 5426 520 5482 Vide
551 5425 629 5482 inf
631 5445 707 5492 ra,
735 5444 786 5496 ῃ.
812 5425 1274 5498 9οξΧονδροειδής
1303 5425 1552 5498 nou'legi.
1577 5425 1757 5498 Neque
1774 5425 1950 5480 tamen

385 5501 715 5552 contrarium
746 5509 826 5554 est
874 5496 1079 5567 lingua!
1116 5496 1334 5550 Graiae.
1387 5496 1489 5550 Sed
1529 5497 1676 5550 auris
1719 5512 1821 5550 non
1872 5508 1954 5551 est

384 5569 722 5640 χονδροειδής
745 5611 760 5632 ,
798 5583 984 5640 verum
1039 5567 1358 5640 χονδρῶδης.
1388 5567 1532 5640 Valla
1563 5586 1576 5620 :
1628 5585 1646 5616 ι
1678 5567 1858 5640 Sicut
1885 5569 1953 5620 ab

385 5636 579 5695 ξυτοεο
625 5636 788 5710 (ergo
814 5636 1079 5712 ἀερώδει)
1113 5636 1255 5694 aeris
1287 5638 1586 5708 passiones.
1625 5655 1642 5689 ι
1676 5636 1778 5693 Sed
1811 5637 1949 5693 idem

1220 3626 1268 3672 ν,
1299 3622 1423 3662 ante
1454 3611 1487 3678 ἠ
1525 3609 1754 3679 ἀφή.Μ.
1795 3612 1842 3665 1.
1886 3613 1962 3666 Ac
2022 3642 2024 3644 τ

2059 3488 2184 3527 mox
2230 3473 2392 3528 nabet
2420 3473 2582 3528 ctiam
2639 3472 2934 3543 spongiam,
2973 3489 3190 3544 aquoso.
3242 3472 3312 3528 Μ.
3363 3475 3391 3530 1
3417 3514 3433 3542 ,
3464 3476 3649 3548 ἀερω-

2058 3542 2224 3594 δοτῶν
2249 3543 2363 3594 loco
2395 3542 2624 3594 ἀερώδει
2645 3542 2772 3594 τῶν.

2089 3543 2224 3596 οτῶν
2249 3543 2363 3596 loco
2395 3543 2624 3614 ἀερώδει
2645 3543 2772 3595 τῶν.
3021 3543 3025 3544 “
3536 3543 3548 3548 ’

2131 3613 2210 3681 (5)
2246 3611 2372 3666 Τῶν
2395 3613 2504 3666 τοῦ
2559 3613 2738 3694 ἀέρρς
2784 3613 3166 3694 θεαθῃμίξτιιιιζἔ
3214 3612 3308 3694 l_lis
3337 3613 3557 3670 additur
3587 3615 3645 3672 in

2059 3696 2176 3736 mar
2218 3722 2232 3736 .
2264 3698 2292 3734 a
2325 3698 2470 3736 man.
2502 3697 2636 3744 rec.,
2663 3683 2751 3735 διά
2781 3683 2879 3752 τῆς
2901 3681 3090 3753 ἀκοῆς,
3125 3681 3188 3735 D.
3219 3684 3270 3736 1.

2098 3820 2109 3835 Ι
2133 3697 2212 3821 (ϐξ
2242 3751 2627 3835 ξπογυηοειδεῖ
2647 3751 2733 3835 δέ.
2763 3753 2830 3804 Δέ
2858 3755 3030 3835 abest,
3241 3751 3473 3835 3&0},th
3500 3755 3649 3835 κατά

2057 3820 2158 3903 τήν
2180 3820 2388 3903 γεῦσιν,
2419 3820 2494 3875 1).
2549 3823 2621 3903 1..
2648 3821 3557 3903 Σπογγρειδέςκροὺοι*βινοιίειιιιε
3589 3825 3644 3903 in

2057 3889 2268 3946 Giossis
2315 3891 2673 3959 Hippocratis,
2735 3889 2912 3961 ιλιι.
2981 3891 3314 3956 Ὑδατοειδές
3366 3902 3450 3948 est
3499 3897 3647 3963 apud

2060 3960 2210 4024 Diog.
2245 3961 2451 4024 Laert.,
2486 3977 2537 4024 p.
2573 3961 2698 4014 420.

2130 3977 2210 4024 0g.
2245 3977 2451 4025 Laert.,
2486 3977 2537 4029 p.
2573 3977 2698 4014 o‘zu.

2130 4029 2203 4099 (7)
2244 4031 2396 4084 Ἀλλ’
2429 4030 2773 4098 ἐπειδήπερ.
2801 4029 3083 4094 Ἀπόδοσις
3134 4031 3271 4085 infra
3299 4041 3401 4097 est,
3447 4031 3646 4089 τούτου

2017 4144 2023 4148 .
2058 4100 2243 4172 χάριν.
2272 4101 2513 4172 Μοκᾲτὴν
2536 4102 2718 4172 φύσιν,
2755 4102 2808 4172 id
2843 4111 2946 4164 est,
2981 4100 3252 4172 >991;qu
3276 4101 3460 4172 φύσιν.

2134 4169 2314 4241 (8)-Τὸ
2348 4169 2697 4241 τῶνξόσμῶν
2718 4169 2926 4241 γένος.
2958 4171 3054 4241 ῌΤὸ
3085 4169 3221 4241 τῶν’
3246 4169 3427 4241 ὀδμῶν
3458 4172 3642 4241 γένος,

2063 4238 2199 4292 1).1.
2224 4238 2368 4304 Mox,
2399 4238 2642 4308 Enim/6.1:
2671 4238 2878 4308 γίνεται
2921 4239 2984 4292 τὸ
3015 4239 3242 4303 τοιοῦτο,
3278 4238 3340 4295 D.
3388 4241 3440 4294 1.
3473 4238 3647 4299 Paulo

2060 4318 2184 4381 ante
2217 4309 2364 4381 Cono
2391 4325 2403 4361 :
2438 4309 2929 4381 Παχυμερέστερον
2953 4311 3192 4373 exsistit,
3217 4326 3356 4380 aqua
3385 4325 3516 4366 vero
3553 4324 3641 4366 te-

1990 4365 2030 4418 Ι)
2062 4379 2266 4451 unius._
2295 4365 3040 4451 Παχυμερέᾶτέρον,ἰιθιιιι·ο
3063 4365 3283 4451 genere:
3297 4381 3458 4436 habet
3473 4365 3641 4436 etiain

2058 4448 2123 4500 A.
2151 4449 2204 4502 5.
2233 4447 2338 4504 Sed
2371 4447 2662 4522 (demum;
2686 4447 2906 4522 exhibet
2931 4447 3446 4522 λεπτομερέστερος.
3475 4451 3646 4506 Certe

2058 4528 2313 4589 constare
2355 4519 2455 4589 sibi
2489 4519 2717 4589 debebat
2748 4520 2798 4572 in
2827 4526 3056 4589 utroque
3096 4519 3239 4575 loco.
3291 4519 3642 4577 Antecedunt

2057 4587 2200 4658 enim
2216 4589 2244 4641 ὁ
2276 4588 2448 4658 ἀτμός
2472 4599 2524 4643 et
2547 4587 2606 4641 τὸ
2628 4587 2802 4658 γένος.

2129 4657 2205 4727 (9)
2234 4657 2624 4725 Κορὺζῶντες.
2659 4657 3014 4727 Κορύζοντες,
3047 4659 3110 4712 Α.
3139 4659 3195 4714 2.

2127 4728 2237 4802 (ιφ)
2279 4728 2388 4802 Tur
2401 4728 2588 4802 ἀτμὸν
2607 4727 3286 4802 οὺξὰζτιλᾳμόάνρντιιι.
3306 4729 3425 4783 Τῶν
3447 4730 3640 4802 ἀτμῶν

2054 4796 2156 4871 ουκ
2182 4797 2324 4871 ἀντ.,
2349 4797 2413 4854 1).
2433 4796 2670 4871 Δ1ν⁷;-ᾼ.1,
2699 4797 2756 4871 2_.
2783 4799 2834 4852 5.
2857 4796 3490 4871 Οὑκαταλαμδάνονται,
3517 4796 3640 4856 loco

2054 4867 2156 4919 οὐκ
2183 4867 2498 4938 ἀντιλαμᾶ,
2522 4866 2592 4921 Μ.
2627 4869 2678 4921 1.
2713 4867 2863 4922 Cono
2885 4886 2898 4921 :
2921 4866 3191 4938 «νίψονεέ
3224 4879 3400 4922 tamen
3425 4866 3482 4924 et
3505 4873 3644 4926 odo-

2056 4952 2145 5010 res
2161 4937 2519 5010 (nequaquam
2541 4937 2797 5010 sentiunt.
2825 4957 2842 5010 ρ
2867 4939 3006 5003 Ergo
3037 4937 3273 5010 additﬁé
3307 4939 3400 4991 καί
3431 4939 3635 5010 ὀδμῶν.

2126 5007 2240 5077 (ll)
2277 5007 2638 5076 Ἐξεύρηται.
2679 5007 3030 5079 Ἐξηύρηται,
3071 5009 3134 5062 1).
3183 5008 3237 5063 1.
3282 5009 3394 5076 Sic,
3440 5007 3536 5066 sed
3569 5027 3639 5067 ex

2054 5088 2288 5132 correct.
2325 5095 2407 5140 ευ,
2437 5082 2498 5131 Α.
2523 5079 2578 5132 2.

2131 5146 2240 5218 (l2)
2265 5148 2540 5201 Καλεῖται
2584 5147 2653 5200 δὲ
2692 5147 2992 5214 πολλάκις
3035 5146 3344 5216 αἴσθησις.
3391 5147 3476 5214 Ἥ,
3509 5160 3641 5204 ante

2053 5217 2326 5280 αἴσθησις,
2361 5219 2509 5273 addit
2534 5219 2597 5271 Α.
2635 5219 2692 5272 2.

2127 5233 2176 5269 ru
2223 5234 2326 5280 σις,
2361 5233 2509 5273 auuit
2534 5233 2597 5271 Α.
2635 5233 2692 5272 2.

2127 5233 2236 5355 (lg)
2271 5288 2344 5342 Τὰ
2386 5287 2763 5357 αἰσθητήρια.
2813 5289 2998 5342 Cono:
3037 5287 3103 5358 Ai
3155 5287 3452 5358 αἰσθήσεις.
3512 5288 3639 5345 Mox

2054 5355 2197 5430 idem,
2215 5359 2412 5430 omittit
2439 5361 2507 5413 ab
2532 5355 2795 5430 διακρίνει
2816 5359 2882 5430 ad
2909 5359 3004 5412 καὶ
3023 5357 3099 5430 τὰ
3123 5355 3474 5430 αἰσθητήρια.
3495 5360 3642 5414 Ante

2052 5427 2122 5479 τά
2147 5428 2497 5499 αἰσθητήρια,
2534 5427 2734 5499 omittit
2761 5429 2891 5499 γάρ,
2912 5432 2986 5499 AA.
3022 5428 3075 5481 5.

2126 5499 2239 5569 (lc)
2268 5494 2399 5553 0ὺὶ
2422 5497 2612 5566 αὐτῆς
2659 5494 2812 5552 εἶναι
2841 5494 2970 5566 ’τῆς
3001 5497 3360 5565 αἰσθήσεως.
3401 5499 3476 5553 Οὐ
3512 5501 3639 5554 κατ’

2055 5569 2223 5639 αὐτῆς
2247 5569 2386 5643 εἶναι
2418 5570 2722 5643 τῆς-αἰσθη
2749 5571 2810 5624 D.
2846 5569 2898 5624 1.
2926 5570 3040 5624 Οὐκ
3074 5570 3254 5642 ⁵αὑτῆς
3302 5570 3402 5641 τῆς
3439 5569 3638 5643 αἰσθή-

2057 5634 2192 5704 σεως
2221 5634 2384 5709 εἶναι,
2420 5634 2484 5695 Δ.
2513 5640 2564 5697 5.
