  <div class='ocr_page' id='page_1' title='image "/cluster/home/n/w/nwhite01/storage/ocr_20150623/40/hvd.32044073501850/369.png"; bbox 0 0 3904 6274; ppageno 0'>
   <div class='ocr_carea' id='block_1_1' title="bbox 388 299 492 358">
    <p class='ocr_par' dir='ltr' id='par_1_1' title="bbox 388 299 492 358">
     <span class='ocr_line' id='line_1_1' title="bbox 388 299 492 358; baseline 0.01 -1"><span class='ocrx_word' id='word_1_1' title='bbox 388 299 492 358; x_wconf 71' lang='lat'><strong>7-25</strong></span> 
     </span>
    </p>
   </div>
   <div class='ocr_carea' id='block_1_2' title="bbox 1492 301 2478 360">
    <p class='ocr_par' dir='ltr' id='par_1_2' title="bbox 1492 301 2478 360">
     <span class='ocr_line' id='line_1_2' title="bbox 1492 301 2478 360; baseline 0.003 -4"><span class='ocrx_word' id='word_1_2' title='bbox 1492 301 1779 359; x_wconf 74' lang='lat' dir='ltr'><strong>NEMESII</strong></span> <span class='ocrx_word' id='word_1_3' title='bbox 1820 302 2135 360; x_wconf 81' lang='lat' dir='ltr'><strong>EPISCOPI</strong></span> <span class='ocrx_word' id='word_1_4' title='bbox 2175 303 2478 360; x_wconf 81' lang='lat' dir='ltr'><strong>EMESENI</strong></span> 
     </span>
    </p>
   </div>
   <div class='ocr_carea' id='block_1_3' title="bbox 3569 308 3704 364">
    <p class='ocr_par' dir='ltr' id='par_1_3' title="bbox 3569 308 3704 364">
     <span class='ocr_line' id='line_1_3' title="bbox 3569 308 3704 364; baseline 0.015 -2"><span class='ocrx_word' id='word_1_5' title='bbox 3569 308 3704 364; x_wconf 69' lang='grc'>724</span> 
     </span>
    </p>
   </div>
   <div class='ocr_carea' id='block_1_4' title="bbox 386 422 1980 499">
    <p class='ocr_par' dir='ltr' id='par_1_4' title="bbox 386 422 1969 494">
     <span class='ocr_line' id='line_1_4' title="bbox 386 422 1969 494; baseline 0.002 -19"><span class='ocrx_word' id='word_1_6' title='bbox 386 422 535 490; x_wconf 87' lang='lat' dir='ltr'><strong>quid,</strong></span> <span class='ocrx_word' id='word_1_7' title='bbox 566 438 670 478; x_wconf 94' lang='lat' dir='ltr'><strong>non</strong></span> <span class='ocrx_word' id='word_1_8' title='bbox 702 432 912 481; x_wconf 89' lang='lat' dir='ltr'><strong>stemus</strong></span> <span class='ocrx_word' id='word_1_9' title='bbox 942 425 996 480; x_wconf 93' lang='lat' dir='ltr'><strong>in</strong></span> <span class='ocrx_word' id='word_1_10' title='bbox 1021 440 1108 490; x_wconf 90' lang='lat' dir='ltr'><strong>co,</strong></span> <span class='ocrx_word' id='word_1_11' title='bbox 1140 423 1281 494; x_wconf 91' lang='lat' dir='ltr'><strong>quod</strong></span> <span class='ocrx_word' id='word_1_12' title='bbox 1307 423 1608 492; x_wconf 74' lang='lat' dir='ltr'><strong>iudicatum</strong></span> <span class='ocrx_word' id='word_1_13' title='bbox 1641 424 1731 490; x_wconf 98' lang='lat' dir='ltr'><strong>sit,</strong></span> <span class='ocrx_word' id='word_1_14' title='bbox 1759 440 1881 480; x_wconf 92' lang='lat' dir='ltr'><strong>cum</strong></span> <span class='ocrx_word' id='word_1_15' title='bbox 1917 426 1969 479; x_wconf 92' lang='lat' dir='ltr'><strong>in</strong></span> 
     </span>
    </p>
   </div>
   <div class='ocr_carea' id='block_1_5' title="bbox 2100 422 3705 499">
    <p class='ocr_par' dir='ltr' id='par_1_5' title="bbox 2100 422 3705 499">
     <span class='ocr_line' id='line_1_5' title="bbox 2100 422 3705 499; baseline 0.001 -22"><span class='ocrx_word' id='word_1_16' title='bbox 2100 445 2238 480; x_wconf 77' lang='lat' dir='ltr'><strong>:tvuw</strong></span> <span class='ocrx_word' id='word_1_17' title='bbox 2266 425 2614 498; x_wconf 74' lang='grc' dir='ltr'>συμϐέϐηκεν</span> <span class='ocrx_word' id='word_1_18' title='bbox 2641 426 2698 479; x_wconf 86' lang='grc' dir='ltr'>ἐν</span> <span class='ocrx_word' id='word_1_19' title='bbox 2733 425 2812 497; x_wconf 82' lang='grc' dir='ltr'>τῷ</span> <span class='ocrx_word' id='word_1_20' title='bbox 2845 429 3146 499; x_wconf 84' lang='grc' dir='ltr'><strong>μαρτυρεῖν</strong></span> <span class='ocrx_word' id='word_1_21' title='bbox 3179 426 3313 499; x_wconf 77' lang='grc'>(65).</span> <span class='ocrx_word' id='word_1_22' title='bbox 3345 425 3459 498; x_wconf 84' lang='grc' dir='ltr'><strong>Τὴν</strong></span> <span class='ocrx_word' id='word_1_23' title='bbox 3489 422 3705 497; x_wconf 75' lang='grc' dir='ltr'>ἀρχὴν</span> 
     </span>
    </p>
   </div>
   <div class='ocr_carea' id='block_1_6' title="bbox 388 501 1973 586">
    <p class='ocr_par' dir='ltr' id='par_1_6' title="bbox 388 501 1973 586">
     <span class='ocr_line' id='line_1_6' title="bbox 388 501 1973 586; baseline 0.003 -19"><span class='ocrx_word' id='word_1_24' title='bbox 388 515 523 586; x_wconf 85' lang='lat' dir='ltr'><strong>ipsis</strong></span> <span class='ocrx_word' id='word_1_25' title='bbox 549 515 702 569; x_wconf 87' lang='lat' dir='ltr'><strong>malis</strong></span> <span class='ocrx_word' id='word_1_26' title='bbox 733 531 1034 578; x_wconf 80' lang='lat' dir='ltr'><strong>versamur,</strong></span> <span class='ocrx_word' id='word_1_27' title='bbox 1101 524 1160 569; x_wconf 86' lang='lat' dir='ltr'><strong>ut</strong></span> <span class='ocrx_word' id='word_1_28' title='bbox 1213 514 1535 584; x_wconf 87' lang='lat' dir='ltr'><strong>quibusdam</strong></span> <span class='ocrx_word' id='word_1_29' title='bbox 1578 501 1973 586; x_wconf 54' lang='lat' dir='ltr'><strong>contigit&#39;mar-</strong></span> 
     </span>
    </p>
   </div>
   <div class='ocr_carea' id='block_1_7' title="bbox 391 608 1973 680">
    <p class='ocr_par' dir='ltr' id='par_1_7' title="bbox 391 608 1973 680">
     <span class='ocr_line' id='line_1_7' title="bbox 391 608 1973 680; baseline 0.002 -21"><span class='ocrx_word' id='word_1_30' title='bbox 391 611 624 680; x_wconf 89' lang='lat' dir='ltr'><strong>tyribus.</strong></span> <span class='ocrx_word' id='word_1_31' title='bbox 651 608 786 663; x_wconf 89' lang='lat' dir='ltr'><strong>Nam</strong></span> <span class='ocrx_word' id='word_1_32' title='bbox 815 627 936 664; x_wconf 92' lang='lat' dir='ltr'><strong>cum</strong></span> <span class='ocrx_word' id='word_1_33' title='bbox 966 611 1121 664; x_wconf 92' lang='lat' dir='ltr'><strong>initio</strong></span> <span class='ocrx_word' id='word_1_34' title='bbox 1145 617 1459 664; x_wconf 89' lang='lat' dir='ltr'><strong>constanter</strong></span> <span class='ocrx_word' id='word_1_35' title='bbox 1485 609 1826 673; x_wconf 87' lang='lat' dir='ltr'><strong>tolerassent,</strong></span> <span class='ocrx_word' id='word_1_36' title='bbox 1853 620 1973 663; x_wconf 81' lang='lat' dir='ltr'><strong>tan-</strong></span> 
     </span>
    </p>
   </div>
   <div class='ocr_carea' id='block_1_8' title="bbox 391 700 1972 771">
    <p class='ocr_par' dir='ltr' id='par_1_8' title="bbox 391 700 1972 771">
     <span class='ocr_line' id='line_1_8' title="bbox 391 700 1972 771; baseline 0.001 -19"><span class='ocrx_word' id='word_1_37' title='bbox 391 702 512 756; x_wconf 89' lang='lat' dir='ltr'><strong>dem</strong></span> <span class='ocrx_word' id='word_1_38' title='bbox 549 704 910 768; x_wconf 83' lang='lat' dir='ltr'><strong>succubuere,</strong></span> <span class='ocrx_word' id='word_1_39' title='bbox 943 710 998 756; x_wconf 88' lang='lat' dir='ltr'><strong>et</strong></span> <span class='ocrx_word' id='word_1_40' title='bbox 1027 702 1081 757; x_wconf 93' lang='lat' dir='ltr'><strong>in</strong></span> <span class='ocrx_word' id='word_1_41' title='bbox 1105 701 1222 771; x_wconf 92' lang='lat' dir='ltr'><strong>ipso</strong></span> <span class='ocrx_word' id='word_1_42' title='bbox 1243 700 1558 756; x_wconf 90' lang='lat' dir='ltr'><strong>discrimine</strong></span> <span class='ocrx_word' id='word_1_43' title='bbox 1588 711 1638 755; x_wconf 91' lang='lat' dir='ltr'><strong>et</strong></span> <span class='ocrx_word' id='word_1_44' title='bbox 1664 701 1972 770; x_wconf 85' lang='lat' dir='ltr'><strong>perpessio-</strong></span> 
     </span>
    </p>
   </div>
   <div class='ocr_carea' id='block_1_9' title="bbox 388 789 1974 859">
    <p class='ocr_par' dir='ltr' id='par_1_9' title="bbox 388 789 1974 859">
     <span class='ocr_line' id='line_1_9' title="bbox 388 789 1974 859; baseline 0.003 -19"><span class='ocrx_word' id='word_1_45' title='bbox 388 803 458 843; x_wconf 91' lang='lat' dir='ltr'><strong>ne</strong></span> <span class='ocrx_word' id='word_1_46' title='bbox 494 805 672 842; x_wconf 75' lang='lat' dir='ltr'><strong>rerum</strong></span> <span class='ocrx_word' id='word_1_47' title='bbox 719 805 1037 859; x_wconf 86' lang='lat' dir='ltr'><strong>asperarum</strong></span> <span class='ocrx_word' id='word_1_48' title='bbox 1069 789 1225 844; x_wconf 81' lang='lat' dir='ltr'><strong>fracti</strong></span> <span class='ocrx_word' id='word_1_49' title='bbox 1271 799 1418 845; x_wconf 85' lang='lat' dir='ltr'><strong>sunt.</strong></span> <span class='ocrx_word' id='word_1_50' title='bbox 1453 789 1623 845; x_wconf 87' lang='lat' dir='ltr'><strong>Nemo</strong></span> <span class='ocrx_word' id='word_1_51' title='bbox 1651 801 1828 844; x_wconf 86' lang='lat' dir='ltr'><strong>autem</strong></span> <span class='ocrx_word' id='word_1_52' title='bbox 1857 791 1974 846; x_wconf 76' lang='lat' dir='ltr'><strong>exi-</strong></span> 
     </span>
    </p>
   </div>
   <div class='ocr_carea' id='block_1_10' title="bbox 386 879 1969 950">
    <p class='ocr_par' dir='ltr' id='par_1_10' title="bbox 386 879 1969 950">
     <span class='ocr_line' id='line_1_10' title="bbox 386 879 1969 950; baseline 0.003 -19"><span class='ocrx_word' id='word_1_53' title='bbox 386 879 591 942; x_wconf 88' lang='lat' dir='ltr'><strong>stimet,</strong></span> <span class='ocrx_word' id='word_1_54' title='bbox 647 881 1076 950; x_wconf 74' lang='lat' dir='ltr'><strong>intemperantia:</strong></span> <span class='ocrx_word' id='word_1_55' title='bbox 1128 882 1408 936; x_wconf 81' lang='lat' dir='ltr'><strong>libidinem</strong></span> <span class='ocrx_word' id='word_1_56' title='bbox 1466 893 1557 934; x_wconf 87' lang='lat' dir='ltr'><strong>aut</strong></span> <span class='ocrx_word' id='word_1_57' title='bbox 1586 882 1718 934; x_wconf 90' lang='lat' dir='ltr'><strong>iram</strong></span> <span class='ocrx_word' id='word_1_58' title='bbox 1750 893 1969 950; x_wconf 89' lang='lat' dir='ltr'><strong>peccata</strong></span> 
     </span>
    </p>
   </div>
   <div class='ocr_carea' id='block_1_11' title="bbox 385 970 1973 1044">
    <p class='ocr_par' dir='ltr' id='par_1_11' title="bbox 385 970 1973 1044">
     <span class='ocr_line' id='line_1_11' title="bbox 385 970 1973 1044; baseline 0.003 -20"><span class='ocrx_word' id='word_1_59' title='bbox 385 984 506 1024; x_wconf 89' lang='lat' dir='ltr'><strong>esse</strong></span> <span class='ocrx_word' id='word_1_60' title='bbox 537 970 703 1026; x_wconf 90' lang='lat' dir='ltr'><strong>invite</strong></span> <span class='ocrx_word' id='word_1_61' title='bbox 727 982 997 1042; x_wconf 82' lang='lat' dir='ltr'><strong>suscepta,</strong></span> <span class='ocrx_word' id='word_1_62' title='bbox 1030 975 1173 1044; x_wconf 86' lang='lat' dir='ltr'><strong>quod</strong></span> <span class='ocrx_word' id='word_1_63' title='bbox 1193 985 1345 1028; x_wconf 76' lang='lat' dir='ltr'><strong>extra</strong></span> <span class='ocrx_word' id='word_1_64' title='bbox 1374 973 1702 1043; x_wconf 89' lang='lat' dir='ltr'><strong>principium</strong></span> <span class='ocrx_word' id='word_1_65' title='bbox 1734 976 1973 1030; x_wconf 77' lang='lat' dir='ltr'><strong>habeant</strong></span> 
     </span>
    </p>
   </div>
   <div class='ocr_carea' id='block_1_12' title="bbox 386 1063 1969 1134">
    <p class='ocr_par' dir='ltr' id='par_1_12' title="bbox 386 1063 1969 1134">
     <span class='ocr_line' id='line_1_12' title="bbox 386 1063 1969 1134; baseline 0.001 -16"><span class='ocrx_word' id='word_1_66' title='bbox 386 1064 643 1120; x_wconf 77' lang='lat' dir='ltr'><strong>elliciens.</strong></span> <span class='ocrx_word' id='word_1_67' title='bbox 677 1063 811 1120; x_wconf 66' lang='lat' dir='ltr'><strong>Nam</strong></span> <span class='ocrx_word' id='word_1_68' title='bbox 843 1075 898 1121; x_wconf 91' lang='lat' dir='ltr'><strong>et</strong></span> <span class='ocrx_word' id='word_1_69' title='bbox 935 1066 1104 1120; x_wconf 76' lang='lat' dir='ltr'><strong>forma</strong></span> <span class='ocrx_word' id='word_1_70' title='bbox 1159 1067 1324 1120; x_wconf 91' lang='lat' dir='ltr'><strong>scorti</strong></span> <span class='ocrx_word' id='word_1_71' title='bbox 1380 1067 1445 1118; x_wconf 86' lang='lat' dir='ltr'><strong>ad</strong></span> <span class='ocrx_word' id='word_1_72' title='bbox 1487 1066 1969 1134; x_wconf 86' lang='lat' dir='ltr'><strong>intemperantiam</strong></span> 
     </span>
    </p>
   </div>
   <div class='ocr_carea' id='block_1_13' title="bbox 385 1156 1969 1227">
    <p class='ocr_par' dir='ltr' id='par_1_13' title="bbox 385 1156 1969 1227">
     <span class='ocr_line' id='line_1_13' title="bbox 385 1156 1969 1227; baseline 0.002 -17"><span class='ocrx_word' id='word_1_73' title='bbox 385 1173 508 1210; x_wconf 88' lang='lat' dir='ltr'><strong>eum</strong></span> <span class='ocrx_word' id='word_1_74' title='bbox 552 1157 642 1226; x_wconf 86' lang='lat' dir='ltr'><strong>qui</strong></span> <span class='ocrx_word' id='word_1_75' title='bbox 693 1158 924 1227; x_wconf 62' lang='lat' dir='ltr'><strong>aspexit,</strong></span> <span class='ocrx_word' id='word_1_76' title='bbox 986 1158 1264 1221; x_wconf 82' lang='lat' dir='ltr'><strong>excitavit,</strong></span> <span class='ocrx_word' id='word_1_77' title='bbox 1301 1167 1358 1212; x_wconf 90' lang='lat' dir='ltr'><strong>et</strong></span> <span class='ocrx_word' id='word_1_78' title='bbox 1395 1157 1486 1226; x_wconf 92' lang='lat' dir='ltr'><strong>qui</strong></span> <span class='ocrx_word' id='word_1_79' title='bbox 1541 1156 1798 1220; x_wconf 86' lang='lat' dir='ltr'><strong>irritavit,</strong></span> <span class='ocrx_word' id='word_1_80' title='bbox 1831 1158 1969 1213; x_wconf 91' lang='lat' dir='ltr'><strong>iram</strong></span> 
     </span>
    </p>
   </div>
   <div class='ocr_carea' id='block_1_14' title="bbox 386 1243 1970 1321">
    <p class='ocr_par' dir='ltr' id='par_1_14' title="bbox 386 1243 1970 1321">
     <span class='ocr_line' id='line_1_14' title="bbox 386 1243 1970 1321; baseline 0.001 -18"><span class='ocrx_word' id='word_1_81' title='bbox 386 1253 696 1304; x_wconf 86' lang='lat' dir='ltr'><strong>commovit.</strong></span> <span class='ocrx_word' id='word_1_82' title='bbox 729 1251 844 1306; x_wconf 87' lang='lat' dir='ltr'><strong>Etsi</strong></span> <span class='ocrx_word' id='word_1_83' title='bbox 871 1253 1014 1305; x_wconf 88' lang='lat' dir='ltr'><strong>enim</strong></span> <span class='ocrx_word' id='word_1_84' title='bbox 1040 1251 1360 1321; x_wconf 88' lang='lat' dir='ltr'><strong>principium</strong></span> <span class='ocrx_word' id='word_1_85' title='bbox 1389 1243 1630 1306; x_wconf 81' lang='lat' dir='ltr'><strong>ciliciens</strong></span> <span class='ocrx_word' id='word_1_86' title='bbox 1652 1252 1854 1306; x_wconf 82' lang='lat' dir='ltr'><strong>habent</strong></span> <span class='ocrx_word' id='word_1_87' title='bbox 1873 1265 1970 1304; x_wconf 77' lang='lat' dir='ltr'><strong>ex-</strong></span> 
     </span>
    </p>
   </div>
   <div class='ocr_carea' id='block_1_15' title="bbox 387 1341 1972 1412">
    <p class='ocr_par' dir='ltr' id='par_1_15' title="bbox 387 1341 1972 1412">
     <span class='ocr_line' id='line_1_15' title="bbox 387 1341 1972 1412; baseline 0.002 -20"><span class='ocrx_word' id='word_1_88' title='bbox 387 1350 494 1402; x_wconf 90' lang='lat' dir='ltr'><strong>tra,</strong></span> <span class='ocrx_word' id='word_1_89' title='bbox 526 1341 626 1410; x_wconf 92' lang='lat' dir='ltr'><strong>ipsi</strong></span> <span class='ocrx_word' id='word_1_90' title='bbox 661 1352 838 1396; x_wconf 87' lang='lat' dir='ltr'><strong>tamen</strong></span> <span class='ocrx_word' id='word_1_91' title='bbox 874 1357 974 1411; x_wconf 91' lang='lat' dir='ltr'><strong>per</strong></span> <span class='ocrx_word' id='word_1_92' title='bbox 1003 1358 1061 1397; x_wconf 86' lang='lat' dir='ltr'><strong>se</strong></span> <span class='ocrx_word' id='word_1_93' title='bbox 1094 1354 1148 1396; x_wconf 88' lang='lat' dir='ltr'><strong>et</strong></span> <span class='ocrx_word' id='word_1_94' title='bbox 1200 1353 1382 1410; x_wconf 84' lang='lat' dir='ltr'><strong>partes</strong></span> <span class='ocrx_word' id='word_1_95' title='bbox 1433 1357 1548 1407; x_wconf 85' lang='lat' dir='ltr'><strong>cas,</strong></span> <span class='ocrx_word' id='word_1_96' title='bbox 1605 1356 1725 1412; x_wconf 73' lang='lat' dir='ltr'><strong>qua:</strong></span> <span class='ocrx_word' id='word_1_97' title='bbox 1772 1343 1972 1396; x_wconf 83' lang='lat' dir='ltr'><strong>instru-</strong></span> 
     </span>
    </p>
   </div>
   <div class='ocr_carea' id='block_1_16' title="bbox 387 1432 1970 1504">
    <p class='ocr_par' dir='ltr' id='par_1_16' title="bbox 387 1432 1970 1504">
     <span class='ocr_line' id='line_1_16' title="bbox 387 1432 1970 1504; baseline 0.001 -18"><span class='ocrx_word' id='word_1_98' title='bbox 387 1434 553 1487; x_wconf 87' lang='lat' dir='ltr'><strong>menti</strong></span> <span class='ocrx_word' id='word_1_99' title='bbox 599 1433 716 1487; x_wconf 84' lang='lat' dir='ltr'><strong>loco</strong></span> <span class='ocrx_word' id='word_1_100' title='bbox 767 1444 916 1498; x_wconf 89' lang='lat' dir='ltr'><strong>sunt,</strong></span> <span class='ocrx_word' id='word_1_101' title='bbox 947 1443 1112 1504; x_wconf 76' lang='lat' dir='ltr'><strong>agunt</strong></span> <span class='ocrx_word' id='word_1_102' title='bbox 1152 1451 1166 1497; x_wconf 92' lang='lat'><strong>;</strong></span> <span class='ocrx_word' id='word_1_103' title='bbox 1224 1449 1400 1501; x_wconf 85' lang='lat' dir='ltr'><strong>neque</strong></span> <span class='ocrx_word' id='word_1_104' title='bbox 1455 1432 1557 1486; x_wconf 85' lang='lat' dir='ltr'><strong>sub</strong></span> <span class='ocrx_word' id='word_1_105' title='bbox 1603 1432 1970 1488; x_wconf 79' lang='lat' dir='ltr'><strong>deﬁnitionem</strong></span> 
     </span>
    </p>
   </div>
   <div class='ocr_carea' id='block_1_17' title="bbox 385 1525 1970 1597">
    <p class='ocr_par' dir='ltr' id='par_1_17' title="bbox 385 1525 1970 1597">
     <span class='ocr_line' id='line_1_17' title="bbox 385 1525 1970 1597; baseline 0 -18"><span class='ocrx_word' id='word_1_106' title='bbox 385 1526 524 1597; x_wconf 84' lang='lat' dir='ltr'><strong>ejus,</strong></span> <span class='ocrx_word' id='word_1_107' title='bbox 555 1527 698 1596; x_wconf 88' lang='lat' dir='ltr'><strong>quod</strong></span> <span class='ocrx_word' id='word_1_108' title='bbox 731 1528 898 1580; x_wconf 87' lang='lat' dir='ltr'><strong>invite</strong></span> <span class='ocrx_word' id='word_1_109' title='bbox 931 1528 1160 1594; x_wconf 82' lang='lat' dir='ltr'><strong>geritur,</strong></span> <span class='ocrx_word' id='word_1_110' title='bbox 1191 1529 1415 1590; x_wconf 87' lang='lat' dir='ltr'><strong>cadunt,</strong></span> <span class='ocrx_word' id='word_1_111' title='bbox 1476 1526 1693 1594; x_wconf 81' lang='lat' dir='ltr'><strong>quando</strong></span> <span class='ocrx_word' id='word_1_112' title='bbox 1721 1525 1970 1594; x_wconf 89' lang='lat' dir='ltr'><strong>principii</strong></span> 
     </span>
    </p>
   </div>
   <div class='ocr_carea' id='block_1_18' title="bbox 385 1620 1973 1690">
    <p class='ocr_par' dir='ltr' id='par_1_18' title="bbox 385 1620 1973 1690">
     <span class='ocr_line' id='line_1_18' title="bbox 385 1620 1973 1690; baseline 0 -16"><span class='ocrx_word' id='word_1_113' title='bbox 385 1635 606 1674; x_wconf 91' lang='lat' dir='ltr'><strong>causam</strong></span> <span class='ocrx_word' id='word_1_114' title='bbox 635 1621 737 1676; x_wconf 90' lang='lat' dir='ltr'><strong>sibi</strong></span> <span class='ocrx_word' id='word_1_115' title='bbox 766 1621 895 1690; x_wconf 88' lang='lat' dir='ltr'><strong>ipsis</strong></span> <span class='ocrx_word' id='word_1_116' title='bbox 925 1621 1189 1690; x_wconf 69' lang='lat' dir='ltr'><strong>prmbent,</strong></span> <span class='ocrx_word' id='word_1_117' title='bbox 1225 1621 1368 1689; x_wconf 88' lang='lat' dir='ltr'><strong>quod</strong></span> <span class='ocrx_word' id='word_1_118' title='bbox 1409 1630 1631 1689; x_wconf 84' lang='lat' dir='ltr'><strong>propter</strong></span> <span class='ocrx_word' id='word_1_119' title='bbox 1663 1621 1857 1674; x_wconf 86' lang='lat' dir='ltr'><strong>malam</strong></span> <span class='ocrx_word' id='word_1_120' title='bbox 1889 1620 1973 1674; x_wconf 78' lang='lat' dir='ltr'><strong>in-</strong></span> 
     </span>
    </p>
   </div>
   <div class='ocr_carea' id='block_1_19' title="bbox 2071 519 3701 590">
    <p class='ocr_par' dir='ltr' id='par_1_19' title="bbox 2071 519 3701 590">
     <span class='ocr_line' id='line_1_19' title="bbox 2071 519 3701 590; baseline 0 -18"><span class='ocrx_word' id='word_1_121' title='bbox 2071 519 2184 589; x_wconf 79' lang='grc' dir='ltr'>γὰρ</span> <span class='ocrx_word' id='word_1_122' title='bbox 2215 519 2684 590; x_wconf 80' lang='grc' dir='ltr'>καρτερήσαντες,</span> <span class='ocrx_word' id='word_1_123' title='bbox 2721 521 2852 589; x_wconf 72' lang='grc' dir='ltr'>περὶ</span> <span class='ocrx_word' id='word_1_124' title='bbox 2887 519 2947 573; x_wconf 77' lang='grc' dir='ltr'><strong>τὸ</strong></span> <span class='ocrx_word' id='word_1_125' title='bbox 2978 519 3132 583; x_wconf 85' lang='grc' dir='ltr'><strong>τέλος</strong></span> <span class='ocrx_word' id='word_1_126' title='bbox 3165 519 3457 583; x_wconf 82' lang='grc' dir='ltr'>ἐνέδωκαν,</span> <span class='ocrx_word' id='word_1_127' title='bbox 3508 519 3578 572; x_wconf 79' lang='grc' dir='ltr'><strong>ἐν</strong></span> <span class='ocrx_word' id='word_1_128' title='bbox 3613 519 3701 587; x_wconf 80' lang='grc' dir='ltr'>τῇ</span> 
     </span>
    </p>
   </div>
   <div class='ocr_carea' id='block_1_20' title="bbox 2080 609 3704 684">
    <p class='ocr_par' dir='ltr' id='par_1_20' title="bbox 2080 609 3704 684">
     <span class='ocr_line' id='line_1_20' title="bbox 2080 609 3704 684; baseline -0.001 -20"><span class='ocrx_word' id='word_1_129' title='bbox 2080 611 2249 682; x_wconf 79' lang='grc' dir='ltr'>πείρᾳ</span> <span class='ocrx_word' id='word_1_130' title='bbox 2300 611 2410 665; x_wconf 86' lang='grc' dir='ltr'><strong>τῶν</strong></span> <span class='ocrx_word' id='word_1_131' title='bbox 2455 612 2707 683; x_wconf 83' lang='grc' dir='ltr'>χαλεπῶν</span> <span class='ocrx_word' id='word_1_132' title='bbox 2747 612 3316 684; x_wconf 83' lang='grc' dir='ltr'>ἀπομαλακισθέντες.</span> <span class='ocrx_word' id='word_1_133' title='bbox 3355 612 3577 683; x_wconf 73' lang='grc' dir='ltr'>Μηδεὶς</span> <span class='ocrx_word' id='word_1_134' title='bbox 3624 609 3704 663; x_wconf 80' lang='grc' dir='ltr'>δὲ</span> 
     </span>
    </p>
   </div>
   <div class='ocr_carea' id='block_1_21' title="bbox 2087 703 3700 777">
    <p class='ocr_par' dir='ltr' id='par_1_21' title="bbox 2087 703 3700 777">
     <span class='ocr_line' id='line_1_21' title="bbox 2087 703 3700 777; baseline -0.001 -20"><span class='ocrx_word' id='word_1_135' title='bbox 2087 705 2286 777; x_wconf 79' lang='grc' dir='ltr'><strong>νομίσῃ</strong></span> <span class='ocrx_word' id='word_1_136' title='bbox 2331 705 2430 776; x_wconf 84' lang='grc' dir='ltr'><strong>τῆς</strong></span> <span class='ocrx_word' id='word_1_137' title='bbox 2469 705 2765 768; x_wconf 78' lang='grc' dir='ltr'><strong>ἀκολασίας</strong></span> <span class='ocrx_word' id='word_1_138' title='bbox 2802 704 2898 774; x_wconf 85' lang='grc' dir='ltr'><strong>τὴν</strong></span> <span class='ocrx_word' id='word_1_139' title='bbox 2939 703 3298 774; x_wconf 77' lang='grc' dir='ltr'>ἐπιθυμίανῆ</span> <span class='ocrx_word' id='word_1_140' title='bbox 3333 703 3429 756; x_wconf 79' lang='grc' dir='ltr'><strong>τὸν</strong></span> <span class='ocrx_word' id='word_1_141' title='bbox 3495 703 3700 774; x_wconf 71' lang='grc' dir='ltr'>Θυμὸν</span> 
     </span>
    </p>
   </div>
   <div class='ocr_carea' id='block_1_22' title="bbox 2072 792 3700 868">
    <p class='ocr_par' dir='ltr' id='par_1_22' title="bbox 2072 792 3700 868">
     <span class='ocr_line' id='line_1_22' title="bbox 2072 792 3700 868; baseline 0 -20"><span class='ocrx_word' id='word_1_142' title='bbox 2072 795 2183 848; x_wconf 84' lang='grc' dir='ltr'>τῶν</span> <span class='ocrx_word' id='word_1_143' title='bbox 2229 797 2501 850; x_wconf 82' lang='grc' dir='ltr'><strong>ἀκουσίων</strong></span> <span class='ocrx_word' id='word_1_144' title='bbox 2547 792 2686 850; x_wconf 73' lang='grc' dir='ltr'>εἶναι</span> <span class='ocrx_word' id='word_1_145' title='bbox 2746 796 3272 868; x_wconf 83' lang='grc' dir='ltr'><strong>πλημμελημάτων,</strong></span> <span class='ocrx_word' id='word_1_146' title='bbox 3323 795 3519 866; x_wconf 75' lang='grc' dir='ltr'>ἐπειδὴ</span> <span class='ocrx_word' id='word_1_147' title='bbox 3585 795 3700 848; x_wconf 68' lang='grc' dir='ltr'>καὶ</span> 
     </span>
    </p>
   </div>
   <div class='ocr_carea' id='block_1_23' title="bbox 2071 887 3697 962">
    <p class='ocr_par' dir='ltr' id='par_1_23' title="bbox 2071 887 3697 962">
     <span class='ocr_line' id='line_1_23' title="bbox 2071 887 3697 962; baseline -0.001 -21"><span class='ocrx_word' id='word_1_148' title='bbox 2071 887 2246 942; x_wconf 83' lang='grc' dir='ltr'>ταῦτα</span> <span class='ocrx_word' id='word_1_149' title='bbox 2281 889 2383 960; x_wconf 80' lang='grc' dir='ltr'><strong>τὴν</strong></span> <span class='ocrx_word' id='word_1_150' title='bbox 2415 889 2592 960; x_wconf 84' lang='grc' dir='ltr'>ἀρχὴν</span> <span class='ocrx_word' id='word_1_151' title='bbox 2632 887 2832 956; x_wconf 74' lang='grc' dir='ltr'>ἔξωθεν</span> <span class='ocrx_word' id='word_1_152' title='bbox 2859 889 2973 959; x_wconf 80' lang='grc' dir='ltr'>ἔχει</span> <span class='ocrx_word' id='word_1_153' title='bbox 3004 889 3102 962; x_wconf 77' lang='grc' dir='ltr'><strong>τὴν</strong></span> <span class='ocrx_word' id='word_1_154' title='bbox 3136 889 3451 960; x_wconf 83' lang='grc' dir='ltr'>ποιητικήν.</span> <span class='ocrx_word' id='word_1_155' title='bbox 3495 888 3582 940; x_wconf 82' lang='grc' dir='ltr'><strong>Τό</strong></span> <span class='ocrx_word' id='word_1_156' title='bbox 3623 905 3697 940; x_wconf 82' lang='grc' dir='ltr'>τε</span> 
     </span>
    </p>
   </div>
   <div class='ocr_carea' id='block_1_24' title="bbox 2074 979 3700 1052">
    <p class='ocr_par' dir='ltr' id='par_1_24' title="bbox 2074 979 3700 1052">
     <span class='ocr_line' id='line_1_24' title="bbox 2074 979 3700 1052; baseline -0.001 -19"><span class='ocrx_word' id='word_1_157' title='bbox 2074 980 2184 1051; x_wconf 80' lang='grc' dir='ltr'>γὰρ</span> <span class='ocrx_word' id='word_1_158' title='bbox 2225 981 2419 1044; x_wconf 86' lang='grc' dir='ltr'>κάλλος</span> <span class='ocrx_word' id='word_1_159' title='bbox 2463 980 2563 1050; x_wconf 85' lang='grc' dir='ltr'><strong>τῆς</strong></span> <span class='ocrx_word' id='word_1_160' title='bbox 2591 980 2797 1052; x_wconf 85' lang='grc' dir='ltr'>πόρνης</span> <span class='ocrx_word' id='word_1_161' title='bbox 2836 980 3186 1052; x_wconf 83' lang='grc' dir='ltr'>ἐξοίστρησεν</span> <span class='ocrx_word' id='word_1_162' title='bbox 3216 981 3308 1033; x_wconf 79' lang='grc' dir='ltr'>ἐπὶ</span> <span class='ocrx_word' id='word_1_163' title='bbox 3335 981 3436 1051; x_wconf 81' lang='grc' dir='ltr'>τὴν</span> <span class='ocrx_word' id='word_1_164' title='bbox 3469 979 3700 1032; x_wconf 63' lang='lat' dir='ltr'><strong>«incola-</strong></span> 
     </span>
    </p>
   </div>
   <div class='ocr_carea' id='block_1_25' title="bbox 2075 1071 3695 1144">
    <p class='ocr_par' dir='ltr' id='par_1_25' title="bbox 2075 1071 3695 1144">
     <span class='ocr_line' id='line_1_25' title="bbox 2075 1071 3695 1144; baseline 0.001 -21"><span class='ocrx_word' id='word_1_165' title='bbox 2075 1072 2198 1126; x_wconf 87' lang='grc' dir='ltr'>σίαν</span> <span class='ocrx_word' id='word_1_166' title='bbox 2245 1071 2336 1125; x_wconf 75' lang='grc' dir='ltr'>τὸν</span> <span class='ocrx_word' id='word_1_167' title='bbox 2371 1072 2657 1142; x_wconf 79' lang='grc' dir='ltr'><strong>ἑωρακότα</strong></span> <span class='ocrx_word' id='word_1_168' title='bbox 2709 1072 2822 1144; x_wconf 64' lang='grc'>(64)</span> <span class='ocrx_word' id='word_1_169' title='bbox 2846 1113 2859 1136; x_wconf 95' lang='grc'><strong>,</strong></span> <span class='ocrx_word' id='word_1_170' title='bbox 2907 1074 3003 1126; x_wconf 68' lang='grc' dir='ltr'><strong>καὶ¹</strong></span> <span class='ocrx_word' id='word_1_171' title='bbox 3035 1075 3063 1125; x_wconf 86' lang='grc' dir='ltr'>ὁ</span> <span class='ocrx_word' id='word_1_172' title='bbox 3099 1072 3412 1144; x_wconf 75' lang='grc' dir='ltr'><strong>παροξύνας</strong></span> <span class='ocrx_word' id='word_1_173' title='bbox 3445 1073 3695 1142; x_wconf 78' lang='grc' dir='ltr'>ἐκίνησε</span> 
     </span>
    </p>
   </div>
   <div class='ocr_carea' id='block_1_26' title="bbox 2072 1161 3696 1235">
    <p class='ocr_par' dir='ltr' id='par_1_26' title="bbox 2072 1161 3696 1235">
     <span class='ocr_line' id='line_1_26' title="bbox 2072 1161 3696 1235; baseline 0 -21"><span class='ocrx_word' id='word_1_174' title='bbox 2072 1162 2164 1216; x_wconf 81' lang='grc' dir='ltr'>τὸν</span> <span class='ocrx_word' id='word_1_175' title='bbox 2209 1161 2402 1232; x_wconf 83' lang='grc' dir='ltr'>Θυμόν.</span> <span class='ocrx_word' id='word_1_176' title='bbox 2457 1162 2520 1215; x_wconf 80' lang='grc' dir='ltr'><strong>Εἰ</strong></span> <span class='ocrx_word' id='word_1_177' title='bbox 2548 1161 2658 1235; x_wconf 84' lang='grc' dir='ltr'><strong>γάρ</strong></span> <span class='ocrx_word' id='word_1_178' title='bbox 2687 1162 2782 1215; x_wconf 78' lang='grc' dir='ltr'>καὶ</span> <span class='ocrx_word' id='word_1_179' title='bbox 2827 1163 2926 1233; x_wconf 79' lang='grc' dir='ltr'><strong>τὴν</strong></span> <span class='ocrx_word' id='word_1_180' title='bbox 2954 1163 3132 1234; x_wconf 80' lang='grc' dir='ltr'>ἀρχὴν</span> <span class='ocrx_word' id='word_1_181' title='bbox 3176 1162 3376 1229; x_wconf 75' lang='grc' dir='ltr'>ἔξωθεν</span> <span class='ocrx_word' id='word_1_182' title='bbox 3426 1161 3696 1233; x_wconf 79' lang='grc' dir='ltr'>ἔχουσιν,</span> 
     </span>
    </p>
   </div>
   <div class='ocr_carea' id='block_1_27' title="bbox 2072 1254 3696 1326">
    <p class='ocr_par' dir='ltr' id='par_1_27' title="bbox 2072 1254 3696 1326">
     <span class='ocr_line' id='line_1_27' title="bbox 2072 1254 3696 1326; baseline 0.001 -20"><span class='ocrx_word' id='word_1_183' title='bbox 2072 1254 2190 1307; x_wconf 84' lang='grc' dir='ltr'>ἀλλ’</span> <span class='ocrx_word' id='word_1_184' title='bbox 2238 1255 2395 1307; x_wconf 78' lang='grc' dir='ltr'>αὑτοὶ</span> <span class='ocrx_word' id='word_1_185' title='bbox 2437 1255 2504 1308; x_wconf 87' lang='grc' dir='ltr'><strong>δι’</strong></span> <span class='ocrx_word' id='word_1_186' title='bbox 2553 1255 2764 1308; x_wconf 79' lang='grc' dir='ltr'>ἑαυτῶν</span> <span class='ocrx_word' id='word_1_187' title='bbox 2803 1256 2899 1309; x_wconf 77' lang='grc' dir='ltr'><strong>καὶ</strong></span> <span class='ocrx_word' id='word_1_188' title='bbox 2946 1255 3054 1309; x_wconf 84' lang='grc' dir='ltr'><strong>τῶν</strong></span> <span class='ocrx_word' id='word_1_189' title='bbox 3099 1254 3410 1326; x_wconf 72' lang='grc' dir='ltr'>ὀργανικῶν</span> <span class='ocrx_word' id='word_1_190' title='bbox 3464 1254 3696 1325; x_wconf 85' lang='grc' dir='ltr'>μορίων</span> 
     </span>
    </p>
   </div>
   <div class='ocr_carea' id='block_1_28' title="bbox 2073 1343 3694 1417">
    <p class='ocr_par' dir='ltr' id='par_1_28' title="bbox 2073 1343 3694 1417">
     <span class='ocr_line' id='line_1_28' title="bbox 2073 1343 3694 1417; baseline 0 -21"><span class='ocrx_word' id='word_1_191' title='bbox 2073 1343 2379 1415; x_wconf 76' lang='grc' dir='ltr'><strong>ἐνεργοῦσι,</strong></span> <span class='ocrx_word' id='word_1_192' title='bbox 2403 1345 2498 1398; x_wconf 74' lang='grc' dir='ltr'><strong>καὶ</strong></span> <span class='ocrx_word' id='word_1_193' title='bbox 2518 1346 2614 1416; x_wconf 86' lang='grc' dir='ltr'>οὑχ</span> <span class='ocrx_word' id='word_1_194' title='bbox 2644 1346 3013 1400; x_wconf 83' lang='grc' dir='ltr'>ὑποπίπτουσι</span> <span class='ocrx_word' id='word_1_195' title='bbox 3031 1345 3109 1416; x_wconf 84' lang='grc' dir='ltr'><strong>τῷ</strong></span> <span class='ocrx_word' id='word_1_196' title='bbox 3134 1347 3246 1417; x_wconf 84' lang='grc' dir='ltr'><strong>ὅρῳ</strong></span> <span class='ocrx_word' id='word_1_197' title='bbox 3265 1345 3362 1398; x_wconf 82' lang='grc' dir='ltr'><strong>τοῦ</strong></span> <span class='ocrx_word' id='word_1_198' title='bbox 3383 1345 3694 1407; x_wconf 81' lang='grc' dir='ltr'>ἀκουσίου,</span> 
     </span>
    </p>
   </div>
   <div class='ocr_carea' id='block_1_29' title="bbox 2073 1435 3697 1510">
    <p class='ocr_par' dir='ltr' id='par_1_29' title="bbox 2073 1435 3697 1510">
     <span class='ocr_line' id='line_1_29' title="bbox 2073 1435 3697 1510; baseline 0.002 -23"><span class='ocrx_word' id='word_1_199' title='bbox 2073 1435 2234 1489; x_wconf 77' lang='grc' dir='ltr'>ὁπότε</span> <span class='ocrx_word' id='word_1_200' title='bbox 2278 1438 2374 1490; x_wconf 76' lang='grc' dir='ltr'>καὶ</span> <span class='ocrx_word' id='word_1_201' title='bbox 2415 1439 2514 1506; x_wconf 81' lang='grc' dir='ltr'><strong>τῆς</strong></span> <span class='ocrx_word' id='word_1_202' title='bbox 2555 1437 2734 1509; x_wconf 79' lang='grc' dir='ltr'>ἀρχῆς</span> <span class='ocrx_word' id='word_1_203' title='bbox 2783 1439 2881 1508; x_wconf 75' lang='grc' dir='ltr'><strong>τὴν</strong></span> <span class='ocrx_word' id='word_1_204' title='bbox 2914 1437 3094 1492; x_wconf 77' lang='grc' dir='ltr'>αἰτίαν</span> <span class='ocrx_word' id='word_1_205' title='bbox 3149 1439 3360 1499; x_wconf 78' lang='grc' dir='ltr'><strong>ἑαυτοῖς</strong></span> <span class='ocrx_word' id='word_1_206' title='bbox 3404 1437 3697 1510; x_wconf 74' lang='grc' dir='ltr'>παρέχονο</span> 
     </span>
    </p>
   </div>
   <div class='ocr_carea' id='block_1_30' title="bbox 2073 1529 3697 1602">
    <p class='ocr_par' dir='ltr' id='par_1_30' title="bbox 2073 1529 3697 1602">
     <span class='ocr_line' id='line_1_30' title="bbox 2073 1529 3697 1602; baseline 0 -21"><span class='ocrx_word' id='word_1_207' title='bbox 2073 1547 2162 1582; x_wconf 82' lang='grc' dir='ltr'>ται</span> <span class='ocrx_word' id='word_1_208' title='bbox 2200 1529 2333 1600; x_wconf 79' lang='grc'>(65),</span> <span class='ocrx_word' id='word_1_209' title='bbox 2361 1529 2449 1584; x_wconf 77' lang='grc' dir='ltr'><strong>διὰ</strong></span> <span class='ocrx_word' id='word_1_210' title='bbox 2484 1530 2694 1601; x_wconf 80' lang='grc' dir='ltr'>φαύλην</span> <span class='ocrx_word' id='word_1_211' title='bbox 2738 1531 2959 1602; x_wconf 82' lang='grc' dir='ltr'>ἀγωγὴν</span> <span class='ocrx_word' id='word_1_212' title='bbox 2983 1530 3088 1584; x_wconf 82' lang='grc' dir='ltr'><strong>ὑπὸ</strong></span> <span class='ocrx_word' id='word_1_213' title='bbox 3112 1529 3221 1582; x_wconf 83' lang='grc' dir='ltr'>τῶν</span> <span class='ocrx_word' id='word_1_214' title='bbox 3245 1530 3434 1583; x_wconf 80' lang='grc' dir='ltr'>παῡῶν</span> <span class='ocrx_word' id='word_1_215' title='bbox 3471 1530 3697 1601; x_wconf 77' lang='grc' dir='ltr'>ῥᾳδίως</span> 
     </span>
    </p>
   </div>
   <div class='ocr_carea' id='block_1_31' title="bbox 2074 1620 3695 1692">
    <p class='ocr_par' dir='ltr' id='par_1_31' title="bbox 2074 1620 3695 1692">
     <span class='ocr_line' id='line_1_31' title="bbox 2074 1620 3695 1692; baseline 0.001 -20"><span class='ocrx_word' id='word_1_216' title='bbox 2074 1620 2626 1692; x_wconf 77' lang='grc' dir='ltr'>αξχμαλωτιζὸμενοι.</span> <span class='ocrx_word' id='word_1_217' title='bbox 2665 1623 2944 1691; x_wconf 61' lang='grc' dir='ltr'><strong>ιΙνέγονται</strong></span> <span class='ocrx_word' id='word_1_218' title='bbox 2966 1621 3096 1691; x_wconf 79' lang='grc' dir='ltr'>γοῦν</span> <span class='ocrx_word' id='word_1_219' title='bbox 3127 1625 3173 1675; x_wconf 81' lang='grc' dir='ltr'><strong>οἱ</strong></span> <span class='ocrx_word' id='word_1_220' title='bbox 3197 1622 3372 1675; x_wconf 76' lang='grc' dir='ltr'>ταῦτα</span> <span class='ocrx_word' id='word_1_221' title='bbox 3401 1622 3663 1691; x_wconf 82' lang='grc' dir='ltr'>πράττον</span> <span class='ocrx_word' id='word_1_222' title='bbox 3683 1653 3695 1660; x_wconf 84' lang='lat'><strong>-</strong></span> 
     </span>
    </p>
   </div>
   <div class='ocr_carea' id='block_1_32' title="bbox 385 1711 1980 1782">
    <p class='ocr_par' dir='ltr' id='par_1_32' title="bbox 385 1711 1970 1782">
     <span class='ocr_line' id='line_1_32' title="bbox 385 1711 1970 1782; baseline 0 -16"><span class='ocrx_word' id='word_1_223' title='bbox 385 1712 720 1766; x_wconf 86' lang='lat' dir='ltr'><strong>stitutiouem</strong></span> <span class='ocrx_word' id='word_1_224' title='bbox 746 1712 1246 1782; x_wconf 78' lang='lat' dir='ltr'><strong>pet-turbationibus</strong></span> <span class='ocrx_word' id='word_1_225' title='bbox 1277 1712 1436 1767; x_wconf 78' lang='lat' dir='ltr'><strong>facile</strong></span> <span class='ocrx_word' id='word_1_226' title='bbox 1454 1711 1970 1768; x_wconf 79' lang='lat' dir='ltr'><strong>succumbanLNam</strong></span> 
     </span>
    </p>
   </div>
   <div class='ocr_carea' id='block_1_33' title="bbox 2100 1711 3691 1782">
    <p class='ocr_par' dir='ltr' id='par_1_33' title="bbox 2100 1711 3691 1782">
     <span class='ocr_line' id='line_1_33' title="bbox 2100 1711 3691 1782; baseline 0.001 -20"><span class='ocrx_word' id='word_1_227' title='bbox 2100 1728 2186 1774; x_wconf 73' lang='grc' dir='ltr'>τες,</span> <span class='ocrx_word' id='word_1_228' title='bbox 2218 1711 2294 1775; x_wconf 86' lang='grc' dir='ltr'>ὡς</span> <span class='ocrx_word' id='word_1_229' title='bbox 2317 1711 2564 1765; x_wconf 82' lang='grc' dir='ltr'>ἑκούσιον</span> <span class='ocrx_word' id='word_1_230' title='bbox 2591 1712 2759 1766; x_wconf 77' lang='grc' dir='ltr'>κακὸν</span> <span class='ocrx_word' id='word_1_231' title='bbox 2787 1713 3171 1782; x_wconf 82' lang='grc' dir='ltr'>ὑπομένοντες.</span> <span class='ocrx_word' id='word_1_232' title='bbox 3200 1713 3317 1765; x_wconf 72' lang='grc' dir='ltr'><strong>Ὀτι</strong></span> <span class='ocrx_word' id='word_1_233' title='bbox 3341 1711 3396 1764; x_wconf 88' lang='grc' dir='ltr'><strong>δέ</strong></span> <span class='ocrx_word' id='word_1_234' title='bbox 3420 1711 3691 1764; x_wconf 75' lang='grc' dir='ltr'>ἑκούσιόν</span> 
     </span>
    </p>
   </div>
   <div class='ocr_carea' id='block_1_34' title="bbox 388 1803 1967 1874">
    <p class='ocr_par' dir='ltr' id='par_1_34' title="bbox 388 1803 1967 1874">
     <span class='ocr_line' id='line_1_34' title="bbox 388 1803 1967 1874; baseline 0.001 -18"><span class='ocrx_word' id='word_1_235' title='bbox 388 1807 788 1873; x_wconf 87' lang='lat' dir='ltr'><strong>vituperantur,</strong></span> <span class='ocrx_word' id='word_1_236' title='bbox 836 1804 928 1871; x_wconf 84' lang='lat' dir='ltr'><strong>qui</strong></span> <span class='ocrx_word' id='word_1_237' title='bbox 983 1806 1098 1858; x_wconf 65' lang='lat' dir='ltr'><strong>haec</strong></span> <span class='ocrx_word' id='word_1_238' title='bbox 1161 1813 1348 1874; x_wconf 79' lang='lat' dir='ltr'><strong>agunt,</strong></span> <span class='ocrx_word' id='word_1_239' title='bbox 1382 1814 1443 1857; x_wconf 91' lang='lat' dir='ltr'><strong>ut</strong></span> <span class='ocrx_word' id='word_1_240' title='bbox 1515 1805 1606 1874; x_wconf 88' lang='lat' dir='ltr'><strong>qui</strong></span> <span class='ocrx_word' id='word_1_241' title='bbox 1638 1803 1835 1858; x_wconf 87' lang='lat' dir='ltr'><strong>malum</strong></span> <span class='ocrx_word' id='word_1_242' title='bbox 1872 1819 1967 1858; x_wconf 90' lang='lat' dir='ltr'><strong>sua</strong></span> 
     </span>
    </p>
   </div>
   <div class='ocr_carea' id='block_1_35' title="bbox 386 1897 1965 1965">
    <p class='ocr_par' dir='ltr' id='par_1_35' title="bbox 386 1897 1965 1965">
     <span class='ocr_line' id='line_1_35' title="bbox 386 1897 1965 1965; baseline 0.002 -17"><span class='ocrx_word' id='word_1_243' title='bbox 386 1907 577 1965; x_wconf 90' lang='lat' dir='ltr'><strong>sponte</strong></span> <span class='ocrx_word' id='word_1_244' title='bbox 594 1897 989 1951; x_wconf 82' lang='lat' dir='ltr'><strong>contraxerint.</strong></span> <span class='ocrx_word' id='word_1_245' title='bbox 1011 1897 1141 1950; x_wconf 86' lang='lat' dir='ltr'><strong>Esse</strong></span> <span class='ocrx_word' id='word_1_246' title='bbox 1163 1905 1343 1950; x_wconf 86' lang='lat' dir='ltr'><strong>autem</strong></span> <span class='ocrx_word' id='word_1_247' title='bbox 1369 1906 1563 1965; x_wconf 90' lang='lat' dir='ltr'><strong>sponte</strong></span> <span class='ocrx_word' id='word_1_248' title='bbox 1596 1906 1965 1964; x_wconf 85' lang='lat' dir='ltr'><strong>contractum,</strong></span> 
     </span>
    </p>
   </div>
   <div class='ocr_carea' id='block_1_36' title="bbox 388 1986 1963 2056">
    <p class='ocr_par' dir='ltr' id='par_1_36' title="bbox 388 1986 1963 2056">
     <span class='ocr_line' id='line_1_36' title="bbox 388 1986 1963 2056; baseline 0.001 -17"><span class='ocrx_word' id='word_1_249' title='bbox 388 1995 606 2040; x_wconf 86' lang='lat' dir='ltr'><strong>constat</strong></span> <span class='ocrx_word' id='word_1_250' title='bbox 639 2001 704 2041; x_wconf 85' lang='lat' dir='ltr'><strong>ex</strong></span> <span class='ocrx_word' id='word_1_251' title='bbox 745 2000 810 2041; x_wconf 92' lang='lat' dir='ltr'><strong>eo</strong></span> <span class='ocrx_word' id='word_1_252' title='bbox 865 1988 1008 2056; x_wconf 90' lang='lat' dir='ltr'><strong>quod</strong></span> <span class='ocrx_word' id='word_1_253' title='bbox 1049 1987 1263 2041; x_wconf 90' lang='lat' dir='ltr'><strong>actione</strong></span> <span class='ocrx_word' id='word_1_254' title='bbox 1320 1986 1680 2042; x_wconf 86' lang='lat' dir='ltr'><strong>delectantur.</strong></span> <span class='ocrx_word' id='word_1_255' title='bbox 1713 1988 1781 2041; x_wconf 83' lang='lat' dir='ltr'><strong>At</strong></span> <span class='ocrx_word' id='word_1_256' title='bbox 1811 2003 1963 2054; x_wconf 90' lang='lat' dir='ltr'><strong>vero,</strong></span> 
     </span>
    </p>
   </div>
   <div class='ocr_carea' id='block_1_37' title="bbox 387 2077 1974 2146">
    <p class='ocr_par' dir='ltr' id='par_1_37' title="bbox 387 2077 1974 2146">
     <span class='ocr_line' id='line_1_37' title="bbox 387 2077 1974 2146; baseline 0.003 -16"><span class='ocrx_word' id='word_1_257' title='bbox 387 2078 530 2146; x_wconf 88' lang='lat' dir='ltr'><strong>quod</strong></span> <span class='ocrx_word' id='word_1_258' title='bbox 564 2077 716 2131; x_wconf 89' lang='lat' dir='ltr'><strong>inviti</strong></span> <span class='ocrx_word' id='word_1_259' title='bbox 751 2077 998 2143; x_wconf 85' lang='lat' dir='ltr'><strong>facimus,</strong></span> <span class='ocrx_word' id='word_1_260' title='bbox 1031 2077 1319 2132; x_wconf 91' lang='lat' dir='ltr'><strong>molestum</strong></span> <span class='ocrx_word' id='word_1_261' title='bbox 1349 2093 1473 2133; x_wconf 85' lang='lat' dir='ltr'><strong>esse</strong></span> <span class='ocrx_word' id='word_1_262' title='bbox 1505 2079 1864 2134; x_wconf 87' lang='lat' dir='ltr'><strong>ostendimus.</strong></span> <span class='ocrx_word' id='word_1_263' title='bbox 1897 2079 1974 2135; x_wconf 89' lang='lat' dir='ltr'><strong>De</strong></span> 
     </span>
    </p>
   </div>
   <div class='ocr_carea' id='block_1_38' title="bbox 2075 1800 3690 1874">
    <p class='ocr_par' dir='ltr' id='par_1_38' title="bbox 2075 1800 3690 1874">
     <span class='ocr_line' id='line_1_38' title="bbox 2075 1800 3690 1874; baseline 0 -20"><span class='ocrx_word' id='word_1_264' title='bbox 2075 1804 2228 1866; x_wconf 84' lang='grc' dir='ltr'>ἐστι,</span> <span class='ocrx_word' id='word_1_265' title='bbox 2287 1800 2468 1871; x_wconf 80' lang='grc' dir='ltr'>δῆλον.</span> <span class='ocrx_word' id='word_1_266' title='bbox 2509 1802 2768 1855; x_wconf 84' lang='grc' dir='ltr'><strong>’Ἡδονται</strong></span> <span class='ocrx_word' id='word_1_267' title='bbox 2819 1803 2930 1873; x_wconf 85' lang='grc' dir='ltr'>γὰρ</span> <span class='ocrx_word' id='word_1_268' title='bbox 2977 1803 3070 1855; x_wconf 74' lang='grc' dir='ltr'>ἐπὶ</span> <span class='ocrx_word' id='word_1_269' title='bbox 3116 1805 3180 1873; x_wconf 84' lang='grc' dir='ltr'>τῇ</span> <span class='ocrx_word' id='word_1_270' title='bbox 3223 1801 3452 1874; x_wconf 56' lang='lat' dir='ltr'><strong>«piger</strong></span> <span class='ocrx_word' id='word_1_271' title='bbox 3504 1802 3574 1854; x_wconf 74' lang='grc' dir='ltr'>τὸ</span> <span class='ocrx_word' id='word_1_272' title='bbox 3626 1802 3690 1854; x_wconf 70' lang='grc' dir='ltr'><strong>δὲ</strong></span> 
     </span>
    </p>
   </div>
   <div class='ocr_carea' id='block_1_39' title="bbox 2074 1889 3689 1964">
    <p class='ocr_par' dir='ltr' id='par_1_39' title="bbox 2074 1889 3689 1964">
     <span class='ocr_line' id='line_1_39' title="bbox 2074 1889 3689 1964; baseline -0.001 -18"><span class='ocrx_word' id='word_1_273' title='bbox 2074 1891 2334 1946; x_wconf 83' lang='grc' dir='ltr'>ἀκούσιον</span> <span class='ocrx_word' id='word_1_274' title='bbox 2357 1892 2606 1964; x_wconf 83' lang='grc' dir='ltr'>λυπηρὸν</span> <span class='ocrx_word' id='word_1_275' title='bbox 2631 1892 2867 1964; x_wconf 85' lang='grc' dir='ltr'>ἐδείχθη.</span> <span class='ocrx_word' id='word_1_276' title='bbox 2895 1893 3032 1964; x_wconf 72' lang='grc' dir='ltr'>Περὶ</span> <span class='ocrx_word' id='word_1_277' title='bbox 3056 1893 3156 1964; x_wconf 81' lang='grc' dir='ltr'>μὲν</span> <span class='ocrx_word' id='word_1_278' title='bbox 3182 1889 3275 1947; x_wconf 81' lang='grc' dir='ltr'><strong>οὖν</strong></span> <span class='ocrx_word' id='word_1_279' title='bbox 3292 1893 3388 1946; x_wconf 81' lang='grc' dir='ltr'><strong>τοῦ</strong></span> <span class='ocrx_word' id='word_1_280' title='bbox 3411 1892 3689 1946; x_wconf 79' lang='grc' dir='ltr'>ἀκουσίου</span> 
     </span>
    </p>
   </div>
   <div class='ocr_carea' id='block_1_40' title="bbox 2075 1983 3690 2058">
    <p class='ocr_par' dir='ltr' id='par_1_40' title="bbox 2075 1983 3690 2058">
     <span class='ocr_line' id='line_1_40' title="bbox 2075 1983 3690 2058; baseline 0.001 -22"><span class='ocrx_word' id='word_1_281' title='bbox 2075 1983 2171 2037; x_wconf 81' lang='grc' dir='ltr'><strong>τοῦ</strong></span> <span class='ocrx_word' id='word_1_282' title='bbox 2225 1984 2318 2055; x_wconf 81' lang='grc' dir='ltr'><strong>βίᾳ</strong></span> <span class='ocrx_word' id='word_1_283' title='bbox 2357 1983 2472 2056; x_wconf 91' lang='grc'>(66)</span> <span class='ocrx_word' id='word_1_284' title='bbox 2507 1984 2716 2052; x_wconf 82' lang='grc' dir='ltr'>ταῦτα,</span> <span class='ocrx_word' id='word_1_285' title='bbox 2755 1985 2885 2058; x_wconf 75' lang='grc' dir='ltr'>περὶ</span> <span class='ocrx_word' id='word_1_286' title='bbox 2915 1986 2974 2040; x_wconf 88' lang='grc' dir='ltr'><strong>δέ</strong></span> <span class='ocrx_word' id='word_1_287' title='bbox 3001 1985 3095 2039; x_wconf 75' lang='grc' dir='ltr'><strong>τοῦ</strong></span> <span class='ocrx_word' id='word_1_288' title='bbox 3134 1985 3202 2039; x_wconf 82' lang='grc' dir='ltr'><strong>δι’</strong></span> <span class='ocrx_word' id='word_1_289' title='bbox 3238 1985 3463 2056; x_wconf 79' lang='grc' dir='ltr'>ἄγνοιαν</span> <span class='ocrx_word' id='word_1_290' title='bbox 3497 1987 3690 2038; x_wconf 64' lang='lat' dir='ltr'><strong>simi:</strong></span> 
     </span>
    </p>
   </div>
   <div class='ocr_carea' id='block_1_41' title="bbox 2080 2075 2492 2130">
    <p class='ocr_par' dir='ltr' id='par_1_41' title="bbox 2080 2075 2492 2130">
     <span class='ocr_line' id='line_1_41' title="bbox 2080 2075 2492 2130; baseline 0 0"><span class='ocrx_word' id='word_1_291' title='bbox 2080 2075 2492 2130; x_wconf 81' lang='grc' dir='ltr'>ὑπολέλειπται.</span> 
     </span>
    </p>
   </div>
   <div class='ocr_carea' id='block_1_42' title="bbox 387 2149 3685 2244">
    <p class='ocr_par' dir='ltr' id='par_1_42' title="bbox 387 2149 3685 2244">
     <span class='ocr_line' id='line_1_42' title="bbox 387 2149 3685 2244; baseline 0.001 -20"><span class='ocrx_word' id='word_1_292' title='bbox 387 2185 452 2224; x_wconf 90' lang='lat' dir='ltr'><strong>eo</strong></span> <span class='ocrx_word' id='word_1_293' title='bbox 475 2186 604 2240; x_wconf 80' lang='lat' dir='ltr'><strong>ergo</strong></span> <span class='ocrx_word' id='word_1_294' title='bbox 650 2172 791 2241; x_wconf 91' lang='lat' dir='ltr'><strong>quod</strong></span> <span class='ocrx_word' id='word_1_295' title='bbox 845 2171 998 2226; x_wconf 88' lang='lat' dir='ltr'><strong>inviti</strong></span> <span class='ocrx_word' id='word_1_296' title='bbox 1053 2186 1150 2242; x_wconf 88' lang='lat' dir='ltr'><strong>per</strong></span> <span class='ocrx_word' id='word_1_297' title='bbox 1199 2172 1305 2226; x_wconf 88' lang='lat' dir='ltr'><strong>vim</strong></span> <span class='ocrx_word' id='word_1_298' title='bbox 1352 2173 1586 2241; x_wconf 79' lang='lat' dir='ltr'><strong>agimus,</strong></span> <span class='ocrx_word' id='word_1_299' title='bbox 1629 2171 1747 2229; x_wconf 70' lang='lat' dir='ltr'><strong>haec</strong></span> <span class='ocrx_word' id='word_1_300' title='bbox 1781 2173 1893 2228; x_wconf 88' lang='lat' dir='ltr'><strong>sint</strong></span> <span class='ocrx_word' id='word_1_301' title='bbox 1945 2149 2226 2242; x_wconf 51' lang='lat' dir='ltr'><strong>exposita:</strong></span> <span class='ocrx_word' id='word_1_302' title='bbox 2247 2171 2554 2242; x_wconf 82' lang='lat' dir='ltr'><strong>Reliquum,</strong></span> <span class='ocrx_word' id='word_1_303' title='bbox 2580 2181 2659 2228; x_wconf 88' lang='lat' dir='ltr'><strong>est</strong></span> <span class='ocrx_word' id='word_1_304' title='bbox 2698 2181 2758 2226; x_wconf 92' lang='lat' dir='ltr'><strong>ut</strong></span> <span class='ocrx_word' id='word_1_305' title='bbox 2783 2172 2848 2227; x_wconf 92' lang='lat' dir='ltr'><strong>de</strong></span> <span class='ocrx_word' id='word_1_306' title='bbox 2875 2186 2938 2227; x_wconf 87' lang='lat' dir='ltr'><strong>co</strong></span> <span class='ocrx_word' id='word_1_307' title='bbox 2961 2173 3103 2241; x_wconf 91' lang='lat' dir='ltr'><strong>quod</strong></span> <span class='ocrx_word' id='word_1_308' title='bbox 3138 2189 3233 2244; x_wconf 88' lang='lat' dir='ltr'><strong>per</strong></span> <span class='ocrx_word' id='word_1_309' title='bbox 3279 2172 3685 2242; x_wconf 75' lang='lat' dir='ltr'><strong>ignorationem</strong></span> 
     </span>
    </p>
   </div>
   <div class='ocr_carea' id='block_1_43' title="bbox 387 2267 782 2329">
    <p class='ocr_par' dir='ltr' id='par_1_43' title="bbox 387 2267 782 2329">
     <span class='ocr_line' id='line_1_43' title="bbox 387 2267 782 2329; baseline 0.005 -8"><span class='ocrx_word' id='word_1_310' title='bbox 387 2275 491 2329; x_wconf 88' lang='lat' dir='ltr'><strong>est.</strong></span> <span class='ocrx_word' id='word_1_311' title='bbox 521 2267 782 2323; x_wconf 86' lang='lat' dir='ltr'><strong>dicamus.</strong></span> 
     </span>
    </p>
   </div>
   <div class='ocr_carea' id='block_1_44' title="bbox 985 2361 1374 2420">
    <p class='ocr_par' dir='ltr' id='par_1_44' title="bbox 985 2361 1374 2420">
     <span class='ocr_line' id='line_1_44' title="bbox 985 2361 1374 2420; baseline 0.008 -3"><span class='ocrx_word' id='word_1_312' title='bbox 985 2361 1139 2417; x_wconf 83' lang='lat' dir='ltr'><strong>CAP.</strong></span> <span class='ocrx_word' id='word_1_313' title='bbox 1183 2361 1374 2420; x_wconf 80' lang='lat' dir='ltr'><strong>XXXI.</strong></span> 
     </span>
    </p>
   </div>
   <div class='ocr_carea' id='block_1_45' title="bbox 600 2453 1756 2525">
    <p class='ocr_par' dir='ltr' id='par_1_45' title="bbox 600 2453 1756 2525">
     <span class='ocr_line' id='line_1_45' title="bbox 600 2453 1756 2525; baseline 0.003 -19"><span class='ocrx_word' id='word_1_314' title='bbox 600 2453 680 2506; x_wconf 86' lang='lat' dir='ltr'><strong>De</strong></span> <span class='ocrx_word' id='word_1_315' title='bbox 701 2469 762 2506; x_wconf 80' lang='lat' dir='ltr'><strong>eo</strong></span> <span class='ocrx_word' id='word_1_316' title='bbox 793 2453 932 2520; x_wconf 77' lang='lat' dir='ltr'><strong>quod</strong></span> <span class='ocrx_word' id='word_1_317' title='bbox 967 2455 1123 2508; x_wconf 68' lang='lat' dir='ltr'><strong>invite</strong></span> <span class='ocrx_word' id='word_1_318' title='bbox 1146 2472 1236 2523; x_wconf 83' lang='lat' dir='ltr'><strong>per</strong></span> <span class='ocrx_word' id='word_1_319' title='bbox 1264 2455 1647 2524; x_wconf 78' lang='lat' dir='ltr'><strong>ignorationem</strong></span> <span class='ocrx_word' id='word_1_320' title='bbox 1676 2457 1756 2525; x_wconf 80' lang='lat' dir='ltr'><strong>ﬁt.</strong></span> 
     </span>
    </p>
   </div>
   <div class='ocr_carea' id='block_1_46' title="bbox 459 2540 1982 2611">
    <p class='ocr_par' dir='ltr' id='par_1_46' title="bbox 459 2540 1982 2611">
     <span class='ocr_line' id='line_1_46' title="bbox 459 2540 1982 2611; baseline 0 -17"><span class='ocrx_word' id='word_1_321' title='bbox 459 2540 622 2594; x_wconf 70' lang='lat' dir='ltr'><strong>Multa</strong></span> <span class='ocrx_word' id='word_1_322' title='bbox 655 2540 863 2609; x_wconf 80' lang='lat' dir='ltr'><strong>agimus</strong></span> <span class='ocrx_word' id='word_1_323' title='bbox 900 2555 996 2609; x_wconf 90' lang='lat' dir='ltr'><strong>per</strong></span> <span class='ocrx_word' id='word_1_324' title='bbox 1018 2540 1310 2608; x_wconf 79' lang='lat' dir='ltr'><strong>inscitiam,</strong></span> <span class='ocrx_word' id='word_1_325' title='bbox 1345 2557 1409 2596; x_wconf 80' lang='lat' dir='ltr'><strong>ex</strong></span> <span class='ocrx_word' id='word_1_326' title='bbox 1433 2542 1628 2611; x_wconf 84' lang='lat' dir='ltr'><strong>quibus</strong></span> <span class='ocrx_word' id='word_1_327' title='bbox 1665 2549 1785 2610; x_wconf 87' lang='lat' dir='ltr'><strong>post</strong></span> <span class='ocrx_word' id='word_1_328' title='bbox 1812 2542 1982 2595; x_wconf 90' lang='lat' dir='ltr'><strong>actio-</strong></span> 
     </span>
    </p>
   </div>
   <div class='ocr_carea' id='block_1_47' title="bbox 393 2629 1981 2702">
    <p class='ocr_par' dir='ltr' id='par_1_47' title="bbox 393 2629 1981 2702">
     <span class='ocr_line' id='line_1_47' title="bbox 393 2629 1981 2702; baseline -0.002 -16"><span class='ocrx_word' id='word_1_329' title='bbox 393 2647 510 2686; x_wconf 82' lang='lat' dir='ltr'><strong>nem</strong></span> <span class='ocrx_word' id='word_1_330' title='bbox 552 2631 879 2700; x_wconf 83' lang='lat' dir='ltr'><strong>voluptatem</strong></span> <span class='ocrx_word' id='word_1_331' title='bbox 902 2630 1164 2702; x_wconf 84' lang='lat' dir='ltr'><strong>capimus,</strong></span> <span class='ocrx_word' id='word_1_332' title='bbox 1209 2641 1269 2685; x_wconf 88' lang='lat' dir='ltr'><strong>ut</strong></span> <span class='ocrx_word' id='word_1_333' title='bbox 1321 2647 1442 2686; x_wconf 92' lang='lat' dir='ltr'><strong>cum</strong></span> <span class='ocrx_word' id='word_1_334' title='bbox 1481 2632 1603 2702; x_wconf 90' lang='lat' dir='ltr'><strong>quis</strong></span> <span class='ocrx_word' id='word_1_335' title='bbox 1645 2631 1842 2685; x_wconf 88' lang='lat' dir='ltr'><strong>invitus</strong></span> <span class='ocrx_word' id='word_1_336' title='bbox 1876 2629 1981 2683; x_wconf 88' lang='lat' dir='ltr'><strong>ini—</strong></span> 
     </span>
    </p>
   </div>
   <div class='ocr_carea' id='block_1_48' title="bbox 392 2721 1974 2791">
    <p class='ocr_par' dir='ltr' id='par_1_48' title="bbox 392 2721 1974 2791">
     <span class='ocr_line' id='line_1_48' title="bbox 392 2721 1974 2791; baseline -0.001 -15"><span class='ocrx_word' id='word_1_337' title='bbox 392 2723 591 2777; x_wconf 91' lang='lat' dir='ltr'><strong>micnm</strong></span> <span class='ocrx_word' id='word_1_338' title='bbox 640 2721 997 2788; x_wconf 79' lang='lat' dir='ltr'><strong>interfecerit,</strong></span> <span class='ocrx_word' id='word_1_339' title='bbox 1049 2723 1196 2776; x_wconf 73' lang='lat' dir='ltr'><strong>caule</strong></span> <span class='ocrx_word' id='word_1_340' title='bbox 1254 2732 1434 2776; x_wconf 87' lang='lat' dir='ltr'><strong>tamen</strong></span> <span class='ocrx_word' id='word_1_341' title='bbox 1485 2723 1602 2791; x_wconf 87' lang='lat' dir='ltr'><strong>ejus</strong></span> <span class='ocrx_word' id='word_1_342' title='bbox 1652 2721 1974 2776; x_wconf 88' lang='lat' dir='ltr'><strong>delectatur.</strong></span> 
     </span>
    </p>
   </div>
   <div class='ocr_carea' id='block_1_49' title="bbox 395 2811 1976 2882">
    <p class='ocr_par' dir='ltr' id='par_1_49' title="bbox 395 2811 1976 2882">
     <span class='ocr_line' id='line_1_49' title="bbox 395 2811 1976 2882; baseline -0.001 -18"><span class='ocrx_word' id='word_1_343' title='bbox 395 2811 519 2866; x_wconf 80' lang='lat' dir='ltr'><strong>Ilaec</strong></span> <span class='ocrx_word' id='word_1_344' title='bbox 555 2821 611 2865; x_wconf 88' lang='lat' dir='ltr'><strong>et</strong></span> <span class='ocrx_word' id='word_1_345' title='bbox 636 2811 690 2867; x_wconf 92' lang='lat' dir='ltr'><strong>id</strong></span> <span class='ocrx_word' id='word_1_346' title='bbox 733 2826 906 2882; x_wconf 81' lang='lat' dir='ltr'><strong>genus</strong></span> <span class='ocrx_word' id='word_1_347' title='bbox 933 2811 1037 2865; x_wconf 88' lang='lat' dir='ltr'><strong>alia</strong></span> <span class='ocrx_word' id='word_1_348' title='bbox 1073 2821 1269 2867; x_wconf 87' lang='lat' dir='ltr'><strong>vocant</strong></span> <span class='ocrx_word' id='word_1_349' title='bbox 1309 2828 1416 2866; x_wconf 92' lang='lat' dir='ltr'><strong>non</strong></span> <span class='ocrx_word' id='word_1_350' title='bbox 1457 2821 1651 2881; x_wconf 80' lang='lat' dir='ltr'><strong>sponte</strong></span> <span class='ocrx_word' id='word_1_351' title='bbox 1700 2820 1976 2880; x_wconf 87' lang='lat' dir='ltr'><strong>suscepta,</strong></span> 
     </span>
    </p>
   </div>
   <div class='ocr_carea' id='block_1_50' title="bbox 393 2903 1979 2974">
    <p class='ocr_par' dir='ltr' id='par_1_50' title="bbox 393 2903 1979 2974">
     <span class='ocr_line' id='line_1_50' title="bbox 393 2903 1979 2974; baseline 0.001 -19"><span class='ocrx_word' id='word_1_352' title='bbox 393 2917 499 2957; x_wconf 93' lang='lat' dir='ltr'><strong>non</strong></span> <span class='ocrx_word' id='word_1_353' title='bbox 531 2912 710 2958; x_wconf 85' lang='lat' dir='ltr'><strong>tamen</strong></span> <span class='ocrx_word' id='word_1_354' title='bbox 752 2904 916 2958; x_wconf 89' lang='lat' dir='ltr'><strong>etiam</strong></span> <span class='ocrx_word' id='word_1_355' title='bbox 960 2904 1146 2958; x_wconf 91' lang='lat' dir='ltr'><strong>invite.</strong></span> <span class='ocrx_word' id='word_1_356' title='bbox 1174 2903 1306 2959; x_wconf 79' lang='lat' dir='ltr'><strong>lteni</strong></span> <span class='ocrx_word' id='word_1_357' title='bbox 1359 2905 1571 2973; x_wconf 80' lang='lat' dir='ltr'><strong>agimus</strong></span> <span class='ocrx_word' id='word_1_358' title='bbox 1599 2904 1846 2973; x_wconf 68' lang='lat' dir='ltr'><strong>quaedam</strong></span> <span class='ocrx_word' id='word_1_359' title='bbox 1883 2918 1979 2974; x_wconf 87' lang='lat' dir='ltr'><strong>per</strong></span> 
     </span>
    </p>
   </div>
   <div class='ocr_carea' id='block_1_51' title="bbox 393 2993 1978 3064">
    <p class='ocr_par' dir='ltr' id='par_1_51' title="bbox 393 2993 1978 3064">
     <span class='ocr_line' id='line_1_51' title="bbox 393 2993 1978 3064; baseline 0.002 -17"><span class='ocrx_word' id='word_1_360' title='bbox 393 2993 754 3058; x_wconf 88' lang='lat' dir='ltr'><strong>inscientiam,</strong></span> <span class='ocrx_word' id='word_1_361' title='bbox 791 3010 909 3064; x_wconf 64' lang='lat' dir='ltr'><strong>quae</strong></span> <span class='ocrx_word' id='word_1_362' title='bbox 973 2994 1113 3050; x_wconf 81' lang='lat' dir='ltr'><strong>facta</strong></span> <span class='ocrx_word' id='word_1_363' title='bbox 1180 2996 1484 3050; x_wconf 79' lang='lat' dir='ltr'><strong>molestiam</strong></span> <span class='ocrx_word' id='word_1_364' title='bbox 1541 2995 1802 3052; x_wconf 70' lang='lat' dir='ltr'><strong>aﬂerant:</strong></span> <span class='ocrx_word' id='word_1_365' title='bbox 1862 2997 1978 3051; x_wconf 62' lang='lat' dir='ltr'><strong>hac</strong></span> 
     </span>
    </p>
   </div>
   <div class='ocr_carea' id='block_1_52' title="bbox 2655 2354 3114 2425">
    <p class='ocr_par' dir='ltr' id='par_1_52' title="bbox 2655 2354 3114 2425">
     <span class='ocr_line' id='line_1_52' title="bbox 2655 2354 3114 2425; baseline -0.002 -17"><span class='ocrx_word' id='word_1_366' title='bbox 2655 2355 2812 2408; x_wconf 80' lang='grc' dir='ltr'><strong>ΚΕΦ.</strong></span> <span class='ocrx_word' id='word_1_367' title='bbox 2845 2354 2949 2408; x_wconf 83' lang='lat' dir='ltr'><strong>AA&#39;</strong></span> <span class='ocrx_word' id='word_1_368' title='bbox 2979 2355 3114 2425; x_wconf 86' lang='lat'><strong>(67).</strong></span> 
     </span>
    </p>
   </div>
   <div class='ocr_carea' id='block_1_53' title="bbox 2380 2447 3411 2517">
    <p class='ocr_par' dir='ltr' id='par_1_53' title="bbox 2380 2447 3411 2517">
     <span class='ocr_line' id='line_1_53' title="bbox 2380 2447 3411 2517; baseline -0.003 -14"><span class='ocrx_word' id='word_1_369' title='bbox 2380 2448 2524 2517; x_wconf 81' lang='grc' dir='ltr'><strong>Περὶ</strong></span> <span class='ocrx_word' id='word_1_370' title='bbox 2565 2448 2673 2502; x_wconf 86' lang='grc' dir='ltr'><strong>τοῦ</strong></span> <span class='ocrx_word' id='word_1_371' title='bbox 2699 2447 2774 2500; x_wconf 83' lang='grc' dir='ltr'><strong>δι’</strong></span> <span class='ocrx_word' id='word_1_372' title='bbox 2805 2447 2909 2515; x_wconf 58' lang='lat' dir='ltr'><strong>dra</strong></span> <span class='ocrx_word' id='word_1_373' title='bbox 2922 2466 3057 2502; x_wconf 82' lang='grc' dir='ltr'>οιαν</span> <span class='ocrx_word' id='word_1_374' title='bbox 3093 2447 3411 2502; x_wconf 82' lang='grc' dir='ltr'>ἀκουσίου.</span> 
     </span>
    </p>
   </div>
   <div class='ocr_carea' id='block_1_54' title="bbox 2163 2532 3683 2612">
    <p class='ocr_par' dir='ltr' id='par_1_54' title="bbox 2163 2532 3683 2612">
     <span class='ocr_line' id='line_1_54' title="bbox 2163 2532 3683 2612; baseline -0.005 -15"><span class='ocrx_word' id='word_1_375' title='bbox 2163 2541 2321 2612; x_wconf 73' lang='lat'><strong>127</strong></span> <span class='ocrx_word' id='word_1_376' title='bbox 2360 2540 2539 2594; x_wconf 89' lang='grc' dir='ltr'>Πολλά</span> <span class='ocrx_word' id='word_1_377' title='bbox 2572 2540 2885 2611; x_wconf 80' lang='grc' dir='ltr'>πράττομεν</span> <span class='ocrx_word' id='word_1_378' title='bbox 2925 2539 2993 2592; x_wconf 86' lang='grc' dir='ltr'><strong>δι’</strong></span> <span class='ocrx_word' id='word_1_379' title='bbox 3029 2539 3276 2608; x_wconf 84' lang='grc' dir='ltr'>ἄγνοιαν,</span> <span class='ocrx_word' id='word_1_380' title='bbox 3301 2538 3387 2612; x_wconf 83' lang='grc' dir='ltr'><strong>ἐφ’</strong></span> <span class='ocrx_word' id='word_1_381' title='bbox 3416 2532 3500 2600; x_wconf 73' lang='grc' dir='ltr'><strong>οἷς</strong></span> <span class='ocrx_word' id='word_1_382' title='bbox 3534 2535 3683 2612; x_wconf 78' lang='grc' dir='ltr'><strong>μετά</strong></span> 
     </span>
    </p>
   </div>
   <div class='ocr_carea' id='block_1_55' title="bbox 2089 2611 3684 2706">
    <p class='ocr_par' dir='ltr' id='par_1_55' title="bbox 2089 2611 3684 2706">
     <span class='ocr_line' id='line_1_55' title="bbox 2089 2611 3684 2706; baseline -0.004 -19"><span class='ocrx_word' id='word_1_383' title='bbox 2089 2611 2199 2706; x_wconf 83' lang='grc' dir='ltr'><strong>τὴν</strong></span> <span class='ocrx_word' id='word_1_384' title='bbox 2231 2611 2432 2704; x_wconf 76' lang='grc' dir='ltr'>πρᾶξιν</span> <span class='ocrx_word' id='word_1_385' title='bbox 2482 2629 2594 2702; x_wconf 86' lang='grc'>(68)</span> <span class='ocrx_word' id='word_1_386' title='bbox 2635 2629 2930 2700; x_wconf 76' lang='grc' dir='ltr'>χαίρομεν,</span> <span class='ocrx_word' id='word_1_387' title='bbox 2970 2631 3046 2692; x_wconf 85' lang='grc' dir='ltr'>ὡς</span> <span class='ocrx_word' id='word_1_388' title='bbox 3079 2629 3208 2683; x_wconf 83' lang='grc' dir='ltr'>ὅταν</span> <span class='ocrx_word' id='word_1_389' title='bbox 3247 2611 3336 2692; x_wconf 64' lang='grc' dir='ltr'><strong>τις</strong></span> <span class='ocrx_word' id='word_1_390' title='bbox 3370 2629 3520 2682; x_wconf 82' lang='grc' dir='ltr'><strong>ἄκων</strong></span> <span class='ocrx_word' id='word_1_391' title='bbox 3577 2611 3684 2699; x_wconf 80' lang='grc' dir='ltr'>μὲν</span> 
     </span>
    </p>
   </div>
   <div class='ocr_carea' id='block_1_56' title="bbox 2083 2719 3675 2797">
    <p class='ocr_par' dir='ltr' id='par_1_56' title="bbox 2083 2719 3675 2797">
     <span class='ocr_line' id='line_1_56' title="bbox 2083 2719 3675 2797; baseline -0.004 -18"><span class='ocrx_word' id='word_1_392' title='bbox 2083 2725 2276 2797; x_wconf 83' lang='grc' dir='ltr'>ἐχθρὸν</span> <span class='ocrx_word' id='word_1_393' title='bbox 2323 2723 2562 2794; x_wconf 80' lang='grc' dir='ltr'>φονεύσῃ</span> <span class='ocrx_word' id='word_1_394' title='bbox 2610 2722 2746 2793; x_wconf 88' lang='grc'>(69),</span> <span class='ocrx_word' id='word_1_395' title='bbox 2782 2722 2951 2793; x_wconf 78' lang='grc' dir='ltr'>χαίρῃ</span> <span class='ocrx_word' id='word_1_396' title='bbox 2989 2721 3047 2774; x_wconf 85' lang='grc' dir='ltr'><strong>δὲ</strong></span> <span class='ocrx_word' id='word_1_397' title='bbox 3095 2720 3209 2791; x_wconf 88' lang='grc'>(70)</span> <span class='ocrx_word' id='word_1_398' title='bbox 3257 2721 3350 2774; x_wconf 78' lang='grc' dir='ltr'><strong>ἐπὶ</strong></span> <span class='ocrx_word' id='word_1_399' title='bbox 3386 2719 3466 2790; x_wconf 79' lang='grc' dir='ltr'>τῷ</span> <span class='ocrx_word' id='word_1_400' title='bbox 3499 2719 3675 2791; x_wconf 80' lang='grc' dir='ltr'>φόνῳ.</span> 
     </span>
    </p>
   </div>
   <div class='ocr_carea' id='block_1_57' title="bbox 2084 2811 3674 2884">
    <p class='ocr_par' dir='ltr' id='par_1_57' title="bbox 2084 2811 3674 2884">
     <span class='ocr_line' id='line_1_57' title="bbox 2084 2811 3674 2884; baseline -0.006 -12"><span class='ocrx_word' id='word_1_401' title='bbox 2084 2818 2250 2872; x_wconf 83' lang='grc' dir='ltr'>Ταῦτ’</span> <span class='ocrx_word' id='word_1_402' title='bbox 2281 2812 2376 2870; x_wconf 81' lang='grc' dir='ltr'><strong>οὖν</strong></span> <span class='ocrx_word' id='word_1_403' title='bbox 2421 2817 2517 2870; x_wconf 70' lang='grc' dir='ltr'>καὶ</span> <span class='ocrx_word' id='word_1_404' title='bbox 2549 2815 2618 2869; x_wconf 83' lang='grc' dir='ltr'>τὰ</span> <span class='ocrx_word' id='word_1_405' title='bbox 2649 2814 2878 2868; x_wconf 82' lang='grc' dir='ltr'>τοιαῦτα</span> <span class='ocrx_word' id='word_1_406' title='bbox 2907 2812 3166 2867; x_wconf 83' lang='grc' dir='ltr'>καλοῦσιν</span> <span class='ocrx_word' id='word_1_407' title='bbox 3206 2813 3305 2884; x_wconf 88' lang='grc' dir='ltr'><strong>οὑχ</strong></span> <span class='ocrx_word' id='word_1_408' title='bbox 3335 2811 3579 2874; x_wconf 81' lang='grc' dir='ltr'>ἐκούσια,</span> <span class='ocrx_word' id='word_1_409' title='bbox 3607 2813 3674 2864; x_wconf 85' lang='grc' dir='ltr'><strong>οὑ</strong></span> 
     </span>
    </p>
   </div>
   <div class='ocr_carea' id='block_1_58' title="bbox 2087 2901 3682 2982">
    <p class='ocr_par' dir='ltr' id='par_1_58' title="bbox 2087 2901 3682 2982">
     <span class='ocr_line' id='line_1_58' title="bbox 2087 2901 3682 2982; baseline -0.006 -20"><span class='ocrx_word' id='word_1_410' title='bbox 2087 2909 2272 2982; x_wconf 77' lang='grc' dir='ltr'>μέντοι</span> <span class='ocrx_word' id='word_1_411' title='bbox 2298 2908 2395 2960; x_wconf 78' lang='grc' dir='ltr'>καὶ</span> <span class='ocrx_word' id='word_1_412' title='bbox 2422 2905 2657 2961; x_wconf 83' lang='grc' dir='ltr'>ἀκούσια</span> <span class='ocrx_word' id='word_1_413' title='bbox 2687 2905 2824 2976; x_wconf 78' lang='lat' dir='ltr'><strong>(7i).</strong></span> <span class='ocrx_word' id='word_1_414' title='bbox 2871 2905 2984 2958; x_wconf 78' lang='grc' dir='ltr'>Καὶ</span> <span class='ocrx_word' id='word_1_415' title='bbox 3014 2903 3179 2958; x_wconf 86' lang='grc' dir='ltr'>πάλιν</span> <span class='ocrx_word' id='word_1_416' title='bbox 3205 2901 3519 2974; x_wconf 72' lang='grc' dir='ltr'>πράττομεν</span> <span class='ocrx_word' id='word_1_417' title='bbox 3553 2919 3682 2955; x_wconf 77' lang='grc' dir='ltr'>τινα</span> 
     </span>
    </p>
   </div>
   <div class='ocr_carea' id='block_1_59' title="bbox 2081 2993 3675 3070">
    <p class='ocr_par' dir='ltr' id='par_1_59' title="bbox 2081 2993 3675 3070">
     <span class='ocr_line' id='line_1_59' title="bbox 2081 2993 3675 3070; baseline -0.006 -15"><span class='ocrx_word' id='word_1_418' title='bbox 2081 3001 2148 3055; x_wconf 84' lang='grc' dir='ltr'><strong>δι’</strong></span> <span class='ocrx_word' id='word_1_419' title='bbox 2197 3002 2456 3070; x_wconf 79' lang='grc' dir='ltr'>ἄγνοιαν,</span> <span class='ocrx_word' id='word_1_420' title='bbox 2503 2998 2602 3052; x_wconf 69' lang='grc' dir='ltr'><strong>καὶ</strong></span> <span class='ocrx_word' id='word_1_421' title='bbox 2641 2997 2736 3050; x_wconf 73' lang='grc' dir='ltr'>ἐπὶ</span> <span class='ocrx_word' id='word_1_422' title='bbox 2785 2999 2900 3060; x_wconf 86' lang='grc' dir='ltr'>τοῖς</span> <span class='ocrx_word' id='word_1_423' title='bbox 2959 2995 3275 3066; x_wconf 82' lang='grc' dir='ltr'>γενομένοις</span> <span class='ocrx_word' id='word_1_424' title='bbox 3326 2993 3675 3064; x_wconf 81' lang='grc' dir='ltr'>λυπούμεθα.</span> 
     </span>
    </p>
   </div>
   <div class='ocr_carea' id='block_1_60' title="bbox 381 3086 1980 3174">
    <p class='ocr_par' dir='ltr' id='par_1_60' title="bbox 381 3086 1980 3156">
     <span class='ocr_line' id='line_1_60' title="bbox 381 3086 1980 3156; baseline 0.003 -19"><span class='ocrx_word' id='word_1_425' title='bbox 381 3096 655 3146; x_wconf 66' lang='grc' dir='ltr'>,νοοστυηι</span> <span class='ocrx_word' id='word_1_426' title='bbox 681 3086 848 3141; x_wconf 88' lang='lat' dir='ltr'><strong>invite</strong></span> <span class='ocrx_word' id='word_1_427' title='bbox 878 3087 1041 3151; x_wconf 74' lang='lat' dir='ltr'><strong>facta,</strong></span> <span class='ocrx_word' id='word_1_428' title='bbox 1097 3101 1216 3156; x_wconf 74' lang='lat' dir='ltr'><strong>qua:</strong></span> <span class='ocrx_word' id='word_1_429' title='bbox 1266 3095 1574 3156; x_wconf 86' lang='lat' dir='ltr'><strong>perpetrata</strong></span> <span class='ocrx_word' id='word_1_430' title='bbox 1608 3087 1760 3142; x_wconf 90' lang='lat' dir='ltr'><strong>dolor</strong></span> <span class='ocrx_word' id='word_1_431' title='bbox 1789 3101 1980 3142; x_wconf 82' lang='lat' dir='ltr'><strong>conse-</strong></span> 
     </span>
    </p>
   </div>
   <div class='ocr_carea' id='block_1_61' title="bbox 2100 3086 3679 3174">
    <p class='ocr_par' dir='ltr' id='par_1_61' title="bbox 2100 3086 3679 3159">
     <span class='ocr_line' id='line_1_61' title="bbox 2100 3086 3679 3159; baseline -0.006 -12"><span class='ocrx_word' id='word_1_432' title='bbox 2100 3093 2272 3147; x_wconf 78' lang='grc' dir='ltr'>[αὔτα</span> <span class='ocrx_word' id='word_1_433' title='bbox 2302 3091 2362 3145; x_wconf 85' lang='grc' dir='ltr'><strong>δὲ</strong></span> <span class='ocrx_word' id='word_1_434' title='bbox 2411 3090 2679 3144; x_wconf 76' lang='grc' dir='ltr'>ἐκάλεσαν</span> <span class='ocrx_word' id='word_1_435' title='bbox 2721 3088 2834 3159; x_wconf 90' lang='grc'>(72)</span> <span class='ocrx_word' id='word_1_436' title='bbox 2875 3087 3131 3153; x_wconf 83' lang='grc' dir='ltr'>ἀκούσια,</span> <span class='ocrx_word' id='word_1_437' title='bbox 3168 3087 3315 3150; x_wconf 83' lang='grc' dir='ltr'>ὅσοις</span> <span class='ocrx_word' id='word_1_438' title='bbox 3352 3086 3679 3158; x_wconf 80' lang='grc' dir='ltr'>πραχθεῖσιν</span> 
     </span>
    </p>
   </div>
   <div class='ocr_carea' id='block_1_62' title="bbox 399 3175 1980 3254">
    <p class='ocr_par' dir='ltr' id='par_1_62' title="bbox 399 3177 1980 3250">
     <span class='ocr_line' id='line_1_62' title="bbox 399 3177 1980 3250; baseline 0.003 -20"><span class='ocrx_word' id='word_1_439' title='bbox 399 3177 597 3247; x_wconf 72' lang='lat' dir='ltr'><strong>quitur.</strong></span> <span class='ocrx_word' id='word_1_440' title='bbox 621 3178 817 3234; x_wconf 81' lang='lat' dir='ltr'><strong>Eorum</strong></span> <span class='ocrx_word' id='word_1_441' title='bbox 845 3193 976 3250; x_wconf 79' lang='lat' dir='ltr'><strong>ergo</strong></span> <span class='ocrx_word' id='word_1_442' title='bbox 1010 3195 1130 3250; x_wconf 68' lang='lat' dir='ltr'><strong>quae</strong></span> <span class='ocrx_word' id='word_1_443' title='bbox 1165 3179 1299 3234; x_wconf 84' lang='lat' dir='ltr'><strong>ﬁunt</strong></span> <span class='ocrx_word' id='word_1_444' title='bbox 1325 3194 1422 3249; x_wconf 90' lang='lat' dir='ltr'><strong>per</strong></span> <span class='ocrx_word' id='word_1_445' title='bbox 1450 3179 1838 3250; x_wconf 76' lang='lat' dir='ltr'><strong>ignorantiam,</strong></span> <span class='ocrx_word' id='word_1_446' title='bbox 1864 3179 1980 3234; x_wconf 66' lang='lat' dir='ltr'><strong>dum</strong></span> 
     </span>
    </p>
   </div>
   <div class='ocr_carea' id='block_1_63' title="bbox 2100 3175 3678 3254">
    <p class='ocr_par' dir='ltr' id='par_1_63' title="bbox 2100 3175 3678 3254">
     <span class='ocr_line' id='line_1_63' title="bbox 2100 3175 3678 3254; baseline -0.004 -18"><span class='ocrx_word' id='word_1_447' title='bbox 2100 3183 2436 3238; x_wconf 72' lang='grc' dir='ltr'>ιπακολουθεῖ</span> <span class='ocrx_word' id='word_1_448' title='bbox 2483 3182 2652 3254; x_wconf 85' lang='grc' dir='ltr'>λύπη.</span> <span class='ocrx_word' id='word_1_449' title='bbox 2690 3181 2812 3235; x_wconf 82' lang='grc' dir='ltr'><strong>Τῶν</strong></span> <span class='ocrx_word' id='word_1_450' title='bbox 2871 3175 2966 3235; x_wconf 80' lang='grc' dir='ltr'>οὖν</span> <span class='ocrx_word' id='word_1_451' title='bbox 3007 3179 3074 3234; x_wconf 87' lang='grc' dir='ltr'><strong>δι’</strong></span> <span class='ocrx_word' id='word_1_452' title='bbox 3124 3179 3348 3248; x_wconf 83' lang='grc' dir='ltr'>ἄγνοιαν</span> <span class='ocrx_word' id='word_1_453' title='bbox 3396 3177 3491 3231; x_wconf 86' lang='grc' dir='ltr'><strong>δύο</strong></span> <span class='ocrx_word' id='word_1_454' title='bbox 3526 3178 3678 3230; x_wconf 75' lang='grc' dir='ltr'>ἐστὶν</span> 
     </span>
    </p>
   </div>
   <div class='ocr_carea' id='block_1_64' title="bbox 399 3271 1966 3342">
    <p class='ocr_par' dir='ltr' id='par_1_64' title="bbox 399 3271 1966 3342">
     <span class='ocr_line' id='line_1_64' title="bbox 399 3271 1966 3342; baseline 0.001 -18"><span class='ocrx_word' id='word_1_455' title='bbox 399 3278 522 3324; x_wconf 89' lang='lat' dir='ltr'><strong>sunt</strong></span> <span class='ocrx_word' id='word_1_456' title='bbox 551 3272 758 3340; x_wconf 84' lang='lat' dir='ltr'><strong>species</strong></span> <span class='ocrx_word' id='word_1_457' title='bbox 792 3289 804 3326; x_wconf 92' lang='lat'>:</span> <span class='ocrx_word' id='word_1_458' title='bbox 831 3287 936 3325; x_wconf 90' lang='lat' dir='ltr'><strong>una</strong></span> <span class='ocrx_word' id='word_1_459' title='bbox 968 3287 1072 3327; x_wconf 94' lang='lat' dir='ltr'><strong>non</strong></span> <span class='ocrx_word' id='word_1_460' title='bbox 1108 3279 1302 3342; x_wconf 85' lang='lat' dir='ltr'><strong>sponte</strong></span> <span class='ocrx_word' id='word_1_461' title='bbox 1332 3272 1556 3337; x_wconf 80' lang='lat' dir='ltr'><strong>factum,</strong></span> <span class='ocrx_word' id='word_1_462' title='bbox 1586 3271 1756 3327; x_wconf 89' lang='lat' dir='ltr'><strong>altera</strong></span> <span class='ocrx_word' id='word_1_463' title='bbox 1778 3272 1966 3327; x_wconf 85' lang='lat' dir='ltr'><strong>invite.</strong></span> 
     </span>
    </p>
   </div>
   <div class='ocr_carea' id='block_1_65' title="bbox 401 3359 1982 3432">
    <p class='ocr_par' dir='ltr' id='par_1_65' title="bbox 401 3359 1982 3432">
     <span class='ocr_line' id='line_1_65' title="bbox 401 3359 1982 3432; baseline 0.001 -18"><span class='ocrx_word' id='word_1_464' title='bbox 401 3359 550 3415; x_wconf 81' lang='lat' dir='ltr'><strong>Nunc</strong></span> <span class='ocrx_word' id='word_1_465' title='bbox 572 3363 907 3432; x_wconf 90' lang='lat' dir='ltr'><strong>pr0positum</strong></span> <span class='ocrx_word' id='word_1_466' title='bbox 937 3370 1021 3418; x_wconf 89' lang='lat' dir='ltr'><strong>est</strong></span> <span class='ocrx_word' id='word_1_467' title='bbox 1047 3363 1113 3418; x_wconf 92' lang='lat' dir='ltr'><strong>de</strong></span> <span class='ocrx_word' id='word_1_468' title='bbox 1158 3377 1224 3418; x_wconf 92' lang='lat' dir='ltr'><strong>eo</strong></span> <span class='ocrx_word' id='word_1_469' title='bbox 1258 3372 1493 3427; x_wconf 90' lang='lat' dir='ltr'><strong>tantum,</strong></span> <span class='ocrx_word' id='word_1_470' title='bbox 1520 3362 1662 3432; x_wconf 92' lang='lat' dir='ltr'><strong>quod</strong></span> <span class='ocrx_word' id='word_1_471' title='bbox 1698 3362 1865 3417; x_wconf 87' lang='lat' dir='ltr'><strong>invite</strong></span> <span class='ocrx_word' id='word_1_472' title='bbox 1901 3361 1982 3428; x_wconf 79' lang='lat' dir='ltr'><strong>lit,</strong></span> 
     </span>
    </p>
   </div>
   <div class='ocr_carea' id='block_1_66' title="bbox 399 3451 1988 3524">
    <p class='ocr_par' dir='ltr' id='par_1_66' title="bbox 399 3451 1988 3524">
     <span class='ocr_line' id='line_1_66' title="bbox 399 3451 1988 3524; baseline 0.001 -18"><span class='ocrx_word' id='word_1_473' title='bbox 399 3451 602 3509; x_wconf 88' lang='lat' dir='ltr'><strong>dicere.</strong></span> <span class='ocrx_word' id='word_1_474' title='bbox 665 3452 800 3508; x_wconf 83' lang='lat' dir='ltr'><strong>Nam</strong></span> <span class='ocrx_word' id='word_1_475' title='bbox 850 3453 994 3523; x_wconf 92' lang='lat' dir='ltr'><strong>quod</strong></span> <span class='ocrx_word' id='word_1_476' title='bbox 1045 3469 1151 3508; x_wconf 91' lang='lat' dir='ltr'><strong>non</strong></span> <span class='ocrx_word' id='word_1_477' title='bbox 1213 3463 1406 3523; x_wconf 91' lang='lat' dir='ltr'><strong>sponte</strong></span> <span class='ocrx_word' id='word_1_478' title='bbox 1440 3462 1523 3509; x_wconf 90' lang='lat' dir='ltr'><strong>est</strong></span> <span class='ocrx_word' id='word_1_479' title='bbox 1554 3463 1786 3524; x_wconf 86' lang='lat' dir='ltr'><strong>gestum,</strong></span> <span class='ocrx_word' id='word_1_480' title='bbox 1813 3451 1988 3522; x_wconf 80' lang='lat' dir='ltr'><strong>magis</strong></span> 
     </span>
    </p>
   </div>
   <div class='ocr_carea' id='block_1_67' title="bbox 401 3543 1987 3616">
    <p class='ocr_par' dir='ltr' id='par_1_67' title="bbox 401 3543 1987 3616">
     <span class='ocr_line' id='line_1_67' title="bbox 401 3543 1987 3616; baseline 0 -19"><span class='ocrx_word' id='word_1_481' title='bbox 401 3545 680 3600; x_wconf 88' lang='lat' dir='ltr'><strong>reducitur</strong></span> <span class='ocrx_word' id='word_1_482' title='bbox 714 3545 780 3599; x_wconf 91' lang='lat' dir='ltr'><strong>ad</strong></span> <span class='ocrx_word' id='word_1_483' title='bbox 819 3546 870 3599; x_wconf 92' lang='lat' dir='ltr'><strong>id</strong></span> <span class='ocrx_word' id='word_1_484' title='bbox 899 3546 1041 3616; x_wconf 89' lang='lat' dir='ltr'><strong>quod</strong></span> <span class='ocrx_word' id='word_1_485' title='bbox 1065 3557 1258 3614; x_wconf 84' lang='lat' dir='ltr'><strong>sponte</strong></span> <span class='ocrx_word' id='word_1_486' title='bbox 1277 3552 1360 3600; x_wconf 88' lang='lat' dir='ltr'><strong>est</strong></span> <span class='ocrx_word' id='word_1_487' title='bbox 1385 3544 1609 3610; x_wconf 79' lang='lat' dir='ltr'><strong>factum,</strong></span> <span class='ocrx_word' id='word_1_488' title='bbox 1637 3559 1760 3598; x_wconf 89' lang='lat' dir='ltr'><strong>cum</strong></span> <span class='ocrx_word' id='word_1_489' title='bbox 1783 3543 1855 3598; x_wconf 87' lang='lat' dir='ltr'><strong>sit</strong></span> <span class='ocrx_word' id='word_1_490' title='bbox 1882 3543 1987 3597; x_wconf 87' lang='lat' dir='ltr'><strong>mi-</strong></span> 
     </span>
    </p>
   </div>
   <div class='ocr_carea' id='block_1_68' title="bbox 402 3635 1986 3707">
    <p class='ocr_par' dir='ltr' id='par_1_68' title="bbox 402 3635 1986 3707">
     <span class='ocr_line' id='line_1_68' title="bbox 402 3635 1986 3707; baseline -0.003 -15"><span class='ocrx_word' id='word_1_491' title='bbox 402 3646 561 3692; x_wconf 80' lang='lat' dir='ltr'><strong>stum.</strong></span> <span class='ocrx_word' id='word_1_492' title='bbox 589 3635 722 3691; x_wconf 85' lang='lat' dir='ltr'><strong>Nam</strong></span> <span class='ocrx_word' id='word_1_493' title='bbox 751 3637 796 3692; x_wconf 88' lang='lat' dir='ltr'><strong>si</strong></span> <span class='ocrx_word' id='word_1_494' title='bbox 819 3637 1141 3707; x_wconf 84' lang='lat' dir='ltr'><strong>principium</strong></span> <span class='ocrx_word' id='word_1_495' title='bbox 1169 3646 1400 3707; x_wconf 86' lang='lat' dir='ltr'><strong>spectes,</strong></span> <span class='ocrx_word' id='word_1_496' title='bbox 1421 3635 1585 3690; x_wconf 91' lang='lat' dir='ltr'><strong>invite</strong></span> <span class='ocrx_word' id='word_1_497' title='bbox 1601 3635 1659 3690; x_wconf 86' lang='lat' dir='ltr'><strong>tit</strong></span> <span class='ocrx_word' id='word_1_498' title='bbox 1683 3651 1696 3700; x_wconf 93' lang='lat'>;</span> <span class='ocrx_word' id='word_1_499' title='bbox 1724 3637 1768 3690; x_wconf 89' lang='lat' dir='ltr'><strong>si</strong></span> <span class='ocrx_word' id='word_1_500' title='bbox 1803 3635 1986 3699; x_wconf 83' lang='lat' dir='ltr'><strong>tinem,</strong></span> 
     </span>
    </p>
   </div>
   <div class='ocr_carea' id='block_1_69' title="bbox 403 3726 1985 3798">
    <p class='ocr_par' dir='ltr' id='par_1_69' title="bbox 403 3726 1985 3798">
     <span class='ocr_line' id='line_1_69' title="bbox 403 3726 1985 3798; baseline -0.001 -16"><span class='ocrx_word' id='word_1_501' title='bbox 403 3738 613 3798; x_wconf 85' lang='lat' dir='ltr'><strong>sponte.</strong></span> <span class='ocrx_word' id='word_1_502' title='bbox 643 3726 776 3781; x_wconf 89' lang='lat' dir='ltr'><strong>Nam</strong></span> <span class='ocrx_word' id='word_1_503' title='bbox 802 3729 943 3796; x_wconf 91' lang='lat' dir='ltr'><strong>quod</strong></span> <span class='ocrx_word' id='word_1_504' title='bbox 974 3729 1143 3784; x_wconf 89' lang='lat' dir='ltr'><strong>invite</strong></span> <span class='ocrx_word' id='word_1_505' title='bbox 1166 3729 1587 3798; x_wconf 87' lang='lat' dir='ltr'><strong>suscipiebatur,</strong></span> <span class='ocrx_word' id='word_1_506' title='bbox 1631 3729 1810 3783; x_wconf 83' lang='lat' dir='ltr'><strong>exitus</strong></span> <span class='ocrx_word' id='word_1_507' title='bbox 1831 3727 1985 3794; x_wconf 84' lang='lat' dir='ltr'><strong>fecit,</strong></span> 
     </span>
    </p>
   </div>
   <div class='ocr_carea' id='block_1_70' title="bbox 403 3819 1986 3891">
    <p class='ocr_par' dir='ltr' id='par_1_70' title="bbox 403 3819 1986 3891">
     <span class='ocr_line' id='line_1_70' title="bbox 403 3819 1986 3891; baseline -0.001 -18"><span class='ocrx_word' id='word_1_508' title='bbox 403 3829 463 3873; x_wconf 87' lang='lat' dir='ltr'><strong>ut</strong></span> <span class='ocrx_word' id='word_1_509' title='bbox 496 3826 686 3887; x_wconf 90' lang='lat' dir='ltr'><strong>sponte</strong></span> <span class='ocrx_word' id='word_1_510' title='bbox 732 3819 933 3875; x_wconf 78' lang='lat' dir='ltr'><strong>factum</strong></span> <span class='ocrx_word' id='word_1_511' title='bbox 988 3820 1256 3876; x_wconf 89' lang='lat' dir='ltr'><strong>videatur.</strong></span> <span class='ocrx_word' id='word_1_512' title='bbox 1301 3819 1477 3888; x_wconf 90' lang='lat' dir='ltr'><strong>Quare</strong></span> <span class='ocrx_word' id='word_1_513' title='bbox 1520 3821 1664 3891; x_wconf 88' lang='lat' dir='ltr'><strong>quod</strong></span> <span class='ocrx_word' id='word_1_514' title='bbox 1688 3819 1857 3874; x_wconf 90' lang='lat' dir='ltr'><strong>invite</strong></span> <span class='ocrx_word' id='word_1_515' title='bbox 1906 3819 1986 3884; x_wconf 82' lang='lat' dir='ltr'><strong>ﬁt,</strong></span> 
     </span>
    </p>
   </div>
   <div class='ocr_carea' id='block_1_71' title="bbox 405 3911 1989 3982">
    <p class='ocr_par' dir='ltr' id='par_1_71' title="bbox 405 3911 1989 3982">
     <span class='ocr_line' id='line_1_71' title="bbox 405 3911 1989 3982; baseline -0.001 -16"><span class='ocrx_word' id='word_1_516' title='bbox 405 3911 668 3968; x_wconf 80' lang='lat' dir='ltr'><strong>deﬁniunt</strong></span> <span class='ocrx_word' id='word_1_517' title='bbox 704 3914 869 3967; x_wconf 85' lang='lat' dir='ltr'><strong>etiam</strong></span> <span class='ocrx_word' id='word_1_518' title='bbox 896 3913 1010 3968; x_wconf 91' lang='lat' dir='ltr'><strong>sic:</strong></span> <span class='ocrx_word' id='word_1_519' title='bbox 1065 3911 1239 3967; x_wconf 85' lang='lat' dir='ltr'><strong>lnvite</strong></span> <span class='ocrx_word' id='word_1_520' title='bbox 1294 3913 1495 3968; x_wconf 77' lang='lat' dir='ltr'><strong>factum</strong></span> <span class='ocrx_word' id='word_1_521' title='bbox 1531 3925 1616 3968; x_wconf 88' lang='lat' dir='ltr'><strong>est</strong></span> <span class='ocrx_word' id='word_1_522' title='bbox 1650 3911 1813 3982; x_wconf 86' lang='lat' dir='ltr'><strong>quod,</strong></span> <span class='ocrx_word' id='word_1_523' title='bbox 1851 3926 1989 3980; x_wconf 78' lang='lat' dir='ltr'><strong>prae-</strong></span> 
     </span>
    </p>
   </div>
   <div class='ocr_carea' id='block_1_72' title="bbox 379 4003 1984 4078">
    <p class='ocr_par' dir='ltr' id='par_1_72' title="bbox 379 4003 1984 4078">
     <span class='ocr_line' id='line_1_72' title="bbox 379 4003 1984 4078; baseline -0.002 -19"><span class='ocrx_word' id='word_1_524' title='bbox 379 4049 381 4051; x_wconf 90' lang='lat'><strong>.</strong></span> <span class='ocrx_word' id='word_1_525' title='bbox 407 4014 652 4077; x_wconf 86' lang='lat' dir='ltr'><strong>terquam</strong></span> <span class='ocrx_word' id='word_1_526' title='bbox 680 4006 824 4078; x_wconf 89' lang='lat' dir='ltr'><strong>quod</strong></span> <span class='ocrx_word' id='word_1_527' title='bbox 881 4015 1072 4078; x_wconf 89' lang='lat' dir='ltr'><strong>sponte</strong></span> <span class='ocrx_word' id='word_1_528' title='bbox 1130 4021 1236 4060; x_wconf 90' lang='lat' dir='ltr'><strong>non</strong></span> <span class='ocrx_word' id='word_1_529' title='bbox 1269 4014 1354 4062; x_wconf 86' lang='lat' dir='ltr'><strong>est</strong></span> <span class='ocrx_word' id='word_1_530' title='bbox 1383 4012 1717 4074; x_wconf 88' lang='lat' dir='ltr'><strong>susceptum,</strong></span> <span class='ocrx_word' id='word_1_531' title='bbox 1738 4003 1984 4058; x_wconf 90' lang='lat' dir='ltr'><strong>dolorem</strong></span> 
     </span>
    </p>
   </div>
   <div class='ocr_carea' id='block_1_73' title="bbox 2088 3267 3673 3348">
    <p class='ocr_par' dir='ltr' id='par_1_73' title="bbox 2088 3267 3673 3348">
     <span class='ocr_line' id='line_1_73' title="bbox 2088 3267 3673 3348; baseline -0.006 -18"><span class='ocrx_word' id='word_1_532' title='bbox 2088 3276 2225 3348; x_wconf 84' lang='grc' dir='ltr'>εἴδη·</span> <span class='ocrx_word' id='word_1_533' title='bbox 2251 3275 2310 3328; x_wconf 78' lang='grc' dir='ltr'><strong>ἓν</strong></span> <span class='ocrx_word' id='word_1_534' title='bbox 2341 3276 2440 3347; x_wconf 82' lang='grc' dir='ltr'><strong>μὲν</strong></span> <span class='ocrx_word' id='word_1_535' title='bbox 2462 3274 2524 3328; x_wconf 76' lang='grc' dir='ltr'><strong>τὸ</strong></span> <span class='ocrx_word' id='word_1_536' title='bbox 2549 3274 2648 3345; x_wconf 86' lang='grc' dir='ltr'><strong>οὑχ</strong></span> <span class='ocrx_word' id='word_1_537' title='bbox 2672 3272 2943 3338; x_wconf 77' lang='grc' dir='ltr'>ἑκούσιον,</span> <span class='ocrx_word' id='word_1_538' title='bbox 2970 3272 3158 3342; x_wconf 74' lang='grc' dir='ltr'>ἕτερον</span> <span class='ocrx_word' id='word_1_539' title='bbox 3211 3270 3266 3322; x_wconf 82' lang='grc' dir='ltr'>δὲ</span> <span class='ocrx_word' id='word_1_540' title='bbox 3307 3267 3367 3321; x_wconf 71' lang='grc' dir='ltr'>τὸ</span> <span class='ocrx_word' id='word_1_541' title='bbox 3392 3267 3673 3321; x_wconf 75' lang='grc' dir='ltr'>ἀκούσιον.</span> 
     </span>
    </p>
   </div>
   <div class='ocr_carea' id='block_1_74' title="bbox 2083 3357 3673 3437">
    <p class='ocr_par' dir='ltr' id='par_1_74' title="bbox 2083 3357 3673 3437">
     <span class='ocr_line' id='line_1_74' title="bbox 2083 3357 3673 3437; baseline -0.006 -18"><span class='ocrx_word' id='word_1_542' title='bbox 2083 3364 2380 3437; x_wconf 86' lang='grc' dir='ltr'>Πρόκειται</span> <span class='ocrx_word' id='word_1_543' title='bbox 2406 3364 2464 3417; x_wconf 87' lang='grc' dir='ltr'><strong>δέ</strong></span> <span class='ocrx_word' id='word_1_544' title='bbox 2481 3362 2578 3416; x_wconf 77' lang='grc' dir='ltr'><strong>νῦν</strong></span> <span class='ocrx_word' id='word_1_545' title='bbox 2595 3364 2770 3416; x_wconf 79' lang='grc' dir='ltr'>εἰπεῖν</span> <span class='ocrx_word' id='word_1_546' title='bbox 2793 3379 2861 3414; x_wconf 85' lang='grc' dir='ltr'><strong>πε</strong></span> <span class='ocrx_word' id='word_1_547' title='bbox 2871 3361 2923 3432; x_wconf 85' lang='lat' dir='ltr'><strong>pt</strong></span> <span class='ocrx_word' id='word_1_548' title='bbox 2948 3359 3110 3431; x_wconf 88' lang='grc' dir='ltr'>μόνου</span> <span class='ocrx_word' id='word_1_549' title='bbox 3138 3357 3232 3412; x_wconf 82' lang='grc' dir='ltr'><strong>τοῦ</strong></span> <span class='ocrx_word' id='word_1_550' title='bbox 3256 3357 3513 3411; x_wconf 81' lang='grc' dir='ltr'>ἀκουσίου</span> <span class='ocrx_word' id='word_1_551' title='bbox 3539 3357 3673 3428; x_wconf 88' lang='lat'><strong>(75).</strong></span> 
     </span>
    </p>
   </div>
   <div class='ocr_carea' id='block_1_75' title="bbox 2083 3449 3673 3528">
    <p class='ocr_par' dir='ltr' id='par_1_75' title="bbox 2083 3449 3673 3528">
     <span class='ocr_line' id='line_1_75' title="bbox 2083 3449 3673 3528; baseline -0.006 -17"><span class='ocrx_word' id='word_1_552' title='bbox 2083 3458 2158 3510; x_wconf 82' lang='grc' dir='ltr'>Τὸ</span> <span class='ocrx_word' id='word_1_553' title='bbox 2194 3457 2303 3528; x_wconf 82' lang='grc' dir='ltr'><strong>γὰρ</strong></span> <span class='ocrx_word' id='word_1_554' title='bbox 2340 3457 2441 3527; x_wconf 89' lang='grc' dir='ltr'><strong>οὑχ</strong></span> <span class='ocrx_word' id='word_1_555' title='bbox 2474 3454 2722 3509; x_wconf 80' lang='grc' dir='ltr'>ἑκούσιον</span> <span class='ocrx_word' id='word_1_556' title='bbox 2749 3457 2863 3517; x_wconf 87' lang='grc' dir='ltr'>τοῖς</span> <span class='ocrx_word' id='word_1_557' title='bbox 2904 3452 3178 3515; x_wconf 79' lang='grc' dir='ltr'>ἑκουσίοις</span> <span class='ocrx_word' id='word_1_558' title='bbox 3219 3450 3419 3522; x_wconf 80' lang='grc' dir='ltr'>μᾶλλον</span> <span class='ocrx_word' id='word_1_559' title='bbox 3462 3449 3673 3518; x_wconf 83' lang='grc' dir='ltr'>ὑπάγε-</span> 
     </span>
    </p>
   </div>
   <div class='ocr_carea' id='block_1_76' title="bbox 2089 3540 3676 3619">
    <p class='ocr_par' dir='ltr' id='par_1_76' title="bbox 2089 3540 3676 3619">
     <span class='ocr_line' id='line_1_76' title="bbox 2089 3540 3676 3619; baseline -0.005 -17"><span class='ocrx_word' id='word_1_560' title='bbox 2089 3567 2201 3614; x_wconf 81' lang='grc' dir='ltr'>ται,</span> <span class='ocrx_word' id='word_1_561' title='bbox 2241 3548 2432 3619; x_wconf 81' lang='grc' dir='ltr'>μικτὸν</span> <span class='ocrx_word' id='word_1_562' title='bbox 2479 3547 2744 3619; x_wconf 85' lang='grc' dir='ltr'>ὑπάρχον.</span> <span class='ocrx_word' id='word_1_563' title='bbox 2779 3545 2889 3616; x_wconf 85' lang='grc' dir='ltr'><strong>Τὴν</strong></span> <span class='ocrx_word' id='word_1_564' title='bbox 2928 3545 3026 3616; x_wconf 77' lang='grc' dir='ltr'><strong>μὲν</strong></span> <span class='ocrx_word' id='word_1_565' title='bbox 3053 3543 3165 3615; x_wconf 79' lang='grc' dir='ltr'><strong>γάρ</strong></span> <span class='ocrx_word' id='word_1_566' title='bbox 3207 3542 3382 3614; x_wconf 81' lang='grc' dir='ltr'>ἀρχὴν</span> <span class='ocrx_word' id='word_1_567' title='bbox 3420 3540 3676 3594; x_wconf 84' lang='grc' dir='ltr'>ἀκούσιον</span> 
     </span>
    </p>
   </div>
   <div class='ocr_carea' id='block_1_77' title="bbox 2090 3625 3673 3709">
    <p class='ocr_par' dir='ltr' id='par_1_77' title="bbox 2090 3625 3673 3709">
     <span class='ocr_line' id='line_1_77' title="bbox 2090 3625 3673 3709; baseline -0.01 -18"><span class='ocrx_word' id='word_1_568' title='bbox 2090 3640 2222 3709; x_wconf 76' lang='grc' dir='ltr'>ἔχει’</span> <span class='ocrx_word' id='word_1_569' title='bbox 2251 3638 2312 3690; x_wconf 80' lang='grc' dir='ltr'>τὸ</span> <span class='ocrx_word' id='word_1_570' title='bbox 2333 3637 2389 3690; x_wconf 82' lang='grc' dir='ltr'><strong>δὲ</strong></span> <span class='ocrx_word' id='word_1_571' title='bbox 2417 3636 2590 3700; x_wconf 79' lang='grc' dir='ltr'>τέλος,</span> <span class='ocrx_word' id='word_1_572' title='bbox 2615 3634 2883 3688; x_wconf 78' lang='grc' dir='ltr'>ἑκούσιον.</span> <span class='ocrx_word' id='word_1_573' title='bbox 2929 3631 3021 3695; x_wconf 79' lang='grc' dir='ltr'>Ἐξ</span> <span class='ocrx_word' id='word_1_574' title='bbox 3045 3629 3367 3692; x_wconf 78' lang='grc' dir='ltr'>ἀποϐάσεως</span> <span class='ocrx_word' id='word_1_575' title='bbox 3387 3627 3498 3698; x_wconf 82' lang='grc' dir='ltr'>γὰρ</span> <span class='ocrx_word' id='word_1_576' title='bbox 3518 3625 3673 3680; x_wconf 84' lang='grc' dir='ltr'>ἐκού-</span> 
     </span>
    </p>
   </div>
   <div class='ocr_carea' id='block_1_78' title="bbox 2090 3719 3669 3801">
    <p class='ocr_par' dir='ltr' id='par_1_78' title="bbox 2090 3719 3669 3801">
     <span class='ocr_line' id='line_1_78' title="bbox 2090 3719 3669 3801; baseline -0.009 -15"><span class='ocrx_word' id='word_1_577' title='bbox 2090 3749 2204 3786; x_wconf 90' lang='grc' dir='ltr'>σιον</span> <span class='ocrx_word' id='word_1_578' title='bbox 2227 3733 2420 3801; x_wconf 82' lang='grc' dir='ltr'>γέγονε</span> <span class='ocrx_word' id='word_1_579' title='bbox 2437 3731 2500 3785; x_wconf 79' lang='grc' dir='ltr'>τὸ</span> <span class='ocrx_word' id='word_1_580' title='bbox 2525 3730 2799 3783; x_wconf 86' lang='grc' dir='ltr'>ἀκούσιον.</span> <span class='ocrx_word' id='word_1_581' title='bbox 2825 3726 2916 3780; x_wconf 74' lang='grc' dir='ltr'><strong>Διὸ</strong></span> <span class='ocrx_word' id='word_1_582' title='bbox 2942 3726 3037 3779; x_wconf 75' lang='grc' dir='ltr'>καὶ</span> <span class='ocrx_word' id='word_1_583' title='bbox 3060 3723 3233 3786; x_wconf 74' lang='grc' dir='ltr'>οὑτως</span> <span class='ocrx_word' id='word_1_584' title='bbox 3248 3723 3521 3794; x_wconf 82' lang='grc' dir='ltr'>ὁρίζονται</span> <span class='ocrx_word' id='word_1_585' title='bbox 3554 3719 3669 3791; x_wconf 69' lang='grc'>(74)</span> 
     </span>
    </p>
   </div>
   <div class='ocr_carea' id='block_1_79' title="bbox 2090 3813 3671 3888">
    <p class='ocr_par' dir='ltr' id='par_1_79' title="bbox 2090 3813 3671 3888">
     <span class='ocr_line' id='line_1_79' title="bbox 2090 3813 3671 3888; baseline -0.008 -8"><span class='ocrx_word' id='word_1_586' title='bbox 2090 3825 2152 3879; x_wconf 81' lang='grc' dir='ltr'><strong>τὸ</strong></span> <span class='ocrx_word' id='word_1_587' title='bbox 2187 3825 2440 3879; x_wconf 85' lang='grc' dir='ltr'>ἀκούσιον</span> <span class='ocrx_word' id='word_1_588' title='bbox 2468 3840 2484 3855; x_wconf 78' lang='grc' dir='ltr'>ο</span> <span class='ocrx_word' id='word_1_589' title='bbox 2522 3821 2798 3876; x_wconf 85' lang='grc' dir='ltr'>Ἀκούσιόν</span> <span class='ocrx_word' id='word_1_590' title='bbox 2846 3821 2962 3873; x_wconf 87' lang='grc' dir='ltr'>ἐστι</span> <span class='ocrx_word' id='word_1_591' title='bbox 3009 3818 3094 3877; x_wconf 84' lang='grc' dir='ltr'>τὸ,</span> <span class='ocrx_word' id='word_1_592' title='bbox 3144 3817 3282 3888; x_wconf 81' lang='grc' dir='ltr'>πρὸς</span> <span class='ocrx_word' id='word_1_593' title='bbox 3316 3815 3395 3888; x_wconf 82' lang='grc' dir='ltr'>τῷ</span> <span class='ocrx_word' id='word_1_594' title='bbox 3446 3814 3521 3885; x_wconf 83' lang='grc' dir='ltr'>μὴ</span> <span class='ocrx_word' id='word_1_595' title='bbox 3559 3813 3671 3883; x_wconf 82' lang='grc'>(75)</span> 
     </span>
    </p>
   </div>
   <div class='ocr_carea' id='block_1_80' title="bbox 2091 3903 3668 3979">
    <p class='ocr_par' dir='ltr' id='par_1_80' title="bbox 2091 3903 3668 3979">
     <span class='ocr_line' id='line_1_80' title="bbox 2091 3903 3668 3979; baseline -0.008 -11"><span class='ocrx_word' id='word_1_596' title='bbox 2091 3915 2340 3970; x_wconf 87' lang='grc' dir='ltr'>ἐκούσιον</span> <span class='ocrx_word' id='word_1_597' title='bbox 2364 3911 2526 3978; x_wconf 78' lang='grc' dir='ltr'>εἶναι,</span> <span class='ocrx_word' id='word_1_598' title='bbox 2545 3913 2804 3966; x_wconf 85' lang='grc' dir='ltr'>ἐπίλυπον</span> <span class='ocrx_word' id='word_1_599' title='bbox 2823 3909 2882 3962; x_wconf 82' lang='grc' dir='ltr'><strong>ὃν</strong></span> <span class='ocrx_word' id='word_1_600' title='bbox 2904 3910 2998 3963; x_wconf 74' lang='grc' dir='ltr'>καὶ</span> <span class='ocrx_word' id='word_1_601' title='bbox 3015 3911 3073 3962; x_wconf 79' lang='grc' dir='ltr'><strong>ἐν</strong></span> <span class='ocrx_word' id='word_1_602' title='bbox 3100 3904 3456 3979; x_wconf 81' lang='grc' dir='ltr'>μεταμελείᾳ.</span> <span class='ocrx_word' id='word_1_603' title='bbox 3482 3903 3668 3972; x_wconf 84' lang='grc' dir='ltr'>Πάλιν,</span> 
     </span>
    </p>
   </div>
   <div class='ocr_carea' id='block_1_81' title="bbox 2093 3995 3670 4080">
    <p class='ocr_par' dir='ltr' id='par_1_81' title="bbox 2093 3995 3670 4080">
     <span class='ocr_line' id='line_1_81' title="bbox 2093 3995 3670 4080; baseline -0.008 -17"><span class='ocrx_word' id='word_1_604' title='bbox 2093 4008 2223 4064; x_wconf 75' lang='grc' dir='ltr'>ἄλλο</span> <span class='ocrx_word' id='word_1_605' title='bbox 2258 4009 2356 4080; x_wconf 86' lang='grc' dir='ltr'><strong>μέν</strong></span> <span class='ocrx_word' id='word_1_606' title='bbox 2401 4009 2517 4062; x_wconf 87' lang='grc' dir='ltr'>ἐστι</span> <span class='ocrx_word' id='word_1_607' title='bbox 2551 4007 2611 4059; x_wconf 78' lang='grc' dir='ltr'>τὸ</span> <span class='ocrx_word' id='word_1_608' title='bbox 2638 4005 2705 4059; x_wconf 80' lang='grc' dir='ltr'><strong>δι’</strong></span> <span class='ocrx_word' id='word_1_609' title='bbox 2737 4005 2960 4074; x_wconf 80' lang='grc' dir='ltr'>ἄγνοιάν</span> <span class='ocrx_word' id='word_1_610' title='bbox 2989 4002 3102 4074; x_wconf 87' lang='grc'>(76)</span> <span class='ocrx_word' id='word_1_611' title='bbox 3136 4018 3191 4054; x_wconf 88' lang='grc' dir='ltr'>τι</span> <span class='ocrx_word' id='word_1_612' title='bbox 3227 3999 3419 4066; x_wconf 81' lang='grc' dir='ltr'>ποιεῖν,</span> <span class='ocrx_word' id='word_1_613' title='bbox 3444 3996 3568 4052; x_wconf 76' lang='grc' dir='ltr'>ἄλλο</span> <span class='ocrx_word' id='word_1_614' title='bbox 3593 3995 3670 4059; x_wconf 80' lang='grc' dir='ltr'>δέ,</span> 
     </span>
    </p>
   </div>
   <div class='ocr_carea' id='block_1_82' title="bbox 1575 4140 2494 4202">
    <p class='ocr_par' dir='ltr' id='par_1_82' title="bbox 1575 4140 2494 4202">
     <span class='ocr_line' id='line_1_82' title="bbox 1575 4140 2494 4202; baseline 0.007 -6"><span class='ocrx_word' id='word_1_615' title='bbox 1575 4140 1740 4197; x_wconf 76' lang='lat' dir='ltr'><strong>VAR.</strong></span> <span class='ocrx_word' id='word_1_616' title='bbox 1779 4140 1982 4198; x_wconf 88' lang='lat' dir='ltr'><strong>LECT.</strong></span> <span class='ocrx_word' id='word_1_617' title='bbox 2021 4141 2113 4198; x_wconf 87' lang='lat' dir='ltr'><strong>ET</strong></span> <span class='ocrx_word' id='word_1_618' title='bbox 2158 4142 2494 4202; x_wconf 83' lang='lat' dir='ltr'><strong>ANIMADV.</strong></span> 
     </span>
    </p>
   </div>
   <div class='ocr_carea' id='block_1_83' title="bbox 479 4281 1989 4354">
    <p class='ocr_par' dir='ltr' id='par_1_83' title="bbox 479 4281 1989 4354">
     <span class='ocr_line' id='line_1_83' title="bbox 479 4281 1989 4354; baseline -0.001 -18"><span class='ocrx_word' id='word_1_619' title='bbox 479 4281 590 4352; x_wconf 83' lang='lat'><strong>(65)</strong></span> <span class='ocrx_word' id='word_1_620' title='bbox 607 4283 710 4354; x_wconf 72' lang='grc' dir='ltr'><em>Ἔν</em></span> <span class='ocrx_word' id='word_1_621' title='bbox 726 4281 806 4349; x_wconf 83' lang='grc' dir='ltr'><strong>τῷ</strong></span> <span class='ocrx_word' id='word_1_622' title='bbox 820 4285 1164 4354; x_wconf 78' lang='grc' dir='ltr'>μαρτυρεῖν.</span> <span class='ocrx_word' id='word_1_623' title='bbox 1187 4303 1206 4335; x_wconf 77' lang='grc' dir='ltr'><strong>ι</strong></span> <span class='ocrx_word' id='word_1_624' title='bbox 1241 4283 1294 4338; x_wconf 96' lang='lat' dir='ltr'><strong>ln</strong></span> <span class='ocrx_word' id='word_1_625' title='bbox 1324 4281 1646 4353; x_wconf 80' lang='lat' dir='ltr'><strong>perferendo</strong></span> <span class='ocrx_word' id='word_1_626' title='bbox 1674 4282 1989 4354; x_wconf 63' lang='lat' dir='ltr'><strong>martyrio,»</strong></span> 
     </span>
    </p>
   </div>
   <div class='ocr_carea' id='block_1_84' title="bbox 407 4352 1487 4426">
    <p class='ocr_par' dir='ltr' id='par_1_84' title="bbox 407 4352 1487 4426">
     <span class='ocr_line' id='line_1_84' title="bbox 407 4352 1487 4426; baseline 0 -20"><span class='ocrx_word' id='word_1_627' title='bbox 407 4352 702 4426; x_wconf 15' lang='lat' dir='ltr'><strong>Curiatios,</strong></span> <span class='ocrx_word' id='word_1_628' title='bbox 723 4372 736 4407; x_wconf 88' lang='lat'><strong>:</strong></span> <span class='ocrx_word' id='word_1_629' title='bbox 770 4352 962 4425; x_wconf 77' lang='grc' dir='ltr'>μηδεὶς</span> <span class='ocrx_word' id='word_1_630' title='bbox 984 4354 1059 4426; x_wconf 10' lang='grc' dir='ltr'><strong>δέ,</strong></span> <span class='ocrx_word' id='word_1_631' title='bbox 1078 4354 1310 4426; x_wconf 87' lang='grc' dir='ltr'>νομίσει,</span> <span class='ocrx_word' id='word_1_632' title='bbox 1327 4352 1405 4426; x_wconf 14' lang='lat' dir='ltr'><strong>7AA.</strong></span> <span class='ocrx_word' id='word_1_633' title='bbox 1433 4354 1487 4426; x_wconf 55' lang='grc' dir='ltr'><strong>5ζ</strong></span> 
     </span>
    </p>
   </div>
   <div class='ocr_carea' id='block_1_85' title="bbox 481 4423 1517 4495">
    <p class='ocr_par' dir='ltr' id='par_1_85' title="bbox 481 4423 1517 4495">
     <span class='ocr_line' id='line_1_85' title="bbox 481 4423 1517 4495; baseline 0.001 -20"><span class='ocrx_word' id='word_1_634' title='bbox 481 4423 594 4495; x_wconf 51' lang='grc'>(64)</span> <span class='ocrx_word' id='word_1_635' title='bbox 647 4423 993 4495; x_wconf 69' lang='grc' dir='ltr'>Ἑωρακότα.</span> <span class='ocrx_word' id='word_1_636' title='bbox 1049 4423 1336 4495; x_wconf 82' lang='grc' dir='ltr'>Ὥρακότα,</span> <span class='ocrx_word' id='word_1_637' title='bbox 1366 4424 1432 4476; x_wconf 80' lang='grc' dir='ltr'>Α.</span> <span class='ocrx_word' id='word_1_638' title='bbox 1463 4424 1517 4477; x_wconf 84' lang='lat'><strong>5.</strong></span> 
     </span>
    </p>
   </div>
   <div class='ocr_carea' id='block_1_86' title="bbox 2093 4272 3671 4356">
    <p class='ocr_par' dir='ltr' id='par_1_86' title="bbox 2093 4272 3671 4356">
     <span class='ocr_line' id='line_1_86' title="bbox 2093 4272 3671 4356; baseline -0.003 -18"><span class='ocrx_word' id='word_1_639' title='bbox 2093 4284 2430 4356; x_wconf 74' lang='grc' dir='ltr'>γενομένοις,</span> <span class='ocrx_word' id='word_1_640' title='bbox 2470 4284 2537 4338; x_wconf 85' lang='grc' dir='ltr'>Α.</span> <span class='ocrx_word' id='word_1_641' title='bbox 2583 4282 2630 4349; x_wconf 83' lang='lat' dir='ltr'><strong>l,</strong></span> <span class='ocrx_word' id='word_1_642' title='bbox 2669 4283 2726 4348; x_wconf 90' lang='lat'><strong>2,</strong></span> <span class='ocrx_word' id='word_1_643' title='bbox 2771 4283 2834 4337; x_wconf 91' lang='lat' dir='ltr'><strong>D.</strong></span> <span class='ocrx_word' id='word_1_644' title='bbox 2875 4281 2928 4348; x_wconf 79' lang='grc'>1,</span> <span class='ocrx_word' id='word_1_645' title='bbox 2962 4280 3126 4344; x_wconf 82' lang='lat' dir='ltr'><strong>Con.,</strong></span> <span class='ocrx_word' id='word_1_646' title='bbox 3180 4273 3315 4331; x_wconf 70' lang='lat' dir='ltr'><strong>Va&quot;.</strong></span> <span class='ocrx_word' id='word_1_647' title='bbox 3357 4272 3482 4328; x_wconf 73' lang='grc' dir='ltr'>Ἐπί</span> <span class='ocrx_word' id='word_1_648' title='bbox 3522 4273 3671 4328; x_wconf 66' lang='grc' dir='ltr'><strong>θὺθει</strong></span> 
     </span>
    </p>
   </div>
   <div class='ocr_carea' id='block_1_87' title="bbox 2094 4353 3667 4497">
    <p class='ocr_par' dir='ltr' id='par_1_87' title="bbox 2094 4353 3667 4497">
     <span class='ocr_line' id='line_1_87' title="bbox 2094 4353 3667 4497; baseline -0.014 -9"><span class='ocrx_word' id='word_1_649' title='bbox 2094 4356 2289 4497; x_wconf 46' lang='lat'><strong>8018;).</strong></span> <span class='ocrx_word' id='word_1_650' title='bbox 2323 4353 2520 4480; x_wconf 35' lang='lat'><strong>5112.132}:</strong></span> <span class='ocrx_word' id='word_1_651' title='bbox 2561 4423 2887 4497; x_wconf 62' lang='grc' dir='ltr'><strong>ὲκᾴλεᾳᾳν.</strong></span> <span class='ocrx_word' id='word_1_652' title='bbox 2917 4421 3006 4485; x_wconf 82' lang='grc' dir='ltr'>Δὲ,</span> <span class='ocrx_word' id='word_1_653' title='bbox 3053 4432 3180 4497; x_wconf 68' lang='lat' dir='ltr'><strong>post</strong></span> <span class='ocrx_word' id='word_1_654' title='bbox 3197 4415 3571 4497; x_wconf 41' lang='grc' dir='ltr'><strong>ταῦταηεξιιίὶίι</strong></span> 
     </span>
    </p>
   </div>
   <div class='ocr_carea' id='block_1_88' title="bbox 479 4486 1980 4567">
    <p class='ocr_par' dir='ltr' id='par_1_88' title="bbox 479 4486 1980 4567">
     <span class='ocr_line' id='line_1_88' title="bbox 479 4486 1980 4567; baseline -0.001 -18"><span class='ocrx_word' id='word_1_655' title='bbox 479 4486 1016 4567; x_wconf 55' lang='grc' dir='ltr'><strong>(65)]1ιέρέχονται.</strong></span> <span class='ocrx_word' id='word_1_656' title='bbox 1046 4486 1494 4567; x_wconf 68' lang='grc' dir='ltr'>Πὰρέχωνται,οι</span> <span class='ocrx_word' id='word_1_657' title='bbox 1519 4511 1584 4550; x_wconf 78' lang='lat' dir='ltr'><strong>cx</strong></span> <span class='ocrx_word' id='word_1_658' title='bbox 1615 4500 1846 4551; x_wconf 84' lang='lat' dir='ltr'><strong>correct.</strong></span> <span class='ocrx_word' id='word_1_659' title='bbox 1881 4508 1980 4549; x_wconf 89' lang='lat' dir='ltr'><strong>rec.</strong></span> 
     </span>
    </p>
   </div>
   <div class='ocr_carea' id='block_1_89' title="bbox 2100 4486 3666 4567">
    <p class='ocr_par' dir='ltr' id='par_1_89' title="bbox 2101 4486 3666 4567">
     <span class='ocr_line' id='line_1_89' title="bbox 2101 4486 3666 4567; baseline -0.006 -18"><span class='ocrx_word' id='word_1_660' title='bbox 2101 4496 2153 4549; x_wconf 78' lang='grc'>1.</span> <span class='ocrx_word' id='word_1_661' title='bbox 2179 4486 2313 4567; x_wconf 13' lang='grc' dir='ltr'>’,Οὑν</span> <span class='ocrx_word' id='word_1_662' title='bbox 2353 4496 2503 4551; x_wconf 88' lang='lat' dir='ltr'><strong>addit</strong></span> <span class='ocrx_word' id='word_1_663' title='bbox 2547 4498 2610 4549; x_wconf 85' lang='lat' dir='ltr'><strong>A.</strong></span> <span class='ocrx_word' id='word_1_664' title='bbox 2653 4494 2707 4549; x_wconf 92' lang='lat'><strong>5.</strong></span> <span class='ocrx_word' id='word_1_665' title='bbox 2755 4493 2901 4561; x_wconf 84' lang='lat' dir='ltr'><strong>Mox,</strong></span> <span class='ocrx_word' id='word_1_666' title='bbox 2945 4486 3347 4565; x_wconf 82' lang='grc' dir='ltr'>παρακολουθεῖ</span> <span class='ocrx_word' id='word_1_667' title='bbox 3394 4486 3562 4558; x_wconf 82' lang='grc' dir='ltr'>λύπη,</span> <span class='ocrx_word' id='word_1_668' title='bbox 3603 4486 3666 4540; x_wconf 85' lang='lat' dir='ltr'><strong>A.</strong></span> 
     </span>
    </p>
   </div>
   <div class='ocr_carea' id='block_1_90' title="bbox 410 4514 1234 4634">
    <p class='ocr_par' dir='ltr' id='par_1_90' title="bbox 410 4514 1234 4634">
     <span class='ocr_line' id='line_1_90' title="bbox 479 4514 1234 4618; baseline 0.003 -72"><span class='ocrx_word' id='word_1_669' title='bbox 479 4514 594 4562; x_wconf 78' lang='lat' dir='ltr'><strong>(ua)</strong></span> <span class='ocrx_word' id='word_1_670' title='bbox 628 4514 1016 4562; x_wconf 78' lang='grc' dir='ltr'>ιιιιρεχονται.</span> <span class='ocrx_word' id='word_1_671' title='bbox 1046 4514 1234 4618; x_wconf 53' lang='lat' dir='ltr'><strong>&quot;ap?</strong></span> 
     </span>
     <span class='ocr_line' id='line_1_91' title="bbox 410 4564 1231 4634; baseline 0.002 -18"><span class='ocrx_word' id='word_1_672' title='bbox 410 4581 458 4627; x_wconf 92' lang='grc' dir='ltr'>ο,</span> <span class='ocrx_word' id='word_1_673' title='bbox 494 4564 649 4634; x_wconf 40' lang='grc' dir='ltr'><strong>[λι.</strong></span> <span class='ocrx_word' id='word_1_674' title='bbox 684 4564 1058 4634; x_wconf 82' lang='grc' dir='ltr'>Παρέχωνται,</span> <span class='ocrx_word' id='word_1_675' title='bbox 1087 4568 1146 4618; x_wconf 83' lang='grc' dir='ltr'>Α.</span> <span class='ocrx_word' id='word_1_676' title='bbox 1219 4605 1231 4618; x_wconf 97' lang='grc'><strong>.</strong></span> 
     </span>
    </p>
   </div>
   <div class='ocr_carea' id='block_1_91' title="bbox 482 4632 1989 4706">
    <p class='ocr_par' dir='ltr' id='par_1_91' title="bbox 482 4632 1989 4706">
     <span class='ocr_line' id='line_1_92' title="bbox 482 4632 1989 4706; baseline 0 -20"><span class='ocrx_word' id='word_1_677' title='bbox 482 4632 594 4706; x_wconf 80' lang='grc'>(66)</span> <span class='ocrx_word' id='word_1_678' title='bbox 622 4635 751 4706; x_wconf 64' lang='grc' dir='ltr'><strong>⁸Τοιξ</strong></span> <span class='ocrx_word' id='word_1_679' title='bbox 773 4632 901 4706; x_wconf 64' lang='grc' dir='ltr'><strong>’βιᾳ</strong></span> <span class='ocrx_word' id='word_1_680' title='bbox 931 4635 1248 4706; x_wconf 69' lang='grc' dir='ltr'>ᾀκουονίου.</span> <span class='ocrx_word' id='word_1_681' title='bbox 1293 4634 1407 4706; x_wconf 14' lang='grc' dir='ltr'><strong>Τοῦᾲ</strong></span> <span class='ocrx_word' id='word_1_682' title='bbox 1439 4636 1696 4706; x_wconf 75' lang='grc' dir='ltr'>ἀκουσίου</span> <span class='ocrx_word' id='word_1_683' title='bbox 1739 4633 1834 4706; x_wconf 66' lang='grc' dir='ltr'>τοῦ</span> <span class='ocrx_word' id='word_1_684' title='bbox 1877 4634 1989 4706; x_wconf 73' lang='grc' dir='ltr'>βία,</span> 
     </span>
    </p>
   </div>
   <div class='ocr_carea' id='block_1_92' title="bbox 412 4691 1994 4778">
    <p class='ocr_par' dir='ltr' id='par_1_92' title="bbox 412 4691 1994 4778">
     <span class='ocr_line' id='line_1_93' title="bbox 412 4691 1994 4778; baseline -0.001 -21"><span class='ocrx_word' id='word_1_685' title='bbox 521 4691 588 4778; x_wconf 41' lang='grc'><strong>1-,’</strong></span> <span class='ocrx_word' id='word_1_686' title='bbox 615 4703 671 4768; x_wconf 88' lang='grc'>2,</span> <span class='ocrx_word' id='word_1_687' title='bbox 833 4691 910 4778; x_wconf 49' lang='grc'><strong>1.-</strong></span> <span class='ocrx_word' id='word_1_688' title='bbox 935 4704 1054 4778; x_wconf 60' lang='lat' dir='ltr'><strong>Mox</strong></span> <span class='ocrx_word' id='word_1_689' title='bbox 1103 4705 1242 4778; x_wconf 58' lang='lat' dir='ltr'><strong>idem</strong></span> <span class='ocrx_word' id='word_1_690' title='bbox 1291 4704 1665 4778; x_wconf 61' lang='grc' dir='ltr'>ὑπολείπεται.</span> <span class='ocrx_word' id='word_1_691' title='bbox 1708 4704 1845 4778; x_wconf 71' lang='grc' dir='ltr'>Περὶ</span> <span class='ocrx_word' id='word_1_692' title='bbox 1877 4691 1994 4778; x_wconf 35' lang='grc' dir='ltr'>ίμέν</span> 
     </span>
    </p>
   </div>
   <div class='ocr_carea' id='block_1_93' title="bbox 410 4772 1996 4898">
    <p class='ocr_par' dir='ltr' id='par_1_93' title="bbox 410 4772 1996 4898">
     <span class='ocr_line' id='line_1_94' title="bbox 410 4772 1996 4898; baseline 0.001 -72"><span class='ocrx_word' id='word_1_693' title='bbox 410 4772 506 4826; x_wconf 77' lang='grc' dir='ltr'><strong>τοῦ</strong></span> <span class='ocrx_word' id='word_1_694' title='bbox 535 4775 793 4898; x_wconf 54' lang='grc' dir='ltr'><strong>ὁῗουὲίου</strong></span> <span class='ocrx_word' id='word_1_695' title='bbox 819 4772 913 4827; x_wconf 80' lang='grc' dir='ltr'><strong>τοῦ</strong></span> <span class='ocrx_word' id='word_1_696' title='bbox 940 4773 1032 4845; x_wconf 70' lang='grc' dir='ltr'><strong>βίᾳ</strong></span> <span class='ocrx_word' id='word_1_697' title='bbox 1067 4775 1263 4840; x_wconf 82' lang='grc' dir='ltr'>ταῦτα,</span> <span class='ocrx_word' id='word_1_698' title='bbox 1308 4776 1438 4847; x_wconf 62' lang='lat' dir='ltr'><strong>crept</strong></span> <span class='ocrx_word' id='word_1_699' title='bbox 1477 4775 1573 4830; x_wconf 78' lang='grc' dir='ltr'>τοῦ</span> <span class='ocrx_word' id='word_1_700' title='bbox 1601 4808 1670 4818; x_wconf 91' lang='lat'><strong>-——</strong></span> <span class='ocrx_word' id='word_1_701' title='bbox 1707 4772 1996 4830; x_wconf 80' lang='grc' dir='ltr'>ὑπολείπε-</span> 
     </span>
     <span class='ocr_line' id='line_1_95' title="bbox 413 4861 717 4898; baseline 0.003 -1"><span class='ocrx_word' id='word_1_702' title='bbox 413 4861 523 4898; x_wconf 87' lang='grc' dir='ltr'>ται.</span> <span class='ocrx_word' id='word_1_703' title='bbox 603 4887 617 4898; x_wconf 94' lang='grc'><strong>.</strong></span> <span class='ocrx_word' id='word_1_704' title='bbox 704 4885 717 4898; x_wconf 94' lang='grc'><strong>.</strong></span> 
     </span>
    </p>
   </div>
   <div class='ocr_carea' id='block_1_94' title="bbox 413 4861 717 4907">
    <p class='ocr_par' dir='ltr' id='par_1_94' title="bbox 413 4861 717 4907">
     <span class='ocr_line' id='line_1_96' title="bbox 413 4861 717 4907; baseline 0.003 -10"><span class='ocrx_word' id='word_1_705' title='bbox 413 4861 523 4907; x_wconf 88' lang='grc' dir='ltr'>ται,</span> <span class='ocrx_word' id='word_1_706' title='bbox 551 4861 617 4898; x_wconf 71' lang='grc' dir='ltr'>Α.</span> <span class='ocrx_word' id='word_1_707' title='bbox 664 4861 717 4898; x_wconf 80' lang='lat' dir='ltr'><strong>o.</strong></span> 
     </span>
    </p>
   </div>
   <div class='ocr_carea' id='block_1_95' title="bbox 327 4913 1991 4985">
    <p class='ocr_par' dir='ltr' id='par_1_95' title="bbox 327 4913 1991 4985">
     <span class='ocr_line' id='line_1_97' title="bbox 327 4913 1991 4985; baseline 0.001 -19"><span class='ocrx_word' id='word_1_708' title='bbox 327 4920 341 4933; x_wconf 80' lang='lat'><strong><em>‘</em></strong></span> <span class='ocrx_word' id='word_1_709' title='bbox 485 4914 598 4985; x_wconf 80' lang='grc'>(67)</span> <span class='ocrx_word' id='word_1_710' title='bbox 633 4913 767 4983; x_wconf 82' lang='lat' dir='ltr'><strong>Cap.</strong></span> <span class='ocrx_word' id='word_1_711' title='bbox 797 4914 886 4969; x_wconf 84' lang='lat'><strong>5|.</strong></span> <span class='ocrx_word' id='word_1_712' title='bbox 916 4914 1081 4969; x_wconf 77' lang='lat' dir='ltr'><strong>Index</strong></span> <span class='ocrx_word' id='word_1_713' title='bbox 1126 4914 1289 4979; x_wconf 88' lang='lat' dir='ltr'><strong>idem,</strong></span> <span class='ocrx_word' id='word_1_714' title='bbox 1334 4917 1400 4971; x_wconf 82' lang='lat' dir='ltr'><strong>A.</strong></span> <span class='ocrx_word' id='word_1_715' title='bbox 1438 4917 1485 4980; x_wconf 82' lang='grc' dir='ltr'>Ι,</span> <span class='ocrx_word' id='word_1_716' title='bbox 1520 4919 1573 4972; x_wconf 89' lang='lat'><strong>5.</strong></span> <span class='ocrx_word' id='word_1_717' title='bbox 1607 4919 1646 4971; x_wconf 80' lang='grc' dir='ltr'><strong>Α</strong></span> <span class='ocrx_word' id='word_1_718' title='bbox 1691 4932 1834 4970; x_wconf 88' lang='lat' dir='ltr'><strong>man.</strong></span> <span class='ocrx_word' id='word_1_719' title='bbox 1883 4931 1991 4971; x_wconf 92' lang='lat' dir='ltr'><strong>rec.</strong></span> 
     </span>
    </p>
   </div>
   <div class='ocr_carea' id='block_1_96' title="bbox 414 4985 1990 5055">
    <p class='ocr_par' dir='ltr' id='par_1_96' title="bbox 414 4985 1990 5055">
     <span class='ocr_line' id='line_1_98' title="bbox 414 4985 1990 5055; baseline 0.001 -17"><span class='ocrx_word' id='word_1_720' title='bbox 414 4987 467 5038; x_wconf 94' lang='lat' dir='ltr'><strong>in</strong></span> <span class='ocrx_word' id='word_1_721' title='bbox 494 4987 767 5053; x_wconf 73' lang='lat' dir='ltr'><strong>tnarg.,A.</strong></span> <span class='ocrx_word' id='word_1_722' title='bbox 791 4987 845 5040; x_wconf 84' lang='grc'>2.</span> <span class='ocrx_word' id='word_1_723' title='bbox 874 4985 1017 5040; x_wconf 90' lang='lat' dir='ltr'><strong>Idem</strong></span> <span class='ocrx_word' id='word_1_724' title='bbox 1041 4987 1222 5052; x_wconf 80' lang='lat' dir='ltr'><strong>iudex,</strong></span> <span class='ocrx_word' id='word_1_725' title='bbox 1247 4987 1339 5040; x_wconf 88' lang='lat' dir='ltr'><strong>sed</strong></span> <span class='ocrx_word' id='word_1_726' title='bbox 1363 4987 1606 5055; x_wconf 57' lang='lat' dir='ltr'><strong>caputl&#39;,</strong></span> <span class='ocrx_word' id='word_1_727' title='bbox 1629 4987 1686 5041; x_wconf 85' lang='grc' dir='ltr'><strong>Ι).</strong></span> <span class='ocrx_word' id='word_1_728' title='bbox 1720 4986 1768 5040; x_wconf 83' lang='grc'>1.</span> <span class='ocrx_word' id='word_1_729' title='bbox 1797 4987 1990 5053; x_wconf 85' lang='grc' dir='ltr'>Λόγος,</span> 
     </span>
    </p>
   </div>
   <div class='ocr_carea' id='block_1_97' title="bbox 417 5055 1992 5127">
    <p class='ocr_par' dir='ltr' id='par_1_97' title="bbox 417 5055 1992 5127">
     <span class='ocr_line' id='line_1_99' title="bbox 417 5055 1992 5127; baseline 0.001 -19"><span class='ocrx_word' id='word_1_730' title='bbox 417 5056 534 5127; x_wconf 74' lang='lat' dir='ltr'><strong>l_t_)co_</strong></span> <span class='ocrx_word' id='word_1_731' title='bbox 565 5072 714 5124; x_wconf 83' lang='grc' dir='ltr'>κεφ.,</span> <span class='ocrx_word' id='word_1_732' title='bbox 742 5055 811 5112; x_wconf 82' lang='grc' dir='ltr'>Μ.</span> <span class='ocrx_word' id='word_1_733' title='bbox 849 5057 898 5110; x_wconf 80' lang='grc'>1.</span> <span class='ocrx_word' id='word_1_734' title='bbox 933 5055 1202 5127; x_wconf 12' lang='grc' dir='ltr'><strong>υεῄἱῃυὶιο</strong></span> <span class='ocrx_word' id='word_1_735' title='bbox 1231 5074 1322 5125; x_wconf 77' lang='lat' dir='ltr'><strong>per</strong></span> <span class='ocrx_word' id='word_1_736' title='bbox 1345 5059 1716 5127; x_wconf 79' lang='lat' dir='ltr'><strong>ignorantiam.</strong></span> <span class='ocrx_word' id='word_1_737' title='bbox 1745 5056 1877 5127; x_wconf 70' lang='lat' dir='ltr'><strong>Cap.</strong></span> <span class='ocrx_word' id='word_1_738' title='bbox 1903 5056 1992 5122; x_wconf 84' lang='lat'><strong>50,</strong></span> 
     </span>
    </p>
   </div>
   <div class='ocr_carea' id='block_1_98' title="bbox 419 5123 1994 5197">
    <p class='ocr_par' dir='ltr' id='par_1_98' title="bbox 419 5123 1994 5197">
     <span class='ocr_line' id='line_1_100' title="bbox 419 5123 1994 5197; baseline 0 -18"><span class='ocrx_word' id='word_1_739' title='bbox 419 5123 558 5180; x_wconf 82' lang='lat' dir='ltr'><strong>Vall.</strong></span> <span class='ocrx_word' id='word_1_740' title='bbox 593 5123 745 5181; x_wconf 72' lang='lat' dir='ltr'><strong>(Juno</strong></span> <span class='ocrx_word' id='word_1_741' title='bbox 785 5127 974 5197; x_wconf 89' lang='lat' dir='ltr'><strong>incipit</strong></span> <span class='ocrx_word' id='word_1_742' title='bbox 1020 5125 1140 5180; x_wconf 90' lang='lat' dir='ltr'><strong>libri</strong></span> <span class='ocrx_word' id='word_1_743' title='bbox 1182 5123 1385 5195; x_wconf 50' lang='lat' dir='ltr'><strong>v&#39;capf</strong></span> <span class='ocrx_word' id='word_1_744' title='bbox 1427 5127 1485 5190; x_wconf 88' lang='grc'><strong>2,</strong></span> <span class='ocrx_word' id='word_1_745' title='bbox 1531 5126 1606 5181; x_wconf 87' lang='lat' dir='ltr'><strong>De</strong></span> <span class='ocrx_word' id='word_1_746' title='bbox 1639 5123 1994 5179; x_wconf 77' lang='lat' dir='ltr'><strong>involuntario</strong></span> 
     </span>
    </p>
   </div>
   <div class='ocr_carea' id='block_1_99' title="bbox 416 5198 1356 5268">
    <p class='ocr_par' dir='ltr' id='par_1_99' title="bbox 416 5198 1356 5268">
     <span class='ocr_line' id='line_1_101' title="bbox 416 5198 1356 5268; baseline 0.001 -18"><span class='ocrx_word' id='word_1_747' title='bbox 416 5211 508 5268; x_wconf 80' lang='lat' dir='ltr'><strong>per</strong></span> <span class='ocrx_word' id='word_1_748' title='bbox 526 5198 997 5268; x_wconf 3' lang='lat' dir='ltr'><strong>(ignorantiamke‘t</strong></span> <span class='ocrx_word' id='word_1_749' title='bbox 1030 5214 1099 5250; x_wconf 82' lang='lat' dir='ltr'><strong>an</strong></span> <span class='ocrx_word' id='word_1_750' title='bbox 1125 5207 1356 5268; x_wconf 78' lang='lat' dir='ltr'><strong>excuset.</strong></span> 
     </span>
    </p>
   </div>
   <div class='ocr_carea' id='block_1_100' title="bbox 487 5265 1994 5338">
    <p class='ocr_par' dir='ltr' id='par_1_100' title="bbox 487 5265 1994 5338">
     <span class='ocr_line' id='line_1_102' title="bbox 487 5265 1994 5338; baseline -0.003 -16"><span class='ocrx_word' id='word_1_751' title='bbox 487 5265 602 5336; x_wconf 73' lang='lat'><strong>(68)</strong></span> <span class='ocrx_word' id='word_1_752' title='bbox 634 5267 797 5321; x_wconf 86' lang='grc' dir='ltr'><strong>Μετὰ</strong></span> <span class='ocrx_word' id='word_1_753' title='bbox 836 5265 1076 5338; x_wconf 76' lang='grc' dir='ltr'>πρᾶξιν.</span> <span class='ocrx_word' id='word_1_754' title='bbox 1120 5267 1422 5338; x_wconf 18' lang='grc' dir='ltr'>Μετάντὴν</span> <span class='ocrx_word' id='word_1_755' title='bbox 1463 5266 1684 5338; x_wconf 78' lang='grc' dir='ltr'>πρᾶξιν,</span> <span class='ocrx_word' id='word_1_756' title='bbox 1733 5266 1795 5338; x_wconf 71' lang='lat' dir='ltr'><strong>D.</strong></span> <span class='ocrx_word' id='word_1_757' title='bbox 1835 5265 1886 5327; x_wconf 82' lang='lat' dir='ltr'><strong>l,</strong></span> <span class='ocrx_word' id='word_1_758' title='bbox 1910 5266 1994 5338; x_wconf 16' lang='lat' dir='ltr'><strong>7A.</strong></span> 
     </span>
    </p>
   </div>
   <div class='ocr_carea' id='block_1_101' title="bbox 417 5336 1993 5405">
    <p class='ocr_par' dir='ltr' id='par_1_101' title="bbox 417 5336 1993 5405">
     <span class='ocr_line' id='line_1_103' title="bbox 417 5336 1993 5405; baseline -0.002 -11"><span class='ocrx_word' id='word_1_759' title='bbox 417 5340 471 5400; x_wconf 75' lang='grc'>1,</span> <span class='ocrx_word' id='word_1_760' title='bbox 496 5339 554 5403; x_wconf 86' lang='grc'><strong>2,</strong></span> <span class='ocrx_word' id='word_1_761' title='bbox 587 5339 642 5393; x_wconf 87' lang='lat'><strong>5.</strong></span> <span class='ocrx_word' id='word_1_762' title='bbox 680 5338 799 5393; x_wconf 80' lang='lat' dir='ltr'><strong>Mox</strong></span> <span class='ocrx_word' id='word_1_763' title='bbox 831 5336 926 5392; x_wconf 75' lang='grc' dir='ltr'><strong>καὶ</strong></span> <span class='ocrx_word' id='word_1_764' title='bbox 956 5339 1108 5400; x_wconf 83' lang='grc' dir='ltr'>ὅταν,</span> <span class='ocrx_word' id='word_1_765' title='bbox 1139 5338 1254 5389; x_wconf 88' lang='lat' dir='ltr'><strong>loco</strong></span> <span class='ocrx_word' id='word_1_766' title='bbox 1276 5337 1350 5402; x_wconf 85' lang='grc' dir='ltr'>ὡς</span> <span class='ocrx_word' id='word_1_767' title='bbox 1379 5336 1528 5405; x_wconf 76' lang='grc' dir='ltr'>ὅταν,</span> <span class='ocrx_word' id='word_1_768' title='bbox 1565 5337 1635 5392; x_wconf 86' lang='grc' dir='ltr'>Μ.</span> <span class='ocrx_word' id='word_1_769' title='bbox 1666 5337 1717 5391; x_wconf 84' lang='grc'>1.</span> <span class='ocrx_word' id='word_1_770' title='bbox 1755 5336 1993 5392; x_wconf 87' lang='lat' dir='ltr'><strong>Deinde:</strong></span> 
     </span>
    </p>
   </div>
   <div class='ocr_carea' id='block_1_102' title="bbox 413 5406 1489 5478">
    <p class='ocr_par' dir='ltr' id='par_1_102' title="bbox 413 5406 1489 5478">
     <span class='ocr_line' id='line_1_104' title="bbox 413 5406 1489 5478; baseline 0 -16"><span class='ocrx_word' id='word_1_771' title='bbox 413 5409 501 5474; x_wconf 78' lang='grc' dir='ltr'><strong>τὶς</strong></span> <span class='ocrx_word' id='word_1_772' title='bbox 536 5410 634 5478; x_wconf 80' lang='grc' dir='ltr'>μὲν</span> <span class='ocrx_word' id='word_1_773' title='bbox 664 5409 937 5472; x_wconf 83' lang='grc' dir='ltr'>ἀκουσίως</span> <span class='ocrx_word' id='word_1_774' title='bbox 973 5407 1066 5460; x_wconf 84' lang='grc' dir='ltr'><strong>τὸν</strong></span> <span class='ocrx_word' id='word_1_775' title='bbox 1102 5406 1313 5478; x_wconf 80' lang='grc' dir='ltr'>ἐχθρόν,</span> <span class='ocrx_word' id='word_1_776' title='bbox 1340 5410 1406 5462; x_wconf 89' lang='lat' dir='ltr'><strong>A.</strong></span> <span class='ocrx_word' id='word_1_777' title='bbox 1436 5409 1489 5462; x_wconf 85' lang='lat'><strong>5.</strong></span> 
     </span>
    </p>
   </div>
   <div class='ocr_carea' id='block_1_103' title="bbox 490 5478 1999 5549">
    <p class='ocr_par' dir='ltr' id='par_1_103' title="bbox 490 5478 1999 5549">
     <span class='ocr_line' id='line_1_105' title="bbox 490 5478 1999 5549; baseline -0.002 -16"><span class='ocrx_word' id='word_1_778' title='bbox 490 5478 604 5549; x_wconf 83' lang='lat'><strong>(69)</strong></span> <span class='ocrx_word' id='word_1_779' title='bbox 640 5483 938 5548; x_wconf 75' lang='grc' dir='ltr'>Φονεύσῃ.</span> <span class='ocrx_word' id='word_1_780' title='bbox 986 5480 1162 5549; x_wconf 71' lang='lat' dir='ltr'><strong>Alium</strong></span> <span class='ocrx_word' id='word_1_781' title='bbox 1203 5489 1350 5531; x_wconf 76' lang='lat' dir='ltr'><strong>ratus</strong></span> <span class='ocrx_word' id='word_1_782' title='bbox 1403 5478 1662 5534; x_wconf 88' lang='lat' dir='ltr'><strong>occiderit</strong></span> <span class='ocrx_word' id='word_1_783' title='bbox 1705 5497 1720 5534; x_wconf 88' lang='lat'><strong>:</strong></span> <span class='ocrx_word' id='word_1_784' title='bbox 1767 5478 1999 5532; x_wconf 83' lang='lat' dir='ltr'><strong>aliumne</strong></span> 
     </span>
    </p>
   </div>
   <div class='ocr_carea' id='block_1_104' title="bbox 417 5547 1523 5613">
    <p class='ocr_par' dir='ltr' id='par_1_104' title="bbox 417 5547 1523 5613">
     <span class='ocr_line' id='line_1_106' title="bbox 417 5547 1523 5613; baseline -0.003 -8"><span class='ocrx_word' id='word_1_785' title='bbox 417 5547 686 5612; x_wconf 78' lang='lat' dir='ltr'><strong>occiderit.</strong></span> <span class='ocrx_word' id='word_1_786' title='bbox 715 5547 987 5605; x_wconf 74' lang='lat' dir='ltr'><strong>inimicum</strong></span> <span class='ocrx_word' id='word_1_787' title='bbox 1015 5547 1324 5613; x_wconf 80' lang='lat' dir='ltr'><strong>arbitratus,</strong></span> <span class='ocrx_word' id='word_1_788' title='bbox 1359 5549 1523 5604; x_wconf 81' lang='lat' dir='ltr'><strong>Valla.</strong></span> 
     </span>
    </p>
   </div>
   <div class='ocr_carea' id='block_1_105' title="bbox 491 5617 1569 5690">
    <p class='ocr_par' dir='ltr' id='par_1_105' title="bbox 491 5617 1569 5690">
     <span class='ocr_line' id='line_1_107' title="bbox 491 5617 1569 5690; baseline 0.003 -18"><span class='ocrx_word' id='word_1_789' title='bbox 491 5619 604 5690; x_wconf 84' lang='lat'><strong>(70)</strong></span> <span class='ocrx_word' id='word_1_790' title='bbox 637 5622 835 5690; x_wconf 83' lang='grc' dir='ltr'>Χαιρει</span> <span class='ocrx_word' id='word_1_791' title='bbox 859 5620 948 5674; x_wconf 78' lang='grc' dir='ltr'><strong>δέ.</strong></span> <span class='ocrx_word' id='word_1_792' title='bbox 986 5617 1167 5689; x_wconf 85' lang='grc' dir='ltr'>Χαίρῃ</span> <span class='ocrx_word' id='word_1_793' title='bbox 1195 5617 1273 5683; x_wconf 80' lang='grc' dir='ltr'>δέ,</span> <span class='ocrx_word' id='word_1_794' title='bbox 1318 5623 1382 5674; x_wconf 87' lang='grc' dir='ltr'>Α.</span> <span class='ocrx_word' id='word_1_795' title='bbox 1423 5628 1471 5684; x_wconf 88' lang='grc' dir='ltr'>ι,</span> <span class='ocrx_word' id='word_1_796' title='bbox 1514 5621 1569 5675; x_wconf 87' lang='grc'>2.</span> 
     </span>
    </p>
   </div>
   <div class='ocr_carea' id='block_1_106' title="bbox 495 5689 1995 5760">
    <p class='ocr_par' dir='ltr' id='par_1_106' title="bbox 495 5689 1995 5760">
     <span class='ocr_line' id='line_1_108' title="bbox 495 5689 1995 5760; baseline 0.001 -18"><span class='ocrx_word' id='word_1_797' title='bbox 495 5689 610 5760; x_wconf 82' lang='grc'>(71)</span> <span class='ocrx_word' id='word_1_798' title='bbox 643 5689 767 5760; x_wconf 80' lang='grc' dir='ltr'><strong>Οὐχ</strong></span> <span class='ocrx_word' id='word_1_799' title='bbox 791 5691 1042 5744; x_wconf 80' lang='grc' dir='ltr'>ἑκούσια</span> <span class='ocrx_word' id='word_1_800' title='bbox 1079 5719 1148 5729; x_wconf 90' lang='grc'><strong>--</strong></span> <span class='ocrx_word' id='word_1_801' title='bbox 1176 5690 1459 5745; x_wconf 82' lang='grc' dir='ltr'>ἀκούσια.</span> <span class='ocrx_word' id='word_1_802' title='bbox 1495 5691 1721 5755; x_wconf 82' lang='lat' dir='ltr'><strong>Absunt,</strong></span> <span class='ocrx_word' id='word_1_803' title='bbox 1755 5691 1819 5745; x_wconf 87' lang='lat' dir='ltr'><strong>A.</strong></span> <span class='ocrx_word' id='word_1_804' title='bbox 1852 5691 1901 5754; x_wconf 79' lang='grc'>1,</span> <span class='ocrx_word' id='word_1_805' title='bbox 1938 5695 1995 5744; x_wconf 80' lang='grc'>2.</span> 
     </span>
    </p>
   </div>
   <div class='ocr_carea' id='block_1_107' title="bbox 422 5759 1996 5836">
    <p class='ocr_par' dir='ltr' id='par_1_107' title="bbox 422 5759 1996 5836">
     <span class='ocr_line' id='line_1_109' title="bbox 422 5759 1996 5836; baseline -0.002 -17"><span class='ocrx_word' id='word_1_806' title='bbox 422 5759 850 5836; x_wconf 28' lang='grc' dir='ltr'>Οὐίμὲντοικαὶ</span> <span class='ocrx_word' id='word_1_807' title='bbox 892 5760 1121 5821; x_wconf 82' lang='grc' dir='ltr'>ἀκούσια</span> <span class='ocrx_word' id='word_1_808' title='bbox 1162 5761 1364 5819; x_wconf 87' lang='lat' dir='ltr'><strong>omittit</strong></span> <span class='ocrx_word' id='word_1_809' title='bbox 1402 5763 1538 5820; x_wconf 75' lang='lat' dir='ltr'><strong>Vall.</strong></span> <span class='ocrx_word' id='word_1_810' title='bbox 1584 5763 1725 5832; x_wconf 81' lang='lat' dir='ltr'><strong>Mox,</strong></span> <span class='ocrx_word' id='word_1_811' title='bbox 1759 5763 1852 5816; x_wconf 74' lang='grc' dir='ltr'><strong>ἐπὶ</strong></span> <span class='ocrx_word' id='word_1_812' title='bbox 1884 5764 1996 5826; x_wconf 80' lang='grc' dir='ltr'>τοῖς</span> 
     </span>
    </p>
   </div>
   <div class='ocr_carea' id='block_1_108' title="bbox 2135 4607 3668 4708">
    <p class='ocr_par' dir='ltr' id='par_1_108' title="bbox 2135 4607 3668 4708">
     <span class='ocr_line' id='line_1_110' title="bbox 2135 4607 3668 4708; baseline -0.018 -3"><span class='ocrx_word' id='word_1_813' title='bbox 2135 4607 2288 4708; x_wconf 49' lang='lat'><strong>’63)</strong></span> <span class='ocrx_word' id='word_1_814' title='bbox 2323 4636 2463 4708; x_wconf 70' lang='grc' dir='ltr'><strong>Περὶ</strong></span> <span class='ocrx_word' id='word_1_815' title='bbox 2491 4634 2600 4708; x_wconf 77' lang='grc' dir='ltr'><strong>τοῦ</strong></span> <span class='ocrx_word' id='word_1_816' title='bbox 2630 4635 2930 4708; x_wconf 14' lang='grc' dir='ltr'>,ἀκουσίῳ</span> <span class='ocrx_word' id='word_1_817' title='bbox 2958 4635 3168 4704; x_wconf 79' lang='grc' dir='ltr'>μόνον.</span> <span class='ocrx_word' id='word_1_818' title='bbox 3213 4634 3351 4708; x_wconf 80' lang='grc' dir='ltr'>Περὶ</span> <span class='ocrx_word' id='word_1_819' title='bbox 3383 4630 3545 4703; x_wconf 80' lang='grc' dir='ltr'>μόνου</span> <span class='ocrx_word' id='word_1_820' title='bbox 3581 4624 3668 4679; x_wconf 79' lang='grc' dir='ltr'>τοῦ</span> 
     </span>
    </p>
   </div>
   <div class='ocr_carea' id='block_1_109' title="bbox 2097 4704 2930 4770">
    <p class='ocr_par' dir='ltr' id='par_1_109' title="bbox 2097 4704 2930 4770">
     <span class='ocr_line' id='line_1_111' title="bbox 2097 4704 2930 4770; baseline -0.002 -10"><span class='ocrx_word' id='word_1_821' title='bbox 2097 4706 2376 4765; x_wconf 84' lang='grc' dir='ltr'>ἀκουσίου,</span> <span class='ocrx_word' id='word_1_822' title='bbox 2415 4707 2476 4760; x_wconf 91' lang='lat' dir='ltr'><strong>D.</strong></span> <span class='ocrx_word' id='word_1_823' title='bbox 2511 4706 2563 4768; x_wconf 82' lang='grc'>1,</span> <span class='ocrx_word' id='word_1_824' title='bbox 2610 4707 2674 4758; x_wconf 81' lang='grc' dir='ltr'>Α.</span> <span class='ocrx_word' id='word_1_825' title='bbox 2710 4709 2759 4770; x_wconf 83' lang='grc'><strong>1,</strong></span> <span class='ocrx_word' id='word_1_826' title='bbox 2785 4704 2842 4770; x_wconf 88' lang='grc'>2,</span> <span class='ocrx_word' id='word_1_827' title='bbox 2876 4706 2930 4760; x_wconf 88' lang='lat'><strong>5.</strong></span> 
     </span>
    </p>
   </div>
   <div class='ocr_carea' id='block_1_110' title="bbox 2170 4767 3665 4847">
    <p class='ocr_par' dir='ltr' id='par_1_110' title="bbox 2170 4767 3665 4847">
     <span class='ocr_line' id='line_1_112' title="bbox 2170 4767 3665 4847; baseline -0.017 -1"><span class='ocrx_word' id='word_1_828' title='bbox 2170 4776 2283 4847; x_wconf 64' lang='grc'>(74)</span> <span class='ocrx_word' id='word_1_829' title='bbox 2327 4776 2526 4842; x_wconf 82' lang='grc' dir='ltr'><strong>οὕτως</strong></span> <span class='ocrx_word' id='word_1_830' title='bbox 2552 4767 2881 4847; x_wconf 11' lang='grc' dir='ltr'><strong>γλόρίζονῇτάι.</strong></span> <span class='ocrx_word' id='word_1_831' title='bbox 2929 4775 3233 4846; x_wconf 76' lang='grc' dir='ltr'>Ὀρίζονται</span> <span class='ocrx_word' id='word_1_832' title='bbox 3272 4773 3466 4836; x_wconf 78' lang='grc' dir='ltr'>οὕτως,</span> <span class='ocrx_word' id='word_1_833' title='bbox 3510 4771 3572 4822; x_wconf 73' lang='grc' dir='ltr'>Δ.</span> <span class='ocrx_word' id='word_1_834' title='bbox 3613 4767 3665 4822; x_wconf 87' lang='grc'>2.</span> 
     </span>
    </p>
   </div>
   <div class='ocr_carea' id='block_1_111' title="bbox 2098 4845 3148 4911">
    <p class='ocr_par' dir='ltr' id='par_1_111' title="bbox 2098 4845 3148 4911">
     <span class='ocr_line' id='line_1_113' title="bbox 2098 4845 3148 4911; baseline 0.001 -11"><span class='ocrx_word' id='word_1_835' title='bbox 2098 4845 2189 4900; x_wconf 81' lang='grc' dir='ltr'><strong>Διό</strong></span> <span class='ocrx_word' id='word_1_836' title='bbox 2215 4848 2310 4900; x_wconf 75' lang='grc' dir='ltr'>καὶ</span> <span class='ocrx_word' id='word_1_837' title='bbox 2341 4877 2412 4886; x_wconf 88' lang='grc'><strong>--</strong></span> <span class='ocrx_word' id='word_1_838' title='bbox 2436 4845 2693 4900; x_wconf 81' lang='grc' dir='ltr'>ἀκούσιον</span> <span class='ocrx_word' id='word_1_839' title='bbox 2733 4845 2948 4911; x_wconf 83' lang='lat' dir='ltr'><strong>absunt,</strong></span> <span class='ocrx_word' id='word_1_840' title='bbox 2985 4845 3053 4899; x_wconf 79' lang='grc' dir='ltr'>Ᾱ.</span> <span class='ocrx_word' id='word_1_841' title='bbox 3095 4847 3148 4901; x_wconf 83' lang='lat'><strong>&#39;5.</strong></span> 
     </span>
    </p>
   </div>
   <div class='ocr_carea' id='block_1_112' title="bbox 2172 4911 3666 4988">
    <p class='ocr_par' dir='ltr' id='par_1_112' title="bbox 2172 4911 3666 4988">
     <span class='ocr_line' id='line_1_114' title="bbox 2172 4911 3666 4988; baseline -0.004 -19"><span class='ocrx_word' id='word_1_842' title='bbox 2172 4917 2283 4987; x_wconf 80' lang='lat'><strong>(75)</strong></span> <span class='ocrx_word' id='word_1_843' title='bbox 2339 4919 2503 4988; x_wconf 61' lang='grc' dir='ltr'>Ἐστι</span> <span class='ocrx_word' id='word_1_844' title='bbox 2544 4916 2632 4988; x_wconf 35' lang='lat' dir='ltr'><strong>to)</strong></span> <span class='ocrx_word' id='word_1_845' title='bbox 2669 4915 3050 4988; x_wconf 16' lang='grc' dir='ltr'>πρὸςγτῷνμὴ,</span> <span class='ocrx_word' id='word_1_846' title='bbox 3077 4934 3132 4970; x_wconf 90' lang='grc' dir='ltr'><strong>κ.</strong></span> <span class='ocrx_word' id='word_1_847' title='bbox 3157 4937 3210 4972; x_wconf 84' lang='grc' dir='ltr'>τ.</span> <span class='ocrx_word' id='word_1_848' title='bbox 3241 4919 3295 4971; x_wconf 82' lang='grc' dir='ltr'><strong>λ.</strong></span> <span class='ocrx_word' id='word_1_849' title='bbox 3338 4915 3516 4988; x_wconf 83' lang='grc' dir='ltr'>Ἐστιν</span> <span class='ocrx_word' id='word_1_850' title='bbox 3546 4911 3666 4988; x_wconf 34' lang='grc' dir='ltr'><strong>ὃῠμὴ</strong></span> 
     </span>
    </p>
   </div>
   <div class='ocr_carea' id='block_1_113' title="bbox 2100 4978 3668 5060">
    <p class='ocr_par' dir='ltr' id='par_1_113' title="bbox 2100 4978 3668 5060">
     <span class='ocr_line' id='line_1_115' title="bbox 2100 4978 3668 5060; baseline -0.005 -19"><span class='ocrx_word' id='word_1_851' title='bbox 2100 4978 2449 5060; x_wconf 66' lang='grc' dir='ltr'>πρὸς.τᾲ,Ἀ.</span> <span class='ocrx_word' id='word_1_852' title='bbox 2473 4987 2527 5060; x_wconf 80' lang='lat'><strong>5_.</strong></span> <span class='ocrx_word' id='word_1_853' title='bbox 2571 4978 2747 5060; x_wconf 78' lang='grc' dir='ltr'>Ἐστί,</span> <span class='ocrx_word' id='word_1_854' title='bbox 2778 4978 2866 5060; x_wconf 41' lang='grc' dir='ltr'><strong>τὸ.</strong></span> <span class='ocrx_word' id='word_1_855' title='bbox 2985 4978 3123 5060; x_wconf 50' lang='lat' dir='ltr'><strong>sipo;</strong></span> <span class='ocrx_word' id='word_1_856' title='bbox 3149 4989 3212 5041; x_wconf 79' lang='grc' dir='ltr'>τὺ</span> <span class='ocrx_word' id='word_1_857' title='bbox 3249 4984 3494 5041; x_wconf 81' lang='grc' dir='ltr'>ἑκούσιον</span> <span class='ocrx_word' id='word_1_858' title='bbox 3539 4978 3668 5060; x_wconf 66' lang='grc' dir='ltr'>εἶναι</span> 
     </span>
    </p>
   </div>
   <div class='ocr_carea' id='block_1_114' title="bbox 2099 5052 3666 5126">
    <p class='ocr_par' dir='ltr' id='par_1_114' title="bbox 2099 5052 3666 5126">
     <span class='ocr_line' id='line_1_116' title="bbox 2099 5052 3666 5126; baseline -0.006 -13"><span class='ocrx_word' id='word_1_859' title='bbox 2099 5052 2194 5113; x_wconf 75' lang='grc' dir='ltr'><strong>καὶ</strong></span> <span class='ocrx_word' id='word_1_860' title='bbox 2221 5057 2482 5111; x_wconf 86' lang='grc' dir='ltr'>ἐπίλυπον</span> <span class='ocrx_word' id='word_1_861' title='bbox 2507 5056 2566 5109; x_wconf 80' lang='grc' dir='ltr'><strong>ὃν</strong></span> <span class='ocrx_word' id='word_1_862' title='bbox 2605 5057 2700 5109; x_wconf 73' lang='grc' dir='ltr'>καὶ</span> <span class='ocrx_word' id='word_1_863' title='bbox 2733 5058 2812 5121; x_wconf 85' lang='grc' dir='ltr'><strong>ἐν,</strong></span> <span class='ocrx_word' id='word_1_864' title='bbox 2837 5052 2898 5112; x_wconf 69' lang='lat' dir='ltr'><strong>D.</strong></span> <span class='ocrx_word' id='word_1_865' title='bbox 2931 5052 2983 5114; x_wconf 70' lang='grc' dir='ltr'>Ι.</span> <span class='ocrx_word' id='word_1_866' title='bbox 3026 5052 3137 5121; x_wconf 82' lang='grc' dir='ltr'>Ἑν,</span> <span class='ocrx_word' id='word_1_867' title='bbox 3172 5069 3295 5112; x_wconf 88' lang='lat' dir='ltr'><strong>ante</strong></span> <span class='ocrx_word' id='word_1_868' title='bbox 3328 5052 3666 5126; x_wconf 62' lang='grc' dir='ltr'>μεταμελεία,</span> 
     </span>
    </p>
   </div>
   <div class='ocr_carea' id='block_1_115' title="bbox 2099 5121 3665 5198">
    <p class='ocr_par' dir='ltr' id='par_1_115' title="bbox 2099 5121 3665 5198">
     <span class='ocr_line' id='line_1_117' title="bbox 2099 5121 3665 5198; baseline -0.003 -16"><span class='ocrx_word' id='word_1_869' title='bbox 2099 5127 2402 5183; x_wconf 81' lang='lat' dir='ltr'><strong>omittit&#39;M.</strong></span> <span class='ocrx_word' id='word_1_870' title='bbox 2453 5127 2503 5180; x_wconf 81' lang='grc'>1.</span> <span class='ocrx_word' id='word_1_871' title='bbox 2540 5127 2618 5181; x_wconf 76' lang='lat' dir='ltr'><strong>Ex</strong></span> <span class='ocrx_word' id='word_1_872' title='bbox 2655 5127 2741 5198; x_wconf 74' lang='lat' dir='ltr'><strong>liis</strong></span> <span class='ocrx_word' id='word_1_873' title='bbox 2782 5129 3005 5198; x_wconf 88' lang='lat' dir='ltr'><strong>probavi</strong></span> <span class='ocrx_word' id='word_1_874' title='bbox 3045 5131 3219 5184; x_wconf 88' lang='lat' dir='ltr'><strong>solum</strong></span> <span class='ocrx_word' id='word_1_875' title='bbox 3263 5121 3344 5193; x_wconf 65' lang='grc' dir='ltr'>ὃν,</span> <span class='ocrx_word' id='word_1_876' title='bbox 3393 5121 3510 5198; x_wconf 64' lang='lat' dir='ltr'><strong>loco</strong></span> <span class='ocrx_word' id='word_1_877' title='bbox 3541 5121 3665 5198; x_wconf 57' lang='grc' dir='ltr'>ἐστί.</span> 
     </span>
    </p>
   </div>
   <div class='ocr_carea' id='block_1_116' title="bbox 2101 5190 3662 5268">
    <p class='ocr_par' dir='ltr' id='par_1_116' title="bbox 2101 5190 3662 5268">
     <span class='ocr_line' id='line_1_118' title="bbox 2101 5190 3662 5268; baseline -0.003 -17"><span class='ocrx_word' id='word_1_878' title='bbox 2101 5198 2156 5253; x_wconf 89' lang='lat' dir='ltr'><strong>Si</strong></span> <span class='ocrx_word' id='word_1_879' title='bbox 2198 5198 2320 5268; x_wconf 84' lang='lat' dir='ltr'><strong>quis</strong></span> <span class='ocrx_word' id='word_1_880' title='bbox 2357 5208 2534 5268; x_wconf 88' lang='lat' dir='ltr'><strong>tamen</strong></span> <span class='ocrx_word' id='word_1_881' title='bbox 2575 5197 2692 5257; x_wconf 78' lang='grc' dir='ltr'>ἐστί</span> <span class='ocrx_word' id='word_1_882' title='bbox 2735 5190 2885 5252; x_wconf 65' lang='lat' dir='ltr'><strong>m&#39;alit</strong></span> <span class='ocrx_word' id='word_1_883' title='bbox 2925 5198 3181 5260; x_wconf 82' lang='lat' dir='ltr'><strong>retinere,</strong></span> <span class='ocrx_word' id='word_1_884' title='bbox 3223 5190 3350 5251; x_wconf 82' lang='lat' dir='ltr'><strong>ante</strong></span> <span class='ocrx_word' id='word_1_885' title='bbox 3390 5194 3529 5266; x_wconf 82' lang='grc' dir='ltr'>πρὸς</span> <span class='ocrx_word' id='word_1_886' title='bbox 3573 5190 3662 5263; x_wconf 85' lang='grc' dir='ltr'><strong>τῷ,</strong></span> 
     </span>
    </p>
   </div>
   <div class='ocr_carea' id='block_1_117' title="bbox 2102 5267 3664 5335">
    <p class='ocr_par' dir='ltr' id='par_1_117' title="bbox 2102 5267 3664 5335">
     <span class='ocr_line' id='line_1_119' title="bbox 2102 5267 3664 5335; baseline -0.004 -13"><span class='ocrx_word' id='word_1_887' title='bbox 2102 5267 2322 5335; x_wconf 20' lang='lat' dir='ltr'><strong>locoita,</strong></span> <span class='ocrx_word' id='word_1_888' title='bbox 2349 5267 2694 5323; x_wconf 85' lang='lat' dir='ltr'><strong>scribendum</strong></span> <span class='ocrx_word' id='word_1_889' title='bbox 2725 5277 2807 5322; x_wconf 87' lang='lat' dir='ltr'><strong>est</strong></span> <span class='ocrx_word' id='word_1_890' title='bbox 2833 5268 2883 5321; x_wconf 83' lang='grc' dir='ltr'>ὅ.</span> <span class='ocrx_word' id='word_1_891' title='bbox 2921 5268 3103 5324; x_wconf 86' lang='lat' dir='ltr'><strong>Couo:</strong></span> <span class='ocrx_word' id='word_1_892' title='bbox 3128 5269 3546 5322; x_wconf 85' lang='lat' dir='ltr'><strong>lnvoluntarium</strong></span> <span class='ocrx_word' id='word_1_893' title='bbox 3572 5272 3664 5327; x_wconf 84' lang='lat' dir='ltr'><strong>est,</strong></span> 
     </span>
    </p>
   </div>
   <div class='ocr_carea' id='block_1_118' title="bbox 2100 5335 3668 5410">
    <p class='ocr_par' dir='ltr' id='par_1_118' title="bbox 2100 5335 3668 5410">
     <span class='ocr_line' id='line_1_120' title="bbox 2100 5335 3668 5410; baseline -0.005 -16"><span class='ocrx_word' id='word_1_894' title='bbox 2100 5341 2243 5410; x_wconf 91' lang='lat' dir='ltr'><strong>quod</strong></span> <span class='ocrx_word' id='word_1_895' title='bbox 2278 5354 2398 5410; x_wconf 86' lang='lat' dir='ltr'><strong>cum</strong></span> <span class='ocrx_word' id='word_1_896' title='bbox 2441 5339 2804 5393; x_wconf 77' lang='lat' dir='ltr'><strong>Voltmtal&#39;itlm</strong></span> <span class='ocrx_word' id='word_1_897' title='bbox 2835 5338 2927 5403; x_wconf 89' lang='lat' dir='ltr'><strong>sit,</strong></span> <span class='ocrx_word' id='word_1_898' title='bbox 2971 5340 3253 5410; x_wconf 82' lang='lat' dir='ltr'><strong>tristitiam</strong></span> <span class='ocrx_word' id='word_1_899' title='bbox 3287 5348 3342 5410; x_wconf 86' lang='lat' dir='ltr'><strong>et</strong></span> <span class='ocrx_word' id='word_1_900' title='bbox 3387 5335 3668 5410; x_wconf 83' lang='lat' dir='ltr'><strong>paenitudi-</strong></span> 
     </span>
    </p>
   </div>
   <div class='ocr_carea' id='block_1_119' title="bbox 2100 5409 3666 5481">
    <p class='ocr_par' dir='ltr' id='par_1_119' title="bbox 2100 5409 3666 5481">
     <span class='ocr_line' id='line_1_121' title="bbox 2100 5409 3666 5481; baseline -0.005 -18"><span class='ocrx_word' id='word_1_901' title='bbox 2100 5409 2224 5464; x_wconf 90' lang='lat' dir='ltr'><strong>nem</strong></span> <span class='ocrx_word' id='word_1_902' title='bbox 2267 5409 2440 5463; x_wconf 78' lang='lat' dir='ltr'><strong>aﬂert.</strong></span> <span class='ocrx_word' id='word_1_903' title='bbox 2492 5410 2630 5479; x_wconf 80' lang='lat' dir='ltr'><strong>Ergo</strong></span> <span class='ocrx_word' id='word_1_904' title='bbox 2672 5411 2820 5481; x_wconf 87' lang='lat' dir='ltr'><strong>deest</strong></span> <span class='ocrx_word' id='word_1_905' title='bbox 2861 5409 2977 5481; x_wconf 80' lang='grc' dir='ltr'>μή.</span> <span class='ocrx_word' id='word_1_906' title='bbox 3027 5409 3179 5464; x_wconf 79' lang='lat' dir='ltr'><strong>Valla</strong></span> <span class='ocrx_word' id='word_1_907' title='bbox 3233 5427 3248 5464; x_wconf 88' lang='lat'><strong>:</strong></span> <span class='ocrx_word' id='word_1_908' title='bbox 3293 5409 3521 5481; x_wconf 74' lang='lat' dir='ltr'><strong>Invitum</strong></span> <span class='ocrx_word' id='word_1_909' title='bbox 3569 5413 3666 5481; x_wconf 76' lang='lat' dir='ltr'><strong>est,</strong></span> 
     </span>
    </p>
   </div>
   <div class='ocr_carea' id='block_1_120' title="bbox 2099 5475 3664 5604">
    <p class='ocr_par' dir='ltr' id='par_1_120' title="bbox 2099 5475 3664 5604">
     <span class='ocr_line' id='line_1_122' title="bbox 2099 5475 3664 5550; baseline -0.002 -19"><span class='ocrx_word' id='word_1_910' title='bbox 2099 5481 2266 5550; x_wconf 87' lang='lat' dir='ltr'><strong>quod,</strong></span> <span class='ocrx_word' id='word_1_911' title='bbox 2309 5475 2966 5549; x_wconf 65' lang='lat' dir='ltr'><strong>quonianfvoluntarium</strong></span> <span class='ocrx_word' id='word_1_912' title='bbox 3014 5495 3116 5533; x_wconf 94' lang='lat' dir='ltr'><strong>non</strong></span> <span class='ocrx_word' id='word_1_913' title='bbox 3157 5489 3263 5546; x_wconf 90' lang='lat' dir='ltr'><strong>est,</strong></span> <span class='ocrx_word' id='word_1_914' title='bbox 3309 5475 3664 5548; x_wconf 69' lang='lat' dir='ltr'><strong>a&#39;grimoniatn</strong></span> 
     </span>
     <span class='ocr_line' id='line_1_123' title="bbox 2102 5549 3664 5604; baseline -0.001 0"><span class='ocrx_word' id='word_1_915' title='bbox 2102 5549 2282 5604; x_wconf 71' lang='lat' dir='ltr'><strong>affert.</strong></span> <span class='ocrx_word' id='word_1_916' title='bbox 2308 5559 2363 5604; x_wconf 90' lang='lat' dir='ltr'><strong>et</strong></span> <span class='ocrx_word' id='word_1_917' title='bbox 2395 5565 2559 5604; x_wconf 88' lang='lat' dir='ltr'><strong>norro</strong></span> <span class='ocrx_word' id='word_1_918' title='bbox 2586 5550 2729 5604; x_wconf 79' lang='lat' dir='ltr'><strong>quod</strong></span> <span class='ocrx_word' id='word_1_919' title='bbox 2759 5549 2810 5602; x_wconf 91' lang='lat' dir='ltr'><strong>in</strong></span> <span class='ocrx_word' id='word_1_920' title='bbox 2845 5550 3163 5604; x_wconf 61' lang='lat' dir='ltr'><strong>paenitentia</strong></span> <span class='ocrx_word' id='word_1_921' title='bbox 3210 5549 3532 5603; x_wconf 87' lang='lat' dir='ltr'><strong>collocatum</strong></span> <span class='ocrx_word' id='word_1_922' title='bbox 3569 5554 3664 5602; x_wconf 87' lang='lat' dir='ltr'><strong>est.</strong></span> 
     </span>
    </p>
   </div>
   <div class='ocr_carea' id='block_1_121' title="bbox 2102 5563 3664 5616">
    <p class='ocr_par' dir='ltr' id='par_1_121' title="bbox 2102 5563 3664 5616">
     <span class='ocr_line' id='line_1_124' title="bbox 2102 5563 3664 5616; baseline -0.002 -11"><span class='ocrx_word' id='word_1_923' title='bbox 2102 5563 2282 5616; x_wconf 86' lang='lat' dir='ltr'><strong>auert,</strong></span> <span class='ocrx_word' id='word_1_924' title='bbox 2308 5563 2363 5604; x_wconf 88' lang='lat' dir='ltr'><strong>et</strong></span> <span class='ocrx_word' id='word_1_925' title='bbox 2395 5565 2559 5616; x_wconf 90' lang='lat' dir='ltr'><strong>porro</strong></span> <span class='ocrx_word' id='word_1_926' title='bbox 2586 5563 2729 5616; x_wconf 81' lang='lat' dir='ltr'><strong>quoa</strong></span> <span class='ocrx_word' id='word_1_927' title='bbox 2759 5564 2810 5602; x_wconf 92' lang='lat' dir='ltr'><strong>m</strong></span> <span class='ocrx_word' id='word_1_928' title='bbox 2845 5563 3163 5616; x_wconf 75' lang='lat' dir='ltr'><strong>pmmtcnna</strong></span> <span class='ocrx_word' id='word_1_929' title='bbox 3210 5563 3532 5603; x_wconf 75' lang='lat' dir='ltr'><strong>collocatum</strong></span> <span class='ocrx_word' id='word_1_930' title='bbox 3569 5563 3664 5616; x_wconf 77' lang='lat' dir='ltr'><strong>est.</strong></span> 
     </span>
    </p>
   </div>
   <div class='ocr_carea' id='block_1_122' title="bbox 2170 5565 3661 5690">
    <p class='ocr_par' dir='ltr' id='par_1_122' title="bbox 2170 5565 3661 5690">
     <span class='ocr_line' id='line_1_125' title="bbox 2170 5565 3661 5619; baseline 0 -17"><span class='ocrx_word' id='word_1_931' title='bbox 2170 5565 2282 5616; x_wconf 86' lang='lat' dir='ltr'><strong>:ert,</strong></span> <span class='ocrx_word' id='word_1_932' title='bbox 2308 5565 2363 5604; x_wconf 86' lang='lat' dir='ltr'><strong>et</strong></span> <span class='ocrx_word' id='word_1_933' title='bbox 2395 5565 2559 5618; x_wconf 89' lang='lat' dir='ltr'><strong>porro</strong></span> <span class='ocrx_word' id='word_1_934' title='bbox 2586 5565 2729 5616; x_wconf 88' lang='lat' dir='ltr'><strong>quou</strong></span> <span class='ocrx_word' id='word_1_935' title='bbox 2759 5565 2810 5602; x_wconf 92' lang='lat' dir='ltr'><strong>m</strong></span> <span class='ocrx_word' id='word_1_936' title='bbox 2845 5565 3163 5619; x_wconf 62' lang='lat' dir='ltr'><strong>paenitentia</strong></span> <span class='ocrx_word' id='word_1_937' title='bbox 3210 5565 3532 5603; x_wconf 79' lang='lat' dir='ltr'><strong>collocatum</strong></span> <span class='ocrx_word' id='word_1_938' title='bbox 3569 5565 3661 5602; x_wconf 78' lang='lat' dir='ltr'><strong>est.</strong></span> 
     </span>
     <span class='ocr_line' id='line_1_126' title="bbox 2170 5614 3661 5690; baseline -0.002 -16"><span class='ocrx_word' id='word_1_939' title='bbox 2170 5620 2284 5690; x_wconf 88' lang='grc'>(76)</span> <span class='ocrx_word' id='word_1_940' title='bbox 2336 5620 2501 5675; x_wconf 88' lang='grc' dir='ltr'>Ἐστι</span> <span class='ocrx_word' id='word_1_941' title='bbox 2551 5619 2625 5673; x_wconf 80' lang='grc' dir='ltr'><strong>δι’</strong></span> <span class='ocrx_word' id='word_1_942' title='bbox 2651 5619 2919 5689; x_wconf 75' lang='grc' dir='ltr'>ἄγνοιαν.</span> <span class='ocrx_word' id='word_1_943' title='bbox 2965 5621 3110 5674; x_wconf 88' lang='grc' dir='ltr'>Ἐστι</span> <span class='ocrx_word' id='word_1_944' title='bbox 3143 5621 3205 5674; x_wconf 83' lang='grc' dir='ltr'>τὸ</span> <span class='ocrx_word' id='word_1_945' title='bbox 3241 5621 3306 5674; x_wconf 86' lang='grc' dir='ltr'>δι’</span> <span class='ocrx_word' id='word_1_946' title='bbox 3340 5619 3578 5690; x_wconf 70' lang='grc' dir='ltr'>ἄγνοιαν,</span> <span class='ocrx_word' id='word_1_947' title='bbox 3604 5614 3661 5671; x_wconf 85' lang='lat' dir='ltr'><strong>D.</strong></span> 
     </span>
    </p>
   </div>
   <div class='ocr_carea' id='block_1_123' title="bbox 2101 5685 3662 5766">
    <p class='ocr_par' dir='ltr' id='par_1_123' title="bbox 2101 5685 3662 5766">
     <span class='ocr_line' id='line_1_127' title="bbox 2101 5685 3662 5766; baseline -0.003 -21"><span class='ocrx_word' id='word_1_948' title='bbox 2101 5695 2151 5766; x_wconf 53' lang='grc' dir='ltr'>ᾖ.</span> <span class='ocrx_word' id='word_1_949' title='bbox 2182 5685 2328 5766; x_wconf 51' lang='grc' dir='ltr'><strong>Μέχ,</strong></span> <span class='ocrx_word' id='word_1_950' title='bbox 2346 5694 2554 5766; x_wconf 11' lang='grc' dir='ltr'>,ποεεῖεη</span> <span class='ocrx_word' id='word_1_951' title='bbox 2586 5691 2680 5744; x_wconf 76' lang='grc' dir='ltr'><strong>καὶ</strong></span> <span class='ocrx_word' id='word_1_952' title='bbox 2699 5685 2835 5746; x_wconf 69' lang='grc' dir='ltr'>’ἄλλο</span> <span class='ocrx_word' id='word_1_953' title='bbox 2857 5691 3240 5760; x_wconf 70' lang='grc' dir='ltr'>ἀγνοοῦντα,ω</span> <span class='ocrx_word' id='word_1_954' title='bbox 3263 5685 3407 5756; x_wconf 75' lang='lat' dir='ltr'><strong>mox,</strong></span> <span class='ocrx_word' id='word_1_955' title='bbox 3433 5685 3662 5766; x_wconf 68' lang='grc' dir='ltr'>ὑπάρχῃ,</span> 
     </span>
    </p>
   </div>
   <div class='ocr_carea' id='block_1_124' title="bbox 2102 5757 2486 5839">
    <p class='ocr_par' dir='ltr' id='par_1_124' title="bbox 2102 5757 2486 5839">
     <span class='ocr_line' id='line_1_128' title="bbox 2102 5757 2486 5839; baseline -0.008 -22"><span class='ocrx_word' id='word_1_956' title='bbox 2102 5763 2218 5819; x_wconf 87' lang='lat' dir='ltr'><strong>loco</strong></span> <span class='ocrx_word' id='word_1_957' title='bbox 2333 5764 2393 5816; x_wconf 84' lang='lat' dir='ltr'><strong>A.</strong></span> <span class='ocrx_word' id='word_1_958' title='bbox 2434 5762 2486 5815; x_wconf 80' lang='lat'><strong>5.</strong></span> 
     </span>
    </p>
   </div>
  </div>
