  <div class='ocr_page' id='page_1' title='image "/cluster/home/n/w/nwhite01/storage/ocr_20150623/40/hvd.32044073501850/409.png"; bbox 0 0 3890 6274; ppageno 0'>
   <div class='ocr_carea' id='block_1_1' title="bbox 400 326 513 384">
    <p class='ocr_par' dir='ltr' id='par_1_1' title="bbox 400 326 513 384">
     <span class='ocr_line' id='line_1_1' title="bbox 400 326 513 384; baseline -0.018 0"><span class='ocrx_word' id='word_1_1' title='bbox 400 326 513 384; x_wconf 77' lang='lat'><strong>803</strong></span> 
     </span>
    </p>
   </div>
   <div class='ocr_carea' id='block_1_2' title="bbox 1542 299 2512 363">
    <p class='ocr_par' dir='ltr' id='par_1_2' title="bbox 1542 299 2512 363">
     <span class='ocr_line' id='line_1_2' title="bbox 1542 299 2512 363; baseline -0.007 -1"><span class='ocrx_word' id='word_1_2' title='bbox 1542 305 1820 363; x_wconf 76' lang='lat' dir='ltr'><strong>NEMESII</strong></span> <span class='ocrx_word' id='word_1_3' title='bbox 1858 303 2170 363; x_wconf 78' lang='lat' dir='ltr'><strong>EPISCOPI</strong></span> <span class='ocrx_word' id='word_1_4' title='bbox 2208 299 2512 357; x_wconf 64' lang='lat' dir='ltr'><strong>EMESENI</strong></span> 
     </span>
    </p>
   </div>
   <div class='ocr_carea' id='block_1_3' title="bbox 3574 289 3692 347">
    <p class='ocr_par' dir='ltr' id='par_1_3' title="bbox 3574 289 3692 347">
     <span class='ocr_line' id='line_1_3' title="bbox 3574 289 3692 347; baseline -0.008 0"><span class='ocrx_word' id='word_1_5' title='bbox 3574 289 3692 347; x_wconf 60' lang='lat'><strong>804</strong></span> 
     </span>
    </p>
   </div>
   <div class='ocr_carea' id='block_1_4' title="bbox 398 408 1998 505">
    <p class='ocr_par' dir='ltr' id='par_1_4' title="bbox 398 424 1956 505">
     <span class='ocr_line' id='line_1_4' title="bbox 398 424 1956 505; baseline -0.013 -8"><span class='ocrx_word' id='word_1_6' title='bbox 398 443 661 497; x_wconf 86' lang='lat' dir='ltr'><strong>adversus</strong></span> <span class='ocrx_word' id='word_1_7' title='bbox 683 432 1040 505; x_wconf 69' lang='lat' dir='ltr'><strong>providentiae</strong></span> <span class='ocrx_word' id='word_1_8' title='bbox 1076 441 1242 499; x_wconf 83' lang='lat' dir='ltr'><strong>opera</strong></span> <span class='ocrx_word' id='word_1_9' title='bbox 1296 425 1510 490; x_wconf 92' lang='lat' dir='ltr'><strong>nititur,</strong></span> <span class='ocrx_word' id='word_1_10' title='bbox 1558 439 1680 480; x_wconf 89' lang='lat' dir='ltr'><strong>cum</strong></span> <span class='ocrx_word' id='word_1_11' title='bbox 1712 438 1783 480; x_wconf 90' lang='lat' dir='ltr'><strong>ne</strong></span> <span class='ocrx_word' id='word_1_12' title='bbox 1808 424 1956 479; x_wconf 88' lang='lat' dir='ltr'><strong>homi</strong></span> 
     </span>
    </p>
   </div>
   <div class='ocr_carea' id='block_1_5' title="bbox 2111 408 3695 505">
    <p class='ocr_par' dir='ltr' id='par_1_5' title="bbox 2111 408 3695 505">
     <span class='ocr_line' id='line_1_5' title="bbox 2111 408 3695 505; baseline -0.009 -29"><span class='ocrx_word' id='word_1_13' title='bbox 2111 423 2204 485; x_wconf 80' lang='grc' dir='ltr'><strong>τοῖς</strong></span> <span class='ocrx_word' id='word_1_14' title='bbox 2228 421 2329 491; x_wconf 85' lang='grc' dir='ltr'><strong>τῆς</strong></span> <span class='ocrx_word' id='word_1_15' title='bbox 2360 416 2620 491; x_wconf 81' lang='grc' dir='ltr'><strong>προνοίας</strong></span> <span class='ocrx_word' id='word_1_16' title='bbox 2649 414 2835 485; x_wconf 78' lang='grc' dir='ltr'><strong>ἔργοις</strong></span> <span class='ocrx_word' id='word_1_17' title='bbox 2863 413 2998 484; x_wconf 91' lang='grc'>(66),</span> <span class='ocrx_word' id='word_1_18' title='bbox 3029 413 3058 466; x_wconf 85' lang='grc' dir='ltr'><strong>ό</strong></span> <span class='ocrx_word' id='word_1_19' title='bbox 3076 411 3224 505; x_wconf 53' lang='grc' dir='ltr'><strong>Δμηδὲ</strong></span> <span class='ocrx_word' id='word_1_20' title='bbox 3249 412 3375 505; x_wconf 70' lang='grc' dir='ltr'><strong>ταὲ</strong></span> <span class='ocrx_word' id='word_1_21' title='bbox 3401 408 3695 505; x_wconf 71' lang='grc' dir='ltr'><strong>ἀνθρωπί-</strong></span> 
     </span>
    </p>
   </div>
   <div class='ocr_carea' id='block_1_6' title="bbox 400 513 1986 597">
    <p class='ocr_par' dir='ltr' id='par_1_6' title="bbox 400 513 1986 597">
     <span class='ocr_line' id='line_1_6' title="bbox 400 513 1986 597; baseline -0.013 -9"><span class='ocrx_word' id='word_1_22' title='bbox 400 545 536 588; x_wconf 82' lang='lat' dir='ltr'><strong>num</strong></span> <span class='ocrx_word' id='word_1_23' title='bbox 564 527 783 597; x_wconf 84' lang='lat' dir='ltr'><strong>quidem</strong></span> <span class='ocrx_word' id='word_1_24' title='bbox 836 523 1043 590; x_wconf 83' lang='lat' dir='ltr'><strong>legibus</strong></span> <span class='ocrx_word' id='word_1_25' title='bbox 1093 518 1289 571; x_wconf 87' lang='lat' dir='ltr'><strong>audeat</strong></span> <span class='ocrx_word' id='word_1_26' title='bbox 1340 514 1647 569; x_wconf 75' lang='lat' dir='ltr'><strong>obsistere?</strong></span> <span class='ocrx_word' id='word_1_27' title='bbox 1693 513 1986 583; x_wconf 87' lang='lat' dir='ltr'><strong>ltaquebis</strong></span> 
     </span>
    </p>
   </div>
   <div class='ocr_carea' id='block_1_7' title="bbox 399 604 1980 676">
    <p class='ocr_par' dir='ltr' id='par_1_7' title="bbox 399 604 1980 676">
     <span class='ocr_line' id='line_1_7' title="bbox 399 604 1980 676; baseline -0.013 -1"><span class='ocrx_word' id='word_1_28' title='bbox 399 619 679 675; x_wconf 87' lang='lat' dir='ltr'><strong>erroribus</strong></span> <span class='ocrx_word' id='word_1_29' title='bbox 742 612 825 667; x_wconf 87' lang='lat' dir='ltr'><strong>vel</strong></span> <span class='ocrx_word' id='word_1_30' title='bbox 872 610 974 665; x_wconf 87' lang='lat' dir='ltr'><strong>hac</strong></span> <span class='ocrx_word' id='word_1_31' title='bbox 1031 607 1208 676; x_wconf 80' lang='lat' dir='ltr'><strong>potius</strong></span> <span class='ocrx_word' id='word_1_32' title='bbox 1274 604 1550 675; x_wconf 81' lang='lat' dir='ltr'><strong>impietate</strong></span> <span class='ocrx_word' id='word_1_33' title='bbox 1585 604 1980 673; x_wconf 71' lang='lat' dir='ltr'><strong>praetermissa,</strong></span> 
     </span>
    </p>
   </div>
   <div class='ocr_carea' id='block_1_8' title="bbox 399 697 1989 773">
    <p class='ocr_par' dir='ltr' id='par_1_8' title="bbox 399 697 1989 773">
     <span class='ocr_line' id='line_1_8' title="bbox 399 697 1989 773; baseline -0.011 -5"><span class='ocrx_word' id='word_1_34' title='bbox 399 710 772 773; x_wconf 76' lang='lat' dir='ltr'><strong>ostendamus,</strong></span> <span class='ocrx_word' id='word_1_35' title='bbox 829 719 934 759; x_wconf 92' lang='lat' dir='ltr'><strong>non</strong></span> <span class='ocrx_word' id='word_1_36' title='bbox 972 709 1124 756; x_wconf 92' lang='lat' dir='ltr'><strong>recte</strong></span> <span class='ocrx_word' id='word_1_37' title='bbox 1181 714 1276 754; x_wconf 89' lang='lat' dir='ltr'><strong>eos</strong></span> <span class='ocrx_word' id='word_1_38' title='bbox 1329 713 1358 753; x_wconf 89' lang='lat' dir='ltr'><strong>a</strong></span> <span class='ocrx_word' id='word_1_39' title='bbox 1389 698 1551 753; x_wconf 83' lang='lat' dir='ltr'><strong>rebus</strong></span> <span class='ocrx_word' id='word_1_40' title='bbox 1608 697 1834 768; x_wconf 84' lang='lat' dir='ltr'><strong>singulis</strong></span> <span class='ocrx_word' id='word_1_41' title='bbox 1858 711 1989 766; x_wconf 91' lang='lat' dir='ltr'><strong>pro-</strong></span> 
     </span>
    </p>
   </div>
   <div class='ocr_carea' id='block_1_9' title="bbox 401 786 1988 858">
    <p class='ocr_par' dir='ltr' id='par_1_9' title="bbox 401 786 1988 858">
     <span class='ocr_line' id='line_1_9' title="bbox 401 786 1988 858; baseline -0.011 -2"><span class='ocrx_word' id='word_1_42' title='bbox 401 802 696 858; x_wconf 84' lang='lat' dir='ltr'><strong>videntiam</strong></span> <span class='ocrx_word' id='word_1_43' title='bbox 730 808 1034 856; x_wconf 89' lang='lat' dir='ltr'><strong>removere,</strong></span> <span class='ocrx_word' id='word_1_44' title='bbox 1079 806 1200 846; x_wconf 91' lang='lat' dir='ltr'><strong>cum</strong></span> <span class='ocrx_word' id='word_1_45' title='bbox 1241 789 1509 844; x_wconf 81' lang='lat' dir='ltr'><strong>universis</strong></span> <span class='ocrx_word' id='word_1_46' title='bbox 1535 796 1591 841; x_wconf 89' lang='lat' dir='ltr'><strong>et</strong></span> <span class='ocrx_word' id='word_1_47' title='bbox 1647 786 1988 857; x_wconf 79' lang='lat' dir='ltr'><strong>generalibus</strong></span> 
     </span>
    </p>
   </div>
   <div class='ocr_carea' id='block_1_10' title="bbox 401 876 1987 950">
    <p class='ocr_par' dir='ltr' id='par_1_10' title="bbox 401 876 1987 950">
     <span class='ocr_line' id='line_1_10' title="bbox 401 876 1987 950; baseline -0.012 0"><span class='ocrx_word' id='word_1_48' title='bbox 401 911 432 950; x_wconf 86' lang='lat' dir='ltr'><strong>a</strong></span> <span class='ocrx_word' id='word_1_49' title='bbox 469 896 576 949; x_wconf 90' lang='lat' dir='ltr'><strong>Deo</strong></span> <span class='ocrx_word' id='word_1_50' title='bbox 606 888 941 945; x_wconf 84' lang='lat' dir='ltr'><strong>consulatur.</strong></span> <span class='ocrx_word' id='word_1_51' title='bbox 980 884 1074 939; x_wconf 70' lang='lat' dir='ltr'><strong>lla:</strong></span> <span class='ocrx_word' id='word_1_52' title='bbox 1097 884 1242 939; x_wconf 87' lang='lat' dir='ltr'><strong>enint</strong></span> <span class='ocrx_word' id='word_1_53' title='bbox 1290 892 1401 937; x_wconf 88' lang='lat' dir='ltr'><strong>tres</strong></span> <span class='ocrx_word' id='word_1_54' title='bbox 1442 881 1572 937; x_wconf 69' lang='lat' dir='ltr'><strong>solae</strong></span> <span class='ocrx_word' id='word_1_55' title='bbox 1607 894 1785 936; x_wconf 68' lang='lat' dir='ltr'><strong>causa:</strong></span> <span class='ocrx_word' id='word_1_56' title='bbox 1806 876 1987 933; x_wconf 74' lang='lat' dir='ltr'><strong>alierri</strong></span> 
     </span>
    </p>
   </div>
   <div class='ocr_carea' id='block_1_11' title="bbox 400 972 1991 1057">
    <p class='ocr_par' dir='ltr' id='par_1_11' title="bbox 400 972 1991 1057">
     <span class='ocr_line' id='line_1_11' title="bbox 400 972 1991 1057; baseline -0.011 -15"><span class='ocrx_word' id='word_1_57' title='bbox 400 992 654 1057; x_wconf 87' lang='lat' dir='ltr'><strong>possunt,</strong></span> <span class='ocrx_word' id='word_1_58' title='bbox 690 998 787 1038; x_wconf 89' lang='lat' dir='ltr'><strong>cur</strong></span> <span class='ocrx_word' id='word_1_59' title='bbox 819 995 905 1035; x_wconf 89' lang='lat' dir='ltr'><strong>res</strong></span> <span class='ocrx_word' id='word_1_60' title='bbox 945 977 1175 1045; x_wconf 66' lang='lat' dir='ltr'><strong>singulm</strong></span> <span class='ocrx_word' id='word_1_61' title='bbox 1236 976 1329 1030; x_wconf 88' lang='lat' dir='ltr'><strong>Dei</strong></span> <span class='ocrx_word' id='word_1_62' title='bbox 1383 972 1719 1044; x_wconf 82' lang='lat' dir='ltr'><strong>providentia</strong></span> <span class='ocrx_word' id='word_1_63' title='bbox 1774 986 1880 1027; x_wconf 89' lang='lat' dir='ltr'><strong>non</strong></span> <span class='ocrx_word' id='word_1_64' title='bbox 1905 986 1991 1026; x_wconf 86' lang='lat' dir='ltr'><strong>re-</strong></span> 
     </span>
    </p>
   </div>
   <div class='ocr_carea' id='block_1_12' title="bbox 401 1062 1987 1147">
    <p class='ocr_par' dir='ltr' id='par_1_12' title="bbox 401 1062 1987 1147">
     <span class='ocr_line' id='line_1_12' title="bbox 401 1062 1987 1147; baseline -0.008 -19"><span class='ocrx_word' id='word_1_65' title='bbox 401 1086 616 1147; x_wconf 79' lang='lat' dir='ltr'><strong>gantur.</strong></span> <span class='ocrx_word' id='word_1_66' title='bbox 652 1073 757 1128; x_wconf 94' lang='lat' dir='ltr'><strong>Aut</strong></span> <span class='ocrx_word' id='word_1_67' title='bbox 778 1071 922 1128; x_wconf 90' lang='lat' dir='ltr'><strong>enim</strong></span> <span class='ocrx_word' id='word_1_68' title='bbox 949 1070 1116 1125; x_wconf 89' lang='lat' dir='ltr'><strong>Deum</strong></span> <span class='ocrx_word' id='word_1_69' title='bbox 1135 1069 1408 1138; x_wconf 87' lang='lat' dir='ltr'><strong>ignorare,</strong></span> <span class='ocrx_word' id='word_1_70' title='bbox 1434 1075 1639 1119; x_wconf 90' lang='lat' dir='ltr'><strong>rectum</strong></span> <span class='ocrx_word' id='word_1_71' title='bbox 1662 1077 1803 1127; x_wconf 86' lang='lat' dir='ltr'><strong>esse,</strong></span> <span class='ocrx_word' id='word_1_72' title='bbox 1824 1062 1987 1118; x_wconf 90' lang='lat' dir='ltr'><strong>etiam</strong></span> 
     </span>
    </p>
   </div>
   <div class='ocr_carea' id='block_1_13' title="bbox 402 1153 1988 1229">
    <p class='ocr_par' dir='ltr' id='par_1_13' title="bbox 402 1153 1988 1229">
     <span class='ocr_line' id='line_1_13' title="bbox 402 1153 1988 1229; baseline -0.011 -7"><span class='ocrx_word' id='word_1_73' title='bbox 402 1164 845 1229; x_wconf 86' lang='lat' dir='ltr'><strong>illis-consulere,</strong></span> <span class='ocrx_word' id='word_1_74' title='bbox 906 1170 999 1217; x_wconf 89' lang='lat' dir='ltr'><strong>aut</strong></span> <span class='ocrx_word' id='word_1_75' title='bbox 1051 1160 1217 1225; x_wconf 85' lang='lat' dir='ltr'><strong>nolle,</strong></span> <span class='ocrx_word' id='word_1_76' title='bbox 1250 1167 1339 1213; x_wconf 87' lang='lat' dir='ltr'><strong>aut</strong></span> <span class='ocrx_word' id='word_1_77' title='bbox 1407 1170 1514 1210; x_wconf 92' lang='lat' dir='ltr'><strong>non</strong></span> <span class='ocrx_word' id='word_1_78' title='bbox 1551 1169 1732 1223; x_wconf 87' lang='lat' dir='ltr'><strong>posse.</strong></span> <span class='ocrx_word' id='word_1_79' title='bbox 1791 1153 1988 1208; x_wconf 85' lang='lat' dir='ltr'><strong>Verum</strong></span> 
     </span>
    </p>
   </div>
   <div class='ocr_carea' id='block_1_14' title="bbox 404 1248 1991 1329">
    <p class='ocr_par' dir='ltr' id='par_1_14' title="bbox 404 1248 1991 1329">
     <span class='ocr_line' id='line_1_14' title="bbox 404 1248 1991 1329; baseline -0.01 -16"><span class='ocrx_word' id='word_1_80' title='bbox 404 1260 671 1329; x_wconf 85' lang='lat' dir='ltr'><strong>ignoratio</strong></span> <span class='ocrx_word' id='word_1_81' title='bbox 692 1256 915 1326; x_wconf 84' lang='lat' dir='ltr'><strong>quidem</strong></span> <span class='ocrx_word' id='word_1_82' title='bbox 961 1263 1014 1307; x_wconf 89' lang='lat' dir='ltr'><strong>et</strong></span> <span class='ocrx_word' id='word_1_83' title='bbox 1072 1252 1289 1306; x_wconf 85' lang='lat' dir='ltr'><strong>inscitia</strong></span> <span class='ocrx_word' id='word_1_84' title='bbox 1331 1252 1398 1303; x_wconf 91' lang='lat' dir='ltr'><strong>ab</strong></span> <span class='ocrx_word' id='word_1_85' title='bbox 1428 1248 1522 1302; x_wconf 83' lang='lat' dir='ltr'><strong>illa</strong></span> <span class='ocrx_word' id='word_1_86' title='bbox 1581 1248 1739 1301; x_wconf 88' lang='lat' dir='ltr'><strong>beata</strong></span> <span class='ocrx_word' id='word_1_87' title='bbox 1798 1252 1991 1299; x_wconf 88' lang='lat' dir='ltr'><strong>natura</strong></span> 
     </span>
    </p>
   </div>
   <div class='ocr_carea' id='block_1_15' title="bbox 405 1337 1990 1410">
    <p class='ocr_par' dir='ltr' id='par_1_15' title="bbox 405 1337 1990 1410">
     <span class='ocr_line' id='line_1_15' title="bbox 405 1337 1990 1410; baseline -0.012 -4"><span class='ocrx_word' id='word_1_88' title='bbox 405 1348 743 1405; x_wconf 84' lang='lat' dir='ltr'><strong>alienissima</strong></span> <span class='ocrx_word' id='word_1_89' title='bbox 773 1355 877 1401; x_wconf 91' lang='lat' dir='ltr'><strong>est.</strong></span> <span class='ocrx_word' id='word_1_90' title='bbox 935 1344 1031 1399; x_wconf 80' lang='lat' dir='ltr'><strong>Est</strong></span> <span class='ocrx_word' id='word_1_91' title='bbox 1077 1342 1223 1398; x_wconf 90' lang='lat' dir='ltr'><strong>enim</strong></span> <span class='ocrx_word' id='word_1_92' title='bbox 1273 1340 1503 1410; x_wconf 87' lang='lat' dir='ltr'><strong>ipsamet</strong></span> <span class='ocrx_word' id='word_1_93' title='bbox 1536 1337 1772 1405; x_wconf 85' lang='lat' dir='ltr'><strong>cognitio</strong></span> <span class='ocrx_word' id='word_1_94' title='bbox 1810 1345 1865 1389; x_wconf 92' lang='lat' dir='ltr'><strong>et</strong></span> <span class='ocrx_word' id='word_1_95' title='bbox 1898 1350 1990 1388; x_wconf 87' lang='lat' dir='ltr'><strong>sa-</strong></span> 
     </span>
    </p>
   </div>
   <div class='ocr_carea' id='block_1_16' title="bbox 403 1427 1993 1515">
    <p class='ocr_par' dir='ltr' id='par_1_16' title="bbox 403 1427 1993 1515">
     <span class='ocr_line' id='line_1_16' title="bbox 403 1427 1993 1515; baseline -0.012 -17"><span class='ocrx_word' id='word_1_96' title='bbox 403 1443 610 1515; x_wconf 89' lang='lat' dir='ltr'><strong>pientia</strong></span> <span class='ocrx_word' id='word_1_97' title='bbox 638 1450 690 1495; x_wconf 93' lang='lat' dir='ltr'><strong>et</strong></span> <span class='ocrx_word' id='word_1_98' title='bbox 720 1438 972 1494; x_wconf 89' lang='lat' dir='ltr'><strong>scientia.</strong></span> <span class='ocrx_word' id='word_1_99' title='bbox 999 1436 1187 1505; x_wconf 80' lang='lat' dir='ltr'><strong>Atqui,</strong></span> <span class='ocrx_word' id='word_1_100' title='bbox 1222 1432 1496 1504; x_wconf 89' lang='lat' dir='ltr'><strong>quomodo</strong></span> <span class='ocrx_word' id='word_1_101' title='bbox 1563 1429 1756 1502; x_wconf 84' lang='lat' dir='ltr'><strong>(Deum</strong></span> <span class='ocrx_word' id='word_1_102' title='bbox 1795 1427 1993 1481; x_wconf 75' lang='lat' dir='ltr'><strong>lateant</strong></span> 
     </span>
    </p>
   </div>
   <div class='ocr_carea' id='block_1_17' title="bbox 404 1521 1996 1602">
    <p class='ocr_par' dir='ltr' id='par_1_17' title="bbox 404 1521 1996 1602">
     <span class='ocr_line' id='line_1_17' title="bbox 404 1521 1996 1602; baseline -0.01 -14"><span class='ocrx_word' id='word_1_103' title='bbox 404 1550 469 1589; x_wconf 83' lang='lat' dir='ltr'><strong>ea</strong></span> <span class='ocrx_word' id='word_1_104' title='bbox 503 1548 619 1602; x_wconf 76' lang='lat' dir='ltr'><strong>qua:</strong></span> <span class='ocrx_word' id='word_1_105' title='bbox 650 1529 762 1601; x_wconf 83' lang='lat' dir='ltr'><strong>nec)</strong></span> <span class='ocrx_word' id='word_1_106' title='bbox 788 1530 971 1594; x_wconf 84' lang='lat' dir='ltr'><strong>homo,</strong></span> <span class='ocrx_word' id='word_1_107' title='bbox 1002 1528 1093 1597; x_wconf 87' lang='lat' dir='ltr'><strong>qui</strong></span> <span class='ocrx_word' id='word_1_108' title='bbox 1124 1525 1301 1595; x_wconf 89' lang='lat' dir='ltr'><strong>sapiat</strong></span> <span class='ocrx_word' id='word_1_109' title='bbox 1350 1522 1577 1591; x_wconf 86' lang='lat' dir='ltr'><strong>aliquid,</strong></span> <span class='ocrx_word' id='word_1_110' title='bbox 1612 1521 1847 1589; x_wconf 90' lang='lat' dir='ltr'><strong>ignoret,</strong></span> <span class='ocrx_word' id='word_1_111' title='bbox 1876 1533 1996 1573; x_wconf 88' lang='lat' dir='ltr'><strong>om-</strong></span> 
     </span>
    </p>
   </div>
   <div class='ocr_carea' id='block_1_18' title="bbox 407 1612 1995 1692">
    <p class='ocr_par' dir='ltr' id='par_1_18' title="bbox 407 1612 1995 1692">
     <span class='ocr_line' id='line_1_18' title="bbox 407 1612 1995 1692; baseline -0.013 -9"><span class='ocrx_word' id='word_1_112' title='bbox 407 1628 567 1684; x_wconf 89' lang='lat' dir='ltr'><strong>nibus</strong></span> <span class='ocrx_word' id='word_1_113' title='bbox 597 1624 891 1681; x_wconf 84' lang='lat' dir='ltr'><strong>individuis</strong></span> <span class='ocrx_word' id='word_1_114' title='bbox 923 1619 1277 1692; x_wconf 90' lang='lat' dir='ltr'><strong>pereuntibus</strong></span> <span class='ocrx_word' id='word_1_115' title='bbox 1303 1616 1468 1672; x_wconf 89' lang='lat' dir='ltr'><strong>etiam</strong></span> <span class='ocrx_word' id='word_1_116' title='bbox 1520 1614 1775 1668; x_wconf 89' lang='lat' dir='ltr'><strong>universa</strong></span> <span class='ocrx_word' id='word_1_117' title='bbox 1821 1612 1995 1666; x_wconf 87' lang='lat' dir='ltr'><strong>inter-</strong></span> 
     </span>
    </p>
   </div>
   <div class='ocr_carea' id='block_1_19' title="bbox 407 1705 1997 1778">
    <p class='ocr_par' dir='ltr' id='par_1_19' title="bbox 407 1705 1997 1778">
     <span class='ocr_line' id='line_1_19' title="bbox 407 1705 1997 1778; baseline -0.013 -3"><span class='ocrx_word' id='word_1_118' title='bbox 407 1717 591 1776; x_wconf 81' lang='lat' dir='ltr'><strong>itura?</strong></span> <span class='ocrx_word' id='word_1_119' title='bbox 621 1716 754 1771; x_wconf 84' lang='lat' dir='ltr'><strong>Nam</strong></span> <span class='ocrx_word' id='word_1_120' title='bbox 773 1730 840 1770; x_wconf 82' lang='lat' dir='ltr'><strong>ex</strong></span> <span class='ocrx_word' id='word_1_121' title='bbox 866 1713 1117 1768; x_wconf 88' lang='lat' dir='ltr'><strong>omnibus</strong></span> <span class='ocrx_word' id='word_1_122' title='bbox 1146 1711 1310 1765; x_wconf 82' lang='lat' dir='ltr'><strong>rebus</strong></span> <span class='ocrx_word' id='word_1_123' title='bbox 1339 1707 1568 1778; x_wconf 87' lang='lat' dir='ltr'><strong>singulis</strong></span> <span class='ocrx_word' id='word_1_124' title='bbox 1590 1705 1841 1761; x_wconf 86' lang='lat' dir='ltr'><strong>universa</strong></span> <span class='ocrx_word' id='word_1_125' title='bbox 1864 1718 1997 1759; x_wconf 80' lang='lat' dir='ltr'><strong>con-</strong></span> 
     </span>
    </p>
   </div>
   <div class='ocr_carea' id='block_1_20' title="bbox 2088 498 3692 580">
    <p class='ocr_par' dir='ltr' id='par_1_20' title="bbox 2088 498 3692 580">
     <span class='ocr_line' id='line_1_20' title="bbox 2088 498 3692 580; baseline -0.008 -15"><span class='ocrx_word' id='word_1_126' title='bbox 2088 528 2208 575; x_wconf 88' lang='grc' dir='ltr'><strong>ναις</strong></span> <span class='ocrx_word' id='word_1_127' title='bbox 2250 507 2594 580; x_wconf 78' lang='grc' dir='ltr'>νομοθεσίαις</span> <span class='ocrx_word' id='word_1_128' title='bbox 2635 504 2938 574; x_wconf 79' lang='grc' dir='ltr'><strong>ἀντιλέγειν</strong></span> <span class='ocrx_word' id='word_1_129' title='bbox 3015 500 3267 572; x_wconf 83' lang='grc' dir='ltr'><strong>τολμῶν;</strong></span> <span class='ocrx_word' id='word_1_130' title='bbox 3328 498 3692 570; x_wconf 76' lang='grc' dir='ltr'><strong>Παραλιπόν-</strong></span> 
     </span>
    </p>
   </div>
   <div class='ocr_carea' id='block_1_21' title="bbox 2087 588 3692 671">
    <p class='ocr_par' dir='ltr' id='par_1_21' title="bbox 2087 588 3692 671">
     <span class='ocr_line' id='line_1_21' title="bbox 2087 588 3692 671; baseline -0.007 -16"><span class='ocrx_word' id='word_1_131' title='bbox 2087 619 2180 666; x_wconf 85' lang='grc' dir='ltr'><strong>τες</strong></span> <span class='ocrx_word' id='word_1_132' title='bbox 2212 601 2323 671; x_wconf 85' lang='grc'>(67)</span> <span class='ocrx_word' id='word_1_133' title='bbox 2355 595 2449 654; x_wconf 78' lang='grc' dir='ltr'><strong>οὖν</strong></span> <span class='ocrx_word' id='word_1_134' title='bbox 2509 598 2578 652; x_wconf 84' lang='grc' dir='ltr'><strong>τὰ</strong></span> <span class='ocrx_word' id='word_1_135' title='bbox 2606 597 2834 652; x_wconf 81' lang='grc' dir='ltr'><strong>τοιαῦτα</strong></span> <span class='ocrx_word' id='word_1_136' title='bbox 2863 593 3340 666; x_wconf 73' lang='grc' dir='ltr'><strong>πλημμελήματα,</strong></span> <span class='ocrx_word' id='word_1_137' title='bbox 3380 591 3590 663; x_wconf 81' lang='grc' dir='ltr'><strong>μᾶλλον</strong></span> <span class='ocrx_word' id='word_1_138' title='bbox 3629 588 3692 643; x_wconf 75' lang='grc' dir='ltr'><strong>δὲ</strong></span> 
     </span>
    </p>
   </div>
   <div class='ocr_carea' id='block_1_22' title="bbox 2090 682 3697 764">
    <p class='ocr_par' dir='ltr' id='par_1_22' title="bbox 2090 682 3697 764">
     <span class='ocr_line' id='line_1_22' title="bbox 2090 682 3697 764; baseline -0.007 -17"><span class='ocrx_word' id='word_1_139' title='bbox 2090 693 2440 764; x_wconf 78' lang='grc' dir='ltr'><strong>ἀσεϐήματα,</strong></span> <span class='ocrx_word' id='word_1_140' title='bbox 2456 691 2745 761; x_wconf 80' lang='grc' dir='ltr'><strong>δείξωμεν,</strong></span> <span class='ocrx_word' id='word_1_141' title='bbox 2777 689 2853 753; x_wconf 79' lang='grc' dir='ltr'><strong>ὡς</strong></span> <span class='ocrx_word' id='word_1_142' title='bbox 2886 688 2947 742; x_wconf 86' lang='grc' dir='ltr'><strong>οὐ</strong></span> <span class='ocrx_word' id='word_1_143' title='bbox 2964 685 3144 750; x_wconf 87' lang='grc' dir='ltr'><strong>καλῶς</strong></span> <span class='ocrx_word' id='word_1_144' title='bbox 3166 685 3349 749; x_wconf 83' lang='grc' dir='ltr'><strong>αὐτοῖς</strong></span> <span class='ocrx_word' id='word_1_145' title='bbox 3366 682 3697 755; x_wconf 78' lang='grc' dir='ltr'><strong>ἀπρονόητα</strong></span> 
     </span>
    </p>
   </div>
   <div class='ocr_carea' id='block_1_23' title="bbox 2088 773 3697 852">
    <p class='ocr_par' dir='ltr' id='par_1_23' title="bbox 2088 773 3697 852">
     <span class='ocr_line' id='line_1_23' title="bbox 2088 773 3697 852; baseline -0.009 -15"><span class='ocrx_word' id='word_1_146' title='bbox 2088 783 2307 852; x_wconf 88' lang='grc' dir='ltr'><strong>λέγεται</strong></span> <span class='ocrx_word' id='word_1_147' title='bbox 2343 780 2455 852; x_wconf 87' lang='grc'>(68)</span> <span class='ocrx_word' id='word_1_148' title='bbox 2487 780 2556 833; x_wconf 89' lang='grc' dir='ltr'><strong>τά</strong></span> <span class='ocrx_word' id='word_1_149' title='bbox 2585 779 2710 833; x_wconf 80' lang='grc' dir='ltr'><strong>καθ’</strong></span> <span class='ocrx_word' id='word_1_150' title='bbox 2741 778 2971 842; x_wconf 75' lang='grc' dir='ltr'><strong>ἕκαστα,</strong></span> <span class='ocrx_word' id='word_1_151' title='bbox 3002 773 3111 829; x_wconf 86' lang='grc' dir='ltr'><strong>τῶν</strong></span> <span class='ocrx_word' id='word_1_152' title='bbox 3151 773 3380 827; x_wconf 80' lang='grc' dir='ltr'><strong>καθόλου</strong></span> <span class='ocrx_word' id='word_1_153' title='bbox 3410 773 3507 826; x_wconf 74' lang='grc' dir='ltr'><strong>καὶ</strong></span> <span class='ocrx_word' id='word_1_154' title='bbox 3536 787 3697 840; x_wconf 84' lang='grc' dir='ltr'><strong>γενι-</strong></span> 
     </span>
    </p>
   </div>
   <div class='ocr_carea' id='block_1_24' title="bbox 2090 864 3697 946">
    <p class='ocr_par' dir='ltr' id='par_1_24' title="bbox 2090 864 3697 946">
     <span class='ocr_line' id='line_1_24' title="bbox 2090 864 3697 946; baseline -0.008 -15"><span class='ocrx_word' id='word_1_155' title='bbox 2090 876 2205 931; x_wconf 87' lang='grc' dir='ltr'><strong>κῶν</strong></span> <span class='ocrx_word' id='word_1_156' title='bbox 2234 874 2490 946; x_wconf 81' lang='grc' dir='ltr'><strong>προνοίας</strong></span> <span class='ocrx_word' id='word_1_157' title='bbox 2517 871 2918 943; x_wconf 84' lang='grc' dir='ltr'><strong>τυγχανόντων.</strong></span> <span class='ocrx_word' id='word_1_158' title='bbox 2947 868 3110 942; x_wconf 84' lang='grc' dir='ltr'><strong>Τρεῖς</strong></span> <span class='ocrx_word' id='word_1_159' title='bbox 3132 867 3241 939; x_wconf 89' lang='grc' dir='ltr'><strong>γάρ</strong></span> <span class='ocrx_word' id='word_1_160' title='bbox 3270 866 3477 929; x_wconf 89' lang='grc' dir='ltr'><strong>ταύτας</strong></span> <span class='ocrx_word' id='word_1_161' title='bbox 3504 864 3697 929; x_wconf 80' lang='grc' dir='ltr'><strong>αἰτίας</strong></span> 
     </span>
    </p>
   </div>
   <div class='ocr_carea' id='block_1_25' title="bbox 2093 957 3696 1042">
    <p class='ocr_par' dir='ltr' id='par_1_25' title="bbox 2093 957 3696 1042">
     <span class='ocr_line' id='line_1_25' title="bbox 2093 957 3696 1042; baseline -0.008 -19"><span class='ocrx_word' id='word_1_162' title='bbox 2093 969 2262 1042; x_wconf 89' lang='grc' dir='ltr'><strong>μόνας</strong></span> <span class='ocrx_word' id='word_1_163' title='bbox 2314 968 2380 1023; x_wconf 82' lang='grc' dir='ltr'><strong>ἀν</strong></span> <span class='ocrx_word' id='word_1_164' title='bbox 2423 984 2511 1032; x_wconf 84' lang='grc' dir='ltr'><strong>τις</strong></span> <span class='ocrx_word' id='word_1_165' title='bbox 2549 967 2707 1038; x_wconf 88' lang='grc' dir='ltr'><strong>φαίη,</strong></span> <span class='ocrx_word' id='word_1_166' title='bbox 2741 960 2837 1019; x_wconf 80' lang='grc' dir='ltr'><strong>τοῦ</strong></span> <span class='ocrx_word' id='word_1_167' title='bbox 2883 963 2957 1035; x_wconf 79' lang='grc' dir='ltr'><strong>μὴ</strong></span> <span class='ocrx_word' id='word_1_168' title='bbox 3002 959 3249 1032; x_wconf 87' lang='grc' dir='ltr'><strong>γίνεσθαι</strong></span> <span class='ocrx_word' id='word_1_169' title='bbox 3282 961 3542 1031; x_wconf 87' lang='grc' dir='ltr'><strong>πρόνοιαν</strong></span> <span class='ocrx_word' id='word_1_170' title='bbox 3578 957 3696 1011; x_wconf 87' lang='grc' dir='ltr'><strong>τῶν</strong></span> 
     </span>
    </p>
   </div>
   <div class='ocr_carea' id='block_1_26' title="bbox 2091 1050 3697 1131">
    <p class='ocr_par' dir='ltr' id='par_1_26' title="bbox 2091 1050 3697 1131">
     <span class='ocr_line' id='line_1_26' title="bbox 2091 1050 3697 1131; baseline -0.008 -16"><span class='ocrx_word' id='word_1_171' title='bbox 2091 1061 2217 1115; x_wconf 81' lang='grc' dir='ltr'><strong>καθ’</strong></span> <span class='ocrx_word' id='word_1_172' title='bbox 2251 1061 2461 1116; x_wconf 72' lang='grc' dir='ltr'><strong>ἕκαστα</strong></span> <span class='ocrx_word' id='word_1_173' title='bbox 2480 1074 2495 1089; x_wconf 81' lang='lat'>&#39;</span> <span class='ocrx_word' id='word_1_174' title='bbox 2526 1059 2560 1131; x_wconf 75' lang='grc' dir='ltr'>ἢ</span> <span class='ocrx_word' id='word_1_175' title='bbox 2588 1058 2698 1130; x_wconf 83' lang='grc' dir='ltr'><strong>γὰρ</strong></span> <span class='ocrx_word' id='word_1_176' title='bbox 2721 1059 2936 1127; x_wconf 87' lang='grc' dir='ltr'><strong>ἀγνοεῖν</strong></span> <span class='ocrx_word' id='word_1_177' title='bbox 2959 1055 3071 1127; x_wconf 81' lang='grc'>(69)</span> <span class='ocrx_word' id='word_1_178' title='bbox 3100 1054 3192 1107; x_wconf 87' lang='grc' dir='ltr'><strong>τὸν</strong></span> <span class='ocrx_word' id='word_1_179' title='bbox 3219 1052 3375 1118; x_wconf 84' lang='grc' dir='ltr'><strong>Θεὸν,</strong></span> <span class='ocrx_word' id='word_1_180' title='bbox 3402 1052 3489 1105; x_wconf 87' lang='grc' dir='ltr'><strong>δτι</strong></span> <span class='ocrx_word' id='word_1_181' title='bbox 3519 1050 3697 1103; x_wconf 89' lang='grc' dir='ltr'><strong>καλὸν</strong></span> 
     </span>
    </p>
   </div>
   <div class='ocr_carea' id='block_1_27' title="bbox 2091 1136 3696 1222">
    <p class='ocr_par' dir='ltr' id='par_1_27' title="bbox 2091 1136 3696 1222">
     <span class='ocr_line' id='line_1_27' title="bbox 2091 1136 3696 1222; baseline -0.007 -16"><span class='ocrx_word' id='word_1_182' title='bbox 2091 1152 2186 1206; x_wconf 79' lang='grc' dir='ltr'><strong>καὶ</strong></span> <span class='ocrx_word' id='word_1_183' title='bbox 2217 1152 2423 1207; x_wconf 86' lang='grc' dir='ltr'><strong>τούτων</strong></span> <span class='ocrx_word' id='word_1_184' title='bbox 2454 1150 2856 1222; x_wconf 73' lang='grc' dir='ltr'><strong>ἐπιμελεῖσθαι,</strong></span> <span class='ocrx_word' id='word_1_185' title='bbox 2886 1146 2920 1219; x_wconf 80' lang='grc' dir='ltr'>ἢ</span> <span class='ocrx_word' id='word_1_186' title='bbox 2967 1136 3043 1218; x_wconf 80' lang='grc' dir='ltr'><strong>μὴ</strong></span> <span class='ocrx_word' id='word_1_187' title='bbox 3077 1144 3383 1217; x_wconf 87' lang='grc' dir='ltr'><strong>βούλεσθαι,</strong></span> <span class='ocrx_word' id='word_1_188' title='bbox 3417 1143 3451 1213; x_wconf 77' lang='grc' dir='ltr'>ἢ</span> <span class='ocrx_word' id='word_1_189' title='bbox 3491 1143 3570 1215; x_wconf 81' lang='grc' dir='ltr'><strong>μὴ</strong></span> <span class='ocrx_word' id='word_1_190' title='bbox 3597 1140 3696 1196; x_wconf 88' lang='grc' dir='ltr'><strong>δύ-</strong></span> 
     </span>
    </p>
   </div>
   <div class='ocr_carea' id='block_1_28' title="bbox 2092 1235 3697 1315">
    <p class='ocr_par' dir='ltr' id='par_1_28' title="bbox 2092 1235 3697 1315">
     <span class='ocr_line' id='line_1_28' title="bbox 2092 1235 3697 1315; baseline -0.007 -16"><span class='ocrx_word' id='word_1_191' title='bbox 2092 1244 2291 1299; x_wconf 87' lang='grc' dir='ltr'><strong>νασθαι</strong></span> <span class='ocrx_word' id='word_1_192' title='bbox 2328 1243 2462 1315; x_wconf 85' lang='grc'>(70).</span> <span class='ocrx_word' id='word_1_193' title='bbox 2504 1241 2645 1296; x_wconf 81' lang='grc' dir='ltr'><strong>Ἀλλ’</strong></span> <span class='ocrx_word' id='word_1_194' title='bbox 2670 1241 2865 1311; x_wconf 77' lang='grc' dir='ltr'><strong>ἄγνοια</strong></span> <span class='ocrx_word' id='word_1_195' title='bbox 2899 1240 2997 1311; x_wconf 75' lang='grc' dir='ltr'><strong>μὲν</strong></span> <span class='ocrx_word' id='word_1_196' title='bbox 3030 1239 3125 1293; x_wconf 73' lang='grc' dir='ltr'><strong>καὶ</strong></span> <span class='ocrx_word' id='word_1_197' title='bbox 3153 1237 3369 1309; x_wconf 83' lang='grc' dir='ltr'><strong>ἀμαθία</strong></span> <span class='ocrx_word' id='word_1_198' title='bbox 3396 1235 3697 1290; x_wconf 83' lang='grc' dir='ltr'><strong>παντάπα-</strong></span> 
     </span>
    </p>
   </div>
   <div class='ocr_carea' id='block_1_29' title="bbox 2096 1326 3696 1408">
    <p class='ocr_par' dir='ltr' id='par_1_29' title="bbox 2096 1326 3696 1408">
     <span class='ocr_line' id='line_1_29' title="bbox 2096 1326 3696 1408; baseline -0.006 -19"><span class='ocrx_word' id='word_1_199' title='bbox 2096 1353 2182 1389; x_wconf 92' lang='grc' dir='ltr'><strong>σιν</strong></span> <span class='ocrx_word' id='word_1_200' title='bbox 2231 1334 2660 1408; x_wconf 83' lang='grc' dir='ltr'><strong>ἀλλοτριώτατον</strong></span> <span class='ocrx_word' id='word_1_201' title='bbox 2698 1333 2799 1403; x_wconf 81' lang='grc' dir='ltr'><strong>τῆς</strong></span> <span class='ocrx_word' id='word_1_202' title='bbox 2842 1330 3120 1403; x_wconf 82' lang='grc' dir='ltr'><strong>μακαρίας</strong></span> <span class='ocrx_word' id='word_1_203' title='bbox 3158 1329 3367 1393; x_wconf 85' lang='grc' dir='ltr'><strong>ούσίας.</strong></span> <span class='ocrx_word' id='word_1_204' title='bbox 3402 1326 3548 1381; x_wconf 75' lang='grc' dir='ltr'><strong>Αὐτὸ</strong></span> <span class='ocrx_word' id='word_1_205' title='bbox 3581 1327 3696 1398; x_wconf 81' lang='grc' dir='ltr'><strong>γὰρ</strong></span> 
     </span>
    </p>
   </div>
   <div class='ocr_carea' id='block_1_30' title="bbox 2095 1417 3696 1497">
    <p class='ocr_par' dir='ltr' id='par_1_30' title="bbox 2095 1417 3696 1497">
     <span class='ocr_line' id='line_1_30' title="bbox 2095 1417 3696 1497; baseline -0.006 -17"><span class='ocrx_word' id='word_1_206' title='bbox 2095 1426 2297 1495; x_wconf 88' lang='grc' dir='ltr'><strong>γνῶσίς</strong></span> <span class='ocrx_word' id='word_1_207' title='bbox 2328 1426 2440 1497; x_wconf 86' lang='grc'>(71)</span> <span class='ocrx_word' id='word_1_208' title='bbox 2475 1425 2592 1479; x_wconf 87' lang='grc' dir='ltr'><strong>ὲστι</strong></span> <span class='ocrx_word' id='word_1_209' title='bbox 2622 1424 2718 1479; x_wconf 71' lang='grc' dir='ltr'><strong>καὶ</strong></span> <span class='ocrx_word' id='word_1_210' title='bbox 2744 1422 2907 1493; x_wconf 83' lang='grc' dir='ltr'><strong>σοφία</strong></span> <span class='ocrx_word' id='word_1_211' title='bbox 2933 1424 3029 1477; x_wconf 75' lang='grc' dir='ltr'><strong>καὶ</strong></span> <span class='ocrx_word' id='word_1_212' title='bbox 3053 1423 3354 1493; x_wconf 78' lang='grc' dir='ltr'><strong>ἐπιστήμη.</strong></span> <span class='ocrx_word' id='word_1_213' title='bbox 3384 1418 3513 1482; x_wconf 97' lang='grc' dir='ltr'><strong>Πῶς</strong></span> <span class='ocrx_word' id='word_1_214' title='bbox 3539 1419 3589 1471; x_wconf 68' lang='grc' dir='ltr'><strong>δ’</strong></span> <span class='ocrx_word' id='word_1_215' title='bbox 3626 1417 3696 1472; x_wconf 85' lang='grc' dir='ltr'><strong>ἀν</strong></span> 
     </span>
    </p>
   </div>
   <div class='ocr_carea' id='block_1_31' title="bbox 2096 1507 3696 1588">
    <p class='ocr_par' dir='ltr' id='par_1_31' title="bbox 2096 1507 3696 1588">
     <span class='ocr_line' id='line_1_31' title="bbox 2096 1507 3696 1588; baseline -0.005 -16"><span class='ocrx_word' id='word_1_216' title='bbox 2096 1519 2193 1572; x_wconf 79' lang='grc' dir='ltr'><strong>καὶ</strong></span> <span class='ocrx_word' id='word_1_217' title='bbox 2216 1517 2369 1572; x_wconf 84' lang='grc' dir='ltr'><strong>λάθοι</strong></span> <span class='ocrx_word' id='word_1_218' title='bbox 2397 1517 2489 1571; x_wconf 90' lang='grc' dir='ltr'><strong>τὸν</strong></span> <span class='ocrx_word' id='word_1_219' title='bbox 2513 1517 2669 1582; x_wconf 87' lang='grc' dir='ltr'><strong>Θεὸν,</strong></span> <span class='ocrx_word' id='word_1_220' title='bbox 2697 1516 2733 1571; x_wconf 76' lang='grc' dir='ltr'><strong>ἀ</strong></span> <span class='ocrx_word' id='word_1_221' title='bbox 2762 1515 2899 1588; x_wconf 83' lang='grc' dir='ltr'><strong>μηδὲ</strong></span> <span class='ocrx_word' id='word_1_222' title='bbox 2921 1515 3209 1587; x_wconf 77' lang='grc' dir='ltr'><strong>ἄνθρωπος</strong></span> <span class='ocrx_word' id='word_1_223' title='bbox 3236 1514 3351 1585; x_wconf 86' lang='lat'><strong>(72)</strong></span> <span class='ocrx_word' id='word_1_224' title='bbox 3379 1507 3440 1566; x_wconf 83' lang='grc' dir='ltr'><strong>εὖ</strong></span> <span class='ocrx_word' id='word_1_225' title='bbox 3473 1510 3696 1583; x_wconf 80' lang='grc' dir='ltr'><strong>φρονῶν</strong></span> 
     </span>
    </p>
   </div>
   <div class='ocr_carea' id='block_1_32' title="bbox 2097 1602 3699 1681">
    <p class='ocr_par' dir='ltr' id='par_1_32' title="bbox 2097 1602 3699 1681">
     <span class='ocr_line' id='line_1_32' title="bbox 2097 1602 3699 1681; baseline -0.006 -17"><span class='ocrx_word' id='word_1_226' title='bbox 2097 1610 2437 1681; x_wconf 83' lang='grc' dir='ltr'><strong>ἀγνοήσειεν,</strong></span> <span class='ocrx_word' id='word_1_227' title='bbox 2468 1609 2564 1675; x_wconf 84' lang='grc' dir='ltr'><strong>ὡς,</strong></span> <span class='ocrx_word' id='word_1_228' title='bbox 2595 1609 2706 1663; x_wconf 91' lang='grc' dir='ltr'><strong>τῶν</strong></span> <span class='ocrx_word' id='word_1_229' title='bbox 2743 1607 2885 1663; x_wconf 88' lang='grc' dir='ltr'><strong>κατά</strong></span> <span class='ocrx_word' id='word_1_230' title='bbox 2916 1608 3082 1680; x_wconf 84' lang='grc' dir='ltr'><strong>μέρος</strong></span> <span class='ocrx_word' id='word_1_231' title='bbox 3116 1606 3334 1660; x_wconf 81' lang='grc' dir='ltr'><strong>πάντων</strong></span> <span class='ocrx_word' id='word_1_232' title='bbox 3373 1602 3699 1676; x_wconf 89' lang='grc' dir='ltr'><strong>διαφθειρο-</strong></span> 
     </span>
    </p>
   </div>
   <div class='ocr_carea' id='block_1_33' title="bbox 2104 1692 3692 1770">
    <p class='ocr_par' dir='ltr' id='par_1_33' title="bbox 2104 1692 3692 1770">
     <span class='ocr_line' id='line_1_33' title="bbox 2104 1692 3692 1770; baseline -0.004 -18"><span class='ocrx_word' id='word_1_233' title='bbox 2104 1698 2284 1770; x_wconf 85' lang='grc' dir='ltr'><strong>μένων</strong></span> <span class='ocrx_word' id='word_1_234' title='bbox 2322 1698 2473 1770; x_wconf 75' lang='lat'><strong>(73),</strong></span> <span class='ocrx_word' id='word_1_235' title='bbox 2521 1698 2615 1751; x_wconf 76' lang='grc' dir='ltr'><strong>καὶ</strong></span> <span class='ocrx_word' id='word_1_236' title='bbox 2664 1697 2736 1751; x_wconf 80' lang='grc' dir='ltr'><strong>τὰ</strong></span> <span class='ocrx_word' id='word_1_237' title='bbox 2774 1696 3003 1751; x_wconf 84' lang='grc' dir='ltr'><strong>καθόλου</strong></span> <span class='ocrx_word' id='word_1_238' title='bbox 3057 1695 3170 1765; x_wconf 75' lang='grc'>(71)</span> <span class='ocrx_word' id='word_1_239' title='bbox 3214 1692 3692 1766; x_wconf 75' lang='grc' dir='ltr'><strong>διαφθαρήσεταις</strong></span> 
     </span>
    </p>
   </div>
   <div class='ocr_carea' id='block_1_34' title="bbox 407 1777 1998 1876">
    <p class='ocr_par' dir='ltr' id='par_1_34' title="bbox 407 1798 1997 1876">
     <span class='ocr_line' id='line_1_34' title="bbox 407 1798 1997 1876; baseline -0.01 -11"><span class='ocrx_word' id='word_1_240' title='bbox 407 1810 725 1866; x_wconf 86' lang='lat' dir='ltr'><strong>stituuntur.</strong></span> <span class='ocrx_word' id='word_1_241' title='bbox 763 1805 984 1876; x_wconf 86' lang='lat' dir='ltr'><strong>Species</strong></span> <span class='ocrx_word' id='word_1_242' title='bbox 1032 1804 1177 1858; x_wconf 88' lang='lat' dir='ltr'><strong>enim</strong></span> <span class='ocrx_word' id='word_1_243' title='bbox 1228 1814 1421 1857; x_wconf 86' lang='lat' dir='ltr'><strong>omnes</strong></span> <span class='ocrx_word' id='word_1_244' title='bbox 1458 1798 1697 1867; x_wconf 85' lang='lat' dir='ltr'><strong>singulas</strong></span> <span class='ocrx_word' id='word_1_245' title='bbox 1745 1811 1834 1851; x_wconf 91' lang='lat' dir='ltr'><strong>res</strong></span> <span class='ocrx_word' id='word_1_246' title='bbox 1903 1811 1997 1850; x_wconf 81' lang='lat' dir='ltr'><strong>ex-</strong></span> 
     </span>
    </p>
   </div>
   <div class='ocr_carea' id='block_1_35' title="bbox 2111 1777 3699 1876">
    <p class='ocr_par' dir='ltr' id='par_1_35' title="bbox 2113 1785 3699 1861">
     <span class='ocr_line' id='line_1_35' title="bbox 2113 1785 3699 1861; baseline -0.004 -17"><span class='ocrx_word' id='word_1_247' title='bbox 2113 1792 2209 1844; x_wconf 83' lang='grc' dir='ltr'><strong>Ἑκ</strong></span> <span class='ocrx_word' id='word_1_248' title='bbox 2245 1790 2355 1861; x_wconf 85' lang='grc' dir='ltr'><strong>γὰρ</strong></span> <span class='ocrx_word' id='word_1_249' title='bbox 2385 1790 2494 1846; x_wconf 90' lang='grc' dir='ltr'><strong>τῶν</strong></span> <span class='ocrx_word' id='word_1_250' title='bbox 2520 1790 2664 1844; x_wconf 87' lang='grc' dir='ltr'><strong>κατά</strong></span> <span class='ocrx_word' id='word_1_251' title='bbox 2711 1790 2877 1861; x_wconf 81' lang='grc' dir='ltr'><strong>μέρος</strong></span> <span class='ocrx_word' id='word_1_252' title='bbox 2911 1789 3131 1843; x_wconf 82' lang='grc' dir='ltr'><strong>πάντων</strong></span> <span class='ocrx_word' id='word_1_253' title='bbox 3173 1786 3245 1840; x_wconf 84' lang='grc' dir='ltr'><strong>τά</strong></span> <span class='ocrx_word' id='word_1_254' title='bbox 3273 1785 3508 1841; x_wconf 76' lang='grc' dir='ltr'><strong>καθόλου</strong></span> <span class='ocrx_word' id='word_1_255' title='bbox 3564 1801 3699 1838; x_wconf 85' lang='grc' dir='ltr'><strong>συν-</strong></span> 
     </span>
    </p>
   </div>
   <div class='ocr_carea' id='block_1_36' title="bbox 407 1891 1996 1969">
    <p class='ocr_par' dir='ltr' id='par_1_36' title="bbox 407 1891 1996 1969">
     <span class='ocr_line' id='line_1_36' title="bbox 407 1891 1996 1969; baseline -0.01 -14"><span class='ocrx_word' id='word_1_256' title='bbox 407 1906 627 1969; x_wconf 61' lang='lat' dir='ltr'><strong>aequant</strong></span> <span class='ocrx_word' id='word_1_257' title='bbox 660 1908 717 1953; x_wconf 89' lang='lat' dir='ltr'><strong>et</strong></span> <span class='ocrx_word' id='word_1_258' title='bbox 755 1897 1184 1966; x_wconf 86' lang='lat' dir='ltr'><strong>reciprocantur,</strong></span> <span class='ocrx_word' id='word_1_259' title='bbox 1220 1905 1434 1961; x_wconf 89' lang='lat' dir='ltr'><strong>unaque</strong></span> <span class='ocrx_word' id='word_1_260' title='bbox 1479 1891 1756 1945; x_wconf 90' lang='lat' dir='ltr'><strong>intereunt</strong></span> <span class='ocrx_word' id='word_1_261' title='bbox 1786 1896 1842 1944; x_wconf 89' lang='lat' dir='ltr'><strong>et</strong></span> <span class='ocrx_word' id='word_1_262' title='bbox 1888 1901 1996 1941; x_wconf 90' lang='lat' dir='ltr'><strong>una</strong></span> 
     </span>
    </p>
   </div>
   <div class='ocr_carea' id='block_1_37' title="bbox 410 1978 1998 2056">
    <p class='ocr_par' dir='ltr' id='par_1_37' title="bbox 410 1978 1998 2056">
     <span class='ocr_line' id='line_1_37' title="bbox 410 1978 1998 2056; baseline -0.008 -11"><span class='ocrx_word' id='word_1_263' title='bbox 410 1997 831 2045; x_wconf 85' lang='lat' dir='ltr'><strong>conservantur.</strong></span> <span class='ocrx_word' id='word_1_264' title='bbox 874 1987 1057 2056; x_wconf 83' lang='lat' dir='ltr'><strong>Neque</strong></span> <span class='ocrx_word' id='word_1_265' title='bbox 1095 1985 1391 2055; x_wconf 84' lang='lat' dir='ltr'><strong>quidquam</strong></span> <span class='ocrx_word' id='word_1_266' title='bbox 1443 1982 1644 2046; x_wconf 87' lang='lat' dir='ltr'><strong>obstat,</strong></span> <span class='ocrx_word' id='word_1_267' title='bbox 1680 1995 1787 2050; x_wconf 91' lang='lat' dir='ltr'><strong>quo</strong></span> <span class='ocrx_word' id='word_1_268' title='bbox 1820 1978 1998 2033; x_wconf 91' lang='lat' dir='ltr'><strong>minus</strong></span> 
     </span>
    </p>
   </div>
   <div class='ocr_carea' id='block_1_38' title="bbox 410 2069 2000 2140">
    <p class='ocr_par' dir='ltr' id='par_1_38' title="bbox 410 2069 2000 2140">
     <span class='ocr_line' id='line_1_38' title="bbox 410 2069 2000 2140; baseline -0.011 -1"><span class='ocrx_word' id='word_1_269' title='bbox 410 2081 596 2139; x_wconf 88' lang='lat' dir='ltr'><strong>omnia</strong></span> <span class='ocrx_word' id='word_1_270' title='bbox 628 2080 902 2136; x_wconf 89' lang='lat' dir='ltr'><strong>individua</strong></span> <span class='ocrx_word' id='word_1_271' title='bbox 966 2078 1258 2140; x_wconf 89' lang='lat' dir='ltr'><strong>intereant,</strong></span> <span class='ocrx_word' id='word_1_272' title='bbox 1316 2074 1361 2130; x_wconf 94' lang='lat' dir='ltr'><strong>si</strong></span> <span class='ocrx_word' id='word_1_273' title='bbox 1397 2073 1658 2130; x_wconf 88' lang='lat' dir='ltr'><strong>divinitus</strong></span> <span class='ocrx_word' id='word_1_274' title='bbox 1696 2069 1838 2125; x_wconf 85' lang='lat' dir='ltr'><strong>nulla</strong></span> <span class='ocrx_word' id='word_1_275' title='bbox 1875 2085 2000 2138; x_wconf 84' lang='lat' dir='ltr'><strong>prn-</strong></span> 
     </span>
    </p>
   </div>
   <div class='ocr_carea' id='block_1_39' title="bbox 410 2164 1998 2243">
    <p class='ocr_par' dir='ltr' id='par_1_39' title="bbox 410 2164 1998 2243">
     <span class='ocr_line' id='line_1_39' title="bbox 410 2164 1998 2243; baseline -0.008 -14"><span class='ocrx_word' id='word_1_276' title='bbox 410 2174 652 2231; x_wconf 80' lang='lat' dir='ltr'><strong>videntia</strong></span> <span class='ocrx_word' id='word_1_277' title='bbox 687 2173 1075 2243; x_wconf 88' lang='lat' dir='ltr'><strong>guberneutur.</strong></span> <span class='ocrx_word' id='word_1_278' title='bbox 1132 2168 1341 2236; x_wconf 84' lang='lat' dir='ltr'><strong>Quibus</strong></span> <span class='ocrx_word' id='word_1_279' title='bbox 1415 2164 1785 2237; x_wconf 89' lang='lat' dir='ltr'><strong>pereuntibus.</strong></span> <span class='ocrx_word' id='word_1_280' title='bbox 1833 2164 1998 2218; x_wconf 89' lang='lat' dir='ltr'><strong>etiam</strong></span> 
     </span>
    </p>
   </div>
   <div class='ocr_carea' id='block_1_40' title="bbox 412 2253 2001 2325">
    <p class='ocr_par' dir='ltr' id='par_1_40' title="bbox 412 2253 2001 2325">
     <span class='ocr_line' id='line_1_40' title="bbox 412 2253 2001 2325; baseline -0.005 -8"><span class='ocrx_word' id='word_1_281' title='bbox 412 2264 666 2319; x_wconf 87' lang='lat' dir='ltr'><strong>universa</strong></span> <span class='ocrx_word' id='word_1_282' title='bbox 699 2260 1014 2316; x_wconf 88' lang='lat' dir='ltr'><strong>interibunt.</strong></span> <span class='ocrx_word' id='word_1_283' title='bbox 1044 2258 1198 2325; x_wconf 85' lang='lat' dir='ltr'><strong>Quod</strong></span> <span class='ocrx_word' id='word_1_284' title='bbox 1229 2258 1275 2312; x_wconf 90' lang='lat' dir='ltr'><strong>si</strong></span> <span class='ocrx_word' id='word_1_285' title='bbox 1326 2256 1532 2319; x_wconf 87' lang='lat' dir='ltr'><strong>dicant,</strong></span> <span class='ocrx_word' id='word_1_286' title='bbox 1590 2254 1695 2310; x_wconf 86' lang='lat' dir='ltr'><strong>hoc</strong></span> <span class='ocrx_word' id='word_1_287' title='bbox 1714 2254 1887 2309; x_wconf 90' lang='lat' dir='ltr'><strong>solum</strong></span> <span class='ocrx_word' id='word_1_288' title='bbox 1924 2253 2001 2309; x_wconf 90' lang='lat' dir='ltr'><strong>illi</strong></span> 
     </span>
    </p>
   </div>
   <div class='ocr_carea' id='block_1_41' title="bbox 412 2348 2003 2417">
    <p class='ocr_par' dir='ltr' id='par_1_41' title="bbox 412 2348 2003 2417">
     <span class='ocr_line' id='line_1_41' title="bbox 412 2348 2003 2417; baseline -0.006 -8"><span class='ocrx_word' id='word_1_289' title='bbox 412 2369 562 2409; x_wconf 63' lang='lat' dir='ltr'><strong>curre</strong></span> <span class='ocrx_word' id='word_1_290' title='bbox 591 2366 731 2417; x_wconf 90' lang='lat' dir='ltr'><strong>esse,</strong></span> <span class='ocrx_word' id='word_1_291' title='bbox 756 2369 824 2406; x_wconf 92' lang='lat' dir='ltr'><strong>ne</strong></span> <span class='ocrx_word' id='word_1_292' title='bbox 859 2351 1039 2406; x_wconf 88' lang='lat' dir='ltr'><strong>omnia</strong></span> <span class='ocrx_word' id='word_1_293' title='bbox 1074 2349 1347 2403; x_wconf 88' lang='lat' dir='ltr'><strong>individua</strong></span> <span class='ocrx_word' id='word_1_294' title='bbox 1378 2348 1665 2411; x_wconf 85' lang='lat' dir='ltr'><strong>intereant,</strong></span> <span class='ocrx_word' id='word_1_295' title='bbox 1698 2354 1756 2399; x_wconf 92' lang='lat' dir='ltr'><strong>ut</strong></span> <span class='ocrx_word' id='word_1_296' title='bbox 1792 2348 2003 2415; x_wconf 88' lang='lat' dir='ltr'><strong>species</strong></span> 
     </span>
    </p>
   </div>
   <div class='ocr_carea' id='block_1_42' title="bbox 412 2436 2003 2506">
    <p class='ocr_par' dir='ltr' id='par_1_42' title="bbox 412 2436 2003 2506">
     <span class='ocr_line' id='line_1_42' title="bbox 412 2436 2003 2506; baseline -0.007 -6"><span class='ocrx_word' id='word_1_297' title='bbox 412 2454 831 2506; x_wconf 90' lang='lat' dir='ltr'><strong>conserventur,</strong></span> <span class='ocrx_word' id='word_1_298' title='bbox 880 2456 985 2495; x_wconf 94' lang='lat' dir='ltr'><strong>non</strong></span> <span class='ocrx_word' id='word_1_299' title='bbox 1042 2440 1246 2505; x_wconf 89' lang='lat' dir='ltr'><strong>vident,</strong></span> <span class='ocrx_word' id='word_1_300' title='bbox 1279 2454 1341 2493; x_wconf 83' lang='lat' dir='ltr'><strong>se</strong></span> <span class='ocrx_word' id='word_1_301' title='bbox 1380 2438 1583 2504; x_wconf 78' lang='lat' dir='ltr'><strong>dicere,</strong></span> <span class='ocrx_word' id='word_1_302' title='bbox 1615 2438 1780 2492; x_wconf 88' lang='lat' dir='ltr'><strong>etiam</strong></span> <span class='ocrx_word' id='word_1_303' title='bbox 1816 2436 2003 2506; x_wconf 85' lang='lat' dir='ltr'><strong>singu-</strong></span> 
     </span>
    </p>
   </div>
   <div class='ocr_carea' id='block_1_43' title="bbox 415 2529 2005 2601">
    <p class='ocr_par' dir='ltr' id='par_1_43' title="bbox 415 2529 2005 2601">
     <span class='ocr_line' id='line_1_43' title="bbox 415 2529 2005 2601; baseline -0.004 -11"><span class='ocrx_word' id='word_1_304' title='bbox 415 2536 591 2591; x_wconf 78' lang='lat' dir='ltr'><strong>larum</strong></span> <span class='ocrx_word' id='word_1_305' title='bbox 624 2548 809 2588; x_wconf 88' lang='lat' dir='ltr'><strong>rerum</strong></span> <span class='ocrx_word' id='word_1_306' title='bbox 848 2530 1140 2601; x_wconf 85' lang='lat' dir='ltr'><strong>quamdam</strong></span> <span class='ocrx_word' id='word_1_307' title='bbox 1197 2529 1632 2599; x_wconf 88' lang='lat' dir='ltr'><strong>procurationem</strong></span> <span class='ocrx_word' id='word_1_308' title='bbox 1668 2542 1809 2591; x_wconf 85' lang='lat' dir='ltr'><strong>esse,</strong></span> <span class='ocrx_word' id='word_1_309' title='bbox 1839 2543 2005 2596; x_wconf 88' lang='lat' dir='ltr'><strong>quan-</strong></span> 
     </span>
    </p>
   </div>
   <div class='ocr_carea' id='block_1_44' title="bbox 416 2619 2006 2695">
    <p class='ocr_par' dir='ltr' id='par_1_44' title="bbox 416 2619 2006 2695">
     <span class='ocr_line' id='line_1_44' title="bbox 416 2619 2006 2695; baseline -0.004 -13"><span class='ocrx_word' id='word_1_310' title='bbox 416 2626 707 2695; x_wconf 90' lang='lat' dir='ltr'><strong>doquidem</strong></span> <span class='ocrx_word' id='word_1_311' title='bbox 737 2624 900 2679; x_wconf 86' lang='lat' dir='ltr'><strong>rebus</strong></span> <span class='ocrx_word' id='word_1_312' title='bbox 932 2622 1182 2687; x_wconf 82' lang='lat' dir='ltr'><strong>singulis.</strong></span> <span class='ocrx_word' id='word_1_313' title='bbox 1206 2631 1265 2675; x_wconf 93' lang='lat' dir='ltr'><strong>ut</strong></span> <span class='ocrx_word' id='word_1_314' title='bbox 1302 2620 1405 2689; x_wconf 88' lang='lat' dir='ltr'><strong>ipsi</strong></span> <span class='ocrx_word' id='word_1_315' title='bbox 1445 2623 1633 2685; x_wconf 81' lang='lat' dir='ltr'><strong>aiunt,</strong></span> <span class='ocrx_word' id='word_1_316' title='bbox 1669 2619 2006 2691; x_wconf 87' lang='lat' dir='ltr'><strong>prospiciens</strong></span> 
     </span>
    </p>
   </div>
   <div class='ocr_carea' id='block_1_45' title="bbox 416 2711 2005 2788">
    <p class='ocr_par' dir='ltr' id='par_1_45' title="bbox 416 2711 2005 2788">
     <span class='ocr_line' id='line_1_45' title="bbox 416 2711 2005 2788; baseline -0.004 -16"><span class='ocrx_word' id='word_1_317' title='bbox 416 2731 617 2788; x_wconf 89' lang='lat' dir='ltr'><strong>genera</strong></span> <span class='ocrx_word' id='word_1_318' title='bbox 646 2717 963 2787; x_wconf 87' lang='lat' dir='ltr'><strong>speciesque</strong></span> <span class='ocrx_word' id='word_1_319' title='bbox 998 2720 1197 2769; x_wconf 76' lang='lat' dir='ltr'><strong>tuetur.</strong></span> <span class='ocrx_word' id='word_1_320' title='bbox 1224 2712 1330 2767; x_wconf 89' lang='lat' dir='ltr'><strong>Alii</strong></span> <span class='ocrx_word' id='word_1_321' title='bbox 1366 2713 1575 2776; x_wconf 90' lang='lat' dir='ltr'><strong>dicunt,</strong></span> <span class='ocrx_word' id='word_1_322' title='bbox 1619 2726 1724 2765; x_wconf 92' lang='lat' dir='ltr'><strong>non</strong></span> <span class='ocrx_word' id='word_1_323' title='bbox 1755 2711 2005 2781; x_wconf 91' lang='lat' dir='ltr'><strong>ignorare</strong></span> 
     </span>
    </p>
   </div>
   <div class='ocr_carea' id='block_1_46' title="bbox 416 2801 2007 2881">
    <p class='ocr_par' dir='ltr' id='par_1_46' title="bbox 416 2801 2007 2881">
     <span class='ocr_line' id='line_1_46' title="bbox 416 2801 2007 2881; baseline -0.003 -18"><span class='ocrx_word' id='word_1_324' title='bbox 416 2808 634 2881; x_wconf 89' lang='lat' dir='ltr'><strong>quidem</strong></span> <span class='ocrx_word' id='word_1_325' title='bbox 682 2806 874 2871; x_wconf 90' lang='lat' dir='ltr'><strong>Deum,</strong></span> <span class='ocrx_word' id='word_1_326' title='bbox 933 2805 1029 2861; x_wconf 90' lang='lat' dir='ltr'><strong>sed</strong></span> <span class='ocrx_word' id='word_1_327' title='bbox 1095 2803 1379 2875; x_wconf 87' lang='lat' dir='ltr'><strong>providere</strong></span> <span class='ocrx_word' id='word_1_328' title='bbox 1435 2802 1598 2859; x_wconf 91' lang='lat' dir='ltr'><strong>nolle.</strong></span> <span class='ocrx_word' id='word_1_329' title='bbox 1645 2801 1846 2857; x_wconf 78' lang='lat' dir='ltr'><strong>Verum</strong></span> <span class='ocrx_word' id='word_1_330' title='bbox 1904 2804 2007 2858; x_wconf 92' lang='lat' dir='ltr'><strong>boc</strong></span> 
     </span>
    </p>
   </div>
   <div class='ocr_carea' id='block_1_47' title="bbox 418 2893 2005 2972">
    <p class='ocr_par' dir='ltr' id='par_1_47' title="bbox 418 2893 2005 2972">
     <span class='ocr_line' id='line_1_47' title="bbox 418 2893 2005 2972; baseline -0.006 -15"><span class='ocrx_word' id='word_1_331' title='bbox 418 2902 596 2972; x_wconf 87' lang='lat' dir='ltr'><strong>ipsum</strong></span> <span class='ocrx_word' id='word_1_332' title='bbox 627 2898 790 2965; x_wconf 91' lang='lat' dir='ltr'><strong>nolle,</strong></span> <span class='ocrx_word' id='word_1_333' title='bbox 828 2896 1038 2952; x_wconf 88' lang='lat' dir='ltr'><strong>duabus</strong></span> <span class='ocrx_word' id='word_1_334' title='bbox 1068 2897 1135 2951; x_wconf 92' lang='lat' dir='ltr'><strong>de</strong></span> <span class='ocrx_word' id='word_1_335' title='bbox 1173 2893 1356 2951; x_wconf 90' lang='lat' dir='ltr'><strong>causis</strong></span> <span class='ocrx_word' id='word_1_336' title='bbox 1382 2893 1603 2955; x_wconf 87' lang='lat' dir='ltr'><strong>accidit,</strong></span> <span class='ocrx_word' id='word_1_337' title='bbox 1634 2902 1727 2948; x_wconf 87' lang='lat' dir='ltr'><strong>aut</strong></span> <span class='ocrx_word' id='word_1_338' title='bbox 1753 2894 1823 2950; x_wconf 91' lang='lat' dir='ltr'><strong>ob</strong></span> <span class='ocrx_word' id='word_1_339' title='bbox 1854 2895 2005 2965; x_wconf 81' lang='lat' dir='ltr'><strong>igna-</strong></span> 
     </span>
    </p>
   </div>
   <div class='ocr_carea' id='block_1_48' title="bbox 418 2974 2003 3062">
    <p class='ocr_par' dir='ltr' id='par_1_48' title="bbox 418 2974 2003 3062">
     <span class='ocr_line' id='line_1_48' title="bbox 418 2974 2003 3062; baseline -0.004 -16"><span class='ocrx_word' id='word_1_340' title='bbox 418 2994 590 3057; x_wconf 86' lang='lat' dir='ltr'><strong>viam,</strong></span> <span class='ocrx_word' id='word_1_341' title='bbox 616 2974 877 3062; x_wconf 85' lang='lat' dir='ltr'><strong>autquod</strong></span> <span class='ocrx_word' id='word_1_342' title='bbox 908 2988 1224 3045; x_wconf 90' lang='lat' dir='ltr'><strong>indecorum</strong></span> <span class='ocrx_word' id='word_1_343' title='bbox 1282 2987 1373 3042; x_wconf 88' lang='lat' dir='ltr'><strong>sit.</strong></span> <span class='ocrx_word' id='word_1_344' title='bbox 1408 2988 1607 3055; x_wconf 87' lang='lat' dir='ltr'><strong>Ecquis</strong></span> <span class='ocrx_word' id='word_1_345' title='bbox 1639 2986 1711 3041; x_wconf 91' lang='lat' dir='ltr'><strong>ita</strong></span> <span class='ocrx_word' id='word_1_346' title='bbox 1750 2987 2003 3054; x_wconf 84' lang='lat' dir='ltr'><strong>insaniat,</strong></span> 
     </span>
    </p>
   </div>
   <div class='ocr_carea' id='block_1_49' title="bbox 2102 1877 3694 1953">
    <p class='ocr_par' dir='ltr' id='par_1_49' title="bbox 2102 1877 3694 1953">
     <span class='ocr_line' id='line_1_49' title="bbox 2102 1877 3694 1953; baseline -0.003 -16"><span class='ocrx_word' id='word_1_347' title='bbox 2102 1884 2336 1939; x_wconf 85' lang='grc' dir='ltr'><strong>ίσταται.</strong></span> <span class='ocrx_word' id='word_1_348' title='bbox 2378 1883 2646 1949; x_wconf 75' lang='grc' dir='ltr'><strong>Ἐξισάζει</strong></span> <span class='ocrx_word' id='word_1_349' title='bbox 2679 1882 2810 1952; x_wconf 80' lang='grc' dir='ltr'><strong>γοῦν</strong></span> <span class='ocrx_word' id='word_1_350' title='bbox 2836 1882 2905 1937; x_wconf 83' lang='grc' dir='ltr'><strong>τὰ</strong></span> <span class='ocrx_word' id='word_1_351' title='bbox 2935 1881 3049 1953; x_wconf 76' lang='grc' dir='ltr'><strong>εἴδη</strong></span> <span class='ocrx_word' id='word_1_352' title='bbox 3074 1882 3240 1935; x_wconf 78' lang='grc' dir='ltr'><strong>πᾶσιν</strong></span> <span class='ocrx_word' id='word_1_353' title='bbox 3268 1879 3404 1951; x_wconf 80' lang='grc' dir='ltr'><strong>ὁμοῦ</strong></span> <span class='ocrx_word' id='word_1_354' title='bbox 3428 1882 3546 1943; x_wconf 90' lang='grc' dir='ltr'><strong>τοῖς</strong></span> <span class='ocrx_word' id='word_1_355' title='bbox 3574 1877 3694 1949; x_wconf 75' lang='grc'>(75)</span> 
     </span>
    </p>
   </div>
   <div class='ocr_carea' id='block_1_50' title="bbox 2100 1970 3694 2049">
    <p class='ocr_par' dir='ltr' id='par_1_50' title="bbox 2100 1970 3694 2049">
     <span class='ocr_line' id='line_1_50' title="bbox 2100 1970 3694 2049; baseline -0.006 -16"><span class='ocrx_word' id='word_1_356' title='bbox 2100 1979 2242 2033; x_wconf 83' lang='grc' dir='ltr'><strong>κατὰ</strong></span> <span class='ocrx_word' id='word_1_357' title='bbox 2283 1978 2470 2049; x_wconf 83' lang='grc' dir='ltr'><strong>μέρος,</strong></span> <span class='ocrx_word' id='word_1_358' title='bbox 2510 1977 2609 2031; x_wconf 72' lang='grc' dir='ltr'><strong>καὶ</strong></span> <span class='ocrx_word' id='word_1_359' title='bbox 2658 1975 3040 2047; x_wconf 83' lang='grc' dir='ltr'><strong>ἀντιστρέφει,</strong></span> <span class='ocrx_word' id='word_1_360' title='bbox 3080 1975 3175 2028; x_wconf 73' lang='grc' dir='ltr'><strong>καὶ</strong></span> <span class='ocrx_word' id='word_1_361' title='bbox 3210 1970 3694 2044; x_wconf 77' lang='grc' dir='ltr'><strong>συνδιαφθείρεται</strong></span> 
     </span>
    </p>
   </div>
   <div class='ocr_carea' id='block_1_51' title="bbox 2100 2064 3696 2141">
    <p class='ocr_par' dir='ltr' id='par_1_51' title="bbox 2100 2064 3696 2141">
     <span class='ocr_line' id='line_1_51' title="bbox 2100 2064 3696 2141; baseline -0.004 -17"><span class='ocrx_word' id='word_1_362' title='bbox 2100 2072 2196 2124; x_wconf 76' lang='grc' dir='ltr'><strong>καὶ</strong></span> <span class='ocrx_word' id='word_1_363' title='bbox 2225 2069 2648 2135; x_wconf 70' lang='grc' dir='ltr'><strong>συνδιασώζεται</strong></span> <span class='ocrx_word' id='word_1_364' title='bbox 2682 2066 2815 2141; x_wconf 86' lang='grc'>(76).</span> <span class='ocrx_word' id='word_1_365' title='bbox 2863 2067 3028 2122; x_wconf 76' lang='grc' dir='ltr'><strong>Οὐδὲν</strong></span> <span class='ocrx_word' id='word_1_366' title='bbox 3055 2067 3115 2121; x_wconf 77' lang='grc' dir='ltr'><strong>δὲ</strong></span> <span class='ocrx_word' id='word_1_367' title='bbox 3143 2066 3361 2133; x_wconf 85' lang='grc' dir='ltr'><strong>κωλύει,</strong></span> <span class='ocrx_word' id='word_1_368' title='bbox 3397 2066 3582 2119; x_wconf 78' lang='grc' dir='ltr'><strong>πάντα</strong></span> <span class='ocrx_word' id='word_1_369' title='bbox 3622 2064 3696 2117; x_wconf 84' lang='grc' dir='ltr'><strong>τά</strong></span> 
     </span>
    </p>
   </div>
   <div class='ocr_carea' id='block_1_52' title="bbox 2101 2157 3698 2236">
    <p class='ocr_par' dir='ltr' id='par_1_52' title="bbox 2101 2157 3698 2236">
     <span class='ocr_line' id='line_1_52' title="bbox 2101 2157 3698 2236; baseline -0.006 -18"><span class='ocrx_word' id='word_1_370' title='bbox 2101 2163 2281 2236; x_wconf 72' lang='grc' dir='ltr'><strong>ἄτομα</strong></span> <span class='ocrx_word' id='word_1_371' title='bbox 2314 2163 2632 2227; x_wconf 81' lang='grc' dir='ltr'><strong>ἀπολέσθαι,</strong></span> <span class='ocrx_word' id='word_1_372' title='bbox 2664 2163 2798 2234; x_wconf 86' lang='grc' dir='ltr'><strong>μηδὲ</strong></span> <span class='ocrx_word' id='word_1_373' title='bbox 2818 2164 2949 2234; x_wconf 74' lang='grc' dir='ltr'><strong>μιᾶς</strong></span> <span class='ocrx_word' id='word_1_374' title='bbox 2980 2160 3188 2217; x_wconf 83' lang='grc' dir='ltr'><strong>ἀνωθεν</strong></span> <span class='ocrx_word' id='word_1_375' title='bbox 3217 2157 3542 2231; x_wconf 83' lang='grc' dir='ltr'><strong>κηδεμονίας</strong></span> <span class='ocrx_word' id='word_1_376' title='bbox 3567 2173 3698 2226; x_wconf 78' lang='grc' dir='ltr'><strong>τυγ·</strong></span> 
     </span>
    </p>
   </div>
   <div class='ocr_carea' id='block_1_53' title="bbox 2102 2248 3693 2328">
    <p class='ocr_par' dir='ltr' id='par_1_53' title="bbox 2102 2248 3693 2328">
     <span class='ocr_line' id='line_1_53' title="bbox 2102 2248 3693 2328; baseline -0.005 -18"><span class='ocrx_word' id='word_1_377' title='bbox 2102 2256 2357 2328; x_wconf 87' lang='grc' dir='ltr'><strong>χάνοντα.</strong></span> <span class='ocrx_word' id='word_1_378' title='bbox 2425 2255 2645 2310; x_wconf 82' lang='grc' dir='ltr'><strong>Τούτων</strong></span> <span class='ocrx_word' id='word_1_379' title='bbox 2670 2251 2763 2309; x_wconf 78' lang='grc' dir='ltr'><strong>οὖν</strong></span> <span class='ocrx_word' id='word_1_380' title='bbox 2792 2253 3206 2324; x_wconf 83' lang='grc' dir='ltr'><strong>ἀπολλυμένων,</strong></span> <span class='ocrx_word' id='word_1_381' title='bbox 3236 2252 3332 2305; x_wconf 79' lang='grc' dir='ltr'><strong>καὶ</strong></span> <span class='ocrx_word' id='word_1_382' title='bbox 3354 2250 3425 2305; x_wconf 81' lang='grc' dir='ltr'><strong>τὰ</strong></span> <span class='ocrx_word' id='word_1_383' title='bbox 3453 2248 3693 2304; x_wconf 82' lang='grc' dir='ltr'><strong>καθόλου</strong></span> 
     </span>
    </p>
   </div>
   <div class='ocr_carea' id='block_1_54' title="bbox 2101 2339 3696 2416">
    <p class='ocr_par' dir='ltr' id='par_1_54' title="bbox 2101 2339 3696 2416">
     <span class='ocr_line' id='line_1_54' title="bbox 2101 2339 3696 2416; baseline -0.005 -16"><span class='ocrx_word' id='word_1_384' title='bbox 2101 2345 2555 2416; x_wconf 76' lang='grc' dir='ltr'><strong>διαφθαρήσεται.</strong></span> <span class='ocrx_word' id='word_1_385' title='bbox 2594 2345 2657 2398; x_wconf 79' lang='lat' dir='ltr'><strong>Ei</strong></span> <span class='ocrx_word' id='word_1_386' title='bbox 2700 2342 2862 2415; x_wconf 65' lang='grc'><strong>174</strong></span> <span class='ocrx_word' id='word_1_387' title='bbox 2897 2342 2954 2396; x_wconf 84' lang='grc' dir='ltr'><strong>δὲ</strong></span> <span class='ocrx_word' id='word_1_388' title='bbox 2986 2342 3178 2396; x_wconf 89' lang='grc' dir='ltr'><strong>τούτου</strong></span> <span class='ocrx_word' id='word_1_389' title='bbox 3228 2343 3479 2412; x_wconf 82' lang='grc' dir='ltr'><strong>προνοεῖν</strong></span> <span class='ocrx_word' id='word_1_390' title='bbox 3527 2339 3696 2412; x_wconf 82' lang='grc' dir='ltr'><strong>μόνου</strong></span> 
     </span>
    </p>
   </div>
   <div class='ocr_carea' id='block_1_55' title="bbox 2104 2430 3695 2509">
    <p class='ocr_par' dir='ltr' id='par_1_55' title="bbox 2104 2430 3695 2509">
     <span class='ocr_line' id='line_1_55' title="bbox 2104 2430 3695 2509; baseline -0.004 -18"><span class='ocrx_word' id='word_1_391' title='bbox 2104 2437 2365 2509; x_wconf 86' lang='grc' dir='ltr'><strong>φήσουσιν</strong></span> <span class='ocrx_word' id='word_1_392' title='bbox 2384 2436 2547 2491; x_wconf 76' lang='grc' dir='ltr'><strong>αὑτὸν</strong></span> <span class='ocrx_word' id='word_1_393' title='bbox 2567 2434 2701 2506; x_wconf 91' lang='grc'>(77).</span> <span class='ocrx_word' id='word_1_394' title='bbox 2727 2434 2823 2488; x_wconf 83' lang='grc' dir='ltr'><strong>τοῦ</strong></span> <span class='ocrx_word' id='word_1_395' title='bbox 2845 2435 2920 2507; x_wconf 80' lang='grc' dir='ltr'><strong>μή</strong></span> <span class='ocrx_word' id='word_1_396' title='bbox 2941 2435 3118 2489; x_wconf 84' lang='grc' dir='ltr'><strong>πάντα</strong></span> <span class='ocrx_word' id='word_1_397' title='bbox 3131 2432 3198 2487; x_wconf 78' lang='grc' dir='ltr'><strong>τὰ</strong></span> <span class='ocrx_word' id='word_1_398' title='bbox 3218 2431 3361 2487; x_wconf 87' lang='grc' dir='ltr'><strong>κατά</strong></span> <span class='ocrx_word' id='word_1_399' title='bbox 3389 2431 3559 2503; x_wconf 78' lang='grc' dir='ltr'><strong>μέρος</strong></span> <span class='ocrx_word' id='word_1_400' title='bbox 3575 2430 3695 2503; x_wconf 84' lang='grc'>(78)</span> 
     </span>
    </p>
   </div>
   <div class='ocr_carea' id='block_1_56' title="bbox 2102 2520 3695 2599">
    <p class='ocr_par' dir='ltr' id='par_1_56' title="bbox 2102 2520 3695 2599">
     <span class='ocr_line' id='line_1_56' title="bbox 2102 2520 3695 2599; baseline -0.004 -16"><span class='ocrx_word' id='word_1_401' title='bbox 2102 2526 2420 2593; x_wconf 83' lang='grc' dir='ltr'><strong>ἀπολέσθαι,</strong></span> <span class='ocrx_word' id='word_1_402' title='bbox 2469 2528 2558 2582; x_wconf 83' lang='grc' dir='ltr'><strong>ῖνα</strong></span> <span class='ocrx_word' id='word_1_403' title='bbox 2602 2525 2844 2599; x_wconf 80' lang='grc' dir='ltr'><strong>σώζηται</strong></span> <span class='ocrx_word' id='word_1_404' title='bbox 2887 2526 2959 2579; x_wconf 87' lang='grc' dir='ltr'><strong>τά</strong></span> <span class='ocrx_word' id='word_1_405' title='bbox 2980 2523 3119 2596; x_wconf 76' lang='grc' dir='ltr'><strong>εἴδη,</strong></span> <span class='ocrx_word' id='word_1_406' title='bbox 3179 2523 3537 2578; x_wconf 77' lang='grc' dir='ltr'><strong>λανθάνουσιν</strong></span> <span class='ocrx_word' id='word_1_407' title='bbox 3579 2520 3695 2591; x_wconf 82' lang='grc'>(79)</span> 
     </span>
    </p>
   </div>
   <div class='ocr_carea' id='block_1_57' title="bbox 2106 2614 3701 2692">
    <p class='ocr_par' dir='ltr' id='par_1_57' title="bbox 2106 2614 3701 2692">
     <span class='ocr_line' id='line_1_57' title="bbox 2106 2614 3701 2692; baseline -0.003 -20"><span class='ocrx_word' id='word_1_408' title='bbox 2106 2619 2336 2692; x_wconf 51' lang='grc' dir='ltr'><strong>ἑαυτοὺς</strong></span> <span class='ocrx_word' id='word_1_409' title='bbox 2376 2617 2651 2687; x_wconf 87' lang='grc' dir='ltr'><strong>λέγοντες,</strong></span> <span class='ocrx_word' id='word_1_410' title='bbox 2696 2614 2837 2672; x_wconf 81' lang='grc' dir='ltr'><strong>εῐναί</strong></span> <span class='ocrx_word' id='word_1_411' title='bbox 2878 2634 3000 2670; x_wconf 88' lang='grc' dir='ltr'><strong>τινα</strong></span> <span class='ocrx_word' id='word_1_412' title='bbox 3043 2615 3139 2670; x_wconf 80' lang='grc' dir='ltr'><strong>καὶ</strong></span> <span class='ocrx_word' id='word_1_413' title='bbox 3170 2616 3277 2670; x_wconf 88' lang='grc' dir='ltr'><strong>τῶν</strong></span> <span class='ocrx_word' id='word_1_414' title='bbox 3314 2614 3436 2669; x_wconf 80' lang='grc' dir='ltr'><strong>καθ’</strong></span> <span class='ocrx_word' id='word_1_415' title='bbox 3482 2615 3701 2668; x_wconf 72' lang='grc' dir='ltr'><strong>ἕκαστα</strong></span> 
     </span>
    </p>
   </div>
   <div class='ocr_carea' id='block_1_58' title="bbox 2107 2709 3697 2787">
    <p class='ocr_par' dir='ltr' id='par_1_58' title="bbox 2107 2709 3697 2787">
     <span class='ocr_line' id='line_1_58' title="bbox 2107 2709 3697 2787; baseline -0.004 -19"><span class='ocrx_word' id='word_1_416' title='bbox 2107 2714 2389 2787; x_wconf 87' lang='grc' dir='ltr'><strong>πρόνοιαν.</strong></span> <span class='ocrx_word' id='word_1_417' title='bbox 2438 2712 2657 2767; x_wconf 85' lang='grc' dir='ltr'><strong>Τούτων</strong></span> <span class='ocrx_word' id='word_1_418' title='bbox 2701 2712 2812 2784; x_wconf 80' lang='grc' dir='ltr'><strong>γὰρ</strong></span> <span class='ocrx_word' id='word_1_419' title='bbox 2847 2710 3117 2784; x_wconf 82' lang='grc' dir='ltr'><strong>προνοῶν,</strong></span> <span class='ocrx_word' id='word_1_420' title='bbox 3159 2709 3235 2773; x_wconf 83' lang='grc' dir='ltr'><strong>ὡς</strong></span> <span class='ocrx_word' id='word_1_421' title='bbox 3268 2709 3422 2763; x_wconf 78' lang='grc' dir='ltr'><strong>αὐτοὶ</strong></span> <span class='ocrx_word' id='word_1_422' title='bbox 3447 2709 3697 2777; x_wconf 84' lang='grc' dir='ltr'><strong>λέγουσι,</strong></span> 
     </span>
    </p>
   </div>
   <div class='ocr_carea' id='block_1_59' title="bbox 2109 2799 3698 2875">
    <p class='ocr_par' dir='ltr' id='par_1_59' title="bbox 2109 2799 3698 2875">
     <span class='ocr_line' id='line_1_59' title="bbox 2109 2799 3698 2875; baseline -0.004 -14"><span class='ocrx_word' id='word_1_423' title='bbox 2109 2805 2460 2875; x_wconf 81' lang='grc' dir='ltr'><strong>διαφυλάττει</strong></span> <span class='ocrx_word' id='word_1_424' title='bbox 2495 2804 2565 2859; x_wconf 82' lang='grc' dir='ltr'><strong>τὰ</strong></span> <span class='ocrx_word' id='word_1_425' title='bbox 2614 2805 2729 2874; x_wconf 74' lang='grc' dir='ltr'><strong>εἴδη</strong></span> <span class='ocrx_word' id='word_1_426' title='bbox 2768 2805 2863 2858; x_wconf 78' lang='grc' dir='ltr'><strong>καὶ</strong></span> <span class='ocrx_word' id='word_1_427' title='bbox 2896 2803 2973 2857; x_wconf 72' lang='grc' dir='ltr'><strong>τὰ</strong></span> <span class='ocrx_word' id='word_1_428' title='bbox 3016 2803 3147 2874; x_wconf 81' lang='grc' dir='ltr'><strong>γένη</strong></span> <span class='ocrx_word' id='word_1_429' title='bbox 3184 2801 3318 2872; x_wconf 83' lang='lat'><strong>(80).</strong></span> <span class='ocrx_word' id='word_1_430' title='bbox 3353 2799 3496 2853; x_wconf 78' lang='grc' dir='ltr'><strong>Ἀλλ’</strong></span> <span class='ocrx_word' id='word_1_431' title='bbox 3542 2799 3698 2855; x_wconf 78' lang='grc' dir='ltr'><strong>ἄλλοι</strong></span> 
     </span>
    </p>
   </div>
   <div class='ocr_carea' id='block_1_60' title="bbox 2107 2892 3698 2969">
    <p class='ocr_par' dir='ltr' id='par_1_60' title="bbox 2107 2892 3698 2969">
     <span class='ocr_line' id='line_1_60' title="bbox 2107 2892 3698 2969; baseline -0.005 -17"><span class='ocrx_word' id='word_1_432' title='bbox 2107 2898 2298 2969; x_wconf 72' lang='grc' dir='ltr'><strong>φασιν,</strong></span> <span class='ocrx_word' id='word_1_433' title='bbox 2353 2896 2430 2960; x_wconf 84' lang='grc' dir='ltr'><strong>ὡς</strong></span> <span class='ocrx_word' id='word_1_434' title='bbox 2459 2896 2560 2950; x_wconf 85' lang='grc' dir='ltr'><strong>ούκ</strong></span> <span class='ocrx_word' id='word_1_435' title='bbox 2588 2896 2775 2965; x_wconf 84' lang='grc' dir='ltr'><strong>ἀγνοεῖ</strong></span> <span class='ocrx_word' id='word_1_436' title='bbox 2802 2895 2923 2966; x_wconf 80' lang='grc' dir='ltr'><strong>μὲν,</strong></span> <span class='ocrx_word' id='word_1_437' title='bbox 2957 2895 3020 2948; x_wconf 81' lang='grc' dir='ltr'><strong>ού</strong></span> <span class='ocrx_word' id='word_1_438' title='bbox 3053 2894 3300 2964; x_wconf 86' lang='grc' dir='ltr'><strong>βούλεται</strong></span> <span class='ocrx_word' id='word_1_439' title='bbox 3323 2892 3381 2945; x_wconf 82' lang='grc' dir='ltr'><strong>δὲ</strong></span> <span class='ocrx_word' id='word_1_440' title='bbox 3411 2892 3526 2963; x_wconf 84' lang='grc'>(81)</span> <span class='ocrx_word' id='word_1_441' title='bbox 3555 2901 3698 2964; x_wconf 71' lang='grc' dir='ltr'><strong>προσ</strong></span> 
     </span>
    </p>
   </div>
   <div class='ocr_carea' id='block_1_61' title="bbox 2106 2987 3700 3060">
    <p class='ocr_par' dir='ltr' id='par_1_61' title="bbox 2106 2987 3700 3060">
     <span class='ocr_line' id='line_1_61' title="bbox 2106 2987 3700 3060; baseline -0.003 -16"><span class='ocrx_word' id='word_1_442' title='bbox 2106 2993 2267 3044; x_wconf 87' lang='grc' dir='ltr'><strong>νοεῖν.</strong></span> <span class='ocrx_word' id='word_1_443' title='bbox 2325 2988 2489 3043; x_wconf 78' lang='grc' dir='ltr'><strong>Ἃ).λά</strong></span> <span class='ocrx_word' id='word_1_444' title='bbox 2524 2987 2588 3042; x_wconf 92' lang='grc' dir='ltr'><strong>τὸ</strong></span> <span class='ocrx_word' id='word_1_445' title='bbox 2624 2989 2699 3060; x_wconf 80' lang='grc' dir='ltr'><strong>μὴ</strong></span> <span class='ocrx_word' id='word_1_446' title='bbox 2740 2987 3048 3058; x_wconf 86' lang='grc' dir='ltr'><strong>βούλεσθαι,</strong></span> <span class='ocrx_word' id='word_1_447' title='bbox 3073 2988 3163 3041; x_wconf 89' lang='grc' dir='ltr'><strong>διά</strong></span> <span class='ocrx_word' id='word_1_448' title='bbox 3187 2988 3281 3042; x_wconf 89' lang='grc' dir='ltr'><strong>δύο</strong></span> <span class='ocrx_word' id='word_1_449' title='bbox 3308 2988 3519 3056; x_wconf 86' lang='grc' dir='ltr'><strong>γίνεται</strong></span> <span class='ocrx_word' id='word_1_450' title='bbox 3563 3005 3700 3059; x_wconf 73' lang='grc' dir='ltr'><strong>προο</strong></span> 
     </span>
    </p>
   </div>
   <div class='ocr_carea' id='block_1_62' title="bbox 419 3079 2003 3157">
    <p class='ocr_par' dir='ltr' id='par_1_62' title="bbox 419 3079 2003 3157">
     <span class='ocr_line' id='line_1_62' title="bbox 419 3079 2003 3157; baseline -0.005 -15"><span class='ocrx_word' id='word_1_451' title='bbox 419 3096 481 3142; x_wconf 89' lang='lat' dir='ltr'><strong>ut</strong></span> <span class='ocrx_word' id='word_1_452' title='bbox 512 3084 740 3157; x_wconf 61' lang='lat' dir='ltr'><strong>ignavia:</strong></span> <span class='ocrx_word' id='word_1_453' title='bbox 768 3084 934 3139; x_wconf 87' lang='lat' dir='ltr'><strong>Deum</strong></span> <span class='ocrx_word' id='word_1_454' title='bbox 969 3080 1232 3137; x_wconf 85' lang='lat' dir='ltr'><strong>accuset?</strong></span> <span class='ocrx_word' id='word_1_455' title='bbox 1259 3079 1470 3135; x_wconf 86' lang='lat' dir='ltr'><strong>Rursus</strong></span> <span class='ocrx_word' id='word_1_456' title='bbox 1516 3080 1659 3134; x_wconf 87' lang='lat' dir='ltr'><strong>enim</strong></span> <span class='ocrx_word' id='word_1_457' title='bbox 1692 3079 1904 3134; x_wconf 86' lang='lat' dir='ltr'><strong>duabus</strong></span> <span class='ocrx_word' id='word_1_458' title='bbox 1938 3080 2003 3134; x_wconf 91' lang='lat' dir='ltr'><strong>de</strong></span> 
     </span>
    </p>
   </div>
   <div class='ocr_carea' id='block_1_63' title="bbox 419 3171 2000 3243">
    <p class='ocr_par' dir='ltr' id='par_1_63' title="bbox 419 3171 2000 3243">
     <span class='ocr_line' id='line_1_63' title="bbox 419 3171 2000 3243; baseline -0.005 -10"><span class='ocrx_word' id='word_1_459' title='bbox 419 3177 600 3233; x_wconf 85' lang='lat' dir='ltr'><strong>causis</strong></span> <span class='ocrx_word' id='word_1_460' title='bbox 635 3174 846 3243; x_wconf 84' lang='lat' dir='ltr'><strong>ignavia</strong></span> <span class='ocrx_word' id='word_1_461' title='bbox 898 3174 1220 3238; x_wconf 89' lang='lat' dir='ltr'><strong>innascitur,</strong></span> <span class='ocrx_word' id='word_1_462' title='bbox 1262 3172 1535 3243; x_wconf 90' lang='lat' dir='ltr'><strong>voluptate</strong></span> <span class='ocrx_word' id='word_1_463' title='bbox 1582 3181 1638 3226; x_wconf 92' lang='lat' dir='ltr'><strong>et</strong></span> <span class='ocrx_word' id='word_1_464' title='bbox 1692 3171 2000 3226; x_wconf 85' lang='lat' dir='ltr'><strong>timiditate.</strong></span> 
     </span>
    </p>
   </div>
   <div class='ocr_carea' id='block_1_64' title="bbox 419 3262 2007 3335">
    <p class='ocr_par' dir='ltr' id='par_1_64' title="bbox 419 3262 2007 3335">
     <span class='ocr_line' id='line_1_64' title="bbox 419 3262 2007 3335; baseline -0.004 -12"><span class='ocrx_word' id='word_1_465' title='bbox 419 3272 527 3323; x_wconf 82' lang='lat' dir='ltr'><strong>Ant</strong></span> <span class='ocrx_word' id='word_1_466' title='bbox 554 3267 698 3323; x_wconf 90' lang='lat' dir='ltr'><strong>enim</strong></span> <span class='ocrx_word' id='word_1_467' title='bbox 719 3267 994 3335; x_wconf 87' lang='lat' dir='ltr'><strong>voluptate</strong></span> <span class='ocrx_word' id='word_1_468' title='bbox 1022 3265 1199 3334; x_wconf 89' lang='lat' dir='ltr'><strong>aliqua</strong></span> <span class='ocrx_word' id='word_1_469' title='bbox 1232 3264 1418 3327; x_wconf 89' lang='lat' dir='ltr'><strong>illecti,</strong></span> <span class='ocrx_word' id='word_1_470' title='bbox 1442 3262 1619 3332; x_wconf 85' lang='lat' dir='ltr'><strong>ignavi</strong></span> <span class='ocrx_word' id='word_1_471' title='bbox 1653 3277 1877 3328; x_wconf 87' lang='lat' dir='ltr'><strong>sumus;</strong></span> <span class='ocrx_word' id='word_1_472' title='bbox 1911 3270 2007 3317; x_wconf 84' lang='lat' dir='ltr'><strong>aut</strong></span> 
     </span>
    </p>
   </div>
   <div class='ocr_carea' id='block_1_65' title="bbox 420 3349 1998 3430">
    <p class='ocr_par' dir='ltr' id='par_1_65' title="bbox 420 3349 1998 3429">
     <span class='ocr_line' id='line_1_65' title="bbox 420 3349 1998 3429; baseline -0.004 -16"><span class='ocrx_word' id='word_1_473' title='bbox 420 3368 568 3413; x_wconf 74' lang='lat' dir='ltr'><strong>metu</strong></span> <span class='ocrx_word' id='word_1_474' title='bbox 607 3358 813 3429; x_wconf 91' lang='lat' dir='ltr'><strong>aliquo,</strong></span> <span class='ocrx_word' id='word_1_475' title='bbox 849 3358 918 3412; x_wconf 88' lang='lat' dir='ltr'><strong>ab</strong></span> <span class='ocrx_word' id='word_1_476' title='bbox 946 3357 1157 3426; x_wconf 85' lang='lat' dir='ltr'><strong>agendo</strong></span> <span class='ocrx_word' id='word_1_477' title='bbox 1189 3368 1549 3408; x_wconf 83' lang='lat' dir='ltr'><strong>removentur.</strong></span> <span class='ocrx_word' id='word_1_478' title='bbox 1596 3349 1840 3419; x_wconf 84' lang='lat' dir='ltr'><strong>Quorum</strong></span> <span class='ocrx_word' id='word_1_479' title='bbox 1873 3368 1998 3407; x_wconf 90' lang='lat' dir='ltr'><strong>neu-</strong></span> 
     </span>
    </p>
   </div>
   <div class='ocr_carea' id='block_1_66' title="bbox 2111 3349 3700 3430">
    <p class='ocr_par' dir='ltr' id='par_1_66' title="bbox 2111 3357 3700 3430">
     <span class='ocr_line' id='line_1_66' title="bbox 2111 3357 3700 3430; baseline -0.002 -17"><span class='ocrx_word' id='word_1_480' title='bbox 2111 3358 2207 3413; x_wconf 76' lang='grc' dir='ltr'><strong>καὶ</strong></span> <span class='ocrx_word' id='word_1_481' title='bbox 2243 3357 2467 3420; x_wconf 87' lang='grc' dir='ltr'><strong>δειλίας.</strong></span> <span class='ocrx_word' id='word_1_482' title='bbox 2499 3359 2571 3411; x_wconf 84' lang='grc' dir='ltr'><strong>Ἦ</strong></span> <span class='ocrx_word' id='word_1_483' title='bbox 2604 3358 2715 3430; x_wconf 90' lang='grc' dir='ltr'><strong>γάρ</strong></span> <span class='ocrx_word' id='word_1_484' title='bbox 2748 3359 2839 3427; x_wconf 79' lang='grc' dir='ltr'><strong>ὑφ’</strong></span> <span class='ocrx_word' id='word_1_485' title='bbox 2878 3358 3072 3430; x_wconf 76' lang='grc' dir='ltr'><strong>ἡδονῆς</strong></span> <span class='ocrx_word' id='word_1_486' title='bbox 3102 3375 3248 3422; x_wconf 86' lang='grc' dir='ltr'><strong>τινος</strong></span> <span class='ocrx_word' id='word_1_487' title='bbox 3281 3357 3700 3429; x_wconf 84' lang='grc' dir='ltr'><strong>περιελκόμενοι</strong></span> 
     </span>
    </p>
   </div>
   <div class='ocr_carea' id='block_1_67' title="bbox 421 3448 1998 3526">
    <p class='ocr_par' dir='ltr' id='par_1_67' title="bbox 421 3449 1998 3522">
     <span class='ocr_line' id='line_1_67' title="bbox 421 3449 1998 3522; baseline -0.001 -15"><span class='ocrx_word' id='word_1_488' title='bbox 421 3463 568 3521; x_wconf 88' lang='lat' dir='ltr'><strong>trum</strong></span> <span class='ocrx_word' id='word_1_489' title='bbox 601 3454 669 3509; x_wconf 92' lang='lat' dir='ltr'><strong>de</strong></span> <span class='ocrx_word' id='word_1_490' title='bbox 697 3453 807 3509; x_wconf 88' lang='lat' dir='ltr'><strong>Deo</strong></span> <span class='ocrx_word' id='word_1_491' title='bbox 839 3452 1106 3522; x_wconf 90' lang='lat' dir='ltr'><strong>suspicari</strong></span> <span class='ocrx_word' id='word_1_492' title='bbox 1135 3450 1218 3506; x_wconf 84' lang='lat' dir='ltr'><strong>fas</strong></span> <span class='ocrx_word' id='word_1_493' title='bbox 1247 3457 1349 3506; x_wconf 87' lang='lat' dir='ltr'><strong>est.</strong></span> <span class='ocrx_word' id='word_1_494' title='bbox 1392 3450 1487 3505; x_wconf 90' lang='lat' dir='ltr'><strong>Sin</strong></span> <span class='ocrx_word' id='word_1_495' title='bbox 1538 3449 1749 3521; x_wconf 88' lang='lat' dir='ltr'><strong>ignavia</strong></span> <span class='ocrx_word' id='word_1_496' title='bbox 1785 3450 1998 3519; x_wconf 90' lang='lat' dir='ltr'><strong>quidem</strong></span> 
     </span>
    </p>
   </div>
   <div class='ocr_carea' id='block_1_68' title="bbox 2111 3448 3699 3526">
    <p class='ocr_par' dir='ltr' id='par_1_68' title="bbox 2114 3448 3699 3526">
     <span class='ocr_line' id='line_1_68' title="bbox 2114 3448 3699 3526; baseline 0.001 -23"><span class='ocrx_word' id='word_1_497' title='bbox 2114 3448 2466 3521; x_wconf 73' lang='grc' dir='ltr'><strong>ρᾳθυμοῦμεν</strong></span> <span class='ocrx_word' id='word_1_498' title='bbox 2487 3448 2621 3521; x_wconf 77' lang='grc'>(85),</span> <span class='ocrx_word' id='word_1_499' title='bbox 2651 3449 2685 3521; x_wconf 79' lang='grc' dir='ltr'>ἢ</span> <span class='ocrx_word' id='word_1_500' title='bbox 2710 3450 2802 3504; x_wconf 84' lang='grc' dir='ltr'><strong>διὰ</strong></span> <span class='ocrx_word' id='word_1_501' title='bbox 2828 3450 2991 3526; x_wconf 74' lang='grc' dir='ltr'><strong>φόϐον</strong></span> <span class='ocrx_word' id='word_1_502' title='bbox 3010 3449 3376 3521; x_wconf 81' lang='grc' dir='ltr'><strong>ἀφιστάμεθα.</strong></span> <span class='ocrx_word' id='word_1_503' title='bbox 3400 3449 3699 3522; x_wconf 84' lang='grc' dir='ltr'><strong>Οὑδέτερον</strong></span> 
     </span>
    </p>
   </div>
   <div class='ocr_carea' id='block_1_69' title="bbox 424 3541 1998 3615">
    <p class='ocr_par' dir='ltr' id='par_1_69' title="bbox 424 3542 1998 3612">
     <span class='ocr_line' id='line_1_69' title="bbox 424 3542 1998 3612; baseline -0.001 -12"><span class='ocrx_word' id='word_1_504' title='bbox 424 3546 593 3600; x_wconf 88' lang='lat' dir='ltr'><strong>Deum</strong></span> <span class='ocrx_word' id='word_1_505' title='bbox 629 3544 882 3612; x_wconf 88' lang='lat' dir='ltr'><strong>liberant,</strong></span> <span class='ocrx_word' id='word_1_506' title='bbox 925 3543 1019 3599; x_wconf 86' lang='lat' dir='ltr'><strong>sed</strong></span> <span class='ocrx_word' id='word_1_507' title='bbox 1057 3542 1132 3597; x_wconf 92' lang='lat' dir='ltr'><strong>illi</strong></span> <span class='ocrx_word' id='word_1_508' title='bbox 1165 3542 1483 3598; x_wconf 86' lang='lat' dir='ltr'><strong>indecorum</strong></span> <span class='ocrx_word' id='word_1_509' title='bbox 1519 3542 1621 3596; x_wconf 85' lang='lat' dir='ltr'><strong>hoc</strong></span> <span class='ocrx_word' id='word_1_510' title='bbox 1673 3555 1842 3611; x_wconf 89' lang='lat' dir='ltr'><strong>genus</strong></span> <span class='ocrx_word' id='word_1_511' title='bbox 1882 3556 1998 3611; x_wconf 90' lang='lat' dir='ltr'><strong>pro-</strong></span> 
     </span>
    </p>
   </div>
   <div class='ocr_carea' id='block_1_70' title="bbox 2111 3541 3699 3615">
    <p class='ocr_par' dir='ltr' id='par_1_70' title="bbox 2113 3541 3699 3615">
     <span class='ocr_line' id='line_1_70' title="bbox 2113 3541 3699 3615; baseline 0 -19"><span class='ocrx_word' id='word_1_512' title='bbox 2113 3541 2171 3595; x_wconf 89' lang='grc' dir='ltr'><strong>δὲ</strong></span> <span class='ocrx_word' id='word_1_513' title='bbox 2204 3541 2316 3613; x_wconf 76' lang='grc'>(84)</span> <span class='ocrx_word' id='word_1_514' title='bbox 2344 3542 2549 3598; x_wconf 87' lang='grc' dir='ltr'><strong>τούτων</strong></span> <span class='ocrx_word' id='word_1_515' title='bbox 2574 3542 3171 3615; x_wconf 73' lang='grc' dir='ltr'><strong>θεμιτὸνδιανοηθῆναι</strong></span> <span class='ocrx_word' id='word_1_516' title='bbox 3195 3543 3326 3614; x_wconf 79' lang='grc' dir='ltr'><strong>περὶ</strong></span> <span class='ocrx_word' id='word_1_517' title='bbox 3356 3541 3514 3598; x_wconf 79' lang='grc' dir='ltr'><strong>Θεοῦ.</strong></span> <span class='ocrx_word' id='word_1_518' title='bbox 3549 3543 3615 3597; x_wconf 79' lang='lat' dir='ltr'><strong>Ei</strong></span> <span class='ocrx_word' id='word_1_519' title='bbox 3639 3543 3699 3596; x_wconf 68' lang='grc' dir='ltr'><strong>δὲ</strong></span> 
     </span>
    </p>
   </div>
   <div class='ocr_carea' id='block_1_71' title="bbox 2108 3076 3698 3151">
    <p class='ocr_par' dir='ltr' id='par_1_71' title="bbox 2108 3076 3698 3151">
     <span class='ocr_line' id='line_1_71' title="bbox 2108 3076 3698 3151; baseline -0.003 -16"><span class='ocrx_word' id='word_1_520' title='bbox 2108 3081 2323 3151; x_wconf 82' lang='grc' dir='ltr'><strong>φάσεις,</strong></span> <span class='ocrx_word' id='word_1_521' title='bbox 2360 3080 2395 3150; x_wconf 83' lang='grc' dir='ltr'>ἢ</span> <span class='ocrx_word' id='word_1_522' title='bbox 2419 3079 2507 3134; x_wconf 86' lang='grc' dir='ltr'><strong>διὰ</strong></span> <span class='ocrx_word' id='word_1_523' title='bbox 2544 3079 2836 3151; x_wconf 64' lang='grc' dir='ltr'><strong>ρᾳθυμίαν,</strong></span> <span class='ocrx_word' id='word_1_524' title='bbox 2868 3080 2903 3150; x_wconf 86' lang='grc' dir='ltr'><strong>ή</strong></span> <span class='ocrx_word' id='word_1_525' title='bbox 2943 3080 3031 3133; x_wconf 82' lang='grc' dir='ltr'><strong>διὰ</strong></span> <span class='ocrx_word' id='word_1_526' title='bbox 3064 3079 3128 3132; x_wconf 93' lang='grc' dir='ltr'><strong>τὸ</strong></span> <span class='ocrx_word' id='word_1_527' title='bbox 3156 3079 3428 3149; x_wconf 83' lang='grc' dir='ltr'><strong>ἀπρεπές.</strong></span> <span class='ocrx_word' id='word_1_528' title='bbox 3467 3076 3578 3133; x_wconf 71' lang='grc' dir='ltr'><strong>Καὶ</strong></span> <span class='ocrx_word' id='word_1_529' title='bbox 3610 3079 3698 3142; x_wconf 82' lang='grc' dir='ltr'><strong>τίς</strong></span> 
     </span>
    </p>
   </div>
   <div class='ocr_carea' id='block_1_72' title="bbox 2111 3170 3696 3255">
    <p class='ocr_par' dir='ltr' id='par_1_72' title="bbox 2111 3170 3696 3255">
     <span class='ocr_line' id='line_1_72' title="bbox 2111 3170 3696 3255; baseline -0.001 -27"><span class='ocrx_word' id='word_1_530' title='bbox 2111 3174 2178 3228; x_wconf 82' lang='grc' dir='ltr'>ἂν</span> <span class='ocrx_word' id='word_1_531' title='bbox 2212 3174 2286 3245; x_wconf 85' lang='grc' dir='ltr'><strong>μή</strong></span> <span class='ocrx_word' id='word_1_532' title='bbox 2317 3172 2642 3244; x_wconf 86' lang='grc' dir='ltr'><strong>μαινόμενος</strong></span> <span class='ocrx_word' id='word_1_533' title='bbox 2669 3173 2803 3255; x_wconf 79' lang='lat'><strong>(82),</strong></span> <span class='ocrx_word' id='word_1_534' title='bbox 2822 3172 3099 3246; x_wconf 69' lang='grc' dir='ltr'><strong>ῥᾳθυμίας</strong></span> <span class='ocrx_word' id='word_1_535' title='bbox 3121 3170 3302 3227; x_wconf 80' lang='grc' dir='ltr'><strong>αἰτίαν</strong></span> <span class='ocrx_word' id='word_1_536' title='bbox 3326 3172 3523 3241; x_wconf 76' lang='grc' dir='ltr'><strong>ἐπάγοι</strong></span> <span class='ocrx_word' id='word_1_537' title='bbox 3539 3172 3696 3243; x_wconf 82' lang='grc' dir='ltr'><strong>Θεῷ;</strong></span> 
     </span>
    </p>
   </div>
   <div class='ocr_carea' id='block_1_73' title="bbox 2112 3262 3701 3337">
    <p class='ocr_par' dir='ltr' id='par_1_73' title="bbox 2112 3262 3701 3337">
     <span class='ocr_line' id='line_1_73' title="bbox 2112 3262 3701 3337; baseline 0 -19"><span class='ocrx_word' id='word_1_538' title='bbox 2112 3264 2284 3318; x_wconf 87' lang='grc' dir='ltr'><strong>Πάλιν</strong></span> <span class='ocrx_word' id='word_1_539' title='bbox 2307 3262 2418 3334; x_wconf 83' lang='grc' dir='ltr'><strong>γὰρ</strong></span> <span class='ocrx_word' id='word_1_540' title='bbox 2446 3264 2553 3317; x_wconf 81' lang='grc' dir='ltr'><strong>ὑπὸ</strong></span> <span class='ocrx_word' id='word_1_541' title='bbox 2574 3264 2670 3318; x_wconf 91' lang='grc' dir='ltr'><strong>δύο</strong></span> <span class='ocrx_word' id='word_1_542' title='bbox 2699 3264 2903 3318; x_wconf 89' lang='grc' dir='ltr'><strong>τούτων</strong></span> <span class='ocrx_word' id='word_1_543' title='bbox 2935 3263 3179 3337; x_wconf 75' lang='grc' dir='ltr'><strong>ῥᾳθυμία</strong></span> <span class='ocrx_word' id='word_1_544' title='bbox 3207 3265 3473 3326; x_wconf 88' lang='grc' dir='ltr'><strong>τίκτεται,</strong></span> <span class='ocrx_word' id='word_1_545' title='bbox 3499 3264 3701 3335; x_wconf 82' lang='grc' dir='ltr'><strong>ήδονῆς</strong></span> 
     </span>
    </p>
   </div>
   <div class='ocr_carea' id='block_1_74' title="bbox 2030 3132 2072 3191">
    <p class='ocr_par' dir='ltr' id='par_1_74' title="bbox 2030 3132 2072 3191">
     <span class='ocr_line' id='line_1_74' title="bbox 2030 3132 2072 3191; baseline 0 0"><span class='ocrx_word' id='word_1_546' title='bbox 2030 3132 2072 3191; x_wconf 89' lang='lat' dir='ltr'><strong><em>C</em></strong></span> 
     </span>
    </p>
   </div>
   <div class='ocr_carea' id='block_1_75' title="bbox 1613 3718 2523 3779">
    <p class='ocr_par' dir='ltr' id='par_1_75' title="bbox 1613 3718 2523 3779">
     <span class='ocr_line' id='line_1_75' title="bbox 1613 3718 2523 3779; baseline 0.002 -2"><span class='ocrx_word' id='word_1_547' title='bbox 1613 3722 1770 3777; x_wconf 80' lang='lat' dir='ltr'><strong>VAR.</strong></span> <span class='ocrx_word' id='word_1_548' title='bbox 1812 3718 2015 3777; x_wconf 86' lang='lat' dir='ltr'><strong>LECT.</strong></span> <span class='ocrx_word' id='word_1_549' title='bbox 2056 3720 2146 3779; x_wconf 85' lang='lat' dir='ltr'><strong>ET</strong></span> <span class='ocrx_word' id='word_1_550' title='bbox 2187 3721 2523 3779; x_wconf 81' lang='lat' dir='ltr'><strong>ANIMADV.</strong></span> 
     </span>
    </p>
   </div>
   <div class='ocr_carea' id='block_1_76' title="bbox 495 3846 2009 3918">
    <p class='ocr_par' dir='ltr' id='par_1_76' title="bbox 495 3846 2009 3918">
     <span class='ocr_line' id='line_1_76' title="bbox 495 3846 2009 3918; baseline 0.001 -17"><span class='ocrx_word' id='word_1_551' title='bbox 495 3846 611 3918; x_wconf 83' lang='lat'><strong>(66)</strong></span> <span class='ocrx_word' id='word_1_552' title='bbox 660 3846 1383 3918; x_wconf 71' lang='grc' dir='ltr'><strong>Ἀντιπαρακελευόμενος</strong></span> <span class='ocrx_word' id='word_1_553' title='bbox 1409 3873 1481 3918; x_wconf 54' lang='lat'><em>5-</em></span> <span class='ocrx_word' id='word_1_554' title='bbox 1511 3847 1725 3918; x_wconf 80' lang='grc' dir='ltr'><strong>ἕργοις.</strong></span> <span class='ocrx_word' id='word_1_555' title='bbox 1759 3848 2009 3902; x_wconf 65' lang='grc' dir='ltr'><strong>Ἀντιπω</strong></span> 
     </span>
    </p>
   </div>
   <div class='ocr_carea' id='block_1_77' title="bbox 425 3917 2006 3992">
    <p class='ocr_par' dir='ltr' id='par_1_77' title="bbox 425 3917 2006 3992">
     <span class='ocr_line' id='line_1_77' title="bbox 425 3917 2006 3992; baseline 0 -21"><span class='ocrx_word' id='word_1_556' title='bbox 425 3917 819 3992; x_wconf 36' lang='grc' dir='ltr'><strong>ρακελεύε-σθαι</strong></span> <span class='ocrx_word' id='word_1_557' title='bbox 853 3920 1192 3992; x_wconf 86' lang='lat' dir='ltr'><strong>probum_est</strong></span> <span class='ocrx_word' id='word_1_558' title='bbox 1215 3917 1846 3992; x_wconf 73' lang='lat' dir='ltr'><strong>vocabulum,_uotatque</strong></span> <span class='ocrx_word' id='word_1_559' title='bbox 1874 3933 2006 3992; x_wconf 72' lang='lat' dir='ltr'><strong>con-</strong></span> 
     </span>
    </p>
   </div>
   <div class='ocr_carea' id='block_1_78' title="bbox 427 3986 2003 4058">
    <p class='ocr_par' dir='ltr' id='par_1_78' title="bbox 427 3986 2003 4058">
     <span class='ocr_line' id='line_1_78' title="bbox 427 3986 2003 4058; baseline 0 -16"><span class='ocrx_word' id='word_1_560' title='bbox 427 3986 598 4043; x_wconf 78' lang='lat' dir='ltr'><strong>traria</strong></span> <span class='ocrx_word' id='word_1_561' title='bbox 624 3989 832 4056; x_wconf 81' lang='lat' dir='ltr'><strong>jubere,</strong></span> <span class='ocrx_word' id='word_1_562' title='bbox 866 3997 1053 4058; x_wconf 76' lang='lat' dir='ltr'><strong>contra</strong></span> <span class='ocrx_word' id='word_1_563' title='bbox 1084 3987 1311 4040; x_wconf 87' lang='lat' dir='ltr'><strong>hortari.</strong></span> <span class='ocrx_word' id='word_1_564' title='bbox 1345 3986 1780 4058; x_wconf 76' lang='lat' dir='ltr'><strong>llabet&#39;fbucyd.</strong></span> <span class='ocrx_word' id='word_1_565' title='bbox 1812 4003 1885 4049; x_wconf 72' lang='lat' dir='ltr'><strong>vr,</strong></span> <span class='ocrx_word' id='word_1_566' title='bbox 1914 3988 2003 4051; x_wconf 79' lang='grc'><strong>15,</strong></span> 
     </span>
    </p>
   </div>
   <div class='ocr_carea' id='block_1_79' title="bbox 426 4056 2000 4127">
    <p class='ocr_par' dir='ltr' id='par_1_79' title="bbox 426 4056 2000 4127">
     <span class='ocr_line' id='line_1_79' title="bbox 426 4056 2000 4127; baseline 0 -15"><span class='ocrx_word' id='word_1_567' title='bbox 426 4058 672 4127; x_wconf 79' lang='lat' dir='ltr'><strong>Xennph.</strong></span> <span class='ocrx_word' id='word_1_568' title='bbox 704 4073 755 4126; x_wconf 89' lang='lat' dir='ltr'><strong>p.</strong></span> <span class='ocrx_word' id='word_1_569' title='bbox 788 4058 878 4121; x_wconf 81' lang='lat'><strong>82,</strong></span> <span class='ocrx_word' id='word_1_570' title='bbox 914 4056 1005 4111; x_wconf 84' lang='lat'><strong>85.</strong></span> <span class='ocrx_word' id='word_1_571' title='bbox 1036 4058 1292 4111; x_wconf 81' lang='lat' dir='ltr'><strong>Attamen</strong></span> <span class='ocrx_word' id='word_1_572' title='bbox 1325 4057 1505 4112; x_wconf 90' lang='lat' dir='ltr'><strong>minus</strong></span> <span class='ocrx_word' id='word_1_573' title='bbox 1537 4068 1663 4126; x_wconf 88' lang='lat' dir='ltr'><strong>apte</strong></span> <span class='ocrx_word' id='word_1_574' title='bbox 1696 4056 1915 4111; x_wconf 44' lang='lat' dir='ltr'><strong>&#39;videtur</strong></span> <span class='ocrx_word' id='word_1_575' title='bbox 1943 4059 2000 4112; x_wconf 91' lang='lat' dir='ltr'><strong>h.</strong></span> 
     </span>
    </p>
   </div>
   <div class='ocr_carea' id='block_1_80' title="bbox 428 4127 1997 4201">
    <p class='ocr_par' dir='ltr' id='par_1_80' title="bbox 428 4127 1997 4201">
     <span class='ocr_line' id='line_1_80' title="bbox 428 4127 1997 4201; baseline -0.001 -17"><span class='ocrx_word' id='word_1_576' title='bbox 428 4133 464 4184; x_wconf 94' lang='grc' dir='ltr'><strong>Ι.</strong></span> <span class='ocrx_word' id='word_1_577' title='bbox 516 4130 664 4198; x_wconf 89' lang='lat' dir='ltr'><strong>jnngi</strong></span> <span class='ocrx_word' id='word_1_578' title='bbox 704 4129 907 4201; x_wconf 75' lang='grc' dir='ltr'><strong>ἔργοις.</strong></span> <span class='ocrx_word' id='word_1_579' title='bbox 953 4130 1285 4201; x_wconf 76' lang='lat' dir='ltr'><strong>Alterutrum</strong></span> <span class='ocrx_word' id='word_1_580' title='bbox 1323 4127 1717 4201; x_wconf 75' lang='lat' dir='ltr'><strong>ergo_dubium</strong></span> <span class='ocrx_word' id='word_1_581' title='bbox 1764 4129 1871 4201; x_wconf 61' lang='lat' dir='ltr'><strong>vidi</strong></span> <span class='ocrx_word' id='word_1_582' title='bbox 1889 4135 1997 4184; x_wconf 88' lang='lat' dir='ltr'><strong>tur.</strong></span> 
     </span>
    </p>
   </div>
   <div class='ocr_carea' id='block_1_81' title="bbox 422 4197 2003 4269">
    <p class='ocr_par' dir='ltr' id='par_1_81' title="bbox 422 4197 2003 4269">
     <span class='ocr_line' id='line_1_81' title="bbox 422 4197 2003 4269; baseline -0.004 -14"><span class='ocrx_word' id='word_1_583' title='bbox 422 4197 665 4269; x_wconf 29' lang='lat' dir='ltr'><strong>Conjici’o</strong></span> <span class='ocrx_word' id='word_1_584' title='bbox 685 4197 814 4269; x_wconf 81' lang='lat' dir='ltr'><strong>ergo</strong></span> <span class='ocrx_word' id='word_1_585' title='bbox 837 4210 929 4253; x_wconf 90' lang='lat' dir='ltr'><strong>aut</strong></span> <span class='ocrx_word' id='word_1_586' title='bbox 951 4198 1193 4269; x_wconf 85' lang='grc' dir='ltr'><strong>θεσμοῖς,</strong></span> <span class='ocrx_word' id='word_1_587' title='bbox 1220 4197 1426 4268; x_wconf 89' lang='grc' dir='ltr'><strong>νόμοις,</strong></span> <span class='ocrx_word' id='word_1_588' title='bbox 1458 4197 1625 4267; x_wconf 82' lang='grc' dir='ltr'><strong>ὅροις,</strong></span> <span class='ocrx_word' id='word_1_589' title='bbox 1655 4206 1747 4251; x_wconf 84' lang='lat' dir='ltr'><strong>aut</strong></span> <span class='ocrx_word' id='word_1_590' title='bbox 1771 4198 2003 4250; x_wconf 78' lang='grc' dir='ltr'><strong>ἀντιπα-</strong></span> 
     </span>
    </p>
   </div>
   <div class='ocr_carea' id='block_1_82' title="bbox 462 4269 1996 4341">
    <p class='ocr_par' dir='ltr' id='par_1_82' title="bbox 462 4269 1996 4341">
     <span class='ocr_line' id='line_1_82' title="bbox 462 4269 1996 4341; baseline -0.001 -18"><span class='ocrx_word' id='word_1_591' title='bbox 462 4269 858 4341; x_wconf 82' lang='grc' dir='ltr'><strong>αταττόμενος,</strong></span> <span class='ocrx_word' id='word_1_592' title='bbox 901 4270 985 4341; x_wconf 85' lang='lat' dir='ltr'><strong>vel</strong></span> <span class='ocrx_word' id='word_1_593' title='bbox 1038 4269 1215 4341; x_wconf 76' lang='lat' dir='ltr'><strong>simile</strong></span> <span class='ocrx_word' id='word_1_594' title='bbox 1263 4269 1412 4341; x_wconf 86' lang='lat' dir='ltr'><strong>quid.</strong></span> <span class='ocrx_word' id='word_1_595' title='bbox 1467 4269 1617 4328; x_wconf 66' lang='lat' dir='ltr'><strong>tione</strong></span> <span class='ocrx_word' id='word_1_596' title='bbox 1671 4286 1685 4322; x_wconf 88' lang='lat'><strong>:</strong></span> <span class='ocrx_word' id='word_1_597' title='bbox 1746 4270 1996 4323; x_wconf 73' lang='lat' dir='ltr'><strong>retinens.</strong></span> 
     </span>
    </p>
   </div>
   <div class='ocr_carea' id='block_1_83' title="bbox 473 4339 1642 4408">
    <p class='ocr_par' dir='ltr' id='par_1_83' title="bbox 473 4339 1642 4408">
     <span class='ocr_line' id='line_1_83' title="bbox 473 4339 1642 4408; baseline -0.005 -14"><span class='ocrx_word' id='word_1_598' title='bbox 473 4342 576 4394; x_wconf 85' lang='lat' dir='ltr'><strong>alia</strong></span> <span class='ocrx_word' id='word_1_599' title='bbox 608 4358 621 4395; x_wconf 89' lang='lat'><strong>:</strong></span> <span class='ocrx_word' id='word_1_600' title='bbox 649 4339 677 4392; x_wconf 13' lang='grc' dir='ltr'><strong>«ἡ</strong></span> <span class='ocrx_word' id='word_1_601' title='bbox 697 4345 748 4394; x_wconf 90' lang='lat' dir='ltr'><strong>in</strong></span> <span class='ocrx_word' id='word_1_602' title='bbox 780 4339 1129 4408; x_wconf 79' lang='lat' dir='ltr'><strong>providentia:</strong></span> <span class='ocrx_word' id='word_1_603' title='bbox 1154 4353 1316 4407; x_wconf 81' lang='lat' dir='ltr'><strong>opera</strong></span> <span class='ocrx_word' id='word_1_604' title='bbox 1346 4340 1642 4391; x_wconf 63' lang='lat' dir='ltr'><strong>invectus.»</strong></span> 
     </span>
    </p>
   </div>
   <div class='ocr_carea' id='block_1_84' title="bbox 422 4410 865 4536">
    <p class='ocr_par' dir='ltr' id='par_1_84' title="bbox 422 4410 865 4536">
     <span class='ocr_line' id='line_1_84' title="bbox 422 4410 865 4536; baseline -0.007 0"><span class='ocrx_word' id='word_1_605' title='bbox 422 4410 865 4536; x_wconf 48' lang='grc' dir='ltr'><strong>σιξῗῖιοῖἷίῗῇ</strong></span> 
     </span>
    </p>
   </div>
   <div class='ocr_carea' id='block_1_85' title="bbox 425 4549 1997 4618">
    <p class='ocr_par' dir='ltr' id='par_1_85' title="bbox 425 4549 1997 4618">
     <span class='ocr_line' id='line_1_85' title="bbox 425 4549 1997 4618; baseline -0.004 -14"><span class='ocrx_word' id='word_1_606' title='bbox 425 4567 548 4618; x_wconf 82' lang='lat' dir='ltr'><strong>cap.</strong></span> <span class='ocrx_word' id='word_1_607' title='bbox 572 4549 831 4603; x_wconf 23' lang='lat' dir='ltr'><strong>61-‘Dttcit</strong></span> <span class='ocrx_word' id='word_1_608' title='bbox 851 4549 1195 4602; x_wconf 77' lang='lat' dir='ltr'><strong>Aristotelem</strong></span> <span class='ocrx_word' id='word_1_609' title='bbox 1222 4549 1288 4602; x_wconf 79' lang='lat' dir='ltr'><strong>ad</strong></span> <span class='ocrx_word' id='word_1_610' title='bbox 1317 4562 1509 4617; x_wconf 80' lang='lat' dir='ltr'><strong>magna</strong></span> <span class='ocrx_word' id='word_1_611' title='bbox 1538 4550 1997 4613; x_wconf 80' lang='lat' dir='ltr'><strong>inconvenientia,</strong></span> 
     </span>
    </p>
   </div>
   <div class='ocr_carea' id='block_1_86' title="bbox 427 4617 1974 4686">
    <p class='ocr_par' dir='ltr' id='par_1_86' title="bbox 427 4617 1974 4686">
     <span class='ocr_line' id='line_1_86' title="bbox 427 4617 1974 4686; baseline -0.005 -11"><span class='ocrx_word' id='word_1_612' title='bbox 427 4622 476 4675; x_wconf 78' lang='lat' dir='ltr'><strong>si</strong></span> <span class='ocrx_word' id='word_1_613' title='bbox 501 4617 656 4673; x_wconf 84' lang='lat' dir='ltr'><strong>Deus</strong></span> <span class='ocrx_word' id='word_1_614' title='bbox 688 4622 992 4686; x_wconf 81' lang='lat' dir='ltr'><strong>provideret</strong></span> <span class='ocrx_word' id='word_1_615' title='bbox 1019 4617 1245 4683; x_wconf 84' lang='lat' dir='ltr'><strong>singulis</strong></span> <span class='ocrx_word' id='word_1_616' title='bbox 1282 4618 1590 4671; x_wconf 86' lang='lat' dir='ltr'><strong>hominibus</strong></span> <span class='ocrx_word' id='word_1_617' title='bbox 1631 4631 1723 4671; x_wconf 89' lang='lat' dir='ltr'><strong>aut</strong></span> <span class='ocrx_word' id='word_1_618' title='bbox 1755 4624 1933 4671; x_wconf 85' lang='lat' dir='ltr'><strong>rebus.</strong></span> <span class='ocrx_word' id='word_1_619' title='bbox 1955 4632 1974 4663; x_wconf 76' lang='grc' dir='ltr'><strong>ι</strong></span> 
     </span>
    </p>
   </div>
   <div class='ocr_carea' id='block_1_87' title="bbox 364 4686 2001 4811">
    <p class='ocr_par' dir='ltr' id='par_1_87' title="bbox 364 4686 2001 4811">
     <span class='ocr_line' id='line_1_87' title="bbox 364 4686 2001 4811; baseline -0.001 -69"><span class='ocrx_word' id='word_1_620' title='bbox 364 4689 381 4703; x_wconf 69' lang='grc'>⁸</span> <span class='ocrx_word' id='word_1_621' title='bbox 492 4688 603 4811; x_wconf 52' lang='grc'>(631)</span> <span class='ocrx_word' id='word_1_622' title='bbox 653 4691 735 4777; x_wconf 70' lang='grc' dir='ltr'>ρύ</span> <span class='ocrx_word' id='word_1_623' title='bbox 783 4689 977 4773; x_wconf 49' lang='grc' dir='ltr'><strong>παρὸν</strong></span> <span class='ocrx_word' id='word_1_624' title='bbox 1031 4686 1235 4753; x_wconf 83' lang='grc' dir='ltr'><strong>αὐτοῖς</strong></span> <span class='ocrx_word' id='word_1_625' title='bbox 1278 4688 1619 4756; x_wconf 73' lang='grc' dir='ltr'><strong>ἀπρονόητα</strong></span> <span class='ocrx_word' id='word_1_626' title='bbox 1668 4687 1888 4756; x_wconf 77' lang='grc' dir='ltr'><strong>λέγειν.</strong></span> <span class='ocrx_word' id='word_1_627' title='bbox 1925 4688 2001 4740; x_wconf 80' lang='grc' dir='ltr'><strong>Οὐ</strong></span> 
     </span>
     <span class='ocr_line' id='line_1_88' title="bbox 425 4758 1999 4811; baseline 0 0"><span class='ocrx_word' id='word_1_628' title='bbox 425 4776 496 4811; x_wconf 85' lang='grc' dir='ltr'><strong>κα</strong></span> <span class='ocrx_word' id='word_1_629' title='bbox 529 4777 604 4811; x_wconf 80' lang='grc' dir='ltr'><strong>ωε</strong></span> <span class='ocrx_word' id='word_1_630' title='bbox 636 4761 818 4811; x_wconf 76' lang='grc' dir='ltr'><strong>αυτοῖς</strong></span> <span class='ocrx_word' id='word_1_631' title='bbox 850 4759 1161 4811; x_wconf 72' lang='grc' dir='ltr'><strong>ἀπρονόητα</strong></span> <span class='ocrx_word' id='word_1_632' title='bbox 1198 4759 1435 4811; x_wconf 83' lang='grc' dir='ltr'><strong>λέγεται.</strong></span> <span class='ocrx_word' id='word_1_633' title='bbox 1472 4760 1537 4811; x_wconf 88' lang='lat' dir='ltr'><strong>A.</strong></span> <span class='ocrx_word' id='word_1_634' title='bbox 1579 4758 1635 4811; x_wconf 86' lang='lat'><strong>2.</strong></span> <span class='ocrx_word' id='word_1_635' title='bbox 1686 4759 1746 4811; x_wconf 89' lang='lat' dir='ltr'><strong>D.</strong></span> <span class='ocrx_word' id='word_1_636' title='bbox 1786 4759 1838 4811; x_wconf 85' lang='lat' dir='ltr'><strong>l.</strong></span> <span class='ocrx_word' id='word_1_637' title='bbox 1874 4758 1999 4811; x_wconf 79' lang='lat' dir='ltr'><strong>0x..</strong></span> 
     </span>
    </p>
   </div>
   <div class='ocr_carea' id='block_1_88' title="bbox 425 4758 1999 4829">
    <p class='ocr_par' dir='ltr' id='par_1_88' title="bbox 425 4758 1999 4829">
     <span class='ocr_line' id='line_1_89' title="bbox 425 4758 1999 4829; baseline -0.001 -17"><span class='ocrx_word' id='word_1_638' title='bbox 425 4758 604 4823; x_wconf 85' lang='grc' dir='ltr'><strong>καλῶς</strong></span> <span class='ocrx_word' id='word_1_639' title='bbox 636 4760 818 4829; x_wconf 78' lang='grc' dir='ltr'><strong>αὐτοῖς</strong></span> <span class='ocrx_word' id='word_1_640' title='bbox 844 4759 1161 4829; x_wconf 86' lang='grc' dir='ltr'><strong>ἀπρονόητα</strong></span> <span class='ocrx_word' id='word_1_641' title='bbox 1198 4759 1436 4827; x_wconf 82' lang='grc' dir='ltr'><strong>λέγεται,</strong></span> <span class='ocrx_word' id='word_1_642' title='bbox 1472 4760 1537 4813; x_wconf 84' lang='grc' dir='ltr'><strong>Α.</strong></span> <span class='ocrx_word' id='word_1_643' title='bbox 1579 4758 1635 4823; x_wconf 94' lang='lat'><strong>2,</strong></span> <span class='ocrx_word' id='word_1_644' title='bbox 1686 4759 1746 4813; x_wconf 88' lang='lat' dir='ltr'><strong>D.</strong></span> <span class='ocrx_word' id='word_1_645' title='bbox 1786 4759 1838 4822; x_wconf 90' lang='grc'><strong>1,</strong></span> <span class='ocrx_word' id='word_1_646' title='bbox 1874 4758 1999 4821; x_wconf 74' lang='grc' dir='ltr'><strong>Οχ.,</strong></span> 
     </span>
    </p>
   </div>
   <div class='ocr_carea' id='block_1_89' title="bbox 425 4827 1996 4891">
    <p class='ocr_par' dir='ltr' id='par_1_89' title="bbox 425 4827 1996 4891">
     <span class='ocr_line' id='line_1_90' title="bbox 425 4827 1996 4891; baseline -0.002 -8"><span class='ocrx_word' id='word_1_647' title='bbox 425 4830 560 4883; x_wconf 82' lang='lat' dir='ltr'><strong>Con.</strong></span> <span class='ocrx_word' id='word_1_648' title='bbox 610 4830 716 4884; x_wconf 86' lang='lat' dir='ltr'><strong>Sed</strong></span> <span class='ocrx_word' id='word_1_649' title='bbox 756 4827 1194 4883; x_wconf 32' lang='lat' dir='ltr'><strong>VallattUt‘eis</strong></span> <span class='ocrx_word' id='word_1_650' title='bbox 1240 4830 1464 4882; x_wconf 87' lang='lat' dir='ltr'><strong>minime</strong></span> <span class='ocrx_word' id='word_1_651' title='bbox 1509 4839 1656 4884; x_wconf 87' lang='lat' dir='ltr'><strong>recte</strong></span> <span class='ocrx_word' id='word_1_652' title='bbox 1700 4830 1868 4881; x_wconf 76' lang='lat' dir='ltr'><strong>visum</strong></span> <span class='ocrx_word' id='word_1_653' title='bbox 1900 4842 1996 4891; x_wconf 73' lang='grc' dir='ltr'><strong>εει,</strong></span> 
     </span>
    </p>
   </div>
   <div class='ocr_carea' id='block_1_90' title="bbox 427 4897 1808 4965">
    <p class='ocr_par' dir='ltr' id='par_1_90' title="bbox 427 4897 1808 4965">
     <span class='ocr_line' id='line_1_91' title="bbox 427 4897 1808 4965; baseline -0.001 -13"><span class='ocrx_word' id='word_1_654' title='bbox 427 4900 723 4965; x_wconf 84' lang='lat' dir='ltr'><strong>improvisa</strong></span> <span class='ocrx_word' id='word_1_655' title='bbox 758 4899 1004 4952; x_wconf 64' lang='lat' dir='ltr'><strong>diciJUt‘:</strong></span> <span class='ocrx_word' id='word_1_656' title='bbox 1038 4897 1218 4961; x_wconf 86' lang='grc' dir='ltr'><strong>καλῶς</strong></span> <span class='ocrx_word' id='word_1_657' title='bbox 1257 4901 1417 4952; x_wconf 85' lang='lat' dir='ltr'><strong>habet</strong></span> <span class='ocrx_word' id='word_1_658' title='bbox 1448 4899 1609 4952; x_wconf 89' lang='lat' dir='ltr'><strong>etiam</strong></span> <span class='ocrx_word' id='word_1_659' title='bbox 1652 4898 1723 4953; x_wconf 82' lang='grc' dir='ltr'><strong>Μ.</strong></span> <span class='ocrx_word' id='word_1_660' title='bbox 1754 4899 1808 4951; x_wconf 91' lang='lat'><strong>2.</strong></span> 
     </span>
    </p>
   </div>
   <div class='ocr_carea' id='block_1_91' title="bbox 494 4967 1815 5040">
    <p class='ocr_par' dir='ltr' id='par_1_91' title="bbox 494 4967 1815 5040">
     <span class='ocr_line' id='line_1_92' title="bbox 494 4967 1815 5040; baseline -0.002 -18"><span class='ocrx_word' id='word_1_661' title='bbox 494 4970 606 5039; x_wconf 77' lang='lat'><strong>(69)</strong></span> <span class='ocrx_word' id='word_1_662' title='bbox 647 4972 724 5024; x_wconf 83' lang='grc' dir='ltr'><strong>’Ἠ</strong></span> <span class='ocrx_word' id='word_1_663' title='bbox 744 4969 855 5038; x_wconf 80' lang='grc' dir='ltr'><strong>γὰρ</strong></span> <span class='ocrx_word' id='word_1_664' title='bbox 877 4969 1137 5038; x_wconf 70' lang='grc' dir='ltr'><strong>ἀγνοεῖν.</strong></span> <span class='ocrx_word' id='word_1_665' title='bbox 1178 4970 1246 5022; x_wconf 84' lang='grc' dir='ltr'><strong>Ἣ</strong></span> <span class='ocrx_word' id='word_1_666' title='bbox 1281 4967 1389 5040; x_wconf 84' lang='grc' dir='ltr'><strong>γὰρ</strong></span> <span class='ocrx_word' id='word_1_667' title='bbox 1429 4970 1630 5040; x_wconf 83' lang='grc' dir='ltr'><strong>ἀγνοεῖ,</strong></span> <span class='ocrx_word' id='word_1_668' title='bbox 1664 4973 1725 5021; x_wconf 81' lang='grc' dir='ltr'><strong>Α.</strong></span> <span class='ocrx_word' id='word_1_669' title='bbox 1762 4968 1815 5020; x_wconf 87' lang='lat'><strong>2.</strong></span> 
     </span>
    </p>
   </div>
   <div class='ocr_carea' id='block_1_92' title="bbox 498 5039 2002 5110">
    <p class='ocr_par' dir='ltr' id='par_1_92' title="bbox 498 5039 2002 5110">
     <span class='ocr_line' id='line_1_93' title="bbox 498 5039 2002 5110; baseline -0.001 -18"><span class='ocrx_word' id='word_1_670' title='bbox 498 5042 610 5109; x_wconf 86' lang='lat'><strong>(70)</strong></span> <span class='ocrx_word' id='word_1_671' title='bbox 656 5040 732 5093; x_wconf 79' lang='grc' dir='ltr'><strong>’Ἡ</strong></span> <span class='ocrx_word' id='word_1_672' title='bbox 750 5041 838 5109; x_wconf 78' lang='grc' dir='ltr'><strong>μὴ</strong></span> <span class='ocrx_word' id='word_1_673' title='bbox 866 5041 1205 5103; x_wconf 77' lang='grc' dir='ltr'><strong>,ϐούλεσθαι</strong></span> <span class='ocrx_word' id='word_1_674' title='bbox 1238 5040 1287 5108; x_wconf 40' lang='grc' dir='ltr'><strong>,ἢ</strong></span> <span class='ocrx_word' id='word_1_675' title='bbox 1320 5039 1406 5108; x_wconf 76' lang='grc' dir='ltr'><strong>μὴ</strong></span> <span class='ocrx_word' id='word_1_676' title='bbox 1441 5039 1757 5093; x_wconf 77' lang='grc' dir='ltr'><strong>δύνασθαι.</strong></span> <span class='ocrx_word' id='word_1_677' title='bbox 1802 5041 1875 5110; x_wconf 53' lang='grc' dir='ltr'><strong>έΠ</strong></span> <span class='ocrx_word' id='word_1_678' title='bbox 1927 5041 2002 5110; x_wconf 83' lang='grc' dir='ltr'><strong>μὴ</strong></span> 
     </span>
    </p>
   </div>
   <div class='ocr_carea' id='block_1_93' title="bbox 422 5109 2002 5182">
    <p class='ocr_par' dir='ltr' id='par_1_93' title="bbox 422 5109 2002 5182">
     <span class='ocr_line' id='line_1_94' title="bbox 422 5109 2002 5182; baseline -0.001 -18"><span class='ocrx_word' id='word_1_679' title='bbox 422 5109 703 5174; x_wconf 86' lang='grc' dir='ltr'><strong>δύνασθαι,</strong></span> <span class='ocrx_word' id='word_1_680' title='bbox 740 5112 773 5181; x_wconf 81' lang='grc' dir='ltr'>ἦ</span> <span class='ocrx_word' id='word_1_681' title='bbox 814 5112 887 5182; x_wconf 85' lang='grc' dir='ltr'><strong>μὴ</strong></span> <span class='ocrx_word' id='word_1_682' title='bbox 918 5110 1224 5180; x_wconf 82' lang='grc' dir='ltr'><strong>βούλεσθαι,</strong></span> <span class='ocrx_word' id='word_1_683' title='bbox 1255 5116 1319 5163; x_wconf 82' lang='grc' dir='ltr'><strong>Α.</strong></span> <span class='ocrx_word' id='word_1_684' title='bbox 1351 5110 1406 5173; x_wconf 83' lang='lat'><strong>2,</strong></span> <span class='ocrx_word' id='word_1_685' title='bbox 1434 5112 1499 5163; x_wconf 86' lang='grc' dir='ltr'><strong>υ.</strong></span> <span class='ocrx_word' id='word_1_686' title='bbox 1527 5110 1578 5162; x_wconf 87' lang='grc'><strong>1.</strong></span> <span class='ocrx_word' id='word_1_687' title='bbox 1610 5112 1752 5173; x_wconf 73' lang='lat' dir='ltr'><strong>Mox,</strong></span> <span class='ocrx_word' id='word_1_688' title='bbox 1778 5109 2002 5179; x_wconf 79' lang='grc' dir='ltr'><strong>ἄγνοιαν</strong></span> 
     </span>
    </p>
   </div>
   <div class='ocr_carea' id='block_1_94' title="bbox 426 5182 1125 5252">
    <p class='ocr_par' dir='ltr' id='par_1_94' title="bbox 426 5182 1125 5252">
     <span class='ocr_line' id='line_1_95' title="bbox 426 5182 1125 5252; baseline 0.004 -18"><span class='ocrx_word' id='word_1_689' title='bbox 426 5183 523 5252; x_wconf 80' lang='grc' dir='ltr'><strong>μὲν</strong></span> <span class='ocrx_word' id='word_1_690' title='bbox 554 5184 650 5236; x_wconf 81' lang='grc' dir='ltr'><strong>καὶ</strong></span> <span class='ocrx_word' id='word_1_691' title='bbox 685 5182 947 5252; x_wconf 79' lang='grc' dir='ltr'><strong>ἀμαθίαν,</strong></span> <span class='ocrx_word' id='word_1_692' title='bbox 984 5183 1044 5235; x_wconf 84' lang='grc' dir='ltr'><strong>ι).</strong></span> <span class='ocrx_word' id='word_1_693' title='bbox 1073 5184 1125 5252; x_wconf 73' lang='grc'><strong>1.</strong></span> 
     </span>
    </p>
   </div>
   <div class='ocr_carea' id='block_1_95' title="bbox 489 5249 2002 5333">
    <p class='ocr_par' dir='ltr' id='par_1_95' title="bbox 489 5249 2002 5333">
     <span class='ocr_line' id='line_1_96' title="bbox 489 5249 2002 5333; baseline 0 -28"><span class='ocrx_word' id='word_1_694' title='bbox 489 5254 610 5333; x_wconf 66' lang='grc'><strong>(71)⁸</strong></span> <span class='ocrx_word' id='word_1_695' title='bbox 634 5249 789 5333; x_wconf 51' lang='grc' dir='ltr'><strong>Ληρὲᾴ</strong></span> <span class='ocrx_word' id='word_1_696' title='bbox 828 5252 939 5321; x_wconf 78' lang='grc' dir='ltr'><strong>γὰρ</strong></span> <span class='ocrx_word' id='word_1_697' title='bbox 976 5251 1317 5333; x_wconf 46' lang='grc' dir='ltr'><strong>γνῶσις-,λιι</strong></span> <span class='ocrx_word' id='word_1_698' title='bbox 1356 5251 1543 5333; x_wconf 69' lang='lat' dir='ltr'><strong>codice</strong></span> <span class='ocrx_word' id='word_1_699' title='bbox 1656 5249 1708 5315; x_wconf 84' lang='grc'><strong>1,</strong></span> <span class='ocrx_word' id='word_1_700' title='bbox 1754 5260 1808 5333; x_wconf 75' lang='lat' dir='ltr'><strong>et</strong></span> <span class='ocrx_word' id='word_1_701' title='bbox 1852 5252 1919 5305; x_wconf 90' lang='lat' dir='ltr'><strong>A.</strong></span> <span class='ocrx_word' id='word_1_702' title='bbox 1944 5252 2002 5315; x_wconf 88' lang='lat'><strong>2,</strong></span> 
     </span>
    </p>
   </div>
   <div class='ocr_carea' id='block_1_96' title="bbox 421 5322 2004 5391">
    <p class='ocr_par' dir='ltr' id='par_1_96' title="bbox 421 5322 2004 5391">
     <span class='ocr_line' id='line_1_97' title="bbox 421 5322 2004 5391; baseline -0.001 -14"><span class='ocrx_word' id='word_1_703' title='bbox 421 5336 506 5377; x_wconf 86' lang='lat' dir='ltr'><strong>est</strong></span> <span class='ocrx_word' id='word_1_704' title='bbox 530 5322 777 5377; x_wconf 72' lang='lat' dir='ltr'><strong>subau&#39;mi</strong></span> <span class='ocrx_word' id='word_1_705' title='bbox 799 5335 854 5376; x_wconf 88' lang='lat' dir='ltr'><strong>et</strong></span> <span class='ocrx_word' id='word_1_706' title='bbox 897 5322 1097 5391; x_wconf 78' lang='grc' dir='ltr'><strong>γνῶσις</strong></span> <span class='ocrx_word' id='word_1_707' title='bbox 1122 5322 1516 5383; x_wconf 86' lang='lat' dir='ltr'><strong>semicirculus,</strong></span> <span class='ocrx_word' id='word_1_708' title='bbox 1544 5331 1599 5375; x_wconf 92' lang='lat' dir='ltr'><strong>ut</strong></span> <span class='ocrx_word' id='word_1_709' title='bbox 1618 5322 1687 5374; x_wconf 89' lang='lat' dir='ltr'><strong>ita</strong></span> <span class='ocrx_word' id='word_1_710' title='bbox 1714 5329 2004 5389; x_wconf 86' lang='lat' dir='ltr'><strong>utrumque</strong></span> 
     </span>
    </p>
   </div>
   <div class='ocr_carea' id='block_1_97' title="bbox 425 5392 1999 5463">
    <p class='ocr_par' dir='ltr' id='par_1_97' title="bbox 425 5392 1999 5463">
     <span class='ocr_line' id='line_1_98' title="bbox 425 5392 1999 5463; baseline 0.001 -17"><span class='ocrx_word' id='word_1_711' title='bbox 425 5397 749 5448; x_wconf 82' lang='lat' dir='ltr'><strong>vocabulum</strong></span> <span class='ocrx_word' id='word_1_712' title='bbox 768 5394 1049 5463; x_wconf 84' lang='lat' dir='ltr'><strong>jungatur.</strong></span> <span class='ocrx_word' id='word_1_713' title='bbox 1077 5394 1260 5447; x_wconf 69' lang='lat' dir='ltr'><strong>(Juno:</strong></span> <span class='ocrx_word' id='word_1_714' title='bbox 1283 5392 1416 5444; x_wconf 77' lang='lat' dir='ltr'><strong>«Per</strong></span> <span class='ocrx_word' id='word_1_715' title='bbox 1439 5407 1498 5463; x_wconf 84' lang='lat' dir='ltr'><strong>se</strong></span> <span class='ocrx_word' id='word_1_716' title='bbox 1526 5394 1671 5463; x_wconf 78' lang='lat' dir='ltr'><strong>enim</strong></span> <span class='ocrx_word' id='word_1_717' title='bbox 1704 5394 1961 5463; x_wconf 72' lang='lat' dir='ltr'><strong>cognitio.</strong></span> <span class='ocrx_word' id='word_1_718' title='bbox 1981 5408 1999 5439; x_wconf 72' lang='grc' dir='ltr'><strong><em>ι</em></strong></span> 
     </span>
    </p>
   </div>
   <div class='ocr_carea' id='block_1_98' title="bbox 497 5459 2004 5536">
    <p class='ocr_par' dir='ltr' id='par_1_98' title="bbox 497 5459 2004 5536">
     <span class='ocr_line' id='line_1_99' title="bbox 497 5459 2004 5536; baseline -0.002 -20"><span class='ocrx_word' id='word_1_719' title='bbox 497 5464 611 5536; x_wconf 74' lang='lat'><strong>(7&#39;2)</strong></span> <span class='ocrx_word' id='word_1_720' title='bbox 647 5459 782 5536; x_wconf 58' lang='grc' dir='ltr'><strong>Πῶς</strong></span> <span class='ocrx_word' id='word_1_721' title='bbox 811 5459 1257 5536; x_wconf 62' lang='grc' dir='ltr'><strong>δὲ’ᾷνθρωπος,</strong></span> <span class='ocrx_word' id='word_1_722' title='bbox 1290 5478 1343 5513; x_wconf 90' lang='grc' dir='ltr'><strong>κ.</strong></span> <span class='ocrx_word' id='word_1_723' title='bbox 1378 5478 1431 5512; x_wconf 90' lang='grc' dir='ltr'><strong>τ.</strong></span> <span class='ocrx_word' id='word_1_724' title='bbox 1473 5461 1522 5536; x_wconf 66' lang='grc' dir='ltr'><strong>λ.</strong></span> <span class='ocrx_word' id='word_1_725' title='bbox 1546 5462 1683 5536; x_wconf 26' lang='grc' dir='ltr'><strong>,Πῶς</strong></span> <span class='ocrx_word' id='word_1_726' title='bbox 1704 5459 1757 5536; x_wconf 63' lang='grc' dir='ltr'><strong>δ’</strong></span> <span class='ocrx_word' id='word_1_727' title='bbox 1797 5459 1863 5513; x_wconf 85' lang='grc' dir='ltr'>ἂν</span> <span class='ocrx_word' id='word_1_728' title='bbox 1909 5464 2004 5536; x_wconf 63' lang='grc' dir='ltr'><strong>καὶ</strong></span> 
     </span>
    </p>
   </div>
   <div class='ocr_carea' id='block_1_99' title="bbox 420 5527 2001 5603">
    <p class='ocr_par' dir='ltr' id='par_1_99' title="bbox 420 5527 2001 5603">
     <span class='ocr_line' id='line_1_100' title="bbox 420 5527 2001 5603; baseline -0.002 -16"><span class='ocrx_word' id='word_1_729' title='bbox 420 5527 709 5587; x_wconf 84' lang='grc' dir='ltr'><strong>λάθοι’τὸν</strong></span> <span class='ocrx_word' id='word_1_730' title='bbox 740 5527 893 5594; x_wconf 85' lang='grc' dir='ltr'><strong>Θεὸν,</strong></span> <span class='ocrx_word' id='word_1_731' title='bbox 929 5534 965 5587; x_wconf 80' lang='grc' dir='ltr'>ἃ</span> <span class='ocrx_word' id='word_1_732' title='bbox 1016 5527 1137 5603; x_wconf 79' lang='grc' dir='ltr'><strong>μηδ’</strong></span> <span class='ocrx_word' id='word_1_733' title='bbox 1171 5533 1456 5603; x_wconf 80' lang='grc' dir='ltr'><strong>ἄνθρωπον</strong></span> <span class='ocrx_word' id='word_1_734' title='bbox 1492 5532 1637 5603; x_wconf 78' lang='lat' dir='ltr'><strong>(sic),</strong></span> <span class='ocrx_word' id='word_1_735' title='bbox 1671 5527 1743 5603; x_wconf 65' lang='grc' dir='ltr'><strong>εὖ</strong></span> <span class='ocrx_word' id='word_1_736' title='bbox 1766 5532 2001 5603; x_wconf 84' lang='grc' dir='ltr'><strong>φρονῶν,</strong></span> 
     </span>
    </p>
   </div>
   <div class='ocr_carea' id='block_1_100' title="bbox 422 5601 2007 5673">
    <p class='ocr_par' dir='ltr' id='par_1_100' title="bbox 422 5601 2007 5673">
     <span class='ocr_line' id='line_1_101' title="bbox 422 5601 2007 5673; baseline -0.001 -16"><span class='ocrx_word' id='word_1_737' title='bbox 422 5608 489 5657; x_wconf 76' lang='grc' dir='ltr'><strong>Δ.</strong></span> <span class='ocrx_word' id='word_1_738' title='bbox 520 5611 574 5657; x_wconf 70' lang='lat'><strong>2.</strong></span> <span class='ocrx_word' id='word_1_739' title='bbox 602 5604 733 5673; x_wconf 83' lang='grc' dir='ltr'><strong>Πῶς</strong></span> <span class='ocrx_word' id='word_1_740' title='bbox 767 5603 811 5656; x_wconf 86' lang='grc' dir='ltr'><strong>δ’</strong></span> <span class='ocrx_word' id='word_1_741' title='bbox 842 5603 908 5657; x_wconf 86' lang='grc' dir='ltr'><strong>ἂν</strong></span> <span class='ocrx_word' id='word_1_742' title='bbox 938 5601 1030 5657; x_wconf 84' lang='grc' dir='ltr'><strong>κοιὶ</strong></span> <span class='ocrx_word' id='word_1_743' title='bbox 1064 5602 1200 5673; x_wconf 83' lang='grc' dir='ltr'><strong>λάθῃ</strong></span> <span class='ocrx_word' id='word_1_744' title='bbox 1242 5601 1333 5655; x_wconf 81' lang='grc' dir='ltr'><strong>τὸν</strong></span> <span class='ocrx_word' id='word_1_745' title='bbox 1361 5602 1516 5665; x_wconf 78' lang='grc' dir='ltr'><strong>θεὸν,</strong></span> <span class='ocrx_word' id='word_1_746' title='bbox 1549 5601 1601 5655; x_wconf 64' lang='grc' dir='ltr'><strong>δι’</strong></span> <span class='ocrx_word' id='word_1_747' title='bbox 1629 5602 1763 5672; x_wconf 80' lang='grc' dir='ltr'><strong>μηδὲ</strong></span> <span class='ocrx_word' id='word_1_748' title='bbox 1795 5601 2007 5672; x_wconf 77' lang='grc' dir='ltr'><strong>ἀνθρω-</strong></span> 
     </span>
    </p>
   </div>
   <div class='ocr_carea' id='block_1_101' title="bbox 421 5671 2003 5744">
    <p class='ocr_par' dir='ltr' id='par_1_101' title="bbox 421 5671 2003 5744">
     <span class='ocr_line' id='line_1_102' title="bbox 421 5671 2003 5744; baseline -0.001 -18"><span class='ocrx_word' id='word_1_749' title='bbox 421 5689 537 5744; x_wconf 67' lang='grc' dir='ltr'><strong>πος</strong></span> <span class='ocrx_word' id='word_1_750' title='bbox 567 5671 628 5727; x_wconf 83' lang='grc' dir='ltr'><strong>εὖ</strong></span> <span class='ocrx_word' id='word_1_751' title='bbox 659 5674 895 5744; x_wconf 89' lang='grc' dir='ltr'><strong>φρονῶν,</strong></span> <span class='ocrx_word' id='word_1_752' title='bbox 929 5675 988 5729; x_wconf 81' lang='grc'><strong>1).</strong></span> <span class='ocrx_word' id='word_1_753' title='bbox 1042 5674 1094 5727; x_wconf 88' lang='grc'><strong>1.</strong></span> <span class='ocrx_word' id='word_1_754' title='bbox 1130 5671 1243 5737; x_wconf 68' lang='lat' dir='ltr'><strong>Sic,</strong></span> <span class='ocrx_word' id='word_1_755' title='bbox 1289 5674 1491 5726; x_wconf 86' lang='lat' dir='ltr'><strong>omisso</strong></span> <span class='ocrx_word' id='word_1_756' title='bbox 1535 5672 1648 5735; x_wconf 83' lang='grc' dir='ltr'><strong>καί,</strong></span> <span class='ocrx_word' id='word_1_757' title='bbox 1692 5671 1861 5727; x_wconf 75' lang='lat' dir='ltr'><strong>Ceno.</strong></span> <span class='ocrx_word' id='word_1_758' title='bbox 1896 5671 2003 5727; x_wconf 81' lang='lat' dir='ltr'><strong>Sed</strong></span> 
     </span>
    </p>
   </div>
   <div class='ocr_carea' id='block_1_102' title="bbox 423 5742 1998 5817">
    <p class='ocr_par' dir='ltr' id='par_1_102' title="bbox 423 5742 1998 5817">
     <span class='ocr_line' id='line_1_103' title="bbox 423 5742 1998 5817; baseline -0.003 -18"><span class='ocrx_word' id='word_1_759' title='bbox 423 5742 576 5799; x_wconf 71' lang='lat' dir='ltr'><strong>Valla</strong></span> <span class='ocrx_word' id='word_1_760' title='bbox 606 5761 621 5799; x_wconf 86' lang='lat'><strong>:</strong></span> <span class='ocrx_word' id='word_1_761' title='bbox 660 5742 965 5811; x_wconf 55' lang='lat' dir='ltr'><strong>{Quisnam</strong></span> <span class='ocrx_word' id='word_1_762' title='bbox 1006 5746 1169 5801; x_wconf 87' lang='lat' dir='ltr'><strong>bomo</strong></span> <span class='ocrx_word' id='word_1_763' title='bbox 1206 5745 1339 5799; x_wconf 90' lang='lat' dir='ltr'><strong>adeo</strong></span> <span class='ocrx_word' id='word_1_764' title='bbox 1377 5758 1556 5798; x_wconf 85' lang='lat' dir='ltr'><strong>rerum</strong></span> <span class='ocrx_word' id='word_1_765' title='bbox 1589 5746 1810 5814; x_wconf 81' lang='lat' dir='ltr'><strong>ignarus</strong></span> <span class='ocrx_word' id='word_1_766' title='bbox 1839 5754 1998 5817; x_wconf 52' lang='lat' dir='ltr'><strong>est.)</strong></span> 
     </span>
    </p>
   </div>
   <div class='ocr_carea' id='block_1_103' title="bbox 869 4405 1997 4491">
    <p class='ocr_par' dir='ltr' id='par_1_103' title="bbox 869 4405 1997 4491">
     <span class='ocr_line' id='line_1_104' title="bbox 869 4405 1997 4491; baseline 0.01 -30"><span class='ocrx_word' id='word_1_767' title='bbox 869 4405 1251 4491; x_wconf 41' lang='grc' dir='ltr'><strong>ιπόντςςχὸῑε</strong></span> <span class='ocrx_word' id='word_1_768' title='bbox 1279 4419 1334 4462; x_wconf 92' lang='lat' dir='ltr'><strong>et</strong></span> <span class='ocrx_word' id='word_1_769' title='bbox 1461 4405 1997 4491; x_wconf 55' lang='grc' dir='ltr'><strong>[Παραλξςπρντες.</strong></span> 
     </span>
    </p>
   </div>
   <div class='ocr_carea' id='block_1_104' title="bbox 2146 3845 3700 3971">
    <p class='ocr_par' dir='ltr' id='par_1_104' title="bbox 2146 3845 3700 3971">
     <span class='ocr_line' id='line_1_105' title="bbox 2182 3845 3700 3918; baseline 0.003 -19"><span class='ocrx_word' id='word_1_770' title='bbox 2182 3846 2295 3918; x_wconf 78' lang='grc'>(75)</span> <span class='ocrx_word' id='word_1_771' title='bbox 2335 3846 2863 3917; x_wconf 76' lang='grc' dir='ltr'><strong>Διαφθειρομένων,</strong></span> <span class='ocrx_word' id='word_1_772' title='bbox 2912 3865 2967 3901; x_wconf 89' lang='grc' dir='ltr'><strong>κ.</strong></span> <span class='ocrx_word' id='word_1_773' title='bbox 3005 3860 3059 3902; x_wconf 89' lang='grc' dir='ltr'><strong>τ.</strong></span> <span class='ocrx_word' id='word_1_774' title='bbox 3099 3847 3149 3901; x_wconf 92' lang='grc' dir='ltr'><strong>λ.</strong></span> <span class='ocrx_word' id='word_1_775' title='bbox 3180 3845 3559 3918; x_wconf 77' lang='grc' dir='ltr'><strong>Φθειρομένων</strong></span> <span class='ocrx_word' id='word_1_776' title='bbox 3602 3849 3700 3903; x_wconf 75' lang='grc' dir='ltr'><strong>καὶ</strong></span> 
     </span>
     <span class='ocr_line' id='line_1_106' title="bbox 2146 3916 2640 3971; baseline 0 0"><span class='ocrx_word' id='word_1_777' title='bbox 2146 3916 2174 3971; x_wconf 89' lang='grc' dir='ltr'><strong>ὸ</strong></span> <span class='ocrx_word' id='word_1_778' title='bbox 2208 3918 2461 3971; x_wconf 84' lang='grc' dir='ltr'><strong>καθόλου.</strong></span> <span class='ocrx_word' id='word_1_779' title='bbox 2497 3919 2558 3971; x_wconf 85' lang='grc'><strong>1).</strong></span> <span class='ocrx_word' id='word_1_780' title='bbox 2589 3919 2640 3971; x_wconf 93' lang='grc'><strong>1.</strong></span> 
     </span>
    </p>
   </div>
   <div class='ocr_carea' id='block_1_105' title="bbox 2111 3933 2640 3981">
    <p class='ocr_par' dir='ltr' id='par_1_105' title="bbox 2111 3933 2640 3981">
     <span class='ocr_line' id='line_1_107' title="bbox 2111 3933 2640 3981; baseline 0.006 -12"><span class='ocrx_word' id='word_1_781' title='bbox 2111 3933 2174 3971; x_wconf 87' lang='grc' dir='ltr'><strong>το</strong></span> <span class='ocrx_word' id='word_1_782' title='bbox 2208 3933 2461 3981; x_wconf 73' lang='grc' dir='ltr'><strong>καυολου,</strong></span> <span class='ocrx_word' id='word_1_783' title='bbox 2497 3933 2558 3971; x_wconf 91' lang='grc' dir='ltr'><strong>υ.</strong></span> <span class='ocrx_word' id='word_1_784' title='bbox 2589 3933 2640 3972; x_wconf 77' lang='lat'><strong>1.</strong></span> 
     </span>
    </p>
   </div>
   <div class='ocr_carea' id='block_1_106' title="bbox 2134 3986 3699 4059">
    <p class='ocr_par' dir='ltr' id='par_1_106' title="bbox 2134 3986 3699 4059">
     <span class='ocr_line' id='line_1_108' title="bbox 2134 3986 3699 4059; baseline 0.004 -19"><span class='ocrx_word' id='word_1_785' title='bbox 2134 3992 2153 4013; x_wconf 82' lang='lat'><strong>&#39;</strong></span> <span class='ocrx_word' id='word_1_786' title='bbox 2184 3986 2294 4059; x_wconf 70' lang='grc'>(74)</span> <span class='ocrx_word' id='word_1_787' title='bbox 2327 3987 2576 4059; x_wconf 71' lang='grc' dir='ltr'><strong>Πάντων</strong></span> <span class='ocrx_word' id='word_1_788' title='bbox 2601 3989 2672 4059; x_wconf 70' lang='grc' dir='ltr'><strong>τὰ</strong></span> <span class='ocrx_word' id='word_1_789' title='bbox 2695 3990 2981 4044; x_wconf 76' lang='grc' dir='ltr'><strong>καθόλου.</strong></span> <span class='ocrx_word' id='word_1_790' title='bbox 3006 3988 3192 4043; x_wconf 84' lang='grc' dir='ltr'><strong>Πάντα</strong></span> <span class='ocrx_word' id='word_1_791' title='bbox 3216 3988 3287 4041; x_wconf 89' lang='grc' dir='ltr'><strong>τά</strong></span> <span class='ocrx_word' id='word_1_792' title='bbox 3302 3986 3423 4041; x_wconf 86' lang='grc' dir='ltr'><strong>καθ’</strong></span> <span class='ocrx_word' id='word_1_793' title='bbox 3450 3988 3500 4053; x_wconf 82' lang='grc' dir='ltr'><strong>ὃ,</strong></span> <span class='ocrx_word' id='word_1_794' title='bbox 3526 3990 3621 4046; x_wconf 87' lang='lat' dir='ltr'><strong>sed</strong></span> <span class='ocrx_word' id='word_1_795' title='bbox 3641 3991 3699 4046; x_wconf 84' lang='lat' dir='ltr'><strong>in</strong></span> 
     </span>
    </p>
   </div>
   <div class='ocr_carea' id='block_1_107' title="bbox 2112 4058 2765 4122">
    <p class='ocr_par' dir='ltr' id='par_1_107' title="bbox 2112 4058 2765 4122">
     <span class='ocr_line' id='line_1_109' title="bbox 2112 4058 2765 4122; baseline 0.002 -10"><span class='ocrx_word' id='word_1_796' title='bbox 2112 4058 2285 4122; x_wconf 78' lang='lat' dir='ltr'><strong>marg.</strong></span> <span class='ocrx_word' id='word_1_797' title='bbox 2318 4058 2568 4121; x_wconf 86' lang='grc' dir='ltr'><strong>καθόλου,</strong></span> <span class='ocrx_word' id='word_1_798' title='bbox 2603 4058 2672 4112; x_wconf 82' lang='grc' dir='ltr'><strong>Μ.</strong></span> <span class='ocrx_word' id='word_1_799' title='bbox 2708 4062 2765 4113; x_wconf 74' lang='lat'><strong>2.</strong></span> 
     </span>
    </p>
   </div>
   <div class='ocr_carea' id='block_1_108' title="bbox 2182 4127 3695 4200">
    <p class='ocr_par' dir='ltr' id='par_1_108' title="bbox 2182 4127 3695 4200">
     <span class='ocr_line' id='line_1_110' title="bbox 2182 4127 3695 4200; baseline 0.003 -19"><span class='ocrx_word' id='word_1_800' title='bbox 2182 4127 2790 4200; x_wconf 58' lang='lat' dir='ltr'><strong>(75)_H&amp;mr__d,uoiw¢</strong></span> <span class='ocrx_word' id='word_1_801' title='bbox 2829 4129 2972 4195; x_wconf 81' lang='grc' dir='ltr'><strong>τοῖς.</strong></span> <span class='ocrx_word' id='word_1_802' title='bbox 3008 4130 3178 4183; x_wconf 81' lang='grc' dir='ltr'><strong>Πᾶσιν</strong></span> <span class='ocrx_word' id='word_1_803' title='bbox 3205 4127 3338 4200; x_wconf 83' lang='grc' dir='ltr'><strong>όμοῦ</strong></span> <span class='ocrx_word' id='word_1_804' title='bbox 3367 4130 3499 4193; x_wconf 87' lang='grc' dir='ltr'><strong>τοῖς.</strong></span> <span class='ocrx_word' id='word_1_805' title='bbox 3536 4131 3598 4185; x_wconf 86' lang='lat' dir='ltr'><strong>D.</strong></span> <span class='ocrx_word' id='word_1_806' title='bbox 3642 4131 3695 4196; x_wconf 86' lang='grc'><strong>1,</strong></span> 
     </span>
    </p>
   </div>
   <div class='ocr_carea' id='block_1_109' title="bbox 2108 4146 3623 4262">
    <p class='ocr_par' dir='ltr' id='par_1_109' title="bbox 2108 4146 3623 4262">
     <span class='ocr_line' id='line_1_111' title="bbox 2182 4146 3598 4200; baseline 0.003 -19"><span class='ocrx_word' id='word_1_807' title='bbox 2182 4146 2292 4199; x_wconf 73' lang='grc' dir='ltr'>(ιο)</span> <span class='ocrx_word' id='word_1_808' title='bbox 2333 4146 2531 4182; x_wconf 74' lang='lat' dir='ltr'><strong>&quot;amr</strong></span> <span class='ocrx_word' id='word_1_809' title='bbox 2574 4146 2604 4182; x_wconf 85' lang='grc' dir='ltr'><strong>ο</strong></span> <span class='ocrx_word' id='word_1_810' title='bbox 2651 4146 2790 4195; x_wconf 86' lang='grc' dir='ltr'><strong>οιως</strong></span> <span class='ocrx_word' id='word_1_811' title='bbox 2829 4146 2972 4195; x_wconf 82' lang='grc' dir='ltr'><strong>τοις.</strong></span> <span class='ocrx_word' id='word_1_812' title='bbox 3010 4146 3178 4183; x_wconf 75' lang='grc' dir='ltr'><strong>ιιασιν</strong></span> <span class='ocrx_word' id='word_1_813' title='bbox 3205 4146 3338 4200; x_wconf 90' lang='grc' dir='ltr'><strong>ομου</strong></span> <span class='ocrx_word' id='word_1_814' title='bbox 3367 4147 3499 4193; x_wconf 87' lang='grc' dir='ltr'><strong>τοις.</strong></span> <span class='ocrx_word' id='word_1_815' title='bbox 3536 4146 3598 4185; x_wconf 81' lang='grc' dir='ltr'><strong>υ.</strong></span> 
     </span>
     <span class='ocr_line' id='line_1_112' title="bbox 2108 4146 3623 4262; baseline 0.002 -10"><span class='ocrx_word' id='word_1_816' title='bbox 2108 4198 2175 4252; x_wconf 80' lang='grc' dir='ltr'><strong>Α.</strong></span> <span class='ocrx_word' id='word_1_817' title='bbox 2204 4198 2259 4252; x_wconf 93' lang='lat'><strong>2.</strong></span> <span class='ocrx_word' id='word_1_818' title='bbox 2290 4197 2484 4262; x_wconf 83' lang='lat' dir='ltr'><strong>Simul,</strong></span> <span class='ocrx_word' id='word_1_819' title='bbox 2526 4146 2696 4252; x_wconf 44' lang='lat' dir='ltr'><strong>Varia.</strong></span> <span class='ocrx_word' id='word_1_820' title='bbox 2730 4200 2989 4253; x_wconf 80' lang='lat' dir='ltr'><strong>Neutrum</strong></span> <span class='ocrx_word' id='word_1_821' title='bbox 3030 4200 3222 4253; x_wconf 84' lang='lat' dir='ltr'><strong>hmum</strong></span> <span class='ocrx_word' id='word_1_822' title='bbox 3254 4203 3409 4254; x_wconf 79' lang='lat' dir='ltr'><strong>liabet</strong></span> <span class='ocrx_word' id='word_1_823' title='bbox 3450 4200 3623 4255; x_wconf 79' lang='lat' dir='ltr'><strong>Ceno.</strong></span> 
     </span>
    </p>
   </div>
   <div class='ocr_carea' id='block_1_110' title="bbox 2177 4269 3701 4340">
    <p class='ocr_par' dir='ltr' id='par_1_110' title="bbox 2177 4269 3701 4340">
     <span class='ocr_line' id='line_1_113' title="bbox 2177 4269 3701 4340; baseline 0.003 -19"><span class='ocrx_word' id='word_1_824' title='bbox 2177 4270 2290 4340; x_wconf 80' lang='lat'><strong>(76)</strong></span> <span class='ocrx_word' id='word_1_825' title='bbox 2331 4269 2857 4340; x_wconf 71' lang='grc' dir='ltr'><strong>Συνδιαςρθείρεται</strong></span> <span class='ocrx_word' id='word_1_826' title='bbox 2902 4270 2999 4322; x_wconf 71' lang='grc' dir='ltr'><strong>καί</strong></span> <span class='ocrx_word' id='word_1_827' title='bbox 3033 4270 3320 4340; x_wconf 76' lang='grc' dir='ltr'><strong>συνδιασ.</strong></span> <span class='ocrx_word' id='word_1_828' title='bbox 3367 4269 3701 4340; x_wconf 73' lang='grc' dir='ltr'><strong>Συνδιαφθαο</strong></span> 
     </span>
    </p>
   </div>
   <div class='ocr_carea' id='block_1_111' title="bbox 2106 4338 3698 4474">
    <p class='ocr_par' dir='ltr' id='par_1_111' title="bbox 2106 4338 3698 4474">
     <span class='ocr_line' id='line_1_114' title="bbox 2106 4338 3698 4462; baseline 0.003 -71"><span class='ocrx_word' id='word_1_829' title='bbox 2106 4338 2339 4462; x_wconf 51' lang='grc' dir='ltr'><strong>ζήσεται</strong></span> <span class='ocrx_word' id='word_1_830' title='bbox 2372 4340 2467 4392; x_wconf 78' lang='grc' dir='ltr'><strong>καὶ</strong></span> <span class='ocrx_word' id='word_1_831' title='bbox 2498 4338 2943 4405; x_wconf 74' lang='grc' dir='ltr'><strong>συνδιασώςεται,</strong></span> <span class='ocrx_word' id='word_1_832' title='bbox 2990 4340 3051 4394; x_wconf 90' lang='grc'><strong>1).</strong></span> <span class='ocrx_word' id='word_1_833' title='bbox 3089 4340 3140 4393; x_wconf 80' lang='grc'><strong>1.</strong></span> <span class='ocrx_word' id='word_1_834' title='bbox 3185 4338 3476 4409; x_wconf 87' lang='grc' dir='ltr'><strong>Συνδιαφθ.</strong></span> <span class='ocrx_word' id='word_1_835' title='bbox 3510 4338 3607 4394; x_wconf 78' lang='grc' dir='ltr'><strong>καὶ</strong></span> <span class='ocrx_word' id='word_1_836' title='bbox 3634 4344 3698 4396; x_wconf 90' lang='grc' dir='ltr'><strong>ού</strong></span> 
     </span>
     <span class='ocr_line' id='line_1_115' title="bbox 2140 4408 2655 4474; baseline 0.004 -12"><span class='ocrx_word' id='word_1_837' title='bbox 2140 4408 2453 4474; x_wconf 78' lang='grc' dir='ltr'><strong>ιασωζεται,</strong></span> <span class='ocrx_word' id='word_1_838' title='bbox 2488 4409 2557 4464; x_wconf 81' lang='grc' dir='ltr'><strong>Μ.</strong></span> <span class='ocrx_word' id='word_1_839' title='bbox 2601 4415 2655 4464; x_wconf 74' lang='lat'><strong>2.</strong></span> 
     </span>
    </p>
   </div>
   <div class='ocr_carea' id='block_1_112' title="bbox 2140 4409 2655 4473">
    <p class='ocr_par' dir='ltr' id='par_1_112' title="bbox 2140 4409 2655 4473">
     <span class='ocr_line' id='line_1_116' title="bbox 2140 4409 2655 4473; baseline 0.004 -11"><span class='ocrx_word' id='word_1_840' title='bbox 2140 4409 2453 4473; x_wconf 77' lang='grc' dir='ltr'><strong>ιασώζεται,</strong></span> <span class='ocrx_word' id='word_1_841' title='bbox 2488 4409 2557 4464; x_wconf 81' lang='grc' dir='ltr'><strong>Μ.</strong></span> <span class='ocrx_word' id='word_1_842' title='bbox 2601 4415 2655 4464; x_wconf 74' lang='lat'><strong>2.</strong></span> 
     </span>
    </p>
   </div>
   <div class='ocr_carea' id='block_1_113' title="bbox 618 4471 1998 4553">
    <p class='ocr_par' dir='ltr' id='par_1_113' title="bbox 618 4471 1998 4553">
     <span class='ocr_line' id='line_1_117' title="bbox 618 4471 1998 4553; baseline -0.001 -21"><span class='ocrx_word' id='word_1_843' title='bbox 618 4471 993 4553; x_wconf 75' lang='grc' dir='ltr'><strong>αρσῐλιπόντες,</strong></span> <span class='ocrx_word' id='word_1_844' title='bbox 1020 4471 1176 4553; x_wconf 34' lang='grc' dir='ltr'><strong>,Αξ-ὶ.</strong></span> <span class='ocrx_word' id='word_1_845' title='bbox 1210 4477 1360 4553; x_wconf 84' lang='lat' dir='ltr'><strong>Cone</strong></span> <span class='ocrx_word' id='word_1_846' title='bbox 1388 4478 1475 4530; x_wconf 84' lang='lat' dir='ltr'><strong>hic</strong></span> <span class='ocrx_word' id='word_1_847' title='bbox 1514 4471 1702 4553; x_wconf 79' lang='lat' dir='ltr'><strong>incipit</strong></span> <span class='ocrx_word' id='word_1_848' title='bbox 1733 4479 1853 4553; x_wconf 83' lang='lat' dir='ltr'><strong>libri</strong></span> <span class='ocrx_word' id='word_1_849' title='bbox 1906 4493 1998 4553; x_wconf 80' lang='lat' dir='ltr'><strong>vin</strong></span> 
     </span>
    </p>
   </div>
   <div class='ocr_carea' id='block_1_114' title="bbox 2111 4471 3700 4553">
    <p class='ocr_par' dir='ltr' id='par_1_114' title="bbox 2152 4471 3700 4553">
     <span class='ocr_line' id='line_1_118' title="bbox 2152 4471 3700 4553; baseline 0.021 -40"><span class='ocrx_word' id='word_1_850' title='bbox 2152 4471 2303 4553; x_wconf 58' lang='lat'><strong>_(7_7)&#39;</strong></span> <span class='ocrx_word' id='word_1_851' title='bbox 2336 4471 2541 4553; x_wconf 45' lang='grc' dir='ltr'><strong>φύξιον</strong></span> <span class='ocrx_word' id='word_1_852' title='bbox 2593 4478 2871 4553; x_wconf 68' lang='grc' dir='ltr'><strong>φήσουσι</strong></span> <span class='ocrx_word' id='word_1_853' title='bbox 2914 4478 3135 4535; x_wconf 81' lang='grc' dir='ltr'><strong>αὐτῶν.</strong></span> <span class='ocrx_word' id='word_1_854' title='bbox 3169 4481 3380 4553; x_wconf 12' lang='grc' dir='ltr'><strong>,Μάνου</strong></span> <span class='ocrx_word' id='word_1_855' title='bbox 3430 4482 3700 4553; x_wconf 74' lang='grc' dir='ltr'><strong>φήσουσιν</strong></span> 
     </span>
    </p>
   </div>
   <div class='ocr_carea' id='block_1_115' title="bbox 2104 4549 3482 4618">
    <p class='ocr_par' dir='ltr' id='par_1_115' title="bbox 2104 4549 3482 4618">
     <span class='ocr_line' id='line_1_119' title="bbox 2104 4549 3482 4618; baseline 0.001 -15"><span class='ocrx_word' id='word_1_856' title='bbox 2104 4549 2290 4614; x_wconf 82' lang='grc' dir='ltr'><strong>αὐτόν,</strong></span> <span class='ocrx_word' id='word_1_857' title='bbox 2330 4550 2398 4618; x_wconf 78' lang='grc' dir='ltr'><strong>Α,</strong></span> <span class='ocrx_word' id='word_1_858' title='bbox 2426 4551 2481 4615; x_wconf 86' lang='lat'><strong>2,</strong></span> <span class='ocrx_word' id='word_1_859' title='bbox 2515 4552 2575 4602; x_wconf 83' lang='lat' dir='ltr'><strong>D.</strong></span> <span class='ocrx_word' id='word_1_860' title='bbox 2611 4553 2663 4605; x_wconf 85' lang='grc'><strong>1.</strong></span> <span class='ocrx_word' id='word_1_861' title='bbox 2696 4550 2869 4603; x_wconf 77' lang='grc' dir='ltr'><strong>Αὐτόν</strong></span> <span class='ocrx_word' id='word_1_862' title='bbox 2906 4553 3067 4604; x_wconf 81' lang='lat' dir='ltr'><strong>liabet</strong></span> <span class='ocrx_word' id='word_1_863' title='bbox 3107 4551 3271 4604; x_wconf 83' lang='lat' dir='ltr'><strong>etiam</strong></span> <span class='ocrx_word' id='word_1_864' title='bbox 3320 4551 3387 4606; x_wconf 79' lang='grc' dir='ltr'><strong>Μ.</strong></span> <span class='ocrx_word' id='word_1_865' title='bbox 3426 4549 3482 4605; x_wconf 79' lang='lat'><strong>2.</strong></span> 
     </span>
    </p>
   </div>
   <div class='ocr_carea' id='block_1_116' title="bbox 2104 4618 3697 4742">
    <p class='ocr_par' dir='ltr' id='par_1_116' title="bbox 2104 4618 3697 4742">
     <span class='ocr_line' id='line_1_120' title="bbox 2176 4618 3697 4690; baseline 0.005 -19"><span class='ocrx_word' id='word_1_866' title='bbox 2176 4621 2292 4689; x_wconf 76' lang='lat'><strong>(78)</strong></span> <span class='ocrx_word' id='word_1_867' title='bbox 2340 4620 2417 4672; x_wconf 83' lang='grc' dir='ltr'><em>Τὰ</em></span> <span class='ocrx_word' id='word_1_868' title='bbox 2466 4618 2616 4673; x_wconf 81' lang='grc' dir='ltr'><strong>κατὰ</strong></span> <span class='ocrx_word' id='word_1_869' title='bbox 2640 4621 2846 4690; x_wconf 82' lang='grc' dir='ltr'><strong>μέρος.</strong></span> <span class='ocrx_word' id='word_1_870' title='bbox 2881 4620 2965 4674; x_wconf 84' lang='grc' dir='ltr'>Τά</span> <span class='ocrx_word' id='word_1_871' title='bbox 3007 4620 3181 4685; x_wconf 87' lang='lat' dir='ltr'><strong>abest,</strong></span> <span class='ocrx_word' id='word_1_872' title='bbox 3216 4620 3284 4677; x_wconf 87' lang='lat' dir='ltr'><strong>A.</strong></span> <span class='ocrx_word' id='word_1_873' title='bbox 3316 4619 3371 4675; x_wconf 88' lang='lat'><strong>2.</strong></span> <span class='ocrx_word' id='word_1_874' title='bbox 3403 4618 3527 4676; x_wconf 77' lang='lat' dir='ltr'><strong>Mox</strong></span> <span class='ocrx_word' id='word_1_875' title='bbox 3556 4621 3697 4678; x_wconf 86' lang='lat' dir='ltr'><strong>idem</strong></span> 
     </span>
     <span class='ocr_line' id='line_1_121' title="bbox 2104 4688 2457 4742; baseline 0 0"><span class='ocrx_word' id='word_1_876' title='bbox 2104 4688 2457 4742; x_wconf 77' lang='grc' dir='ltr'><strong>ἀπὸλλεσθαι.</strong></span> 
     </span>
    </p>
   </div>
   <div class='ocr_carea' id='block_1_117' title="bbox 2145 4706 2457 4744">
    <p class='ocr_par' dir='ltr' id='par_1_117' title="bbox 2145 4706 2457 4744">
     <span class='ocr_line' id='line_1_122' title="bbox 2145 4706 2457 4744; baseline 0.01 -3"><span class='ocrx_word' id='word_1_877' title='bbox 2145 4706 2457 4744; x_wconf 66' lang='grc' dir='ltr'><strong>ποιιλεσυαι.</strong></span> 
     </span>
    </p>
   </div>
   <div class='ocr_carea' id='block_1_118' title="bbox 2180 4757 3692 4829">
    <p class='ocr_par' dir='ltr' id='par_1_118' title="bbox 2180 4757 3692 4829">
     <span class='ocr_line' id='line_1_123' title="bbox 2180 4757 3692 4829; baseline 0.004 -18"><span class='ocrx_word' id='word_1_878' title='bbox 2180 4758 2292 4829; x_wconf 84' lang='lat'><strong>(79)</strong></span> <span class='ocrx_word' id='word_1_879' title='bbox 2331 4759 2790 4827; x_wconf 79' lang='grc' dir='ltr'><strong>Λανθανούσης.</strong></span> <span class='ocrx_word' id='word_1_880' title='bbox 2816 4757 3208 4821; x_wconf 83' lang='grc' dir='ltr'><strong>Λανθάνουσιν,</strong></span> <span class='ocrx_word' id='word_1_881' title='bbox 3244 4758 3314 4814; x_wconf 76' lang='grc' dir='ltr'><strong>Μ.</strong></span> <span class='ocrx_word' id='word_1_882' title='bbox 3342 4757 3401 4821; x_wconf 88' lang='lat'><strong>2,</strong></span> <span class='ocrx_word' id='word_1_883' title='bbox 3440 4760 3509 4813; x_wconf 76' lang='grc' dir='ltr'><strong>Α.</strong></span> <span class='ocrx_word' id='word_1_884' title='bbox 3539 4762 3599 4823; x_wconf 83' lang='lat'><strong>2,</strong></span> <span class='ocrx_word' id='word_1_885' title='bbox 3629 4761 3692 4817; x_wconf 89' lang='grc'><strong>1).</strong></span> 
     </span>
    </p>
   </div>
   <div class='ocr_carea' id='block_1_119' title="bbox 2108 4829 3694 4899">
    <p class='ocr_par' dir='ltr' id='par_1_119' title="bbox 2108 4829 3694 4899">
     <span class='ocr_line' id='line_1_124' title="bbox 2108 4829 3694 4899; baseline 0.002 -17"><span class='ocrx_word' id='word_1_886' title='bbox 2108 4829 2159 4893; x_wconf 90' lang='grc'><strong>1,</strong></span> <span class='ocrx_word' id='word_1_887' title='bbox 2212 4831 2314 4885; x_wconf 79' lang='lat' dir='ltr'><strong>Ox.</strong></span> <span class='ocrx_word' id='word_1_888' title='bbox 2375 4835 2552 4897; x_wconf 85' lang='lat' dir='ltr'><strong>Atque</strong></span> <span class='ocrx_word' id='word_1_889' title='bbox 2607 4832 2676 4884; x_wconf 88' lang='lat' dir='ltr'><strong>ita</strong></span> <span class='ocrx_word' id='word_1_890' title='bbox 2704 4835 2919 4884; x_wconf 86' lang='lat' dir='ltr'><strong>videtur</strong></span> <span class='ocrx_word' id='word_1_891' title='bbox 2941 4832 3107 4884; x_wconf 87' lang='lat' dir='ltr'><strong>ctiam</strong></span> <span class='ocrx_word' id='word_1_892' title='bbox 3134 4830 3334 4899; x_wconf 81' lang='lat' dir='ltr'><strong>legisse</strong></span> <span class='ocrx_word' id='word_1_893' title='bbox 3360 4829 3694 4895; x_wconf 85' lang='lat' dir='ltr'><strong>Ellebodius,</strong></span> 
     </span>
    </p>
   </div>
   <div class='ocr_carea' id='block_1_120' title="bbox 2107 4899 3698 5019">
    <p class='ocr_par' dir='ltr' id='par_1_120' title="bbox 2107 4899 3698 5019">
     <span class='ocr_line' id='line_1_125' title="bbox 2107 4899 3698 5019; baseline 0.003 -66"><span class='ocrx_word' id='word_1_894' title='bbox 2107 4901 2404 5019; x_wconf 68' lang='lat' dir='ltr'><strong>quilltabct,</strong></span> <span class='ocrx_word' id='word_1_895' title='bbox 2431 4915 2533 4953; x_wconf 84' lang='lat' dir='ltr'><strong>non</strong></span> <span class='ocrx_word' id='word_1_896' title='bbox 2558 4902 2747 4954; x_wconf 76' lang='lat' dir='ltr'><strong>vident.</strong></span> <span class='ocrx_word' id='word_1_897' title='bbox 2790 4901 2959 4963; x_wconf 88' lang='lat' dir='ltr'><strong>Cono,</strong></span> <span class='ocrx_word' id='word_1_898' title='bbox 3008 4899 3169 4954; x_wconf 70' lang='lat' dir='ltr'><strong>«latet</strong></span> <span class='ocrx_word' id='word_1_899' title='bbox 3206 4916 3358 4956; x_wconf 66' lang='lat' dir='ltr'><strong>eos.)</strong></span> <span class='ocrx_word' id='word_1_900' title='bbox 3402 4901 3576 4967; x_wconf 75' lang='lat' dir='ltr'><strong>Valla,</strong></span> <span class='ocrx_word' id='word_1_901' title='bbox 3607 4919 3698 4958; x_wconf 66' lang='lat' dir='ltr'><strong>«se</strong></span> 
     </span>
     <span class='ocr_line' id='line_1_126' title="bbox 2107 4981 2455 5019; baseline 0 0"><span class='ocrx_word' id='word_1_902' title='bbox 2107 4984 2203 5019; x_wconf 83' lang='lat' dir='ltr'><strong>lDSl</strong></span> <span class='ocrx_word' id='word_1_903' title='bbox 2257 4981 2455 5019; x_wconf 68' lang='lat' dir='ltr'><strong>ateut.)</strong></span> 
     </span>
    </p>
   </div>
   <div class='ocr_carea' id='block_1_121' title="bbox 2106 4981 2455 5022">
    <p class='ocr_par' dir='ltr' id='par_1_121' title="bbox 2106 4981 2455 5022">
     <span class='ocr_line' id='line_1_127' title="bbox 2106 4981 2455 5022; baseline -0.003 0"><span class='ocrx_word' id='word_1_904' title='bbox 2106 4984 2203 5022; x_wconf 85' lang='lat' dir='ltr'><strong>IDSI</strong></span> <span class='ocrx_word' id='word_1_905' title='bbox 2238 4981 2455 5022; x_wconf 66' lang='grc'><strong>1³16111.)</strong></span> 
     </span>
    </p>
   </div>
   <div class='ocr_carea' id='block_1_122' title="bbox 2127 4987 3699 5113">
    <p class='ocr_par' dir='ltr' id='par_1_122' title="bbox 2127 4987 3699 5113">
     <span class='ocr_line' id='line_1_128' title="bbox 2127 4987 3699 5113; baseline 0.004 -22"><span class='ocrx_word' id='word_1_906' title='bbox 2127 4987 2419 5113; x_wconf 37' lang='grc' dir='ltr'><strong>έδίὶίθῗιεῖθλ</strong></span> <span class='ocrx_word' id='word_1_907' title='bbox 2432 4987 2601 5113; x_wconf 43' lang='grc' dir='ltr'><strong>ῗγένῃ</strong></span> <span class='ocrx_word' id='word_1_908' title='bbox 2634 5039 2839 5113; x_wconf 67' lang='grc' dir='ltr'><strong>καὶτὰ</strong></span> <span class='ocrx_word' id='word_1_909' title='bbox 2867 5038 3110 5113; x_wconf 41' lang='grc' dir='ltr'><strong>εἶδηηκ.</strong></span> <span class='ocrx_word' id='word_1_910' title='bbox 3160 5059 3211 5095; x_wconf 90' lang='grc' dir='ltr'><strong>τ.</strong></span> <span class='ocrx_word' id='word_1_911' title='bbox 3332 5039 3414 5093; x_wconf 87' lang='grc' dir='ltr'><strong>Τά</strong></span> <span class='ocrx_word' id='word_1_912' title='bbox 3444 5041 3559 5113; x_wconf 79' lang='grc' dir='ltr'><strong>εῖδη</strong></span> <span class='ocrx_word' id='word_1_913' title='bbox 3603 5041 3699 5097; x_wconf 82' lang='grc' dir='ltr'><strong>καὶ</strong></span> 
     </span>
    </p>
   </div>
   <div class='ocr_carea' id='block_1_123' title="bbox 2105 5109 3696 5179">
    <p class='ocr_par' dir='ltr' id='par_1_123' title="bbox 2105 5109 3696 5179">
     <span class='ocr_line' id='line_1_129' title="bbox 2105 5109 3696 5179; baseline 0.003 -16"><span class='ocrx_word' id='word_1_914' title='bbox 2105 5109 2172 5163; x_wconf 87' lang='grc' dir='ltr'><strong>τά</strong></span> <span class='ocrx_word' id='word_1_915' title='bbox 2211 5109 2365 5179; x_wconf 84' lang='grc' dir='ltr'><strong>γένη.</strong></span> <span class='ocrx_word' id='word_1_916' title='bbox 2432 5109 2593 5163; x_wconf 82' lang='grc' dir='ltr'><strong>Ἀλλά</strong></span> <span class='ocrx_word' id='word_1_917' title='bbox 2633 5112 2819 5179; x_wconf 76' lang='grc' dir='ltr'><strong>φασὶν,</strong></span> <span class='ocrx_word' id='word_1_918' title='bbox 2862 5111 2943 5164; x_wconf 84' lang='grc' dir='ltr'><strong>ὃτι</strong></span> <span class='ocrx_word' id='word_1_919' title='bbox 2992 5111 3113 5177; x_wconf 82' lang='grc' dir='ltr'><strong>οὐκ,</strong></span> <span class='ocrx_word' id='word_1_920' title='bbox 3156 5117 3217 5164; x_wconf 87' lang='lat' dir='ltr'><strong>A.</strong></span> <span class='ocrx_word' id='word_1_921' title='bbox 3255 5111 3310 5172; x_wconf 87' lang='lat'><strong>2,</strong></span> <span class='ocrx_word' id='word_1_922' title='bbox 3348 5112 3460 5165; x_wconf 81' lang='lat' dir='ltr'><strong>Cun</strong></span> <span class='ocrx_word' id='word_1_923' title='bbox 3490 5153 3506 5177; x_wconf 95' lang='lat'><strong>,</strong></span> <span class='ocrx_word' id='word_1_924' title='bbox 3549 5109 3696 5168; x_wconf 45' lang='lat' dir='ltr'><strong>&#39;Vall.</strong></span> 
     </span>
    </p>
   </div>
   <div class='ocr_carea' id='block_1_124' title="bbox 2106 5178 3656 5250">
    <p class='ocr_par' dir='ltr' id='par_1_124' title="bbox 2106 5178 3656 5250">
     <span class='ocr_line' id='line_1_130' title="bbox 2106 5178 3656 5250; baseline 0.002 -18"><span class='ocrx_word' id='word_1_925' title='bbox 2106 5180 2188 5232; x_wconf 89' lang='lat' dir='ltr'><strong>T&amp;</strong></span> <span class='ocrx_word' id='word_1_926' title='bbox 2221 5178 2335 5249; x_wconf 88' lang='grc' dir='ltr'><strong>είδη</strong></span> <span class='ocrx_word' id='word_1_927' title='bbox 2365 5182 2460 5232; x_wconf 71' lang='grc' dir='ltr'><strong>καὶ</strong></span> <span class='ocrx_word' id='word_1_928' title='bbox 2488 5180 2558 5234; x_wconf 87' lang='grc' dir='ltr'><strong>τά</strong></span> <span class='ocrx_word' id='word_1_929' title='bbox 2588 5182 2749 5250; x_wconf 76' lang='grc' dir='ltr'><strong>γένη.¹</strong></span> <span class='ocrx_word' id='word_1_930' title='bbox 2785 5181 2947 5233; x_wconf 81' lang='grc' dir='ltr'><strong>Ἀλλά</strong></span> <span class='ocrx_word' id='word_1_931' title='bbox 2976 5180 3124 5236; x_wconf 78' lang='grc' dir='ltr'><strong>ἄλλοι</strong></span> <span class='ocrx_word' id='word_1_932' title='bbox 3155 5181 3340 5248; x_wconf 78' lang='grc' dir='ltr'><strong>φασὶν,</strong></span> <span class='ocrx_word' id='word_1_933' title='bbox 3369 5182 3466 5245; x_wconf 82' lang='grc' dir='ltr'><strong>ὡς,</strong></span> <span class='ocrx_word' id='word_1_934' title='bbox 3510 5183 3573 5235; x_wconf 85' lang='grc'><strong>1).</strong></span> <span class='ocrx_word' id='word_1_935' title='bbox 3606 5184 3656 5235; x_wconf 95' lang='grc'><strong>1.</strong></span> 
     </span>
    </p>
   </div>
   <div class='ocr_carea' id='block_1_125' title="bbox 2173 5250 3693 5320">
    <p class='ocr_par' dir='ltr' id='par_1_125' title="bbox 2173 5250 3693 5320">
     <span class='ocr_line' id='line_1_131' title="bbox 2173 5250 3693 5320; baseline 0.003 -17"><span class='ocrx_word' id='word_1_936' title='bbox 2173 5250 2283 5320; x_wconf 82' lang='grc'>(81)</span> <span class='ocrx_word' id='word_1_937' title='bbox 2320 5252 2402 5304; x_wconf 84' lang='grc' dir='ltr'>Οὐ</span> <span class='ocrx_word' id='word_1_938' title='bbox 2432 5252 2719 5317; x_wconf 71' lang='grc' dir='ltr'><strong>βούλεται</strong></span> <span class='ocrx_word' id='word_1_939' title='bbox 2758 5250 2847 5305; x_wconf 80' lang='grc' dir='ltr'><strong>δέ.</strong></span> <span class='ocrx_word' id='word_1_940' title='bbox 2897 5250 2988 5306; x_wconf 84' lang='lat' dir='ltr'><strong>Sic</strong></span> <span class='ocrx_word' id='word_1_941' title='bbox 3032 5254 3082 5306; x_wconf 93' lang='lat' dir='ltr'><strong>in</strong></span> <span class='ocrx_word' id='word_1_942' title='bbox 3128 5268 3317 5305; x_wconf 82' lang='lat' dir='ltr'><strong>rasura</strong></span> <span class='ocrx_word' id='word_1_943' title='bbox 3347 5268 3411 5305; x_wconf 77' lang='lat' dir='ltr'><strong>ex</strong></span> <span class='ocrx_word' id='word_1_944' title='bbox 3455 5264 3693 5308; x_wconf 83' lang='lat' dir='ltr'><strong>correct.</strong></span> 
     </span>
    </p>
   </div>
   <div class='ocr_carea' id='block_1_126' title="bbox 2108 5321 3230 5391">
    <p class='ocr_par' dir='ltr' id='par_1_126' title="bbox 2108 5321 3230 5391">
     <span class='ocr_line' id='line_1_132' title="bbox 2108 5321 3230 5391; baseline 0 -17"><span class='ocrx_word' id='word_1_945' title='bbox 2108 5329 2460 5391; x_wconf 78' lang='lat' dir='ltr'><strong>rec.,antea,</strong></span> <span class='ocrx_word' id='word_1_946' title='bbox 2490 5323 2676 5383; x_wconf 84' lang='lat' dir='ltr'><strong>credo,</strong></span> <span class='ocrx_word' id='word_1_947' title='bbox 2706 5321 3043 5391; x_wconf 80' lang='grc' dir='ltr'><strong>βουλεύεται,</strong></span> <span class='ocrx_word' id='word_1_948' title='bbox 3080 5322 3141 5375; x_wconf 89' lang='grc'><strong>1).</strong></span> <span class='ocrx_word' id='word_1_949' title='bbox 3178 5325 3230 5375; x_wconf 84' lang='grc'><strong>1.</strong></span> 
     </span>
    </p>
   </div>
   <div class='ocr_carea' id='block_1_127' title="bbox 2183 5390 3694 5463">
    <p class='ocr_par' dir='ltr' id='par_1_127' title="bbox 2183 5390 3694 5463">
     <span class='ocr_line' id='line_1_133' title="bbox 2183 5390 3694 5463; baseline 0.003 -21"><span class='ocrx_word' id='word_1_950' title='bbox 2183 5390 2299 5463; x_wconf 80' lang='lat'><strong>(82)</strong></span> <span class='ocrx_word' id='word_1_951' title='bbox 2324 5391 2451 5463; x_wconf 72' lang='lat' dir='ltr'><strong>_’Ar</strong></span> <span class='ocrx_word' id='word_1_952' title='bbox 2491 5390 3004 5463; x_wconf 64' lang='lat' dir='ltr'><strong>yatrdperoc._&#39;Av</strong></span> <span class='ocrx_word' id='word_1_953' title='bbox 3042 5392 3117 5463; x_wconf 84' lang='grc' dir='ltr'><strong>μὴ</strong></span> <span class='ocrx_word' id='word_1_954' title='bbox 3151 5391 3499 5463; x_wconf 86' lang='grc' dir='ltr'><strong>μαινόμενος,</strong></span> <span class='ocrx_word' id='word_1_955' title='bbox 3543 5392 3605 5445; x_wconf 92' lang='lat' dir='ltr'><strong>D.</strong></span> <span class='ocrx_word' id='word_1_956' title='bbox 3640 5393 3694 5455; x_wconf 71' lang='grc'><strong>1.</strong></span> 
     </span>
    </p>
   </div>
   <div class='ocr_carea' id='block_1_128' title="bbox 2105 5460 3691 5530">
    <p class='ocr_par' dir='ltr' id='par_1_128' title="bbox 2105 5460 3691 5530">
     <span class='ocr_line' id='line_1_134' title="bbox 2105 5460 3691 5530; baseline 0.002 -16"><span class='ocrx_word' id='word_1_957' title='bbox 2105 5464 2173 5517; x_wconf 83' lang='grc' dir='ltr'><strong>Α.</strong></span> <span class='ocrx_word' id='word_1_958' title='bbox 2215 5461 2272 5522; x_wconf 85' lang='lat'><strong>2,</strong></span> <span class='ocrx_word' id='word_1_959' title='bbox 2309 5460 2444 5514; x_wconf 89' lang='lat' dir='ltr'><strong>Con.</strong></span> <span class='ocrx_word' id='word_1_960' title='bbox 2494 5460 2601 5516; x_wconf 82' lang='lat' dir='ltr'><strong>Sed</strong></span> <span class='ocrx_word' id='word_1_961' title='bbox 2646 5462 2831 5517; x_wconf 83' lang='lat' dir='ltr'><strong>Valla:</strong></span> <span class='ocrx_word' id='word_1_962' title='bbox 2858 5461 2994 5518; x_wconf 68' lang='lat' dir='ltr'><strong>«Sed</strong></span> <span class='ocrx_word' id='word_1_963' title='bbox 3027 5460 3543 5530; x_wconf 51' lang='lat' dir='ltr'><strong>Quisnam.&#39;qn:eso,</strong></span> <span class='ocrx_word' id='word_1_964' title='bbox 3583 5473 3691 5517; x_wconf 83' lang='lat' dir='ltr'><strong>tant</strong></span> 
     </span>
    </p>
   </div>
   <div class='ocr_carea' id='block_1_129' title="bbox 2108 5532 3693 5655">
    <p class='ocr_par' dir='ltr' id='par_1_129' title="bbox 2108 5532 3693 5655">
     <span class='ocr_line' id='line_1_135' title="bbox 2108 5532 3693 5655; baseline 0 -70"><span class='ocrx_word' id='word_1_965' title='bbox 2108 5547 2321 5655; x_wconf 43' lang='lat' dir='ltr'><strong>31mins,</strong></span> <span class='ocrx_word' id='word_1_966' title='bbox 2376 5533 2650 5599; x_wconf 75' lang='lat' dir='ltr'><strong>ut.iMox,</strong></span> <span class='ocrx_word' id='word_1_967' title='bbox 2699 5533 2990 5601; x_wconf 83' lang='grc' dir='ltr'><strong>ἐπαγάγοι,</strong></span> <span class='ocrx_word' id='word_1_968' title='bbox 3040 5533 3101 5587; x_wconf 84' lang='grc'><strong>1).</strong></span> <span class='ocrx_word' id='word_1_969' title='bbox 3148 5533 3202 5596; x_wconf 85' lang='grc'><strong>1,</strong></span> <span class='ocrx_word' id='word_1_970' title='bbox 3237 5532 3303 5587; x_wconf 85' lang='lat' dir='ltr'><strong>A.</strong></span> <span class='ocrx_word' id='word_1_971' title='bbox 3335 5532 3393 5586; x_wconf 85' lang='lat'><strong>2.</strong></span> <span class='ocrx_word' id='word_1_972' title='bbox 3438 5532 3693 5602; x_wconf 77' lang='grc' dir='ltr'><strong>Ἐπάγει,</strong></span> 
     </span>
    </p>
   </div>
   <div class='ocr_carea' id='block_1_130' title="bbox 2174 5670 3376 5745">
    <p class='ocr_par' dir='ltr' id='par_1_130' title="bbox 2174 5670 3376 5745">
     <span class='ocr_line' id='line_1_136' title="bbox 2174 5670 3376 5745; baseline 0.002 -3"><span class='ocrx_word' id='word_1_973' title='bbox 2338 5670 2764 5745; x_wconf 58' lang='grc' dir='ltr'><strong>Ῥᾳβνμοῦμετέ</strong></span> <span class='ocrx_word' id='word_1_974' title='bbox 2802 5672 3185 5745; x_wconf 64' lang='grc' dir='ltr'><strong>Ῥᾳθυμῶμενν</strong></span> 
     </span>
    </p>
   </div>
   <div class='ocr_carea' id='block_1_131' title="bbox 2179 5741 3488 5817">
    <p class='ocr_par' dir='ltr' id='par_1_131' title="bbox 2179 5741 3488 5817">
     <span class='ocr_line' id='line_1_137' title="bbox 2179 5741 3488 5817; baseline 0.003 -22"><span class='ocrx_word' id='word_1_975' title='bbox 2179 5743 2294 5813; x_wconf 72' lang='grc'>(84)</span> <span class='ocrx_word' id='word_1_976' title='bbox 2335 5742 2664 5812; x_wconf 77' lang='grc' dir='ltr'><strong>Οὐδέτερω·</strong></span> <span class='ocrx_word' id='word_1_977' title='bbox 2697 5742 2788 5797; x_wconf 79' lang='grc' dir='ltr'><strong>δέ.</strong></span> <span class='ocrx_word' id='word_1_978' title='bbox 2827 5741 3178 5817; x_wconf 65' lang='grc' dir='ltr'><strong>Ούδὲῖτερον</strong></span> <span class='ocrx_word' id='word_1_979' title='bbox 3208 5742 3287 5809; x_wconf 89' lang='grc' dir='ltr'><strong>δέ,</strong></span> <span class='ocrx_word' id='word_1_980' title='bbox 3320 5744 3386 5799; x_wconf 92' lang='lat' dir='ltr'><strong>A.</strong></span> <span class='ocrx_word' id='word_1_981' title='bbox 3429 5741 3488 5798; x_wconf 80' lang='lat'><strong>2.</strong></span> 
     </span>
    </p>
   </div>
  </div>
