3884 6268
191 335 302 392 805

1431 332 1520 389 DE
1557 318 1845 389 NAT’URA
1887 320 2189 387 HOMINIS.
2546 327 2568 358 θ

3250 361 3259 367 η
3354 316 3459 380 806

191 447 472 520 ρᾳθυμίαν
509 447 622 518 (85)
657 413 756 519 μέν
787 449 1014 519 ἐπάγειν
1048 445 1418 521 παραιτοῖντο,
1448 450 1660 520 λέγοιεν
1692 449 1770 511 δὲ,

1888 446 2132 499 νίόεηιῑαι
2193 444 2377 499 dicant
2453 443 2756 515 (indignum
2815 440 2962 498 enim
3008 454 3128 497 esse
3190 423 3458 510 ejusmodi

192 540 270 611 μὴ
301 539 534 610 πρέπειν
556 539 677 610 Θεῷ
699 540 939 610 (ἀνάξιον
961 542 1068 614 γὰρ
1089 538 1227 596 εἶναι
1256 541 1373 614 [86]
1397 544 1496 613 τῆς
1518 541 1775 610 τοιαύτης

190 632 619 703 μακαριότητος,
640 634 753 696 τοῖς
778 633 1021 687 εὐτελέσι
1048 635 1142 687 καὶ
1171 638 1385 707 μικροῖς
1406 633 1774 703 συγκαταϐαί-

183 741 301 778 νειν
338 722 477 795 {87],
518 724 614 778 κα)⁸
637 726 801 777 οἱονεὶ
846 726 1320 796 συμϐεϐηλοῦσθαι
1363 726 1479 798 [88]
1509 729 1631 790 ταῖς
1660 726 1775 781 ὑλι-

183 817 314 879 καῖς
360 832 421 869 τε
460 816 553 868 καὶ
592 820 1004 888 προαιρετικαῖς
1043 818 1316 881 ἀτοπίαις,
1353 819 1449 872 καὶ
1489 816 1579 870 διὰ
1615 817 1773 871 τοῦτο

184 906 266 977 μὴ
299 904 644 977 βούλεσθαι)’
681 907 957 975 ἀγνοοῦσι,
991 907 1085 960 δύο
1117 908 1264 977 πάθη
1293 907 1360 961 τὰ
1404 908 1656 979 χείριστα
1696 907 1774 979 τῷ

180 999 306 1071 Θεῷ
342 999 742 1071 περιάπτοντες
773 999 908 1070 (89),
942 1000 1247 1071 ὑπεροψίαν
1276 1001 1373 1054 καὶ
1400 1000 1706 1072 μολυσμόνο
1739 1000 1772 1071 ἢ

180 1093 295 1163 γὰρ
323 1092 392 1145 δι’
440 1092 742 1164 ὑπεροψίαν
775 1091 884 1163 (90)
937 1093 965 1144 ὁ
1010 1093 1353 1165 Δημιουργὺς
1405 1095 1651 1166 ὑπερορᾷ
1675 1095 1775 1165 τῆς

186 1183 376 1254 ἀρχῆς
428 1182 525 1237 καὶ⁸
554 1182 877 1250 διοικήσεως
910 1182 1023 1251 (91)
1068 1181 1177 1234 τῶν
1211 1182 1353 1235 κατά
1400 1182 1587 1253 μέρος,
1637 1182 1774 1253 ὅπερ

184 1273 536 1326 ἀτοπώτατον
574 1273 767 1333 εἰπεῖν,
814 1270 847 1341 ἢ
893 1269 984 1323 τὸν
1032 1268 1307 1340 μολυσμὸν
1359 1268 1641 1333 ἐκκλίνων,
1697 1268 1773 1333 ὡς

186 1364 344 1419 αὐτοί
393 1380 580 1433 φασιν.
626 1363 689 1415 El
733 1362 811 1424 δὲ,
859 1361 969 1415 τῶν
1016 1361 1258 1431 ἡλιακῶν
1309 1360 1565 1423 ἀκτίνων,
1614 1359 1774 1428 φύσιν

186 1448 430 1520 ἐχουσῶν
455 1448 636 1502 ἕλκειν
677 1448 785 1501 πᾶν
816 1446 981 1518 ὑγρὸν
1027 1446 1162 1518 (92),
1199 1444 1261 1499 οὗ
1293 1463 1427 1516 φασι
1466 1444 1776 1516 καταμολύ-

186 1540 375 1594 νεσθαι
404 1540 495 1593 τὸν
522 1540 694 1609 ἥλιον,
730 1538 853 1591 οὐδὲ
904 1537 1001 1602 τὰς
1029 1538 1256 1601 ἀκτῖνας
1283 1536 1470 1601 αὐτοῦ,
1507 1537 1636 1590 ὅταν
1661 1538 1775 1599 τοῖς

192 1632 478 1706 βορϐόροις
525 1630 897 1702 ὲλλάμπωσιν,
929 1631 1066 1685 ἀλλά
1102 1631 1284 1703 μένειν
1320 1630 1624 1701 ἀχράντους
1675 1629 1773 1682 καὶ¹

188 1723 459 1795 καθαρὰς,
488 1722 606 1787 πῶς
637 1722 797 1792 175
829 1722 919 1775 τὸν
951 1721 1084 1775 Θεὸν
1112 1721 1372 1792 ἡγοῦνται
1398 1719 1775 1792 συμϐέϐηλοῦ-

190 1814 318 1868 σθαι
348 1814 459 1885 (9'5)
491 1817 603 1877 τοῖς
628 1807 755 1884 τῇδε
790 1813 1216 1884 πραττομένοιςς

263 1905 379 1958 Οὐκ
411 1903 559 1957 ἐστιν
592 1903 916 1974 ἀνθρώπων,
952 1903 1112 1973 φύσιν
1146 1903 1362 1958 εἰδότων
1408 1903 1564 1967 Θεοῦ,
1600 1903 1773 1957 ταῦτα

188 1996 260 2050 τὰ
305 1996 569 2071 δόγματα.
635 1994 939 2065 ’Δνέπαφον
990 1998 1101 2067 γὰρ
1149 1996 1241 2049 καὶ
1288 1995 1612 2065 ἀδιάφθορον
1654 1994 1767 2066 (94)

189 2088 287 2142 καὶ
343 2088 606 2159 ἀμίαντον
651 2089 746 2141 καὶ
799 2086 978 2159 πάσης
1019 2088 1356 2152 ἀλλοιώσεως
1413 2089 1658 2160 κρεῖττον
1712 2088 1773 2141 τὸ

190 2180 349 2234 Θεῖον
377 2180 730 2249 καθέστηκεν.
779 2180 837 2235 '0
870 2180 980 2252 γὰρ
1011 2181 1284 2252 μολυσμὸς
1323 2180 1432 2252 (95)
1468 2182 1562 2235 καὶ
1595 2181 1773 2235 πάντα

188 2274 258 2327 τὰ
282 2272 510 2327 τοιαῦτα
539 2273 749 2345 τροπῆς
798 2274 948 2326 ἐστιν
982 2273 1139 2345 ἔργα.
1177 2272 1301 2336 Πῶς
1334 2273 1391 2327 δὲ
1424 2274 1524 2327 οὐκ
1552 2271 1770 2326 ἀτοπώ-

189 2380 373 2428 τατον,
413 2364 664 2434 τεχνίτην
695 2364 792 2436 μὲν
821 2365 1146 2436 οίασδῄποτε
1168 2365 1381 2434 τέχνης,
1417 2365 1512 2417 καὶ
1539 2364 1773 2435 μάλιστα

193 2455 397 2526 ἰατρὸν.
429 2432 857 2526 ἐπιμελούμενον
886 2432 1266 2519 τῶνῖκαθόλου,
1301 2432 1465 2526 μηδὲν
1489 2432 1599 2508 τῶν
1630 2454 1771 2509 κατά

193 2545 361 2617 μέρος
395 2543 527 2616 (96),
557 2544 691 2615 μηδὲ
708 2544 770 2597 τὸ
807 2545 1169 2615 σμικρότατον
1195 2545 1289 2614 ὲᾷν
1318 2543 1648 2614 ἀτέχναστον
1678 2543 1773 2597 καὶ

190 2638 609 2708 ἁνεπιμέλητον,
659 2638 868 2700 εἰδότα,
912 2637 986 2701 ὡς
1020 2638 1132 2707 (97)
1176 2638 1256 2700 είς
1285 2637 1345 2690 τὸ
1388 2639 1497 2690 πᾶν
1529 2636 1775 2690 συντελεῖ

191 2730 251 2784 τὸ
294 2729 460 2800 μέρος
494 2729 629 2800 (98),
658 2729 750 2782 τὸν
779 2728 835 2782 δὲ
880 2728 1209 2800 δημιουργὸν
1253 2728 1384 2781 Θεὸν
1418 2729 1511 2781 καὶ
1543 2727 1651 2780 τῶν
1682 2744 1772 2780 τε-

190 2821 388 2895 χνιτῶν
423 2820 748 2890 ἀποφαίνειν
801 2820 1214 2891 ἀμαθέστερον;
1262 2820 1399 2873 Ἀλλ’
1430 2821 1538 2891 άρα
1587 2819 1774 2890 βουλε-
1802 2888 1813 2897 _

193 2932 280 2969 ται
309 2914 428 2984 μὲν,
458 2913 519 2968 οὐ
546 2913 767 2967 δύναται
790 2912 870 2967 δέ.
902 2913 1013 2967 Καὶ
1040 2912 1158 2975 πῶς
1177 2913 1277 2966 οὐκ
1301 2914 1564 2983 ἄντικρυς
1598 2914 1774 2982 ἀπεμ-

193 3009 412 3075 φαῖνον,
459 3005 658 3077 ἀσθενῆ
713 3006 892 3075 λέγειν
943 3006 1034 3058 τὸν
1083 3006 1215 3059 Θεὸν
1266 3006 1358 3058 καὶ
1399 3005 1660 3060 ἀδύνατον
1708 3000 1769 3058 εὖ

193 3100 401 3162 ποιεῖν;
430 3097 639 3161 Ἀλλως
669 3115 728 3151 τε
758 3095 900 3150 κατὰ
927 3095 1019 3149 δύο
1042 3096 1276 3167 τρόπους
1301 3095 1431 3167 φαίη
1456 3112 1539 3160 τις
1568 3095 1633 3149 ἂν
1656 3095 1769 3165 (99)
1797 3132 1847 3196 c

191 3190 283 3244 τὸν
316 3190 449 3243 Θεὸν
482 3190 557 3261 μὴ
594 3190 853 3244 δύνασθαι
894 3192 1142 3262 προνοεῖν
1172 3188 1281 3243 τῶν
1327 3189 1566 3260 ἀτόμων,
1616 3189 1650 3260 ἢ
1694 3188 1772 3260 τῷ

193 3282 355 3335 αὐτὸν
392 3282 467 3352 μὴ
515 3281 838 3351 πεφυκέναι,
871 3283 904 3353 ἢ
952 3281 1033 3352 τῷ
1064 3281 1133 3335 τά
1192 3281 1271 3352 (1)
1307 3281 1447 3335 κατά
1486 3281 1649 3354 μέρος
1677 3282 1774 3336 άνο

196 3373 458 3428 επίδεκτα
486 3374 750 3444 προνοίας
772 3369 931 3427 εἶναι.
950 3372 1090 3426 Ἀλλ’
1122 3372 1204 3426 ὅτι
1238 3373 1336 3443 μὲν
1376 3373 1538 3435 αὐτὸς
1572 3372 1648 3443 (2)
1679 3372 1776 3426 πέ-

194 3480 334 3533 φυκε
361 3467 630 3535 προνοεῖν,
654 3464 747 3517 καὶ
770 3463 923 3517 αὐτοὶ
952 3462 1392 3534 συνομολογοῦσι,
1413 3462 1479 3516 δι’
1509 3457 1584 3516 ὧν
1614 3480 1776 3532 φασιν

191 3558 356 3612 αὐτὸν
384 3556 492 3610 τῶν
521 3556 748 3611 καθόλου
776 3558 1042 3625 προνοεῖν*
1065 3555 1240 3620 ἄλλως
1272 3573 1351 3620 τε,
1387 3555 1459 3608 τὰ
1492 3555 1591 3625 μὲν
1612 3572 1780 3609 κατα-

190 3648 452 3719 δεέστερα
511 3648 737 3718 φθάνειν
800 3650 880 3712 εἰς
934 3648 1002 3701 τὰ
1047 3648 1424 3720 ὑπερκείμενα
1453 3647 1551 3716 οὐχ
1595 3641 1686 3700 οἷά
1716 3646 1776 3699 τέ

193 3742 345 3794 ἐστι’
381 3740 489 3794 τῶν
537 3741 595 3794 δὲ
628 3741 952 3813 κρειττόνων
994 3742 1028 3812 ἡ
1069 3740 1297 3810 δύναμις
1346 3739 1474 3810 ἄχρι
1528 3739 1623 3792 καὶ
1666 3738 1776 3791 τῶν

193 3828 517 3886 τελευταίων
558 3832 652 3885 καὶ
695 3830 805 3886 τῶν
853 3830 1194 3904 ἀναισθήτων
1241 3829 1487 3895 σώζουσα
1540 3830 1771 3885 κάτεισι.

1876 535 2211 593 beatitudine
2234 536 2301 591 ad
2331 551 2420 592 res
2478 536 2613 592 viles
2671 544 2727 591 et
2762 536 3003 590 minutas
3050 548 3111 589 se
3147 532 3456 597 demittere,

1873 627 2227 697 etcorporeis
2286 641 2354 681 ex
2419 638 2712 697 nostraque
2759 626 3024 681 electione
3068 633 3124 680 et
3180 625 3459 680 voluntate

1877 719 2226 773 manantibus
2276 718 2496 788 ineptiis
2535 722 2684 773 velut
2714 717 3014 787 profanari,
3065 717 3297 787 ideoque
3335 731 3460 787 pro-

1877 812 2064 867 videre
2098 811 2287 883 nolle).
2324 827 2428 866 non
2467 810 2786 879 intelligunt,
2813 824 2871 866 se
2906 809 3018 865 Deo
3051 810 3185 864 duas
3221 810 3460 864 vitiosis~

1873 905 2043 960 simas
2087 904 2403 961 aﬂ‘ectiones
2458 904 2721 969 tribuere,
2763 903 3071 973 superbiam
3125 910 3180 957 et
3204 902 3459 971 inquina-

1878 994 2099 1049 tionem.
2141 995 2248 1051 Aut
2271 994 2414 1049 enim
2464 993 2533 1047 ob
2581 993 2886 1063 superbiam
2918 992 3062 1048 Deus
3087 992 3371 1062 imperium
3404 1001 3460 1044 et

1874 1086 2320 1159 gubernationem
2371 1100 2555 1140 rerum
2611 1080 2947 1155 singularum
3007 1085 3251 1154 despicit,
3314 1083 3458 1153 quod

1876 1177 2026 1231 dictu
2076 1176 2528 1230 absurdissimum
2589 1184 2694 1238 est,
2752 1184 2864 1239 aut,
2903 1182 2962 1227 ut
3008 1175 3108 1244 ipsi
3141 1174 3456 1243 loquuntur,

1875 1270 2017 1339 quod
2048 1268 2475 1336 inquinationem
2506 1266 2725 1321 devitet.
2760 1265 2912 1333 Quod
2941 1267 3009 1331 si,
3035 1283 3157 1327 cum
3196 1266 3331 1320 radii
3369 1281 3458 1321 so-

1876 1359 2019 1413 lares
2044 1358 2151 1410 vim
2185 1358 2420 1411 habeant
2455 1356 2767 1410 attrahendi
2800 1358 3081 1411 humorem
3100 1371 3459 1422 omnem,ne-

1875 1459 2004 1522 gant
2027 1449 2300 1518 inquinari
2328 1449 2494 1505 solem
2534 1447 2761 1518 ejusque
2805 1449 3005 1514 radios,
3040 1464 3160 1503 cum
3191 1462 3348 1503 emno
3373 1447 3457 1503 lu-

1876 1554 1991 1595 cem
2029 1538 2287 1605 inl‘eruut,
2330 1538 2425 1593 sed
2455 1539 2694 1610 integros
2730 1548 2785 1592 et
2831 1540 2897 1593 ab
2926 1539 3073 1592 omni
3114 1540 3270 1593 sorde
3295 1553 3459 1607 puros

1878 1645 2098 1686 manere
2138 1632 2344 1697 dicunt,
2376 1631 2647 1699 quomodo
2682 1631 2846 1685 Deum
2883 1631 3043 1686 rebus
3059 1630 3308 1685 humanis
3334 1644 3458 1700 pro-

1877 1722 2051 1778 fauari
2076 1722 2431 1777 existimant?

1948 1905 2064 1961 Non
2100 1917 2225 1962 sunt
2259 1908 2376 1963 haec
2420 1907 2701 1963 hominum
2755 1906 3025 1978 dogmata,
3059 1907 3149 1977 qui
3180 1907 3269 1961 Dei
3303 1916 3458 1961 natu-

1878 2011 1993 2050 ram
2027 2006 2373 2066 perspectam
2432 1999 2688 2052 habeant.
2743 1997 2876 2051 Nam
2934 1998 2985 2051 in
3047 1997 3213 2051 Deum
3285 2012 3459 2067 neque

1876 2089 2065 2153 tactio,
2098 2102 2275 2156 neque
2305 2088 2581 2156 interitus,
2625 2104 2800 2159 neque
2830 2088 3059 2154 macula,
3111 2103 3286 2158 neque
3311 2103 3459 2144 como

1877 2179 2104 2249 mutatio
2161 2178 2266 2232 ulla
2334 2188 2513 2248 potest
2558 2180 2778 2235 cadere.
2835 2178 3141 2249 lnquinatio
3190 2190 3372 2235 autem
3404 2187 3459 2234 et

1874 2272 2057 2325 omnia
2117 2268 2232 2337 eius
2282 2272 2499 2340 generis
2542 2272 2609 2325 ad
2641 2270 2992 2326 mutationem
3020 2271 3312 2340 pertinent.
3346 2269 3455 2328 Ve-

1877 2373 2184 2416 rumtamen
2221 2376 2399 2416 nonne
2427 2362 2876 2417 absurdissimum
2913 2371 3017 2427 est,
3041 2362 3336 2432 quemlibet
3366 2377 3458 2416 ar-

1878 2455 2100 2520 lilicem,
2144 2457 2488 2523 maximeque
2520 2456 2808 2521 medicum,
2863 2456 3119 2511 universo
3166 2456 3459 2511 consulen-

1876 2559 2006 2612 tem,
2038 2548 2238 2601 nullum
2276 2563 2388 2601 rem
2418 2547 2486 2602 de
2511 2546 2760 2618 singulis,
2791 2563 2857 2602 ne
2904 2549 3183 2603 minimam
3217 2547 3457 2617 quidem.

1876 2641 2009 2696 artis
2030 2649 2085 2694 et
2109 2655 2255 2704 curre
2289 2640 2567 2711 expertem
2628 2642 3043 2710 prmtermittere
3066 2680 3083 2704 ,
3133 2642 3275 2711 quod
3300 2641 3458 2705 sciat,

1875 2732 2124 2787 conferre
2176 2730 2381 2801 aliquid
2420 2732 2487 2787 ad
2546 2747 2724 2787 rerum
2780 2733 3231 2789 universitatem:
3265 2732 3459 2797 Deum,

1874 2821 2119 2892 ejusdem
2166 2821 2542 2876 universitatis
2579 2821 2903 2886 molitorem,
2965 2823 3128 2877 etiam
3180 2822 3461 2891 opiﬁcibus

1878 2915 2154 2970 rudiorem
2184 2914 2454 2970 reddere?
2485 2914 2778 2980 Czeterum,
2818 2932 2884 2969 an
2926 2916 3209 2986 providere
3235 2916 3456 2985 quidem

1875 3008 2007 3072 vult,
2040 3023 2147 3062 non
2184 3016 2362 3063 tamen
2425 3008 2643 3077 potest?
2696 3008 2977 3076 Quomodo
3028 3022 3132 3062 non
3180 3007 3461 3078 perspicue

1876 3099 2166 3156 absurdum
2215 3110 2321 3166 est,
2355 3102 2520 3156 Deum
2566 3102 2886 3158 imbecillam
2941 3116 3211 3167 asserere,
3242 3108 3297 3154 et
3325 3100 3460 3154 bene

1883 3194 2125 3247 merendi
2196 3192 2511 3249 facultatem
2549 3210 2653 3250 non
2708 3195 2952 3250 habere?
2992 3195 3260 3247 Praeterea
3285 3190 3459 3260 dupli-

1881 3284 2015 3336 citor
2045 3282 2269 3353 intelligi
2332 3293 2531 3352 potest,
2599 3285 2766 3339 Deum
2820 3283 3109 3338 individuis
3173 3281 3462 3352 providere

1884 3387 1990 3427 non
2026 3388 2206 3442 posse,
2236 3383 2352 3440 aut,
2386 3376 2528 3444 quod
2574 3375 2689 3444 ipse
2738 3384 2928 3430 natura
2979 3390 3083 3429 non
3119 3374 3192 3430 sit
3231 3375 3297 3427 ad
3336 3376 3459 3441 pro-'

1882 3462 2178 3517 curandum
2204 3462 2455 3530 idoneus,
2479 3473 2572 3517 aut
2606 3465 2748 3531 quod
2788 3479 2873 3519 res
2911 3462 3135 3532 singulae
3173 3459 3461 3530 providen-

1884 3554 1970 3607 tiae
2004 3568 2108 3607 non
2140 3555 2250 3610 sint
2279 3570 2525 3624 capaces.
2562 3555 2762 3610 Verum
2792 3556 3045 3610 idoneum
3069 3554 3288 3624 quidem
3309 3552 3460 3606 illum

1884 3660 2005 3701 esse
2044 3653 2237 3700 natura
2268 3649 2333 3701 ad
2360 3647 2773 3717 providendum,
2802 3648 2967 3702 etiam
2998 3646 3097 3716 ipsi
3134 3644 3460 3710 concedunt,

1884 3739 2013 3792 dum
2035 3739 2212 3803 aiunt,
2242 3738 2395 3792 illum
2430 3741 2595 3813 rebus
2646 3740 2914 3794 universis
2953 3738 3262 3808 providere,
3291 3748 3463 3804 eoque

1886 3831 2079 3902 magis,
2118 3831 2261 3901 quod
2302 3830 2564 3887 inferiora
2602 3832 2670 3887 ad
2714 3832 2997 3902 superiora
3026 3829 3333 3899 pertingere
3355 3839 3461 3881 non

1377 3975 1535 4032 VAR.
1578 3974 1777 4033 LECT.
1820 3974 1909 4029 ET
1940 3974 2286 4033 ANIMADV.

271 4098 383 4172 (85)
414 4101 483 4154 El
526 4099 595 4155 δὲ
625 4101 950 4171 ρᾳθυμίαν,
995 4118 1051 4155 κ.
1091 4118 1141 4154 τ.
1171 4100 1219 4153 λ.
1250 4100 1312 4153 Εἰ
1362 4098 1632 4172 ρᾳθυμίαν
1667 4099 1767 4169 μὲν

196 4171 425 4239 ἐπάγειν
444 4169 795 4243 παραιτοίντο
824 4174 946 4239 (sic,
968 4182 1023 4225 et
1044 4187 1071 4223 a
1104 4188 1246 4227 corr.
1277 4169 1383 4224 ret".
1410 4169 1766 4243 ﬁaPédozyrp)

194 4238 377 4311 λέγειν
396 4238 767 4311 (εειίέγΙΙιιὺαι
800 4238 879 4294 ειν
905 4242 1287 4311 Ῐιιςςτίριιιιιιίιι
1316 4257 1464 4294 man.
1500 4238 1608 4293 rec.
1642 4242 1689 4305 ε)
1714 4238 1772 4292 δὲ

245 4310 300 4382 ἡ.
324 4313 390 4366 Α.
410 4310 413 4311 ⁷
433 4312 489 4366 2.
532 4312 597 4364 El
629 4310 684 4363 δὲ
716 4312 988 4382 ρᾳθυμίαν
1017 4312 1123 4382 μὲν
1143 4310 1369 4382 ἐπάγειν
1402 4313 1772 4382 παραιτοῖντο,

230 4380 408 4452 έγοιεν
435 4383 604 4452 (sedv
633 4380 844 4450 punctis
864 4380 1134 4452 Vilptat’um)
1162 4380 1219 4434 δὲ
1265 4380 1340 4452 μὴ
1365 4380 1775 4452 πρέπειν,

269 4446 383 4523 (86)
434 4446 700 4515 Ἀνάξιὸν
726 4452 836 4521 γὰρ
863 4446 1036 4505 εἶναι.
1079 4446 1193 4522 Γάρ
1220 4446 1423 4505 οἰιιὶιηξ
1453 4464 1587 4513 rec.,
1618 4449 1685 4502 A.
1717 4447 1771 4503 2.

198 4523 348 4578 Mox.
385 4523 483 4578 τῆς
509 4522 777 4578 τοσαύτης
813 4522 1234 4578 μακαριότητος.
1266 4521 1373 4575 Sed
1420 4537 1455 4573 α
1478 4520 1771 4574 secundum

254 4538 348 4585 οι,

199 4594 253 4714 Β)
295 4590 583 4714 μίακοξριότ.
635 4590 1116 4663 suprascriptum,
1157 4592 1220 4646 D.
1258 4592 1309 4646 1.
1353 4590 1634 4660 Τοσαύτης
1670 4605 1775 4643 nou

238 4678 318 4714 ISD
345 4677 424 4714 tce
454 4699 466 4714 .

198 4663 466 4730 displicet.

266 4752 387 4821 (87)
418 4752 662 4821 Μικροῒς
698 4753 1220 4822 συγκαταϐαίνειν.
1260 4752 1337 4806 Ex
1373 4760 1601 4806 correct.
1638 4765 1771 4816 rec.,

198 4835 357 4877 antea
402 4827 649 4894 μακροῖς.
706 4824 762 4878 Α.
789 4824 842 4875 2.

270 4890 861 4979 (88)VBet—3n.loﬁo'0ac.
895 4911 1395 4979 Συμΰεϐτιλοῦσθαι,
1427 4911 1486 4965 D.
1538 4911 1586 4972 1,
1607 4890 1680 4961 'A.
1716 4908 1772 4962 2.

203 5000 222 5032 ι
249 4982 664 5056 ,ϐοιιιοῐῃῇιιει-ἰ,
692 5004 709 5036 ι
730 4983 867 5040 Con.
893 4984 1014 5038 Mox
1040 4986 1182 5056 idgm
1214 4988 1626 5056 προαιρετικαῖς
1652 4987 1782 5039 ἀτο-

196 5051 355 5116 πίαις
385 5053 582 5121 reddit,
616 5054 783 5110 electu
810 5056 1066 5126 indignis.
1101 5054 1243 5126 Ergo
1259 5051 1673 5127 ἀπροαιρέτως.

271 5142 387 5213 (89)
425 5141 880 5210 Περιὰπτοντες.
915 5141 1347 5212 Προσάπτοντες,
1398 5143 1458 5198 D.
1512 5144 1560 5208 1,
1601 5148 1666 5198 A.
1718 5145 1773 5198 2.

209 5211 514 5278 Uti‘utnque
540 5214 821 5266 usitatum.
1295 5277 1298 5281 ν

273 5282 390 5356 (99)
424 5285 501 5335 "H
522 5283 639 5356 frigp
660 5280 733 5334 δι’
749 5282 1120 5356 immediate.
1150 5282 1234 5356 Εἰ,
1268 5283 1385 5356 loco
1407 5284 1461 5356 ἡ.
1494 5284 1559 5356 Δ.
1592 5284 1648 5337 2.

271 5352 387 5421 (91)
428 5353 537 5407 Καὶ
571 5352 940 5419 διοικήσεως,
980 5370 1035 5407 κ.
1071 5370 1124 5406 τ.
1173 5353 1221 5405 λ.
1267 5353 1394 5407 Post
1429 5352 1539 5408 ”καί
1586 5370 1773 5407 rasura

199 5423 437 5479 deletum
463 5424 582 5494 τῆς,
610 5433 665 5477 et
684 5422 764 5487 τό,
798 5424 914 5478 loco
945 5423 1075 5490 τῶν,
1109 5423 1169 5478 1).
1200 5424 1251 5478 1.
1278 5422 1422 5491 Mox,
1451 5424 1527 5487 ὡς
1562 5425 1654 5477 καὶ
1680 5425 1778 5477 αὐ-

198 5495 288 5547 τοι
323 5510 508 5560 φασιν,
552 5494 714 5546 idem.

273 5564 389 5633 (92)
430 5561 558 5617 Πᾶν
588 5561 655 5615 τὸ
686 5564 891 5632 ὑγρόν.
938 5561 1010 5614 Τό
1033 5562 1317 5633 Αοὶιθεῐλβ.
1355 5563 1406 5628 1,
1439 5565 1500 5615 Α.
1535 5564 1588 5618 2.
1629 5562 1773 5626 Mox,

193 5631 302 5697 τὰς
340 5631 565 5697 ἀκτῖνας
594 5631 781 5702 αρτἀς,
817 5633 966 5700 ὅταν,
1015 5631 1079 5684 A.
1120 5633 1177 5699 2,
1230 5632 1300 5686 Μ.
1347 5634 1530 5689 2.ιΝο
1559 5636 1773 5702 quidem

195 5704 384 5773 radios
409 5704 577 5773 ipsos,
595 5700 759 5756 tVall.

273 5772 388 5844 (93)
426 5773 973 5843 Σσυμϐεὸηλοῦσθαι.
1017 5772 1406 5846 Βεὸηλοῦσθαι,
1445 5773 1501 5828 D.
1544 5773 1591 5829 1.
1624 5772 1770 5842 Mox,

1877 4099 1966 4168 τῇ.
1999 4098 2050 4151 in
2104 4100 2253 4170 τῇδε,
2286 4114 2316 4153 a
2360 4115 2508 4170 man.
2547 4114 2686 4165 rec.,
2714 4096 2782 4153 A.
2817 4098 2873 4152 2.
2911 4096 3033 4152 Mox
3070 4098 3173 4163 τά,
3202 4108 3329 4154 ante
3366 4098 3458 4152 δό-

1877 4185 2096 4239 γματα,
2129 4169 2314 4239 abest,
2358 4169 2426 4225 Pd.
2452 4169 2507 4223 2.

1952 4239 2062 4311 (9:9
2115 4237 2523 4311 ΪΑδέάφθορον-
2578 4238 3023 4311 κἈδιάφορρνοᾼσ
3056 4237 3112 4311 2-

2098 4305 2637 4388 Δ⁹ΟΑδὲξμολροίμόίς,
2668 4305 2900 4388 κ.-τ.’λ.“
2943 4307 3001 4388 'Q
3026 4307 3134 4378 γάρ
3161 4307 3460 4388 μολυεμός,

1991 4375 2051 4441 2,
2083 4377 2148 4443 Α.
2176 4378 2232 4431 2.
2283 4375 2343 4433 Ὅ
2372 4379 2480 4450 γάρ
2503 4375 2911 4450 μολυσμὸς-καὶ
2939 4376 3007 4450 τά
3036 4375 3279 4450 τοιαῦτα,
3312 4375 3374 4434 Ι).
3405 4375 3459 4437 1.

1879 4448 1993 4519 Γάρ
2023 4450 2189 4520 habet
2234 4450 2403 4520 etiam
2426 4447 2574 4520 (inito
2600 4486 2617 4512 ,
2658 4447 2750 4520 sed
2778 4447 2932 4517 ἄλλα,
2966 4449 3083 4520 loco
3109 4448 3308 4502 πάντα.
3345 4451 3460 4520 Γάρ

385 4523 483 4593 τῆς
509 4507 777 4593 τοσαύτής
795 4507 1234 4593 μακαριότητος.
1266 4521 1394 4593 Sed_
1420 4537 1455 4573 α
1478 4507 1771 4593 secundum

1888 4529 1935 4572 et
1963 4507 2141 4593 πάντα
2168 4507 2630 4593 expressityalla.
2663 4517 2806 4584 Mox,
2826 4507 3078 4589 uivith
3115 4519 3213 4591 μὲν
3243 4507 3462 4592 οἱασδήῖ-

1881 4604 2031 4651 ποτε,
2073 4588 2137 4642 D.
2173 4587 2322 4647 1.⁷Α.
2359 4587 2419 4650 2,
2452 4589 2567 4643 Vall

1951 4658 2065 4731 (96)
2099 4656 2455 4731 Μηδὲν-τὼν
2483 4657 2633 4731 κατὰ
2664 4657 2863 4731 μέρος.
2908 4659 3060 4730 Μηδέ
3098 4659 3214 4713 loco
3269 4659 3460 4731 μηδέν,

1951 4678 2065 4730 (δυ)
2102 4678 2455 4739 ληηοενητων
2483 4678 2633 4712 κατα
2664 4678 2863 4727 μερος.
2909 4678 3060 4730 ινιηοε
3098 4678 3214 4713 ιορο
3269 4678 3398 4782 pqae

1878 4728 1942 4781 Α.
2060 4727 2241 4800 Μηδὲν
2271 4745 2394 4800 των
2413 4727 2533 4782 καθ’
2560 4727 2824 4800 ἕκασταῆ
2853 4730 2992 4782 κατὰ
3026 4730 3211 4800 μέρος,
3243 4730 3269 4783 ἃ
3296 4771 3309 4784 .
3344 4730 3398 4783 2.

1951 4797 2091 4871 (97)
2122 4797 2337 4871 Eidem
2365 4799 2465 4864 ὡς.
2495 4800 2601 4871 ῨΑίι
2634 4798 2734 4871 hoc
2770 4797 2886 4871 loco
2927 4803 2993 4852 ad
3028 4797 3208 4853 'liuetu
3251 4802 3462 4871 paginze

1882 4867 1984 4921 177
2010 4869 2140 4921 edit.
2196 4868 2322 4921 Ant.
2358 4867 2617 4940 vocabula
2657 4867 2912 4940 διάφορόν
2962 4886 3022 4922 τε
3071 4871 3164 4923 καί
3209 4867 3461 4940 leguntur

1878 4953 1909 4991 a
1944 4942 2228 4993 tuau.'rec.
2256 4940 2305 4991 in
2343 4953 2534 5004 marg.,
2572 4938 2639 4989 A.
2671 4937 2726 4990 2.

1952 5007 2061 5080 (98)
2101 5006 2399 5080 {vneer
2423 5008 2628 5080 μέρος.
2661 5008 2910 5080 Συντελεῖ
2964 5011 3026 5062 τὸ
3066 5012 3251 5080 μέρος,
3299 5013 3358 5063 ι).
3407 5010 3460 5075 1,

2102 5078 2223 5150 Mox_
2261 5072 2672 5150 ἀμαθέστερον,
2712 5079 2827 5150 loco
2868 5072 3262 5149 dpubéstitov,
3295 5081 3359 5131 A.
3402 5072 3485 5143 2,‘

1880 5146 2004 5220 DJ,
2035 5148 2169 5220 Con.
2200 5146 2699 5220 Ιηιρενὶιὶ-ιιείνςιη.
2730 5146 3060 5220 Ροιιῑᾲβοει,
3089 5150 3458 5220 άπεμφαῖνον,

1877 5217 2386 5291 Ιρροέάπεμφαίνλον,
2430 5217 2491 5271 D.
2529 5219 2580 5273 1.
2624 5218 3007 5289 Ἀπεμφαίνων
3052 5217 3253 5291 ἀσθενῆ
3285 5218 3461 5287 λέγων

1876 5287 1969 5340 τὸν
1995 5288 2148 5348 Θεόν.
2183 5290 2258 5341 Μ.
2290 5288 2343 5340 2.
2588 5295 2595 5301 ”
2764 5287 2771 5289 ⁷
3241 5287 3252 5291 ⁷
3354 5334 3363 5346 ,

1950 5357 2061 5430 (99)
2100 5359 2251 5426 Φαίη
2291 5375 2382 5424 τις
2414 5358 2512 5412 ἄν.
2556 5358 2696 5430 Φαίη
2737 5360 2804 5414 ἄν
2839 5376 2947 5424 τις,
2988 5360 3055 5415 Α.
3098 5357 3151 5412 2.
3186 5358 3331 5427 Mox,
3367 5358 3460 5412 τὸν

1878 5427 1973 5480 ἁτό
2020 5445 2115 5480 ων.
2151 5430 2263 5491 Sic,
2306 5430 2365 5482 ll.
2402 5430 2452 5483 1.

1952 5444 2027 5549 (1,)
2070 5498 2140 5549 ‘H
2162 5497 2241 5549 τῶ
2268 5497 2452 5549 αὑτὸν

1952 5495 2027 5569 (1)
2070 5498 2140 5553 Ἣ
2162 5497 2241 5563 τῷ
2268 5497 2455 5552 αὐτὸν
2476 5530 2546 5540 -
2570 5500 2607 5569 ἢ
2640 5501 2721 5564 τῷ
2747 5502 2818 5553 τὰ
2841 5500 3009 5555 κατά.
3040 5501 3112 5553 ’Ἡ
3140 5500 3200 5553 τὸ
3228 5499 3459 5555 αὐτὸν...

1876 5565 1993 5687 ne?)
2025 5569 2166 5658 κατά
2206 5569 2368 5653 μέρος
2391 5610 2406 5633 ,
2442 5570 2506 5622 Α.
2532 5565 2604 5625 2(
2632 5572 2702 5623 Ἦ
2734 5571 2813 5641 τῷ
2841 5572 3001 5657 αρτὸν
3029 5601 3100 5610 -—
3125 5570 3157 5641 ἢ
3184 5569 3261 5640 τῷ
3296 5570 3461 5633 κατά,

1927 5675 1940 5687 .
1972 5636 2024 5687 1.
2087 5639 2133 5687 Il
2166 5639 2227 5687 τὸ
2265 5640 2397 5687 aut?)
2428 5670 2497 5679 —
2528 5640 2621 5687 καὶ
2661 5642 2722 5687 τὸ
2753 5659 2914 5687 κατα-
2960 5641 3029 5687 Μ.
3060 5640 3115 5687 2-
3153 5641 3292 5687 Mox-
3318 5634 3461 5687 εἶναι

1927 5675 1940 5687 .
1972 5636 2024 5691 1.
2064 5639 2133 5689 Ἦ
2166 5634 2227 5691 re
2265 5634 2397 5692 αὐτὸ
2428 5670 2497 5679 -
2528 5640 2621 5695 καὶ
2661 5642 2722 5695 τὸ
2753 5634 2914 5707 κατά,
2957 5641 3029 5694 Μ.
3060 5640 3115 5693 2.
3147 5634 3293 5707 Mu'x,
3318 5634 3466 5697 εἶναι

1877 5708 2155 5777 προνοίας,
2190 5709 2249 5762 D.
2290 5711 2339 5764 1.
2990 5718 2993 5723 ’

1947 5777 2024 5847 ('2)
2066 5779 2195 5831 Ὅτι
2216 5779 2336 5848 μὲν
2365 5780 2564 5847 αὐτός.
2595 5782 2718 5837 ’Ότι
2748 5782 2910 5848 αὐτὸς
2945 5783 3069 5855 μέν,
3099 5780 3162 5838 D.
3199 5782 3252 5837 1.
