3890 6274
432 337 536 393 807

1569 336 1849 395 NEMESII
1885 330 2197 394 EPISCOPI
2237 333 2542 394 EMESENI

3615 337 3732 395 808

431 463 693 527 possunt;
717 462 1138 522 atsupertorum
1175 454 1258 509 vis
1293 455 1461 510 etiam
1503 471 1678 526 usque
1729 456 1798 512 ad
1827 456 2012 510 ultima

2136 454 2306 512 Ῑιάντα
2342 453 2452 524 γὰρ
2481 453 2718 523 ἤρτηται
2745 450 2840 506 τοῦ
2877 450 3024 506 θείου
3056 425 3384 525 θελήματος,
3412 455 3508 508 καὶ
3541 455 3732 509 ἐντεῦ-

433 558 766 614 sensumque
819 543 1104 614 fugientia,
1130 545 1311 600 omnia
1346 545 1534 602 fovens
1583 557 1641 604 et
1662 561 2019 611 conservans,

433 638 729 708 pertineat.
757 634 948 691 Omnia
988 636 1134 692 enim
1171 651 1200 689 a
1231 637 1419 692 divina
1456 637 1732 695 voluntate
1765 641 2020 709 pendent,

434 737 492 784 et
525 728 650 783 inde
673 727 1106 798 permanentiam
1140 727 1482 798 salutemque
1539 730 1839 800 accipiunt.
1888 729 2025 785 Esse

433 829 614 874 autem
639 819 802 872 etiam
843 818 1116 874 individua
1152 819 1265 889 ipsa
1297 829 1356 876 et
1385 835 1471 877 res
1513 821 1898 892 multiplicatas
1927 837 2024 876 ca-

433 923 607 978 paces
650 908 1026 978 providentiae,
1064 925 1134 966 ex
1161 911 1488 969 animalibus
1515 914 1867 984 perspicitur,
1904 931 2026 985 quae

435 1001 680 1072 imperiis
703 1001 1023 1070 quibusdam
1053 1011 1108 1058 et
1159 1005 1573 1075 magistratibus
1625 1007 2023 1077 gubernantur,

431 1104 492 1150 et
514 1109 678 1149 unum
713 1095 764 1148 in
795 1095 973 1150 locum
1014 1098 1400 1152 convenientia
1431 1099 1773 1169 principibus
1805 1101 2027 1170 quibus-

435 1188 559 1242 dam
626 1187 1013 1258 subjiciuntur,
1044 1204 1180 1258 quos
1205 1189 1492 1247 audientes
1533 1203 1858 1262 sequuntur,
1884 1203 1942 1246 ut
1973 1194 2024 1247 in

436 1280 632 1348 apibus
661 1289 716 1332 et
737 1280 983 1336 formicis
1038 1281 1270 1350 aliisque
1325 1281 1575 1352 plurimis
1607 1283 1737 1339 licet
1771 1299 2022 1341 cernere.

2127 545 2220 598 θεν
2251 545 2482 615 ἀρύεται
2513 545 2592 614 (5)
2627 543 2724 616 τὴν
2755 543 3018 615 διαμονὴν
3049 545 3144 600 καὶ
3187 546 3486 616 σωτηρίαν.
3519 548 3644 601 Ὅτι
3671 548 3734 601 δὲ

2127 637 2224 689 καὶ
2256 637 2289 705 ἡ
2331 634 2438 687 τῶν
2489 635 2710 705 ἀτόμων
2756 634 2854 688 καὶ
2914 635 3384 706 πεπληθυσμένων
3424 638 3737 704 ὑπόστασις

2129 728 2388 799 προνοίας
2451 728 2570 780 ἐστὶ
2611 727 2856 798 δεκτικὴ,
2903 727 3062 798 δῆλον
3098 730 3164 782 ἐκ
3204 729 3316 783 τῶν
3367 731 3530 803 176
3568 731 3738 797 ζώων

2126 821 2234 873 τῶν
2265 821 2462 892 ἀρχαῖς
2503 837 2613 872 τισι
2664 820 2759 873 κα)⁸
2806 820 3128 890 ἡγεμονίαις
3174 821 3589 893 διοικουμένων,
3649 813 3736 879 ὧν

2128 913 2299 966 πολλὰ
2333 915 2430 984 μὲν
2461 912 2597 978 εῖδη.
2624 911 2735 965 Καὶ
2757 911 2866 983 γάρ
2895 910 3147 981 μέλισσαι
3182 913 3276 965 καὶ
3306 914 3601 985 μύρμηκες
3631 916 3736 969 καὶ

2127 1005 2196 1058 τά
2234 1006 2463 1058 πλεῖστα
2489 1004 2598 1057 τῶν
2631 1003 3152 1076 συναγελαζομένων
3183 1005 3260 1074 (4)
3292 1007 3398 1059 ὑπό
3427 1024 3572 1060 τισιν
3601 1010 3735 1078 ἡγε-

2133 1098 2258 1168 μόσι
2288 1098 2566 1158 τέτακται,
2593 1091 2676 1160 οἷς
2701 1095 2988 1150 ἀκολουθεῖ
3009 1096 3310 1166 πειθόμενα
3336 1098 3436 1169 (5).
3469 1099 3736 1152 Μάλιστα

2127 1187 2176 1240 δ’
2209 1189 2274 1243 ἄν
2307 1205 2391 1252 τις
2414 1187 2574 1241 τοῦτο
2598 1190 3009 1259 κατανοήσειεν,
3043 1189 3124 1252 είς
3145 1188 3245 1260 τὴν
3270 1189 3379 1243 τῶν
3416 1188 3736 1260 ἀνθρώπων

2130 1280 2404 1334 πολιτείαν
2433 1278 2732 1350 ἐμϐλέψας.

436 1369 544 1426 Sed
576 1371 796 1441 hoc,qui
824 1373 876 1427 in
898 1374 1177 1428 hominum
1201 1373 1409 1429 cultum
1438 1384 1494 1430 et
1525 1375 1915 1446 rempublicam
1947 1377 2029 1432 in-

438 1464 701 1529 tuebitur,
739 1465 977 1519 maxime
999 1465 1418 1520 animadvertet.

530 1554 791 1610 Videmus
817 1557 960 1611 cnim
997 1573 1092 1612 eos
1121 1557 1487 1628 legislatorum
1523 1568 1579 1615 et
1607 1561 2021 1632 magistratuum

2199 1546 2456 1600 Φαίνεται
2483 1545 2560 1616 (6)
2591 1543 2701 1615 γὰρ
2731 1544 2832 1607 τὰς
2861 1546 2970 1596 τῶν
2997 1543 3304 1615 νομοθετῶν
3340 1545 3436 1598 καὶ
3471 1544 3573 1608 τὰς
3597 1544 3717 1597 τῶν

439 1649 738 1703 rectionem
763 1659 818 1704 ct
846 1651 1285 1717 procurationem
1317 1650 1630 1709 admittere.
1662 1653 1792 1720 Quae
1815 1655 1909 1725 qui
1943 1669 2021 1710 re-

2136 1639 2408 1710 ἀρχόντων
2442 1637 2802 1708 ἐπιδεχομένη
2826 1637 3128 1708 διοικήσεις
3155 1638 3250 1692 καὶ
3279 1637 3623 1709 ἐπιμελείας.

438 1743 622 1813 cipiat,
651 1744 922 1811 quomodo
952 1743 1003 1797 in
1040 1759 1162 1798 eum
1194 1745 1286 1799 Dei
1318 1747 1658 1815 providentia
1700 1763 1806 1802 non
1832 1721 2021 1804 cadat?

2136 1731 2187 1785 δὲ
2213 1731 2415 1785 τούτων
2433 1730 2655 1801 δεκτικὴ
2681 1729 2757 1798 (7)
2789 1727 2907 1791 πῶς
2934 1729 2999 1782 ἂν
3023 1730 3110 1801 εἴη
3129 1729 3231 1799 τῆς
3254 1729 3349 1782 τοῦ
3374 1721 3732 1801 Δημιουργοῦ

437 1832 558 1886 Jam
596 1849 726 1889 vero
749 1833 914 1888 etiam
945 1847 1032 1887 res
1053 1833 1298 1904 singulas
1337 1835 1449 1903 regi
1502 1837 1866 1904 providentia,
1913 1855 2021 1893 ma-

2136 1822 2387 1894 προνοίας
2411 1820 2760 1885 ἀνεπίδεκτος
2785 1839 2799 1888 ;
2829 1822 3139 1893 Τεκμήριον
3155 1821 3212 1874 δὲ
3238 1821 3312 1891 (8)
3337 1823 3400 1876 οὐ
3430 1823 3632 1894 μικρὸν
3652 1823 3732 1894 (9)

439 1939 547 1992 suo
577 1932 905 1995 argumento
943 1933 1049 1989 est,
1101 1923 1246 1993 quod
1293 1927 1619 1981 naturaliter
1663 1925 1780 1994 ejus
1830 1928 2027 1984 notitia

439 2017 758 2072 hominibus
773 2026 860 2072 est
890 2016 1075 2072 insita.
1101 2015 1238 2070 Nam
1262 2015 1462 2073 diﬂicili
1494 2026 1550 2073 et
1589 2019 1901 2075 necessario
1930 2035 2029 2075 no—

436 2119 552 2164 stro
582 2117 824 2178 tempore
848 2109 1034 2163 statim
1087 2107 1154 2162 ad
1187 2106 1398 2163 Numen
1458 2109 1704 2164 divinum
1737 2113 1803 2178 ξει
1829 2125 2026 2180 preces

434 2199 809 2268 confugimus,
836 2199 987 2255 velut
1017 2210 1214 2254 natura
1251 2215 1371 2264 nos,
1400 2201 1520 2256 sine
1547 2201 1817 2266 doctrina,
1843 2203 1908 2257 ad
1935 2203 2027 2257 Dei

437 2303 594 2360 opem
611 2290 948 2359 perducente
980 2307 994 2344 :
1035 2303 1140 2344 non
1177 2299 1357 2343 autem
1399 2290 1523 2344 sine
1550 2280 1772 2345 doctore
1805 2306 1902 2346 nos
1926 2307 2025 2346 na-

440 2392 561 2436 tura
595 2383 662 2434 ad
687 2379 741 2434 id
779 2378 1034 2444 duceret,
1065 2380 1210 2449 quod
1232 2380 1421 2434 eadem
1455 2389 1648 2435 natura
1679 2395 1786 2434 non
1814 2380 1939 2446 fert,
1966 2389 2030 2436 ut

441 2471 554 2525 liat.
597 2468 733 2524 Nam
764 2469 818 2522 iu
855 2469 1153 2538 repentinis
1181 2471 1689 2537 perturbationibus
1725 2480 1780 2526 et
1811 2472 2025 2527 timori-

437 2563 558 2628 bus,
591 2560 708 2618 sine
733 2561 1020 2626 electione,
1057 2576 1231 2631 neque
1256 2562 1572 2627 deliberate,
1625 2573 1678 2618 et
1737 2573 2027 2633 antequam

437 2654 640 2725 aliquid
673 2655 1106 2721 consideremus,
1129 2655 1219 2709 Dei
1255 2670 1452 2710 numen
1486 2657 1826 2710 invocamus.
1861 2657 2019 2722 Quid-

437 2748 566 2816 quid
605 2757 787 2803 autent
819 2747 1144 2802 naturaliter
1171 2761 1446 2816 quamque
1466 2762 1581 2801 rem
1613 2747 1940 2817 insequitur,
1973 2749 2028 2804 in

436 2856 506 2896 eo
541 2850 686 2894 tanta
725 2841 808 2895 vis
827 2847 911 2894 est
938 2838 1007 2894 ad
1063 2841 1570 2904 demonstrandum,
1621 2849 1682 2895 ut
1728 2841 2028 2896 contradici
2085 2907 2088 2912 _

438 2933 576 2987 nihil
603 2933 797 3001 possit.
827 2931 958 2997 Quze
999 2947 1132 3002 ergo
1161 2932 1302 2986 ratio
1358 2932 1491 2988 istos
1518 2933 1586 2987 ad
1623 2933 1763 2988 lianc
1811 2942 2032 2988 senten-

439 3023 570 3078 tiam
602 3022 878 3078 adduxit?
928 3023 1169 3078 Primum
1221 3023 1464 3092 quidem,
1525 3024 1670 3095 quod
1717 3024 2032 3081 existiment

437 3130 562 3170 cum
588 3131 816 3187 corpore
854 3115 1090 3169 animam
1124 3116 1383 3183 interire;
1415 3116 1633 3185 deinde,
1685 3118 1812 3187 quia
1860 3119 2026 3173 ratio-

441 3223 566 3263 nem
603 3224 786 3264 rerum
819 3209 1154 3278 singularum
1200 3209 1555 3278 providentia
1598 3212 1882 3280 percipere
1922 3226 2021 3264 ne-

437 3308 665 3366 queunt.
702 3297 926 3361 Verum,
959 3296 1196 3350 animum
1239 3304 1413 3352 morte
1442 3313 1546 3352 non
1594 3297 1796 3362 deleri,
1851 3311 2025 3366 neque

438 3389 600 3460 bujus
622 3389 746 3444 vita:
771 3388 1280 3458 circumscriptione
1316 3404 1402 3445 res
1439 3391 1702 3444 humanas
1721 3388 2022 3455 terminari,

439 3493 498 3536 et
560 3482 832 3536 discessus
902 3481 970 3535 ab
1044 3495 1152 3536 uno
1209 3497 1438 3550 corpore
1504 3482 1559 3536 in
1641 3481 1787 3535 aliud
1823 3519 1840 3545 ,
1879 3481 2024 3550 quod

437 3575 736 3632 doctissimi
799 3574 1002 3644 quique
1059 3572 1376 3628 Graecorum
1454 3575 1734 3643 probant,
1788 3581 1843 3627 et
1902 3571 2020 3626 loca

441 3681 566 3736 quae
591 3666 846 3721 dicuntur
866 3666 1154 3720 animabus
1171 3680 1270 3735 pro
1291 3665 1554 3735 cujusque
1582 3665 1689 3718 vita
1708 3664 2021 3725 distributa.

436 3769 493 3814 et
515 3758 784 3829 supplicia
813 3759 1014 3828 quibus
1068 3774 1166 3829 per
1199 3775 1259 3814 sc
1310 3760 1511 3815 anima:
1567 3755 1896 3823 aﬂiciuutur,
1930 3758 2025 3813 de-

2127 1913 2224 1968 τοῦ
2271 1914 2366 1967 καὶ
2418 1912 2488 1966 τά
2541 1912 2662 1966 καθ’
2715 1913 2924 1967 ἕκαστα
2977 1913 3236 1984 προνοίας
3277 1914 3596 1985 τυγχάνειν,
3668 1915 3734 1969 τδ

2129 2007 2377 2077 φυσικῶς
2416 2005 2864 2074 ὲγκατεσπάρθαι
2911 2008 3023 2069 τοῖς
3055 2003 3364 2075 ἀνθρώποις
3388 2004 3488 2077 τὴν
3519 2006 3734 2075 γνῶσιν

2128 2099 2318 2169 αὐτῆς.
2363 2099 2488 2152 Ὑπ“
2519 2097 2766 2168 ἀνάγκης
2798 2097 2908 2168 γάρ
2941 2097 3314 2169 συσχεθέντες,
3346 2098 3508 2163 εὐθὺς
3541 2100 3642 2152 ἐπὶ
3673 2101 3734 2152 τὸ

2127 2191 2284 2245 Θεῖον
2320 2190 2416 2245 καὶ
2454 2189 2554 2253 τὰς
2587 2189 2754 2259 εὑχάς
2798 2190 3219 2260 καταφεύγομεν
3245 2189 3380 2260 (10),
3408 2191 3484 2254 ὡς
3513 2189 3580 2244 ἂν
3629 2192 3734 2262 τῆς

2129 2283 2346 2354 φύσεως
2378 2282 2620 2354 ἀγούσης
2646 2283 2794 2352 ἡμᾶς
2830 2281 3132 2345 ἀδιδάκτως
3173 2282 3266 2334 ἐπὶ
3296 2282 3396 2354 τὴν
3440 2283 3540 2337 τοῦ
3582 2284 3730 2338 Θεοῦ

2133 2375 2384 2446 βοήθειαν
2416 2383 2428 2427 i
2440 2372 2552 2446 11).
2591 2375 2706 2427 Οὐκ
2737 2373 2802 2428 ἂν
2829 2373 2886 2427 δὲ
2915 2375 3063 2444 ἡμᾶς
3099 2373 3401 2439 ἀδιδάκτως
3439 2376 3557 2446 (12)
3588 2373 3730 2448 ἦγεν

2129 2463 2162 2531 ή
2200 2461 2361 2530 φύσις
2391 2461 2485 2514 ἐπὶ
2514 2461 2574 2515 τὸ
2611 2462 2687 2532 μὴ
2733 2462 2896 2530 φύσιν
2925 2462 3047 2533 ἔχον
3074 2463 3344 2532 γίνεσθαι.
3385 2467 3496 2520 Καὶ
3521 2468 3636 2537 γὰρ
3666 2471 3728 2521 ἐν

2130 2558 2249 2618 ταῖς
2291 2553 2551 2624 ἐξαίφνης
2598 2558 2864 2625 ταραχαῖς
2926 2556 3022 2609 καὶ
3072 2555 3259 2625 φόϐοις
3304 2559 3726 2630 ἀπροαιρέτως,

2130 2647 2263 2719 πρίν
2291 2665 2344 2700 τι
2391 2647 2486 2700 καὶ
2523 2646 2849 2716 σκέψασθαι,
2888 2647 2979 2702 τὸν
3025 2647 3160 2702 Θεὸν
3195 2649 3566 2721 ὲπιὸοώμεθα.
3611 2653 3734 2705 Πᾶν

2130 2739 2188 2792 δὲ
2221 2739 2283 2792 τὸ
2308 2737 2516 2809 ὁτῳοῦν
2553 2739 2664 2808 (15)
2699 2739 2946 2808 φυσικῶς
2987 2740 3275 2810 ἑπόμενον,
3331 2743 3566 2813 ίσχυράν
3615 2743 3732 2814 ἔχει

2133 2830 2232 2902 τὴν
2287 2830 2586 2895 ἀπόδειξιν,
2627 2831 2749 2884 οὐδὲ
2789 2833 2918 2902 μίαν
2969 2833 3280 2902 ἀντιλογίαν
3327 2834 3440 2904 (14)
3479 2836 3734 2907 ἐπιδεχό-

2131 2940 2316 2992 μενον.
2365 2924 2537 2977 Πόθεν
2583 2919 2677 2977 οὗν
2724 2924 3077 2996 προήχθησαν
3129 2927 3222 2978 ἐπὶ
3266 2925 3452 2981 τοῦτον
3504 2927 3596 2981 τδν
3638 2928 3730 2981 λό-

2131 3032 2227 3083 γον
2257 3015 2368 3087 (15)
2419 3017 2467 3068 οί
2500 3016 2670 3070 ταῦτα
2703 3015 3052 3082 δοξάζοντες;
3095 3018 3318 3088 Πρῶτον
3351 3019 3472 3090 μὲν,
3524 3020 3604 3091 τῷ
3639 3039 3734 3075 νο-

2135 3106 2308 3178 μίζειν
2340 3107 2746 3161 συνδιαλύεσθαι
2767 3106 2844 3178 τῷ
2874 3107 3085 3179 σώματι
3112 3109 3213 3180 τὴν
3236 3109 3444 3181 ψυχήν·
3471 3112 3732 3183 δεύτερον

2126 3197 2207 3264 δὲ,
2237 3195 2316 3267 τῷ
2350 3197 2706 3268 μὴδύνασθαι
2729 3197 2840 3268 (16)
2869 3198 2960 3251 τὸν
2994 3199 3152 3267 λόγον
3183 3198 3429 3271 ἐξευρεῖν
3461 3201 3564 3271 τῆς
3584 3204 3733 3256 κατὰ

2130 3291 2296 3360 μέρος
2329 3289 2605 3361 προνοίας.
2672 3289 2814 3343 Ἀλλ’
2860 3291 2943 3343 ὅτι
2992 3291 3091 3362 μὲν
3145 3292 3244 3345 οὐκ
3291 3293 3438 3346 ἐστιν
3491 3295 3525 3364 ή
3577 3293 3732 3365 ψυχὴ

2127 3384 2319 3456 θνητὴ,
2359 3384 2481 3438 οὐδὲ
2513 3385 2675 3455 μέχρι
2703 3384 2798 3438 τοῦ
2835 3384 2950 3454 βίου
2977 3385 3168 3440 τούτου
3214 3385 3284 3438 τὰ
3317 3387 3462 3440 κατά
3491 3389 3584 3442 τὸν
3627 3390 3723 3444 ἀν-

2127 3478 2348 3550 θρωπον
2372 3477 2612 3542 ἵσταται,
2654 3476 2713 3529 αῖ
2747 3493 2810 3529 τε
2842 3476 2994 3549 παρά
3021 3479 3135 3540 τοῖς
3189 3478 3347 3548 177
3381 3481 3721 3547 σοφωτάτοις

2125 3568 2236 3622 τῶν
2285 3568 2558 3638 Ἐλλήνων
2603 3567 3128 3639 μετενσωματώσεις
3157 3569 3270 3639 (17)
3322 3570 3578 3641 δηλοῦσι,
3633 3574 3728 3624 καὶ

2131 3665 2179 3716 oi
2213 3662 2495 3733 λεγόμενοι
2520 3662 2674 3715 τόποι
2707 3664 2827 3726 ταῖς
2852 3662 3053 3734 ψυχαῖς
3081 3663 3579 3735 ἀποκεκληρῶσθαι
3601 3665 3717 3736 (18)

2134 3742 2273 3822 πρὸς
2309 3752 2403 3806 τὸν
2436 3751 2675 3824 ἑκάστης
2705 3751 2838 3822 βίον,
2870 3753 2965 3807 καὶ
2993 3753 3050 3807 at
3091 3754 3354 3826 τιμωρίαι
3382 3755 3493 3808 τῶν
3512 3755 3726 3827 ψυχῶν.

1606 3959 1768 4017 VAR.
1810 3959 2011 4017 LECT.
2050 3959 2139 4016 ET
2178 3957 2514 4016 ANIMADV.

508 4150 586 4222 ('5)
620 4220 629 4222 _
671 4144 984 4222 'Aptistaz._
1031 4143 1339 4222 ᾎρὸύεται,
1368 4146 1432 4198 Α.
1462 4147 1518 4209 2,
1550 4145 1613 4202 D.
1638 4145 1690 4211 1,
1718 4144 1822 4202 0!.
1855 4146 2020 4204 Paulo

436 4216 579 4302 post,
608 4217 926 4302 ήγεμονίας,
955 4216 1015 4269 D.
1056 4219 1144 4302 1.τ

505 4290 584 4362 (4)
621 4285 1071 4355 Διοικουμένων,
1106 4285 1193 4338 ὧν
1237 4285 1808 4356 συναγελαζομένων
1838 4327 1852 4342 ,
1881 4290 2017 4342 Διοι-

505 4360 746 4424 υμένωνο
799 4352 874 4411 ὧν
918 4356 1088 4408 πολλὰ
1132 4355 1232 4424 μὲν
1273 4355 1414 4424 είδη.
1449 4357 1560 4410 Καὶ
1609 4359 1718 4424 γὰρ
1767 4359 2019 4424 μέλισσαι

435 4375 746 4432 κουμενωνο
799 4376 874 4411 ων
918 4375 1088 4408 πολλα
1131 4375 1232 4478 μεν
1273 4375 1414 4424 ειοη.
1449 4375 1560 4410 κιαι
1609 4375 1718 4480 γαρ
1767 4375 2016 4430 μελισοαι

435 4432 532 4486 καὶ
563 4429 848 4501 μύρμηκες
872 4426 1070 4501 καὶ-’τά-
1089 4445 1130 4479 π
1146 4428 1315 4501 »εῖστα
1341 4427 1450 4479 τῶν
1477 4443 1679 4498 σύναγε
1701 4430 2016 4500 .αζομένων,

2201 4145 2314 4216 (10)
2350 4146 2837 4228 Καταφςύγομςν.
2879 4144 3302 4270 Καταφύγοιμεν,
3331 4147 3432 4203 0x.

2201 4217 2312 4270 (ll)
2353 4215 2470 4270 Τὴν
2495 4234 2601 4270 του
2637 4220 2787 4270 Θεου
2812 4217 3121 4270 βοήθειαν.
3153 4220 3165 4236 ’
3200 4220 3265 4270 ὴν
3290 4218 3432 4270 ἀπὸ(

2199 4217 2312 4287 (11)
2334 4215 2470 4292 ,Τὴν
2495 4217 2601 4292 τοῦ
2637 4215 2787 4292 φεοῦ
2810 4215 3265 4292 βᾼοήθειιιν.⁷ᾳ’1“ὴν
3290 4218 3399 4292 ἀπὺ
3423 4217 3561 4271 Θεοῦ
3596 4218 3723 4292 βοή.

2129 4285 2301 4358 θείαν,
2332 4287 2394 4343 D.
2436 4289 2486 4358 1.
2505 4286 2616 4358 Τὴν
2639 4287 2747 4340 ἀπὸ
2773 4286 3002 4351 τούτων,
3032 4290 3097 4341 Α.
3122 4288 3175 4342 2.
3213 4285 3322 4342 (Ad
3353 4304 3543 4343 eorum
3566 4285 3724 4344 auxi-

2129 4356 2316 4422 lium,»
2361 4357 2496 4412 Vall.
2516 4356 2620 4413 Per
2645 4374 2704 4412 se
2724 4358 3068 4426 intelligitur,
3093 4359 3292 4412 nudum
3325 4361 3488 4413 etiam
3517 4361 3723 4428 geniti-

2131 4442 2255 4482 vum
2279 4428 2415 4481 Θεοῦ
2438 4428 2818 4500 explicanduut
2839 4444 2958 4500 esse
2985 4445 3080 4494 per
3099 4430 3234 4492 ἀπό,
3261 4445 3354 4483 seu
3383 4429 3558 4500 παρὰ.
3591 4429 3721 4484 Pla-

433 4502 500 4555 Δ.
526 4495 583 4566 2,
615 4495 690 4554 D'.
709 4495 762 4561 1⁷,
794 4495 1093 4562 ϋοιιηνειιι.
1125 4499 1216 4551 Sic
1244 4498 1407 4551 etiam
1435 4513 1503 4553 ex
1530 4495 1655 4564 nisi,
1684 4505 1779 4555 sed
1814 4495 2017 4556 omisso

2136 4509 2214 4552 cet
2245 4509 2425 4552 autem
2461 4495 2621 4552 lectio
2669 4497 2776 4550 ἀπὸ
2807 4497 3036 4561 τούτων,
3071 4511 3129 4552 ιιι
3171 4510 3226 4553 ει
3271 4502 3337 4553 ad
3361 4495 3520 4552 Θεῑον
3556 4511 3614 4555 ει
3655 4504 3720 4556 ad

433 4571 559 4695 ξέν,
589 4571 690 4626 0x.
725 4567 958 4622 Servata
1001 4567 1233 4621 lectione
1272 4569 1485 4637 vulgata
1523 4569 1804 4638 legendum
1848 4583 2014 4631 esset,
2052 4567 2094 4622 D
2123 4568 2288 4638 εὐχάς
2314 4569 2598 4645 referatur.
3305 4566 3317 4578 °

501 4635 1054 4695 συναγελαζόμενα,οι
1075 4645 1195 4695 post
1219 4636 1488 4691 πλείστων
1515 4639 1842 4695 addendum.
1869 4642 2015 4695 ἐστιν
2193 4640 2307 4695 (12)
2344 4637 2418 4690 Δὲ
2445 4639 2608 4695 cinae
2639 4638 2991 4695 ἀδιδάκτως.
3036 4656 3091 4693 κ.
3136 4656 3188 4692 τ.
3223 4638 3272 4692 λ.

438 4635 472 4695 θ,
501 4635 1054 4708 συναγελαζόμενα,θι
1075 4645 1195 4706 post
1219 4635 1488 4691 πλείστων
1515 4635 1842 4704 addendum.
1869 4642 2015 4695 ἐστιν

438 4713 588 4788 ίδεῖν.
612 4708 926 4788 Versionem
951 4707 1236 4788 Ellebodii,
1266 4724 1384 4778 qua:
1408 4712 1656 4765 eamdem
1688 4714 2016 4767 sententiam

435 4782 620 4846 habet,
658 4781 712 4833 Ιι.
747 4779 782 4830 l.
813 4786 1024 4830 mutare
1045 4779 1211 4831 nolui.

505 4852 582 4921 (5)
609 4845 723 4916 "ac
763 4845 862 4922 sati
888 4847 1010 4900 τῶν
1037 4847 1351 4922 μελισσῶν
1401 4850 1503 4904 καί
1547 4851 1880 4922 μυρμήκων
1918 4851 2016 4906 καί

433 4919 646 4993 ἄλλων
669 4919 992 4993 πλὶεὶστων.
1037 4919 1162 4993 llaec
1183 4930 1315 4993 post
1354 4919 1920 4993 πειθόμένάἐὺειιηι,
1948 4925 2012 4976 Α.

434 4993 492 5058 2,
525 4995 584 5045 D.
630 4992 681 5054 1,
727 4989 856 5058 Οκ.,
895 4989 1055 5054 Com,
1101 4989 1238 5044 Vall.

505 5060 583 5131 (6)
626 5057 993 5134 ΑἘμρξλέψας.
1038 5062 1332 5134 Φαίνεται.
1392 5062 1781 5132 Ἀνεμΰλέψας.
1817 5064 2015 5134 Φαίνη-

433 5129 548 5197 ται,
593 5129 709 5198 δίο,
738 5129 810 5186 Μ.
849 5129 905 5184 2.
937 5131 1208 5187 Continuo
1233 5150 1249 5188 :
1273 5133 1382 5204 γὰρ
1411 5129 1629 5196 καῖ’τάς
1656 5129 1767 5186 τῶν
1789 5129 2014 5206 νομοθέο

435 5201 568 5256 τῶν.
594 5203 757 5256 idem.

435 5204 568 5257 τῶν.
594 5204 757 5257 idem.

505 5219 793 5346 2:1,)Hignés
813 5272 1040 5346 τούτων
1059 5271 1324 5346 δεκτική.
1360 5271 1445 5338 Εί,
1465 5273 1584 5330 loco
1605 5275 1660 5346 ἡ,
1684 5275 1749 5328 A.
1773 5273 1828 5344 2,
1852 5275 2012 5342 Con.,

443 5341 578 5397 Va'll'.
617 5342 914 5413 Utrumque
945 5344 1070 5414 ferri
1096 5354 1292 5414 potest.

505 5414 586 5486 (8)
626 5411 955 5484 Τεκμήριον
973 5412 1059 5467 δέ.
1091 5411 1244 5486 Ceno
1280 5411 1468 5486 incipit
1497 5411 1619 5486 libri
1652 5433 1745 5472 vut
1774 5431 1892 5486 cap.
1926 5417 1958 5469 7
1993 5435 2007 5472 :

442 5503 462 5538 ι
492 5484 742 5540 Ostendit
767 5486 962 5540 divina:
989 5484 1343 5554 providentiae
1361 5484 1724 5552 cognitionem
1741 5484 1896 5544 nobis
1918 5504 2016 5542 na-

439 5555 688 5610 turaliter
719 5556 978 5609 insertam
997 5568 1135 5619 esse,
1151 5555 1431 5624 aperitque
1449 5569 1658 5624 causas,
1674 5575 1772 5612 cur
1799 5559 1852 5612 in
1872 5559 2016 5614 hunc

435 5640 676 5681 errorem
701 5624 934 5694 prolapsi
951 5624 1081 5690 sint,
1100 5638 1207 5678 non
1233 5627 1517 5679 credentes
1543 5629 1797 5684 videlicet
1820 5631 2013 5686 animm

436 5695 928 5773 immortalitatem,
969 5695 1055 5748 vel
1087 5695 1350 5750 rationem
1377 5705 1434 5751 et
1471 5709 1696 5756 causam
1726 5701 2014 5773 providen-

437 5766 526 5820 tia:
555 5765 882 5833 perscrutari
910 5775 1262 5833 nequeuntes.
1310 5786 1328 5818 ο

508 5834 583 5904 (9)
625 5835 709 5888 Οὐ
745 5839 983 5903 μικρόν.
1015 5837 1093 5892 οὐ
1126 5838 1377 5909 σμικρόν,
1416 5839 1478 5896 D.
1522 5842 1572 5896 1.

2193 4636 2307 4708 (12)
2344 4637 2418 4690 Δὲ
2445 4636 2608 4706 (ἡμᾶς
2639 4638 2991 4702 ἀδιδάκτως,
3036 4656 3091 4693 κ.
3136 4656 3188 4692 τ.
3223 4638 3272 4692 λ.
3317 4640 3385 4693 Δὲ
3413 4639 3720 4707 ἀδιδάκτως

2116 4701 2434 4798 ᾖγεγηήμές
2527 4701 2711 4798 φύσις,
2731 4709 2819 4798 ’D._
2845 4711 2924 4796 1.τ
2938 4710 3096 4798 31οὲι
3121 4711 3260 4798 ἰιξειι)
3284 4712 3608 4798 ὶγίῖνεσθαι.

2118 4775 2488 4863 5,)’Ὕ1ζᾷκ
2507 4778 2591 4863 *δέ
2629 4795 2681 4832 τι
2713 4775 2991 4863 ordinabat.
3016 4780 3130 4862 Πᾶν
3157 4779 3231 4863 δὲ.
3251 4775 3315 4832 ea
3352 4775 3476 4853 ᾥτῳ
3506 4779 3626 4847 οὖν,
3653 4785 3718 4837 Α.

2117 4851 2171 4904 2.
2218 4849 2352 4920 ΠᾶνΔ
2376 4849 2432 4900 δὲ
2469 4849 2532 4901 τὸ
2560 4849 2800 4920 ὠτῳοῦν.
2831 4849 3066 4918 Spiritus
3114 4852 3166 4903 in
3203 4851 3249 4902 ὼ
3295 4867 3326 4904 a
3368 4849 3521 4906 tuan.
3575 4870 3716 4919 νεα,

2117 4932 2282 4998 antea
2321 4917 2386 4986 ὡ,
2429 4920 2494 4974 D.
2539 4921 2590 4974 1.
2633 4917 3035 4990 Ὁτῳοῦνεειὶε
3080 4931 3270 4976 notum
3310 4932 3414 4988 est,
3455 4923 3577 4979 loco
3643 4917 3716 4995 ᾠὲ

2117 5007 2340 5046 τινιουν.

2193 5061 2303 5136 (14)
2322 5063 2455 5136 ﬁeri
2483 5059 2627 5136 opas
2655 5061 3408 5136 μίαν-ἀντιλυπρύδεμίαν
3447 5065 3715 5136 ἁντι).ογ.,

2117 5133 2183 5186 Λ.
2220 5131 2275 5204 2,
2319 5133 2379 5184 D.
2408 5132 2463 5194 1,
2495 5131 2635 5204 Con.
2659 5131 2766 5204 Sed
2803 5132 2948 5186 Valla
2977 5149 2990 5186 :
3023 5131 3059 5183 ι
3081 5134 3145 5188 Ει
3170 5131 3465 5188 περὐιίειιι
3497 5131 3714 5204 quidem

2117 5203 2346 5301 suscipit
2397 5202 2904 5258 contradictionem.
2933 5221 2952 5255 ο
2989 5204 3129 5273 Ergo
3157 5206 3254 5258 καὶ
3282 5234 3354 5244 -
3381 5202 3716 5276 ἐπιδέχεται.

2190 5274 2232 5301 ΙΙ
2263 5276 2300 5301 εὶ
2347 5270 2568 5301 mnf.--“
2592 5270 2700 5301 pA“
2735 5273 2904 5301 1Xnn--
2957 5274 3324 5301 'I"-.-.'._-..-l-.
3347 5275 3507 5301 ‘11-.-“
3563 5279 3603 5301 ul
3658 5278 3691 5301 Ω

2189 5270 2300 5344 (15)
2347 5270 2568 5344 Τοῦτον
2591 5270 2700 5344 τόν
2717 5273 2926 5344 λόγον.
2957 5270 3213 5344 Τοιοῦτον
3231 5275 3324 5328 τὸν
3347 5270 3630 5344 λόγονξδι.
3658 5278 3711 5331 2.

2191 5340 2305 5414 (16)
2346 5342 2430 5418 Τῷ
2459 5340 2818 5418 κομίζειν-,ὲ
2849 5341 2929 5418 τῷ
2953 5341 3051 5414 μὴ’
3071 5345 3394 5418 δύνασθαι.
3423 5340 3527 5400 ’Τό
3563 5349 3709 5418 νομί·

2117 5412 2230 5479 ζειν
2256 5412 2325 5452 4—
2354 5414 2415 5466 τὸ
2445 5413 2520 5484 μὴ
2558 5412 2840 5477 δύνασθαι,
2884 5412 2966 5469 1).
2996 5412 3048 5470 1.
3097 5415 3221 5471 Mox
3251 5417 3416 5484 idem,
3471 5412 3714 5484 ἵσταται,

2118 5485 2238 5541 loco
2274 5484 2518 5538 ἵσταται.

2191 5556 2305 5627 (17)
2344 5554 2945 5627 Μετενσωματώίσεις.
2992 5555 3355 5627 Migrationes
3404 5558 3711 5612 animorum

2118 5625 2172 5681 in
2202 5626 2306 5698 alia
2334 5640 2591 5698 corpora,
2615 5641 2753 5695 quas
2781 5626 2936 5698 lflato
2963 5625 3167 5698 docuit,
3196 5642 3426 5697 qumque
3455 5631 3712 5698 supersti-

2119 5706 2200 5752 tes
2247 5694 2454 5750 l‘aciunt
2508 5694 2744 5752 animos.
2797 5695 2931 5751 Vide
2976 5694 3300 5752 Fischerum
3337 5694 3412 5751 ad
3468 5694 3712 5754 Platonis

2119 5765 2504 5837 Pliwdonem§
2547 5766 2636 5831 15,
2674 5778 2800 5837 nota
2842 5768 2896 5832 1,
2941 5783 3065 5837 pag.
3093 5768 3222 5824 293.

2193 5783 2446 5820 twaonem
2477 5783 2504 5837 ς
2547 5783 2636 5831 τε),
2674 5783 2800 5846 nota
2842 5783 2896 5832 1,
2941 5783 3065 5894 ρῗξ.
3093 5783 3222 5824 zuo.

2193 5837 2302 5908 (18)
2346 5836 2930 5908 Ἀποκεκληρωσθαι.
3035 5853 3100 5896 oc
3129 5838 3314 5896 malim
3343 5852 3548 5911 ponere
3588 5847 3711 5896 ante
