  <div class='ocr_page' id='page_1' title='image "/cluster/home/n/w/nwhite01/storage/ocr_20150623/40/hvd.32044073501850/423.png"; bbox 0 0 3890 6274; ppageno 0'>
   <div class='ocr_carea' id='block_1_1' title="bbox 413 344 513 405">
    <p class='ocr_par' dir='ltr' id='par_1_1' title="bbox 413 344 513 405">
     <span class='ocr_line' id='line_1_1' title="bbox 413 344 513 405; baseline -0.01 0"><span class='ocrx_word' id='word_1_1' title='bbox 413 344 513 405; x_wconf 70' lang='grc'><strong>831</strong></span> 
     </span>
    </p>
   </div>
   <div class='ocr_carea' id='block_1_2' title="bbox 1650 337 2431 400">
    <p class='ocr_par' dir='ltr' id='par_1_2' title="bbox 1650 337 2431 400">
     <span class='ocr_line' id='line_1_2' title="bbox 1650 337 2431 400; baseline -0.004 0"><span class='ocrx_word' id='word_1_2' title='bbox 1650 337 1978 400; x_wconf 76' lang='lat' dir='ltr'><strong>EDITOBIS</strong></span> <span class='ocrx_word' id='word_1_3' title='bbox 2015 339 2431 399; x_wconf 78' lang='lat' dir='ltr'><strong>OXONIENSIS</strong></span> 
     </span>
    </p>
   </div>
   <div class='ocr_carea' id='block_1_3' title="bbox 3571 340 3693 397">
    <p class='ocr_par' dir='ltr' id='par_1_3' title="bbox 3571 340 3693 397">
     <span class='ocr_line' id='line_1_3' title="bbox 3571 340 3693 397; baseline 0 0"><span class='ocrx_word' id='word_1_4' title='bbox 3571 340 3693 397; x_wconf 72' lang='lat'><strong>832</strong></span> 
     </span>
    </p>
   </div>
   <div class='ocr_carea' id='block_1_4' title="bbox 489 449 1994 527">
    <p class='ocr_par' dir='ltr' id='par_1_4' title="bbox 489 453 1994 527">
     <span class='ocr_line' id='line_1_4' title="bbox 489 453 1994 527; baseline 0.001 -14"><span class='ocrx_word' id='word_1_5' title='bbox 489 460 618 527; x_wconf 66' lang='grc' dir='ltr'><strong>Ρη.</strong></span> <span class='ocrx_word' id='word_1_6' title='bbox 643 457 735 514; x_wconf 77' lang='lat'><strong>82.</strong></span> <span class='ocrx_word' id='word_1_7' title='bbox 759 457 877 515; x_wconf 80' lang='grc' dir='ltr'><strong>Τοῦ</strong></span> <span class='ocrx_word' id='word_1_8' title='bbox 908 457 978 512; x_wconf 80' lang='grc' dir='ltr'><strong>δὲ</strong></span> <span class='ocrx_word' id='word_1_9' title='bbox 1005 456 1279 527; x_wconf 76' lang='grc' dir='ltr'><strong>ἀριθμοῦ.</strong></span> <span class='ocrx_word' id='word_1_10' title='bbox 1306 453 1423 512; x_wconf 79' lang='lat' dir='ltr'><strong>Non</strong></span> <span class='ocrx_word' id='word_1_11' title='bbox 1465 458 1782 513; x_wconf 84' lang='lat' dir='ltr'><strong>memoriam</strong></span> <span class='ocrx_word' id='word_1_12' title='bbox 1811 459 1994 526; x_wconf 90' lang='lat' dir='ltr'><strong>modo,</strong></span> 
     </span>
    </p>
   </div>
   <div class='ocr_carea' id='block_1_5' title="bbox 2103 449 3690 527">
    <p class='ocr_par' dir='ltr' id='par_1_5' title="bbox 2103 449 3690 527">
     <span class='ocr_line' id='line_1_5' title="bbox 2103 449 3690 527; baseline -0.003 -16"><span class='ocrx_word' id='word_1_13' title='bbox 2103 473 2207 512; x_wconf 90' lang='lat' dir='ltr'><strong>non</strong></span> <span class='ocrx_word' id='word_1_14' title='bbox 2250 455 2442 510; x_wconf 89' lang='lat' dir='ltr'><strong>eodem</strong></span> <span class='ocrx_word' id='word_1_15' title='bbox 2476 459 2878 527; x_wconf 73' lang='lat' dir='ltr'><strong>argumenio_et_</strong></span> <span class='ocrx_word' id='word_1_16' title='bbox 2909 449 3000 527; x_wconf 81' lang='lat' dir='ltr'><strong>alii</strong></span> <span class='ocrx_word' id='word_1_17' title='bbox 3036 458 3339 527; x_wconf 81' lang='lat' dir='ltr'><strong>uterentur,</strong></span> <span class='ocrx_word' id='word_1_18' title='bbox 3367 453 3461 521; x_wconf 87' lang='lat' dir='ltr'><strong>qui</strong></span> <span class='ocrx_word' id='word_1_19' title='bbox 3494 454 3690 512; x_wconf 82' lang='lat' dir='ltr'><strong>solum</strong></span> 
     </span>
    </p>
   </div>
   <div class='ocr_carea' id='block_1_6' title="bbox 412 527 1988 598">
    <p class='ocr_par' dir='ltr' id='par_1_6' title="bbox 412 527 1988 598">
     <span class='ocr_line' id='line_1_6' title="bbox 412 527 1988 598; baseline -0.001 -12"><span class='ocrx_word' id='word_1_20' title='bbox 412 535 511 586; x_wconf 86' lang='lat' dir='ltr'><strong>sed</strong></span> <span class='ocrx_word' id='word_1_21' title='bbox 539 539 595 584; x_wconf 92' lang='lat' dir='ltr'><strong>et</strong></span> <span class='ocrx_word' id='word_1_22' title='bbox 631 529 858 584; x_wconf 74' lang='lat' dir='ltr'><strong>rationis</strong></span> <span class='ocrx_word' id='word_1_23' title='bbox 902 543 1058 582; x_wconf 83' lang='lat' dir='ltr'><strong>usum</strong></span> <span class='ocrx_word' id='word_1_24' title='bbox 1094 527 1334 598; x_wconf 78' lang='lat' dir='ltr'><strong>postulat</strong></span> <span class='ocrx_word' id='word_1_25' title='bbox 1365 527 1686 582; x_wconf 82' lang='lat' dir='ltr'><strong>numerandi</strong></span> <span class='ocrx_word' id='word_1_26' title='bbox 1727 536 1988 598; x_wconf 80' lang='lat' dir='ltr'><strong>potestas.</strong></span> 
     </span>
    </p>
   </div>
   <div class='ocr_carea' id='block_1_7' title="bbox 418 595 1990 666">
    <p class='ocr_par' dir='ltr' id='par_1_7' title="bbox 418 595 1990 666">
     <span class='ocr_line' id='line_1_7' title="bbox 418 595 1990 666; baseline 0 -12"><span class='ocrx_word' id='word_1_27' title='bbox 418 599 741 654; x_wconf 73' lang='lat' dir='ltr'><strong>Rectissime</strong></span> <span class='ocrx_word' id='word_1_28' title='bbox 778 599 922 653; x_wconf 90' lang='lat' dir='ltr'><strong>enim</strong></span> <span class='ocrx_word' id='word_1_29' title='bbox 954 595 1206 652; x_wconf 72' lang='lat' dir='ltr'><strong>observat</strong></span> <span class='ocrx_word' id='word_1_30' title='bbox 1239 595 1464 666; x_wconf 83' lang='lat' dir='ltr'><strong>Aristot.</strong></span> <span class='ocrx_word' id='word_1_31' title='bbox 1491 605 1626 652; x_wconf 89' lang='lat' dir='ltr'><strong>sect.</strong></span> <span class='ocrx_word' id='word_1_32' title='bbox 1651 598 1706 660; x_wconf 78' lang='lat'><strong>5,</strong></span> <span class='ocrx_word' id='word_1_33' title='bbox 1727 595 1889 666; x_wconf 75' lang='grc' dir='ltr'><strong>ἰη-οι).</strong></span> <span class='ocrx_word' id='word_1_34' title='bbox 1917 599 1950 653; x_wconf 85' lang='grc'>6</span> <span class='ocrx_word' id='word_1_35' title='bbox 1976 617 1990 654; x_wconf 91' lang='lat'><strong>:</strong></span> 
     </span>
    </p>
   </div>
   <div class='ocr_carea' id='block_1_8' title="bbox 419 665 1993 739">
    <p class='ocr_par' dir='ltr' id='par_1_8' title="bbox 419 665 1993 739">
     <span class='ocr_line' id='line_1_8' title="bbox 419 665 1993 739; baseline 0.001 -18"><span class='ocrx_word' id='word_1_36' title='bbox 419 668 738 739; x_wconf 58' lang='grc' dir='ltr'><strong>Ἄνθρωπος</strong></span> <span class='ocrx_word' id='word_1_37' title='bbox 783 666 1034 739; x_wconf 76' lang='grc' dir='ltr'><strong>ἀριθμεῖν</strong></span> <span class='ocrx_word' id='word_1_38' title='bbox 1091 667 1252 739; x_wconf 74' lang='grc' dir='ltr'><strong>μόνρς</strong></span> <span class='ocrx_word' id='word_1_39' title='bbox 1289 665 1592 739; x_wconf 61' lang='grc' dir='ltr'><strong>Δὲπιςζσαςιιπιτιιι</strong></span> <span class='ocrx_word' id='word_1_40' title='bbox 1656 665 1768 739; x_wconf 73' lang='grc' dir='ltr'><strong>τῶν</strong></span> <span class='ocrx_word' id='word_1_41' title='bbox 1816 668 1993 722; x_wconf 76' lang='grc' dir='ltr'>ἄλλων</span> 
     </span>
    </p>
   </div>
   <div class='ocr_carea' id='block_1_9' title="bbox 415 735 1992 804">
    <p class='ocr_par' dir='ltr' id='par_1_9' title="bbox 415 735 1992 804">
     <span class='ocr_line' id='line_1_9' title="bbox 415 735 1992 804; baseline 0.001 -13"><span class='ocrx_word' id='word_1_42' title='bbox 415 735 598 804; x_wconf 72' lang='lat' dir='ltr'><strong>(dum).</strong></span> <span class='ocrx_word' id='word_1_43' title='bbox 630 737 785 794; x_wconf 88' lang='lat' dir='ltr'><strong>Unde</strong></span> <span class='ocrx_word' id='word_1_44' title='bbox 816 735 1012 791; x_wconf 84' lang='lat' dir='ltr'><strong>merito</strong></span> <span class='ocrx_word' id='word_1_45' title='bbox 1041 735 1239 791; x_wconf 76' lang='lat' dir='ltr'><strong>exinde</strong></span> <span class='ocrx_word' id='word_1_46' title='bbox 1287 735 1542 791; x_wconf 89' lang='lat' dir='ltr'><strong>indicium</strong></span> <span class='ocrx_word' id='word_1_47' title='bbox 1589 738 1822 792; x_wconf 90' lang='lat' dir='ltr'><strong>sumitur</strong></span> <span class='ocrx_word' id='word_1_48' title='bbox 1862 739 1992 793; x_wconf 88' lang='lat' dir='ltr'><strong>bar-</strong></span> 
     </span>
    </p>
   </div>
   <div class='ocr_carea' id='block_1_10' title="bbox 420 806 1991 928">
    <p class='ocr_par' dir='ltr' id='par_1_10' title="bbox 420 806 1991 928">
     <span class='ocr_line' id='line_1_10' title="bbox 420 806 1991 928; baseline -0.001 -66"><span class='ocrx_word' id='word_1_49' title='bbox 420 809 674 862; x_wconf 90' lang='lat' dir='ltr'><strong>bararum</strong></span> <span class='ocrx_word' id='word_1_50' title='bbox 707 807 970 876; x_wconf 86' lang='lat' dir='ltr'><strong>gentium,</strong></span> <span class='ocrx_word' id='word_1_51' title='bbox 999 821 1232 928; x_wconf 60' lang='lat' dir='ltr'><strong>quarum</strong></span> <span class='ocrx_word' id='word_1_52' title='bbox 1261 806 1474 886; x_wconf 71' lang='lat' dir='ltr'><strong>aliquae,</strong></span> <span class='ocrx_word' id='word_1_53' title='bbox 1512 807 1655 876; x_wconf 91' lang='lat' dir='ltr'><strong>quod</strong></span> <span class='ocrx_word' id='word_1_54' title='bbox 1683 808 1750 862; x_wconf 89' lang='lat' dir='ltr'><strong>de</strong></span> <span class='ocrx_word' id='word_1_55' title='bbox 1777 808 1991 861; x_wconf 77' lang='lat' dir='ltr'><strong>Ameri-</strong></span> 
     </span>
     <span class='ocr_line' id='line_1_11' title="bbox 420 875 1991 928; baseline 0 0"><span class='ocrx_word' id='word_1_56' title='bbox 420 877 570 928; x_wconf 87' lang='lat' dir='ltr'><strong>canis</strong></span> <span class='ocrx_word' id='word_1_57' title='bbox 597 877 814 928; x_wconf 90' lang='lat' dir='ltr'><strong>dicitur.</strong></span> <span class='ocrx_word' id='word_1_58' title='bbox 842 890 948 928; x_wconf 91' lang='lat' dir='ltr'><strong>non</strong></span> <span class='ocrx_word' id='word_1_59' title='bbox 977 892 1008 928; x_wconf 89' lang='grc' dir='ltr'><strong>ιι</strong></span> <span class='ocrx_word' id='word_1_60' title='bbox 1037 887 1118 928; x_wconf 85' lang='lat' dir='ltr'><strong>tra</strong></span> <span class='ocrx_word' id='word_1_61' title='bbox 1150 884 1294 928; x_wconf 86' lang='lat' dir='ltr'><strong>octo.</strong></span> <span class='ocrx_word' id='word_1_62' title='bbox 1319 876 1410 928; x_wconf 83' lang='lat' dir='ltr'><strong>alit</strong></span> <span class='ocrx_word' id='word_1_63' title='bbox 1442 890 1547 928; x_wconf 92' lang='lat' dir='ltr'><strong>non</strong></span> <span class='ocrx_word' id='word_1_64' title='bbox 1585 875 1725 928; x_wconf 89' lang='lat' dir='ltr'><strong>ultra</strong></span> <span class='ocrx_word' id='word_1_65' title='bbox 1755 888 1991 928; x_wconf 82' lang='lat' dir='ltr'><strong>quatuor</strong></span> 
     </span>
    </p>
   </div>
   <div class='ocr_carea' id='block_1_11' title="bbox 417 875 1992 948">
    <p class='ocr_par' dir='ltr' id='par_1_11' title="bbox 417 875 1992 948">
     <span class='ocr_line' id='line_1_12' title="bbox 417 875 1992 948; baseline 0.001 -17"><span class='ocrx_word' id='word_1_66' title='bbox 417 877 570 931; x_wconf 94' lang='lat' dir='ltr'><strong>canis</strong></span> <span class='ocrx_word' id='word_1_67' title='bbox 597 877 814 948; x_wconf 86' lang='lat' dir='ltr'><strong>dicitur,</strong></span> <span class='ocrx_word' id='word_1_68' title='bbox 842 890 948 930; x_wconf 90' lang='lat' dir='ltr'><strong>non</strong></span> <span class='ocrx_word' id='word_1_69' title='bbox 969 875 1118 948; x_wconf 81' lang='lat' dir='ltr'><strong>ultra</strong></span> <span class='ocrx_word' id='word_1_70' title='bbox 1150 884 1294 940; x_wconf 89' lang='lat' dir='ltr'><strong>octo,</strong></span> <span class='ocrx_word' id='word_1_71' title='bbox 1319 875 1410 930; x_wconf 86' lang='lat' dir='ltr'><strong>alii</strong></span> <span class='ocrx_word' id='word_1_72' title='bbox 1442 875 1547 930; x_wconf 92' lang='lat' dir='ltr'><strong>non</strong></span> <span class='ocrx_word' id='word_1_73' title='bbox 1585 875 1725 930; x_wconf 90' lang='lat' dir='ltr'><strong>ultra</strong></span> <span class='ocrx_word' id='word_1_74' title='bbox 1755 888 1992 948; x_wconf 88' lang='lat' dir='ltr'><strong>quatuor</strong></span> 
     </span>
    </p>
   </div>
   <div class='ocr_carea' id='block_1_12' title="bbox 417 944 1106 1015">
    <p class='ocr_par' dir='ltr' id='par_1_12' title="bbox 417 944 1106 1015">
     <span class='ocr_line' id='line_1_13' title="bbox 417 944 1106 1015; baseline -0.004 -13"><span class='ocrx_word' id='word_1_75' title='bbox 417 946 752 1002; x_wconf 86' lang='lat' dir='ltr'><strong>numerando</strong></span> <span class='ocrx_word' id='word_1_76' title='bbox 787 944 1106 1015; x_wconf 87' lang='lat' dir='ltr'><strong>procedunt.</strong></span> 
     </span>
    </p>
   </div>
   <div class='ocr_carea' id='block_1_13' title="bbox 490 1031 1996 1092">
    <p class='ocr_par' dir='ltr' id='par_1_13' title="bbox 490 1031 1996 1092">
     <span class='ocr_line' id='line_1_14' title="bbox 490 1031 1996 1092; baseline 0 -2"><span class='ocrx_word' id='word_1_77' title='bbox 490 1037 624 1092; x_wconf 92' lang='lat' dir='ltr'><strong>Ibid.</strong></span> <span class='ocrx_word' id='word_1_78' title='bbox 653 1031 881 1091; x_wconf 83' lang='grc' dir='ltr'><em>Ἦττον</em></span> <span class='ocrx_word' id='word_1_79' title='bbox 921 1036 990 1090; x_wconf 79' lang='grc' dir='ltr'><em>δὲ</em></span> <span class='ocrx_word' id='word_1_80' title='bbox 1027 1036 1125 1091; x_wconf 81' lang='grc' dir='ltr'><strong>διὰ</strong></span> <span class='ocrx_word' id='word_1_81' title='bbox 1163 1037 1367 1092; x_wconf 82' lang='grc' dir='ltr'><strong>ὑέλου.</strong></span> <span class='ocrx_word' id='word_1_82' title='bbox 1414 1035 1692 1091; x_wconf 79' lang='lat' dir='ltr'><strong>Relractio</strong></span> <span class='ocrx_word' id='word_1_83' title='bbox 1737 1037 1874 1091; x_wconf 87' lang='lat' dir='ltr'><strong>radii</strong></span> <span class='ocrx_word' id='word_1_84' title='bbox 1914 1036 1996 1090; x_wconf 85' lang='lat' dir='ltr'><strong>Iu-</strong></span> 
     </span>
    </p>
   </div>
   <div class='ocr_carea' id='block_1_14' title="bbox 418 1107 1992 1176">
    <p class='ocr_par' dir='ltr' id='par_1_14' title="bbox 418 1107 1992 1176">
     <span class='ocr_line' id='line_1_15' title="bbox 418 1107 1992 1176; baseline -0.003 -15"><span class='ocrx_word' id='word_1_85' title='bbox 418 1109 614 1162; x_wconf 89' lang='lat' dir='ltr'><strong>minosi</strong></span> <span class='ocrx_word' id='word_1_86' title='bbox 647 1107 702 1162; x_wconf 93' lang='lat' dir='ltr'><strong>in</strong></span> <span class='ocrx_word' id='word_1_87' title='bbox 741 1121 923 1161; x_wconf 86' lang='lat' dir='ltr'><strong>aerem</strong></span> <span class='ocrx_word' id='word_1_88' title='bbox 963 1123 1029 1160; x_wconf 82' lang='lat' dir='ltr'><strong>ex</strong></span> <span class='ocrx_word' id='word_1_89' title='bbox 1083 1122 1220 1176; x_wconf 89' lang='lat' dir='ltr'><strong>aqua</strong></span> <span class='ocrx_word' id='word_1_90' title='bbox 1263 1121 1321 1162; x_wconf 89' lang='lat' dir='ltr'><strong>se</strong></span> <span class='ocrx_word' id='word_1_91' title='bbox 1358 1108 1552 1170; x_wconf 85' lang='lat' dir='ltr'><strong>habet,</strong></span> <span class='ocrx_word' id='word_1_92' title='bbox 1592 1107 1858 1160; x_wconf 86' lang='lat' dir='ltr'><strong>calculum</strong></span> <span class='ocrx_word' id='word_1_93' title='bbox 1896 1121 1992 1176; x_wconf 80' lang='lat' dir='ltr'><strong>po-</strong></span> 
     </span>
    </p>
   </div>
   <div class='ocr_carea' id='block_1_15' title="bbox 419 1172 1992 1244">
    <p class='ocr_par' dir='ltr' id='par_1_15' title="bbox 419 1172 1992 1244">
     <span class='ocr_line' id='line_1_16' title="bbox 419 1172 1992 1244; baseline -0.001 -13"><span class='ocrx_word' id='word_1_94' title='bbox 419 1187 583 1231; x_wconf 89' lang='lat' dir='ltr'><strong>nente</strong></span> <span class='ocrx_word' id='word_1_95' title='bbox 606 1175 871 1240; x_wconf 86' lang='lat' dir='ltr'><strong>Cartesio,</strong></span> <span class='ocrx_word' id='word_1_96' title='bbox 899 1185 956 1230; x_wconf 92' lang='lat' dir='ltr'><strong>ut</strong></span> <span class='ocrx_word' id='word_1_97' title='bbox 983 1177 1016 1230; x_wconf 79' lang='grc'>5</span> <span class='ocrx_word' id='word_1_98' title='bbox 1039 1178 1104 1230; x_wconf 89' lang='lat' dir='ltr'><strong>ad</strong></span> <span class='ocrx_word' id='word_1_99' title='bbox 1135 1172 1192 1240; x_wconf 64' lang='grc' dir='ltr'>Ἀ,</span> <span class='ocrx_word' id='word_1_100' title='bbox 1223 1192 1314 1230; x_wconf 87' lang='lat' dir='ltr'><strong>seu</strong></span> <span class='ocrx_word' id='word_1_101' title='bbox 1354 1176 1531 1244; x_wconf 81' lang='lat' dir='ltr'><strong>potius</strong></span> <span class='ocrx_word' id='word_1_102' title='bbox 1559 1176 1658 1230; x_wconf 76' lang='grc'><strong>187</strong></span> <span class='ocrx_word' id='word_1_103' title='bbox 1688 1179 1754 1230; x_wconf 87' lang='lat' dir='ltr'><strong>ad</strong></span> <span class='ocrx_word' id='word_1_104' title='bbox 1784 1172 1909 1231; x_wconf 69' lang='lat'><strong>250.</strong></span> <span class='ocrx_word' id='word_1_105' title='bbox 1934 1172 1992 1230; x_wconf 86' lang='lat' dir='ltr'><strong>In</strong></span> 
     </span>
    </p>
   </div>
   <div class='ocr_carea' id='block_1_16' title="bbox 418 1245 1995 1314">
    <p class='ocr_par' dir='ltr' id='par_1_16' title="bbox 418 1245 1995 1314">
     <span class='ocr_line' id='line_1_17' title="bbox 418 1245 1995 1314; baseline -0.002 -15"><span class='ocrx_word' id='word_1_106' title='bbox 418 1260 599 1300; x_wconf 87' lang='lat' dir='ltr'><strong>aerem</strong></span> <span class='ocrx_word' id='word_1_107' title='bbox 632 1261 698 1300; x_wconf 82' lang='lat' dir='ltr'><strong>ex</strong></span> <span class='ocrx_word' id='word_1_108' title='bbox 726 1249 886 1306; x_wconf 82' lang='lat' dir='ltr'><strong>vitro.</strong></span> <span class='ocrx_word' id='word_1_109' title='bbox 926 1256 980 1298; x_wconf 87' lang='lat' dir='ltr'><strong>ut</strong></span> <span class='ocrx_word' id='word_1_110' title='bbox 1007 1246 1043 1298; x_wconf 74' lang='lat'><strong>2</strong></span> <span class='ocrx_word' id='word_1_111' title='bbox 1078 1257 1132 1301; x_wconf 88' lang='lat' dir='ltr'><strong>et</strong></span> <span class='ocrx_word' id='word_1_112' title='bbox 1163 1247 1216 1308; x_wconf 77' lang='lat'><strong>5,</strong></span> <span class='ocrx_word' id='word_1_113' title='bbox 1254 1247 1296 1298; x_wconf 95' lang='lat' dir='ltr'><strong>si</strong></span> <span class='ocrx_word' id='word_1_114' title='bbox 1333 1245 1562 1314; x_wconf 82' lang='lat' dir='ltr'><strong>Keplero</strong></span> <span class='ocrx_word' id='word_1_115' title='bbox 1592 1247 1742 1300; x_wconf 89' lang='lat' dir='ltr'><strong>lides.</strong></span> <span class='ocrx_word' id='word_1_116' title='bbox 1774 1247 1843 1300; x_wconf 80' lang='lat' dir='ltr'><strong>At</strong></span> <span class='ocrx_word' id='word_1_117' title='bbox 1870 1260 1995 1314; x_wconf 78' lang='lat' dir='ltr'><strong>sup-</strong></span> 
     </span>
    </p>
   </div>
   <div class='ocr_carea' id='block_1_17' title="bbox 416 1313 1992 1384">
    <p class='ocr_par' dir='ltr' id='par_1_17' title="bbox 416 1313 1992 1384">
     <span class='ocr_line' id='line_1_18' title="bbox 416 1313 1992 1384; baseline -0.001 -14"><span class='ocrx_word' id='word_1_118' title='bbox 416 1323 642 1384; x_wconf 85' lang='lat' dir='ltr'><strong>putante</strong></span> <span class='ocrx_word' id='word_1_119' title='bbox 691 1316 1065 1369; x_wconf 88' lang='lat' dir='ltr'><strong>eruditissimo</strong></span> <span class='ocrx_word' id='word_1_120' title='bbox 1118 1328 1360 1370; x_wconf 88' lang='lat' dir='ltr'><strong>nostrate</strong></span> <span class='ocrx_word' id='word_1_121' title='bbox 1411 1318 1469 1370; x_wconf 86' lang='grc' dir='ltr'><strong>ι).</strong></span> <span class='ocrx_word' id='word_1_122' title='bbox 1512 1313 1696 1369; x_wconf 86' lang='lat' dir='ltr'><strong>lsaaco</strong></span> <span class='ocrx_word' id='word_1_123' title='bbox 1751 1315 1992 1380; x_wconf 85' lang='lat' dir='ltr'><strong>Barrow,</strong></span> 
     </span>
    </p>
   </div>
   <div class='ocr_carea' id='block_1_18' title="bbox 423 1385 1996 1509">
    <p class='ocr_par' dir='ltr' id='par_1_18' title="bbox 423 1385 1996 1509">
     <span class='ocr_line' id='line_1_19' title="bbox 423 1385 1996 1509; baseline 0.002 -71"><span class='ocrx_word' id='word_1_124' title='bbox 423 1385 592 1509; x_wconf 56' lang='lat' dir='ltr'><strong>tbiegl.</strong></span> <span class='ocrx_word' id='word_1_125' title='bbox 627 1386 942 1456; x_wconf 82' lang='lat' dir='ltr'><strong>professore</strong></span> <span class='ocrx_word' id='word_1_126' title='bbox 988 1393 1045 1441; x_wconf 89' lang='lat' dir='ltr'><strong>et</strong></span> <span class='ocrx_word' id='word_1_127' title='bbox 1087 1385 1141 1440; x_wconf 92' lang='lat' dir='ltr'><strong>in</strong></span> <span class='ocrx_word' id='word_1_128' title='bbox 1175 1386 1403 1440; x_wconf 77' lang='lat' dir='ltr'><strong>mathesi</strong></span> <span class='ocrx_word' id='word_1_129' title='bbox 1451 1388 1847 1448; x_wconf 84' lang='lat' dir='ltr'><strong>versatissimo,</strong></span> <span class='ocrx_word' id='word_1_130' title='bbox 1876 1397 1934 1439; x_wconf 92' lang='lat' dir='ltr'><strong>ut</strong></span> <span class='ocrx_word' id='word_1_131' title='bbox 1962 1387 1996 1441; x_wconf 80' lang='grc'><strong>5</strong></span> 
     </span>
     <span class='ocr_line' id='line_1_20' title="bbox 423 1470 576 1509; baseline 0.013 -2"><span class='ocrx_word' id='word_1_132' title='bbox 423 1470 466 1508; x_wconf 75' lang='lat' dir='ltr'><strong>at</strong></span> <span class='ocrx_word' id='word_1_133' title='bbox 561 1495 576 1509; x_wconf 88' lang='lat'><strong>.</strong></span> 
     </span>
    </p>
   </div>
   <div class='ocr_carea' id='block_1_19' title="bbox 417 1470 576 1510">
    <p class='ocr_par' dir='ltr' id='par_1_19' title="bbox 417 1470 576 1510">
     <span class='ocr_line' id='line_1_21' title="bbox 417 1470 576 1510; baseline 0.013 -2"><span class='ocrx_word' id='word_1_134' title='bbox 417 1470 486 1508; x_wconf 89' lang='lat' dir='ltr'><strong>au</strong></span> <span class='ocrx_word' id='word_1_135' title='bbox 521 1470 576 1510; x_wconf 78' lang='grc' dir='ltr'><strong>ο.</strong></span> 
     </span>
    </p>
   </div>
   <div class='ocr_carea' id='block_1_20' title="bbox 493 1544 2000 1618">
    <p class='ocr_par' dir='ltr' id='par_1_20' title="bbox 493 1544 2000 1618">
     <span class='ocr_line' id='line_1_22' title="bbox 493 1544 2000 1618; baseline 0.001 -18"><span class='ocrx_word' id='word_1_136' title='bbox 493 1545 622 1616; x_wconf 84' lang='lat' dir='ltr'><strong>Pag.</strong></span> <span class='ocrx_word' id='word_1_137' title='bbox 649 1545 735 1603; x_wconf 79' lang='lat'><strong>83.</strong></span> <span class='ocrx_word' id='word_1_138' title='bbox 779 1545 850 1618; x_wconf 84' lang='grc' dir='ltr'><strong>Τὸ</strong></span> <span class='ocrx_word' id='word_1_139' title='bbox 891 1544 1009 1618; x_wconf 72' lang='grc' dir='ltr'><strong>πῦρ</strong></span> <span class='ocrx_word' id='word_1_140' title='bbox 1050 1545 1322 1614; x_wconf 78' lang='grc' dir='ltr'><strong>ὁρῶντες.</strong></span> <span class='ocrx_word' id='word_1_141' title='bbox 1360 1546 1435 1601; x_wconf 90' lang='lat' dir='ltr'><strong>De</strong></span> <span class='ocrx_word' id='word_1_142' title='bbox 1469 1545 1662 1618; x_wconf 82' lang='lat' dir='ltr'><strong>Satyro</strong></span> <span class='ocrx_word' id='word_1_143' title='bbox 1690 1545 1870 1616; x_wconf 85' lang='lat' dir='ltr'><strong>ignem</strong></span> <span class='ocrx_word' id='word_1_144' title='bbox 1908 1549 2000 1602; x_wconf 83' lang='lat' dir='ltr'><strong>de-</strong></span> 
     </span>
    </p>
   </div>
   <div class='ocr_carea' id='block_1_21' title="bbox 418 1617 1461 1688">
    <p class='ocr_par' dir='ltr' id='par_1_21' title="bbox 418 1617 1461 1688">
     <span class='ocr_line' id='line_1_23' title="bbox 418 1617 1461 1688; baseline -0.002 -15"><span class='ocrx_word' id='word_1_145' title='bbox 418 1620 697 1688; x_wconf 74' lang='lat' dir='ltr'><strong>osculanle</strong></span> <span class='ocrx_word' id='word_1_146' title='bbox 714 1617 1039 1688; x_wconf 73' lang='lat' dir='ltr'><strong>notissimus</strong></span> <span class='ocrx_word' id='word_1_147' title='bbox 1065 1627 1149 1670; x_wconf 82' lang='lat' dir='ltr'><strong>est</strong></span> <span class='ocrx_word' id='word_1_148' title='bbox 1181 1619 1461 1688; x_wconf 78' lang='lat' dir='ltr'><strong>apologus.</strong></span> 
     </span>
    </p>
   </div>
   <div class='ocr_carea' id='block_1_22' title="bbox 493 1683 2000 1756">
    <p class='ocr_par' dir='ltr' id='par_1_22' title="bbox 493 1683 2000 1756">
     <span class='ocr_line' id='line_1_24' title="bbox 493 1683 2000 1756; baseline 0.001 -17"><span class='ocrx_word' id='word_1_149' title='bbox 493 1685 621 1756; x_wconf 80' lang='lat' dir='ltr'><strong>Pag.</strong></span> <span class='ocrx_word' id='word_1_150' title='bbox 664 1686 755 1741; x_wconf 73' lang='grc'><strong>84.</strong></span> <span class='ocrx_word' id='word_1_151' title='bbox 795 1687 897 1740; x_wconf 79' lang='grc' dir='ltr'><em>Ἐν</em></span> <span class='ocrx_word' id='word_1_152' title='bbox 953 1685 1028 1753; x_wconf 77' lang='grc' dir='ltr'><strong>τῇ</strong></span> <span class='ocrx_word' id='word_1_153' title='bbox 1075 1683 1366 1754; x_wconf 72' lang='grc' dir='ltr'><strong>θαλάσσῇ</strong></span> <span class='ocrx_word' id='word_1_154' title='bbox 1420 1685 1536 1754; x_wconf 78' lang='grc' dir='ltr'><strong>τὴν</strong></span> <span class='ocrx_word' id='word_1_155' title='bbox 1588 1685 1815 1756; x_wconf 75' lang='grc' dir='ltr'><strong>κώπην.</strong></span> <span class='ocrx_word' id='word_1_156' title='bbox 1855 1683 2000 1740; x_wconf 82' lang='lat' dir='ltr'><strong>Cave</strong></span> 
     </span>
    </p>
   </div>
   <div class='ocr_carea' id='block_1_23' title="bbox 421 1755 1993 1818">
    <p class='ocr_par' dir='ltr' id='par_1_23' title="bbox 421 1755 1993 1818">
     <span class='ocr_line' id='line_1_25' title="bbox 421 1755 1993 1818; baseline -0.003 -8"><span class='ocrx_word' id='word_1_157' title='bbox 421 1771 646 1810; x_wconf 89' lang='lat' dir='ltr'><strong>censeas</strong></span> <span class='ocrx_word' id='word_1_158' title='bbox 674 1765 948 1810; x_wconf 81' lang='lat' dir='ltr'><strong>auctorem</strong></span> <span class='ocrx_word' id='word_1_159' title='bbox 982 1766 1223 1810; x_wconf 91' lang='lat' dir='ltr'><strong>nostrum</strong></span> <span class='ocrx_word' id='word_1_160' title='bbox 1252 1756 1583 1818; x_wconf 78' lang='lat' dir='ltr'><strong>existimare,</strong></span> <span class='ocrx_word' id='word_1_161' title='bbox 1617 1755 1993 1810; x_wconf 66' lang='lat' dir='ltr'><strong>retractionem</strong></span> 
     </span>
    </p>
   </div>
   <div class='ocr_carea' id='block_1_24' title="bbox 423 1824 1996 1906">
    <p class='ocr_par' dir='ltr' id='par_1_24' title="bbox 423 1824 1996 1906">
     <span class='ocr_line' id='line_1_26' title="bbox 423 1824 1996 1906; baseline 0.001 -28"><span class='ocrx_word' id='word_1_162' title='bbox 423 1824 958 1906; x_wconf 27' lang='lat' dir='ltr'><strong>nonﬂliaberiﬂnnisi</strong></span> <span class='ocrx_word' id='word_1_163' title='bbox 1013 1826 1065 1879; x_wconf 91' lang='lat' dir='ltr'><strong>in</strong></span> <span class='ocrx_word' id='word_1_164' title='bbox 1101 1827 1256 1906; x_wconf 89' lang='lat' dir='ltr'><strong>aquis</strong></span> <span class='ocrx_word' id='word_1_165' title='bbox 1301 1827 1535 1906; x_wconf 44' lang='lat' dir='ltr'><strong>agit‘atis.</strong></span> <span class='ocrx_word' id='word_1_166' title='bbox 1574 1825 1870 1906; x_wconf 57' lang='lat' dir='ltr'><strong>[iatiOneni</strong></span> <span class='ocrx_word' id='word_1_167' title='bbox 1908 1825 1996 1879; x_wconf 88' lang='lat' dir='ltr'><strong>hic</strong></span> 
     </span>
    </p>
   </div>
   <div class='ocr_carea' id='block_1_25' title="bbox 421 1894 1996 1964">
    <p class='ocr_par' dir='ltr' id='par_1_25' title="bbox 421 1894 1996 1964">
     <span class='ocr_line' id='line_1_27' title="bbox 421 1894 1996 1964; baseline -0.002 -15"><span class='ocrx_word' id='word_1_168' title='bbox 421 1895 596 1950; x_wconf 84' lang='lat' dir='ltr'><strong>reddit</strong></span> <span class='ocrx_word' id='word_1_169' title='bbox 630 1894 940 1964; x_wconf 72' lang='lat' dir='ltr'><strong>multiplicis</strong></span> <span class='ocrx_word' id='word_1_170' title='bbox 968 1905 1020 1948; x_wconf 92' lang='lat' dir='ltr'><strong>et</strong></span> <span class='ocrx_word' id='word_1_171' title='bbox 1061 1898 1300 1964; x_wconf 72' lang='lat' dir='ltr'><strong>repellite</strong></span> <span class='ocrx_word' id='word_1_172' title='bbox 1332 1894 1665 1958; x_wconf 75' lang='lat' dir='ltr'><strong>&#39;inﬂesionis,</strong></span> <span class='ocrx_word' id='word_1_173' title='bbox 1701 1910 1821 1963; x_wconf 71' lang='lat' dir='ltr'><strong>quae</strong></span> <span class='ocrx_word' id='word_1_174' title='bbox 1858 1895 1996 1947; x_wconf 87' lang='lat' dir='ltr'><strong>inter</strong></span> 
     </span>
    </p>
   </div>
   <div class='ocr_carea' id='block_1_26' title="bbox 421 1964 1995 2086">
    <p class='ocr_par' dir='ltr' id='par_1_26' title="bbox 421 1964 1995 2086">
     <span class='ocr_line' id='line_1_28' title="bbox 421 1964 1995 2086; baseline 0.002 -69"><span class='ocrx_word' id='word_1_175' title='bbox 421 1965 792 2086; x_wconf 66' lang='lat' dir='ltr'><strong>reilnigandum</strong></span> <span class='ocrx_word' id='word_1_176' title='bbox 839 1964 1093 2020; x_wconf 84' lang='lat' dir='ltr'><strong>ﬂuctibus</strong></span> <span class='ocrx_word' id='word_1_177' title='bbox 1139 1964 1368 2022; x_wconf 84' lang='lat' dir='ltr'><strong>subinde</strong></span> <span class='ocrx_word' id='word_1_178' title='bbox 1399 1967 1561 2020; x_wconf 90' lang='lat' dir='ltr'><strong>motis</strong></span> <span class='ocrx_word' id='word_1_179' title='bbox 1613 1978 1874 2036; x_wconf 79' lang='lat' dir='ltr'><strong>apparere</strong></span> <span class='ocrx_word' id='word_1_180' title='bbox 1902 1977 1995 2020; x_wconf 82' lang='lat' dir='ltr'><strong>as-</strong></span> 
     </span>
     <span class='ocr_line' id='line_1_29' title="bbox 421 2047 583 2086; baseline 0 0"><span class='ocrx_word' id='word_1_181' title='bbox 421 2047 484 2086; x_wconf 76' lang='grc' dir='ltr'><strong>ευ</strong></span> <span class='ocrx_word' id='word_1_182' title='bbox 509 2047 583 2086; x_wconf 90' lang='lat' dir='ltr'><strong>et.</strong></span> 
     </span>
    </p>
   </div>
   <div class='ocr_carea' id='block_1_27' title="bbox 420 2047 583 2088">
    <p class='ocr_par' dir='ltr' id='par_1_27' title="bbox 420 2047 583 2088">
     <span class='ocr_line' id='line_1_30' title="bbox 420 2047 583 2088; baseline -0.006 0"><span class='ocrx_word' id='word_1_183' title='bbox 420 2047 583 2088; x_wconf 79' lang='lat' dir='ltr'><strong>solet.</strong></span> 
     </span>
    </p>
   </div>
   <div class='ocr_carea' id='block_1_28' title="bbox 497 2121 1994 2194">
    <p class='ocr_par' dir='ltr' id='par_1_28' title="bbox 497 2121 1994 2194">
     <span class='ocr_line' id='line_1_31' title="bbox 497 2121 1994 2194; baseline 0.001 -17"><span class='ocrx_word' id='word_1_184' title='bbox 497 2123 634 2180; x_wconf 91' lang='lat' dir='ltr'><strong>Ibid.</strong></span> <span class='ocrx_word' id='word_1_185' title='bbox 665 2126 787 2178; x_wconf 82' lang='grc' dir='ltr'><strong>Οὐκ</strong></span> <span class='ocrx_word' id='word_1_186' title='bbox 837 2125 968 2178; x_wconf 78' lang='grc' dir='ltr'><strong>ἐστι</strong></span> <span class='ocrx_word' id='word_1_187' title='bbox 1005 2124 1180 2178; x_wconf 86' lang='grc' dir='ltr'><em>τοῦτο</em></span> <span class='ocrx_word' id='word_1_188' title='bbox 1219 2122 1595 2194; x_wconf 79' lang='grc' dir='ltr'><strong>διαμάρτημα</strong></span> <span class='ocrx_word' id='word_1_189' title='bbox 1627 2121 1733 2190; x_wconf 81' lang='grc' dir='ltr'><strong>τῆς</strong></span> <span class='ocrx_word' id='word_1_190' title='bbox 1779 2122 1994 2190; x_wconf 73' lang='grc' dir='ltr'><strong>ὄψεως.</strong></span> 
     </span>
    </p>
   </div>
   <div class='ocr_carea' id='block_1_29' title="bbox 423 2193 1995 2265">
    <p class='ocr_par' dir='ltr' id='par_1_29' title="bbox 423 2193 1995 2265">
     <span class='ocr_line' id='line_1_32' title="bbox 423 2193 1995 2265; baseline -0.002 -16"><span class='ocrx_word' id='word_1_191' title='bbox 423 2193 548 2249; x_wconf 73' lang='lat' dir='ltr'><strong>Iltec</strong></span> <span class='ocrx_word' id='word_1_192' title='bbox 576 2210 816 2264; x_wconf 86' lang='lat' dir='ltr'><strong>eousque</strong></span> <span class='ocrx_word' id='word_1_193' title='bbox 841 2196 1080 2249; x_wconf 79' lang='lat' dir='ltr'><strong>extendit</strong></span> <span class='ocrx_word' id='word_1_194' title='bbox 1111 2195 1391 2265; x_wconf 84' lang='lat' dir='ltr'><strong>Epicurus,</strong></span> <span class='ocrx_word' id='word_1_195' title='bbox 1424 2205 1483 2248; x_wconf 93' lang='lat' dir='ltr'><strong>ut</strong></span> <span class='ocrx_word' id='word_1_196' title='bbox 1509 2209 1752 2265; x_wconf 87' lang='lat' dir='ltr'><strong>errorem</strong></span> <span class='ocrx_word' id='word_1_197' title='bbox 1779 2207 1995 2248; x_wconf 89' lang='lat' dir='ltr'><strong>omnem</strong></span> 
     </span>
    </p>
   </div>
   <div class='ocr_carea' id='block_1_30' title="bbox 421 2264 1999 2335">
    <p class='ocr_par' dir='ltr' id='par_1_30' title="bbox 421 2264 1999 2335">
     <span class='ocr_line' id='line_1_33' title="bbox 421 2264 1999 2335; baseline -0.001 -16"><span class='ocrx_word' id='word_1_198' title='bbox 421 2266 676 2335; x_wconf 83' lang='lat' dir='ltr'><strong>sensibus</strong></span> <span class='ocrx_word' id='word_1_199' title='bbox 709 2274 996 2319; x_wconf 80' lang='lat' dir='ltr'><strong>amoveat:</strong></span> <span class='ocrx_word' id='word_1_200' title='bbox 1033 2264 1173 2322; x_wconf 84' lang='lat' dir='ltr'><strong>unde</strong></span> <span class='ocrx_word' id='word_1_201' title='bbox 1203 2279 1302 2335; x_wconf 91' lang='lat' dir='ltr'><strong>pro</strong></span> <span class='ocrx_word' id='word_1_202' title='bbox 1343 2264 1604 2333; x_wconf 79' lang='lat' dir='ltr'><strong>singulari</strong></span> <span class='ocrx_word' id='word_1_203' title='bbox 1648 2272 1999 2335; x_wconf 20' lang='lat' dir='ltr'><strong>suoistupore</strong></span> 
     </span>
    </p>
   </div>
   <div class='ocr_carea' id='block_1_31' title="bbox 426 2332 1998 2402">
    <p class='ocr_par' dir='ltr' id='par_1_31' title="bbox 426 2332 1998 2402">
     <span class='ocr_line' id='line_1_34' title="bbox 426 2332 1998 2402; baseline -0.003 -14"><span class='ocrx_word' id='word_1_204' title='bbox 426 2334 528 2388; x_wconf 86' lang='lat' dir='ltr'><strong>sibi</strong></span> <span class='ocrx_word' id='word_1_205' title='bbox 557 2335 793 2402; x_wconf 89' lang='lat' dir='ltr'><strong>primum</strong></span> <span class='ocrx_word' id='word_1_206' title='bbox 825 2335 877 2388; x_wconf 87' lang='lat' dir='ltr'><strong>in</strong></span> <span class='ocrx_word' id='word_1_207' title='bbox 906 2336 1146 2388; x_wconf 88' lang='lat' dir='ltr'><strong>animum</strong></span> <span class='ocrx_word' id='word_1_208' title='bbox 1179 2332 1388 2389; x_wconf 73' lang='lat' dir='ltr'><strong>induxit</strong></span> <span class='ocrx_word' id='word_1_209' title='bbox 1419 2332 1474 2388; x_wconf 80' lang='lat' dir='ltr'><strong>et</strong></span> <span class='ocrx_word' id='word_1_210' title='bbox 1501 2334 1696 2389; x_wconf 87' lang='lat' dir='ltr'><strong>deinde</strong></span> <span class='ocrx_word' id='word_1_211' title='bbox 1722 2332 1844 2388; x_wconf 90' lang='lat' dir='ltr'><strong>aliis</strong></span> <span class='ocrx_word' id='word_1_212' title='bbox 1873 2345 1998 2402; x_wconf 85' lang='lat' dir='ltr'><strong>per-</strong></span> 
     </span>
    </p>
   </div>
   <div class='ocr_carea' id='block_1_32' title="bbox 422 2401 2000 2474">
    <p class='ocr_par' dir='ltr' id='par_1_32' title="bbox 422 2401 2000 2474">
     <span class='ocr_line' id='line_1_35' title="bbox 422 2401 2000 2474; baseline -0.002 -16"><span class='ocrx_word' id='word_1_213' title='bbox 422 2401 646 2458; x_wconf 81' lang='lat' dir='ltr'><strong>suasum</strong></span> <span class='ocrx_word' id='word_1_214' title='bbox 668 2403 869 2474; x_wconf 82' lang='lat' dir='ltr'><strong>voluit,</strong></span> <span class='ocrx_word' id='word_1_215' title='bbox 897 2403 1101 2474; x_wconf 85' lang='lat' dir='ltr'><strong>iudicia</strong></span> <span class='ocrx_word' id='word_1_216' title='bbox 1131 2419 1314 2474; x_wconf 81' lang='lat' dir='ltr'><strong>rerum</strong></span> <span class='ocrx_word' id='word_1_217' title='bbox 1345 2403 1397 2456; x_wconf 92' lang='lat' dir='ltr'><strong>in</strong></span> <span class='ocrx_word' id='word_1_218' title='bbox 1429 2404 1682 2458; x_wconf 77' lang='lat' dir='ltr'><strong>sensibus</strong></span> <span class='ocrx_word' id='word_1_219' title='bbox 1720 2403 1870 2474; x_wconf 88' lang='lat' dir='ltr'><strong>poni.</strong></span> <span class='ocrx_word' id='word_1_220' title='bbox 1909 2401 2000 2456; x_wconf 79' lang='grc' dir='ltr'><strong>Τι-</strong></span> 
     </span>
    </p>
   </div>
   <div class='ocr_carea' id='block_1_33' title="bbox 422 2472 1997 2543">
    <p class='ocr_par' dir='ltr' id='par_1_33' title="bbox 422 2472 1997 2543">
     <span class='ocr_line' id='line_1_36' title="bbox 422 2472 1997 2543; baseline -0.001 -18"><span class='ocrx_word' id='word_1_221' title='bbox 422 2473 560 2526; x_wconf 83' lang='lat' dir='ltr'><strong>quit</strong></span> <span class='ocrx_word' id='word_1_222' title='bbox 588 2473 808 2543; x_wconf 84' lang='lat' dir='ltr'><strong>quippe,</strong></span> <span class='ocrx_word' id='word_1_223' title='bbox 837 2472 909 2543; x_wconf 80' lang='lat' dir='ltr'><strong>ut</strong></span> <span class='ocrx_word' id='word_1_224' title='bbox 938 2474 1117 2532; x_wconf 81' lang='lat' dir='ltr'><strong>verbis</strong></span> <span class='ocrx_word' id='word_1_225' title='bbox 1147 2472 1426 2528; x_wconf 86' lang='lat' dir='ltr'><strong>Ciceronis</strong></span> <span class='ocrx_word' id='word_1_226' title='bbox 1457 2485 1601 2538; x_wconf 87' lang='lat' dir='ltr'><strong>utar,</strong></span> <span class='ocrx_word' id='word_1_227' title='bbox 1641 2488 1725 2538; x_wconf 81' lang='lat' dir='ltr'><strong>ne,</strong></span> <span class='ocrx_word' id='word_1_228' title='bbox 1756 2473 1803 2543; x_wconf 77' lang='lat' dir='ltr'><strong>si</strong></span> <span class='ocrx_word' id='word_1_229' title='bbox 1834 2487 1997 2525; x_wconf 86' lang='lat' dir='ltr'><strong>unum</strong></span> 
     </span>
    </p>
   </div>
   <div class='ocr_carea' id='block_1_34' title="bbox 421 2542 1996 2612">
    <p class='ocr_par' dir='ltr' id='par_1_34' title="bbox 421 2542 1996 2612">
     <span class='ocr_line' id='line_1_37' title="bbox 421 2542 1996 2612; baseline -0.001 -16"><span class='ocrx_word' id='word_1_230' title='bbox 421 2542 771 2596; x_wconf 35' lang='lat' dir='ltr'><strong>visuin’esset</strong></span> <span class='ocrx_word' id='word_1_231' title='bbox 817 2542 1048 2612; x_wconf 77' lang='lat' dir='ltr'><strong>falsum,</strong></span> <span class='ocrx_word' id='word_1_232' title='bbox 1097 2543 1300 2596; x_wconf 79' lang='lat' dir='ltr'><strong>nullum</strong></span> <span class='ocrx_word' id='word_1_233' title='bbox 1349 2552 1485 2597; x_wconf 82' lang='lat' dir='ltr'><strong>esset</strong></span> <span class='ocrx_word' id='word_1_234' title='bbox 1531 2557 1725 2596; x_wconf 74' lang='lat' dir='ltr'><strong>verum.</strong></span> <span class='ocrx_word' id='word_1_235' title='bbox 1773 2542 1845 2595; x_wconf 78' lang='lat' dir='ltr'><strong>At</strong></span> <span class='ocrx_word' id='word_1_236' title='bbox 1890 2556 1996 2612; x_wconf 87' lang='lat' dir='ltr'><strong>non</strong></span> 
     </span>
    </p>
   </div>
   <div class='ocr_carea' id='block_1_35' title="bbox 421 2611 1996 2680">
    <p class='ocr_par' dir='ltr' id='par_1_35' title="bbox 421 2611 1996 2680">
     <span class='ocr_line' id='line_1_38' title="bbox 421 2611 1996 2680; baseline 0 -15"><span class='ocrx_word' id='word_1_237' title='bbox 421 2613 558 2666; x_wconf 89' lang='lat' dir='ltr'><strong>adeo</strong></span> <span class='ocrx_word' id='word_1_238' title='bbox 598 2612 860 2680; x_wconf 87' lang='lat' dir='ltr'><strong>Epicurus</strong></span> <span class='ocrx_word' id='word_1_239' title='bbox 885 2613 1175 2668; x_wconf 87' lang='lat' dir='ltr'><strong>sollicitum</strong></span> <span class='ocrx_word' id='word_1_240' title='bbox 1205 2627 1266 2667; x_wconf 90' lang='lat' dir='ltr'><strong>se</strong></span> <span class='ocrx_word' id='word_1_241' title='bbox 1295 2612 1496 2668; x_wconf 88' lang='lat' dir='ltr'><strong>habere</strong></span> <span class='ocrx_word' id='word_1_242' title='bbox 1522 2612 1728 2676; x_wconf 88' lang='lat' dir='ltr'><strong>debuit,</strong></span> <span class='ocrx_word' id='word_1_243' title='bbox 1759 2621 1817 2666; x_wconf 92' lang='lat' dir='ltr'><strong>ut</strong></span> <span class='ocrx_word' id='word_1_244' title='bbox 1853 2611 1996 2665; x_wconf 86' lang='lat' dir='ltr'><strong>veri-</strong></span> 
     </span>
    </p>
   </div>
   <div class='ocr_carea' id='block_1_36' title="bbox 427 2681 2000 2752">
    <p class='ocr_par' dir='ltr' id='par_1_36' title="bbox 427 2681 2000 2752">
     <span class='ocr_line' id='line_1_39' title="bbox 427 2681 2000 2752; baseline -0.002 -16"><span class='ocrx_word' id='word_1_245' title='bbox 427 2690 594 2736; x_wconf 77' lang='lat' dir='ltr'><strong>tatem</strong></span> <span class='ocrx_word' id='word_1_246' title='bbox 620 2682 936 2752; x_wconf 81' lang='lat' dir='ltr'><strong>stabiliret:</strong></span> <span class='ocrx_word' id='word_1_247' title='bbox 967 2685 1058 2751; x_wconf 88' lang='lat' dir='ltr'><strong>qui</strong></span> <span class='ocrx_word' id='word_1_248' title='bbox 1094 2684 1523 2752; x_wconf 88' lang='lat' dir='ltr'><strong>prepositionum</strong></span> <span class='ocrx_word' id='word_1_249' title='bbox 1553 2681 2000 2736; x_wconf 73' lang='lat' dir='ltr'><strong>contradictoris-</strong></span> 
     </span>
    </p>
   </div>
   <div class='ocr_carea' id='block_1_37' title="bbox 421 2751 1996 2821">
    <p class='ocr_par' dir='ltr' id='par_1_37' title="bbox 421 2751 1996 2821">
     <span class='ocr_line' id='line_1_40' title="bbox 421 2751 1996 2821; baseline 0 -15"><span class='ocrx_word' id='word_1_250' title='bbox 421 2767 543 2806; x_wconf 85' lang='lat' dir='ltr'><strong>rum</strong></span> <span class='ocrx_word' id='word_1_251' title='bbox 577 2751 806 2806; x_wconf 82' lang='lat' dir='ltr'><strong>alteram</strong></span> <span class='ocrx_word' id='word_1_252' title='bbox 854 2760 948 2806; x_wconf 86' lang='lat' dir='ltr'><strong>aut</strong></span> <span class='ocrx_word' id='word_1_253' title='bbox 981 2751 1162 2806; x_wconf 79' lang='lat' dir='ltr'><strong>veram</strong></span> <span class='ocrx_word' id='word_1_254' title='bbox 1197 2751 1301 2806; x_wconf 82' lang='lat' dir='ltr'><strong>aut</strong></span> <span class='ocrx_word' id='word_1_255' title='bbox 1339 2751 1532 2808; x_wconf 77' lang='lat' dir='ltr'><strong>falsam</strong></span> <span class='ocrx_word' id='word_1_256' title='bbox 1562 2764 1683 2807; x_wconf 85' lang='lat' dir='ltr'><strong>esse</strong></span> <span class='ocrx_word' id='word_1_257' title='bbox 1716 2761 1996 2821; x_wconf 89' lang='lat' dir='ltr'><strong>pernegat,</strong></span> 
     </span>
    </p>
   </div>
   <div class='ocr_carea' id='block_1_38' title="bbox 425 2821 1998 2891">
    <p class='ocr_par' dir='ltr' id='par_1_38' title="bbox 425 2821 1998 2891">
     <span class='ocr_line' id='line_1_41' title="bbox 425 2821 1998 2891; baseline 0 -15"><span class='ocrx_word' id='word_1_258' title='bbox 425 2830 483 2876; x_wconf 89' lang='lat' dir='ltr'><strong>et</strong></span> <span class='ocrx_word' id='word_1_259' title='bbox 530 2823 758 2890; x_wconf 88' lang='lat' dir='ltr'><strong>proinde</strong></span> <span class='ocrx_word' id='word_1_260' title='bbox 801 2823 1088 2878; x_wconf 83' lang='lat' dir='ltr'><strong>universas</strong></span> <span class='ocrx_word' id='word_1_261' title='bbox 1134 2822 1499 2891; x_wconf 80' lang='lat' dir='ltr'><strong>ratiocinandi</strong></span> <span class='ocrx_word' id='word_1_262' title='bbox 1547 2821 1695 2891; x_wconf 75' lang='lat' dir='ltr'><strong>leges</strong></span> <span class='ocrx_word' id='word_1_263' title='bbox 1738 2831 1794 2891; x_wconf 90' lang='lat' dir='ltr'><strong>et</strong></span> <span class='ocrx_word' id='word_1_264' title='bbox 1836 2837 1998 2891; x_wconf 84' lang='lat' dir='ltr'><strong>onme</strong></span> 
     </span>
    </p>
   </div>
   <div class='ocr_carea' id='block_1_39' title="bbox 421 2888 1997 3013">
    <p class='ocr_par' dir='ltr' id='par_1_39' title="bbox 421 2888 1997 3013">
     <span class='ocr_line' id='line_1_42' title="bbox 421 2888 1997 2959; baseline -0.001 -13"><span class='ocrx_word' id='word_1_265' title='bbox 421 2888 628 2946; x_wconf 80' lang='lat' dir='ltr'><strong>mentis</strong></span> <span class='ocrx_word' id='word_1_266' title='bbox 666 2891 929 2959; x_wconf 85' lang='lat' dir='ltr'><strong>iudicium</strong></span> <span class='ocrx_word' id='word_1_267' title='bbox 979 2891 1225 2948; x_wconf 77' lang='lat' dir='ltr'><strong>funditus</strong></span> <span class='ocrx_word' id='word_1_268' title='bbox 1263 2891 1422 2948; x_wconf 90' lang='lat' dir='ltr'><strong>tollit.</strong></span> <span class='ocrx_word' id='word_1_269' title='bbox 1459 2888 1579 2949; x_wconf 70' lang='grc' dir='ltr'><strong>για.</strong></span> <span class='ocrx_word' id='word_1_270' title='bbox 1607 2888 1740 2948; x_wconf 70' lang='grc' dir='ltr'><strong>Ὀις.</strong></span> <span class='ocrx_word' id='word_1_271' title='bbox 1778 2890 1815 2944; x_wconf 97' lang='lat' dir='ltr'><strong>l.</strong></span> <span class='ocrx_word' id='word_1_272' title='bbox 1847 2906 1886 2946; x_wconf 90' lang='grc' dir='ltr'>ιι</span> <span class='ocrx_word' id='word_1_273' title='bbox 1915 2889 1997 2945; x_wconf 85' lang='lat' dir='ltr'><strong>De</strong></span> 
     </span>
     <span class='ocr_line' id='line_1_43' title="bbox 421 2961 803 3013; baseline 0 0"><span class='ocrx_word' id='word_1_274' title='bbox 421 2970 531 3013; x_wconf 78' lang='lat' dir='ltr'><strong>ttat.</strong></span> <span class='ocrx_word' id='word_1_275' title='bbox 563 2961 803 3013; x_wconf 83' lang='lat' dir='ltr'><strong>deorum.</strong></span> 
     </span>
    </p>
   </div>
   <div class='ocr_carea' id='block_1_40' title="bbox 421 2970 803 3018">
    <p class='ocr_par' dir='ltr' id='par_1_40' title="bbox 421 2970 803 3018">
     <span class='ocr_line' id='line_1_44' title="bbox 421 2970 803 3018; baseline 0.008 -4"><span class='ocrx_word' id='word_1_276' title='bbox 421 2970 531 3014; x_wconf 69' lang='grc' dir='ltr'><strong>και.</strong></span> <span class='ocrx_word' id='word_1_277' title='bbox 563 2970 803 3018; x_wconf 84' lang='lat' dir='ltr'><strong>deorum.</strong></span> 
     </span>
    </p>
   </div>
   <div class='ocr_carea' id='block_1_41' title="bbox 490 3050 1998 3124">
    <p class='ocr_par' dir='ltr' id='par_1_41' title="bbox 490 3050 1998 3124">
     <span class='ocr_line' id='line_1_45' title="bbox 490 3050 1998 3124; baseline 0 -18"><span class='ocrx_word' id='word_1_278' title='bbox 490 3050 621 3122; x_wconf 84' lang='lat' dir='ltr'><strong>Pag.</strong></span> <span class='ocrx_word' id='word_1_279' title='bbox 645 3051 735 3108; x_wconf 85' lang='lat'><strong>85.</strong></span> <span class='ocrx_word' id='word_1_280' title='bbox 763 3052 876 3106; x_wconf 77' lang='lat' dir='ltr'><strong>Kal</strong></span> <span class='ocrx_word' id='word_1_281' title='bbox 914 3053 1179 3124; x_wconf 74' lang='grc' dir='ltr'><em>γλώττας</em></span> <span class='ocrx_word' id='word_1_282' title='bbox 1203 3053 1464 3107; x_wconf 74' lang='grc' dir='ltr'><strong>ἕκαστον</strong></span> <span class='ocrx_word' id='word_1_283' title='bbox 1499 3050 1618 3121; x_wconf 75' lang='grc' dir='ltr'><strong>μὲν</strong></span> <span class='ocrx_word' id='word_1_284' title='bbox 1644 3050 1998 3124; x_wconf 49' lang='lat' dir='ltr'><strong>cardvus».</strong></span> 
     </span>
    </p>
   </div>
   <div class='ocr_carea' id='block_1_42' title="bbox 2098 521 3697 609">
    <p class='ocr_par' dir='ltr' id='par_1_42' title="bbox 2098 521 3697 609">
     <span class='ocr_line' id='line_1_46' title="bbox 2098 521 3697 609; baseline -0.006 -29"><span class='ocrx_word' id='word_1_285' title='bbox 2098 527 2221 609; x_wconf 76' lang='lat' dir='ltr'><strong>gula</strong></span> <span class='ocrx_word' id='word_1_286' title='bbox 2263 527 2498 609; x_wconf 72' lang='lat' dir='ltr'><strong>sapiunt,</strong></span> <span class='ocrx_word' id='word_1_287' title='bbox 2527 521 2582 578; x_wconf 83' lang='lat' dir='ltr'><strong>et</strong></span> <span class='ocrx_word' id='word_1_288' title='bbox 2614 522 2756 609; x_wconf 74' lang='lat' dir='ltr'><strong>quod</strong></span> <span class='ocrx_word' id='word_1_289' title='bbox 2777 521 3520 609; x_wconf 40' lang='lat' dir='ltr'><strong>Quiiitiliant‘isnait,’coquum</strong></span> <span class='ocrx_word' id='word_1_290' title='bbox 3562 541 3697 580; x_wconf 75' lang='lat' dir='ltr'><strong>sua-</strong></span> 
     </span>
    </p>
   </div>
   <div class='ocr_carea' id='block_1_43' title="bbox 2087 591 3693 667">
    <p class='ocr_par' dir='ltr' id='par_1_43' title="bbox 2087 591 3693 667">
     <span class='ocr_line' id='line_1_47' title="bbox 2087 591 3693 667; baseline 0 -17"><span class='ocrx_word' id='word_1_291' title='bbox 2087 591 2225 667; x_wconf 75' lang='lat' dir='ltr'><strong>joris</strong></span> <span class='ocrx_word' id='word_1_292' title='bbox 2253 591 2474 664; x_wconf 67' lang='lat' dir='ltr'><strong>faciunt,</strong></span> <span class='ocrx_word' id='word_1_293' title='bbox 2503 609 2662 667; x_wconf 78' lang='lat' dir='ltr'><strong>quam</strong></span> <span class='ocrx_word' id='word_1_294' title='bbox 2700 591 3102 667; x_wconf 74' lang='lat' dir='ltr'><strong>philosophum!</strong></span> <span class='ocrx_word' id='word_1_295' title='bbox 3129 591 3468 667; x_wconf 75' lang='lat' dir='ltr'><strong>Meminerint</strong></span> <span class='ocrx_word' id='word_1_296' title='bbox 3493 602 3693 667; x_wconf 78' lang='lat' dir='ltr'><strong>tamen</strong></span> 
     </span>
    </p>
   </div>
   <div class='ocr_carea' id='block_1_44' title="bbox 2096 661 3691 733">
    <p class='ocr_par' dir='ltr' id='par_1_44' title="bbox 2096 661 3691 733">
     <span class='ocr_line' id='line_1_48' title="bbox 2096 661 3691 733; baseline -0.003 -11"><span class='ocrx_word' id='word_1_297' title='bbox 2096 661 2345 722; x_wconf 85' lang='lat' dir='ltr'><strong>eumdem</strong></span> <span class='ocrx_word' id='word_1_298' title='bbox 2380 661 2729 720; x_wconf 79' lang='lat' dir='ltr'><strong>Aristotelem</strong></span> <span class='ocrx_word' id='word_1_299' title='bbox 2767 663 2865 733; x_wconf 86' lang='lat' dir='ltr'><strong>hos</strong></span> <span class='ocrx_word' id='word_1_300' title='bbox 2919 675 3110 716; x_wconf 87' lang='lat' dir='ltr'><strong>sensus</strong></span> <span class='ocrx_word' id='word_1_301' title='bbox 3161 677 3273 730; x_wconf 68' lang='lat' dir='ltr'><strong>prae</strong></span> <span class='ocrx_word' id='word_1_302' title='bbox 3317 661 3540 731; x_wconf 85' lang='lat' dir='ltr'><strong>reliquis</strong></span> <span class='ocrx_word' id='word_1_303' title='bbox 3579 679 3691 733; x_wconf 79' lang='lat' dir='ltr'><strong>pe-</strong></span> 
     </span>
    </p>
   </div>
   <div class='ocr_carea' id='block_1_45' title="bbox 2093 731 3690 814">
    <p class='ocr_par' dir='ltr' id='par_1_45' title="bbox 2093 731 3690 814">
     <span class='ocr_line' id='line_1_49' title="bbox 2093 731 3690 814; baseline -0.003 -22"><span class='ocrx_word' id='word_1_304' title='bbox 2093 736 2282 814; x_wconf 74' lang='lat' dir='ltr'><strong>culiari</strong></span> <span class='ocrx_word' id='word_1_305' title='bbox 2325 734 2635 814; x_wconf 67' lang='lat' dir='ltr'><strong>ignominia:</strong></span> <span class='ocrx_word' id='word_1_306' title='bbox 2675 741 2800 786; x_wconf 87' lang='lat' dir='ltr'><strong>nota</strong></span> <span class='ocrx_word' id='word_1_307' title='bbox 2848 731 3530 814; x_wconf 43' lang='lat' dir='ltr'><strong>inu_s_sisse,ﬁ;ripolr_&amp;&#39;_rou;</strong></span> <span class='ocrx_word' id='word_1_308' title='bbox 3581 731 3690 788; x_wconf 64' lang='grc' dir='ltr'>Ξιαὶ</span> 
     </span>
    </p>
   </div>
   <div class='ocr_carea' id='block_1_46' title="bbox 2099 799 3686 878">
    <p class='ocr_par' dir='ltr' id='par_1_46' title="bbox 2099 799 3686 878">
     <span class='ocr_line' id='line_1_50' title="bbox 2099 799 3686 878; baseline 0 -19"><span class='ocrx_word' id='word_1_309' title='bbox 2099 799 2773 878; x_wconf 65' lang='grc' dir='ltr'><strong>μάλιστᾳ’ὲπονειᾷιᾳτους</strong></span> <span class='ocrx_word' id='word_1_310' title='bbox 2803 802 3098 871; x_wconf 88' lang='lat' dir='ltr'><strong>appellans.</strong></span> <span class='ocrx_word' id='word_1_311' title='bbox 3133 799 3298 878; x_wconf 77' lang='lat' dir='ltr'><strong>Addit</strong></span> <span class='ocrx_word' id='word_1_312' title='bbox 3323 799 3530 878; x_wconf 67' lang='lat' dir='ltr'><strong>Gellius</strong></span> <span class='ocrx_word' id='word_1_313' title='bbox 3574 820 3686 860; x_wconf 89' lang='lat' dir='ltr'><strong>nos</strong></span> 
     </span>
    </p>
   </div>
   <div class='ocr_carea' id='block_1_47' title="bbox 2097 872 3691 940">
    <p class='ocr_par' dir='ltr' id='par_1_47' title="bbox 2097 872 3691 940">
     <span class='ocr_line' id='line_1_51' title="bbox 2097 872 3691 940; baseline -0.003 -9"><span class='ocrx_word' id='word_1_314' title='bbox 2097 872 2195 931; x_wconf 82' lang='lat' dir='ltr'><strong>has</strong></span> <span class='ocrx_word' id='word_1_315' title='bbox 2224 876 2527 940; x_wconf 78' lang='lat' dir='ltr'><strong>voluptates</strong></span> <span class='ocrx_word' id='word_1_316' title='bbox 2563 875 2766 928; x_wconf 81' lang='lat' dir='ltr'><strong>habere</strong></span> <span class='ocrx_word' id='word_1_317' title='bbox 2821 887 2944 926; x_wconf 91' lang='lat' dir='ltr'><strong>cum</strong></span> <span class='ocrx_word' id='word_1_318' title='bbox 2985 885 3081 926; x_wconf 93' lang='lat' dir='ltr'><strong>sue</strong></span> <span class='ocrx_word' id='word_1_319' title='bbox 3116 883 3170 926; x_wconf 89' lang='lat' dir='ltr'><strong>et</strong></span> <span class='ocrx_word' id='word_1_320' title='bbox 3211 872 3378 926; x_wconf 86' lang='lat' dir='ltr'><strong>asinis</strong></span> <span class='ocrx_word' id='word_1_321' title='bbox 3421 886 3691 927; x_wconf 58' lang='lat' dir='ltr'><strong>commm-</strong></span> 
     </span>
    </p>
   </div>
   <div class='ocr_carea' id='block_1_48' title="bbox 2097 941 3693 1013">
    <p class='ocr_par' dir='ltr' id='par_1_48' title="bbox 2097 941 3693 1013">
     <span class='ocr_line' id='line_1_52' title="bbox 2097 941 3693 1013; baseline -0.001 -13"><span class='ocrx_word' id='word_1_322' title='bbox 2097 962 2214 1010; x_wconf 90' lang='lat' dir='ltr'><strong>nes,</strong></span> <span class='ocrx_word' id='word_1_323' title='bbox 2243 954 2299 999; x_wconf 90' lang='lat' dir='ltr'><strong>et</strong></span> <span class='ocrx_word' id='word_1_324' title='bbox 2335 944 2710 1013; x_wconf 85' lang='lat' dir='ltr'><strong>Hippocratem</strong></span> <span class='ocrx_word' id='word_1_325' title='bbox 2747 955 3006 1013; x_wconf 19' lang='lat' dir='ltr'><strong>vene‘reas</strong></span> <span class='ocrx_word' id='word_1_326' title='bbox 3037 941 3336 1013; x_wconf 79' lang='lat' dir='ltr'><strong>voluptates</strong></span> <span class='ocrx_word' id='word_1_327' title='bbox 3379 957 3480 1010; x_wconf 90' lang='lat' dir='ltr'><strong>pro</strong></span> <span class='ocrx_word' id='word_1_328' title='bbox 3512 951 3693 998; x_wconf 87' lang='lat' dir='ltr'><strong>teter-</strong></span> 
     </span>
    </p>
   </div>
   <div class='ocr_carea' id='block_1_49' title="bbox 2097 1011 3330 1074">
    <p class='ocr_par' dir='ltr' id='par_1_49' title="bbox 2097 1011 3330 1074">
     <span class='ocr_line' id='line_1_53' title="bbox 2097 1011 3330 1074; baseline -0.005 -4"><span class='ocrx_word' id='word_1_329' title='bbox 2097 1018 2234 1070; x_wconf 89' lang='lat' dir='ltr'><strong>rimo</strong></span> <span class='ocrx_word' id='word_1_330' title='bbox 2267 1011 2474 1074; x_wconf 73' lang='lat' dir='ltr'><strong>morbo.</strong></span> <span class='ocrx_word' id='word_1_331' title='bbox 2507 1013 2764 1067; x_wconf 82' lang='lat' dir='ltr'><strong>comitiali</strong></span> <span class='ocrx_word' id='word_1_332' title='bbox 2795 1011 2940 1074; x_wconf 87' lang='lat' dir='ltr'><strong>scil.,</strong></span> <span class='ocrx_word' id='word_1_333' title='bbox 2971 1011 3330 1066; x_wconf 83' lang='lat' dir='ltr'><strong>existimasse.</strong></span> 
     </span>
    </p>
   </div>
   <div class='ocr_carea' id='block_1_50' title="bbox 2168 1079 3689 1155">
    <p class='ocr_par' dir='ltr' id='par_1_50' title="bbox 2168 1079 3689 1155">
     <span class='ocr_line' id='line_1_54' title="bbox 2168 1079 3689 1155; baseline -0.001 -15"><span class='ocrx_word' id='word_1_334' title='bbox 2168 1086 2295 1155; x_wconf 81' lang='lat' dir='ltr'><strong>Pag.</strong></span> <span class='ocrx_word' id='word_1_335' title='bbox 2324 1085 2412 1140; x_wconf 87' lang='lat'><strong>90.</strong></span> <span class='ocrx_word' id='word_1_336' title='bbox 2455 1083 2612 1152; x_wconf 82' lang='grc' dir='ltr'><strong>Πρὸς</strong></span> <span class='ocrx_word' id='word_1_337' title='bbox 2644 1081 2757 1152; x_wconf 76' lang='grc' dir='ltr'><strong>γὰρ</strong></span> <span class='ocrx_word' id='word_1_338' title='bbox 2803 1082 3062 1155; x_wconf 73' lang='grc' dir='ltr'><strong>ψόφους.</strong></span> <span class='ocrx_word' id='word_1_339' title='bbox 3101 1079 3689 1155; x_wconf 15' lang='lat' dir='ltr'><strong>Cartilaginemisonis</strong></span> 
     </span>
    </p>
   </div>
   <div class='ocr_carea' id='block_1_51' title="bbox 2097 1151 3692 1224">
    <p class='ocr_par' dir='ltr' id='par_1_51' title="bbox 2097 1151 3692 1224">
     <span class='ocr_line' id='line_1_55' title="bbox 2097 1151 3692 1224; baseline -0.001 -15"><span class='ocrx_word' id='word_1_340' title='bbox 2097 1151 2331 1210; x_wconf 76' lang='lat' dir='ltr'><strong>maxime</strong></span> <span class='ocrx_word' id='word_1_341' title='bbox 2365 1151 2723 1224; x_wconf 85' lang='lat' dir='ltr'><strong>opportunam</strong></span> <span class='ocrx_word' id='word_1_342' title='bbox 2747 1154 3040 1224; x_wconf 76' lang='lat' dir='ltr'><strong>ostendunt</strong></span> <span class='ocrx_word' id='word_1_343' title='bbox 3090 1152 3236 1206; x_wconf 89' lang='lat' dir='ltr'><strong>auris</strong></span> <span class='ocrx_word' id='word_1_344' title='bbox 3283 1151 3450 1224; x_wconf 83' lang='lat' dir='ltr'><strong>ipsius</strong></span> <span class='ocrx_word' id='word_1_345' title='bbox 3495 1154 3692 1208; x_wconf 77' lang='lat' dir='ltr'><strong>imita-</strong></span> 
     </span>
    </p>
   </div>
   <div class='ocr_carea' id='block_1_52' title="bbox 2096 1221 3688 1296">
    <p class='ocr_par' dir='ltr' id='par_1_52' title="bbox 2096 1221 3688 1296">
     <span class='ocr_line' id='line_1_56' title="bbox 2096 1221 3688 1296; baseline 0 -17"><span class='ocrx_word' id='word_1_346' title='bbox 2096 1235 2276 1279; x_wconf 88' lang='lat' dir='ltr'><strong>menta</strong></span> <span class='ocrx_word' id='word_1_347' title='bbox 2327 1221 2893 1296; x_wconf 79' lang='lat' dir='ltr'><strong>tytiipana,__necnon</strong></span> <span class='ocrx_word' id='word_1_348' title='bbox 2957 1221 3137 1296; x_wconf 80' lang='lat' dir='ltr'><strong>ﬁdium</strong></span> <span class='ocrx_word' id='word_1_349' title='bbox 3183 1223 3500 1296; x_wconf 75' lang='lat' dir='ltr'><strong>testudines,</strong></span> <span class='ocrx_word' id='word_1_350' title='bbox 3551 1237 3688 1288; x_wconf 69' lang='lat' dir='ltr'><strong>qua:</strong></span> 
     </span>
    </p>
   </div>
   <div class='ocr_carea' id='block_1_53' title="bbox 2096 1290 3689 1357">
    <p class='ocr_par' dir='ltr' id='par_1_53' title="bbox 2096 1290 3689 1357">
     <span class='ocr_line' id='line_1_57' title="bbox 2096 1290 3689 1357; baseline -0.001 -8"><span class='ocrx_word' id='word_1_351' title='bbox 2096 1290 2454 1357; x_wconf 69' lang='lat' dir='ltr'><strong>asseres,&#39;ad</strong></span> <span class='ocrx_word' id='word_1_352' title='bbox 2491 1292 2830 1346; x_wconf 88' lang='lat' dir='ltr'><strong>lamellarum</strong></span> <span class='ocrx_word' id='word_1_353' title='bbox 2887 1290 3397 1347; x_wconf 84' lang='lat' dir='ltr'><strong>membranarumve</strong></span> <span class='ocrx_word' id='word_1_354' title='bbox 3443 1292 3689 1348; x_wconf 74' lang='lat' dir='ltr'><strong>formam</strong></span> 
     </span>
    </p>
   </div>
   <div class='ocr_carea' id='block_1_54' title="bbox 2097 1363 2694 1430">
    <p class='ocr_par' dir='ltr' id='par_1_54' title="bbox 2097 1363 2694 1430">
     <span class='ocr_line' id='line_1_58' title="bbox 2097 1363 2694 1430; baseline -0.007 -12"><span class='ocrx_word' id='word_1_355' title='bbox 2097 1375 2428 1424; x_wconf 86' lang='lat' dir='ltr'><strong>attenuatos,</strong></span> <span class='ocrx_word' id='word_1_356' title='bbox 2453 1363 2694 1430; x_wconf 81' lang='lat' dir='ltr'><strong>exigunt.</strong></span> 
     </span>
    </p>
   </div>
   <div class='ocr_carea' id='block_1_55' title="bbox 2168 1429 3693 1500">
    <p class='ocr_par' dir='ltr' id='par_1_55' title="bbox 2168 1429 3693 1500">
     <span class='ocr_line' id='line_1_59' title="bbox 2168 1429 3693 1500; baseline -0.001 -14"><span class='ocrx_word' id='word_1_357' title='bbox 2168 1432 2299 1489; x_wconf 91' lang='lat' dir='ltr'><strong>Ibid.</strong></span> <span class='ocrx_word' id='word_1_358' title='bbox 2339 1429 2565 1500; x_wconf 81' lang='grc' dir='ltr'><strong>Ὥσπερ</strong></span> <span class='ocrx_word' id='word_1_359' title='bbox 2629 1430 2755 1498; x_wconf 84' lang='grc' dir='ltr'><em>τοῖς</em></span> <span class='ocrx_word' id='word_1_360' title='bbox 2805 1429 3019 1496; x_wconf 72' lang='grc' dir='ltr'><em>ἄλλοις</em></span> <span class='ocrx_word' id='word_1_361' title='bbox 3081 1430 3510 1500; x_wconf 72' lang='grc' dir='ltr'><strong>αἰσθητηρίοις.</strong></span> <span class='ocrx_word' id='word_1_362' title='bbox 3572 1429 3693 1485; x_wconf 74' lang='lat' dir='ltr'><strong>Res</strong></span> 
     </span>
    </p>
   </div>
   <div class='ocr_carea' id='block_1_56' title="bbox 2097 1501 3688 1573">
    <p class='ocr_par' dir='ltr' id='par_1_56' title="bbox 2097 1501 3688 1573">
     <span class='ocr_line' id='line_1_60' title="bbox 2097 1501 3688 1573; baseline -0.001 -18"><span class='ocrx_word' id='word_1_363' title='bbox 2097 1503 2314 1573; x_wconf 88' lang='lat' dir='ltr'><strong>quidem</strong></span> <span class='ocrx_word' id='word_1_364' title='bbox 2352 1503 2576 1557; x_wconf 92' lang='lat' dir='ltr'><strong>omnino</strong></span> <span class='ocrx_word' id='word_1_365' title='bbox 2602 1516 2633 1555; x_wconf 93' lang='lat' dir='ltr'><strong>e</strong></span> <span class='ocrx_word' id='word_1_366' title='bbox 2663 1511 2868 1573; x_wconf 78' lang='lat' dir='ltr'><strong>contra</strong></span> <span class='ocrx_word' id='word_1_367' title='bbox 2893 1516 2952 1555; x_wconf 88' lang='lat' dir='ltr'><strong>se</strong></span> <span class='ocrx_word' id='word_1_368' title='bbox 2999 1502 3179 1573; x_wconf 76' lang='lat' dir='ltr'><strong>habet.</strong></span> <span class='ocrx_word' id='word_1_369' title='bbox 3219 1501 3353 1556; x_wconf 88' lang='lat' dir='ltr'><strong>Huic</strong></span> <span class='ocrx_word' id='word_1_370' title='bbox 3396 1506 3544 1554; x_wconf 90' lang='lat' dir='ltr'><strong>enim</strong></span> <span class='ocrx_word' id='word_1_371' title='bbox 3581 1503 3688 1566; x_wconf 86' lang='lat' dir='ltr'><strong>soli</strong></span> 
     </span>
    </p>
   </div>
   <div class='ocr_carea' id='block_1_57' title="bbox 2097 1570 3695 1640">
    <p class='ocr_par' dir='ltr' id='par_1_57' title="bbox 2097 1570 3695 1640">
     <span class='ocr_line' id='line_1_61' title="bbox 2097 1570 3695 1640; baseline -0.001 -12"><span class='ocrx_word' id='word_1_372' title='bbox 2097 1570 2346 1628; x_wconf 72' lang='lat' dir='ltr'><strong>sensorio</strong></span> <span class='ocrx_word' id='word_1_373' title='bbox 2375 1574 2523 1628; x_wconf 78' lang='lat' dir='ltr'><strong>nervi</strong></span> <span class='ocrx_word' id='word_1_374' title='bbox 2553 1570 3057 1626; x_wconf 81' lang='lat' dir='ltr'><strong>accommodantur.</strong></span> <span class='ocrx_word' id='word_1_375' title='bbox 3091 1571 3195 1624; x_wconf 86' lang='lat' dir='ltr'><strong>Sed</strong></span> <span class='ocrx_word' id='word_1_376' title='bbox 3231 1585 3353 1625; x_wconf 90' lang='lat' dir='ltr'><strong>cum</strong></span> <span class='ocrx_word' id='word_1_377' title='bbox 3390 1585 3695 1640; x_wconf 83' lang='lat' dir='ltr'><strong>processus</strong></span> 
     </span>
    </p>
   </div>
   <div class='ocr_carea' id='block_1_58' title="bbox 2095 1640 3692 1710">
    <p class='ocr_par' dir='ltr' id='par_1_58' title="bbox 2095 1640 3692 1710">
     <span class='ocr_line' id='line_1_62' title="bbox 2095 1640 3692 1710; baseline -0.001 -13"><span class='ocrx_word' id='word_1_378' title='bbox 2095 1643 2432 1698; x_wconf 77' lang='lat' dir='ltr'><strong>inamillares</strong></span> <span class='ocrx_word' id='word_1_379' title='bbox 2474 1653 2600 1696; x_wconf 91' lang='lat' dir='ltr'><strong>sunt</strong></span> <span class='ocrx_word' id='word_1_380' title='bbox 2637 1641 2774 1694; x_wconf 91' lang='lat' dir='ltr'><strong>mole</strong></span> <span class='ocrx_word' id='word_1_381' title='bbox 2822 1640 3019 1707; x_wconf 87' lang='lat' dir='ltr'><strong>ampli,</strong></span> <span class='ocrx_word' id='word_1_382' title='bbox 3056 1648 3116 1710; x_wconf 86' lang='lat' dir='ltr'><strong>et</strong></span> <span class='ocrx_word' id='word_1_383' title='bbox 3162 1640 3216 1694; x_wconf 93' lang='lat' dir='ltr'><strong>in</strong></span> <span class='ocrx_word' id='word_1_384' title='bbox 3249 1640 3523 1710; x_wconf 86' lang='lat' dir='ltr'><strong>aliquibus</strong></span> <span class='ocrx_word' id='word_1_385' title='bbox 3558 1643 3692 1695; x_wconf 85' lang='lat' dir='ltr'><strong>ani-</strong></span> 
     </span>
    </p>
   </div>
   <div class='ocr_carea' id='block_1_59' title="bbox 2099 1709 3682 1778">
    <p class='ocr_par' dir='ltr' id='par_1_59' title="bbox 2099 1709 3682 1778">
     <span class='ocr_line' id='line_1_63' title="bbox 2099 1709 3682 1778; baseline 0 -13"><span class='ocrx_word' id='word_1_386' title='bbox 2099 1712 2331 1768; x_wconf 89' lang='lat' dir='ltr'><strong>malibus</strong></span> <span class='ocrx_word' id='word_1_387' title='bbox 2362 1713 2513 1776; x_wconf 91' lang='lat' dir='ltr'><strong>cavi,</strong></span> <span class='ocrx_word' id='word_1_388' title='bbox 2555 1710 2742 1766; x_wconf 88' lang='lat' dir='ltr'><strong>molles</strong></span> <span class='ocrx_word' id='word_1_389' title='bbox 2778 1721 2833 1764; x_wconf 91' lang='lat' dir='ltr'><strong>et</strong></span> <span class='ocrx_word' id='word_1_390' title='bbox 2876 1709 3098 1778; x_wconf 85' lang='lat' dir='ltr'><strong>reliquis</strong></span> <span class='ocrx_word' id='word_1_391' title='bbox 3129 1711 3312 1765; x_wconf 84' lang='lat' dir='ltr'><strong>nervis</strong></span> <span class='ocrx_word' id='word_1_392' title='bbox 3342 1709 3682 1778; x_wconf 80' lang='lat' dir='ltr'><strong>dissimiles,</strong></span> 
     </span>
    </p>
   </div>
   <div class='ocr_carea' id='block_1_60' title="bbox 2028 1781 3162 1858">
    <p class='ocr_par' dir='ltr' id='par_1_60' title="bbox 2028 1781 3162 1858">
     <span class='ocr_line' id='line_1_64' title="bbox 2028 1781 3162 1858; baseline -0.003 -23"><span class='ocrx_word' id='word_1_393' title='bbox 2028 1803 2068 1858; x_wconf 75' lang='lat' dir='ltr'><strong>B</strong></span> <span class='ocrx_word' id='word_1_394' title='bbox 2100 1797 2204 1858; x_wconf 73' lang='lat' dir='ltr'><strong>pro</strong></span> <span class='ocrx_word' id='word_1_395' title='bbox 2225 1783 2434 1858; x_wconf 72' lang='lat' dir='ltr'><strong>cerebri</strong></span> <span class='ocrx_word' id='word_1_396' title='bbox 2461 1783 2714 1858; x_wconf 74' lang='lat' dir='ltr'><strong>partibus</strong></span> <span class='ocrx_word' id='word_1_397' title='bbox 2748 1781 3162 1858; x_wconf 58' lang='lat' dir='ltr'><strong>[epuiabantun</strong></span> 
     </span>
    </p>
   </div>
   <div class='ocr_carea' id='block_1_61' title="bbox 2169 1847 3695 1924">
    <p class='ocr_par' dir='ltr' id='par_1_61' title="bbox 2169 1847 3695 1924">
     <span class='ocr_line' id='line_1_65' title="bbox 2169 1847 3695 1924; baseline -0.003 -18"><span class='ocrx_word' id='word_1_398' title='bbox 2169 1851 2300 1924; x_wconf 82' lang='lat' dir='ltr'><strong>Pag.</strong></span> <span class='ocrx_word' id='word_1_399' title='bbox 2325 1853 2414 1908; x_wconf 88' lang='lat'><strong>9|.</strong></span> <span class='ocrx_word' id='word_1_400' title='bbox 2457 1847 2580 1907; x_wconf 73' lang='grc' dir='ltr'><strong>Ἰῶν</strong></span> <span class='ocrx_word' id='word_1_401' title='bbox 2623 1847 2840 1924; x_wconf 66' lang='grc' dir='ltr'><strong>ὑγ-ρῶνξ.</strong></span> <span class='ocrx_word' id='word_1_402' title='bbox 2879 1847 3332 1924; x_wconf 63' lang='lat' dir='ltr'><strong>Suavesodores</strong></span> <span class='ocrx_word' id='word_1_403' title='bbox 3376 1848 3466 1924; x_wconf 18' lang='lat' dir='ltr'><strong>abi</strong></span> <span class='ocrx_word' id='word_1_404' title='bbox 3491 1849 3695 1924; x_wconf 46' lang='lat' dir='ltr'><strong>exquif</strong></span> 
     </span>
    </p>
   </div>
   <div class='ocr_carea' id='block_1_62' title="bbox 2097 1918 3693 1988">
    <p class='ocr_par' dir='ltr' id='par_1_62' title="bbox 2097 1918 3693 1988">
     <span class='ocr_line' id='line_1_66' title="bbox 2097 1918 3693 1988; baseline -0.001 -12"><span class='ocrx_word' id='word_1_405' title='bbox 2097 1922 2198 1977; x_wconf 83' lang='lat' dir='ltr'><strong>sita</strong></span> <span class='ocrx_word' id='word_1_406' title='bbox 2244 1918 2531 1976; x_wconf 77' lang='lat' dir='ltr'><strong>humerum</strong></span> <span class='ocrx_word' id='word_1_407' title='bbox 2585 1918 2934 1975; x_wconf 84' lang='lat' dir='ltr'><strong>concoctione</strong></span> <span class='ocrx_word' id='word_1_408' title='bbox 2987 1918 3120 1974; x_wconf 90' lang='lat' dir='ltr'><strong>oriri</strong></span> <span class='ocrx_word' id='word_1_409' title='bbox 3169 1920 3330 1986; x_wconf 82' lang='lat' dir='ltr'><strong>dicit,</strong></span> <span class='ocrx_word' id='word_1_410' title='bbox 3375 1920 3539 1988; x_wconf 90' lang='lat' dir='ltr'><strong>quia,</strong></span> <span class='ocrx_word' id='word_1_411' title='bbox 3585 1918 3693 1974; x_wconf 56' lang='lat' dir='ltr'><strong>&#39;ubl</strong></span> 
     </span>
    </p>
   </div>
   <div class='ocr_carea' id='block_1_63' title="bbox 2099 1988 3695 2062">
    <p class='ocr_par' dir='ltr' id='par_1_63' title="bbox 2099 1988 3695 2062">
     <span class='ocr_line' id='line_1_67' title="bbox 2099 1988 3695 2062; baseline -0.001 -17"><span class='ocrx_word' id='word_1_412' title='bbox 2099 1993 2335 2062; x_wconf 90' lang='lat' dir='ltr'><strong>primum</strong></span> <span class='ocrx_word' id='word_1_413' title='bbox 2389 1993 2442 2045; x_wconf 93' lang='lat' dir='ltr'><strong>in</strong></span> <span class='ocrx_word' id='word_1_414' title='bbox 2513 1990 2830 2059; x_wconf 83' lang='lat' dir='ltr'><strong>corporibus</strong></span> <span class='ocrx_word' id='word_1_415' title='bbox 2905 1988 3333 2062; x_wconf 72' lang='lat' dir='ltr'><strong>(ertnentescunt</strong></span> <span class='ocrx_word' id='word_1_416' title='bbox 3399 1990 3695 2062; x_wconf 68' lang='lat' dir='ltr'><strong>particula</strong></span> 
     </span>
    </p>
   </div>
   <div class='ocr_carea' id='block_1_64' title="bbox 2099 2059 3696 2130">
    <p class='ocr_par' dir='ltr' id='par_1_64' title="bbox 2099 2059 3696 2130">
     <span class='ocr_line' id='line_1_68' title="bbox 2099 2059 3696 2130; baseline -0.002 -16"><span class='ocrx_word' id='word_1_417' title='bbox 2099 2059 2274 2116; x_wconf 69' lang='lat' dir='ltr'><strong>aereae</strong></span> <span class='ocrx_word' id='word_1_418' title='bbox 2299 2063 2414 2115; x_wconf 83' lang='lat' dir='ltr'><strong>sive</strong></span> <span class='ocrx_word' id='word_1_419' title='bbox 2439 2063 2831 2130; x_wconf 72' lang='lat' dir='ltr'><strong>spirituosm,et</strong></span> <span class='ocrx_word' id='word_1_420' title='bbox 2851 2059 3158 2130; x_wconf 59' lang='lat' dir='ltr'><strong>sulphurea;</strong></span> <span class='ocrx_word' id='word_1_421' title='bbox 3177 2059 3364 2129; x_wconf 92' lang='lat' dir='ltr'><strong>(penes</strong></span> <span class='ocrx_word' id='word_1_422' title='bbox 3385 2073 3522 2128; x_wconf 84' lang='lat' dir='ltr'><strong>quas</strong></span> <span class='ocrx_word' id='word_1_423' title='bbox 3555 2060 3696 2113; x_wconf 85' lang='lat' dir='ltr'><strong>odo-</strong></span> 
     </span>
    </p>
   </div>
   <div class='ocr_carea' id='block_1_65' title="bbox 2102 2128 3696 2201">
    <p class='ocr_par' dir='ltr' id='par_1_65' title="bbox 2102 2128 3696 2201">
     <span class='ocr_line' id='line_1_69' title="bbox 2102 2128 3696 2201; baseline 0.001 -18"><span class='ocrx_word' id='word_1_424' title='bbox 2102 2147 2218 2201; x_wconf 87' lang='lat' dir='ltr'><strong>rum</strong></span> <span class='ocrx_word' id='word_1_425' title='bbox 2267 2128 2533 2201; x_wconf 69' lang='lat' dir='ltr'><strong>praecipua</strong></span> <span class='ocrx_word' id='word_1_426' title='bbox 2600 2130 2790 2201; x_wconf 85' lang='lat' dir='ltr'><strong>ratio),</strong></span> <span class='ocrx_word' id='word_1_427' title='bbox 2841 2130 3075 2201; x_wconf 78' lang='lat' dir='ltr'><strong>nondum</strong></span> <span class='ocrx_word' id='word_1_428' title='bbox 3121 2128 3224 2201; x_wconf 66' lang='lat' dir='ltr'><strong>illa;</strong></span> <span class='ocrx_word' id='word_1_429' title='bbox 3277 2130 3507 2183; x_wconf 89' lang='lat' dir='ltr'><strong>vinculis</strong></span> <span class='ocrx_word' id='word_1_430' title='bbox 3555 2131 3696 2184; x_wconf 77' lang='lat' dir='ltr'><strong>satis</strong></span> 
     </span>
    </p>
   </div>
   <div class='ocr_carea' id='block_1_66' title="bbox 2101 2197 3696 2268">
    <p class='ocr_par' dir='ltr' id='par_1_66' title="bbox 2101 2197 3696 2268">
     <span class='ocr_line' id='line_1_70' title="bbox 2101 2197 3696 2268; baseline -0.001 -14"><span class='ocrx_word' id='word_1_431' title='bbox 2101 2197 2371 2264; x_wconf 80' lang='lat' dir='ltr'><strong>laxantur,</strong></span> <span class='ocrx_word' id='word_1_432' title='bbox 2423 2197 2480 2255; x_wconf 84' lang='lat' dir='ltr'><strong>ut</strong></span> <span class='ocrx_word' id='word_1_433' title='bbox 2532 2199 2753 2255; x_wconf 90' lang='lat' dir='ltr'><strong>omnino</strong></span> <span class='ocrx_word' id='word_1_434' title='bbox 2801 2197 3021 2268; x_wconf 90' lang='lat' dir='ltr'><strong>prodire</strong></span> <span class='ocrx_word' id='word_1_435' title='bbox 3069 2199 3279 2266; x_wconf 90' lang='lat' dir='ltr'><strong>possint</strong></span> <span class='ocrx_word' id='word_1_436' title='bbox 3324 2217 3339 2252; x_wconf 90' lang='lat'><strong>:</strong></span> <span class='ocrx_word' id='word_1_437' title='bbox 3385 2213 3508 2253; x_wconf 91' lang='lat' dir='ltr'><strong>cum</strong></span> <span class='ocrx_word' id='word_1_438' title='bbox 3557 2214 3696 2253; x_wconf 85' lang='lat' dir='ltr'><strong>vero</strong></span> 
     </span>
    </p>
   </div>
   <div class='ocr_carea' id='block_1_67' title="bbox 2101 2269 3689 2341">
    <p class='ocr_par' dir='ltr' id='par_1_67' title="bbox 2101 2269 3689 2341">
     <span class='ocr_line' id='line_1_71' title="bbox 2101 2269 3689 2341; baseline -0.002 -15"><span class='ocrx_word' id='word_1_439' title='bbox 2101 2272 2312 2341; x_wconf 85' lang='lat' dir='ltr'><strong>longius</strong></span> <span class='ocrx_word' id='word_1_440' title='bbox 2351 2269 2681 2340; x_wconf 89' lang='lat' dir='ltr'><strong>processerit</strong></span> <span class='ocrx_word' id='word_1_441' title='bbox 2711 2269 2837 2322; x_wconf 91' lang='lat' dir='ltr'><strong>illud</strong></span> <span class='ocrx_word' id='word_1_442' title='bbox 2863 2282 3018 2341; x_wconf 81' lang='lat' dir='ltr'><strong>opus,</strong></span> <span class='ocrx_word' id='word_1_443' title='bbox 3051 2281 3339 2341; x_wconf 70' lang='lat' dir='ltr'><strong>partesque</strong></span> <span class='ocrx_word' id='word_1_444' title='bbox 3373 2269 3689 2335; x_wconf 73' lang='lat' dir='ltr'><strong>sulphureas</strong></span> 
     </span>
    </p>
   </div>
   <div class='ocr_carea' id='block_1_68' title="bbox 2098 2336 3691 2411">
    <p class='ocr_par' dir='ltr' id='par_1_68' title="bbox 2098 2336 3691 2411">
     <span class='ocr_line' id='line_1_72' title="bbox 2098 2336 3691 2411; baseline -0.003 -15"><span class='ocrx_word' id='word_1_445' title='bbox 2098 2336 2570 2411; x_wconf 67' lang='lat' dir='ltr'><strong>con&#39;glonierantur</strong></span> <span class='ocrx_word' id='word_1_446' title='bbox 2597 2346 2652 2394; x_wconf 85' lang='lat' dir='ltr'><strong>et</strong></span> <span class='ocrx_word' id='word_1_447' title='bbox 2679 2354 2776 2407; x_wconf 91' lang='lat' dir='ltr'><strong>pro</strong></span> <span class='ocrx_word' id='word_1_448' title='bbox 2799 2336 2911 2391; x_wconf 84' lang='lat' dir='ltr'><strong>sua</strong></span> <span class='ocrx_word' id='word_1_449' title='bbox 2928 2336 3137 2411; x_wconf 18' lang='lat' dir='ltr'><strong>ferociam</strong></span> <span class='ocrx_word' id='word_1_450' title='bbox 3154 2336 3292 2394; x_wconf 68' lang='lat' dir='ltr'><strong>Iacto</strong></span> <span class='ocrx_word' id='word_1_451' title='bbox 3322 2343 3536 2407; x_wconf 78' lang='lat' dir='ltr'><strong>agmine</strong></span> <span class='ocrx_word' id='word_1_452' title='bbox 3561 2353 3691 2411; x_wconf 83' lang='lat' dir='ltr'><strong>pro-</strong></span> 
     </span>
    </p>
   </div>
   <div class='ocr_carea' id='block_1_69' title="bbox 2101 2407 3695 2479">
    <p class='ocr_par' dir='ltr' id='par_1_69' title="bbox 2101 2407 3695 2479">
     <span class='ocr_line' id='line_1_73' title="bbox 2101 2407 3695 2479; baseline -0.003 -14"><span class='ocrx_word' id='word_1_453' title='bbox 2101 2407 2289 2477; x_wconf 77' lang='lat' dir='ltr'><strong>deunt,</strong></span> <span class='ocrx_word' id='word_1_454' title='bbox 2320 2411 2568 2466; x_wconf 83' lang='lat' dir='ltr'><strong>sensoria</strong></span> <span class='ocrx_word' id='word_1_455' title='bbox 2603 2418 2846 2479; x_wconf 78' lang='lat' dir='ltr'><strong>pungunt</strong></span> <span class='ocrx_word' id='word_1_456' title='bbox 2888 2417 2944 2462; x_wconf 91' lang='lat' dir='ltr'><strong>et</strong></span> <span class='ocrx_word' id='word_1_457' title='bbox 2991 2407 3320 2463; x_wconf 79' lang='lat' dir='ltr'><strong>labefactant</strong></span> <span class='ocrx_word' id='word_1_458' title='bbox 3361 2423 3375 2461; x_wconf 91' lang='lat'><strong>:</strong></span> <span class='ocrx_word' id='word_1_459' title='bbox 3416 2411 3563 2462; x_wconf 91' lang='lat' dir='ltr'><strong>unde</strong></span> <span class='ocrx_word' id='word_1_460' title='bbox 3605 2409 3695 2463; x_wconf 89' lang='lat' dir='ltr'><strong>in-</strong></span> 
     </span>
    </p>
   </div>
   <div class='ocr_carea' id='block_1_70' title="bbox 2103 2478 3691 2546">
    <p class='ocr_par' dir='ltr' id='par_1_70' title="bbox 2103 2478 3691 2546">
     <span class='ocr_line' id='line_1_74' title="bbox 2103 2478 3691 2546; baseline -0.002 -11"><span class='ocrx_word' id='word_1_461' title='bbox 2103 2483 2394 2535; x_wconf 88' lang='lat' dir='ltr'><strong>termedius</strong></span> <span class='ocrx_word' id='word_1_462' title='bbox 2440 2490 2615 2535; x_wconf 84' lang='lat' dir='ltr'><strong>status</strong></span> <span class='ocrx_word' id='word_1_463' title='bbox 2641 2478 2813 2546; x_wconf 83' lang='lat' dir='ltr'><strong>gratis</strong></span> <span class='ocrx_word' id='word_1_464' title='bbox 2851 2479 3107 2532; x_wconf 87' lang='lat' dir='ltr'><strong>odoribus</strong></span> <span class='ocrx_word' id='word_1_465' title='bbox 3147 2481 3383 2534; x_wconf 77' lang='lat' dir='ltr'><strong>maxime</strong></span> <span class='ocrx_word' id='word_1_466' title='bbox 3433 2480 3691 2533; x_wconf 84' lang='lat' dir='ltr'><strong>idoneus.</strong></span> 
     </span>
    </p>
   </div>
   <div class='ocr_carea' id='block_1_71' title="bbox 2168 2547 3694 2620">
    <p class='ocr_par' dir='ltr' id='par_1_71' title="bbox 2168 2547 3694 2620">
     <span class='ocr_line' id='line_1_75' title="bbox 2168 2547 3694 2620; baseline -0.001 -16"><span class='ocrx_word' id='word_1_467' title='bbox 2168 2551 2300 2606; x_wconf 90' lang='lat' dir='ltr'><strong>Ibid.</strong></span> <span class='ocrx_word' id='word_1_468' title='bbox 2344 2553 2586 2620; x_wconf 81' lang='grc' dir='ltr'><strong>Κρίσεις</strong></span> <span class='ocrx_word' id='word_1_469' title='bbox 2617 2547 2714 2620; x_wconf 64' lang='grc' dir='ltr'><strong>καὶ</strong></span> <span class='ocrx_word' id='word_1_470' title='bbox 2743 2548 3236 2617; x_wconf 74' lang='grc' dir='ltr'><strong>συγκαταθέσεις.</strong></span> <span class='ocrx_word' id='word_1_471' title='bbox 3269 2547 3395 2602; x_wconf 39' lang='lat' dir='ltr'><strong>Haec</strong></span> <span class='ocrx_word' id='word_1_472' title='bbox 3426 2551 3496 2620; x_wconf 65' lang='lat' dir='ltr'><strong>ad</strong></span> <span class='ocrx_word' id='word_1_473' title='bbox 3521 2549 3694 2620; x_wconf 73' lang='grc' dir='ltr'><strong>8ιυὶ-</strong></span> 
     </span>
    </p>
   </div>
   <div class='ocr_carea' id='block_1_72' title="bbox 2098 2617 3689 2744">
    <p class='ocr_par' dir='ltr' id='par_1_72' title="bbox 2098 2617 3689 2744">
     <span class='ocr_line' id='line_1_76' title="bbox 2098 2617 3689 2744; baseline -0.003 -67"><span class='ocrx_word' id='word_1_474' title='bbox 2098 2636 2285 2677; x_wconf 91' lang='lat' dir='ltr'><strong>corum</strong></span> <span class='ocrx_word' id='word_1_475' title='bbox 2322 2617 2557 2744; x_wconf 81' lang='lat' dir='ltr'><strong>mentem</strong></span> <span class='ocrx_word' id='word_1_476' title='bbox 2593 2619 2734 2674; x_wconf 88' lang='lat' dir='ltr'><strong>dicta</strong></span> <span class='ocrx_word' id='word_1_477' title='bbox 2773 2629 2922 2685; x_wconf 88' lang='lat' dir='ltr'><strong>sunt,</strong></span> <span class='ocrx_word' id='word_1_478' title='bbox 2949 2620 3016 2674; x_wconf 89' lang='lat' dir='ltr'><strong>de</strong></span> <span class='ocrx_word' id='word_1_479' title='bbox 3047 2621 3244 2688; x_wconf 88' lang='lat' dir='ltr'><strong>quibus</strong></span> <span class='ocrx_word' id='word_1_480' title='bbox 3270 2620 3388 2673; x_wconf 82' lang='lat' dir='ltr'><strong>vide</strong></span> <span class='ocrx_word' id='word_1_481' title='bbox 3413 2617 3557 2675; x_wconf 88' lang='lat' dir='ltr'><strong>Gell.</strong></span> <span class='ocrx_word' id='word_1_482' title='bbox 3591 2619 3689 2673; x_wconf 91' lang='lat' dir='ltr'><strong>lib.</strong></span> 
     </span>
     <span class='ocr_line' id='line_1_77' title="bbox 2098 2705 2383 2744; baseline 0 0"><span class='ocrx_word' id='word_1_483' title='bbox 2098 2707 2213 2744; x_wconf 72' lang='lat' dir='ltr'><strong>six.</strong></span> <span class='ocrx_word' id='word_1_484' title='bbox 2247 2705 2298 2744; x_wconf 91' lang='lat' dir='ltr'><strong>c.</strong></span> <span class='ocrx_word' id='word_1_485' title='bbox 2370 2731 2383 2744; x_wconf 94' lang='lat'><strong>.</strong></span> 
     </span>
    </p>
   </div>
   <div class='ocr_carea' id='block_1_73' title="bbox 2098 2705 2383 2753">
    <p class='ocr_par' dir='ltr' id='par_1_73' title="bbox 2098 2705 2383 2753">
     <span class='ocr_line' id='line_1_78' title="bbox 2098 2705 2383 2753; baseline -0.007 -7"><span class='ocrx_word' id='word_1_486' title='bbox 2098 2707 2213 2753; x_wconf 71' lang='lat' dir='ltr'><strong>XIX,</strong></span> <span class='ocrx_word' id='word_1_487' title='bbox 2247 2705 2298 2745; x_wconf 68' lang='grc' dir='ltr'><strong>(ἶ.</strong></span> <span class='ocrx_word' id='word_1_488' title='bbox 2331 2705 2354 2744; x_wconf 82' lang='grc'><strong>1</strong></span> <span class='ocrx_word' id='word_1_489' title='bbox 2370 2731 2383 2745; x_wconf 94' lang='grc'><strong>.</strong></span> 
     </span>
    </p>
   </div>
   <div class='ocr_carea' id='block_1_74' title="bbox 2155 2757 3692 2828">
    <p class='ocr_par' dir='ltr' id='par_1_74' title="bbox 2155 2757 3692 2828">
     <span class='ocr_line' id='line_1_79' title="bbox 2155 2757 3692 2828; baseline -0.003 -12"><span class='ocrx_word' id='word_1_490' title='bbox 2155 2761 2303 2816; x_wconf 55' lang='lat' dir='ltr'><strong>«Ibid.</strong></span> <span class='ocrx_word' id='word_1_491' title='bbox 2333 2762 2562 2828; x_wconf 81' lang='grc' dir='ltr'><em>Ἦνπερ</em></span> <span class='ocrx_word' id='word_1_492' title='bbox 2604 2757 2804 2828; x_wconf 77' lang='grc' dir='ltr'><strong>μόνην</strong></span> <span class='ocrx_word' id='word_1_493' title='bbox 2841 2757 3045 2827; x_wconf 70' lang='grc' dir='ltr'><strong>ἀληθῆ</strong></span> <span class='ocrx_word' id='word_1_494' title='bbox 3084 2758 3388 2825; x_wconf 75' lang='grc' dir='ltr'><strong>μαντείαν.</strong></span> <span class='ocrx_word' id='word_1_495' title='bbox 3433 2757 3489 2811; x_wconf 93' lang='lat' dir='ltr'><strong>In</strong></span> <span class='ocrx_word' id='word_1_496' title='bbox 3539 2757 3692 2812; x_wconf 90' lang='lat' dir='ltr'><strong>omni</strong></span> 
     </span>
    </p>
   </div>
   <div class='ocr_carea' id='block_1_75' title="bbox 2096 2828 3696 2903">
    <p class='ocr_par' dir='ltr' id='par_1_75' title="bbox 2096 2828 3696 2903">
     <span class='ocr_line' id='line_1_80' title="bbox 2096 2828 3696 2903; baseline -0.004 -17"><span class='ocrx_word' id='word_1_497' title='bbox 2096 2831 2375 2903; x_wconf 73' lang='lat' dir='ltr'><strong>gentilium</strong></span> <span class='ocrx_word' id='word_1_498' title='bbox 2427 2830 2686 2903; x_wconf 74' lang='lat' dir='ltr'><strong>religione</strong></span> <span class='ocrx_word' id='word_1_499' title='bbox 2714 2828 2970 2903; x_wconf 77' lang='lat' dir='ltr'><strong>primaria</strong></span> <span class='ocrx_word' id='word_1_500' title='bbox 2999 2831 3138 2884; x_wconf 88' lang='lat' dir='ltr'><strong>ratio</strong></span> <span class='ocrx_word' id='word_1_501' title='bbox 3163 2830 3493 2903; x_wconf 85' lang='lat' dir='ltr'><strong>somniorum</strong></span> <span class='ocrx_word' id='word_1_502' title='bbox 3533 2828 3696 2903; x_wconf 83' lang='lat' dir='ltr'><strong>habi-</strong></span> 
     </span>
    </p>
   </div>
   <div class='ocr_carea' id='block_1_76' title="bbox 2100 2897 3694 2971">
    <p class='ocr_par' dir='ltr' id='par_1_76' title="bbox 2100 2897 3694 2971">
     <span class='ocr_line' id='line_1_81' title="bbox 2100 2897 3694 2971; baseline -0.003 -15"><span class='ocrx_word' id='word_1_503' title='bbox 2100 2897 2174 2964; x_wconf 71' lang='lat' dir='ltr'><strong>ta,</strong></span> <span class='ocrx_word' id='word_1_504' title='bbox 2207 2902 2370 2966; x_wconf 79' lang='lat' dir='ltr'><strong>unde,</strong></span> <span class='ocrx_word' id='word_1_505' title='bbox 2400 2903 2492 2971; x_wconf 88' lang='lat' dir='ltr'><strong>qui</strong></span> <span class='ocrx_word' id='word_1_506' title='bbox 2515 2897 2712 2971; x_wconf 73' lang='lat' dir='ltr'><strong>divitia</strong></span> <span class='ocrx_word' id='word_1_507' title='bbox 2739 2897 3030 2971; x_wconf 57' lang='lat' dir='ltr'><strong>impetebat</strong></span> <span class='ocrx_word' id='word_1_508' title='bbox 3069 2898 3324 2971; x_wconf 55' lang='lat' dir='ltr'><strong>monita,</strong></span> <span class='ocrx_word' id='word_1_509' title='bbox 3347 2898 3398 2952; x_wconf 91' lang='lat' dir='ltr'><strong>in</strong></span> <span class='ocrx_word' id='word_1_510' title='bbox 3442 2899 3694 2971; x_wconf 77' lang='lat' dir='ltr'><strong>sacrario</strong></span> 
     </span>
    </p>
   </div>
   <div class='ocr_carea' id='block_1_77' title="bbox 2096 2967 3690 3040">
    <p class='ocr_par' dir='ltr' id='par_1_77' title="bbox 2096 2967 3690 3040">
     <span class='ocr_line' id='line_1_82' title="bbox 2096 2967 3690 3040; baseline -0.003 -14"><span class='ocrx_word' id='word_1_511' title='bbox 2096 2972 2278 3040; x_wconf 86' lang='lat' dir='ltr'><strong>aliquo</strong></span> <span class='ocrx_word' id='word_1_512' title='bbox 2301 2967 2621 3026; x_wconf 82' lang='lat' dir='ltr'><strong>dormiebat.</strong></span> <span class='ocrx_word' id='word_1_513' title='bbox 2645 2967 2753 3040; x_wconf 57' lang='lat' dir='ltr'><strong>Sed</strong></span> <span class='ocrx_word' id='word_1_514' title='bbox 2780 2967 3140 3040; x_wconf 70' lang='lat' dir='ltr'><strong>Pythagoras,</strong></span> <span class='ocrx_word' id='word_1_515' title='bbox 3159 2969 3252 3040; x_wconf 84' lang='lat' dir='ltr'><strong>qui</strong></span> <span class='ocrx_word' id='word_1_516' title='bbox 3278 2969 3345 3040; x_wconf 87' lang='lat' dir='ltr'><strong>ab</strong></span> <span class='ocrx_word' id='word_1_517' title='bbox 3370 2967 3690 3040; x_wconf 75' lang='lat' dir='ltr'><strong>animalium</strong></span> 
     </span>
    </p>
   </div>
   <div class='ocr_carea' id='block_1_78' title="bbox 2100 3036 3695 3101">
    <p class='ocr_par' dir='ltr' id='par_1_78' title="bbox 2100 3036 3695 3101">
     <span class='ocr_line' id='line_1_83' title="bbox 2100 3036 3695 3101; baseline -0.002 -7"><span class='ocrx_word' id='word_1_518' title='bbox 2100 3036 2424 3096; x_wconf 51' lang='lat' dir='ltr'><strong>ma’ctatione</strong></span> <span class='ocrx_word' id='word_1_519' title='bbox 2452 3040 2616 3095; x_wconf 86' lang='lat' dir='ltr'><strong>etiam</strong></span> <span class='ocrx_word' id='word_1_520' title='bbox 2670 3036 3049 3099; x_wconf 62' lang='lat' dir='ltr'><strong>iﬂsacrilieiis</strong></span> <span class='ocrx_word' id='word_1_521' title='bbox 3094 3036 3440 3098; x_wconf 84' lang='lat' dir='ltr'><strong>abhorrebat,</strong></span> <span class='ocrx_word' id='word_1_522' title='bbox 3477 3036 3695 3101; x_wconf 70' lang='grc' dir='ltr'><strong>Θυσίιις</strong></span> 
     </span>
    </p>
   </div>
   <div class='ocr_carea' id='block_1_79' title="bbox 346 3106 1994 3194">
    <p class='ocr_par' dir='ltr' id='par_1_79' title="bbox 346 3106 1994 3194">
     <span class='ocr_line' id='line_1_84' title="bbox 346 3106 1994 3194; baseline 0.001 -18"><span class='ocrx_word' id='word_1_523' title='bbox 346 3123 360 3135; x_wconf 77' lang='grc'><strong><em>⁸</em></strong></span> <span class='ocrx_word' id='word_1_524' title='bbox 419 3106 837 3194; x_wconf 51' lang='lat' dir='ltr'><strong>deoampler</strong></span> <span class='ocrx_word' id='word_1_525' title='bbox 868 3106 1170 3180; x_wconf 42' lang='grc' dir='ltr'><strong>δι’θέλόῧὲῗ</strong></span> <span class='ocrx_word' id='word_1_526' title='bbox 1314 3106 1556 3178; x_wconf 67' lang='lat' dir='ltr'><strong>senatoria</strong></span> <span class='ocrx_word' id='word_1_527' title='bbox 1593 3107 1823 3192; x_wconf 83' lang='lat' dir='ltr'><strong>duplicia</strong></span> <span class='ocrx_word' id='word_1_528' title='bbox 1869 3106 1994 3191; x_wconf 81' lang='lat' dir='ltr'><strong>pro-</strong></span> 
     </span>
    </p>
   </div>
   <div class='ocr_carea' id='block_1_80' title="bbox 2103 3106 3694 3194">
    <p class='ocr_par' dir='ltr' id='par_1_80' title="bbox 2103 3106 3694 3194">
     <span class='ocr_line' id='line_1_85' title="bbox 2103 3106 3694 3194; baseline -0.001 -31"><span class='ocrx_word' id='word_1_529' title='bbox 2103 3109 2301 3182; x_wconf 71' lang='grc' dir='ltr'><strong>ἐχρῆτο</strong></span> <span class='ocrx_word' id='word_1_530' title='bbox 2325 3110 2574 3194; x_wconf 36' lang='lat' dir='ltr'><strong>indigeam:</strong></span> <span class='ocrx_word' id='word_1_531' title='bbox 2603 3107 2777 3194; x_wconf 73' lang='lat' dir='ltr'><strong>inquit</strong></span> <span class='ocrx_word' id='word_1_532' title='bbox 2803 3107 3074 3194; x_wconf 49' lang='lat' dir='ltr'><strong>L&#39;aertius,</strong></span> <span class='ocrx_word' id='word_1_533' title='bbox 3105 3117 3178 3194; x_wconf 65' lang='grc' dir='ltr'><strong>ει.</strong></span> <span class='ocrx_word' id='word_1_534' title='bbox 3210 3118 3270 3162; x_wconf 85' lang='grc' dir='ltr'><strong>ιιι</strong></span> <span class='ocrx_word' id='word_1_535' title='bbox 3291 3107 3363 3160; x_wconf 91' lang='lat' dir='ltr'><strong>ait</strong></span> <span class='ocrx_word' id='word_1_536' title='bbox 3390 3106 3694 3161; x_wconf 79' lang='lat' dir='ltr'><strong>Nazianze-</strong></span> 
     </span>
    </p>
   </div>
   <div class='ocr_carea' id='block_1_81' title="bbox 423 3193 1992 3264">
    <p class='ocr_par' dir='ltr' id='par_1_81' title="bbox 423 3193 1992 3264">
     <span class='ocr_line' id='line_1_86' title="bbox 423 3193 1992 3264; baseline -0.004 -12"><span class='ocrx_word' id='word_1_537' title='bbox 423 3200 603 3264; x_wconf 84' lang='lat' dir='ltr'><strong>baret,</strong></span> <span class='ocrx_word' id='word_1_538' title='bbox 649 3199 783 3264; x_wconf 84' lang='lat' dir='ltr'><strong>duas</strong></span> <span class='ocrx_word' id='word_1_539' title='bbox 828 3193 1042 3264; x_wconf 79' lang='lat' dir='ltr'><strong>linguas</strong></span> <span class='ocrx_word' id='word_1_540' title='bbox 1088 3195 1242 3248; x_wconf 91' lang='lat' dir='ltr'><strong>nobis</strong></span> <span class='ocrx_word' id='word_1_541' title='bbox 1283 3193 1510 3264; x_wconf 87' lang='lat' dir='ltr'><strong>largitur</strong></span> <span class='ocrx_word' id='word_1_542' title='bbox 1551 3204 1742 3247; x_wconf 84' lang='lat' dir='ltr'><strong>auctor</strong></span> <span class='ocrx_word' id='word_1_543' title='bbox 1784 3204 1992 3264; x_wconf 84' lang='lat' dir='ltr'><strong>noster,</strong></span> 
     </span>
    </p>
   </div>
   <div class='ocr_carea' id='block_1_82' title="bbox 420 3262 1992 3335">
    <p class='ocr_par' dir='ltr' id='par_1_82' title="bbox 420 3262 1992 3335">
     <span class='ocr_line' id='line_1_87' title="bbox 420 3262 1992 3335; baseline -0.003 -15"><span class='ocrx_word' id='word_1_544' title='bbox 420 3263 735 3335; x_wconf 76' lang='lat' dir='ltr'><strong>epiglottide</strong></span> <span class='ocrx_word' id='word_1_545' title='bbox 763 3264 816 3319; x_wconf 91' lang='lat' dir='ltr'><strong>in</strong></span> <span class='ocrx_word' id='word_1_546' title='bbox 841 3262 1095 3335; x_wconf 66' lang='lat' dir='ltr'><strong>guStandi</strong></span> <span class='ocrx_word' id='word_1_547' title='bbox 1117 3280 1312 3318; x_wconf 91' lang='lat' dir='ltr'><strong>munus</strong></span> <span class='ocrx_word' id='word_1_548' title='bbox 1339 3263 1654 3330; x_wconf 82' lang='lat' dir='ltr'><strong>subrogata,</strong></span> <span class='ocrx_word' id='word_1_549' title='bbox 1685 3277 1794 3335; x_wconf 88' lang='lat' dir='ltr'><strong>quo</strong></span> <span class='ocrx_word' id='word_1_550' title='bbox 1820 3262 1992 3335; x_wconf 62' lang='lat' dir='ltr'><strong>Arist.</strong></span> 
     </span>
    </p>
   </div>
   <div class='ocr_carea' id='block_1_83' title="bbox 421 3331 1991 3402">
    <p class='ocr_par' dir='ltr' id='par_1_83' title="bbox 421 3331 1991 3402">
     <span class='ocr_line' id='line_1_88' title="bbox 421 3331 1991 3402; baseline -0.003 -13"><span class='ocrx_word' id='word_1_551' title='bbox 421 3331 681 3402; x_wconf 78' lang='lat' dir='ltr'><strong>auspiciis</strong></span> <span class='ocrx_word' id='word_1_552' title='bbox 712 3331 936 3396; x_wconf 72' lang='lat' dir='ltr'><strong>factum,</strong></span> <span class='ocrx_word' id='word_1_553' title='bbox 966 3335 1056 3402; x_wconf 84' lang='lat' dir='ltr'><strong>qui</strong></span> <span class='ocrx_word' id='word_1_554' title='bbox 1087 3333 1178 3388; x_wconf 92' lang='lat' dir='ltr'><strong>lib.</strong></span> <span class='ocrx_word' id='word_1_555' title='bbox 1205 3349 1242 3387; x_wconf 93' lang='grc' dir='ltr'><strong>ιι</strong></span> <span class='ocrx_word' id='word_1_556' title='bbox 1277 3335 1349 3386; x_wconf 85' lang='lat' dir='ltr'><strong>De</strong></span> <span class='ocrx_word' id='word_1_557' title='bbox 1377 3336 1616 3402; x_wconf 78' lang='lat' dir='ltr'><strong>partibus</strong></span> <span class='ocrx_word' id='word_1_558' title='bbox 1655 3331 1991 3402; x_wconf 10' lang='lat' dir='ltr'><strong>nrnt&#39;malium,</strong></span> 
     </span>
    </p>
   </div>
   <div class='ocr_carea' id='block_1_84' title="bbox 422 3401 1995 3474">
    <p class='ocr_par' dir='ltr' id='par_1_84' title="bbox 422 3401 1995 3474">
     <span class='ocr_line' id='line_1_89' title="bbox 422 3401 1995 3474; baseline -0.002 -17"><span class='ocrx_word' id='word_1_559' title='bbox 422 3404 489 3459; x_wconf 86' lang='lat' dir='ltr'><strong>de</strong></span> <span class='ocrx_word' id='word_1_560' title='bbox 521 3401 701 3474; x_wconf 85' lang='lat' dir='ltr'><strong>lingua</strong></span> <span class='ocrx_word' id='word_1_561' title='bbox 735 3405 850 3460; x_wconf 86' lang='lat' dir='ltr'><strong>ait:</strong></span> <span class='ocrx_word' id='word_1_562' title='bbox 884 3403 1050 3474; x_wconf 76' lang='grc' dir='ltr'>Δῆλον</span> <span class='ocrx_word' id='word_1_563' title='bbox 1083 3403 1139 3457; x_wconf 79' lang='grc' dir='ltr'><strong>δὲ</strong></span> <span class='ocrx_word' id='word_1_564' title='bbox 1187 3404 1307 3474; x_wconf 59' lang='grc' dir='ltr'><strong>ἐπὶ⁸</strong></span> <span class='ocrx_word' id='word_1_565' title='bbox 1330 3401 1554 3474; x_wconf 65' lang='grc' dir='ltr'><strong>ταύτης</strong></span> <span class='ocrx_word' id='word_1_566' title='bbox 1595 3401 1843 3472; x_wconf 75' lang='grc' dir='ltr'><strong>φαίνεται</strong></span> <span class='ocrx_word' id='word_1_567' title='bbox 1877 3401 1995 3474; x_wconf 70' lang='grc' dir='ltr'><strong>γὰρ</strong></span> 
     </span>
    </p>
   </div>
   <div class='ocr_carea' id='block_1_85' title="bbox 421 3471 1996 3545">
    <p class='ocr_par' dir='ltr' id='par_1_85' title="bbox 421 3471 1996 3545">
     <span class='ocr_line' id='line_1_90' title="bbox 421 3471 1996 3545; baseline 0 -19"><span class='ocrx_word' id='word_1_568' title='bbox 421 3473 740 3545; x_wconf 76' lang='grc' dir='ltr'><strong>ἑσχισμένη.</strong></span> <span class='ocrx_word' id='word_1_569' title='bbox 789 3471 1026 3545; x_wconf 81' lang='lat' dir='ltr'><strong>Galenus</strong></span> <span class='ocrx_word' id='word_1_570' title='bbox 1064 3486 1212 3528; x_wconf 85' lang='lat' dir='ltr'><strong>certe</strong></span> <span class='ocrx_word' id='word_1_571' title='bbox 1260 3471 1524 3542; x_wconf 69' lang='grc' dir='ltr'><strong>γλωττίδὸι</strong></span> <span class='ocrx_word' id='word_1_572' title='bbox 1572 3471 1766 3545; x_wconf 83' lang='lat' dir='ltr'><strong>gustus</strong></span> <span class='ocrx_word' id='word_1_573' title='bbox 1810 3472 1996 3526; x_wconf 86' lang='lat' dir='ltr'><strong>usibus</strong></span> 
     </span>
    </p>
   </div>
   <div class='ocr_carea' id='block_1_86' title="bbox 424 3543 1995 3613">
    <p class='ocr_par' dir='ltr' id='par_1_86' title="bbox 424 3543 1995 3613">
     <span class='ocr_line' id='line_1_91' title="bbox 424 3543 1995 3613; baseline -0.001 -15"><span class='ocrx_word' id='word_1_574' title='bbox 424 3543 730 3604; x_wconf 27' lang='lat' dir='ltr'><strong>eti‘nttiovet,</strong></span> <span class='ocrx_word' id='word_1_575' title='bbox 771 3555 826 3599; x_wconf 87' lang='lat' dir='ltr'><strong>et</strong></span> <span class='ocrx_word' id='word_1_576' title='bbox 866 3543 1120 3598; x_wconf 86' lang='lat' dir='ltr'><strong>tibiarum</strong></span> <span class='ocrx_word' id='word_1_577' title='bbox 1157 3545 1372 3613; x_wconf 85' lang='lat' dir='ltr'><strong>lingulis</strong></span> <span class='ocrx_word' id='word_1_578' title='bbox 1405 3543 1995 3613; x_wconf 58' lang='lat' dir='ltr'><strong>aquiparandanicen-</strong></span> 
     </span>
    </p>
   </div>
   <div class='ocr_carea' id='block_1_87' title="bbox 423 3610 1995 3684">
    <p class='ocr_par' dir='ltr' id='par_1_87' title="bbox 423 3610 1995 3684">
     <span class='ocr_line' id='line_1_92' title="bbox 423 3610 1995 3684; baseline -0.003 -15"><span class='ocrx_word' id='word_1_579' title='bbox 423 3621 528 3684; x_wconf 65' lang='lat' dir='ltr'><strong>set.</strong></span> <span class='ocrx_word' id='word_1_580' title='bbox 575 3613 680 3668; x_wconf 85' lang='lat' dir='ltr'><strong>Sed</strong></span> <span class='ocrx_word' id='word_1_581' title='bbox 737 3614 853 3668; x_wconf 65' lang='lat' dir='ltr'><strong>ha’c</strong></span> <span class='ocrx_word' id='word_1_582' title='bbox 907 3610 1321 3684; x_wconf 62' lang='grc' dir='ltr'><strong>ὑπερϐάλλοῶςα</strong></span> <span class='ocrx_word' id='word_1_583' title='bbox 1352 3610 1712 3683; x_wconf 19' lang='grc' dir='ltr'><strong>τῆςήφύσεως</strong></span> <span class='ocrx_word' id='word_1_584' title='bbox 1761 3610 1995 3681; x_wconf 83' lang='grc' dir='ltr'><strong>κηδεμο-</strong></span> 
     </span>
    </p>
   </div>
   <div class='ocr_carea' id='block_1_88' title="bbox 421 3683 1993 3753">
    <p class='ocr_par' dir='ltr' id='par_1_88' title="bbox 421 3683 1993 3753">
     <span class='ocr_line' id='line_1_93' title="bbox 421 3683 1993 3753; baseline -0.001 -16"><span class='ocrx_word' id='word_1_585' title='bbox 421 3683 536 3750; x_wconf 82' lang='grc' dir='ltr'><strong>νία,</strong></span> <span class='ocrx_word' id='word_1_586' title='bbox 572 3697 735 3753; x_wconf 91' lang='lat' dir='ltr'><strong>quam</strong></span> <span class='ocrx_word' id='word_1_587' title='bbox 771 3685 826 3738; x_wconf 90' lang='lat' dir='ltr'><strong>in</strong></span> <span class='ocrx_word' id='word_1_588' title='bbox 877 3683 1027 3738; x_wconf 88' lang='lat' dir='ltr'><strong>tactu</strong></span> <span class='ocrx_word' id='word_1_589' title='bbox 1059 3685 1332 3738; x_wconf 83' lang='lat' dir='ltr'><strong>desiderat</strong></span> <span class='ocrx_word' id='word_1_590' title='bbox 1370 3691 1560 3738; x_wconf 90' lang='lat' dir='ltr'><strong>auctor</strong></span> <span class='ocrx_word' id='word_1_591' title='bbox 1591 3693 1799 3746; x_wconf 89' lang='lat' dir='ltr'><strong>noster,</strong></span> <span class='ocrx_word' id='word_1_592' title='bbox 1830 3687 1993 3736; x_wconf 88' lang='lat' dir='ltr'><strong>etiam</strong></span> 
     </span>
    </p>
   </div>
   <div class='ocr_carea' id='block_1_89' title="bbox 423 3753 1996 3815">
    <p class='ocr_par' dir='ltr' id='par_1_89' title="bbox 423 3753 1996 3815">
     <span class='ocr_line' id='line_1_94' title="bbox 423 3753 1996 3815; baseline -0.001 -7"><span class='ocrx_word' id='word_1_593' title='bbox 423 3753 476 3808; x_wconf 87' lang='lat' dir='ltr'><strong>in</strong></span> <span class='ocrx_word' id='word_1_594' title='bbox 512 3754 615 3807; x_wconf 63' lang='lat' dir='ltr'><strong>isao</strong></span> <span class='ocrx_word' id='word_1_595' title='bbox 655 3767 817 3807; x_wconf 84' lang='lat' dir='ltr'><strong>sensu</strong></span> <span class='ocrx_word' id='word_1_596' title='bbox 865 3753 1189 3807; x_wconf 89' lang='lat' dir='ltr'><strong>luculentius</strong></span> <span class='ocrx_word' id='word_1_597' title='bbox 1219 3753 1478 3815; x_wconf 86' lang='lat' dir='ltr'><strong>cernitur,</strong></span> <span class='ocrx_word' id='word_1_598' title='bbox 1517 3753 1698 3806; x_wconf 87' lang='lat' dir='ltr'><strong>nervis</strong></span> <span class='ocrx_word' id='word_1_599' title='bbox 1731 3754 1844 3805; x_wconf 81' lang='lat' dir='ltr'><strong>fere</strong></span> <span class='ocrx_word' id='word_1_600' title='bbox 1880 3767 1996 3806; x_wconf 82' lang='lat' dir='ltr'><strong>om-</strong></span> 
     </span>
    </p>
   </div>
   <div class='ocr_carea' id='block_1_90' title="bbox 421 3823 1986 3894">
    <p class='ocr_par' dir='ltr' id='par_1_90' title="bbox 421 3823 1986 3894">
     <span class='ocr_line' id='line_1_95' title="bbox 421 3823 1986 3894; baseline -0.001 -18"><span class='ocrx_word' id='word_1_601' title='bbox 421 3823 580 3877; x_wconf 90' lang='lat' dir='ltr'><strong>nibus</strong></span> <span class='ocrx_word' id='word_1_602' title='bbox 606 3835 701 3890; x_wconf 84' lang='lat' dir='ltr'><strong>per</strong></span> <span class='ocrx_word' id='word_1_603' title='bbox 723 3823 1160 3894; x_wconf 76' lang='lat' dir='ltr'><strong>coniugationum</strong></span> <span class='ocrx_word' id='word_1_604' title='bbox 1195 3826 1343 3893; x_wconf 86' lang='lat' dir='ltr'><strong>paria</strong></span> <span class='ocrx_word' id='word_1_605' title='bbox 1381 3823 1434 3894; x_wconf 87' lang='lat' dir='ltr'><strong>in</strong></span> <span class='ocrx_word' id='word_1_606' title='bbox 1461 3832 1747 3894; x_wconf 73' lang='lat' dir='ltr'><strong>utramque</strong></span> <span class='ocrx_word' id='word_1_607' title='bbox 1779 3832 1986 3886; x_wconf 88' lang='lat' dir='ltr'><strong>partem</strong></span> 
     </span>
    </p>
   </div>
   <div class='ocr_carea' id='block_1_91' title="bbox 421 3892 1996 3962">
    <p class='ocr_par' dir='ltr' id='par_1_91' title="bbox 421 3892 1996 3962">
     <span class='ocr_line' id='line_1_96' title="bbox 421 3892 1996 3962; baseline -0.002 -13"><span class='ocrx_word' id='word_1_608' title='bbox 421 3895 668 3962; x_wconf 88' lang='lat' dir='ltr'><strong>corporis</strong></span> <span class='ocrx_word' id='word_1_609' title='bbox 699 3892 1022 3956; x_wconf 73' lang='lat' dir='ltr'><strong>distributis,</strong></span> <span class='ocrx_word' id='word_1_610' title='bbox 1053 3901 1144 3958; x_wconf 91' lang='lat' dir='ltr'><strong>ut,</strong></span> <span class='ocrx_word' id='word_1_611' title='bbox 1189 3892 1312 3947; x_wconf 82' lang='lat' dir='ltr'><strong>cum</strong></span> <span class='ocrx_word' id='word_1_612' title='bbox 1346 3907 1377 3948; x_wconf 91' lang='lat' dir='ltr'><strong>e</strong></span> <span class='ocrx_word' id='word_1_613' title='bbox 1408 3892 1576 3946; x_wconf 88' lang='lat' dir='ltr'><strong>latere</strong></span> <span class='ocrx_word' id='word_1_614' title='bbox 1603 3892 1773 3946; x_wconf 88' lang='lat' dir='ltr'><strong>altero</strong></span> <span class='ocrx_word' id='word_1_615' title='bbox 1803 3906 1996 3946; x_wconf 89' lang='lat' dir='ltr'><strong>sensus</strong></span> 
     </span>
    </p>
   </div>
   <div class='ocr_carea' id='block_1_92' title="bbox 424 3962 1996 4030">
    <p class='ocr_par' dir='ltr' id='par_1_92' title="bbox 424 3962 1996 4030">
     <span class='ocr_line' id='line_1_97' title="bbox 424 3962 1996 4030; baseline -0.001 -13"><span class='ocrx_word' id='word_1_616' title='bbox 424 3972 671 4017; x_wconf 88' lang='lat' dir='ltr'><strong>motusve</strong></span> <span class='ocrx_word' id='word_1_617' title='bbox 701 3963 982 4026; x_wconf 79' lang='lat' dir='ltr'><strong>defecerit.</strong></span> <span class='ocrx_word' id='word_1_618' title='bbox 1012 3962 1206 4017; x_wconf 85' lang='lat' dir='ltr'><strong>saltem</strong></span> <span class='ocrx_word' id='word_1_619' title='bbox 1233 3978 1304 4018; x_wconf 80' lang='lat' dir='ltr'><strong>ex</strong></span> <span class='ocrx_word' id='word_1_620' title='bbox 1335 3962 1562 4017; x_wconf 85' lang='lat' dir='ltr'><strong>adversa</strong></span> <span class='ocrx_word' id='word_1_621' title='bbox 1600 3973 1756 4030; x_wconf 90' lang='lat' dir='ltr'><strong>parte</strong></span> <span class='ocrx_word' id='word_1_622' title='bbox 1793 3962 1996 4016; x_wconf 83' lang='lat' dir='ltr'><strong>retine-</strong></span> 
     </span>
    </p>
   </div>
   <div class='ocr_carea' id='block_1_93' title="bbox 423 4031 1996 4105">
    <p class='ocr_par' dir='ltr' id='par_1_93' title="bbox 423 4031 1996 4105">
     <span class='ocr_line' id='line_1_98' title="bbox 423 4031 1996 4105; baseline 0 -19"><span class='ocrx_word' id='word_1_623' title='bbox 423 4043 594 4098; x_wconf 90' lang='lat' dir='ltr'><strong>retur,</strong></span> <span class='ocrx_word' id='word_1_624' title='bbox 607 4035 764 4100; x_wconf 84' lang='lat' dir='ltr'><strong>-quod</strong></span> <span class='ocrx_word' id='word_1_625' title='bbox 799 4035 850 4087; x_wconf 92' lang='lat' dir='ltr'><strong>in</strong></span> <span class='ocrx_word' id='word_1_626' title='bbox 882 4033 1118 4105; x_wconf 80' lang='lat' dir='ltr'><strong>paralysi</strong></span> <span class='ocrx_word' id='word_1_627' title='bbox 1141 4043 1197 4088; x_wconf 90' lang='lat' dir='ltr'><strong>et</strong></span> <span class='ocrx_word' id='word_1_628' title='bbox 1228 4033 1551 4103; x_wconf 85' lang='lat' dir='ltr'><strong>hemiplegia</strong></span> <span class='ocrx_word' id='word_1_629' title='bbox 1579 4033 1781 4103; x_wconf 85' lang='lat' dir='ltr'><strong>passim</strong></span> <span class='ocrx_word' id='word_1_630' title='bbox 1809 4031 1996 4088; x_wconf 65' lang='lat' dir='ltr'><strong>obser—</strong></span> 
     </span>
    </p>
   </div>
   <div class='ocr_carea' id='block_1_94' title="bbox 423 4112 679 4158">
    <p class='ocr_par' dir='ltr' id='par_1_94' title="bbox 423 4112 679 4158">
     <span class='ocr_line' id='line_1_99' title="bbox 423 4112 679 4158; baseline -0.02 -1"><span class='ocrx_word' id='word_1_631' title='bbox 423 4117 549 4157; x_wconf 90' lang='lat' dir='ltr'><strong>vare</strong></span> <span class='ocrx_word' id='word_1_632' title='bbox 576 4112 679 4158; x_wconf 88' lang='lat' dir='ltr'><strong>est.</strong></span> 
     </span>
    </p>
   </div>
   <div class='ocr_carea' id='block_1_95' title="bbox 496 4193 1994 4266">
    <p class='ocr_par' dir='ltr' id='par_1_95' title="bbox 496 4193 1994 4266">
     <span class='ocr_line' id='line_1_100' title="bbox 496 4193 1994 4266; baseline -0.001 -18"><span class='ocrx_word' id='word_1_633' title='bbox 496 4194 624 4266; x_wconf 81' lang='lat' dir='ltr'><strong>Pag.</strong></span> <span class='ocrx_word' id='word_1_634' title='bbox 651 4195 739 4248; x_wconf 74' lang='lat'><strong>87.</strong></span> <span class='ocrx_word' id='word_1_635' title='bbox 791 4195 1164 4264; x_wconf 72' lang='grc' dir='ltr'><strong>Σκληρότητι</strong></span> <span class='ocrx_word' id='word_1_636' title='bbox 1217 4193 1337 4264; x_wconf 75' lang='grc' dir='ltr'><strong>μὲν</strong></span> <span class='ocrx_word' id='word_1_637' title='bbox 1387 4193 1499 4266; x_wconf 76' lang='grc' dir='ltr'><strong>γὰρ</strong></span> <span class='ocrx_word' id='word_1_638' title='bbox 1549 4193 1872 4266; x_wconf 62' lang='grc' dir='ltr'><strong>ἀνωμαλίᾳ</strong></span> <span class='ocrx_word' id='word_1_639' title='bbox 1900 4210 1994 4263; x_wconf 64' lang='grc' dir='ltr'><strong>μιν</strong></span> 
     </span>
    </p>
   </div>
   <div class='ocr_carea' id='block_1_96' title="bbox 420 4264 1996 4336">
    <p class='ocr_par' dir='ltr' id='par_1_96' title="bbox 420 4264 1996 4336">
     <span class='ocr_line' id='line_1_101' title="bbox 420 4264 1996 4336; baseline -0.001 -16"><span class='ocrx_word' id='word_1_640' title='bbox 420 4265 635 4336; x_wconf 85' lang='grc' dir='ltr'><strong>χθεῖσα</strong></span> <span class='ocrx_word' id='word_1_641' title='bbox 664 4267 1017 4334; x_wconf 80' lang='grc' dir='ltr'><strong>τραχύτητα.</strong></span> <span class='ocrx_word' id='word_1_642' title='bbox 1052 4266 1314 4320; x_wconf 76' lang='lat' dir='ltr'><strong>l\imirum</strong></span> <span class='ocrx_word' id='word_1_643' title='bbox 1350 4264 1597 4334; x_wconf 79' lang='lat' dir='ltr'><strong>cerpora,</strong></span> <span class='ocrx_word' id='word_1_644' title='bbox 1625 4279 1743 4336; x_wconf 65' lang='lat' dir='ltr'><strong>qua;</strong></span> <span class='ocrx_word' id='word_1_645' title='bbox 1776 4264 1908 4336; x_wconf 86' lang='lat' dir='ltr'><strong>salis</strong></span> <span class='ocrx_word' id='word_1_646' title='bbox 1941 4272 1996 4318; x_wconf 86' lang='lat' dir='ltr'><strong>et</strong></span> 
     </span>
    </p>
   </div>
   <div class='ocr_carea' id='block_1_97' title="bbox 423 4333 1996 4406">
    <p class='ocr_par' dir='ltr' id='par_1_97' title="bbox 423 4333 1996 4406">
     <span class='ocr_line' id='line_1_102' title="bbox 423 4333 1996 4406; baseline 0 -18"><span class='ocrx_word' id='word_1_647' title='bbox 423 4333 579 4392; x_wconf 79' lang='lat' dir='ltr'><strong>terra:</strong></span> <span class='ocrx_word' id='word_1_648' title='bbox 628 4333 1078 4405; x_wconf 13' lang='lat' dir='ltr'><strong>lixtsiiparticnlis</strong></span> <span class='ocrx_word' id='word_1_649' title='bbox 1127 4345 1363 4401; x_wconf 89' lang='lat' dir='ltr'><strong>scatent,</strong></span> <span class='ocrx_word' id='word_1_650' title='bbox 1411 4333 1860 4406; x_wconf 26' lang='lat' dir='ltr'><strong>qtiando’caloris</strong></span> <span class='ocrx_word' id='word_1_651' title='bbox 1893 4349 1996 4403; x_wconf 92' lang='lat' dir='ltr'><strong>ope</strong></span> 
     </span>
    </p>
   </div>
   <div class='ocr_carea' id='block_1_98' title="bbox 422 4407 1992 4475">
    <p class='ocr_par' dir='ltr' id='par_1_98' title="bbox 422 4407 1992 4475">
     <span class='ocr_line' id='line_1_103' title="bbox 422 4407 1992 4475; baseline -0.001 -15"><span class='ocrx_word' id='word_1_652' title='bbox 422 4407 798 4470; x_wconf 88' lang='lat' dir='ltr'><strong>indurescunt,</strong></span> <span class='ocrx_word' id='word_1_653' title='bbox 835 4409 886 4460; x_wconf 93' lang='lat' dir='ltr'><strong>in</strong></span> <span class='ocrx_word' id='word_1_654' title='bbox 925 4422 1084 4475; x_wconf 88' lang='lat' dir='ltr'><strong>rupes</strong></span> <span class='ocrx_word' id='word_1_655' title='bbox 1117 4409 1377 4474; x_wconf 89' lang='lat' dir='ltr'><strong>quasdam</strong></span> <span class='ocrx_word' id='word_1_656' title='bbox 1418 4410 1701 4461; x_wconf 88' lang='lat' dir='ltr'><strong>horrentes</strong></span> <span class='ocrx_word' id='word_1_657' title='bbox 1741 4419 1992 4473; x_wconf 86' lang='lat' dir='ltr'><strong>asperas-</strong></span> 
     </span>
    </p>
   </div>
   <div class='ocr_carea' id='block_1_99' title="bbox 418 4475 2066 4546">
    <p class='ocr_par' dir='ltr' id='par_1_99' title="bbox 418 4475 2066 4546">
     <span class='ocr_line' id='line_1_104' title="bbox 418 4475 2066 4546; baseline 0.001 -17"><span class='ocrx_word' id='word_1_658' title='bbox 418 4491 527 4546; x_wconf 88' lang='lat' dir='ltr'><strong>que</strong></span> <span class='ocrx_word' id='word_1_659' title='bbox 572 4476 880 4530; x_wconf 69' lang='lat' dir='ltr'><strong>lacessunt:</strong></span> <span class='ocrx_word' id='word_1_660' title='bbox 921 4477 1233 4546; x_wconf 85' lang='lat' dir='ltr'><strong>oleaginosa</strong></span> <span class='ocrx_word' id='word_1_661' title='bbox 1270 4487 1451 4531; x_wconf 88' lang='lat' dir='ltr'><strong>autem</strong></span> <span class='ocrx_word' id='word_1_662' title='bbox 1501 4477 1756 4546; x_wconf 90' lang='lat' dir='ltr'><strong>pleraque</strong></span> <span class='ocrx_word' id='word_1_663' title='bbox 1799 4475 1989 4545; x_wconf 85' lang='lat' dir='ltr'><strong>gelati-</strong></span> <span class='ocrx_word' id='word_1_664' title='bbox 2024 4475 2066 4530; x_wconf 90' lang='lat' dir='ltr'><strong>D</strong></span> 
     </span>
    </p>
   </div>
   <div class='ocr_carea' id='block_1_100' title="bbox 420 4546 1988 4615">
    <p class='ocr_par' dir='ltr' id='par_1_100' title="bbox 420 4546 1988 4615">
     <span class='ocr_line' id='line_1_105' title="bbox 420 4546 1988 4615; baseline -0.001 -14"><span class='ocrx_word' id='word_1_665' title='bbox 420 4562 548 4601; x_wconf 90' lang='lat' dir='ltr'><strong>num</strong></span> <span class='ocrx_word' id='word_1_666' title='bbox 593 4548 881 4615; x_wconf 87' lang='lat' dir='ltr'><strong>quemdam</strong></span> <span class='ocrx_word' id='word_1_667' title='bbox 933 4547 1194 4600; x_wconf 88' lang='lat' dir='ltr'><strong>lentorem</strong></span> <span class='ocrx_word' id='word_1_668' title='bbox 1235 4556 1288 4602; x_wconf 91' lang='lat' dir='ltr'><strong>et</strong></span> <span class='ocrx_word' id='word_1_669' title='bbox 1318 4548 1739 4601; x_wconf 89' lang='lat' dir='ltr'><strong>sandaracinam</strong></span> <span class='ocrx_word' id='word_1_670' title='bbox 1789 4546 1988 4613; x_wconf 83' lang='lat' dir='ltr'><strong>politu-</strong></span> 
     </span>
    </p>
   </div>
   <div class='ocr_carea' id='block_1_101' title="bbox 421 4615 1990 4687">
    <p class='ocr_par' dir='ltr' id='par_1_101' title="bbox 421 4615 1990 4687">
     <span class='ocr_line' id='line_1_106' title="bbox 421 4615 1990 4687; baseline -0.002 -16"><span class='ocrx_word' id='word_1_671' title='bbox 421 4631 540 4671; x_wconf 85' lang='lat' dir='ltr'><strong>ram</strong></span> <span class='ocrx_word' id='word_1_672' title='bbox 587 4618 866 4670; x_wconf 83' lang='lat' dir='ltr'><strong>inducunt.</strong></span> <span class='ocrx_word' id='word_1_673' title='bbox 917 4615 1139 4670; x_wconf 89' lang='lat' dir='ltr'><strong>Interint</strong></span> <span class='ocrx_word' id='word_1_674' title='bbox 1194 4627 1404 4681; x_wconf 86' lang='lat' dir='ltr'><strong>tamen,</strong></span> <span class='ocrx_word' id='word_1_675' title='bbox 1457 4618 1821 4687; x_wconf 68' lang='lat' dir='ltr'><strong>inaequalitate</strong></span> <span class='ocrx_word' id='word_1_676' title='bbox 1864 4630 1990 4684; x_wconf 86' lang='lat' dir='ltr'><strong>par-</strong></span> 
     </span>
    </p>
   </div>
   <div class='ocr_carea' id='block_1_102' title="bbox 423 4687 1993 4756">
    <p class='ocr_par' dir='ltr' id='par_1_102' title="bbox 423 4687 1993 4756">
     <span class='ocr_line' id='line_1_107' title="bbox 423 4687 1993 4756; baseline 0.001 -15"><span class='ocrx_word' id='word_1_677' title='bbox 423 4687 556 4741; x_wconf 91' lang='lat' dir='ltr'><strong>tium</strong></span> <span class='ocrx_word' id='word_1_678' title='bbox 592 4693 822 4754; x_wconf 84' lang='lat' dir='ltr'><strong>remota,</strong></span> <span class='ocrx_word' id='word_1_679' title='bbox 849 4700 956 4755; x_wconf 90' lang='lat' dir='ltr'><strong>quo</strong></span> <span class='ocrx_word' id='word_1_680' title='bbox 1003 4687 1224 4740; x_wconf 82' lang='lat' dir='ltr'><strong>duriora</strong></span> <span class='ocrx_word' id='word_1_681' title='bbox 1255 4698 1378 4756; x_wconf 88' lang='lat' dir='ltr'><strong>sunt</strong></span> <span class='ocrx_word' id='word_1_682' title='bbox 1413 4703 1661 4756; x_wconf 89' lang='lat' dir='ltr'><strong>corpora,</strong></span> <span class='ocrx_word' id='word_1_683' title='bbox 1689 4703 1754 4741; x_wconf 92' lang='lat' dir='ltr'><strong>eo</strong></span> <span class='ocrx_word' id='word_1_684' title='bbox 1793 4687 1993 4742; x_wconf 82' lang='lat' dir='ltr'><strong>rectius</strong></span> 
     </span>
    </p>
   </div>
   <div class='ocr_carea' id='block_1_103' title="bbox 420 4755 1992 4829">
    <p class='ocr_par' dir='ltr' id='par_1_103' title="bbox 420 4755 1992 4829">
     <span class='ocr_line' id='line_1_108' title="bbox 420 4755 1992 4829; baseline 0.001 -21"><span class='ocrx_word' id='word_1_685' title='bbox 420 4757 698 4826; x_wconf 89' lang='lat' dir='ltr'><strong>poliuntur</strong></span> <span class='ocrx_word' id='word_1_686' title='bbox 733 4765 789 4810; x_wconf 87' lang='lat' dir='ltr'><strong>et</strong></span> <span class='ocrx_word' id='word_1_687' title='bbox 829 4756 1237 4829; x_wconf 82' lang='lat' dir='ltr'><strong>accuratissime</strong></span> <span class='ocrx_word' id='word_1_688' title='bbox 1283 4755 1620 4829; x_wconf 78' lang='lat' dir='ltr'><strong>laevigantur,</strong></span> <span class='ocrx_word' id='word_1_689' title='bbox 1665 4768 1721 4813; x_wconf 88' lang='lat' dir='ltr'><strong>ut</strong></span> <span class='ocrx_word' id='word_1_690' title='bbox 1749 4757 1802 4812; x_wconf 89' lang='lat' dir='ltr'><strong>in</strong></span> <span class='ocrx_word' id='word_1_691' title='bbox 1845 4771 1992 4811; x_wconf 84' lang='lat' dir='ltr'><strong>mar-</strong></span> 
     </span>
    </p>
   </div>
   <div class='ocr_carea' id='block_1_104' title="bbox 421 4827 1265 4882">
    <p class='ocr_par' dir='ltr' id='par_1_104' title="bbox 421 4827 1265 4882">
     <span class='ocr_line' id='line_1_109' title="bbox 421 4827 1265 4882; baseline -0.001 0"><span class='ocrx_word' id='word_1_692' title='bbox 421 4841 574 4882; x_wconf 89' lang='lat' dir='ltr'><strong>more</strong></span> <span class='ocrx_word' id='word_1_693' title='bbox 600 4836 654 4880; x_wconf 87' lang='lat' dir='ltr'><strong>et</strong></span> <span class='ocrx_word' id='word_1_694' title='bbox 692 4828 924 4880; x_wconf 84' lang='lat' dir='ltr'><strong>metallis</strong></span> <span class='ocrx_word' id='word_1_695' title='bbox 955 4827 1138 4881; x_wconf 74' lang='lat' dir='ltr'><strong>videre</strong></span> <span class='ocrx_word' id='word_1_696' title='bbox 1163 4835 1265 4881; x_wconf 91' lang='lat' dir='ltr'><strong>est.</strong></span> 
     </span>
    </p>
   </div>
   <div class='ocr_carea' id='block_1_105' title="bbox 493 4895 1995 4969">
    <p class='ocr_par' dir='ltr' id='par_1_105' title="bbox 493 4895 1995 4969">
     <span class='ocr_line' id='line_1_110' title="bbox 493 4895 1995 4969; baseline 0.002 -19"><span class='ocrx_word' id='word_1_697' title='bbox 493 4897 623 4951; x_wconf 91' lang='lat' dir='ltr'><strong>Ibid.</strong></span> <span class='ocrx_word' id='word_1_698' title='bbox 657 4895 819 4949; x_wconf 82' lang='grc' dir='ltr'><strong>Οὕτω</strong></span> <span class='ocrx_word' id='word_1_699' title='bbox 849 4897 946 4950; x_wconf 81' lang='grc' dir='ltr'><strong>καὶ</strong></span> <span class='ocrx_word' id='word_1_700' title='bbox 993 4897 1031 4967; x_wconf 73' lang='grc' dir='ltr'>ἢ</span> <span class='ocrx_word' id='word_1_701' title='bbox 1059 4896 1205 4968; x_wconf 65' lang='grc' dir='ltr'><strong>ἁφή.</strong></span> <span class='ocrx_word' id='word_1_702' title='bbox 1233 4897 1380 4956; x_wconf 81' lang='lat' dir='ltr'><strong>Adeo</strong></span> <span class='ocrx_word' id='word_1_703' title='bbox 1415 4914 1516 4956; x_wconf 89' lang='lat' dir='ltr'><strong>nec</strong></span> <span class='ocrx_word' id='word_1_704' title='bbox 1559 4907 1735 4956; x_wconf 89' lang='lat' dir='ltr'><strong>tactus</strong></span> <span class='ocrx_word' id='word_1_705' title='bbox 1777 4898 1892 4969; x_wconf 91' lang='lat' dir='ltr'><strong>ipse</strong></span> <span class='ocrx_word' id='word_1_706' title='bbox 1933 4897 1995 4953; x_wconf 86' lang='lat' dir='ltr'><strong>lit</strong></span> 
     </span>
    </p>
   </div>
   <div class='ocr_carea' id='block_1_106' title="bbox 419 4978 875 5039">
    <p class='ocr_par' dir='ltr' id='par_1_106' title="bbox 419 4978 875 5039">
     <span class='ocr_line' id='line_1_111' title="bbox 419 4978 875 5039; baseline 0 -17"><span class='ocrx_word' id='word_1_707' title='bbox 419 4981 518 5039; x_wconf 80' lang='lat' dir='ltr'><strong>per</strong></span> <span class='ocrx_word' id='word_1_708' title='bbox 546 4978 875 5039; x_wconf 77' lang='lat' dir='ltr'><strong>contactum.</strong></span> 
     </span>
    </p>
   </div>
   <div class='ocr_carea' id='block_1_107' title="bbox 491 5035 1992 5110">
    <p class='ocr_par' dir='ltr' id='par_1_107' title="bbox 491 5035 1992 5110">
     <span class='ocr_line' id='line_1_112' title="bbox 491 5035 1992 5110; baseline 0.001 -20"><span class='ocrx_word' id='word_1_709' title='bbox 491 5035 624 5092; x_wconf 88' lang='lat' dir='ltr'><strong>Ibid.</strong></span> <span class='ocrx_word' id='word_1_710' title='bbox 670 5038 740 5092; x_wconf 85' lang='grc' dir='ltr'><em>Ἠ</em></span> <span class='ocrx_word' id='word_1_711' title='bbox 789 5038 940 5108; x_wconf 76' lang='grc' dir='ltr'><strong>ἀκοὴ</strong></span> <span class='ocrx_word' id='word_1_712' title='bbox 988 5041 1061 5096; x_wconf 84' lang='grc' dir='ltr'><em>οὺ</em></span> <span class='ocrx_word' id='word_1_713' title='bbox 1097 5040 1224 5094; x_wconf 84' lang='grc' dir='ltr'><strong>κατ’</strong></span> <span class='ocrx_word' id='word_1_714' title='bbox 1268 5039 1506 5095; x_wconf 83' lang='grc' dir='ltr'><strong>εὐθεῖαν</strong></span> <span class='ocrx_word' id='word_1_715' title='bbox 1535 5040 1745 5110; x_wconf 79' lang='grc' dir='ltr'><em>μόνον.</em></span> <span class='ocrx_word' id='word_1_716' title='bbox 1792 5039 1992 5094; x_wconf 87' lang='lat' dir='ltr'><strong>Eodem</strong></span> 
     </span>
    </p>
   </div>
   <div class='ocr_carea' id='block_1_108' title="bbox 421 5109 1993 5182">
    <p class='ocr_par' dir='ltr' id='par_1_108' title="bbox 421 5109 1993 5182">
     <span class='ocr_line' id='line_1_113' title="bbox 421 5109 1993 5182; baseline 0.001 -20"><span class='ocrx_word' id='word_1_717' title='bbox 421 5119 569 5162; x_wconf 86' lang='lat' dir='ltr'><strong>certe</strong></span> <span class='ocrx_word' id='word_1_718' title='bbox 603 5109 761 5163; x_wconf 88' lang='lat' dir='ltr'><strong>modo</strong></span> <span class='ocrx_word' id='word_1_719' title='bbox 784 5125 897 5182; x_wconf 10' lang='lat' dir='ltr'><strong>vos?</strong></span> <span class='ocrx_word' id='word_1_720' title='bbox 919 5110 1255 5174; x_wconf 82' lang='lat' dir='ltr'><strong>dill&#39;unditur,</strong></span> <span class='ocrx_word' id='word_1_721' title='bbox 1285 5126 1394 5180; x_wconf 89' lang='lat' dir='ltr'><strong>quo</strong></span> <span class='ocrx_word' id='word_1_722' title='bbox 1429 5109 1545 5175; x_wconf 83' lang='lat' dir='ltr'><strong>lux,</strong></span> <span class='ocrx_word' id='word_1_723' title='bbox 1567 5113 1633 5164; x_wconf 91' lang='lat' dir='ltr'><strong>de</strong></span> <span class='ocrx_word' id='word_1_724' title='bbox 1663 5126 1769 5182; x_wconf 89' lang='lat' dir='ltr'><strong>qua</strong></span> <span class='ocrx_word' id='word_1_725' title='bbox 1829 5125 1993 5177; x_wconf 81' lang='lat' dir='ltr'><strong>supra</strong></span> 
     </span>
    </p>
   </div>
   <div class='ocr_carea' id='block_1_109' title="bbox 423 5181 1992 5249">
    <p class='ocr_par' dir='ltr' id='par_1_109' title="bbox 423 5181 1992 5249">
     <span class='ocr_line' id='line_1_114' title="bbox 423 5181 1992 5249; baseline 0.003 -19"><span class='ocrx_word' id='word_1_726' title='bbox 423 5184 664 5249; x_wconf 77' lang='lat' dir='ltr'><strong>egimus,</strong></span> <span class='ocrx_word' id='word_1_727' title='bbox 713 5189 773 5234; x_wconf 93' lang='lat' dir='ltr'><strong>ut</strong></span> <span class='ocrx_word' id='word_1_728' title='bbox 807 5181 1013 5237; x_wconf 84' lang='lat' dir='ltr'><strong>scilicet</strong></span> <span class='ocrx_word' id='word_1_729' title='bbox 1060 5182 1283 5236; x_wconf 90' lang='lat' dir='ltr'><strong>circulis</strong></span> <span class='ocrx_word' id='word_1_730' title='bbox 1338 5181 1566 5236; x_wconf 87' lang='lat' dir='ltr'><strong>subinde</strong></span> <span class='ocrx_word' id='word_1_731' title='bbox 1600 5182 1992 5243; x_wconf 87' lang='lat' dir='ltr'><strong>crescentibus,</strong></span> 
     </span>
    </p>
   </div>
   <div class='ocr_carea' id='block_1_110' title="bbox 425 5250 1995 5321">
    <p class='ocr_par' dir='ltr' id='par_1_110' title="bbox 425 5250 1995 5321">
     <span class='ocr_line' id='line_1_115' title="bbox 425 5250 1995 5321; baseline 0.001 -19"><span class='ocrx_word' id='word_1_732' title='bbox 425 5261 601 5303; x_wconf 70' lang='lat' dir='ltr'><strong>minus</strong></span> <span class='ocrx_word' id='word_1_733' title='bbox 628 5252 717 5304; x_wconf 90' lang='lat' dir='ltr'><strong>uni</strong></span> <span class='ocrx_word' id='word_1_734' title='bbox 752 5250 869 5306; x_wconf 87' lang='lat' dir='ltr'><strong>loco</strong></span> <span class='ocrx_word' id='word_1_735' title='bbox 907 5254 1202 5321; x_wconf 84' lang='lat' dir='ltr'><strong>impressus</strong></span> <span class='ocrx_word' id='word_1_736' title='bbox 1233 5265 1450 5320; x_wconf 90' lang='lat' dir='ltr'><strong>quoquo</strong></span> <span class='ocrx_word' id='word_1_737' title='bbox 1482 5252 1754 5321; x_wconf 83' lang='lat' dir='ltr'><strong>pervadat.</strong></span> <span class='ocrx_word' id='word_1_738' title='bbox 1791 5251 1995 5304; x_wconf 85' lang='lat' dir='ltr'><strong>Tamen</strong></span> 
     </span>
    </p>
   </div>
   <div class='ocr_carea' id='block_1_111' title="bbox 424 5321 1996 5392">
    <p class='ocr_par' dir='ltr' id='par_1_111' title="bbox 424 5321 1996 5392">
     <span class='ocr_line' id='line_1_116' title="bbox 424 5321 1996 5392; baseline 0.004 -21"><span class='ocrx_word' id='word_1_739' title='bbox 424 5336 546 5372; x_wconf 73' lang='lat' dir='ltr'><strong>rom</strong></span> <span class='ocrx_word' id='word_1_740' title='bbox 599 5336 852 5389; x_wconf 90' lang='lat' dir='ltr'><strong>prorsum</strong></span> <span class='ocrx_word' id='word_1_741' title='bbox 904 5326 1083 5377; x_wconf 89' lang='lat' dir='ltr'><strong>tendat</strong></span> <span class='ocrx_word' id='word_1_742' title='bbox 1118 5331 1173 5376; x_wconf 88' lang='lat' dir='ltr'><strong>et</strong></span> <span class='ocrx_word' id='word_1_743' title='bbox 1219 5332 1628 5390; x_wconf 83' lang='lat' dir='ltr'><strong>pronioveatur,</strong></span> <span class='ocrx_word' id='word_1_744' title='bbox 1669 5321 1892 5392; x_wconf 88' lang='lat' dir='ltr'><strong>perinde</strong></span> <span class='ocrx_word' id='word_1_745' title='bbox 1936 5335 1996 5377; x_wconf 85' lang='lat' dir='ltr'><strong>se</strong></span> 
     </span>
    </p>
   </div>
   <div class='ocr_carea' id='block_1_112' title="bbox 426 5392 1830 5462">
    <p class='ocr_par' dir='ltr' id='par_1_112' title="bbox 426 5392 1830 5462">
     <span class='ocr_line' id='line_1_117' title="bbox 426 5392 1830 5462; baseline -0.001 -16"><span class='ocrx_word' id='word_1_746' title='bbox 426 5392 612 5457; x_wconf 79' lang='lat' dir='ltr'><strong>habet,</strong></span> <span class='ocrx_word' id='word_1_747' title='bbox 645 5405 708 5446; x_wconf 90' lang='lat' dir='ltr'><strong>ac</strong></span> <span class='ocrx_word' id='word_1_748' title='bbox 737 5394 782 5447; x_wconf 80' lang='lat' dir='ltr'><strong>si</strong></span> <span class='ocrx_word' id='word_1_749' title='bbox 821 5396 986 5446; x_wconf 82' lang='lat' dir='ltr'><strong>rectis</strong></span> <span class='ocrx_word' id='word_1_750' title='bbox 1015 5407 1228 5461; x_wconf 84' lang='lat' dir='ltr'><strong>semper</strong></span> <span class='ocrx_word' id='word_1_751' title='bbox 1259 5392 1414 5445; x_wconf 82' lang='lat' dir='ltr'><strong>lineis</strong></span> <span class='ocrx_word' id='word_1_752' title='bbox 1449 5395 1830 5462; x_wconf 82' lang='lat' dir='ltr'><strong>processisset.</strong></span> 
     </span>
    </p>
   </div>
   <div class='ocr_carea' id='block_1_113' title="bbox 495 5482 1998 5556">
    <p class='ocr_par' dir='ltr' id='par_1_113' title="bbox 495 5482 1998 5556">
     <span class='ocr_line' id='line_1_118' title="bbox 495 5482 1998 5556; baseline 0.003 -20"><span class='ocrx_word' id='word_1_753' title='bbox 495 5482 624 5549; x_wconf 80' lang='lat' dir='ltr'><strong>Pag.</strong></span> <span class='ocrx_word' id='word_1_754' title='bbox 653 5483 743 5539; x_wconf 88' lang='lat'><strong>89.</strong></span> <span class='ocrx_word' id='word_1_755' title='bbox 791 5485 1115 5540; x_wconf 78' lang='grc' dir='ltr'><strong>Γευστικαὶ</strong></span> <span class='ocrx_word' id='word_1_756' title='bbox 1165 5484 1854 5556; x_wconf 70' lang='grc' dir='ltr'><strong>ποιότητες.,Αι·ἰειοιεΙθδ</strong></span> <span class='ocrx_word' id='word_1_757' title='bbox 1908 5500 1998 5540; x_wconf 85' lang='lat' dir='ltr'><strong>eo-</strong></span> 
     </span>
    </p>
   </div>
   <div class='ocr_carea' id='block_1_114' title="bbox 426 5553 1994 5621">
    <p class='ocr_par' dir='ltr' id='par_1_114' title="bbox 426 5553 1994 5621">
     <span class='ocr_line' id='line_1_119' title="bbox 426 5553 1994 5621; baseline 0.003 -15"><span class='ocrx_word' id='word_1_758' title='bbox 426 5553 546 5606; x_wconf 86' lang='lat' dir='ltr'><strong>dem</strong></span> <span class='ocrx_word' id='word_1_759' title='bbox 586 5559 741 5609; x_wconf 84' lang='lat' dir='ltr'><strong>modo</strong></span> <span class='ocrx_word' id='word_1_760' title='bbox 777 5567 1018 5610; x_wconf 73' lang='lat' dir='ltr'><strong>recenset</strong></span> <span class='ocrx_word' id='word_1_761' title='bbox 1051 5557 1141 5610; x_wconf 89' lang='lat' dir='ltr'><strong>lib.</strong></span> <span class='ocrx_word' id='word_1_762' title='bbox 1169 5572 1205 5610; x_wconf 91' lang='grc' dir='ltr'><strong>ιι</strong></span> <span class='ocrx_word' id='word_1_763' title='bbox 1232 5555 1309 5611; x_wconf 85' lang='lat' dir='ltr'><strong>De</strong></span> <span class='ocrx_word' id='word_1_764' title='bbox 1336 5553 1518 5610; x_wconf 70' lang='lat' dir='ltr'><strong>animo</strong></span> <span class='ocrx_word' id='word_1_765' title='bbox 1540 5573 1591 5612; x_wconf 91' lang='lat' dir='ltr'><strong>c.</strong></span> <span class='ocrx_word' id='word_1_766' title='bbox 1620 5558 1706 5613; x_wconf 89' lang='lat' dir='ltr'><strong>I0.</strong></span> <span class='ocrx_word' id='word_1_767' title='bbox 1733 5560 1821 5612; x_wconf 81' lang='lat' dir='ltr'><strong>Ait</strong></span> <span class='ocrx_word' id='word_1_768' title='bbox 1846 5571 1994 5621; x_wconf 86' lang='lat' dir='ltr'><strong>vero,</strong></span> 
     </span>
    </p>
   </div>
   <div class='ocr_carea' id='block_1_115' title="bbox 425 5626 1994 5694">
    <p class='ocr_par' dir='ltr' id='par_1_115' title="bbox 425 5626 1994 5694">
     <span class='ocr_line' id='line_1_120' title="bbox 425 5626 1994 5694; baseline 0.003 -20"><span class='ocrx_word' id='word_1_769' title='bbox 425 5626 908 5694; x_wconf 78' lang='lat' dir='ltr'><strong>exquisitissimam</strong></span> <span class='ocrx_word' id='word_1_770' title='bbox 949 5642 1068 5682; x_wconf 88' lang='lat' dir='ltr'><strong>esse</strong></span> <span class='ocrx_word' id='word_1_771' title='bbox 1103 5637 1342 5682; x_wconf 86' lang='lat' dir='ltr'><strong>nostram</strong></span> <span class='ocrx_word' id='word_1_772' title='bbox 1375 5629 1626 5694; x_wconf 79' lang='lat' dir='ltr'><strong>gustandi</strong></span> <span class='ocrx_word' id='word_1_773' title='bbox 1661 5627 1994 5694; x_wconf 78' lang='lat' dir='ltr'><strong>facultatem,</strong></span> 
     </span>
    </p>
   </div>
   <div class='ocr_carea' id='block_1_116' title="bbox 421 5691 1995 5772">
    <p class='ocr_par' dir='ltr' id='par_1_116' title="bbox 421 5691 1995 5772">
     <span class='ocr_line' id='line_1_121' title="bbox 421 5691 1995 5772; baseline 0.003 -25"><span class='ocrx_word' id='word_1_774' title='bbox 421 5691 510 5772; x_wconf 44' lang='lat' dir='ltr'><strong>63d</strong></span> <span class='ocrx_word' id='word_1_775' title='bbox 546 5694 608 5772; x_wconf 66' lang='lat' dir='ltr'><strong>13b</strong></span> <span class='ocrx_word' id='word_1_776' title='bbox 642 5695 813 5772; x_wconf 63' lang='grc' dir='ltr'>αῷτὴν</span> <span class='ocrx_word' id='word_1_777' title='bbox 843 5691 984 5772; x_wconf 69' lang='lat' dir='ltr'><strong>alvei.</strong></span> <span class='ocrx_word' id='word_1_778' title='bbox 1020 5697 1165 5772; x_wconf 71' lang='grc' dir='ltr'><strong>ᾁφήν</strong></span> <span class='ocrx_word' id='word_1_779' title='bbox 1202 5691 1587 5772; x_wconf 42' lang='grc' dir='ltr'>τιναηΕιξιιιιε</span> <span class='ocrx_word' id='word_1_780' title='bbox 1615 5691 1995 5772; x_wconf 58' lang='lat' dir='ltr'><strong>eti:nn__osten-l</strong></span> 
     </span>
    </p>
   </div>
   <div class='ocr_carea' id='block_1_117' title="bbox 423 5762 1995 5837">
    <p class='ocr_par' dir='ltr' id='par_1_117' title="bbox 423 5762 1995 5837">
     <span class='ocr_line' id='line_1_122' title="bbox 423 5762 1995 5837; baseline 0.001 -14"><span class='ocrx_word' id='word_1_781' title='bbox 423 5762 524 5829; x_wconf 79' lang='lat' dir='ltr'><strong>dil.</strong></span> <span class='ocrx_word' id='word_1_782' title='bbox 559 5762 831 5824; x_wconf 73' lang='lat' dir='ltr'><strong>hominem</strong></span> <span class='ocrx_word' id='word_1_783' title='bbox 863 5762 1208 5826; x_wconf 40' lang='lat' dir='ltr'><strong>anintal&#39;esse</strong></span> <span class='ocrx_word' id='word_1_784' title='bbox 1238 5770 1736 5837; x_wconf 75' lang='lat' dir='ltr'><strong>prudentissimum.</strong></span> <span class='ocrx_word' id='word_1_785' title='bbox 1781 5769 1995 5829; x_wconf 87' lang='lat' dir='ltr'><strong>Utinam</strong></span> 
     </span>
    </p>
   </div>
   <div class='ocr_carea' id='block_1_118' title="bbox 2101 3177 3690 3252">
    <p class='ocr_par' dir='ltr' id='par_1_118' title="bbox 2101 3177 3690 3252">
     <span class='ocr_line' id='line_1_123' title="bbox 2101 3177 3690 3252; baseline -0.002 -18"><span class='ocrx_word' id='word_1_786' title='bbox 2101 3177 2471 3252; x_wconf 38' lang='grc' dir='ltr'><strong>ιιίὶὲῇπτιλῑγῴ</strong></span> <span class='ocrx_word' id='word_1_787' title='bbox 2489 3178 2698 3252; x_wconf 14' lang='grc' dir='ltr'><strong>βοῖᾲτὴν</strong></span> <span class='ocrx_word' id='word_1_788' title='bbox 2730 3177 2920 3252; x_wconf 55' lang='grc' dir='ltr'>θυσίαν</span> <span class='ocrx_word' id='word_1_789' title='bbox 2951 3177 3312 3252; x_wconf 66' lang='grc' dir='ltr'><strong>ἀφωᾳιῴσατο</strong></span> <span class='ocrx_word' id='word_1_790' title='bbox 3328 3193 3344 3208; x_wconf 78' lang='grc' dir='ltr'><strong>ο</strong></span> <span class='ocrx_word' id='word_1_791' title='bbox 3359 3192 3690 3252; x_wconf 70' lang='lat' dir='ltr'><strong>quanquam</strong></span> 
     </span>
    </p>
   </div>
   <div class='ocr_carea' id='block_1_119' title="bbox 2099 3247 3690 3320">
    <p class='ocr_par' dir='ltr' id='par_1_119' title="bbox 2099 3247 3690 3320">
     <span class='ocr_line' id='line_1_124' title="bbox 2099 3247 3690 3320; baseline -0.001 -18"><span class='ocrx_word' id='word_1_792' title='bbox 2099 3251 2187 3304; x_wconf 87' lang='lat' dir='ltr'><strong>alii</strong></span> <span class='ocrx_word' id='word_1_793' title='bbox 2224 3249 2290 3304; x_wconf 90' lang='lat' dir='ltr'><strong>de</strong></span> <span class='ocrx_word' id='word_1_794' title='bbox 2314 3247 2541 3320; x_wconf 76' lang='lat' dir='ltr'><strong>integro</strong></span> <span class='ocrx_word' id='word_1_795' title='bbox 2577 3247 2896 3320; x_wconf 74' lang='lat' dir='ltr'><strong>hecatombo</strong></span> <span class='ocrx_word' id='word_1_796' title='bbox 2920 3248 3088 3320; x_wconf 87' lang='lat' dir='ltr'><strong>semel</strong></span> <span class='ocrx_word' id='word_1_797' title='bbox 3126 3247 3195 3301; x_wconf 92' lang='lat' dir='ltr'><strong>ab</strong></span> <span class='ocrx_word' id='word_1_798' title='bbox 3225 3261 3290 3303; x_wconf 86' lang='lat' dir='ltr'><strong>eo</strong></span> <span class='ocrx_word' id='word_1_799' title='bbox 3321 3247 3503 3303; x_wconf 89' lang='lat' dir='ltr'><strong>oblato</strong></span> <span class='ocrx_word' id='word_1_800' title='bbox 3535 3262 3690 3320; x_wconf 80' lang='lat' dir='ltr'><strong>men-</strong></span> 
     </span>
    </p>
   </div>
   <div class='ocr_carea' id='block_1_120' title="bbox 2100 3317 3732 3387">
    <p class='ocr_par' dir='ltr' id='par_1_120' title="bbox 2100 3317 3732 3387">
     <span class='ocr_line' id='line_1_125' title="bbox 2100 3317 3732 3387; baseline -0.001 -15"><span class='ocrx_word' id='word_1_801' title='bbox 2100 3321 2299 3373; x_wconf 90' lang='lat' dir='ltr'><strong>tionem</strong></span> <span class='ocrx_word' id='word_1_802' title='bbox 2343 3317 2564 3386; x_wconf 76' lang='lat' dir='ltr'><strong>faciant,</strong></span> <span class='ocrx_word' id='word_1_803' title='bbox 2595 3318 2800 3373; x_wconf 87' lang='lat' dir='ltr'><strong>scilicet</strong></span> <span class='ocrx_word' id='word_1_804' title='bbox 2833 3332 2964 3387; x_wconf 85' lang='lat' dir='ltr'><strong>cum</strong></span> <span class='ocrx_word' id='word_1_805' title='bbox 3015 3318 3330 3380; x_wconf 87' lang='lat' dir='ltr'><strong>invenisset,</strong></span> <span class='ocrx_word' id='word_1_806' title='bbox 3373 3333 3494 3387; x_wconf 69' lang='lat' dir='ltr'><strong>quae</strong></span> <span class='ocrx_word' id='word_1_807' title='bbox 3548 3317 3688 3370; x_wconf 87' lang='lat' dir='ltr'><strong>ratio</strong></span> <span class='ocrx_word' id='word_1_808' title='bbox 3727 3381 3732 3386; x_wconf 26' lang='grc' dir='ltr'>ι</span> 
     </span>
    </p>
   </div>
   <div class='ocr_carea' id='block_1_121' title="bbox 2096 3386 3686 3468">
    <p class='ocr_par' dir='ltr' id='par_1_121' title="bbox 2096 3386 3686 3468">
     <span class='ocr_line' id='line_1_126' title="bbox 2096 3386 3686 3468; baseline -0.003 -25"><span class='ocrx_word' id='word_1_809' title='bbox 2096 3399 2241 3468; x_wconf 77' lang='lat' dir='ltr'><strong>esset</strong></span> <span class='ocrx_word' id='word_1_810' title='bbox 2260 3390 2646 3468; x_wconf 67' lang='lat' dir='ltr'><strong>bypotbenusa:</strong></span> <span class='ocrx_word' id='word_1_811' title='bbox 2671 3387 2737 3440; x_wconf 87' lang='lat' dir='ltr'><strong>ad</strong></span> <span class='ocrx_word' id='word_1_812' title='bbox 2768 3386 2972 3468; x_wconf 79' lang='lat' dir='ltr'><strong>reliqua</strong></span> <span class='ocrx_word' id='word_1_813' title='bbox 2999 3387 3169 3468; x_wconf 71' lang='lat' dir='ltr'><strong>latera</strong></span> <span class='ocrx_word' id='word_1_814' title='bbox 3194 3386 3443 3468; x_wconf 76' lang='lat' dir='ltr'><strong>trianguli</strong></span> <span class='ocrx_word' id='word_1_815' title='bbox 3469 3395 3686 3468; x_wconf 76' lang='lat' dir='ltr'><strong>rectan-</strong></span> 
     </span>
    </p>
   </div>
   <div class='ocr_carea' id='block_1_122' title="bbox 2098 3457 3689 3528">
    <p class='ocr_par' dir='ltr' id='par_1_122' title="bbox 2098 3457 3689 3528">
     <span class='ocr_line' id='line_1_127' title="bbox 2098 3457 3689 3528; baseline -0.001 -16"><span class='ocrx_word' id='word_1_816' title='bbox 2098 3461 2228 3528; x_wconf 87' lang='lat' dir='ltr'><strong>guli.</strong></span> <span class='ocrx_word' id='word_1_817' title='bbox 2281 3457 2487 3514; x_wconf 70' lang='lat' dir='ltr'><strong>lievera</strong></span> <span class='ocrx_word' id='word_1_818' title='bbox 2522 3471 2682 3528; x_wconf 89' lang='lat' dir='ltr'><strong>omne</strong></span> <span class='ocrx_word' id='word_1_819' title='bbox 2707 3457 3310 3528; x_wconf 62' lang='lat' dir='ltr'><strong>extispicinmjnsuper</strong></span> <span class='ocrx_word' id='word_1_820' title='bbox 3350 3457 3559 3528; x_wconf 87' lang='lat' dir='ltr'><strong>habuit,</strong></span> <span class='ocrx_word' id='word_1_821' title='bbox 3599 3469 3689 3528; x_wconf 84' lang='lat' dir='ltr'><strong>so-</strong></span> 
     </span>
    </p>
   </div>
   <div class='ocr_carea' id='block_1_123' title="bbox 2097 3525 3688 3598">
    <p class='ocr_par' dir='ltr' id='par_1_123' title="bbox 2097 3525 3688 3598">
     <span class='ocr_line' id='line_1_128' title="bbox 2097 3525 3688 3598; baseline -0.002 -14"><span class='ocrx_word' id='word_1_822' title='bbox 2097 3525 2202 3584; x_wconf 79' lang='lat' dir='ltr'><strong>lam</strong></span> <span class='ocrx_word' id='word_1_823' title='bbox 2232 3528 2332 3584; x_wconf 88' lang='lat' dir='ltr'><strong>sibi</strong></span> <span class='ocrx_word' id='word_1_824' title='bbox 2366 3529 2580 3597; x_wconf 89' lang='lat' dir='ltr'><strong>reliquit</strong></span> <span class='ocrx_word' id='word_1_825' title='bbox 2603 3526 3027 3598; x_wconf 68' lang='grc' dir='ltr'><strong>ὀνειροπολικόν.</strong></span> <span class='ocrx_word' id='word_1_826' title='bbox 3053 3525 3376 3582; x_wconf 83' lang='lat' dir='ltr'><strong>Plutarchus</strong></span> <span class='ocrx_word' id='word_1_827' title='bbox 3413 3527 3491 3598; x_wconf 85' lang='lat' dir='ltr'><strong>ait</strong></span> <span class='ocrx_word' id='word_1_828' title='bbox 3519 3546 3532 3581; x_wconf 89' lang='lat'><strong>:</strong></span> <span class='ocrx_word' id='word_1_829' title='bbox 3571 3525 3688 3598; x_wconf 70' lang='lat' dir='ltr'><strong>Mo-</strong></span> 
     </span>
    </p>
   </div>
   <div class='ocr_carea' id='block_1_124' title="bbox 2097 3595 3689 3668">
    <p class='ocr_par' dir='ltr' id='par_1_124' title="bbox 2097 3595 3689 3668">
     <span class='ocr_line' id='line_1_129' title="bbox 2097 3595 3689 3668; baseline -0.002 -15"><span class='ocrx_word' id='word_1_830' title='bbox 2097 3616 2186 3653; x_wconf 87' lang='grc' dir='ltr'><strong>νον</strong></span> <span class='ocrx_word' id='word_1_831' title='bbox 2215 3599 2278 3654; x_wconf 77' lang='grc' dir='ltr'><strong>τὸ</strong></span> <span class='ocrx_word' id='word_1_832' title='bbox 2306 3595 2527 3653; x_wconf 75' lang='grc' dir='ltr'><strong>θυτικδν</strong></span> <span class='ocrx_word' id='word_1_833' title='bbox 2552 3599 2653 3652; x_wconf 84' lang='grc' dir='ltr'><strong>οὐκ</strong></span> <span class='ocrx_word' id='word_1_834' title='bbox 2683 3595 2947 3668; x_wconf 59' lang='grc' dir='ltr'><strong>ὲῩκρίνει.</strong></span> <span class='ocrx_word' id='word_1_835' title='bbox 2988 3597 3151 3653; x_wconf 87' lang='lat' dir='ltr'><strong>Certe</strong></span> <span class='ocrx_word' id='word_1_836' title='bbox 3194 3597 3385 3668; x_wconf 83' lang='lat' dir='ltr'><strong>Cicero</strong></span> <span class='ocrx_word' id='word_1_837' title='bbox 3419 3596 3512 3652; x_wconf 86' lang='lat' dir='ltr'><strong>lib.</strong></span> <span class='ocrx_word' id='word_1_838' title='bbox 3554 3613 3569 3652; x_wconf 95' lang='lat' dir='ltr'><strong>I</strong></span> <span class='ocrx_word' id='word_1_839' title='bbox 3611 3595 3689 3651; x_wconf 81' lang='lat' dir='ltr'><strong>De</strong></span> 
     </span>
    </p>
   </div>
   <div class='ocr_carea' id='block_1_125' title="bbox 2096 3666 3689 3738">
    <p class='ocr_par' dir='ltr' id='par_1_125' title="bbox 2096 3666 3689 3738">
     <span class='ocr_line' id='line_1_130' title="bbox 2096 3666 3689 3738; baseline -0.001 -14"><span class='ocrx_word' id='word_1_840' title='bbox 2096 3670 2412 3724; x_wconf 80' lang='lat' dir='ltr'><strong>dirinatione</strong></span> <span class='ocrx_word' id='word_1_841' title='bbox 2434 3671 2604 3736; x_wconf 91' lang='lat' dir='ltr'><strong>ipsum</strong></span> <span class='ocrx_word' id='word_1_842' title='bbox 2637 3666 2919 3738; x_wconf 80' lang='lat' dir='ltr'><strong>augurium</strong></span> <span class='ocrx_word' id='word_1_843' title='bbox 2939 3668 3323 3738; x_wconf 80' lang='lat' dir='ltr'><strong>comprobasse</strong></span> <span class='ocrx_word' id='word_1_844' title='bbox 3353 3666 3532 3738; x_wconf 83' lang='lat' dir='ltr'><strong>docet,</strong></span> <span class='ocrx_word' id='word_1_845' title='bbox 3561 3681 3689 3722; x_wconf 85' lang='lat' dir='ltr'><strong>nec-</strong></span> 
     </span>
    </p>
   </div>
   <div class='ocr_carea' id='block_1_126' title="bbox 2098 3737 3686 3808">
    <p class='ocr_par' dir='ltr' id='par_1_126' title="bbox 2098 3737 3686 3808">
     <span class='ocr_line' id='line_1_131' title="bbox 2098 3737 3686 3808; baseline -0.001 -14"><span class='ocrx_word' id='word_1_846' title='bbox 2098 3756 2204 3794; x_wconf 85' lang='lat' dir='ltr'><strong>non</strong></span> <span class='ocrx_word' id='word_1_847' title='bbox 2239 3741 2498 3808; x_wconf 80' lang='lat' dir='ltr'><strong>Diogenes</strong></span> <span class='ocrx_word' id='word_1_848' title='bbox 2527 3737 2807 3799; x_wconf 83' lang='lat' dir='ltr'><strong>Laertius;</strong></span> <span class='ocrx_word' id='word_1_849' title='bbox 2854 3737 3185 3808; x_wconf 82' lang='lat' dir='ltr'><strong>Porphyrius</strong></span> <span class='ocrx_word' id='word_1_850' title='bbox 3224 3751 3353 3808; x_wconf 85' lang='lat' dir='ltr'><strong>vero</strong></span> <span class='ocrx_word' id='word_1_851' title='bbox 3387 3737 3464 3808; x_wconf 88' lang='lat' dir='ltr'><strong>ait</strong></span> <span class='ocrx_word' id='word_1_852' title='bbox 3508 3738 3561 3808; x_wconf 88' lang='lat' dir='ltr'><strong>in</strong></span> <span class='ocrx_word' id='word_1_853' title='bbox 3595 3753 3686 3808; x_wconf 70' lang='lat' dir='ltr'><strong>sa-</strong></span> 
     </span>
    </p>
   </div>
   <div class='ocr_carea' id='block_1_127' title="bbox 2096 3806 3682 3878">
    <p class='ocr_par' dir='ltr' id='par_1_127' title="bbox 2096 3806 3682 3878">
     <span class='ocr_line' id='line_1_132' title="bbox 2096 3806 3682 3878; baseline -0.002 -14"><span class='ocrx_word' id='word_1_854' title='bbox 2096 3810 2317 3864; x_wconf 82' lang='lat' dir='ltr'><strong>criliciis</strong></span> <span class='ocrx_word' id='word_1_855' title='bbox 2342 3806 2511 3865; x_wconf 27' lang='lat' dir='ltr'><strong>‘usum</strong></span> <span class='ocrx_word' id='word_1_856' title='bbox 2538 3808 2861 3878; x_wconf 45' lang='lat' dir='ltr'><strong>disicit-optat</strong></span> <span class='ocrx_word' id='word_1_857' title='bbox 2893 3807 2988 3860; x_wconf 74' lang='grc' dir='ltr'><strong>καὶ</strong></span> <span class='ocrx_word' id='word_1_858' title='bbox 3019 3806 3130 3861; x_wconf 69' lang='grc' dir='ltr'><strong>τῶν</strong></span> <span class='ocrx_word' id='word_1_859' title='bbox 3160 3807 3359 3878; x_wconf 82' lang='grc' dir='ltr'>χοίρων</span> <span class='ocrx_word' id='word_1_860' title='bbox 3389 3806 3682 3861; x_wconf 78' lang='grc' dir='ltr'><strong>ἁπαλωτά-</strong></span> 
     </span>
    </p>
   </div>
   <div class='ocr_carea' id='block_1_128' title="bbox 2095 3877 3685 3947">
    <p class='ocr_par' dir='ltr' id='par_1_128' title="bbox 2095 3877 3685 3947">
     <span class='ocr_line' id='line_1_133' title="bbox 2095 3877 3685 3947; baseline -0.003 -13"><span class='ocrx_word' id='word_1_861' title='bbox 2095 3897 2228 3944; x_wconf 84' lang='grc' dir='ltr'>τοις.</span> <span class='ocrx_word' id='word_1_862' title='bbox 2259 3880 2412 3947; x_wconf 87' lang='lat' dir='ltr'><strong>Quod</strong></span> <span class='ocrx_word' id='word_1_863' title='bbox 2435 3879 2501 3933; x_wconf 90' lang='lat' dir='ltr'><strong>ad</strong></span> <span class='ocrx_word' id='word_1_864' title='bbox 2524 3877 2738 3933; x_wconf 63' lang='lat' dir='ltr'><strong>Iudaeos</strong></span> <span class='ocrx_word' id='word_1_865' title='bbox 2756 3877 2979 3944; x_wconf 83' lang='lat' dir='ltr'><strong>attinet,</strong></span> <span class='ocrx_word' id='word_1_866' title='bbox 3013 3877 3191 3933; x_wconf 64' lang='lat' dir='ltr'><strong>sacrae</strong></span> <span class='ocrx_word' id='word_1_867' title='bbox 3207 3878 3341 3946; x_wconf 82' lang='lat' dir='ltr'><strong>legis</strong></span> <span class='ocrx_word' id='word_1_868' title='bbox 3367 3878 3685 3946; x_wconf 69' lang='lat' dir='ltr'><strong>praescripto</strong></span> 
     </span>
    </p>
   </div>
   <div class='ocr_carea' id='block_1_129' title="bbox 2099 3947 3684 4017">
    <p class='ocr_par' dir='ltr' id='par_1_129' title="bbox 2099 3947 3684 4017">
     <span class='ocr_line' id='line_1_134' title="bbox 2099 3947 3684 4017; baseline -0.003 -13"><span class='ocrx_word' id='word_1_869' title='bbox 2099 3951 2269 4017; x_wconf 76' lang='lat' dir='ltr'><strong>inagis</strong></span> <span class='ocrx_word' id='word_1_870' title='bbox 2308 3949 2375 4002; x_wconf 92' lang='lat' dir='ltr'><strong>ab</strong></span> <span class='ocrx_word' id='word_1_871' title='bbox 2416 3950 2562 4003; x_wconf 91' lang='lat' dir='ltr'><strong>omni</strong></span> <span class='ocrx_word' id='word_1_872' title='bbox 2601 3949 2946 4004; x_wconf 86' lang='lat' dir='ltr'><strong>divinationis</strong></span> <span class='ocrx_word' id='word_1_873' title='bbox 2994 3948 3378 4016; x_wconf 88' lang='lat' dir='ltr'><strong>superstitione</strong></span> <span class='ocrx_word' id='word_1_874' title='bbox 3427 3947 3684 4002; x_wconf 83' lang='lat' dir='ltr'><strong>abhorre-</strong></span> 
     </span>
    </p>
   </div>
   <div class='ocr_carea' id='block_1_130' title="bbox 2098 4017 3682 4086">
    <p class='ocr_par' dir='ltr' id='par_1_130' title="bbox 2098 4017 3682 4086">
     <span class='ocr_line' id='line_1_135' title="bbox 2098 4017 3682 4086; baseline -0.001 -13"><span class='ocrx_word' id='word_1_875' title='bbox 2098 4021 2252 4084; x_wconf 82' lang='lat' dir='ltr'><strong>bant,</strong></span> <span class='ocrx_word' id='word_1_876' title='bbox 2319 4019 2485 4072; x_wconf 89' lang='lat' dir='ltr'><strong>variis</strong></span> <span class='ocrx_word' id='word_1_877' title='bbox 2535 4018 2774 4085; x_wconf 85' lang='lat' dir='ltr'><strong>eiusdem</strong></span> <span class='ocrx_word' id='word_1_878' title='bbox 2832 4017 3120 4086; x_wconf 88' lang='lat' dir='ltr'><strong>generibus</strong></span> <span class='ocrx_word' id='word_1_879' title='bbox 3173 4029 3426 4073; x_wconf 88' lang='lat' dir='ltr'><strong>accurate</strong></span> <span class='ocrx_word' id='word_1_880' title='bbox 3485 4017 3682 4072; x_wconf 88' lang='lat' dir='ltr'><strong>ibidem</strong></span> 
     </span>
    </p>
   </div>
   <div class='ocr_carea' id='block_1_131' title="bbox 2095 4086 3684 4143">
    <p class='ocr_par' dir='ltr' id='par_1_131' title="bbox 2095 4086 3684 4143">
     <span class='ocr_line' id='line_1_136' title="bbox 2095 4086 3684 4143; baseline -0.001 -1"><span class='ocrx_word' id='word_1_881' title='bbox 2095 4089 2448 4143; x_wconf 86' lang='lat' dir='ltr'><strong>enumeratis.</strong></span> <span class='ocrx_word' id='word_1_882' title='bbox 2502 4087 2736 4143; x_wconf 86' lang='lat' dir='ltr'><strong>Proinde</strong></span> <span class='ocrx_word' id='word_1_883' title='bbox 2789 4089 3022 4143; x_wconf 79' lang='lat' dir='ltr'><strong>Celebris</strong></span> <span class='ocrx_word' id='word_1_884' title='bbox 3069 4086 3382 4143; x_wconf 89' lang='lat' dir='ltr'><strong>Nosimachi</strong></span> <span class='ocrx_word' id='word_1_885' title='bbox 3451 4087 3684 4141; x_wconf 81' lang='lat' dir='ltr'><strong>habetur</strong></span> 
     </span>
    </p>
   </div>
   <div class='ocr_carea' id='block_1_132' title="bbox 2097 4157 3678 4228">
    <p class='ocr_par' dir='ltr' id='par_1_132' title="bbox 2097 4157 3678 4228">
     <span class='ocr_line' id='line_1_137' title="bbox 2097 4157 3678 4228; baseline -0.002 -14"><span class='ocrx_word' id='word_1_886' title='bbox 2097 4159 2342 4222; x_wconf 87' lang='lat' dir='ltr'><strong>historia,</strong></span> <span class='ocrx_word' id='word_1_887' title='bbox 2376 4159 2468 4228; x_wconf 91' lang='lat' dir='ltr'><strong>qui</strong></span> <span class='ocrx_word' id='word_1_888' title='bbox 2509 4159 2871 4212; x_wconf 75' lang='lat' dir='ltr'><strong>Alexandrum</strong></span> <span class='ocrx_word' id='word_1_889' title='bbox 2911 4160 2962 4212; x_wconf 93' lang='lat' dir='ltr'><strong>in</strong></span> <span class='ocrx_word' id='word_1_890' title='bbox 2990 4157 3266 4212; x_wconf 85' lang='lat' dir='ltr'><strong>Persidem</strong></span> <span class='ocrx_word' id='word_1_891' title='bbox 3307 4159 3678 4227; x_wconf 82' lang='lat' dir='ltr'><strong>sequebatur:</strong></span> 
     </span>
    </p>
   </div>
   <div class='ocr_carea' id='block_1_133' title="bbox 2095 4227 3680 4298">
    <p class='ocr_par' dir='ltr' id='par_1_133' title="bbox 2095 4227 3680 4298">
     <span class='ocr_line' id='line_1_138' title="bbox 2095 4227 3680 4298; baseline -0.001 -15"><span class='ocrx_word' id='word_1_892' title='bbox 2095 4244 2218 4284; x_wconf 90' lang='lat' dir='ltr'><strong>cum</strong></span> <span class='ocrx_word' id='word_1_893' title='bbox 2275 4227 2498 4298; x_wconf 83' lang='lat' dir='ltr'><strong>auspex,</strong></span> <span class='ocrx_word' id='word_1_894' title='bbox 2566 4231 2930 4296; x_wconf 84' lang='lat' dir='ltr'><strong>interrogatus</strong></span> <span class='ocrx_word' id='word_1_895' title='bbox 2973 4229 3039 4282; x_wconf 89' lang='lat' dir='ltr'><strong>de</strong></span> <span class='ocrx_word' id='word_1_896' title='bbox 3093 4227 3322 4293; x_wconf 89' lang='lat' dir='ltr'><strong>itinere,</strong></span> <span class='ocrx_word' id='word_1_897' title='bbox 3375 4236 3680 4282; x_wconf 85' lang='lat' dir='ltr'><strong>monstrata</strong></span> 
     </span>
    </p>
   </div>
   <div class='ocr_carea' id='block_1_134' title="bbox 2094 4298 3679 4368">
    <p class='ocr_par' dir='ltr' id='par_1_134' title="bbox 2094 4298 3679 4368">
     <span class='ocr_line' id='line_1_139' title="bbox 2094 4298 3679 4368; baseline -0.001 -16"><span class='ocrx_word' id='word_1_898' title='bbox 2094 4313 2194 4352; x_wconf 89' lang='lat' dir='ltr'><strong>ave</strong></span> <span class='ocrx_word' id='word_1_899' title='bbox 2223 4299 2608 4368; x_wconf 89' lang='lat' dir='ltr'><strong>respondisset,</strong></span> <span class='ocrx_word' id='word_1_900' title='bbox 2640 4298 2686 4353; x_wconf 90' lang='lat' dir='ltr'><strong>si</strong></span> <span class='ocrx_word' id='word_1_901' title='bbox 2713 4309 2928 4353; x_wconf 89' lang='lat' dir='ltr'><strong>maneat</strong></span> <span class='ocrx_word' id='word_1_902' title='bbox 2951 4299 3086 4361; x_wconf 82' lang='lat' dir='ltr'><strong>avis,</strong></span> <span class='ocrx_word' id='word_1_903' title='bbox 3123 4299 3470 4368; x_wconf 86' lang='lat' dir='ltr'><strong>manendum,</strong></span> <span class='ocrx_word' id='word_1_904' title='bbox 3504 4301 3548 4351; x_wconf 90' lang='lat' dir='ltr'><strong>si</strong></span> <span class='ocrx_word' id='word_1_905' title='bbox 3587 4312 3679 4350; x_wconf 83' lang='lat' dir='ltr'><strong>vo-</strong></span> 
     </span>
    </p>
   </div>
   <div class='ocr_carea' id='block_1_135' title="bbox 2098 4367 3680 4437">
    <p class='ocr_par' dir='ltr' id='par_1_135' title="bbox 2098 4367 3680 4437">
     <span class='ocr_line' id='line_1_140' title="bbox 2098 4367 3680 4437; baseline -0.001 -16"><span class='ocrx_word' id='word_1_906' title='bbox 2098 4370 2187 4436; x_wconf 87' lang='lat' dir='ltr'><strong>let,</strong></span> <span class='ocrx_word' id='word_1_907' title='bbox 2214 4367 2608 4437; x_wconf 87' lang='lat' dir='ltr'><strong>procedendum</strong></span> <span class='ocrx_word' id='word_1_908' title='bbox 2643 4386 2658 4423; x_wconf 89' lang='lat'><strong>:</strong></span> <span class='ocrx_word' id='word_1_909' title='bbox 2693 4369 2777 4420; x_wconf 86' lang='lat' dir='ltr'><strong>ille</strong></span> <span class='ocrx_word' id='word_1_910' title='bbox 2801 4369 2993 4437; x_wconf 72' lang='lat' dir='ltr'><strong>sagitta</strong></span> <span class='ocrx_word' id='word_1_911' title='bbox 3026 4383 3175 4422; x_wconf 90' lang='lat' dir='ltr'><strong>avem</strong></span> <span class='ocrx_word' id='word_1_912' title='bbox 3206 4367 3402 4436; x_wconf 75' lang='lat' dir='ltr'><strong>deiecit</strong></span> <span class='ocrx_word' id='word_1_913' title='bbox 3439 4377 3490 4421; x_wconf 89' lang='lat' dir='ltr'><strong>et</strong></span> <span class='ocrx_word' id='word_1_914' title='bbox 3529 4368 3680 4437; x_wconf 85' lang='lat' dir='ltr'><strong>iratis</strong></span> 
     </span>
    </p>
   </div>
   <div class='ocr_carea' id='block_1_136' title="bbox 2097 4433 3681 4510">
    <p class='ocr_par' dir='ltr' id='par_1_136' title="bbox 2097 4433 3681 4510">
     <span class='ocr_line' id='line_1_141' title="bbox 2097 4433 3681 4510; baseline -0.001 -18"><span class='ocrx_word' id='word_1_915' title='bbox 2097 4433 2406 4510; x_wconf 78' lang='lat' dir='ltr'><strong>auspicibus</strong></span> <span class='ocrx_word' id='word_1_916' title='bbox 2439 4439 2713 4510; x_wconf 80' lang='lat' dir='ltr'><strong>respondit</strong></span> <span class='ocrx_word' id='word_1_917' title='bbox 2741 4455 2753 4490; x_wconf 89' lang='lat'><strong>:</strong></span> <span class='ocrx_word' id='word_1_918' title='bbox 2780 4433 2904 4510; x_wconf 63' lang='grc' dir='ltr'>Πῷξ</span> <span class='ocrx_word' id='word_1_919' title='bbox 2933 4433 3087 4502; x_wconf 72' lang='grc' dir='ltr'>οὗτος</span> <span class='ocrx_word' id='word_1_920' title='bbox 3123 4438 3198 4510; x_wconf 84' lang='grc' dir='ltr'><strong>μὴ</strong></span> <span class='ocrx_word' id='word_1_921' title='bbox 3227 4433 3324 4510; x_wconf 60' lang='grc' dir='ltr'><strong>τῆν</strong></span> <span class='ocrx_word' id='word_1_922' title='bbox 3355 4435 3552 4490; x_wconf 76' lang='grc' dir='ltr'><strong>ἑαυτοῦ</strong></span> <span class='ocrx_word' id='word_1_923' title='bbox 3577 4454 3681 4510; x_wconf 69' lang='grc' dir='ltr'><strong>σω·</strong></span> 
     </span>
    </p>
   </div>
   <div class='ocr_carea' id='block_1_137' title="bbox 2093 4507 3677 4581">
    <p class='ocr_par' dir='ltr' id='par_1_137' title="bbox 2093 4507 3677 4581">
     <span class='ocr_line' id='line_1_142' title="bbox 2093 4507 3677 4581; baseline -0.002 -19"><span class='ocrx_word' id='word_1_924' title='bbox 2093 4507 2290 4581; x_wconf 79' lang='grc' dir='ltr'><strong>τηρῐαν</strong></span> <span class='ocrx_word' id='word_1_925' title='bbox 2322 4507 2714 4581; x_wconf 63' lang='grc' dir='ltr'><strong>τξρογινὼσκων</strong></span> <span class='ocrx_word' id='word_1_926' title='bbox 2755 4509 3017 4581; x_wconf 76' lang='grc' dir='ltr'><strong>ἡμέτερον</strong></span> <span class='ocrx_word' id='word_1_927' title='bbox 3067 4507 3343 4580; x_wconf 15' lang='grc' dir='ltr'><strong>συήμῲἐρὸν</strong></span> <span class='ocrx_word' id='word_1_928' title='bbox 3393 4509 3677 4581; x_wconf 31' lang='grc' dir='ltr'><strong>πρᾳαν-ήγ-</strong></span> 
     </span>
    </p>
   </div>
   <div class='ocr_carea' id='block_1_138' title="bbox 2093 4579 3680 4650">
    <p class='ocr_par' dir='ltr' id='par_1_138' title="bbox 2093 4579 3680 4650">
     <span class='ocr_line' id='line_1_143' title="bbox 2093 4579 3680 4650; baseline 0 -18"><span class='ocrx_word' id='word_1_929' title='bbox 2093 4580 2295 4648; x_wconf 86' lang='grc' dir='ltr'><strong>γειλεν;</strong></span> <span class='ocrx_word' id='word_1_930' title='bbox 2326 4579 2486 4634; x_wconf 85' lang='lat' dir='ltr'><strong>Certe</strong></span> <span class='ocrx_word' id='word_1_931' title='bbox 2519 4593 2826 4649; x_wconf 90' lang='lat' dir='ltr'><strong>quanquam</strong></span> <span class='ocrx_word' id='word_1_932' title='bbox 2859 4579 2994 4650; x_wconf 65' lang='lat' dir='ltr'><strong>d_o&#39;as</strong></span> <span class='ocrx_word' id='word_1_933' title='bbox 3023 4579 3315 4650; x_wconf 70' lang='lat' dir='ltr'><strong>prophetia:</strong></span> <span class='ocrx_word' id='word_1_934' title='bbox 3349 4594 3444 4634; x_wconf 87' lang='lat' dir='ltr'><strong>seu</strong></span> <span class='ocrx_word' id='word_1_935' title='bbox 3471 4579 3680 4650; x_wconf 82' lang='lat' dir='ltr'><strong>divina-</strong></span> 
     </span>
    </p>
   </div>
   <div class='ocr_carea' id='block_1_139' title="bbox 2097 4648 3676 4718">
    <p class='ocr_par' dir='ltr' id='par_1_139' title="bbox 2097 4648 3676 4718">
     <span class='ocr_line' id='line_1_144' title="bbox 2097 4648 3676 4718; baseline -0.001 -15"><span class='ocrx_word' id='word_1_936' title='bbox 2097 4652 2256 4704; x_wconf 90' lang='lat' dir='ltr'><strong>tionis</strong></span> <span class='ocrx_word' id='word_1_937' title='bbox 2299 4651 2506 4718; x_wconf 86' lang='lat' dir='ltr'><strong>species</strong></span> <span class='ocrx_word' id='word_1_938' title='bbox 2539 4648 2848 4718; x_wconf 79' lang='lat' dir='ltr'><strong>agnoscant</strong></span> <span class='ocrx_word' id='word_1_939' title='bbox 2875 4648 3065 4716; x_wconf 69' lang='lat' dir='ltr'><strong>Judaei,</strong></span> <span class='ocrx_word' id='word_1_940' title='bbox 3091 4650 3360 4704; x_wconf 89' lang='lat' dir='ltr'><strong>somnium</strong></span> <span class='ocrx_word' id='word_1_941' title='bbox 3405 4658 3460 4704; x_wconf 90' lang='lat' dir='ltr'><strong>et</strong></span> <span class='ocrx_word' id='word_1_942' title='bbox 3483 4648 3676 4718; x_wconf 74' lang='lat' dir='ltr'><strong>visio-</strong></span> 
     </span>
    </p>
   </div>
   <div class='ocr_carea' id='block_1_140' title="bbox 2095 4717 3669 4783">
    <p class='ocr_par' dir='ltr' id='par_1_140' title="bbox 2095 4717 3669 4783">
     <span class='ocr_line' id='line_1_145' title="bbox 2095 4717 3669 4783; baseline 0 -10"><span class='ocrx_word' id='word_1_943' title='bbox 2095 4734 2241 4783; x_wconf 87' lang='lat' dir='ltr'><strong>nem,</strong></span> <span class='ocrx_word' id='word_1_944' title='bbox 2295 4717 2352 4773; x_wconf 92' lang='lat' dir='ltr'><strong>ut</strong></span> <span class='ocrx_word' id='word_1_945' title='bbox 2401 4717 2603 4774; x_wconf 83' lang='lat' dir='ltr'><strong>diserte</strong></span> <span class='ocrx_word' id='word_1_946' title='bbox 2648 4718 2779 4774; x_wconf 89' lang='lat' dir='ltr'><strong>dicit</strong></span> <span class='ocrx_word' id='word_1_947' title='bbox 2831 4718 3081 4774; x_wconf 70' lang='lat' dir='ltr'><strong>illaimon.</strong></span> <span class='ocrx_word' id='word_1_948' title='bbox 3141 4720 3194 4773; x_wconf 92' lang='lat' dir='ltr'><strong>in</strong></span> <span class='ocrx_word' id='word_1_949' title='bbox 3243 4717 3390 4773; x_wconf 82' lang='lat' dir='ltr'><strong>More</strong></span> <span class='ocrx_word' id='word_1_950' title='bbox 3441 4717 3669 4773; x_wconf 77' lang='lat' dir='ltr'><strong>Nevoch.</strong></span> 
     </span>
    </p>
   </div>
   <div class='ocr_carea' id='block_1_141' title="bbox 2095 4788 3671 4860">
    <p class='ocr_par' dir='ltr' id='par_1_141' title="bbox 2095 4788 3671 4860">
     <span class='ocr_line' id='line_1_146' title="bbox 2095 4788 3671 4860; baseline 0 -18"><span class='ocrx_word' id='word_1_951' title='bbox 2095 4800 2236 4860; x_wconf 85' lang='lat' dir='ltr'><strong>part.</strong></span> <span class='ocrx_word' id='word_1_952' title='bbox 2281 4804 2341 4855; x_wconf 91' lang='grc' dir='ltr'><strong>ιι,</strong></span> <span class='ocrx_word' id='word_1_953' title='bbox 2376 4798 2564 4860; x_wconf 81' lang='lat' dir='ltr'><strong>tamen</strong></span> <span class='ocrx_word' id='word_1_954' title='bbox 2619 4788 2706 4843; x_wconf 88' lang='lat' dir='ltr'><strong>ille</strong></span> <span class='ocrx_word' id='word_1_955' title='bbox 2755 4794 2834 4843; x_wconf 90' lang='lat' dir='ltr'><strong>sic</strong></span> <span class='ocrx_word' id='word_1_956' title='bbox 2878 4800 3133 4858; x_wconf 87' lang='lat' dir='ltr'><strong>utrasque</strong></span> <span class='ocrx_word' id='word_1_957' title='bbox 3173 4788 3426 4860; x_wconf 80' lang='lat' dir='ltr'><strong>explicat,</strong></span> <span class='ocrx_word' id='word_1_958' title='bbox 3458 4797 3533 4860; x_wconf 23' lang='lat' dir='ltr'><strong>Aut</strong></span> <span class='ocrx_word' id='word_1_959' title='bbox 3565 4803 3671 4860; x_wconf 90' lang='lat' dir='ltr'><strong>non</strong></span> 
     </span>
    </p>
   </div>
   <div class='ocr_carea' id='block_1_142' title="bbox 2096 4856 3676 4925">
    <p class='ocr_par' dir='ltr' id='par_1_142' title="bbox 2096 4856 3676 4925">
     <span class='ocr_line' id='line_1_147' title="bbox 2096 4856 3676 4925; baseline -0.001 -12"><span class='ocrx_word' id='word_1_960' title='bbox 2096 4856 2320 4914; x_wconf 87' lang='lat' dir='ltr'><strong>inultum</strong></span> <span class='ocrx_word' id='word_1_961' title='bbox 2373 4858 2513 4913; x_wconf 86' lang='lat' dir='ltr'><strong>inter</strong></span> <span class='ocrx_word' id='word_1_962' title='bbox 2558 4861 2819 4914; x_wconf 87' lang='lat' dir='ltr'><strong>utramvis</strong></span> <span class='ocrx_word' id='word_1_963' title='bbox 2853 4856 3113 4914; x_wconf 81' lang='lat' dir='ltr'><strong>interesse</strong></span> <span class='ocrx_word' id='word_1_964' title='bbox 3160 4856 3380 4914; x_wconf 77' lang='lat' dir='ltr'><strong>dixeris.</strong></span> <span class='ocrx_word' id='word_1_965' title='bbox 3437 4856 3575 4925; x_wconf 85' lang='lat' dir='ltr'><strong>Quid</strong></span> <span class='ocrx_word' id='word_1_966' title='bbox 3605 4863 3676 4913; x_wconf 90' lang='lat' dir='ltr'><strong>sit</strong></span> 
     </span>
    </p>
   </div>
   <div class='ocr_carea' id='block_1_143' title="bbox 2094 4929 3675 4997">
    <p class='ocr_par' dir='ltr' id='par_1_143' title="bbox 2094 4929 3675 4997">
     <span class='ocr_line' id='line_1_148' title="bbox 2094 4929 3675 4997; baseline -0.001 -12"><span class='ocrx_word' id='word_1_967' title='bbox 2094 4931 2384 4992; x_wconf 88' lang='lat' dir='ltr'><strong>somnium,</strong></span> <span class='ocrx_word' id='word_1_968' title='bbox 2420 4929 2570 4984; x_wconf 83' lang='lat' dir='ltr'><strong>.dicit</strong></span> <span class='ocrx_word' id='word_1_969' title='bbox 2615 4944 2728 4982; x_wconf 91' lang='lat' dir='ltr'><strong>rem</strong></span> <span class='ocrx_word' id='word_1_970' title='bbox 2766 4937 2948 4984; x_wconf 86' lang='lat' dir='ltr'><strong>notam</strong></span> <span class='ocrx_word' id='word_1_971' title='bbox 2994 4943 3136 4996; x_wconf 90' lang='lat' dir='ltr'><strong>esse,</strong></span> <span class='ocrx_word' id='word_1_972' title='bbox 3187 4941 3244 4982; x_wconf 93' lang='lat' dir='ltr'><strong>ut</strong></span> <span class='ocrx_word' id='word_1_973' title='bbox 3292 4943 3397 4982; x_wconf 91' lang='lat' dir='ltr'><strong>non</strong></span> <span class='ocrx_word' id='word_1_974' title='bbox 3438 4943 3572 4997; x_wconf 82' lang='lat' dir='ltr'><strong>Opus</strong></span> <span class='ocrx_word' id='word_1_975' title='bbox 3603 4930 3675 4984; x_wconf 91' lang='lat' dir='ltr'><strong>sit</strong></span> 
     </span>
    </p>
   </div>
   <div class='ocr_carea' id='block_1_144' title="bbox 2096 4997 3675 5069">
    <p class='ocr_par' dir='ltr' id='par_1_144' title="bbox 2096 4997 3675 5069">
     <span class='ocr_line' id='line_1_149' title="bbox 2096 4997 3675 5069; baseline -0.003 -15"><span class='ocrx_word' id='word_1_976' title='bbox 2096 5016 2216 5054; x_wconf 87' lang='lat' dir='ltr'><strong>eam</strong></span> <span class='ocrx_word' id='word_1_977' title='bbox 2243 4999 2544 5069; x_wconf 65' lang='lat' dir='ltr'><strong>explicare;</strong></span> <span class='ocrx_word' id='word_1_978' title='bbox 2576 4999 2841 5056; x_wconf 89' lang='lat' dir='ltr'><strong>visionem</strong></span> <span class='ocrx_word' id='word_1_979' title='bbox 2880 5013 3010 5054; x_wconf 80' lang='lat' dir='ltr'><strong>vero</strong></span> <span class='ocrx_word' id='word_1_980' title='bbox 3047 4999 3126 5055; x_wconf 88' lang='lat' dir='ltr'><strong>sic</strong></span> <span class='ocrx_word' id='word_1_981' title='bbox 3151 4999 3411 5053; x_wconf 84' lang='lat' dir='ltr'><strong>describit</strong></span> <span class='ocrx_word' id='word_1_982' title='bbox 3445 5016 3461 5052; x_wconf 89' lang='lat'><strong>:</strong></span> <span class='ocrx_word' id='word_1_983' title='bbox 3501 4997 3566 5052; x_wconf 86' lang='lat' dir='ltr'><strong>In</strong></span> <span class='ocrx_word' id='word_1_984' title='bbox 3599 5001 3675 5052; x_wconf 80' lang='lat' dir='ltr'><strong>vi-</strong></span> 
     </span>
    </p>
   </div>
   <div class='ocr_carea' id='block_1_145' title="bbox 2094 5070 3673 5139">
    <p class='ocr_par' dir='ltr' id='par_1_145' title="bbox 2094 5070 3673 5139">
     <span class='ocr_line' id='line_1_150' title="bbox 2094 5070 3673 5139; baseline -0.002 -15"><span class='ocrx_word' id='word_1_985' title='bbox 2094 5071 2238 5124; x_wconf 80' lang='lat' dir='ltr'><strong>sione</strong></span> <span class='ocrx_word' id='word_1_986' title='bbox 2278 5070 2569 5135; x_wconf 71' lang='lat' dir='ltr'><strong>prophetia:</strong></span> <span class='ocrx_word' id='word_1_987' title='bbox 2604 5085 2786 5124; x_wconf 80' lang='lat' dir='ltr'><strong>sensus</strong></span> <span class='ocrx_word' id='word_1_988' title='bbox 2817 5084 2992 5123; x_wconf 85' lang='lat' dir='ltr'><strong>omnes</strong></span> <span class='ocrx_word' id='word_1_989' title='bbox 3015 5070 3308 5139; x_wconf 81' lang='lat' dir='ltr'><strong>quiescunt,</strong></span> <span class='ocrx_word' id='word_1_990' title='bbox 3345 5080 3389 5122; x_wconf 84' lang='lat' dir='ltr'><strong>et</strong></span> <span class='ocrx_word' id='word_1_991' title='bbox 3423 5070 3554 5122; x_wconf 81' lang='lat' dir='ltr'><strong>venit</strong></span> <span class='ocrx_word' id='word_1_992' title='bbox 3592 5070 3673 5121; x_wconf 87' lang='lat' dir='ltr'><strong>in-</strong></span> 
     </span>
    </p>
   </div>
   <div class='ocr_carea' id='block_1_146' title="bbox 2094 5139 3671 5210">
    <p class='ocr_par' dir='ltr' id='par_1_146' title="bbox 2094 5139 3671 5210">
     <span class='ocr_line' id='line_1_151' title="bbox 2094 5139 3671 5210; baseline 0 -18"><span class='ocrx_word' id='word_1_993' title='bbox 2094 5141 2313 5210; x_wconf 76' lang='lat' dir='ltr'><strong>ﬂuentia</strong></span> <span class='ocrx_word' id='word_1_994' title='bbox 2346 5139 2441 5192; x_wconf 86' lang='lat' dir='ltr'><strong>illa</strong></span> <span class='ocrx_word' id='word_1_995' title='bbox 2465 5154 2620 5210; x_wconf 82' lang='lat' dir='ltr'><strong>super</strong></span> <span class='ocrx_word' id='word_1_996' title='bbox 2652 5139 2969 5210; x_wconf 73' lang='lat' dir='ltr'><strong>facultatem</strong></span> <span class='ocrx_word' id='word_1_997' title='bbox 3002 5141 3332 5202; x_wconf 83' lang='lat' dir='ltr'><strong>rationalem,</strong></span> <span class='ocrx_word' id='word_1_998' title='bbox 3382 5150 3428 5191; x_wconf 85' lang='lat' dir='ltr'><strong>et</strong></span> <span class='ocrx_word' id='word_1_999' title='bbox 3475 5140 3538 5210; x_wconf 9' lang='lat' dir='ltr'><strong>amb</strong></span> <span class='ocrx_word' id='word_1_1000' title='bbox 3575 5140 3671 5192; x_wconf 75' lang='lat' dir='ltr'><strong>ista</strong></span> 
     </span>
    </p>
   </div>
   <div class='ocr_carea' id='block_1_147' title="bbox 2096 5209 3670 5280">
    <p class='ocr_par' dir='ltr' id='par_1_147' title="bbox 2096 5209 3670 5280">
     <span class='ocr_line' id='line_1_152' title="bbox 2096 5209 3670 5280; baseline -0.001 -18"><span class='ocrx_word' id='word_1_1001' title='bbox 2096 5209 2416 5280; x_wconf 62' lang='lat' dir='ltr'><strong>diifundimr</strong></span> <span class='ocrx_word' id='word_1_1002' title='bbox 2437 5210 2491 5280; x_wconf 83' lang='lat' dir='ltr'><strong>in</strong></span> <span class='ocrx_word' id='word_1_1003' title='bbox 2516 5209 2820 5280; x_wconf 65' lang='lat' dir='ltr'><strong>facultatem</strong></span> <span class='ocrx_word' id='word_1_1004' title='bbox 2849 5211 3292 5280; x_wconf 79' lang='lat' dir='ltr'><strong>imaginatricem.</strong></span> <span class='ocrx_word' id='word_1_1005' title='bbox 3329 5219 3435 5280; x_wconf 83' lang='lat' dir='ltr'><strong>etc.</strong></span> <span class='ocrx_word' id='word_1_1006' title='bbox 3481 5209 3670 5262; x_wconf 82' lang='lat' dir='ltr'><strong>Statim</strong></span> 
     </span>
    </p>
   </div>
   <div class='ocr_carea' id='block_1_148' title="bbox 2096 5278 3670 5350">
    <p class='ocr_par' dir='ltr' id='par_1_148' title="bbox 2096 5278 3670 5350">
     <span class='ocr_line' id='line_1_153' title="bbox 2096 5278 3670 5350; baseline 0 -20"><span class='ocrx_word' id='word_1_1007' title='bbox 2096 5278 2224 5335; x_wconf 72' lang='lat' dir='ltr'><strong>vero</strong></span> <span class='ocrx_word' id='word_1_1008' title='bbox 2259 5279 2476 5350; x_wconf 88' lang='lat' dir='ltr'><strong>subiicit</strong></span> <span class='ocrx_word' id='word_1_1009' title='bbox 2506 5280 2680 5350; x_wconf 88' lang='lat' dir='ltr'><strong>locum</strong></span> <span class='ocrx_word' id='word_1_1010' title='bbox 2721 5278 2919 5334; x_wconf 88' lang='lat' dir='ltr'><strong>Genes.</strong></span> <span class='ocrx_word' id='word_1_1011' title='bbox 2952 5278 3042 5343; x_wconf 70' lang='lat' dir='ltr'><strong>xv,</strong></span> <span class='ocrx_word' id='word_1_1012' title='bbox 3082 5279 3171 5341; x_wconf 68' lang='lat'><strong>1‘2,</strong></span> <span class='ocrx_word' id='word_1_1013' title='bbox 3205 5281 3294 5333; x_wconf 92' lang='lat' dir='ltr'><strong>ubi</strong></span> <span class='ocrx_word' id='word_1_1014' title='bbox 3335 5278 3670 5350; x_wconf 53' lang='lat' dir='ltr'><strong>dicimuse-</strong></span> 
     </span>
    </p>
   </div>
   <div class='ocr_carea' id='block_1_149' title="bbox 2095 5349 3672 5418">
    <p class='ocr_par' dir='ltr' id='par_1_149' title="bbox 2095 5349 3672 5418">
     <span class='ocr_line' id='line_1_154' title="bbox 2095 5349 3672 5418; baseline -0.001 -18"><span class='ocrx_word' id='word_1_1015' title='bbox 2095 5367 2193 5418; x_wconf 82' lang='lat' dir='ltr'><strong>por</strong></span> <span class='ocrx_word' id='word_1_1016' title='bbox 2225 5351 2395 5404; x_wconf 80' lang='lat' dir='ltr'><strong>irruit</strong></span> <span class='ocrx_word' id='word_1_1017' title='bbox 2429 5350 2485 5402; x_wconf 84' lang='lat' dir='ltr'><strong>in</strong></span> <span class='ocrx_word' id='word_1_1018' title='bbox 2516 5349 2869 5404; x_wconf 72' lang='lat' dir='ltr'><strong>Abte/ramum</strong></span> <span class='ocrx_word' id='word_1_1019' title='bbox 2893 5367 2914 5415; x_wconf 86' lang='lat'><strong><em>;</em></strong></span> <span class='ocrx_word' id='word_1_1020' title='bbox 2942 5351 3095 5417; x_wconf 86' lang='lat' dir='ltr'><strong>quod</strong></span> <span class='ocrx_word' id='word_1_1021' title='bbox 3153 5350 3312 5403; x_wconf 87' lang='lat' dir='ltr'><strong>latius</strong></span> <span class='ocrx_word' id='word_1_1022' title='bbox 3361 5349 3672 5418; x_wconf 56' lang='lat' dir='ltr'><strong>esst-quitur</strong></span> 
     </span>
    </p>
   </div>
   <div class='ocr_carea' id='block_1_150' title="bbox 2097 5417 3666 5544">
    <p class='ocr_par' dir='ltr' id='par_1_150' title="bbox 2097 5417 3666 5544">
     <span class='ocr_line' id='line_1_155' title="bbox 2097 5417 3666 5544; baseline -0.003 -70"><span class='ocrx_word' id='word_1_1023' title='bbox 2097 5423 2463 5544; x_wconf 69' lang='lat' dir='ltr'><strong>idem7auctor</strong></span> <span class='ocrx_word' id='word_1_1024' title='bbox 2506 5419 2560 5475; x_wconf 91' lang='lat' dir='ltr'><strong>in</strong></span> <span class='ocrx_word' id='word_1_1025' title='bbox 2607 5417 2775 5475; x_wconf 79' lang='lat' dir='ltr'><strong>Misne</strong></span> <span class='ocrx_word' id='word_1_1026' title='bbox 2810 5428 2942 5480; x_wconf 88' lang='lat' dir='ltr'><strong>tom.</strong></span> <span class='ocrx_word' id='word_1_1027' title='bbox 2988 5418 3030 5487; x_wconf 90' lang='grc'>1,</span> <span class='ocrx_word' id='word_1_1028' title='bbox 3069 5428 3123 5475; x_wconf 92' lang='lat' dir='ltr'><strong>et</strong></span> <span class='ocrx_word' id='word_1_1029' title='bbox 3150 5419 3344 5474; x_wconf 79' lang='lat' dir='ltr'><strong>lesude</strong></span> <span class='ocrx_word' id='word_1_1030' title='bbox 3388 5417 3666 5482; x_wconf 75' lang='lat' dir='ltr'><strong>llattoroli,</strong></span> 
     </span>
     <span class='ocr_line' id='line_1_156' title="bbox 2097 5505 2298 5544; baseline -0.005 0"><span class='ocrx_word' id='word_1_1031' title='bbox 2097 5505 2217 5544; x_wconf 85' lang='lat' dir='ltr'><strong>can.</strong></span> <span class='ocrx_word' id='word_1_1032' title='bbox 2284 5529 2298 5543; x_wconf 94' lang='lat'><strong>.</strong></span> 
     </span>
    </p>
   </div>
   <div class='ocr_carea' id='block_1_151' title="bbox 2096 5505 2298 5556">
    <p class='ocr_par' dir='ltr' id='par_1_151' title="bbox 2096 5505 2298 5556">
     <span class='ocr_line' id='line_1_157' title="bbox 2096 5505 2298 5556; baseline -0.015 -10"><span class='ocrx_word' id='word_1_1033' title='bbox 2096 5505 2217 5556; x_wconf 84' lang='lat' dir='ltr'><strong>cap.</strong></span> <span class='ocrx_word' id='word_1_1034' title='bbox 2246 5505 2298 5544; x_wconf 72' lang='lat'><strong>1.</strong></span> 
     </span>
    </p>
   </div>
   <div class='ocr_carea' id='block_1_152' title="bbox 2169 5557 3670 5629">
    <p class='ocr_par' dir='ltr' id='par_1_152' title="bbox 2169 5557 3670 5629">
     <span class='ocr_line' id='line_1_158' title="bbox 2169 5557 3670 5629; baseline -0.003 -15"><span class='ocrx_word' id='word_1_1035' title='bbox 2169 5561 2302 5616; x_wconf 90' lang='lat' dir='ltr'><strong>Ibid.</strong></span> <span class='ocrx_word' id='word_1_1036' title='bbox 2353 5559 2670 5629; x_wconf 76' lang='grc' dir='ltr'><strong>Ὠριγένης.</strong></span> <span class='ocrx_word' id='word_1_1037' title='bbox 2711 5557 2822 5614; x_wconf 85' lang='lat' dir='ltr'><strong>Hoc</strong></span> <span class='ocrx_word' id='word_1_1038' title='bbox 2856 5557 2996 5613; x_wconf 90' lang='lat' dir='ltr'><strong>inter</strong></span> <span class='ocrx_word' id='word_1_1039' title='bbox 3024 5560 3360 5629; x_wconf 84' lang='lat' dir='ltr'><strong>phantasiam</strong></span> <span class='ocrx_word' id='word_1_1040' title='bbox 3384 5565 3439 5612; x_wconf 90' lang='lat' dir='ltr'><strong>et</strong></span> <span class='ocrx_word' id='word_1_1041' title='bbox 3471 5569 3670 5610; x_wconf 80' lang='lat' dir='ltr'><strong>memo-</strong></span> 
     </span>
    </p>
   </div>
   <div class='ocr_carea' id='block_1_153' title="bbox 2101 5630 3666 5699">
    <p class='ocr_par' dir='ltr' id='par_1_153' title="bbox 2101 5630 3666 5699">
     <span class='ocr_line' id='line_1_159' title="bbox 2101 5630 3666 5699; baseline -0.002 -14"><span class='ocrx_word' id='word_1_1042' title='bbox 2101 5632 2235 5685; x_wconf 90' lang='lat' dir='ltr'><strong>riam</strong></span> <span class='ocrx_word' id='word_1_1043' title='bbox 2265 5632 2528 5686; x_wconf 85' lang='lat' dir='ltr'><strong>interesse</strong></span> <span class='ocrx_word' id='word_1_1044' title='bbox 2551 5631 2923 5699; x_wconf 88' lang='lat' dir='ltr'><strong>innuit,qnod,</strong></span> <span class='ocrx_word' id='word_1_1045' title='bbox 2948 5645 3072 5684; x_wconf 86' lang='lat' dir='ltr'><strong>cum</strong></span> <span class='ocrx_word' id='word_1_1046' title='bbox 3090 5630 3257 5683; x_wconf 89' lang='lat' dir='ltr'><strong>altera</strong></span> <span class='ocrx_word' id='word_1_1047' title='bbox 3279 5645 3365 5685; x_wconf 89' lang='lat' dir='ltr'><strong>res</strong></span> <span class='ocrx_word' id='word_1_1048' title='bbox 3391 5637 3666 5699; x_wconf 68' lang='lat' dir='ltr'><strong>perceptas</strong></span> 
     </span>
    </p>
   </div>
   <div class='ocr_carea' id='block_1_154' title="bbox 2101 5693 3658 5770">
    <p class='ocr_par' dir='ltr' id='par_1_154' title="bbox 2101 5693 3658 5770">
     <span class='ocr_line' id='line_1_160' title="bbox 2101 5693 3658 5770; baseline -0.003 -15"><span class='ocrx_word' id='word_1_1049' title='bbox 2101 5701 2253 5770; x_wconf 88' lang='lat' dir='ltr'><strong>(nihil</strong></span> <span class='ocrx_word' id='word_1_1050' title='bbox 2289 5701 2430 5755; x_wconf 91' lang='lat' dir='ltr'><strong>enim</strong></span> <span class='ocrx_word' id='word_1_1051' title='bbox 2464 5701 2598 5755; x_wconf 89' lang='lat' dir='ltr'><strong>alias</strong></span> <span class='ocrx_word' id='word_1_1052' title='bbox 2629 5702 2727 5753; x_wconf 87' lang='lat' dir='ltr'><strong>nisi</strong></span> <span class='ocrx_word' id='word_1_1053' title='bbox 2765 5693 2859 5769; x_wconf 74' lang='lat' dir='ltr'><strong>per</strong></span> <span class='ocrx_word' id='word_1_1054' title='bbox 2885 5710 3066 5766; x_wconf 89' lang='lat' dir='ltr'><strong>portas</strong></span> <span class='ocrx_word' id='word_1_1055' title='bbox 3094 5712 3344 5754; x_wconf 83' lang='lat' dir='ltr'><strong>sensuum</strong></span> <span class='ocrx_word' id='word_1_1056' title='bbox 3371 5693 3439 5770; x_wconf 71' lang='lat' dir='ltr'><strong>ad</strong></span> <span class='ocrx_word' id='word_1_1057' title='bbox 3464 5693 3575 5770; x_wconf 74' lang='lat' dir='ltr'><strong>bas</strong></span> <span class='ocrx_word' id='word_1_1058' title='bbox 3597 5693 3658 5751; x_wconf 79' lang='lat' dir='ltr'><strong>fs-</strong></span> 
     </span>
    </p>
   </div>
   <div class='ocr_carea' id='block_1_155' title="bbox 2099 5766 3667 5842">
    <p class='ocr_par' dir='ltr' id='par_1_155' title="bbox 2099 5766 3667 5842">
     <span class='ocr_line' id='line_1_161' title="bbox 2099 5766 3667 5842; baseline -0.001 -14"><span class='ocrx_word' id='word_1_1059' title='bbox 2099 5766 2326 5828; x_wconf 76' lang='lat' dir='ltr'><strong>cultates</strong></span> <span class='ocrx_word' id='word_1_1060' title='bbox 2361 5773 2624 5842; x_wconf 79' lang='lat' dir='ltr'><strong>pervenit)</strong></span> <span class='ocrx_word' id='word_1_1061' title='bbox 2651 5766 2788 5826; x_wconf 82' lang='lat' dir='ltr'><strong>novo</strong></span> <span class='ocrx_word' id='word_1_1062' title='bbox 2824 5771 3008 5828; x_wconf 83' lang='lat' dir='ltr'><strong>habitu</strong></span> <span class='ocrx_word' id='word_1_1063' title='bbox 3034 5769 3246 5837; x_wconf 78' lang='lat' dir='ltr'><strong>indutus</strong></span> <span class='ocrx_word' id='word_1_1064' title='bbox 3280 5766 3433 5841; x_wconf 87' lang='lat' dir='ltr'><strong>quasi</strong></span> <span class='ocrx_word' id='word_1_1065' title='bbox 3463 5767 3516 5821; x_wconf 89' lang='lat' dir='ltr'><strong>in</strong></span> <span class='ocrx_word' id='word_1_1066' title='bbox 3546 5779 3667 5827; x_wconf 83' lang='lat' dir='ltr'><strong>sce-</strong></span> 
     </span>
    </p>
   </div>
  </div>
