3884 6268
287 406 3516 457 W

1503 602 1678 646 cmca
1711 602 1932 648 ANNUM
1961 605 2177 648 DOMINI
2205 607 2302 648 CD.

1033 935 1227 1105 B.
1355 933 2788 1116 HIEBONYMUS

1512 1243 1930 1301 THEOLOGUS
1976 1244 2299 1302 GH/ECUS.

1871 1469 1939 1483 ἀ

1003 1681 1708 1795 NOTITIA
1812 1686 2791 1815 HISTOBICA.

883 1938 1213 2006 (Cautum,
1269 1938 1508 1995 Veterum
1558 1940 1779 1996 Patrum
1833 1941 2123 2012 Biblioth.',
2167 1954 2204 2002 Ι.
2249 1945 2368 2011 Vll,
2410 1947 2656 2018 Proleg.,
2700 1964 2750 2019 p.
2801 1948 2925 2021 18.)

359 2439 400 2496 Ι.
427 2439 599 2494 Pauca
637 2448 761 2493 sunt
793 2439 1076 2494 admodum
1106 2455 1224 2510 qua:
1252 2443 1316 2496 de
1340 2442 1662 2516 Hieronymo
1697 2447 1849 2500 theo-
1881 2453 1928 2507 Α
1961 2445 2238 2517 Dialogum
2269 2451 2332 2502 de
2361 2457 2543 2502 sancta
2578 2448 2833 2502 Trimtate
2869 2457 3004 2502 inter
3027 2451 3275 2505 Judauna
3296 2462 3343 2506 et
3367 2451 3523 2509 Chri-

287 2529 409 2607 ιοεο
462 2529 648 2584 Graeco
696 2530 915 2584 dicenda
977 2542 1285 2586 occurrant.
1336 2534 1411 2588 Ex
1468 2537 1857 2603 antiquioribus
1963 2539 2221 2602 stianmn;
2264 2554 2492 2608 eumque
2529 2539 2853 2608 descriptum
2893 2555 2924 2594 e
2963 2541 3148 2596 codice
3190 2543 3526 2596 bibliotheca

285 2629 404 2693 ejus
435 2621 679 2682 meminit
727 2637 865 2680 unus
908 2622 1142 2683 Joannes
1179 2625 1556 2692 Damascenns.
1586 2630 1674 2699 qui
1719 2650 1854 2702 πρε-

287 2717 547 2788 σϐύτερον
582 2717 967 2789 Ἱεροσολύμων
1011 2721 1182 2788 ipsum
1223 2720 1452 2789 appellat
1481 2719 1578 2790 (α).
1619 2720 1684 2774 Et
1720 2721 1859 2776 hanc

290 2821 425 2860 sane
463 2806 922 2861 nomenclaturam
974 2809 1181 2860 auctori
1232 2818 1416 2860 nostro
1455 2807 1649 2860 asserit
1691 2808 1858 2860 codex

287 2915 428 2953 Lux
469 2899 912 2953 mcmbranaceus
948 2899 1284 2952 bibliothecae
1332 2897 1674 2952 Coisliniante
1719 2896 1858 2965 apud

290 2989 744 3043 llntttl‘aucouium
769 2993 873 3057 (b);
899 2992 990 3059 qui
1019 3005 1126 3059 prae
1147 2988 1675 3043 caeteris'l‘lteodoriti
1702 2987 1861 3040 inter-

291 3081 648 3151 pretationem
675 3081 728 3134 in
753 3079 992 3134 Psalmos
1033 3097 1096 3135 et.
1135 3079 1530 3147 complectitur,
1569 3079 1762 3132 additis
1792 3077 1858 3130 ad

294 3169 586 3238 marginem
647 3169 866 3224 scholiis
919 3186 982 3223 ex
1028 3169 1189 3224 variis
1231 3168 1499 3234 Patribus,
1550 3184 1682 3236 quos
1721 3169 1861 3222 inter

300 3261 651 3330 Hieronymus
673 3261 934 3331 presbyter
958 3261 1480 3330 Hierosolymitanus.
1509 3260 1734 3327 Coojicit
1763 3275 1859 3312 au-

297 3363 402 3405 tem
428 3352 633 3406 Caveus
662 3351 756 3421 (c),
781 3352 1098 3420 scriptorem
1133 3367 1239 3417 quo
1261 3352 1326 3405 de
1357 3351 1584 3420 agimus,
1611 3351 1856 3404 eumdem

295 3457 419 3495 esse
446 3452 606 3510 atque
633 3440 1015 3512 Hieronymum
1047 3443 1414 3511 presbyterum
1437 3451 1492 3495 et
1517 3433 1859 3504 monachum.

294 3534 512 3586 natione
563 3533 879 3597 Dalmatam,
913 3533 1004 3602 qui
1050 3533 1433 3586 monachorum
1489 3530 1859 3602 Egyptiorum

298 3623 574 3677 historiam
601 3625 882 3691 scripsisse
907 3623 1219 3692 perhibetur
1241 3623 1384 3692 apud
1407 3621 1664 3692 Cangium
1695 3622 1748 3674 in
1777 3635 1863 3674 co-

295 3713 416 3767 dice
455 3727 654 3767 uccxut
709 3713 1042 3767 bibliothecae
1094 3712 1430 3777 Colbertinaa,
1477 3713 1563 3766 ubi
1616 3712 1692 3766 sic
1727 3710 1860 3779 legi:

1960 2625 2222 2682 Friderici
2263 2627 2642 2697 Lindenbrogii
2680 2643 2742 2680 ac
2779 2627 2965 2683 Latine
3015 2630 3277 2684 redditum
3321 2631 3526 2698 primus

1959 2721 2011 2772 in
2051 2719 2219 2772 lucem
2259 2719 2442 2773 extulit
2488 2717 2710 2772 Parisiis
2757 2733 2897 2771 anno
2932 2717 3070 2772 l6l2
3096 2718 3384 2774 Federicus
3414 2719 3525 2774 Hoc

1959 2809 2122 2863 rellus
2163 2825 2177 2860 :
2222 2809 2315 2877 qui
2344 2815 2602 2876 przetcrea
2631 2808 3034 2875 quatuordecim
3064 2819 3186 2862 ante
3219 2825 3390 2864 annos
3419 2811 3524 2865 ibi-

1959 2899 2080 2953 dem
2111 2899 2388 2968 evulgarat
2427 2899 2662 2966 ejusdem
2710 2898 2947 2951 auctoris
2989 2899 3430 2953 Commentarium
3458 2902 3524 2955 de

1959 2991 2144 3059 effectu
2185 2989 2423 3058 baptismi
2467 2999 2514 3043 et
2557 2991 2692 3043 notis
2736 2987 3046 3042 Christiani.
3103 2990 3362 3060 Deinceps
3398 3005 3526 3044 vero

1963 3091 2248 3149 utrumque
2307 3079 2622 3148 opusculum
2681 3077 2866 3147 paucis
2924 3076 3120 3143 visum,
3163 3079 3291 3148 quin
3331 3090 3384 3134 et
3436 3081 3527 3136 vix

1960 3170 2245 3224 millesimo
2277 3179 2480 3234 notum,
2509 3178 2564 3223 ut
2600 3184 2719 3223 cum
2753 3168 2968 3222 Bartbio
3005 3168 3212 3238 loquar,
3253 3170 3392 3241 typis
3423 3171 3526 3224 ite-

1969 3277 2086 3314 rum
2114 3259 2382 3314 commisit
2409 3259 2640 3330 Cygneze
2673 3259 3014 3315 Christianus
3051 3260 3302 3314 Daumius
3332 3279 3346 3315 :
3381 3262 3530 3330 prius

1969 3353 2182 3419 quidem
2208 3365 2350 3404 anno
2391 3349 2550 3415 H577,
2584 3351 2852 3419 posterius
2894 3366 3025 3406 vero
3069 3350 3226 3409 1680.
3271 3351 3530 3408 Εηιθηώιο

1965 3443 2101 3495 tiora
2142 3441 2355 3495 demum
2391 3441 2635 3510 pluribus
2674 3443 2725 3496 in
2755 3443 2888 3498 locis
2912 3443 3153 3498 subsidio
3191 3457 3290 3496 ms.
3325 3443 3525 3497 codicis

1963 3532 2362 3586 membranacei
2413 3531 2750 3586 bibliotheca
2797 3531 3049 3587 Joannete
3106 3531 3526 3601 Hamburgeasis

1963 3619 2208 3674 exhibuit
2259 3619 2492 3674 Joannes
2556 3620 2807 3676 hlbertus
2850 3621 3125 3676 Fabricius
3184 3621 3258 3691 (g)
3309 3638 3324 3675 :
3375 3622 3529 3689 cujus

1965 3721 2247 3779 propterea
2276 3712 2567 3766 editionem
2609 3726 2730 3766 cum
2770 3712 3062 3767 Daumiana
3099 3714 3347 3768 collatam
3383 3713 3531 3781 prelo

298 3814 385 3857 tur
423 3803 499 3874 (rt)
538 3823 552 3858 :
595 3804 783 3877 Ἑτέρα
822 3806 1025 3876 ἱστορία
1059 3807 1138 3868 εἰς
1181 3807 1308 3870 τοὺς
1347 3806 1496 3876 βίους
1546 3805 1656 3859 τῶν
1691 3804 1859 3873 ἁγίων

1967 3801 2310 3855 tradidimus.
2337 3801 2405 3854 At
2436 3816 2568 3856 vero
2595 3803 2734 3856 haud
2765 3803 3032 3872 integrum
3082 3805 3312 3859 edidisse
3343 3804 3533 3858 Morel-

297 3897 393 3967 εῆς
420 3896 712 3965 Αἰγύπτου,
739 3900 1110 3968 συγγραφεῖσα
1144 3897 1290 3970 παρὰ
1327 3897 1650 3970 Ἱερωνύμου
1687 3914 1854 3968 μονα-

1964 3888 2072 3942 lum
2131 3889 2434 3958 hujusmodi
2473 3889 2787 3960 Hieronymi
2826 3890 3104 3962 Dialogum
3152 3893 3216 3946 de
3255 3889 3531 3957 Lt'rinitate,

296 3987 392 4057 χοῦ
423 3989 516 4041 καὶ
552 3989 918 4060 πρεσϐυτέρου
948 3990 1040 4043 τοῦ
1061 3992 1125 4044 ὲκ
1153 3990 1483 4060 Δαλματίας.
1519 3989 1702 4043 Exstat
1732 4003 1858 4042 vero

1965 3993 2031 4032 ex
2059 3977 2265 4033 Joanne
2294 3978 2625 4034 Damasceno
2664 3989 2998 4049 compertum
3039 3981 3318 4044 habemus.
3343 3981 3430 4050 qui
3463 3996 3531 4034 ex

296 4079 482 4132 eadem
510 4078 729 4132 historia
758 4080 920 4132 etiam
956 4080 1007 4132 in
1052 4079 1235 4133 codice
1279 4093 1484 4132 uxxtn
1525 4077 1859 4131 bibliothecae
1963 4070 2148 4124 eodem
2205 4070 2425 4137 Dialogo
2475 4069 2832 4134 fragmentum
2871 4071 3086 4132 recitat.
3117 4071 3170 4124 in
3205 4073 3362 4126 editis
3401 4087 3532 4126 nus-

297 4167 639 4224 Coislinianze
694 4184 853 4237 quam
903 4170 1062 4224 modo
1120 4170 1484 4232 laudavimus,
1539 4168 1697 4236 paulo
1757 4167 1858 4221 ali-

299 4272 381 4316 ter
428 4263 499 4316 ita
547 4262 799 4332 inscripta
841 4263 910 4334 (e)
955 4281 969 4317 :
1014 4262 1330 4334 Ἱερωνύμου
1369 4263 1402 4331 ὴ
1449 4260 1568 4313 κατ’
1589 4261 1860 4328 Αἴγυπτον

297 4349 529 4420 ἱστορία.
566 4350 730 4403 Porro
751 4352 792 4405 si
821 4351 1080 4419 ejusmodi
1103 4350 1464 4417 conjecturam
1489 4347 1860 4408 admittamus,

298 4454 419 4508 quze
446 4457 474 4492 a
497 4441 720 4493 veritate
752 4439 890 4493 haud
921 4440 1077 4508 longe
1105 4440 1294 4493 abesse
1324 4436 1554 4500 videtur,
1592 4433 1864 4490 scribebat

301 4531 466 4600 igitur
489 4541 681 4584 auctor
717 4528 1014 4598 Theodosio
1042 4526 1233 4596 Magno
1272 4525 1589 4593 imperante,
1621 4530 1679 4576 ut
1719 4522 1864 4602 ipse-

303 4629 413 4673 met
475 4628 701 4674 testatur
765 4617 816 4670 in
883 4615 1002 4670 Vita
1051 4615 1275 4669 Joannis
1333 4613 1553 4666 abbatis.
1601 4610 1656 4666 In
1707 4612 1865 4665 aliam

305 4717 482 4760 tamen
543 4707 741 4762 abiisse
785 4705 1090 4760 Fabricium
1142 4705 1460 4759 sententiam
1521 4702 1597 4770 (Ῑ)
1651 4701 1716 4756 de
1770 4701 1872 4755 hoc

308 4797 551 4852 historize
580 4797 964 4852 monachorum
1000 4795 1372 4866 Egyptiorum
1401 4794 1668 4861 scriptore
1706 4791 1864 4846 intel-

308 4885 546 4955 ligimus.

1897 4893 1943 4951 C

1966 4161 2106 4226 piam
2137 4173 2456 4226 comparens
2488 4180 2500 4213 :
2531 4158 2764 4227 illudque
2786 4159 3012 4229 proinde
3034 4161 3246 4230 utrique
3275 4161 3533 4228 opusculo

1966 4256 2085 4317 post
2130 4247 2440 4302 Fabricium
2494 4249 2840 4316 subjecimus.
2897 4248 3158 4303 Caeterum
3219 4250 3270 4303 in
3331 4267 3534 4304 nuncu-

1967 4337 2171 4405 patoria
2219 4336 2467 4389 Morellus
2526 4337 2790 4406 interpres
2851 4337 3236 4408 Hieronymum
3285 4339 3530 4396 Graecum

1967 4436 2238 4481 auctorem
2271 4425 2726 4495 θεολογικὼτατον
2760 4443 2932 4498 neque
2955 4428 3242 4500 admodum
3277 4445 3534 4500 νεωτεριο

1969 4517 2085 4578 κόν,
2133 4515 2354 4586 ejusque
2405 4516 2683 4586 Dialognm
2732 4518 2875 4585 pium
2919 4533 2982 4570 ac
3042 4519 3182 4588 stylo
3228 4522 3358 4574 satis
3400 4523 3536 4575 scito

1969 4608 2327 4676 conscriptum
2349 4607 2598 4676 appellat.
2623 4607 2842 4663 Bartbio
2868 4617 3046 4664 autem
3073 4608 3153 4680 (It)
3180 4610 3424 4664 aureolus
3453 4611 3536 4664 di-

1968 4698 2104 4750 citur
2137 4706 2184 4750 et
2229 4697 2436 4750 omnino
2471 4699 2712 4768 insignis,
2743 4710 2959 4768 argutus
3002 4710 3049 4754 et
3089 4700 3220 4754 mire
3263 4718 3534 4769 neruosus,

1971 4788 2058 4857 qui
2093 4785 2236 4839 nullo
2265 4788 2431 4855 pretio
2457 4802 2560 4840 non
2594 4790 2828 4856 reparari
2860 4789 3038 4843 debeat
3077 4790 3322 4844 amissus.
3355 4788 3537 4856 Neque

1974 4878 2128 4932 aliter
2148 4876 2355 4930 Caveus
2387 4884 2441 4931 et
2471 4876 2771 4942 Fabricius,
2805 4879 2931 4934 licet
2955 4880 3136 4950 pingui
3164 4879 3304 4964 satis
3337 4877 3539 4934 Miner-

380 4976 446 5030 ll.
478 4976 674 5033 Verum
709 4992 793 5032 ms
819 4975 1016 5044 missis,
1051 4973 1266 5044 scripsit
1300 4982 1483 5030 noster
1514 4973 1868 5044 Hieronymus
1976 4983 2041 5024 va
2065 4969 2324 5039 digestum
2345 4979 2565 5024 censeat
2591 4969 2910 5040 Lequienius
2935 4973 3020 5043 (ε).

385 5250 658 5326 (a)_J9an.
694 5256 938 5312 Damasc.
976 5255 1051 5309 De
1073 5254 1302 5325 Imagin.
1329 5261 1468 5310 orat.
1495 5267 1580 5318 ut,
1610 5267 1732 5326 opp.
1759 5267 1799 5308 ι.
1831 5252 1871 5319 l,

311 5338 378 5395 pa
423 5323 584 5376 .385.
1196 5323 1208 5325 θ

383 5339 458 5474 ῗὺ)
499 5393 784 5474 ρρυηιΐξιπετ
991 5391 1154 5474 ϐᾉοὶει.
1180 5407 1299 5474 pag.
1329 5391 1452 5474 ιδζτ

388 5451 459 5526 (ε)
499 5461 626 5514 Cav.
658 5451 798 5530 Hist.
839 5464 998 5516 litter.
1027 5471 1155 5514 tom.
1181 5451 1222 5526 l,
1250 5451 1539 5530 62.3.7282.

385 5531 464 5598 (ἀεὶ
501 5529 669 5598 (Sang.
715 5529 944 5588 Glossar.
980 5531 1188 5586 ercit.
1222 5529 1344 5586 tom.
1379 5529 1442 5596 ll,
1483 5533 1536 5585 in
1574 5529 1738 5586 lndic.
1769 5544 1862 5584 au-

315 5611 478 5660 ctor.,
504 5613 625 5668 pag.
648 5598 738 5654 27.

2046 5252 2115 5325 (ε)
2158 5249 2442 5325 blontfauc.
2471 5253 2508 5310 l.
2546 5269 2611 5325 ca
2629 5269 2750 5325 pag.
2779 5255 2900 5325 £85.

2042 5321 2121 5395 m-
2165 5321 2666 5395 5“'-"‘°'—"-“"-_G*-
2701 5321 2830 5395 ῖοιιιε
2858 5324 3140 5395 Υιιῐολρθε.
3169 5324 3295 5381 aro.

2051 5389 2124 5462 (gi)
2146 5389 2329 5462 _Fabr.
2361 5391 2498 5445 Bibl.
2530 5392 2647 5458 Gn,
2681 5409 2800 5462 pag.
2824 5389 3081 5462 577-598.

2041 5447 2118 5530 (iii
2146 5459 2330 5530 Barth.
2355 5447 2869 5530 Adt°ersar.'lih.ut.v,
2903 5477 3020 5529 cap.
3052 5461 3105 5524 7,
3137 5477 3256 5530 pag.
3281 5461 3423 5518 2597

1985 5529 2114 5661 58(55’)
2144 5527 2404 5650 #:lqugen.
2442 5533 2514 5614 ad
2557 5547 2682 5600 opp.
2714 5529 2867 5585 Joan.
2895 5527 3152 5586 Damasci
3181 5527 3308 5587 tam.
3346 5532 3386 5598 Ι,
3421 5549 3544 5605 pag.
