3890 6274
356 552 3055 580 *ΜΨ-οῇψ--ῇῇ-ψ

1662 344 2038 400 lilERONYMI
2075 343 2315 401 Cit/EC]

3261 265 3502 299 ’μ’-σαιν-

3502 335 3615 392 8ί3

3101 550 3590 569 νυ--ι-ο-α-

935 714 1234 832 ΤΟΥ
1289 708 2094 831 ΜΑΚΑΡΙΟΥ
2151 705 3022 824 ΙΕΡΩΝΥΜΟΥ

521 970 855 1027 ΔΙΑΛΟΓΟΣ
911 970 1070 1023 ΠΕΡΙ
1111 954 1246 1022 ΤΗΣ
1283 965 1481 1021 ΔΓΙΛΣ
1521 961 1830 1024 ΤΡΙΑΔΟΣ,
1869 957 2202 1015 ΕΡΩἸἩΣΙΣ
2239 954 2558 1010 ΙΟΥΔΑῘΟΥ
2593 954 2772 1008 ΠΡΟΣ
2827 953 2964 1007 ΤΟΝ
2999 955 3441 1012 ΧΡΙΣΤΙΑΝΟΝ.

1456 1237 1586 1347 Β.
1675 1232 2500 1349 HIERONYMI

1042 1431 1561 1515 DIALOGUS
1635 1431 1771 1506 DE
1846 1429 2238 1510 SANCTA
2311 1428 2914 1518 TRINITATE,

1362 1609 1572 1666 INTER
1612 1607 1917 1666 JUDASUM
1955 1610 2044 1665 ET
2084 1606 2583 1663 CHRISTIANUM.

417 1998 657 2052 Juda'us.
713 1993 844 2048 Cum
896 1994 1034 2048 Dens
1083 1991 1274 2057 dicat,
1322 1989 1524 2054 Videte,
1571 1988 1738 2043 videte
1783 1987 1920 2056 quod
1950 1989 2000 2050 Α

349 2106 441 2160 ego
467 2104 603 2154 sum,
629 2103 719 2140 nec
750 2085 888 2139 Deus
911 2094 986 2139 est
1006 2093 1196 2153 prwter
1221 2099 1301 2137 me
1320 2083 1360 2147 ⁸,
1390 2080 1662 2151 quomodo
1698 2093 1792 2134 vos
1814 2093 1926 2133 cre-

350 2183 478 2238 ditis
523 2190 579 2237 et
604 2179 840 2235 adoratis
877 2178 1116 2242 Patrem,
1161 2191 1320 2245 quem
1361 2188 1458 2229 nos
1501 2172 1666 2226 Deum
1702 2171 1927 2226 conﬁte-

350 2288 494 2339 mur,
529 2283 584 2328 et
608 2270 825 2334 Filium,
857 2279 913 2325 et
941 2267 1197 2337 Spiritum
1223 2263 1512 2322 sanctum?
1536 2263 1670 2318 Nam
1703 2261 1923 2317 idolola-

351 2377 556 2419 trarum
597 2377 746 2416 more
779 2376 901 2415 eum
950 2369 1059 2413 tres
1111 2357 1241 2412 deos
1273 2355 1531 2419 doceatis,
1579 2354 1744 2408 Deum
1796 2352 1928 2422 legis

349 2459 523 2522 istius,
563 2455 687 2510 Non
729 2465 804 2509 est
863 2452 1001 2507 Deus
1035 2460 1220 2521 prtem
1263 2466 1362 2518 me,
1397 2458 1672 2504 auctorem
1716 2445 1928 2502 aﬂicitis

341 2547 569 2615 injuria.
1502 2580 1504 2583 -

419 2637 773 2694 Christianus.
809 2634 1172 2689 Tremendum
1202 2642 1286 2688 est
1317 2642 1372 2687 et
1401 2627 1924 2698 incomprehensibi-

350 2730 402 2785 le
435 2728 752 2798 mysterium
790 2725 953 2789 Deus,
992 2726 1174 2793 itaque
1196 2737 1300 2777 non
1324 2736 1428 2776 una
1459 2721 1731 2789 similique
1761 2733 1924 2788 opor-

350 2828 430 2873 tet
478 2831 579 2872 nos
615 2816 928 2871 defensione
965 2815 1031 2869 ad
1059 2812 1323 2882 quoslibet
1357 2812 1454 2878 uti,
1482 2812 1573 2866 sed
1596 2811 1924 2865 convenien-

349 2921 434 2966 ter
487 2909 773 2976 unicuique
834 2915 889 2962 et
953 2906 1207 2961 decenter
1267 2903 1333 2958 ad
1395 2903 1778 2972 interrogatum
1841 2915 1926 2955 re-

347 3001 632 3072 spondere.
665 3001 750 3055 Ad
795 3007 846 3056 te
880 2997 1083 3066 itaque,
1119 2994 1320 3058 Iudaee,
1368 3001 1423 3047 et
1472 2994 1536 3047 ad
1575 2990 1922 3047 circumcisus

351 3095 443 3161 qui
489 3101 664 3149 tecum
719 3106 882 3145 unum
917 3091 1082 3145 Deum
1118 3087 1320 3151 colunt,
1357 3085 1431 3139 ita
1471 3083 1700 3139 dicimus
1736 3099 1752 3136 :
1782 3081 1925 3136 Con—

349 3183 543 3248 ﬁteris,
585 3180 788 3247 Iudae,
842 3179 1010 3236 Deum
1062 3193 1251 3244 unum,
1282 3176 1405 3233 coeli
1448 3183 1505 3232 et
1549 3184 1709 3230 terrae
1754 3175 1926 3230 facto-

347 3276 506 3332 rem?

419 3368 664 3423 Judcus.
697 3365 912 3434 Utique.

421 3459 774 3514 Christianus.
809 3454 876 3508 Et
901 3448 1077 3524 qualis
1121 3460 1204 3507 est
1247 3450 1337 3505 ille
1376 3463 1535 3519 quem
1583 3447 1718 3504 colis
1760 3447 1920 3512 Deus,

350 3550 492 3604 unde
521 3557 614 3602 aut
640 3547 734 3601 ubi
759 3553 863 3610 est,
893 3553 947 3598 et
976 3541 1246 3612 quentodo
1273 3539 1427 3594 sedet
1454 3539 1537 3592 vel
1577 3546 1842 3601 movetur,
1869 3544 1926 3590 et

351 3640 623 3709 quomodo
650 3636 886 3706 loquitur
914 3643 970 3690 et
1001 3634 1134 3687 vivit
1163 3643 1217 3686 et
1245 3632 1391 3684 videt
1408 3640 1465 3684 et
1492 3629 1680 3698 tangit,
1710 3638 1758 3682 et
1789 3641 1923 3695 quo-

349 3729 511 3785 modo
533 3726 1008 3798 comprehenditur
1037 3724 1205 3794 ipsius
1227 3721 1503 3793 potentia?

422 3908 665 3962 Juda'us.
713 3903 946 3961 Omnino
985 3898 1566 3968 incomprehensibilis,
1617 3899 1919 3952 incontem-

349 3997 565 4067 plabilis
601 4006 653 4051 et
691 3993 1072 4050 inenarrabilis
1094 3990 1234 4047 Deus
1265 3999 1369 4056 est,
1403 4000 1457 4046 et
1479 3989 1740 4060 sapientia
1764 3999 1818 4044 et
1840 3991 1919 4052 vis

349 4101 407 4147 et
426 4103 606 4146 sermo
629 4097 682 4142 et
711 4087 931 4157 spiritus
958 4084 1076 4140 Dei.

301 4241 312 4251 ,
423 4181 780 4238 Christianus.
812 4176 880 4232 Et
902 4177 1192 4247 quomodo,
1219 4191 1252 4232 ο
1283 4175 1497 4242 stolide,
1529 4189 1560 4229 a
1587 4188 1672 4230 me
1699 4174 1835 4244 petis
1863 4184 1922 4229 ut

349 4273 447 4328 tibi
494 4271 670 4328 dicam
715 4269 986 4340 quomodo
1039 4268 1315 4338 generatio
1368 4267 1641 4336 contingat
1692 4265 1810 4330 Dei,
1865 4276 1920 4321 et

347 4362 618 4434 quomodo
644 4359 838 4416 Filium
866 4358 1009 4415 Deus
1037 4359 1254 4424 habeat,
1276 4366 1329 4412 et
1351 4357 1565 4427 quando
1584 4367 1636 4411 et
1652 4357 1919 4426 quomodo

347 4455 498 4509 illum
547 4451 817 4525 genuerit,
860 4459 915 4506 et
954 4449 1228 4519 quomodo
1281 4445 1516 4502 Trinitas
1561 4448 1634 4500 sit
1679 4445 1924 4500 trinitas?

347 4546 523 4603 Dicito
567 4554 623 4601 tu
659 4545 814 4610 mihi,
851 4545 896 4600 si
940 4554 1116 4612 potes,
1151 4543 1328 4596 locum
1377 4548 1433 4593 et
1467 4538 1825 4604 latitudinem,
1865 4546 1920 4592 et

345 4639 736 4710 longitudinem
778 4635 894 4701 Dei,
923 4643 981 4689 et
1011 4633 1186 4688 dicam
1219 4631 1313 4685 tibi
1348 4628 1588 4684 vicissim
1623 4628 1838 4698 quando
1867 4637 1920 4681 et

2104 1988 2167 2041 '0
2204 1987 2511 2053 Ἰουδαῖος.
2544 1984 2651 2040 Τοῦ
2683 1985 2819 2040 Θεοῦ
2862 1985 3132 2055 λέγοντος.
3175 1987 3383 2054 ’Ῑδετεν
3425 1990 3605 2056 me“,

2030 2080 2117 2134 ὅτι
2151 2079 2265 2150 ἐγώ
2291 2082 2430 2148 ειμι,
2469 2079 2570 2133 καὶ
2604 2081 2717 2134 οὐκ
2748 2081 2879 2134 ἐστι
2915 2079 3060 2146 Θεὸς
3095 2079 3264 2149 πλὴν
3291 2080 3460 2151 ἐμοῦ,
3486 2084 3610 2148 πῶς

2030 2171 2187 2239 ὑμεῖς
2226 2167 2508 2221 πιστεύετε
2553 2169 2646 2221 καὶ
2681 2170 3033 2239 προσκυνεῖτε
3069 2168 3306 2240 Πατέρα,
3352 2170 3411 2224 ὃν
3441 2175 3610 2244 ἡμεῖς

2029 2258 2160 2310 Θεὸν
2195 2255 2586 2327 ὁμολογοῦμεν,
2631 2257 2726 2309 καὶ
2754 2257 2880 2311 Υἱὸν
2915 2259 3008 2311 καὶ
3034 2257 3187 2327 ἅγιον
3212 2259 3476 2332 Πνεῦμα;
3519 2263 3610 2325 Ὠς

2027 2347 2137 2420 γὰρ
2168 2348 2548 2418 εἰδωλολάτραι
2580 2351 2728 2419 τρεῖς
2755 2349 2908 2412 θεοὺς
2932 2349 3367 2421 δογματίζοντες,
3402 2353 3494 2406 τὸν
3521 2370 3612 2407 vo-

2031 2439 2403 2510 μοθετήσαντα
2445 2439 2599 2504 Θεὸν,
2630 2439 2711 2491 ὅτι
2757 2441 2879 2493 Οὐκ
2911 2439 3042 2494 ἐστι
3072 2440 3216 2507 Θεὸς
3237 2443 3406 2510 πλὴν
3435 2443 3607 2513 ἐμοῦ,

2027 2529 2368 2600 ἐνυϐρίσατε.

2110 2618 2163 2671 '0
2197 2622 2432 2686 πιστός.
2457 2617 2694 2689 Φοϐεροῦ
2727 2619 2823 2672 xa'l.
2852 2619 3237 2690 ἁκαταλήπτου
3269 2619 3610 2691 ὑπάρχοντος

2025 2709 2120 2764 τοῦ
2153 2711 2280 2781 περὶ
2312 2711 2443 2765 Θεὸν
2487 2711 2811 2782 μυστηρίου,
2851 2713 2912 2765 οῦ
2953 2711 3081 2782 μίαν
3116 2713 3235 2766 οὐδὲ
3273 2713 3464 2783 ὁμοίαν
3485 2713 3609 2767 δέον

2027 2803 2174 2871 ἡμᾶς
2205 2801 2471 2856 ποιεῖσθαι
2499 2801 2598 2874 τὴν
2634 2802 2951 2872 ἀπολογίαν.
2977 2802 3112 2856 ἀλλὰ
3142 2802 3468 2874 προσφόρως
3510 2804 3610 2855 καὶ

2028 2894 2348 2964 πρεπόντως
2377 2895 2592 2965 ἑκάστῳ
2626 2895 2898 2966 ἐρωτῶντι
2934 2893 3354 2966 ἀποκρίνασθαι.
3396 2895 3610 2948 Οὐκοῦν

2027 2980 2165 3053 πρὸς
2196 2983 2254 3036 σὲ
2278 2982 2368 3036 τὸν
2407 2983 2659 3036 Ἰουδαῖον
2687 2985 2779 3038 καὶ
2803 2984 2932 3046 τοὺς
2966 2987 3064 3038 σὺν
3091 2985 3174 3038 σοὶ
3201 2984 3610 3056 ὲμπεριτόμους

2029 3071 2326 3144 μοναρχίαν
2364 3072 2621 3136 σέϐοντας
2659 3073 2890 3144 λέγομεν
2936 3074 3130 3138 οὕτως’
3187 3075 3521 3145 Ὁμολογεῖς,
3561 3075 3610 3128 ὦ

2039 3161 2278 3227 Ἰουδαῖε,
2311 3161 2443 3218 Θεὸν
2467 3161 2584 3227 ἕνα,
2612 3163 2845 3233 ποιητὴν
2879 3163 3109 3234 οὐρανοῦ
3139 3164 3233 3218 καὶ
3263 3164 3396 3235 γῆς;

2103 3335 2167 3394 '0
2202 3339 2507 3406 Ἰουδαῖος.
2533 3341 2660 3396 Ναί.

2099 3426 2159 3485 '0
2188 3434 2422 3498 πιστός.
2468 3433 2579 3486 Καὶ
2610 3433 2758 3496 ποῖός
2799 3434 2946 3487 ἐστιν
2972 3427 3126 3497 οὗτος
3157 3433 3290 3498 Θεὸς
3315 3434 3374 3488 δν
3401 3434 3607 3502 σέϐεις,

2025 3526 2190 3580 πόθεν
2229 3525 2377 3578 ἐστὶν
2415 3526 2510 3578 καὶ
2543 3524 2648 3578 ποῦ
2683 3523 2834 3591 Em;
2865 3527 2960 3579 καὶ¹
2990 3527 3108 3591 πῶς
3133 3527 3367 3598 κάθηται
3389 3528 3482 3581 καὶ
3516 3545 3607 3581 κι-

2024 3619 2232 3682 νεῖται;
2289 3616 2385 3668 καὶ
2433 3617 2550 3679 πῶς
2595 3615 2748 3670 λαλεῖ
2789 3615 2882 3671 καὶ
2926 3616 2991 3688 ζῇ
3016 3618 3112 3672 καὶ
3144 3618 3336 3689 θεωρεῖ
3367 3618 3463 3672 καὶ
3498 3619 3608 3688 tirn-

2024 3708 2300 3776 λαφᾶται;
2352 3707 2448 3761 καὶ
2497 3707 2615 3772 πῶς
2668 3708 3141 3780 καταλαμϐάνεται
3171 3712 3206 3780 ἡ
3245 3709 3470 3780 δύναμις
3501 3709 3605 3764 αὖ·

2023 3816 2118 3852 του
2141 3815 2156 3862 ;

2106 3892 2169 3945 '0
2205 3891 2501 3958 Ἰουδαῖος.
2537 3893 2761 3956 Πάντως
2805 3893 2888 3946 ὅτι
2927 3893 3309 3964 ἀκατάληπτός
3349 3896 3464 3948 ἐστι
3505 3894 3605 3947 καὶ

2023 3983 2334 4055 ἀθεώρητος
2364 3985 2460 4038 καὶ
2481 3984 2772 4055 ἀδιήγητος
2801 3987 2829 4052 6
2860 3985 3013 4050 Θεὸς,
3065 3987 3162 4038 καὶ
3188 3987 3222 4057 ἡ
3250 3987 3412 4056 σοφῖα
3441 3985 3538 4039 καὶ
3566 3987 3604 4056 ἡ

2027 4076 2178 4145 ἰσχὺς
2198 4075 2291 4128 καὶ
2319 4077 2347 4128 6
2373 4074 2530 4144 λόγος
2557 4077 2651 4128 καὶ
2670 4076 2732 4128 τὸ
2760 4075 2978 4147 πνεῦμα
3015 4077 3200 4132 αὐτοῦ.

2105 4169 2166 4220 '0
2199 4170 2433 4233 πιστός.
2473 4169 2582 4222 Καὶ
2611 4168 2750 4232 πῶς,
2785 4164 2829 4221 ὧ
2852 4169 3068 4241 ἀνόητε,
3100 4171 3201 4240 ἐμὲ
3234 4170 3486 4234 ἀπαιτεῖς
3515 4170 3605 4224 λέ-

2022 4274 2163 4326 γειν,
2185 4259 2302 4324 πῶς
2330 4261 2520 4315 ἐστινὸ
2538 4262 2694 4326 τόκος
2715 4262 2809 4316 τοῦ
2835 4263 2990 4329 Θεοῦ,
3022 4263 3257 4328 καὶπῶς
3282 4263 3394 4334 ἔχει
3421 4263 3550 4317 Υἱὸν
3575 4265 3607 4317 6

2022 4349 2175 4414 Θεὸς.
2209 4353 2304 4405 καὶ
2332 4353 2462 4406 πότε
2488 4355 2582 4407 καὶ
2609 4355 2725 4418 πῶς
2761 4355 2950 4409 τοῦτον
2972 4355 3249 4426 ἐγέννησε,
3285 4356 3379 4410 καὶ
3409 4354 3531 4419 πῶς
3565 4357 3602 4424 ἡ

2021 4443 2194 4512 Τριάς
2245 4445 2362 4497 ἐστι
2413 4447 2601 4516 τριάς;
2658 4446 2795 4499 Εἰπέ
2847 4463 2937 4517 μοι
2982 4447 3047 4499 σὺ
3087 4446 3179 4500 τὸν
3209 4445 3373 4499 τόπον
3417 4445 3605 4499 καὶτὸ

2025 4535 2224 4599 πλάτος
2261 4537 2355 4590 καὶ
2388 4540 2561 4608 μῆκος
2606 4538 2701 4592 τοῦ
2731 4539 2885 4603 Θεοῦ,
2919 4539 3016 4594 ἐὰν
3041 4539 3190 4611 δύνῃ.
3227 4541 3320 4594 καὶ
3344 4539 3488 4606 λέγω
3516 4555 3603 4592 σοι

2023 4627 2178 4694 κάγὼ
2207 4628 2268 4680 τὸ
2304 4629 2435 4682 πότε
2469 4630 2564 4682 καὶ
2605 4629 2722 4693 πῶς
2765 4630 3055 4702 ἐγέννησεν
3085 4633 3114 4684 6
3141 4632 3292 4695 Θεός.
3334 4631 3469 4685 Εἰπέ
3511 4647 3602 4701 μοι

345 4732 620 4802 quomodo
647 4727 891 4802 genuerit
922 4727 1084 4781 Deus.
1125 4724 1220 4779 Dic
1265 4733 1321 4776 tu
1363 4721 1492 4777 mihi
1521 4721 1696 4791 qualis
1723 4721 1794 4776 sit
1822 4719 1913 4774 Dei

2036 4719 2110 4783 rb,
2140 4719 2317 4782 ὁποῖός
2345 4721 2490 4773 ἐστιν
2521 4722 2549 4773 6
2571 4720 2729 4789 λόγος
2749 4722 2842 4774 τοῦ
2871 4722 3027 4788 Θεοῦ,
3063 4724 3158 4776 καὶ
3188 4725 3306 4789 πῶς
3329 4725 3483 4779 λαλεῖ
3510 4728 3605 4781 αὐ-

343 4837 547 4888 sermo,
574 4829 629 4877 et
664 4818 935 4890 quomodo
964 4816 1110 4871 illum
1139 4815 1278 4870 Deus
1305 4814 1592 4884 eloquitur,
1632 4822 1687 4868 et
1721 4827 1824 4880 ego
1854 4812 1921 4865 ti-

346 4917 400 4972 bi
425 4917 598 4970 dicatn
627 4926 735 4983 qua
759 4910 967 4965 ratione
989 4917 1115 4964 ante
1138 4907 1422 4963 luciferum
1450 4921 1515 4962 ex
1542 4916 1697 4960 utero
1723 4902 1915 4960 Filium

346 5003 708 5075 generaverit.
761 4999 820 5056 Si
851 5013 983 5056 vero
1019 5008 1075 5053 et
1110 5010 1291 5055 sermo
1337 5004 1391 5052 et
1412 4995 1632 5066 spiritus
1657 4995 1917 5061 locusque

345 5105 400 5149 et
427 5093 656 5148 altitudo
693 5099 755 5146 et
790 5089 1128 5161 prolunditas
1147 5099 1202 5144 et
1229 5089 1456 5142 thronus
1489 5093 1544 5140 et
1581 5095 1792 5153 tempus
1819 5082 1914 5137 Dei

347 5181 908 5252 incomprehensibilia
937 5189 1084 5246 sunt,
1114 5178 1335 5232 evidens
1377 5185 1458 5231 est
1492 5176 1655 5230 etiam
1690 5188 1916 5243 genera-

346 5277 544 5329 tionem
574 5273 693 5343 ejus
723 5269 953 5342 exprimi
989 5269 1168 5323 verbis
1213 5276 1267 5323 et
1302 5265 1558 5335 explicari
1599 5278 1702 5317 non
1737 5278 1916 5334 posse.

345 5365 451 5421 Sed
477 5373 536 5419 ut
561 5365 756 5418 iterum
779 5364 1103 5430 interrogem
1141 5365 1211 5424 te,
1246 5357 1396 5411 dura:
1423 5356 1650 5410 cervicis
1679 5365 1734 5410 et
1755 5354 1920 5409 incir-

343 5459 582 5512 cumcise
614 5454 777 5510 corde
801 5452 1004 5514 Judzee,
1039 5447 1310 5520 quomodo
1339 5457 1524 5503 noster
1561 5461 1741 5503 sermo
1787 5461 1916 5514 pro-

341 5545 558 5602 lcrtur?
589 5556 752 5614 atque
780 5545 825 5598 si
862 5544 965 5598 hoc
1003 5541 1206 5599 dixeris
1247 5540 1401 5607 mihi,
1437 5540 1639 5610 rogabo
1674 5538 1910 5594 vicissim

413 5723 435 5759 ⁸
473 5722 632 5779 Dent.»
654 5737 822 5790 χχιιι,
847 5721 935 5777 59.

2017 4810 2110 4862 τὸν
2141 4811 2168 4863 6
2199 4809 2348 4874 Θεὸς,
2384 4810 2480 4863 καὶ
2517 4810 2662 4879 λέγω
2697 4829 2778 4867 σοι
2807 4812 2962 4881 κάγὼ
2991 4813 3108 4878 πῶς
3133 4816 3198 4868 ὲκ
3233 4816 3471 4884 γαστρὸς
3494 4819 3603 4890 πρὸ
3647 4805 3672 4819 ’

2021 4901 2298 4972 ἑωσφόρον
2325 4902 2612 4983 ἐγέννησεν
2638 4903 2785 4956 Υἰόν.
2811 4904 2874 4956 El
2898 4904 2955 4957 δὲ
2985 4905 3014 4957 6
3040 4903 3197 4974 λόγος
3232 4908 3326 4960 καὶ
3353 4907 3414 4959 τὸ
3439 4908 3604 4962 πνεῦ-

2022 5011 2098 5064 μα
2123 4994 2216 5047 καὶ
2242 4996 2272 5047 6
2290 4995 2453 5058 τόπος
2481 4996 2656 5049 καὶτὸ
2681 4993 2814 5066 ὕψος
2844 4996 2939 5051 καὶ
2965 4997 3026 5051 τὸ
3056 4997 3219 5067 βάθος
3241 5000 3336 5053 καὶ
3361 5001 3390 5051 6
3413 4999 3604 5072 θρόνος

2017 5086 2113 5138 καὶ
2149 5087 2180 5140 6
2212 5085 2401 5156 χρόνος
2443 5085 2537 5139 τοῦ
2571 5087 2707 5141 Θεοῦ
2750 5088 3114 5160 ἀκατάληπτα
3140 5091 3270 5155 εἱσι,
3305 5091 3483 5162 δῆλον,
3519 5094 3604 5147 ὅτι

2017 5177 2111 5229 καὶ
2137 5177 2164 5228 ὁ
2197 5177 2354 5241 τόκος
2385 5177 2550 5232 αὑτοῦ
2577 5178 2816 5250 ἄρῤητος
2847 5180 2944 5234 καὶ
2971 5183 3406 5254 ἁνερμήνευτος.
3458 5185 3604 5258 Ἐρα

2019 5266 2166 5337 μένῳ
2213 5267 2270 5320 δὲ
2321 5268 2485 5322 πάλιν
2529 5271 2738 5341 φράσον
2772 5291 2885 5344 μοι,
2929 5267 2977 5330 ὦ
3021 5275 3467 5350 ηληροτράχηλε
3506 5282 3606 5335 καὶ

2015 5358 2354 5430 ἁπερίτμητε
2385 5363 2456 5432 τῇ
2495 5363 2691 5434 καρδίᾳ
2731 5358 2778 5419 ὧ
2819 5364 3059 5435 Ἰουδαῖε,
3092 5368 3214 5434 πῶς
3243 5369 3528 5441 ἐξέρχεται
3575 5375 3606 5425 6

2014 5450 2284 5521 ἡμέτερος
2304 5451 2462 5522 λόγος
2476 5470 2490 5519 ;
2520 5455 2618 5509 καὶ
2643 5457 2692 5510 εὶ
2717 5457 2875 5512 τοῦτο
2891 5457 3060 5530 δοίης,
3088 5460 3307 5532 ἀντερῶ
3337 5479 3418 5514 σοι
3446 5457 3602 5526 αὖθις

2017 5541 2192 5610 καγὼ·
2221 5543 2430 5600 υύκοῦν
2464 5546 2560 5600 καὶ
2597 5546 2749 5619 χείλη
2794 5557 3078 5632 σωματικά
3108 5551 3202 5607 καὶ
3221 5551 3476 5622 γλῶσσαν
3506 5554 3602 5607 καὶ
