3884 6268
228 351 334 410 849

1322 353 1668 410 DIALOGUS
1705 352 1793 407 DE
1834 353 1893 410 S.
1935 354 2326 411 TRINITATE.

3291 407 3298 415 .
3361 358 3465 416 850

219 467 437 528 ὀδόντας
462 466 556 519 καὶ
580 463 826 534 λάρυγγα
860 463 1000 517 κατά
1028 464 1084 516 σὲ
1107 464 1215 535 ἔχει
1251 468 1278 518 6
1308 465 1438 531 Θεός
1468 485 1482 534 ;
1511 467 1650 521 ὥστε
1679 468 1790 520 λοι-

1908 482 1947 522 Le
1975 487 1987 521 :
2020 467 2270 538 Nunquid
2296 479 2352 524 et
2378 469 2517 526 labia
2549 471 2846 542 corporalia
2890 479 2945 526 et
2983 470 3218 542 linguam
3247 484 3303 527 et
3342 474 3473 528 den-

223 557 321 609 πὸν
353 555 449 608 καὶ
482 554 789 625 σωματικὸς
818 555 918 606 καὶ
939 553 1162 617 τοπικὸς
1184 555 1277 608 καὶ
1303 555 1495 626 ὁρατὸς
1527 557 1620 610 καὶ
1641 557 1795 627 περί-

220 646 464 720 τραπτὸς
511 647 647 708 ἐστι,
685 646 776 698 καὶ
819 648 867 698 εἰ
915 645 1092 711 τοῦτο,
1142 646 1236 698 καὶ
1275 646 1509 708 κτιστός·
1542 647 1648 699 πᾶν
1685 646 1793 716 γάρ

221 736 531 808 σωματικὸν
555 737 651 789 καὶ⁹
675 736 1044 808 περῑγραπτον
1078 739 1332 807 πρᾶγμα,
1365 737 1520 806 δῆλον
1558 740 1653 791 καὶ
1677 755 1794 790 κτι-

220 827 365 882 στόν.
407 826 545 880 Εἰπὲ
589 826 653 897 δή
706 842 797 896 μοι
834 824 1038 890 λοιπὸν,
1079 819 1124 878 ὦ
1172 825 1429 897 τολμηρὲ,
1468 827 1562 880 καὶ
1604 826 1684 892 τὸ,
1711 826 1795 890 τίς

217 921 398 973 ἔκτισε
431 919 524 974 καὶ
562 918 786 989 ἐποίησε
825 918 918 972 τὸν
943 917 1099 973 Θεόν.
1141 917 1211 971 ’Ὢ
1251 919 1349 990 τῆς
1385 919 1484 990 σῆς
1529 918 1794 990 κακίστης

216 1011 312 1064 καὶ
341 1008 746 1081 ἀφρονεστάτης
777 1007 1121 1079 πωρώσεωςί
1164 1007 1546 1078 Ἐρωτώμενος
1577 1007 1686 1081 γὰρ
1729 1009 1792 1061 σὺ

217 1097 352 1170 παρ’
378 1097 536 1169 ὲμοῦ,
569 1096 688 1161 πῶς
712 1099 858 1150 ἐστιν
885 1098 912 1150 6
939 1097 1096 1170 λόγος
1125 1096 1216 1150 τοῦ
1242 1096 1398 1158 Θεοῦ,
1423 1098 1457 1168 ἦ
1495 1098 1645 1151 ποῖόν
1679 1099 1796 1152 ἐστι

215 1191 277 1244 τὸ
307 1189 525 1260 πνεῦμα
551 1188 647 1243 τοῦ
678 1188 838 1256 Θεοῦ,
872 1188 906 1260 ἢ
933 1191 961 1242 6
988 1188 1152 1252 τόπος
1182 1188 1215 1260 ἢ
1240 1190 1268 1242 6
1295 1189 1482 1261 θρόνος
1504 1189 1599 1243 τοῦ
1636 1188 1794 1252 Θεοῦ,

216 1282 416 1350 λέγεις·
472 1279 710 1351 Ἀπορῶ,
745 1281 826 1333 ὅτι
872 1280 971 1333 οὑκ
1007 1275 1143 1333 οἷδα⁶
1171 1280 1266 1333 καὶ¹
1303 1280 1403 1351 ἐμὲ
1449 1282 1796 1352 εῖσπράττεις

217 1373 310 1426 καὶ
351 1372 679 1440 ἀναγκάζεις
713 1371 913 1439 λέγειν,
937 1371 1050 1434 πῶς
1080 1373 1224 1424 ἐστιν
1265 1373 1292 1423 6
1321 1371 1476 1434 τόκος
1499 1372 1593 1425 καὶ
1615 1373 1644 1424 6
1670 1372 1798 1436 Υἱὸς

215 1463 311 1517 τοῦ
343 1461 500 1516 Θεοῦ.
533 1463 604 1516 Σὺ
624 1461 824 1533 θορυὸᾔ
853 1465 947 1515 καὶ
973 1463 1327 1530 ἀγανακτεῖς,
1361 1463 1494 1516 διότι
1517 1463 1682 1532 λέγω,
1717 1466 1797 1518 ὅτι

215 1555 331 1626 ἔχει
383 1558 412 1609 6
468 1554 600 1618 Θεὸς
643 1553 768 1607 Υἱὸν
802 1553 1144 1625 πρωιώνιον,
1177 1554 1466 1622 πανάγιον,
1522 1556 1796 1621 ἄκτιστον,

215 1648 626 1719 ἀκατάληπτον,
647 1647 1040 1718 ὐπεράμωμον,
1057 1645 1384 1717 ὑπέρσοφον,
1408 1647 1796 1720 ὑπερκόσμιον,

216 1738 585 1810 ὑπεράγαθον.
629 1739 738 1790 Καὶ
779 1736 896 1800 πῶς
925 1735 1035 1805 ἐγὼ
1065 1736 1261 1807 μᾶλλον
1295 1737 1368 1809 μὴ
1407 1737 1710 1810 θορυὸηθῶ,
1747 1735 1792 1794 ὦ

213 1804 539 1900 ἀναέσχυντε
578 1827 814 1892 Ἰουδαῖε,
841 1828 922 1880 ὅτι
952 1804 1016 1879 σὺ
1053 1804 1241 1883 ἑαυτὸν
1275 1804 1388 1881 υἱὸν
1420 1804 1555 1882 Θεοῦ
1598 1804 1793 1902 όνομάο
1822 1804 1866 1858 Β

215 1921 335 1984 ζεις
355 1919 546 1990 λέγων,
575 1920 657 1973 ὅτι
686 1921 801 1984 υἱὸς
828 1921 1168 1992 πρωτότοκος
1197 1919 1292 1973 τοῦ
1312 1920 1448 1973 Θεοῦ
1479 1924 1506 1974 6
1542 1923 1796 1994 Ἰσραήλς

211 2013 313 2076 ιΣὺ,
350 2013 378 2064 6
414 2011 616 2081 μωρὸς,
649 2011 743 2064 καὶ⁹
772 2011 893 2080 οὐχὶ
928 2011 1108 2081 σοφὸς,
1147 2013 1175 2064 6
1203 2011 1564 2082 ἀχάριστος,ό
1597 2030 1800 2083 γογγυ-

214 2102 375 2170 στὴς,
413 2104 441 2154 6
469 2102 718 2172 ἀνήκοος,
776 2104 806 2154 6
846 2102 1187 2172 θεομίσητος,
1230 2103 1258 2154 6
1285 2103 1722 2176 θεοσκόρπιστος,
1768 2107 1797 2158 6

215 2190 343 2260 Θεῷ
370 2190 673 2254 ἀντίδικος,
715 2189 826 2243 υἱὸν
857 2189 992 2243 Θεοῦ
1043 2189 1234 2243 ἑαυτὸν
1295 2188 1603 2261 ὀνομάζεις,
1640 2190 1797 2259 κάγὼ

213 2282 404 2352 ἐπειδὴ
428 2280 570 2349 λέγω
597 2281 724 2333 Υἱὸν
749 2280 883 2333 Θεοῦ
915 2281 1119 2349 ἀγαθὸν
1140 2281 1232 2334 καὶ
1254 2280 1549 2352 εὐεργέτην
1579 2282 1672 2335 καὶ
1693 2283 1800 2336 Σω-

213 2374 363 2443 τῆρα
389 2372 482 2426 καὶ
502 2371 726 2433 δίκαιον,
755 2372 1080 2439 ἀγανακτεῖς
1110 2372 1202 2424 καὶ
1230 2373 1480 2438 ἐγκαλεῖς
1503 2373 1596 2424 καὶ
1631 2372 1796 2442 βλασ-

214 2468 443 2537 φημεῖς,
488 2467 583 2518 καὶ
619 2463 1009 2536 εἰδωλολάτρην
1047 2481 1112 2534 με
1139 2464 1466 2531 ἀποκαλεῖς;
1505 2465 1570 2518 Τί
1595 2464 1801 2535 θερμά-

217 2559 310 2633 ζῃ,
343 2553 388 2611 ὧ
420 2558 634 2628 ἀνόητε,
663 2559 757 2611 καὶ
781 2557 833 2610 τί
861 2557 1130 2630 ταράσσῃ,
1164 2557 1300 2611 ὲπάν
1326 2557 1451 2611 Υἱὸν
1481 2558 1614 2611 Θεοῦ
1636 2557 1802 2612 ἀκού-

219 2664 353 2721 σῃςς
387 2647 458 2700 Σὺ
486 2647 581 2699 ἕνα
607 2646 735 2699 Υἱὸν
768 2647 826 2699 οὐ
865 2646 1042 2716 βούλει
1068 2647 1346 2718 ὁμολογεῖν
1376 2647 1531 2700 Θεοῦ·
1561 2649 1655 2701 καὶ
1683 2647 1799 2712 πῶς

217 2743 251 2811 ὴ
289 2739 410 2792 θεία
433 2739 618 2810 Γραφὴ
655 2740 748 2792 καὶ
771 2737 800 2792 ό
817 2739 1000 2802 Δαὸὶδ,
1036 2740 1233 2810 μᾶλλον
1253 2741 1309 2793 δὲ
1338 2740 1470 2794 αὐτὸ
1493 2739 1555 2794 τὸ
1577 2741 1802 2812 Πνεῦμα

216 2833 280 2886 τὸ
309 2832 463 2902 ἅγιον
493 2833 661 2903 λέγει,
689 2834 773 2886 ὅτι
820 2833 960 2901 Ἐγὼ
987 2829 1156 2888 εἶπα·
1189 2834 1323 2888 Θεοί
1352 2835 1512 2894 ἐστε,
1557 2835 1653 2889 καὶ
1684 2834 1801 2889 υἱοὶ

231 2924 520 2993 Ὑψίστου
573 2923 836 2991 πάντες;
899 2923 1024 2977 Ἐὰν
1084 2924 1406 2996 ἀνθρώπους
1459 2927 1648 2994 ψιλοὺς
1708 2927 1802 2979 καὶ

220 3018 500 3088 φθαρτοὺς
528 3019 622 3072 καὶ
645 3017 870 3088 θνητοὺς
894 3016 1215 3083 κατεδέξατο
1246 3019 1276 3069 6
1315 3016 1448 3080 Θεὸς
1485 3016 1800 3081 υἱοὺς“Θεοῦ

1900 569 1980 614 les
2006 570 2295 631 gutturque
2331 577 2395 616 ex
2428 571 2514 614 tua
2543 563 2806 618 sententia
2837 563 2976 618 Deus
3005 563 3238 619 habeat?
3271 572 3329 617 ιιι
3349 581 3473 632 por-

1897 667 1957 705 ro
1987 661 2040 704 et
2076 651 2188 717 ipse
2221 651 2293 705 sit
2317 667 2606 722 corporeus
2639 663 2798 724 atque
2836 654 2890 708 in
2930 653 3047 710 loco
3071 663 3125 709 et
3153 654 3378 710 visibilis
3409 672 3472 710 ac

1895 739 2358 811 circumscriptus,
2386 751 2548 810 atque
2568 742 2613 796 si
2637 743 2752 798 hate
2775 742 2853 797 ita
2871 743 3001 809 sint,
3039 752 3291 808 creatus;
3318 745 3474 812 quid-

1896 830 2025 899 quid
2055 830 2198 886 enim
2237 845 2554 899 corporeum
2594 842 2647 887 et
2680 833 3146 903 circumscriptum
3181 841 3283 898 est,
3320 849 3472 889 crea-

1900 931 2010 975 tum
2038 937 2160 977 esse
2186 920 2533 976 manifestum
2554 931 2656 978 est.
2679 922 2796 978 Jam
2825 923 2912 979 dic
2935 923 3065 978 mihi
3108 922 3174 978 ad
3209 923 3344 989 haec,
3377 939 3475 977 au-

1897 1011 2118 1079 dacule,
2154 1013 2276 1082 quis
2321 1012 2409 1068 ille
2441 1014 2510 1069 sit
2547 1014 2639 1082 qui
2685 1013 2850 1068 Deum
2885 1014 3124 1069 condidit
3159 1022 3214 1068 et
3250 1013 3395 1068 fecit.
3429 1013 3475 1068 Ο

1897 1103 2189 1172 pessimam
2247 1113 2394 1158 tuam
2437 1113 2492 1158 et
2545 1103 3091 1173 imprudentissimam
3131 1103 3470 1160 caecitatem!

1898 1192 2136 1264 Rogatus
2174 1193 2316 1247 enim
2353 1207 2384 1247 a
2409 1207 2495 1248 me
2524 1194 2792 1263 quomodo
2835 1195 3058 1250 verbum
3091 1192 3188 1249 Dei
3237 1194 3332 1261 sit,
3386 1203 3476 1250 aut

1899 1283 2071 1353 qualis
2096 1284 2168 1338 sit
2208 1284 2428 1353 spiritus
2460 1283 2578 1348 Dei,
2613 1284 2831 1340 locusve
2859 1292 2954 1339 aut
2977 1285 3201 1340 thronus
3231 1284 3350 1351 Dei,
3382 1285 3465 1339 fa-

1903 1374 2032 1430 teris
2085 1383 2137 1429 te
2187 1376 2392 1429 haerere
2432 1383 2486 1428 et
2531 1374 2752 1430 minime
2784 1375 2961 1441 scire;
3027 1390 3114 1432 me
3154 1391 3281 1431 vero
3318 1374 3477 1444 jubes

1900 1466 2182 1536 adigisque
2212 1466 2392 1520 dicere
2413 1466 2683 1534 quomodo
2712 1465 2854 1520 Deus
2881 1468 2954 1521 sit
2984 1475 3039 1521 et
3070 1468 3350 1538 generatio
3379 1469 3475 1524 Dei

1902 1573 1964 1612 ac
2020 1557 2205 1612 Filius.
2252 1556 2621 1613 'l'umultuaris
2663 1567 2828 1628 atque
2867 1573 3010 1628 aegre
3055 1558 3165 1614 fers
3211 1559 3355 1629 quod
3387 1559 3475 1614 alo

1904 1649 2012 1704 Deo
2047 1662 2166 1703 esse
2216 1645 2411 1702 Filium
2453 1658 2736 1713 aeternum,
2785 1649 3210 1716 sanctissimum,
3262 1650 3476 1705 increa-

1905 1749 2038 1807 tum,
2091 1739 2715 1808 incomprehensibilem,
2758 1739 3338 1806 immaculatissimum,
3393 1755 3497 1795 sa-'

1899 1830 2318 1900 pientissimum,
2348 1831 2549 1887 mundo
2573 1831 2845 1900 priorem,
2862 1847 2926 1886 ac
2949 1831 3206 1887 bonitatis
3225 1838 3470 1888 summae.

1899 1921 1964 1974 Et
2021 1923 2289 1989 quomodo
2347 1935 2450 1975 non
2510 1921 2642 1975 mihi
2694 1921 2862 1990 magis
2917 1922 3076 1978 liccat
3139 1924 3474 1990 tumultuari,

1899 2012 2040 2081 quod
2078 2022 2150 2076 te,
2183 2011 2364 2067 Judzne
2421 2013 2724 2082 impudens,
2769 2013 2861 2067 Dei
2900 2014 3067 2068 lilium
3100 2015 3372 2084 appellas;
3412 2016 3477 2070 li«

1899 2104 2002 2160 lius
2039 2104 2181 2159 enim
2225 2105 2315 2159 Dei
2363 2104 2750 2175 priutogeuitus
2793 2104 3036 2159 Israel’?
3076 2103 3175 2171 Tu,
3212 2107 3376 2161 stulte
3421 2116 3476 2163 et

1901 2194 2212 2263 neutiquam
2245 2195 2481 2262 sapiens,
2520 2196 2756 2262 ingrate,
2780 2197 3240 2261 obmurmuralor,
3287 2197 3474 2252 iuobe-

1899 2284 2071 2351 dieus,
2099 2285 2268 2340 invise
2299 2285 2424 2353 Deo,
2465 2302 2494 2339 a
2524 2285 2628 2340 Deo
2645 2285 2887 2356 disperse
2925 2287 3108 2357 illique
3144 2303 3471 2358 repugnans,

1899 2386 1955 2432 tu
1990 2377 2154 2431 (ilium
2187 2378 2279 2433 Dei
2311 2387 2363 2433 te
2391 2379 2648 2447 appellas,
2674 2388 2731 2433 et
2757 2393 2858 2449 ego
2889 2382 3104 2450 quando
3145 2380 3340 2434 Filium
3382 2381 3474 2434 Dei

1902 2458 2150 2536 nuncupo
2177 2466 2376 2522 bonum
2406 2466 2552 2521 illmu
2593 2475 2646 2522 et
2677 2467 3096 2532 benefactorem,
3138 2467 3474 2524 Salvatorem

1896 2561 2228 2630 iustumque,
2261 2559 2370 2615 fers
2399 2576 2560 2632 aegre,
2589 2569 2644 2616 et
2678 2562 2823 2616 velut
2852 2562 3058 2616 crimen
3093 2560 3349 2629 impingis
3373 2560 3477 2614 mi-

1902 2651 1980 2719 bi,
2014 2660 2068 2706 et
2102 2667 2131 2704 a
2162 2651 2493 2722 blasphemia
2532 2669 2636 2708 non
2668 2653 2908 2708 abstines
2939 2662 3098 2722 atque
3139 2651 3474 2706 idololatram

1903 2759 1989 2797 me
2045 2741 2486 2814 appellas?Quid
2533 2744 2608 2798 ita
2656 2742 2964 2799 elfervetcis
3013 2744 3114 2806 ira,
3167 2741 3380 2806 stolide,
3424 2750 3478 2794 et

1902 2835 2260 2904 perturbaris,
2312 2835 2526 2904 quando
2580 2832 2776 2888 Filium
2825 2833 2919 2888 Dei
2965 2833 3156 2888 audis?
3198 2833 3277 2886 Tu
3311 2847 3478 2885 unum

1903 2941 2009 2979 non
2045 2925 2125 2980 vis
2161 2925 2408 2980 conﬁteri
2444 2925 2636 2980 Filium
2684 2925 2817 2990 Dei;
2865 2935 2920 2979 et
2969 2923 3238 2993 quomodo
3293 2921 3472 2976 divina

1905 3017 2182 3086 Scriptura
2207 3027 2260 3071 et
2291 3016 2476 3088 David,
2504 3017 2616 3072 sive
2641 3017 2817 3085 potius
2849 3027 3070 3071 sanctus
3101 3015 3214 3084 ipse
3245 3012 3478 3084 Spiritus

218 3111 316 3162 καὶ
365 3107 519 3174 θεοὺς
556 3107 866 3180 ὀνομάζειν,
916 3107 1034 3171 πῶς
1084 3108 1150 3161 σὺ
1203 3107 1438 3178 νομίζων
1471 3109 1686 3163 πάντων
1726 3107 1800 3162 δι-

1908 3110 1981 3164 ait
2022 3130 2035 3165 :
2081 3109 2201 3165 Dixi
2236 3128 2254 3166 :
2289 3110 2376 3166 Dii
2401 3113 2547 3176 estis,
2598 3120 2753 3178 atque
2793 3110 2893 3178 ﬁlii
2926 3124 3102 3164 oumes
3131 3107 3387 3164 Altissimi
3413 3105 3476 3159 ‘1'

217 3204 505 3274 καιότερος
542 3203 634 3256 καὶ
667 3202 1055 3273 ἀκριϐέστερος
1088 3197 1247 3268 εἶναι,
1278 3203 1376 3257 ἕνα
1415 3204 1540 3256 Υξὸν
1571 3205 1800 3274 ἄμωμον

218 3297 316 3350 καὶ
357 3293 619 3362 πανάγιον
643 3291 921 3362 ὁμολογεῖν
948 3291 1009 3344 οὐ
1039 3291 1308 3362 καταδέχῃ
1338 3291 1472 3344 Θεοῦ
1498 3308 1512 3356 ;

1909 3200 1965 3256 Si
2003 3201 2172 3255 nudos
2201 3199 2448 3255 homines
2485 3211 2539 3254 et
2567 3198 2945 3266 corruptibiles
2996 3211 3060 3251 ac
3093 3194 3353 3251 mortales
3381 3194 3478 3248 ad-

1909 3291 2056 3346 misit
2085 3290 2228 3346 Deus
2260 3289 2396 3362 [ilios
2428 3289 2519 3344 Dei
2550 3289 2786 3357 deosque
2811 3286 3096 3352 nominari,
3127 3285 3396 3355 quomodo
3422 3292 3480 3338 tu

217 3387 318 3460 qui
351 3385 603 3441 omnibus
632 3383 833 3453 justior
858 3383 1272 3452 accuratiorque
1305 3383 1400 3437 tibi
1462 3398 1584 3438 esse
1641 3385 1862 3453 videris,
1909 3403 2074 3442 unum
2131 3385 2246 3440 sine
2294 3381 2414 3436 labe
2454 3389 2510 3437 et
2552 3379 2953 3437 sanctissimum
2997 3378 3091 3433 Dei
3137 3377 3327 3432 Filium
3373 3391 3481 3431 non

217 3477 490 3547 suscipis?

304 3573 370 3625 '0
415 3568 718 3636 Ἰουδαῖος.
763 3569 902 3623 Ἀλλ’
949 3568 1008 3621 οὐ
1041 3607 1058 3633 ,
1104 3567 1287 3629 καθὼς
1341 3567 1404 3619 σὺ
1451 3567 1630 3635 λέγεις
1675 3569 1804 3622 Υἱὸν

215 3664 362 3719 Θεοῦ
415 3660 736 3733 προαιιῖηιον
765 3661 861 3714 καὶ
910 3661 1182 3723 ἅκτιστον,
1237 3658 1380 3712 οὕτω
1428 3658 1632 3727 λέγειὸ
1672 3660 1804 3725 Θεὸς

217 3757 340 3812 υἱὸν
367 3753 531 3808 αὑτοῦ
561 3749 701 3808 εἶναι
735 3752 830 3806 καὶ
857 3753 948 3805 τὸν
1010 3749 1242 3824 Ἰσραὴλ.
1273 3752 1394 3805 οὐδὲ
1427 3753 1554 3815 τοὺς
1585 3752 1806 3815 λοιποὺς

220 3845 547 3918 ἀνθρώπους
583 3845 713 3917 περὶ
753 3837 826 3897 ὧν
873 3841 1044 3898 εἶπεν
1099 3843 1247 3913 Ἐγὼ
1289 3838 1446 3896 εἶπα·
1491 3841 1624 3897 Θεοί
1665 3843 1806 3897 ἐστε

220 3940 322 3994 καὶ
334 3916 470 3993 ήυὶοί
494 3937 509 3957 '
521 3916 789 4004 Υψίάτου
818 3934 1060 4001 πάντες.

311 4031 374 4084 '0
427 4029 663 4102 πιστός.
695 4026 860 4080 ’Δλλά
907 4018 1098 4091 ποίους
1143 4025 1292 4094 λέγει
1323 4026 1352 4079 6
1397 4025 1531 4090 Θεὸς
1581 4025 1804 4089 τούτους

220 4123 383 4185 Geo-bc;
415 4121 509 4174 καὶ
533 4120 683 4183 υἱοὺς
703 4118 864 4174 αὐτοῦ
891 4117 984 4170 τοῦ
1023 4117 1277 4187 Ὑψίστου
1299 4135 1315 4184 ;

309 4211 374 4265 '0
431 4208 738 4276 Ἰουδαῖος.
773 4207 1121 4280 Ἀνθρώπους
1156 4206 1308 4270 τινὰς
1343 4205 1491 4274 λέγει
1537 4206 1808 4276 φθαρτοὺς

223 4304 325 4358 καὶ
355 4301 602 4372 θνητοὺς,
624 4301 772 4363 υἱοὺς
789 4301 1136 4370 λεγομένους.

309 4397 373 4448 '0
404 4393 638 4460 πιστός.
667 4389 818 4458 Εἶτα,
849 4392 1064 4463 ἀνόητε,
1083 4389 1453 4461 πεπωρωμένε
1481 4392 1547 4460 τῇ
1583 4389 1801 4460 καρδίᾳ,

225 4487 395 4542 πόσον
443 4484 685 4555 διαφέρει
717 4483 779 4536 τὸ
815 4483 1119 4553 ὁμολογεῖν,
1168 4481 1250 4533 ὅτι
1297 4481 1410 4552 ἔχει
1450 4481 1579 4534 Υῐὸν
1615 4482 1642 4534 6
1671 4480 1804 4545 Θεὸς

221 4575 528 4646 ἄφθαρτον,
575 4573 862 4634 ἀθάνατον,
896 4573 1077 4642 ἀγνὸν,
1113 4572 1513 4642 ἀναμάρτητον,
1564 4571 1802 4635 αἰώνιον,

223 4669 522 4738 ἄτρεπτον,
558 4666 762 4738 ἀπαθῆ,
786 4665 927 4737 ὑπὲρ
952 4665 1015 4717 τὸ
1040 4662 1330 4734 ὀνομάζειν
1349 4664 1671 4735 ἀνθρώπους
1697 4663 1807 4716 ὑλι-

222 4761 362 4822 κοὺς
395 4759 488 4812 καὶ
522 4757 793 4830 φθαρτοὺς
818 4758 912 4811 καὶ
941 4756 1208 4829 τρεπτοὺς
1228 4755 1324 4809 καὶ
1347 4755 1596 4826 θνητοὺς,
1656 4756 1806 4819 υἱοὺς

222 4848 397 4915 Θεοῦ;
431 4849 505 4902 Τὸ
530 4849 628 4920 μὲν
648 4848 756 4920 γὰρ
785 4849 976 4910 εἰπεῖν,
1003 4847 1084 4900 ὅτι
1113 4845 1229 4917 ἔχει
1249 4846 1377 4901 Υἱὸν
1399 4846 1574 4910 όΘεὸς
1600 4845 1808 4918 ἄφθαρ-

221 4957 320 4996 τον
354 4941 449 4994 atat
486 4939 752 4994 ἀθάνατον
767 4939 862 4992 καὶ
904 4937 1308 5008 ἀναμάρτητον,
1336 4937 1538 5010 πρέπει
1565 4937 1642 5008 τῷ
1665 4937 1805 5008 Θεῷ,

224 5035 326 5087 καὶ
348 5033 480 5103 τιμή
509 5034 625 5084 ἐστι
658 5030 735 5100 τῷ
774 5028 914 5099 Θεῷ,
944 5029 1085 5100 ὑπὲρ
1108 5028 1170 5082 τὸ
1188 5029 1388 5097 λέγειν,
1419 5029 1498 5082 ὅτι
1516 5028 1631 5092 υἱὸς
1661 5046 1810 5100 πρω-

223 5123 451 5185 τότοκός
495 5122 610 5174 ἐστι
648 5119 742 5174 τοῦ
797 5117 930 5172 Θεοῦ
958 5122 986 5172 6
1027 5117 1262 5188 Ἰσραὴλ,
1288 5121 1316 5171 6
1341 5118 1520 5188 μωρὸς
1547 5117 1675 5182 λαὸς
1715 5119 1808 5171 καὶΙ

228 5213 556 5287 ἁμαρτωλὸς
593 5215 688 5267 καὶ
719 5211 1034 5283 παράνομος
1062 5210 1156 5264 καὶ
1187 5209 1411 5280 ἀσεϐής.
1451 5209 1812 5280 Βλασφημῐαν

227 5307 345 5378 γὰρ
367 5303 526 5358 τοῦτο
554 5304 852 5376 προσφέρει
882 5302 1002 5374 Θεῷ
1028 5301 1178 5372 παρὰ
1205 5301 1316 5374 τῶν
1344 5300 1586 5354 ἀπίστων
1615 5301 1806 5354 ἐθνῶν·

231 5398 486 5451 δύνανται
534 5396 640 5467 γὰρ
669 5395 863 5464 λέγειν·
894 5393 1019 5458 Πῶς
1055 5391 1186 5456 Θεός
1220 5395 1366 5446 ἐστιν
1406 5391 1676 5464 ἀληθινὸς,
1729 5393 1811 5446 ὃτι

236 5488 431 5561 Πατὴρ
459 5487 694 5558 ὑπάρχει
731 5485 847 5539 υἱοῦ
881 5483 1092 5557 μωροῦ;

315 5731 336 5764 ⁸
373 5729 541 5787 Exod.
567 5743 640 5789 tv.
659 5729 749 5786 22.
826 5729 844 5761 ³
871 5728 1006 5785 Psal.
1029 5744 1215 5795 unt,
1239 5729 1296 5780 τὶ..

1977 3561 2216 3616 Judwus.
2242 3557 2356 3614 Non
2380 3557 2474 3624 ita,
2494 3567 2552 3611 ut
2571 3566 2624 3612 tu
2648 3555 2782 3613 dicis
2808 3553 3003 3610 Filium
3031 3555 3120 3610 Dei
3140 3563 3400 3608 aeternum
3427 3563 3483 3606 et

1907 3655 2228 3714 increatum,
2286 3649 2426 3703 Deus
2476 3645 2644 3700 lilium
2679 3661 2833 3700 suum
2863 3659 2986 3701 esse
3030 3643 3196 3699 Israel
3229 3641 3479 3707 aﬂirmat,

1907 3758 2079 3812 neque
2102 3739 2238 3794 alios
2271 3737 2520 3792 homines
2551 3737 2618 3792 de
2642 3735 2838 3806 quibus
2866 3736 2942 3790 ait
2976 3753 2990 3790 :
3027 3735 3192 3789 Dixi:
3228 3733 3314 3788 Dii
3334 3734 3480 3799 estis,

1904 3844 2057 3903 atque
2091 3831 2192 3902 ﬁlii
2209 3845 2386 3884 omnes
2420 3827 2695 3882 Altissimi.

1980 4007 2334 4063 Christianus.
2391 4003 2591 4070 Quales
2639 4002 2823 4074 itaque
2872 4003 3011 4060 Deus
3050 4001 3214 4058 hosce
3243 4001 3372 4058 deos
3417 4001 3483 4057 tl-

1909 4099 2119 4168 liosque
2140 4096 2402 4154 Altissimi
2433 4094 2702 4165 appellat?

1978 4189 2220 4244 ludatis.
2274 4186 2528 4242 Homines
2577 4185 2837 4254 quosdam
2871 4177 2957 4237 ita
3005 4192 3163 4238 vocat
3213 4183 3482 4253 corrupti-

1911 4278 2046 4333 hiles
2074 4292 2138 4332 ac
2178 4279 2461 4342 mortales,
2491 4274 2583 4345 qui
2618 4274 2850 4330 ﬁliorum
2881 4273 2956 4329 illi
2992 4273 3217 4328 veniunt
3242 4272 3481 4329 nomine.

1981 4363 2332 4419 Christianus.
2359 4361 2628 4428 Quantum
2657 4361 2820 4429 igitur
2855 4367 3094 4428 praestat,
3141 4375 3176 4414 ο
3208 4360 3401 4415 stolide
3430 4368 3488 4416 et

1909 4454 2072 4508 corde
2099 4451 2389 4516 obcazcate,
2415 4449 2657 4507 conﬁteri
2681 4451 2789 4506 Deo
2819 4464 2983 4505 unum
3015 4461 3138 4505 esse
3168 4448 3363 4506 Filium
3401 4449 3485 4504 in-

1911 4542 2337 4613 corruptibilem,
2364 4541 2742 4606 immortalem,
2772 4551 3042 4604 sanctum,
3070 4540 3187 4597 sine
3234 4549 3482 4612 peccato,

1874 4685 1877 4688 _
1909 4647 2191 4698 aeternum,
2217 4632 2626 4698 immutabilem,
2661 4633 3070 4703 impassibilem,
3103 4647 3264 4704 quam
3305 4633 3482 4689 homi-

1837 4732 1882 4787 ι)
1909 4741 2006 4782 nes
2031 4724 2358 4788 materiales.
2386 4725 2783 4794 corruptibiles,
2832 4724 3120 4781 mutabiles
3145 4739 3208 4780 ac
3231 4725 3486 4782 mortales

1907 4819 2004 4876 Dei
2039 4818 2177 4874 ﬁlios
2212 4815 2518 4888 appellare?
2539 4815 2674 4871 Nam
2701 4814 2972 4872 allirmare
2989 4815 3136 4887 quod
3153 4815 3353 4872 Filium
3383 4815 3486 4871 ha—

1908 4911 2002 4968 bet
2027 4910 2170 4966 Deus
2197 4909 2558 4979 corruptionis
2576 4916 2855 4978 expertem
2880 4917 2937 4963 et
2962 4907 3323 4964 immortalem
3357 4903 3488 4963 alie-

1908 5015 2147 5072 numque
2189 5015 2220 5054 a
2258 5008 2503 5070 peccato,
2557 4999 2779 5070 dignum
2814 5000 2921 5055 Deo
2953 5008 3059 5066 est,
3104 5007 3160 5054 et
3187 4998 3364 5054 honor
3410 4997 3485 5052 illi

1909 5094 2104 5162 major,
2131 5109 2291 5164 quam
2313 5093 2496 5148 dicere
2512 5090 2925 5162 primogenitum
2946 5091 3038 5145 Dei
3073 5105 3194 5145 esse
3210 5087 3485 5154 lsraelem,

1909 5184 2162 5254 pepulum
2199 5183 2346 5239 illum
2373 5182 2596 5238 stultum
2641 5191 2699 5236 et
2743 5180 2977 5249 peccatis
3022 5179 3280 5242 obsitum,
3313 5178 3487 5232 viola-

1913 5283 2083 5329 torem
2137 5273 2268 5342 legis
2317 5273 2665 5344 impiumque.
2703 5269 2841 5325 Nam
2885 5269 3028 5339 apud
3080 5276 3269 5337 gentes
3327 5282 3357 5320 a
3387 5267 3490 5322 [ide

1912 5362 2116 5418 alienas
2146 5363 2249 5418 hoc
2301 5364 2462 5417 etiam
2502 5360 2848 5430 blasphemiae
2887 5371 3076 5414 ansam
3121 5355 3348 5427 praebet.
3395 5357 3488 5424 qui

1909 5463 2139 5523 possunt
2169 5455 2405 5524 objicere
2431 5471 2445 5507 :
2481 5453 2760 5522 Quomodo
2789 5465 2951 5508 verus
2981 5451 3070 5507 ille
3095 5448 3239 5507 Deus
3268 5458 3353 5507 est
3379 5459 3490 5506 sto-

1916 5545 2038 5601 lida:
2071 5545 2234 5616 prolis
2260 5544 2458 5602 Pater?
