3884 6268
425 447 522 504 8⁸51

496 558 739 615 Judtrtts.
785 557 843 614 Si
887 556 1085 614 Filinm
1119 557 1261 612 Deus
1292 558 1474 622 habet,
1509 556 1674 612 dicito
1707 559 1838 613 mihi
1868 575 2002 628 quo-
2031 565 2078 619 Α

429 647 588 700 modo
611 656 666 699 et
703 646 918 714 quando
951 646 1098 699 illum
1123 647 1389 716 genuerit.

502 736 860 795 Christianus.
911 737 1028 794 Non
1079 753 1294 808 possum
1327 755 1434 793 non
1461 739 1705 794 conﬁteri
1744 740 1883 810 quod
1910 739 2003 794 Fi-

427 829 556 882 lium
585 829 745 883 habet
775 828 938 894 Deus,
986 845 1106 883 cum
1138 845 1293 884 sacra
1334 829 1609 900 Scriptura
1662 846 1728 884 ex
1774 846 2002 900 persona

431 919 522 972 Dei
554 931 607 974 et
636 918 808 973 Patris
827 919 999 988 palam
1029 919 1170 973 dicat
1198 921 1262 972 ad
1304 919 1494 974 Filium
1532 940 1545 975 :
1580 920 1662 974 Ex
1696 934 1842 974 utero
1883 930 2005 975 ante

429 1011 703 1079 luciferum
727 1013 883 1082 genui
915 1022 962 1065 te
1001 1011 1022 1042 ⁸
1042 1029 1056 1076 ;
1077 1019 1127 1064 et
1150 1010 1315 1065 Filius
1347 1012 1580 1066 vicissim
1613 1013 1677 1066 de
1705 1026 1764 1066 se
1791 1028 1855 1065 ex
1885 1027 2006 1080 per-

429 1117 561 1156 sona
611 1101 856 1157 Parentis
900 1105 1014 1156 ait:
1067 1102 1324 1156 Dominus
1361 1104 1496 1155 dixit
1533 1105 1600 1155 ad
1647 1118 1728 1156 me
1755 1119 1774 1156 :
1833 1100 2003 1156 Filius

429 1208 574 1246 meus
597 1209 648 1246 es
677 1204 754 1259 tu,
787 1209 878 1262 ego
908 1193 1060 1246 hodie
1087 1202 1136 1246 te
1170 1195 1325 1263 genui
1364 1195 1408 1250 ⁸.
1434 1189 1620 1262 Neque
1651 1209 1867 1262 possum
1897 1209 2001 1247 non

430 1286 677 1342 conﬁteri
721 1286 862 1354 quod
919 1285 1056 1340 Dens
1110 1285 1273 1339 habet
1305 1286 1584 1354 Spiritum,
1626 1286 1733 1341 Deo
1771 1287 1886 1354 ipso
1921 1287 2003 1338 di—

431 1387 590 1433 cente
621 1396 633 1432 :
661 1377 946 1446 Effundam
975 1378 1038 1430 de
1061 1375 1264 1444 Spiritu
1290 1391 1401 1428 meo
1429 1376 1483 1428 in
1501 1391 1702 1428 omnem
1733 1392 1941 1429 carnem
1961 1375 2005 1427 ⁸.

431 1469 635 1524 Tamen
666 1484 900 1539 quaram
949 1484 1011 1523 ex
1065 1478 1135 1533 te,
1181 1466 1382 1529 Judaae,
1411 1477 1464 1520 tu
1499 1467 1627 1520 mihi
1662 1467 2002 1534 respondeto.

433 1559 656 1626 Qualem
707 1560 788 1614 ais
845 1558 1092 1627 spiritum
1144 1558 1255 1611 Deo
1321 1557 1484 1611 esse?
1546 1571 1672 1610 num
1743 1553 2004 1624 ejusmodi

433 1651 609 1720 qualis
658 1661 741 1705 est
786 1650 1022 1706 hominis
1073 1664 1138 1703 ex
1199 1663 1294 1702 ore
1337 1655 1393 1702 et
1443 1648 1667 1701 naribus
1719 1655 2006 1700 exeuntem

357 1756 363 1761 ‘
435 1751 488 1796 et
519 1743 849 1811 exspiratum
885 1740 1240 1810 eﬂ’usumqne,
1268 1738 1358 1808 qui
1386 1738 1533 1793 cerni
1571 1747 1744 1808 potest
1769 1745 1822 1791 et
1845 1752 2007 1806 sepa-

439 1835 582 1888 rari?

440 2031 444 2034 ’
508 2033 751 2088 ludens.
803 2034 960 2088 Absit
1009 2035 1109 2089 hoc
1148 2034 1395 2103 quidem!
1437 2031 1531 2088 sed
1586 2047 1715 2087 vero
1755 2029 2015 2101 Spiritum

442 2125 792 2190 invisibilem,
824 2125 1084 2195 Spiritum
1132 2131 1400 2190 sanctum,
1435 2123 1697 2194 Spiritum
1754 2124 2014 2187 divinum,

443 2215 702 2286 Spiritum
725 2232 933 2281 verum,
960 2216 1225 2286 Spiritum
1250 2213 1838 2286 ductorem,"Spiritum
1861 2229 1890 2268 a
1910 2211 2019 2269 Deo

442 2309 882 2380 inseparabilem.

515 2399 868 2455 Christianus.
893 2397 960 2452 Et
985 2400 1203 2470 quand)
1228 2398 1356 2455 fecit
1385 2399 1526 2454 Dens
1558 2407 1652 2452 aut
1687 2397 1874 2452 eduxit
1901 2397 2020 2467 Spi-

444 2489 610 2542 ritttm
667 2489 832 2554 hunc,
887 2499 980 2543 aut
1035 2490 1314 2560 quomodo
1358 2498 1411 2543 et
1441 2489 1655 2558 quando
1689 2487 1838 2542 illum
1897 2487 2024 2541 iecit

445 2577 779 2632 consistere?

517 2667 760 2723 Judwus.
825 2670 1104 2725 lncreatus
1167 2677 1252 2724 est
1307 2653 1554 2740 Spiritus
1614 2669 1730 2734 Dei,
1775 2669 2021 2740 principii

446 2773 644 2826 expers
674 2769 728 2814 et
762 2760 1324 2830 incomprehensibilis
1362 2761 1584 2830 perinde
1627 2771 1685 2817 ut
1716 2763 1834 2832 ipse
1862 2762 2021 2815 Deus.

519 2849 879 2906 Christianus.
919 2852 994 2906 En
1033 2863 1085 2906 tu
1134 2867 1348 2924 quoque
1381 2855 1659 2909 evidenter
1689 2855 2024 2911 convinceris

342 2997 348 3001 .
449 2945 712 2998 duitatem
752 2951 1003 3010 adorare,
1042 2942 1208 2998 Deum
1243 2959 1436 3014 nempe
1485 2943 1689 3014 Deique
1740 2943 2022 3014 Spiritum.

449 3037 915 3104 Quemadmodum
946 3036 1127 3106 itaque
1156 3046 1208 3090 tn
1237 3051 1338 3092 non
1365 3045 1517 3106 potes
1547 3037 1868 3101 edisserere,
1889 3038 2026 3092 unde

453 3125 535 3182 vel
571 3126 787 3194 quando
806 3134 899 3179 aut
927 3125 1200 3194 quomodo
1225 3125 1317 3180 Dei
1351 3126 1585 3195 Spiritus
1623 3139 1746 3180 cum
1785 3126 1891 3182 Deo
1921 3136 2024 3192 est,

452 3217 544 3270 sed
579 3226 784 3270 tantum
837 3217 1058 3271 edoctus
1090 3231 1156 3270 cx
1205 3217 1378 3270 sacris
1408 3215 1624 3271 Litteris
1652 3217 1927 3273 confiteris
1975 3229 2028 3273 et

453 3307 629 3362 credis
665 3308 774 3362 Deo
821 3321 943 3362 esse
974 3305 1234 3376 Spiritum
1272 3323 1288 3372 ;
1333 3307 1407 3360 ita
1437 3317 1492 3362 et
1539 3321 1637 3378 ego
1687 3306 2028 3364 Christianus
2056 3280 2098 3338 Ο

456 3398 577 3454 sine
607 3399 908 3455 curiosiore
937 3398 1267 3453 scrutatione
1295 3399 1552 3469 proﬁteor
1583 3399 1778 3454 Filium
1811 3409 1866 3454 et
1892 3400 2026 3456 Ver-

455 3493 580 3545 bum
607 3490 719 3545 Dei.
751 3489 812 3570 Si
846 3504 976 3544 vero
1014 3489 1292 3546 desideras
1313 3505 1342 3544 a
1368 3503 1455 3544 me
1482 3498 1540 3544 ut
1570 3490 1744 3545 dicam
1793 3493 2026 3559 quando,

457 3581 539 3636 vel
569 3581 710 3636 unde
754 3590 809 3637 et
835 3581 1105 3651 quomodo
1158 3581 1351 3638 Filium
1385 3583 1526 3640 Deus
1559 3583 1751 3653 habet,
1775 3585 1939 3641 dicito
1977 3594 2031 3638 et

458 3683 512 3726 tu
538 3673 686 3740 prius
730 3671 862 3727 mihi
915 3673 1132 3740 quando
1186 3682 1240 3728 et
1297 3675 1439 3730 unde
1481 3683 1536 3729 et
1580 3676 1850 3744 quomodo
1892 3675 2032 3730 Deus

458 3765 720 3834 Spiritum
774 3763 991 3826 habeat,
1046 3773 1172 3818 tunc
1215 3773 1272 3818 et
1302 3765 1394 3819 tibi
1445 3778 1708 3834 exponam
1739 3769 2031 3836 quomodo,

456 3866 584 3910 ante
625 3869 786 3910 omne
811 3854 1133 3924 principium
1179 3855 1320 3911 Deus
1349 3857 1544 3912 Filium
1577 3859 1846 3928 genuerit.
1884 3859 2036 3914 Sicut

459 3949 605 4003 enim
633 3957 685 4002 tu
709 3945 876 4001 Deum
901 3947 1103 4016 Deique
1125 3945 1383 4015 Spiritum
1420 3963 1523 4002 non
1558 3948 1692 4003 dicis
1719 3950 1853 4004 duos
1881 3950 2032 4012 deos,

459 4040 534 4095 ita
587 4053 685 4094 nec
725 4051 826 4105 ego
877 4035 1112 4102 Patrem,
1152 4035 1345 4091 Filium
1387 4045 1443 4092 et
1477 4035 1737 4108 Spirittnn
1788 4049 2036 4094 sanctum

463 4144 573 4188 tres
603 4147 850 4202 nuncupo
880 4131 1032 4194 deos,
1057 4130 1198 4186 absit
1239 4131 1400 4188 sane!
1447 4131 1554 4187 Sed
1584 4131 2036 4199 quemadmodum

460 4225 544 4282 sol
573 4223 798 4292 ejusque
821 4221 971 4276 calor
998 4231 1051 4276 et
1087 4222 1359 4278 radiorum
1387 4223 1470 4278 vis
1504 4237 1571 4278 ex
1598 4238 1663 4278 eo
1691 4223 2042 4293 progrediens

465 4318 570 4371 tria
599 4314 816 4370 nomina
841 4323 990 4378 sunt,
1025 4329 1131 4368 una
1162 4314 1292 4368 solis
1314 4315 1650 4380 substantia;
1689 4323 1739 4369 et
1759 4314 1900 4368 sicut
1923 4314 2043 4367 ani-

466 4421 551 4463 ma
574 4416 626 4462 et
653 4407 790 4462 ratio
805 4419 1070 4478 etcorpus
1099 4406 1334 4462 hominis
1362 4421 1467 4460 non
1492 4415 1600 4459 tres
1617 4413 1741 4460 sunt
1762 4404 2038 4471 homines;

465 4506 524 4552 et
562 4498 703 4552 sicut
740 4498 936 4566 unguis
976 4498 1130 4568 digiti
1167 4512 1288 4552 cum
1323 4512 1445 4552 osse
1488 4505 1544 4551 et
1571 4511 1735 4552 carne
1781 4511 1886 4550 non
1918 4505 2044 4550 sunt

1733 445 2117 504 lilERONYMl
2156 445 2389 502 GRIECI

3576 432 3697 492 859

2189 559 2250 611 Ὀ
2277 555 2583 621 Ἰουδαῖος.
2615 555 2677 608 ΕΞ
2712 553 2840 608 Υεὸν
2865 552 2980 624 ἔχει
3005 553 3033 604 6
3067 550 3220 616 Θεὸς,
3245 548 3366 604 εἰπέ
3411 565 3502 619 μοι
3525 589 3541 617 ,
3569 550 3698 614 πῶς

2110 651 2205 702 καὶ
2234 649 2362 701 πότε
2389 648 2576 700 τοῦτον
2607 645 2894 716 ἐγέννησεν
2913 661 2937 710 ;

2193 741 2256 792 Ὀ
2293 739 2525 803 πιστός.
2563 737 2638 789 Οὐ
2667 736 2903 806 δύναμαι
2962 730 3037 803 μὴ
3081 732 3430 804 ὁμολογῆσαι,
3467 731 3548 784 ὅτι
3580 730 3701 798 ἔχει

2112 830 2240 883 Υῑὸν
2268 831 2296 882 6
2319 828 2470 892 Θεὸς,
2498 829 2596 898 τῆς
2637 827 2858 897 Γραφῆς
2900 825 3132 895 μάλιστα
3165 822 3458 893 προφανῶς
3490 820 3706 888 λεγού-

2115 937 2214 990 σης
2244 922 2308 973 ὲκ
2326 917 2619 991 προσώπου
2653 917 2748 970 τοῦ
2769 916 2902 969 Θεοῦ
2933 917 3028 969 καὶ
3047 917 3257 985 Πατρὸς
3282 915 3417 986 πρὸς
3431 915 3523 967 τὸν
3546 915 3700 977 Υἱὸν,

2111 1012 2194 1064 ὅτι
2232 1012 2334 1064 Ἐκ
2367 1008 2625 1079 γαστρὸς
2677 1011 2787 1075 πρὸ
2817 1009 3123 1076 ἑωσφόρον
3155 1006 3455 1076 ἐγέννησὰ
3475 1023 3568 1060 σε’
3606 1007 3705 1058 καὶ

2112 1103 2208 1157 τοῦ
2231 1101 2362 1155 Υἱοῦ
2386 1100 2546 1154 πάλιν
2584 1099 2710 1170 περὶ
2733 1097 2926 1152 ἑαυτοῦ
2954 1099 3028 1162 ὼς
3060 1099 3124 1150 ὲκ
3151 1096 3442 1168 προσώπου
3469 1096 3564 1149 τοῦ
3588 1099 3703 1150 Πα-

2115 1196 2261 1268 τρόςο
2301 1195 2516 1261 Κύριος
2561 1191 2690 1244 εἷπε
2729 1191 2878 1258 πρός
2907 1205 2983 1258 με
3004 1205 3018 1218 ·
3058 1190 3191 1254 Υἱός
3217 1205 3336 1256 μου
3359 1185 3419 1240 εἴ
3442 1188 3547 1251 σὺ,
3579 1186 3703 1254 ἐγὼ

2112 1289 2378 1356 σήμερον
2403 1280 2731 1354 γεγέννηκά
2755 1295 2848 1333 σε.
2879 1279 2989 1332 Καὶ
3017 1279 3077 1332 οὐ
3107 1278 3341 1348 δύναμαι
3371 1278 3535 1332 πάλιν
3568 1279 3705 1348 ὀμο-

2112 1379 2308 1446 λογεῖν,
2336 1377 2418 1429 ὅτι
2449 1375 2560 1446 ἔχει
2605 1371 2828 1442 Πνεῦμα
2866 1373 2892 1424 6
2925 1371 3078 1437 Θεὸς,
3109 1370 3273 1423 αὑτοῦ
3308 1369 3403 1422 τοῦ
3436 1369 3576 1422 Θεοῦ
3615 1370 3706 1422 λέ-

2113 1465 2555 1538 γοντοςοἚκχεὼ
2573 1465 2689 1519 ἀπὸ
2717 1464 2822 1518 τοῦ
2855 1464 3203 1531 Πιέῠματός
3218 1479 3339 1531 μου
3361 1462 3459 1515 ἐπὶ
3489 1460 3710 1514 πᾶσαν·

2114 1564 2333 1632 σάρκα.
2359 1563 2547 1633 Ὅμως
2573 1563 2835 1633 ἐρωτήσω
2868 1577 2953 1624 σε,
2982 1559 3227 1621 Ἰουδαῖε,
3253 1559 3316 1610 σὺ
3349 1558 3409 1610 δέ.
3440 1574 3530 1626 μοι
3562 1559 3706 1610 ἀπο-

2119 1653 2357 1724 κρίθητιο
2393 1654 2605 1706 Ὀποῖον
2638 1652 2857 1722 πνεῦμα
2895 1650 3075 1719 λέγεις
3103 1650 3249 1720 ἔχειν
3275 1649 3365 1702 τὸν
3396 1648 3531 1702 Θεόν
3558 1665 3579 1714 ;
3617 1645 3708 1719 ἄρ’

2115 1739 2225 1796 οἷον
2273 1743 2334 1796 τὸ
2363 1742 2458 1796 τοῦ
2512 1741 2822 1814 ἀνθρώπου,
2853 1741 2914 1794 τὸ
2971 1742 3037 1793 ὲκ
3081 1741 3348 1810 στόματος
3401 1742 3497 1792 καὶ
3539 1738 3708 1808 ῥινῶν

2119 1833 2470 1904 ἐξερχόμενον
2501 1833 2596 1885 καὶ
2621 1831 2945 1901 ἐκχεόμενον
2983 1829 3080 1884 καὶ
3123 1829 3446 1900 φαινόμενον
3472 1828 3574 1880 καὶ
3599 1845 3709 1897 χω-

2048 1921 2090 1975 Β
2121 1923 2402 1996 ριζόμενον

2205 2014 2268 2069 ’0
2299 2012 2607 2080 Ἰουδαῖος.
2635 2013 2727 2083 Μὴ
2760 2011 2997 2080 γένοιτοῐ
3035 2010 3172 2066 ἀλλὰ
3193 2011 3420 2083 Πνεῦμα
3448 2011 3709 2083 ἀόρατον,

2119 2106 2344 2176 Πνεῦμα
2385 2107 2558 2175 διγιον,
2589 2103 2813 2174 Πνεῦμα
2850 2103 3069 2174 ἀληθὲς,
3105 2102 3326 2174 Πνεῦμα
3352 2103 3708 2174 ἡγεμονικὸν,

2121 2197 2346 2268 Πνεῦμα
2374 2195 2674 2266 ἀχώριστον
2709 2193 2801 2247 τοῦ
2823 2193 2981 2249 Θεοῦ.

2205 2396 2268 2448 '0
2289 2394 2524 2458 πιστός.
2551 2393 2662 2446 Καὶ
2689 2392 2817 2446 πότε
2862 2391 3118 2461 ἐποίησεν
3146 2391 3174 2442 6
3206 2389 3338 2452 Θεὸς
3370 2389 3402 2458 ἦ
3432 2388 3705 2457 ἐξήγαγεν

2123 2489 2183 2542 τὸ
2239 2487 2465 2558 Πνεῦμα
2520 2486 2714 2556 τοῦτο;
2767 2485 2801 2556 ἦ
2851 2483 2969 2548 πῶς
3027 2483 3121 2537 καὶ
3169 2481 3332 2535 πόθεν
3391 2479 3526 2532 αὐτὸ
3594 2496 3713 2531 συν-

2123 2583 2350 2650 έστησεν
2371 2597 2385 2645 ;

2206 2673 2259 2724 Ὀ
2293 2670 2598 2736 Ἰουδαῖος.
2620 2666 2910 2722 Ἀκτιστόν
2935 2667 3050 2720 ἐστι
3080 2664 3142 2719 τὸ
3175 2663 3402 2734 Πνεῦμα
3434 2660 3532 2715 τοῦ
3554 2659 3711 2723 Θεοῦι

2125 2764 2357 2833 ἄναρχον
2386 2762 2478 2814 καὶ
2511 2760 2893 2830 ἀκατάληπτον
2919 2757 3108 2827 ὥσπερ
3127 2757 3156 2809 6
3175 2755 3325 2817 Θεός.

2209 2857 2271 2910 '0
2291 2855 2526 2920 πιστός.
2571 2852 2698 2906 Ἰδοὺ
2729 2851 2825 2905 καὶ
2860 2850 2923 2904 σὺ
2955 2847 3142 2917 σαφῶς
3169 2845 3393 2918 ἐλέγχῃ,
3427 2843 3510 2897 ὅτι
3548 2844 3715 2897 δυάδα

2128 2949 2476 3022 προσκυνεῖς,
2503 2945 2646 3012 λέγω
2677 2943 2742 3014 δὴ
2777 2941 2909 2994 Θεὸν
2943 2940 3038 2993 καὶ
3072 2936 3299 3006 Πνεῦμα
3322 2935 3481 2989 Θεοῦ.
3505 2936 3717 3005 Ὠσπερ

2128 3040 2222 3098 οῦν
2253 3043 2317 3095 σὺ
2346 3041 2446 3094 οὐκ
2470 3041 2695 3110 ἴσχυσας
2727 3038 2922 3099 εἰπεῖν,
2951 3031 3115 3085 πόθεν
3159 3031 3192 3100 ἢ
3235 3029 3364 3082 πότε
3396 3028 3429 3099 ἢ
3456 3026 3579 3090 πῶς
3607 3027 3716 3078 ἐστι

2127 3135 2188 3188 τὸ
2223 3132 2448 3202 Πνεῦμα
2483 3130 2578 3182 τοῦ
2634 3127 2768 3182 Θεοῦ
2809 3126 2947 3197 μετὰ
3000 3122 3096 3176 τοῦ
3151 3121 3309 3181 Θεοῦ,
3363 3119 3500 3172 ἀλλὰ
3563 3118 3716 3188 μόνον

2131 3223 2370 3286 ἀκούσας
2416 3223 2480 3273 ἐκ
2512 3218 2620 3272 τῶν
2663 3216 2821 3270 Os.in
2872 3213 3106 3285 Γραφῶν
3147 3211 3436 3282 ὁμολογεῖς
3487 3210 3582 3261 καὶ
3631 3226 3715 3259 mo

2133 3316 2342 3378 στεύεις
2379 3315 2524 3383 ἔχειν
2579 3309 2806 3379 Πνεῦμα
2833 3307 2924 3360 τὸν
2982 3305 3134 3358 Θεόν·
3177 3301 3320 3356 οὕτω
3350 3300 3508 3369 κάγὼ
3530 3303 3561 3353 6
3593 3301 3700 3369 Χρι.

2134 3405 2346 3468 στιανὸς
2377 3401 2722 3474 ἀπεριέργως
2767 3399 2862 3452 καὶ
2903 3393 3326 3465 ἀνερμηνεύτως
3354 3388 3610 3461 ὁμολογῶ
3635 3389 3718 3440 τὸν

2133 3497 2260 3550 Υἱὸν
2293 3495 2386 3547 καὶ
2431 3493 2601 3560 Λόγον
2629 3489 2723 3542 τοῦ
2775 3486 2932 3541 Θεοῦ.
2964 3488 3028 3539 Ei
3056 3485 3113 3538 δὲ
3139 3485 3393 3544 ἀπαιτεῖς
3432 3497 3500 3550 με
3523 3481 3716 3538 εἰπεῖν,

2134 3590 2262 3646 πότε
2297 3587 2391 3641 καὶ¹
2416 3585 2578 3638 πόθεν
2607 3584 2700 3635 καὶ
2717 3581 2830 3643 πῶς
2847 3579 3002 3649 ἔσχεν
3023 3577 3149 3631 Υἱὸν
3175 3577 3204 3628 6
3222 3573 3513 3636 Θεὸς.εἰπέ
3540 3589 3634 3643 μοι
3661 3571 3717 3622 σὺ

2135 3681 2350 3751 πρῶτον
2378 3678 2508 3732 πότε.
2532 3675 2625 3729 καὶ
2655 3673 2817 3726 πόθεν
2853 3672 2947 3725 καί
2980 3669 3094 3733 πῶς
3124 3668 3235 3738 ἔχει
3258 3665 3486 3736 Πνεῦμα
3513 3667 3540 3716 6
3571 3663 3717 3723 Θεὸς,

2136 3774 2230 3826 καὶ
2240 3770 2382 3838 λέγω
2401 3786 2478 3820 σοι
2501 3765 2657 3834 κάγὼ
2673 3765 2786 3827 πῶς
2802 3763 3156 3834 προανάρχως
3169 3763 3196 3813 6
3213 3759 3342 3821 Θεὸς
3359 3757 3622 3824 ἐγέννησε
3638 3755 3719 3806 τὸν

2137 3863 2286 3916 Υἱόν.
2309 3862 2522 3930 ’Ὠσπερ
2551 3857 2659 3928 γὰρ
2689 3856 2751 3908 σὺ
2776 3855 2836 3913 οὐ
2866 3855 3043 3922 λέγεις
3069 3851 3159 3904 τὸν
3184 3851 3317 3904 Θεὸν
3351 3849 3446 3901 καὶ
3469 3848 3529 3899 τὸ
3551 3844 3718 3898 Ilva-Tr

2143 3973 2217 4026 μα
2245 3954 2337 4008 τοῦ
2358 3951 2493 4004 Θεοῦ
2524 3950 2616 4003 δύο
2647 3950 2822 4013 Οεοὺς,
2858 3946 3028 4008 οὓτως
3057 3943 3178 3997 οὐδὲ
3209 3941 3319 4010 ἐγὼ
3349 3940 3495 4007 λέγω
3508 3938 3719 4006 Πατέρα

2148 4045 2245 4100 καὶ
2263 4045 2390 4098 Υἱὸν
2419 4043 2513 4096 καὶ
2537 4043 2690 4110 ἅγιον
2721 4038 2943 4108 Πνεῦμα
2987 4039 3134 4105 τρεῖς
3167 4033 3341 4096 Θεοὺς,
3377 4031 3452 4102 μὴ
3479 4030 3716 4098 γένοιτοῐ

2155 4137 2296 4192 Ἀλλ’
2336 4136 2526 4205 ὥσπερ
2562 4135 2590 4186 6
2616 4132 2765 4202 ἥλιος
2791 4132 2883 4183 καὶ
2913 4131 2946 4200 ἡ
2984 4127 3162 4199 θέρμη
3193 4124 3357 4178 αὑτοῦ
3383 4125 3479 4177 καὶ
3508 4124 3542 4190 ἡ
3573 4120 3719 4180 ἀκτὶς

2142 4230 2471 4304 ἐξερχομένη
2506 4228 2566 4293 ἐξ
2594 4225 2786 4290 αὑτοῦ,
2815 4225 2942 4295 τρία
2974 4224 3070 4294 μὲν
3096 4219 3335 4292 ὀνόματά
3365 4220 3494 4280 εἰσι,
3542 4216 3643 4288 μία
3671 4212 3718 4265 δὲ

2143 4323 2298 4377 οὐσία
2328 4321 2500 4392 ἡλίου·
2552 4318 2648 4372 καὶ
2679 4317 2868 4387 ὥσπερ
2901 4317 2934 4386 ἡ
2965 4315 3112 4385 ψυχὴ
3143 4314 3236 4367 καὶ⁵
3267 4313 3296 4364 6
3319 4310 3476 4376 λόγος
3527 4309 3626 4361 καὶ
3664 4304 3718 4356 τὸ

2147 4413 2307 4484 σῶμα
2334 4411 2429 4464 τοῦ
2457 4407 2748 4480 ἀνθρώπου
2789 4409 2891 4460 οὐκ
2931 4407 3040 4458 εἰσὶ
3083 4407 3230 4476 τρεῖς
3278 4402 3581 4473 ἄνθρωποι·
3636 4395 3719 4451 καὶ

2147 4506 2330 4578 ὥσπερ
2361 4506 2389 4557 6
2421 4502 2546 4567 δνυξ
2575 4501 2667 4556 τοῦ
2693 4499 2954 4554 δακτύλου
2996 4498 3090 4552 καὶ
3111 4498 3174 4550 τὸ
3205 4493 3394 4554 ὀστοῦν
3425 4494 3519 4548 καὶ
3540 4494 3574 4563 ὴ
3596 4488 3719 4560 σὰρξ

468 4597 580 4652 tres
598 4587 782 4657 digiti;
808 4604 872 4644 ac
893 4588 1054 4644 veluti
1092 4588 1248 4645 radix
1266 4597 1322 4644 et
1361 4603 1540 4644 ramus
1569 4603 1635 4642 ac
1675 4587 1800 4643 folia
1834 4589 2028 4643 arbori:

2147 4596 2248 4649 οὐκ
2274 4592 2379 4646 εἰσ)⁴
2407 4594 2556 4664 τρεῖς
2586 4590 2856 4644 δάκτυλοιο
2877 4589 2970 4643 καὶ
2996 4587 3184 4657 ὥσπερ
3209 4587 3242 4654 ἡ
3279 4584 3399 4655 ῥίζα
3429 4583 3526 4640 καὶ
3553 4583 3585 4633 6

467 4686 582 4732 tres
619 4678 844 4735 arbores
883 4695 989 4736 non
1045 4687 1206 4745 sunt;
1260 4687 1317 4734 et
1366 4679 1508 4735 sicut
1536 4679 1724 4734 oculus
1761 4687 1816 4733 et
1840 4679 2040 4750 pupilla

471 4772 669 4840 luxque
711 4771 852 4827 oculi
881 4786 988 4826 non
1044 4782 1153 4827 tres
1189 4772 1654 4838 redduntoculos;
1683 4783 1738 4828 et
1757 4773 1898 4828 sicut
1925 4772 2044 4826 fons

469 4873 524 4916 et
549 4861 742 4918 ﬂuvius
786 4863 1042 4931 rivosque
1083 4877 1152 4918 ex
1200 4861 1362 4920 ﬂuvio
1409 4879 1736 4933 promanans
1776 4880 1885 4920 non
1921 4877 2046 4920 sunt

473 4955 710 5025 triplices
739 4955 933 5021 undae;
964 4965 1019 5010 et
1044 4956 1186 5011 sicut
1221 4957 1525 5023 brachium,
1565 4972 1765 5027 carpus
1793 4968 1848 5012 et
1868 4958 2044 5026 palma

472 5063 579 5102 non
614 5053 738 5102 sunt
767 5056 876 5102 tres
915 5062 1134 5112 manus;
1196 5057 1252 5102 et
1282 5048 1424 5102 sicut
1453 5049 1505 5102 in
1541 5050 1682 5104 rubo
1721 5049 1884 5104 Mosis
1929 5059 2048 5103 erat

473 5154 653 5194 sermo
673 5150 726 5194 et
752 5137 966 5193 ﬂamma
990 5147 1045 5193 et
1091 5140 1181 5207 qui
1235 5139 1585 5209 loquebatur;
1617 5150 1673 5195 et
1693 5143 2049 5210 quetnadnto-

473 5233 600 5285 dum
653 5231 704 5285 in
755 5230 968 5286 camino
1017 5230 1176 5285 trium
1225 5246 1516 5301 puerorum
1559 5241 1678 5288 erat
1721 5234 1953 5302 hymnus
1999 5242 2054 5288 et

474 5318 688 5374 ﬂamma
715 5329 771 5376 et
801 5333 913 5384 ros,
944 5333 1084 5374 unus
1116 5334 1243 5376 vero
1273 5322 1518 5399 caminus
1567 5334 1716 5386 erat;
1746 5306 1798 5376 et
1824 5324 1964 5377 sicut
1998 5323 2050 5375 in

475 5409 798 5465 numismate
821 5419 905 5465 est
943 5426 1136 5466 aurum
1164 5420 1221 5466 et
1267 5411 1444 5480 imago
1467 5420 1523 5465 et
1570 5411 1850 5480 inscriptio
1892 5412 2055 5479 impea

475 5503 711 5567 ratoris,
741 5501 819 5557 sic
871 5511 927 5558 et
975 5504 1027 5558 in
1071 5511 1416 5559 sacrosancta
1463 5502 1730 5556 Trinitate
1772 5501 2052 5556 inconfnsa

478 5603 558 5645 est
589 5593 715 5645 nnio
742 5593 795 5648 in
821 5608 926 5647 una
962 5594 1123 5648 trium
1169 5609 1526 5664 personarum
1562 5597 1795 5651 essentia
1823 5610 1886 5651 ac
1918 5595 2055 5649 divi-

481 5682 663 5737 nitate.

553 5834 571 5868 ⁵
605 5835 750 5891 Psal.
780 5852 900 5906 cu,
923 5840 978 5894 5.
1056 5841 1076 5874 ⁸
1107 5840 1251 5910 Psat.
1294 5859 1353 5906 ιι,
1381 5845 1435 5898 7.

2149 4683 2237 4746 δος
2269 4682 2364 4735 καὶ
2387 4681 2448 4734 τὸ
2482 4679 2676 4750 φύλλον
2704 4677 2798 4730 τοῦ
2831 4676 3045 4748 δένδρου
3089 4675 3188 4726 οὐκ
3216 4672 3330 4724 ἐστι
3354 4669 3480 4740 τρία
3509 4669 3714 4737 δένδρα’

2153 4774 2246 4827 καὶ
2275 4773 2463 4843 ὥσπερ
2495 4774 2524 4825 6
2577 4769 2854 4840 ὀφθαλμὸς
2884 4768 2976 4820 καὶ
3009 4768 3040 4835 ἡ
3082 4766 3214 4835 κόρη
3250 4763 3342 4816 καὶ
3373 4762 3433 4813 τὸ
3465 4761 3585 4829 φῶς
3635 4756 3716 4810 τοῦ

2151 4864 2426 4935 ὀφθαλμοῦ
2457 4863 2557 4916 οὐκ
2586 4863 2693 4914 εἰσὶ
2713 4862 2863 4932 τρεῖς
2890 4855 3176 4925 ὀφθαλμοί·
3199 4854 3288 4906 καὶ
3306 4851 3494 4920 ὥσπερ
3525 4851 3559 4918 ἡ
3585 4845 3720 4915 πηγὴ

2154 4959 2248 5016 καὶ
2273 4957 2301 5007 6
2335 4954 2576 5026 ποταμὸς
2608 4953 2703 5006 καὶ
2731 4953 2758 5004 6
2785 4948 2920 5020 ρὐξ
2948 4950 2977 5000 6
3004 4949 3067 4998 ἐκ
3083 4944 3175 4997 τοῦ
3201 4942 3468 5013 ποταμοῦ,
3505 4942 3607 4994 οὐκ
3628 4937 3721 4990 εἰσὶ

2153 5049 2279 5120 τρία
2293 5047 2479 5100 ῦδατου
2514 5046 2608 5098 καὶ
2637 5043 2870 5113 ὦσπερό
2909 5039 3146 5110 βραχίων
3186 5037 3280 5088 καὶ
3311 5036 3340 5086 6
3379 5033 3591 5103 καρπὸς
3628 5031 3710 5084 καὶ

2153 5142 2186 5210 ἡ
2235 5138 2460 5208 παλάμη
2508 5137 2608 5190 οὐκ
2639 5136 2746 5187 εἰσὶ
2775 5134 2925 5204 τρεῖς
2963 5133 3177 5201 χεῖρες·¹
3214 5130 3308 5181 καὶ
3353 5126 3544 5194 ὥσπερ
3570 5127 3603 5194 ἡ
3641 5120 3720 5172 ἐπὶ

2157 5231 2399 5293 Μωσέως
2451 5229 2609 5299 βάτος
2639 5225 2752 5297 εἶχε
2798 5225 2955 5294 λόγον
2989 5222 3082 5277 καὶ
3121 5220 3292 5290 φλόγα
3333 5219 3426 5272 καὶ
3451 5215 3718 5270 λαλοῦντα·

2158 5324 2252 5382 καὶ
2273 5322 2461 5392 ὥσπερ
2497 5324 2529 5390 ἡ
2552 5320 2779 5389 κάμινος
2818 5317 2928 5370 τῶν
2951 5314 3119 5385 τριῶν
3148 5311 3352 5365 παίδων
3402 5304 3544 5378 εἶχεν
3570 5305 3721 5374 ὕμνον

2158 5417 2251 5469 καὶ
2301 5415 2475 5485 φλόγα
2501 5413 2594 5466 καὶ
2626 5412 2839 5481 δρόσον,
2880 5410 2975 5480 μία
2998 5409 3224 5478 κάμινος
3251 5401 3406 5457 οὖσαο
3438 5402 3531 5454 καὶ
3549 5400 3719 5464 ὥσπερ

2159 5507 2220 5560 τὸ
2245 5507 2488 5577 νόμισμα
2549 5504 2660 5573 ἔχει
2709 5502 2909 5573 χρυσὸν
2965 5501 3059 5552 καὶ
3107 5497 3290 5550 εἰκόνα
3335 5495 3429 5547 καὶ
3458 5493 3609 5560 λόγον
3636 5503 3717 5539 του

2163 5575 2444 5668 βασιλέως
2476 5595 2647 5657 οὕτως
2674 5596 2731 5646 ὲν
2761 5595 2826 5663 τῇ
2857 5590 3098 5660 παναγία
3132 5586 3322 5659 Τριάδι
3351 5583 3645 5652 άσῦγχυτος
3688 5575 3715 5625 ἢ

2160 5688 2355 5752 ἓνωσις
2380 5691 2436 5743 ἐν
2463 5684 2878 5758 τρισυποστάτῳ
2908 5683 3006 5753 μιᾷ
3036 5679 3194 5748 οὐσίᾳ
3215 5676 3308 5730 καὶ
3335 5673 3562 5744 Θεότητι.

1513 5846 1534 5878 ⁸
1557 5843 1670 5903 Joel
1696 5863 1755 5908 ιι.
1785 5844 1885 5906 9.8;
1916 5845 2016 5902 lsa.
2050 5859 2194 5905 xuv.
2231 5844 2282 5898 5.
