3890 6274
254 338 366 402 εδδ

1387 349 1731 410 DlALOGUS
1769 350 1858 410 DE
1897 351 1956 411 S.
1998 355 2393 422 'I‘lllNl’l'A'l‘E.

3397 379 3505 443 8!."

337 463 404 517 '0
451 461 758 530 Ἰουδαῖος..
806 464 930 519 Κᾶν
979 465 1117 520 εῖπω
1157 467 1289 522 Θεὸν
1346 469 1438 524 τὸν
1488 473 1740 544 Χριστὸν,
1765 475 1826 527 οὐ

2000 477 2244 536 luditur.
2275 482 2496 540 Etiamsi
2546 484 2815 543 Christum
2861 489 3122 549 conﬁtear
3150 491 3318 552 Deum
3358 513 3506 564 esse,

254 554 441 626 τολμῶ
469 554 646 624 λέγειν
675 557 835 610 αὑτὸν
861 558 1142 628 ὁμοούσιον
1163 561 1266 614 τοῦ
1282 563 1512 634 Πατρός.

339 648 403 700 Ὀ
427 648 662 713 πιστός.
692 648 818 700 Ἐὰν
867 649 1004 713 ὅλως
1034 652 1300 724 καταδέξῃ
1346 654 1628 724 ὁμολογεῖν
1673 658 1832 710 αὐτὸν

252 737 405 802 Θεὸν,
441 737 728 806 γινώσκεις
759 740 1002 809 ἀκριϐῶς
1049 743 1144 796 καὶ
1176 744 1580 814 ἀναμφιίόλως,
1613 748 1695 800 ὅτι
1740 750 1836 802 αὺ-

251 827 342 890 τὸς
387 828 608 896 φωτίζει
641 846 697 882 σε
729 829 816 882 διὰ
850 830 958 884 τῶν
992 831 1150 886 θείων
1206 836 1434 906 Γραφῶν
1477 839 1570 891 καὶ
1619 856 1834 911 προφηι

251 916 384 978 τῶν,
413 919 494 971 ὅτι
524 918 656 982 Θεός
693 921 842 974 ἐστιν
874 925 902 975 6
949 924 1075 988 Υἱὸς
1108 928 1452 997 προαιὼνιος,
1478 931 1538 982 ού
1572 933 1832 1002 σχετικῶς

253 1007 434 1072 καθὼς
460 1011 508 1062 oi.
540 1009 715 1063 λοιποὶ
747 1011 1041 1085 ἄνθρωποι,
1074 1015 1208 1070 ἀλλὰ
1233 1019 1495 1086 φυσικῶς,
1532 1021 1606 1085 ὡς
1639 1025 1752 1091 φῶς
1772 1025 1835 1077 ὲκ

252 1100 451 1168 φωτὸς,
477 1103 572 1154 καὶ
609 1103 741 1166 Θεὸς
767 1104 833 1156 ὲκ
858 1105 1014 1159 Θεοῦ.
1047 1107 1183 1160 Οὔτε
1212 1110 1319 1180 γὰρ
1339 1109 1414 1173 ὡς
1458 1111 1707 1183 Ἀϐραὰμ
1740 1114 1834 1167 καὶ

263 1191 452 1245 ¹ἰσαὰκ
477 1192 568 1245 καὶ
610 1192 810 1245 Ἰακὼϐ
843 1199 991 1265 τρεῖς
1020 1198 1158 1249 εἰσιν
1187 1197 1463 1269 ἄνθρωποι
1502 1201 1562 1265 ἐξ
1590 1203 1834 1274 ἀλλήλων

254 1285 674 1354 μεμερισμένοι,
724 1284 867 1338 υῦτω
911 1285 1143 1355 λέγομεν
1174 1290 1394 1358 Πατέρα
1442 1291 1536 1344 καὶ
1563 1292 1690 1345 Υἰὸν
1743 1295 1836 1346 καὶ

249 1376 408 1444 ἅγιον
441 1374 679 1446 Πνεῦμα.
707 1375 842 1428 Οὔτε
871 1375 1059 1448 ὥσπερ
1089 1381 1238 1446 τρεῖς
1263 1379 1545 1450 λαμπάδες
1571 1382 1836 1454 διῃρημέ-

249 1481 363 1530 ναι,
395 1464 427 1534 ἢ
471 1468 620 1535 τρεῖς
659 1465 840 1519 στύλοι
873 1467 1290 1538 κεχωρισμένοι,
1328 1471 1360 1538 ἢ
1402 1471 1590 1542 ὥσπερ
1618 1473 1836 1542 Μιχαὴλ

250 1559 350 1610 καὶ
382 1557 639 1628 Γαϐριὴλ,
693 1557 865 1622 οὕτως
909 1561 1203 1629 ἀπέχουσιν
1233 1561 1478 1632 ἀλλήλων
1510 1564 1700 1634 Πατὴρ
1743 1567 1835 1618 καὶ

252 1651 404 1713 Υἱός’
438 1649 560 1704 οὔτε
593 1650 782 1722 ὥσπερ
811 1651 980 1722 Ἀδάμ
1010 1653 1307 1725 γεγέννηκε
1335 1656 1426 1708 τὸν
1460 1656 1646 1718 Ἀδελ,
1667 1657 1836 1720 οὕτως

249 1743 283 1794 6
312 1741 443 1804 Θεὸς
475 1741 775 1812 γεγέννηκε
821 1742 950 1795 Υἱὸν
1007 1745 1371 1815 ὲκπορευτῶς,
1435 1747 1529 1798 καὶ
1573 1748 1831 1815 ρευστῶς,

1933 567 2080 624 Patri
2111 580 2286 626 tamen
2318 577 2829 634 consubstantialem
2871 597 2975 637 non
3011 585 3181 639 ausim
3214 586 3502 643 aﬁirmare.

2007 660 2361 719 Christianus.
2395 667 2451 721 Si
2479 669 2701 725 ornnino
2747 687 2868 726 eum
2899 675 3098 744 recipis
3133 677 3204 731 ita
3241 687 3297 732 ut
3332 676 3500 733 Deum

1934 753 2264 817 conﬁtearis,
2307 771 2498 812 nosces
2525 769 2775 814 accurate
2824 771 2876 814 et
2914 764 3190 819 evidenter
3220 769 3361 837 quod
3389 769 3505 838 ipse

1937 852 1989 897 te
2022 859 2116 911 per
2155 860 2340 900 sacras
2365 847 2670 916 Scripturas
2692 861 2746 905 et
2782 869 2878 922 per
2919 858 3206 926 prophetas
3232 861 3502 915 illumina-

1935 933 2036 996 hit,
2059 933 2238 1002 sitque
2273 935 2413 993 Deus
2445 937 2614 996 Filius
2636 952 2891 1006 aeternus,
2923 960 3025 998 non
3056 963 3150 1016 per
3189 949 3500 1006 relationem

1935 1025 2073 1080 sicut
2093 1028 2270 1082 cmteri
2295 1027 2556 1098 homines,
2590 1034 2682 1087 sed
2718 1048 2812 1102 per
2853 1044 3119 1105 naturam,
3151 1049 3204 1092 ut
3236 1041 3413 1095 lumen
3440 1043 3505 1097 de

1936 1118 2153 1184 lumine,
2183 1129 2236 1174 et
2269 1121 2408 1176 Deus
2442 1136 2508 1176 ex
2558 1123 2685 1178 Deo.
2721 1125 2833 1181 Non
2867 1130 3008 1183 enim
3044 1130 3180 1184 sicut
3208 1131 3502 1198 Abraham,

1937 1211 2086 1264 lsaac
2115 1219 2168 1264 et
2190 1209 2354 1267 Jacob
2387 1223 2653 1268 tres-sunt
2679 1216 2922 1273 homines
2955 1235 3019 1274 ex
3053 1219 3284 1275 invicem
3314 1223 3504 1278 distin-

1936 1301 2031 1364 cti,
2058 1301 2136 1355 sic
2163 1300 2397 1368 Patrem,
2450 1303 2643 1359 Filium
2683 1317 2737 1361 et
2767 1307 3025 1378 Spiritum
3071 1321 3317 1366 sanctum
3369 1313 3503 1368 dici-

1937 1406 2089 1459 mus;
2126 1409 2300 1464 neque
2345 1405 2401 1449 ut
2435 1405 2546 1452 tres
2579 1397 2812 1454 lucerna;
2853 1401 3143 1468 distinctae,
3166 1414 3257 1458 aut
3283 1414 3389 1460 tres
3413 1420 3503 1460 se-

1935 1489 2137 1550 paratae
2168 1482 2460 1548 columnae;
2489 1500 2661 1554 neque
2687 1487 2825 1541 sicut
2853 1487 3075 1545 Michael
3100 1491 3403 1560 etGabriel,
3431 1495 3504 1549 ita

1937 1573 2163 1628 invicem
2190 1574 2416 1640 sejuncti
2460 1587 2585 1630 sunt
2627 1577 2783 1631 Pater
2813 1589 2865 1632 et
2904 1579 3106 1644 Filius;
3139 1598 3309 1650 neque
3365 1585 3477 1639 sieu

1937 1662 2104 1716 Adam
2133 1664 2354 1719 Ahelem
2382 1669 2586 1735 genuit,
2623 1668 2696 1722 ita
2730 1669 2869 1723 Deus
2906 1673 3090 1741 genuit
3127 1672 3321 1728 Filium
3359 1688 3496 1732 nte:

1937 1768 1995 1807 se
2019 1755 2388 1824 egrederetur,
2429 1756 2694 1824 eﬂlueret,
2735 1762 2985 1816 seminali
3028 1772 3077 1817 et
3111 1767 3374 1834 corporali
3415 1783 3503 1819 ra-

256 1831 519 1904 crtaprt'bc
573 1834 666 1886 καὶ
714 1836 1068 1904 σωματικῶς,
1099 1835 1313 1903 άπαγεῐ
1372 1837 1445 1889 Οὐ
1499 1838 1606 1908 γάρ
1647 1836 1833 1910 ὥσπερ

1945 1843 2105 1898 tione.
2138 1843 2352 1914 Apage!
2393 1844 2511 1902 Non
2558 1849 2700 1902 enim
2749 1849 2888 1904 sicut
2922 1863 3019 1920 ego
3054 1853 3202 1921 prior
3239 1869 3356 1907 smn
3398 1855 3508 1911 ﬁlio

254 1925 572 1996 προτερεύω
601 1923 712 1993 ἐγὼ
747 1925 840 1978 καὶ
881 1925 1080 1995 μείζων
1124 1927 1239 1996 εἰμὶ
1258 1927 1350 1980 τοῦ
1376 1928 1507 1998 ἐμοῦ
1531 1930 1670 1995 υἱοῦ,
1693 1930 1834 1984 οὕτω

253 2017 353 2070 καὶ
377 2017 404 2068 6
434 2015 622 2086 Πατὴρ
675 2017 771 2070 καλ⁵
821 2016 952 2080 Θεὸς
983 2017 1324 2087 προῦπάρχει
1366 2018 1457 2071 τοῦ
1509 2018 1662 2074 Υῑοῦ.
1693 2021 1832 2074 Ἀλλ’

254 2107 378 2178 ἃμα
411 2106 620 2177 Πατὴρ,
658 2107 777 2176 ἅμα
809 2105 957 2168 Υἱὸς,
989 2106 1064 2170 ὼς
1100 2107 1215 2177 ἅμα
1245 2108 1427 2180 ἡμέρᾳ
1456 2109 1518 2162 τὸ
1549 2111 1683 2179 φῶς.
1725 2111 1834 2164 Kal

253 2217 446 2288 ὥσπερ
471 2219 586 2288 ἅμα
618 2219 652 2289 ἡ
687 2218 870 2289 ἡμέρα
911 2220 1006 2272 καὶ
1029 2220 1057 2272 ὁ
1079 2221 1230 2290 ἥλιος
1272 2222 1366 2274 καὶ
1393 2222 1453 2275 τὸ
1475 2223 1609 2292 φῶς,
1663 2223 1837 2289 οὕτως

254 2310 378 2378 ἅμα
414 2310 604 2380 Πατὴρ
647 2310 742 2362 καὶ
783 2311 908 2374 Υἱὸς
933 2313 1026 2364 καὶ
1053 2313 1116 2365 τὸ
1141 2313 1382 2384 Πνεῦμα.
1409 2315 1519 2368 Kal
1546 2315 1620 2386 μὴ
1654 2317 1832 2388 εἴπῃς,

254 2397 383 2462 Πῶς
409 2401 512 2452 εἱσι
534 2399 743 2463 ταῦτα;
772 2401 911 2472 ὑπὲρ
945 2401 1052 2474 γὰρ
1073 2403 1134 2455 τὸ
1165 2403 1282 2466 πῶς
1303 2404 1498 2460 ταῦτα.
1527 2406 1616 2474 Μὴ
1642 2405 1831 2479 εἴπῃς,

254 2489 404 2558 Ποιῳ
436 2489 650 2560 τρόπῳς
691 2490 830 2561 ὑπὲρ
877 2490 987 2561 γὰρ
1036 2491 1258 2562 τρόπον,
1301 2492 1392 2546 τοῦ
1422 2493 1556 2546 Θεοῦ
1593 2497 1622 2546 6
1656 2496 1832 2560 τόκος.

254 2579 351 2650 Μὴ
390 2579 571 2650 εἴπῃς,
601 2580 746 2650 Ποίῳ
773 2580 948 2652 λόγῳ;
989 2583 1128 2653 ὑπὲρ
1165 2583 1320 2651 λόγον
1349 2587 1377 2638 6
1405 2585 1598 2653 Λόγος.
1624 2586 1714 2656 Μὴ
1737 2585 1834 2658 ζη-

253 2685 360 2735 τει,
396 2669 538 2739 Ποξῳ
569 2671 780 2742 χρόνῳ;
815 2673 956 2749 ὑπὲρ
1001 2674 1110 2745 γὰρ
1156 2674 1344 2746 χρόνον
1387 2676 1414 2727 6
1454 2675 1700 2746 άχρονος.
1742 2677 1834 2749 Μὴ

257 2759 445 2830 εἴπῃς,
489 2760 575 2814 Ἐν
613 2761 752 2832 ποίῳ
800 2747 984 2832 τόπῳ;
1013 2764 1154 2835 ὑπὲρ
1177 2764 1283 2836 γὰρ
1314 2766 1496 2820 τόπον.
1529 2766 1619 2838 Μὴ
1663 2747 1834 2839 ζήτει,

268 2851 362 2903 Ἐν
409 2852 536 2922 ποία
581 2853 758 2922 ἀρχῆς
797 2853 936 2924 ὑπὲρ
982 2855 1154 2926 ἀρχὴν
1201 2855 1311 2928 γάρ
1336 2859 1369 2926 ἡ
1401 2859 1633 2930 ἄναρχος
1666 2861 1832 2932 ἀρχή·

257 2941 565 3012 Προσκύνει
604 2942 737 2997 Θεὸν
774 2945 848 3015 μὴ
895 2945 1130 3015 ἐρευνῶν
1163 2947 1314 3001 Θεόν.
1363 2949 1642 3018 Ὀμολόγει
1667 2952 1837 3004 Πατέο

261 3051 354 3105 ρα,
383 3033 518 3088 ἀλλὰ
546 3035 620 3106 μὴ
645 3033 796 3106 ζήτει
831 3037 890 3090 τὸ
917 3039 1148 3109 πρᾶγμα
1174 3038 1268 3092 τοῦ
1293 3039 1432 3094 κατὰ
1473 3041 1604 3096 Θεὸν
1629 3059 1834 3114 μυστη-

261 3127 400 3200 ρίου.
433 3127 660 3181 Πιστευε
689 3130 768 3192 εις
797 3129 944 3193 Υἱὸν,
986 3135 1061 3201 μὴ
1090 3131 1355 3202 ψηλαφῶν
1377 3134 1466 3186 τὸν
1491 3135 1692 3204 τρόπον
1738 3136 1836 3226 τῆς
1864 3164 1930 3226 Ci

259 3217 604 3288 προανάρχου
665 3222 990 3289 γεννήσεως.
1041 3223 1294 3294 Ἀνύμνει
1341 3223 1401 3276 τὸ
1458 3225 1700 3296 Πνεῦμα,
1763 3225 1836 3296 μὴ

260 3307 732 3379 πολυπραγμονῶν
761 3309 820 3363 τὸ
847 3313 1031 3382 χρῆμα
1060 3313 1157 3382 τῆς
1185 3313 1583 3385 ὲκπορεύσεως.
1620 3317 1840 3388 Μυστή-

264 3417 379 3471 ριον
398 3400 505 3470 γὰρ
538 3402 1086 3473 καταλαμϐανόμενον
1119 3405 1302 3458 οὐκέτι
1342 3406 1490 3476 μένει
1521 3409 1835 3478 μυστήριον·

263 3491 372 3544 πᾶν
403 3491 461 3544 δὲ
483 3492 542 3545 τὸ
596 3493 671 3562 μὴ
719 3492 778 3545 ὃν
815 3496 1131 3565 μυστήριον,
1153 3496 1304 3549 οὐδέν
1341 3499 1458 3550 ἐστι
1493 3497 1841 3568 θαυμαζόμε-

263 3597 372 3634 νον.
393 3582 557 3635 Ὅσον
579 3579 672 3638 οῦν
695 3586 982 3655 ἐρευνᾶται
1004 3586 1156 3653 Θεὸς,
1175 3588 1427 3643 τοσοῦτον
1449 3590 1606 3644 πλέον
1633 3593 1840 3660 ἀγνοεῖ-

264 3689 357 3725 ται
412 3673 508 3725 καὶ
537 3673 857 3745 κρύπτεται·
905 3676 998 3728 καὶ
1025 3677 1148 3729 ὅσον
1181 3679 1576 3734 καταδιώκεται
1629 3683 1721 3734 καὶ
1752 3683 1840 3749 ἐξ·

265 3765 577 3834 ερευνᾶται,
613 3763 870 3818 τοσοῦτον
896 3766 1056 3819 πλέον
1089 3769 1150 3820 οὐ
1191 3770 1686 3841 καταλαμϐάνεται,
1719 3773 1840 3825 οὐδὲ

266 3853 616 3924 φανεροῦταιο
655 3856 750 3908 καὶ
769 3857 892 3909 ὅσον
925 3857 1262 3928 ψηλαφᾶται,
1297 3860 1534 3931 τοσούτῳ
1578 3863 1737 3916 πλέον
1779 3865 1840 3918 ού

269 3943 530 4013 φθάνεται
575 3945 695 3998 οὐδὲ
729 3947 1061 4017 εὑρίσκεται.
1098 3949 1305 4013 Πάντες
1338 3953 1386 4003 οἱ
1435 3951 1567 4005 Θεὸν
1615 3954 1842 4024 ἐρευνή-

270 4051 483 4098 σαντες,
533 4036 690 4089 σκιὰν
720 4038 990 4108 κρατῆσαι
1046 4040 1384 4106 ἐσπούδασαν
1405 4058 1416 4070 ·
1456 4043 1548 4096 καὶ
1575 4044 1688 4096 ὅσοι
1712 4045 1842 4097 Θεὸν

271 4124 463 4196 μαθεῖν
507 4125 855 4196 ἐδοκίμασαν,
902 4127 1134 4198 ἀνέμους
1185 4130 1505 4184 ἀποκλεῖσαι
1555 4134 1612 4186 ὲν
1662 4133 1844 4203 κόλπῳ

262 4215 558 4286 ἠθέλησαν
588 4217 677 4270 καὶ
704 4218 819 4271 ὅσοι
848 4220 1175 4274 καταλαδεῖν
1207 4221 1303 4290 τὴν
1345 4221 1573 4293 θεότητα
1597 4225 1847 4294 νομίζου-

267 4323 376 4372 σιν,
411 4306 656 4361 ἑνύπνιον
699 4309 792 4362 καὶ
821 4310 1122 4377 φαντασίαν
1151 4312 1458 4382 κατέχουσι’
1486 4314 1579 4366 καὶ
1608 4316 1720 4367 ὅσοι
1748 4313 1844 4384 βα-

268 4395 427 4451 θῦναι
449 4399 577 4470 περὶ
597 4399 731 4452 Θεοῦ
765 4401 976 4469 φύσεως
1013 4401 1288 4472 ἐνόμισαν,
1323 4405 1402 4466 εἰς
1428 4405 1665 4474 αἱρέσεις
1693 4406 1847 4476 ἐτρά-

1940 1953 2062 1992 meo
2090 1939 2388 2010 majorque,
2417 1942 2487 1996 ita
2519 1951 2572 1997 et
2601 1942 2760 1998 Pater
2789 1953 2842 1999 et
2868 1946 3009 2001 Deus
3039 1955 3260 2004 estante
3285 1947 3504 2004 Filium.

1943 2025 2047 2081 Sed
2083 2027 2242 2082 simul
2299 2030 2478 2096 Pater,
2541 2032 2698 2086 simul
2729 2033 2916 2100 Filius,
2972 2046 3028 2090 ut
3059 2036 3215 2090 simul
3245 2053 3365 2091 curn
3420 2038 3506 2091 die

1941 2118 2060 2184 lux;
2116 2130 2171 2174 et
2223 2123 2671 2189 quemadmodum
2717 2126 2876 2179 simul
2906 2126 3042 2191 dies,
3076 2128 3154 2183 sol
3189 2141 3240 2183 et
3286 2129 3398 2196 lux,
3426 2131 3504 2184 sic

1943 2210 2097 2264 simul
2139 2221 2264 2266 sunt
2323 2212 2503 2279 Pater,
2535 2214 2702 2269 Filius
2742 2228 2797 2270 et
2836 2217 3086 2286 Spiritus.
3142 2219 3250 2275 Nec
3280 2221 3507 2288 dixeris,

1942 2300 2219 2367 Quomodo
2246 2301 2398 2356 haec?
2420 2312 2546 2357 sunt
2567 2305 2710 2358 enim
2737 2321 2892 2373 supra
2914 2307 3149 2360 modum.
3171 2305 3248 2360 Ne
3276 2307 3506 2371 dixeris,

1942 2393 2056 2458 Qua
2094 2393 2332 2447 ratione?
2363 2409 2522 2463 supra
2587 2396 2852 2450 rationem
2889 2397 3031 2452 enim
3087 2397 3176 2450 Dei
3209 2397 3505 2463 generatio.

1943 2481 2019 2537 Ne
2048 2483 2215 2547 dicas,
2258 2485 2373 2552 Quo
2406 2486 2666 2542 oonsilio?
2704 2488 2930 2544 consilio
2975 2489 3221 2559 superius
3254 2488 3344 2544 Dei
3377 2490 3509 2546 Ver-

1944 2575 2090 2629 bum.
2123 2574 2201 2630 Ne
2227 2591 2457 2645 quaeras,
2499 2579 2616 2645 Quo
2647 2581 2921 2648 tempore?
2951 2597 3110 2651 supra
3135 2592 3340 2650 tempus
3363 2583 3506 2638 enim

1941 2665 2032 2735 qui
2069 2667 2324 2735 temporis
2348 2684 2544 2737 expers
2576 2681 2661 2724 est
2690 2679 2745 2724 et
2775 2681 3028 2725 aeternus.
3053 2670 3129 2726 Ne
3165 2672 3334 2740 dicas,
3367 2675 3510 2741 Quo-

1943 2770 2066 2808 nam
2101 2755 2252 2810 loco?
2301 2773 2422 2810 nam
2447 2767 2527 2811 est
2556 2774 2718 2828 supra
2755 2760 2956 2814 locum.
2982 2759 3060 2815 Ne
3091 2762 3336 2831 qttazrit‘o,
3362 2762 3508 2830 Quo-

1943 2862 2067 2900 nam
2108 2849 2412 2918 principio?
2450 2865 2609 2920 super
2641 2853 2964 2922 principium
2997 2854 3138 2908 enim
3190 2865 3272 2910 est
3319 2870 3512 2912 carens

1942 2938 2204 3007 principio
2265 2940 2606 3008 principium.
2663 2941 2840 2995 Adora
2922 2944 3110 3007 Deum,
3151 2959 3219 2999 ne
3266 2957 3510 3001 scrutare

1943 3029 2131 3084 Deum.
2163 3029 2436 3086 Conﬁtere
2463 3031 2698 3094 Patrem,
2730 3034 2914 3088 sedne
2952 3035 3174 3103 qumrito
3217 3035 3509 3090 divinina-

1943 3123 2402 3192 turamqnysterii.
2435 3123 2606 3178 Crede
2633 3125 2685 3178 in
2718 3124 2932 3191 Filium,
2977 3140 3073 3180 nec
3103 3127 3350 3181 manibus
3389 3129 3506 3205 pal-

1940 3212 2301 3281 pareiustitue
2329 3215 2541 3270 modum
2569 3226 2782 3272 πίθηκε
2813 3219 3195 3288 generationis.
3222 3219 3353 3274 Nam
3391 3237 3507 3292 my.-

1939 3305 2164 3358 sterium
2205 3305 2248 3359 si
2282 3308 2755 3375 comprehenditur
2793 3325 2899 3364 non
2929 3311 3159 3382 amplius
3189 3315 3505 3383 mysterium

1942 3403 2148 3458 manet,
2179 3395 2437 3464 quidquid
2469 3413 2595 3452 vero
2645 3401 2966 3469 mysterium
3004 3415 3108 3455 non
3159 3412 3263 3465 est,
3305 3403 3362 3456 id.
3401 3419 3504 3458 non

1941 3483 2171 3552 amplius
2193 3485 2472 3538 miramur.
2495 3487 2708 3553 Quanto
2742 3490 2910 3558 magis
2943 3490 3105 3560 igitur
3135 3503 3382 3546 naturam
3411 3493 3503 3547 Dei

1940 3576 2220 3640 scrutaris,
2280 3586 2429 3632 tanto
2490 3579 2658 3649 magis
2727 3580 3007 3649 ignoratur
3063 3583 3506 3654 omultaturque;

1941 3681 2050 3736 quo
2077 3667 2246 3737 magis
2289 3683 2414 3722 eum
2455 3669 2752 3738 insequeris
2785 3679 2839 3725 et
2863 3673 3127 3741 exquiris,
3157 3684 3305 3728 tanto
3335 3675 3510 3728 minus

1943 3759 2419 3824 comprehenditur
2482 3769 2537 3814 et
2596 3761 3012 3828 manifestatur;
3075 3777 3277 3834 quanto
3341 3765 3511 3835 magis

1942 3850 2156 3904 conaris
2192 3865 2312 3905 eum
2342 3853 2588 3908 manibus
2624 3854 2866 3924 palpare,
2900 3865 3047 3911 tanto
3076 3857 3508 3925 apparet'miuus,

1944 3943 2230 4012 minusque
2253 3947 2540 4014 reperitur.
2563 3945 2764 4003 Omnes
2800 3956 3062 4018 quotquot
3090 3949 3321 4003 scrutari
3345 3948 3508 4002 Demn

1943 4035 2184 4104 aggressi
2232 4046 2378 4102 sunt,
2405 4037 2647 4090 umbram
2672 4039 3132 4108 comprehendere
3157 4040 3508 4104 studuerunt;

1943 4136 1998 4181 et
2030 4137 2292 4197 quotquot
2344 4127 2436 4182 Dei
2490 4113 2734 4182 naturam
2771 4129 3123 4184 instituerunt
3171 4139 3509 4198 perSpectam

1947 4218 2168 4282 habere,
2209 4227 2392 4272 ventos
2433 4219 2552 4272 sinu
2601 4219 2922 4272 concludere
2963 4218 3279 4281 voluerunt;
3315 4217 3513 4286 quique

1946 4311 2258 4364 existimant
2285 4311 2616 4364 divini-tatem
2645 4325 2703 4365 se
2731 4310 3207 4378 comprehendere,
3241 4311 3508 4364 somnium

1947 4411 2002 4456 et
2031 4401 2468 4469 imaginationem
2499 4402 2927 4468 amplectuntur;
2959 4411 3013 4455 et
3044 4402 3134 4470 qui
3161 4403 3226 4454 ad
3249 4399 3510 4470 profunda

269 4501 470 4557 πησαν⁶
526 4489 619 4543 καὶ
664 4490 778 4543 ὅσοι
821 4490 955 4544 Θεοῦ
1001 4490 1248 4560 λέγουσιν
1295 4495 1376 4546 ὅτι
1405 4493 1666 4561 ἔφθασαν,
1722 4496 1839 4548 οὐδὲ

1949 4501 2154 4545 naturae
2177 4490 2269 4543 Dei
2303 4489 2400 4544 visi
2419 4500 2544 4544 sunt
2573 4489 2673 4544 sibi
2701 4500 3038 4559 penetrasse,
3076 4489 3130 4543 in
3165 4489 3396 4544 haereses
3427 4489 3512 4542 iu-

269 4577 480 4646 ῥανίδος
533 4579 599 4632 ὲκ
641 4580 821 4652 πάσης
878 4585 976 4651 τῆς
1029 4582 1268 4661 άῦύσσου
1324 4585 1654 4656 ἐκράτησαν,
1709 4585 1844 4639 ἀλλὰ

270 4667 430 4720 σκιὰν
461 4668 886 4736 καταδιώξαντες
926 4673 1026 4724 οὐκ
1060 4672 1325 4742 ἔφθασαν.

343 4851 534 4914 Πίστις
569 4847 662 4906 οῦν
701 4852 788 4906 διὰ
821 4853 979 4906 τοῦτο
1012 4855 1220 4918 ἀκούει,
1253 4855 1334 4908 ὅτι
1370 4856 1477 4918 πᾶς
1504 4855 1533 4907 6
1568 4855 1841 4908 πιστεύων
1913 4915 1918 4920 ε

266 4943 370 4998 ούκ
404 4943 620 5014 ἐρευνᾷ,
648 4945 723 5006 ὡς
754 4945 801 4996 οἱ
834 4945 1076 5006 ἄπιστοι,
1097 4946 1248 4999 Θεόν.
1283 4947 1394 5000 Kal
1425 4947 1476 4999 τί
1503 4946 1648 5014 λέγω
1670 4946 1842 5010 Θεόν;

267 5035 394 5094 οὐδὲ
433 5034 503 5088 τά
548 5037 641 5089 τοῦ
687 5035 823 5088 Θεοῦ
877 5038 1158 5107 ποιήματα
1222 5038 1531 5109 ἀνθρώποις
1583 5037 1842 5107 εὔληπτα.

272 5125 410 5179 Εἰπὲ
453 5127 561 5197 γάρ
603 5145 694 5198 μοι
746 5129 846 5194 σὺ,
895 5131 924 5179 6
966 5129 1134 5184 θέλων
1180 5131 1467 5202 ὲξερευνᾷν
1510 5133 1603 5184 καὶ
1651 5130 1846 5201 μαθεῖν

274 5217 438 5285 φύσιν
476 5217 630 5282 Θεοῦ,
668 5220 770 5272 ποῦ
800 5221 937 5274 εἰσὶν
965 5224 1015 5274 οἱ
1070 5223 1318 5291 ἄγγελοι;
1360 5225 1453 5276 καὶ
1496 5223 1669 5276 ὁποῖοί
1708 5225 1844 5285 alat;

274 5310 372 5360 καὶ
395 5309 524 5361 πότε
564 5311 847 5377 ὲγένοντο;
881 5313 976 5366 καὶ
1018 5314 1178 5367 πόθεν
1215 5315 1596 5379 συνίστανται.;
1639 5315 1734 5368 καὶ
1758 5313 1846 5366 διὰ

219 5393 232 5402 ”
272 5401 328 5455 τί
360 5402 420 5455 οὐ
453 5403 761 5472 φαίνονται;
795 5408 890 5459 καὶ
933 5406 1014 5470 τίς
1047 5409 1193 5460 ἐστιν
1237 5409 1270 5477 ἡ
1319 5407 1477 5475 φύσις
1507 5405 1720 5470 αὐτῶν;
1754 5409 1848 5458 xal

274 5493 460 5545 ὁποῖόν
504 5493 619 5546 ἐστι
651 5493 713 5546 τὸ
759 5498 944 5568 σχῆμα
980 5495 1190 5560 αὐτῶν,
1242 5497 1335 5549 καὶ
1372 5498 1405 5564 ἡ
1441 5495 1590 5566 φωνὴ
1635 5493 1846 5559 αὐτῶν,

275 5581 415 5632 καὶὸ
451 5580 678 5652 δρόμος;
710 5583 784 5635 Οὐ
822 5585 982 5653 μόνον
1011 5585 1068 5637 δὲ
1104 5603 1168 5636 πε
1180 5586 1233 5656 pl
1271 5585 1516 5652 ἀγγέλων
1539 5585 1742 5655 ἐρευνῶ
1766 5603 1847 5651 σε,

278 5671 416 5725 ἀλλὰ
449 5672 543 5725 κα)⁸
583 5675 712 5744 περὶ
737 5675 992 5745 ούρανοῦ.
1030 5676 1218 5729 ὀποία
1242 5678 1386 5730 ὲστίν
1411 5717 1425 5740 ,
1466 5678 1587 5730 εἱπὲ
1647 5696 1770 5749 μοι,
1815 5681 1848 5750 ἡ

284 5762 448 5832 φύσις
469 5763 654 5831 αὑτοῦ,
690 5767 784 5820 καὶ
813 5768 846 5837 ’1ο
873 5767 1091 5832 ἔκτασις
1117 5768 1210 5822 τοῦ
1242 5769 1506 5835 πλάτουςς
1547 5770 1640 5825 καὶ
1683 5771 1846 5825 πόσον

1950 4582 2224 4646 ciderunt;
2250 4590 2304 4634 et
2342 4580 2431 4650 qui
2478 4581 2642 4636 Deum
2676 4595 2735 4635 se
2777 4581 2927 4634 aiunt
2955 4589 3251 4642 assecutos,
3299 4595 3366 4634 ne
3395 4588 3514 4650 gut-

1949 4673 2112 4726 tulam
2136 4673 2350 4742 quidem
2379 4689 2445 4726 ex
2473 4675 2722 4727 universa
2748 4673 2942 4742 abysso
2964 4673 3514 4742 comprehemleruut,

1945 4765 2040 4819 sed
2073 4765 2318 4818 umbram
2353 4765 2624 4833 persecuti
2658 4766 2811 4833 longe
2841 4766 3056 4819 absunt.

2017 4854 2202 4924 itaque
2231 4855 2348 4910 ideo
2383 4855 2516 4910 ﬁdes
2542 4866 2904 4924 nuncupatur,
2947 4857 3088 4924 quod
3121 4855 3364 4924 quisquis
3396 4869 3513 4908 crc-

1949 4946 2024 5000 dit
2047 4947 2354 5015 neutiquam
2377 4954 2648 5000 scrutatur
2681 4951 2874 5009 Deum,
2902 4955 2960 5000 ut
2994 4945 3085 5013 qui
3113 4946 3273 5000 alieni
3335 4962 3362 5000 a
3416 4946 3518 5000 ﬁde

1949 5049 2095 5093 sunt.
2137 5038 2213 5092 Ac
2260 5039 2389 5106 quid
2419 5037 2538 5091 dico
2585 5038 2792 5093 Deum?
2837 5052 2960 5090 nam
3000 5052 3067 5091 ne
3102 5051 3264 5106 opera
3303 5035 3518 5105 quidem

1951 5146 1980 5183 a
2016 5131 2123 5184 Deo
2149 5129 2363 5182 condita
2394 5136 2619 5197 possunt
2648 5127 2713 5181 ab
2741 5128 3050 5182 hominibus
3082 5126 3240 5181 facile
3271 5126 3516 5196 intelligi.

1959 5223 2132 5276 Dicito
2167 5220 2309 5276 enim
2349 5231 2400 5274 tu
2445 5221 2574 5274 mihi
2602 5219 2691 5290 qui
2721 5218 3016 5274 exscrutari
3046 5229 3293 5272 naturam
3328 5217 3419 5270 Dei
3465 5226 3521 5270 et

1954 5324 2288 5384 perspectam
2333 5314 2534 5368 habere
2572 5314 2724 5382 cupis
2751 5351 2767 5378 ,
2809 5312 3024 5366 ubinam
3049 5322 3177 5366 sunt
3221 5311 3418 5377 angeli,
3465 5320 3519 5364 et

1948 5407 2138 5476 quales
2154 5416 2206 5461 et
2231 5407 2445 5475 quando
2463 5405 2588 5460 facti
2611 5414 2757 5472 sunt,
2780 5413 2940 5473 atque
2958 5405 3097 5458 unde
3121 5403 3436 5465 constitere,
3462 5411 3514 5455 et

1953 5515 2121 5568 quare
2157 5515 2260 5552 non
2299 5507 2614 5562 cernuntur,
2653 5507 2706 5552 et
2748 5511 2990 5566 quaenam
3032 5505 3116 5550 est
3149 5497 3386 5564 ipsorum
3421 5510 3516 5548 na-

1955 5601 2097 5658 tura,
2119 5601 2172 5644 et
2194 5591 2370 5658 qualis
2406 5590 2573 5659 ﬁgura
2607 5591 2841 5658 ipsorum
2859 5596 2913 5640 et
2933 5600 3032 5640 vox
3055 5584 3389 5652 cursusque?
3412 5583 3520 5639 Nec

1952 5682 2018 5733 de
2072 5681 2279 5750 angelis
2327 5679 2498 5734 solum
2549 5695 2612 5733 ex
2663 5689 2712 5732 te
2747 5691 3006 5746 quaeram,
3053 5677 3145 5731 sed
3176 5685 3231 5729 et
3264 5676 3328 5729 de
3380 5675 3520 5728 cmlo

1953 5787 2185 5842 quoque.
2221 5772 2348 5839 Quae
2380 5782 2495 5838 est,
2540 5772 2627 5826 dic
2669 5769 2837 5837 mihi,
2883 5768 3001 5839 ejus
3045 5780 3234 5825 natura
3259 5805 3277 5834 ,
3316 5783 3435 5837 qua
3465 5768 3519 5823 in
