3890 6274
413 313 521 370 855
1711 317 2088 376 HIERONYMI
2126 319 2355 378 GRtECl
3539 324 3660 380 856

414 388 582 483 latum
607 428 884 499 expansio,
908 437 1104 498 quanta
1130 429 1400 486 altitudo?
1423 430 1532 487 Sed
1561 433 1688 503 quid
1726 435 1975 491 caelestia

2082 437 2138 490 τὸ
2158 435 2320 506 ὓψος;
2355 436 2463 490 Καὶ
2481 436 2534 489 τί
2565 436 2709 506 λέγω
2739 435 2808 491 τὰ
2829 436 3125 507 ἐπουράνια
3146 452 3160 500 ;
3185 436 3431 506 ἔλθωμεν
3453 436 3658 492 λοιπὸν

418 519 569 574 dico?
597 517 994 576 Descendamus
1017 535 1179 590 porro
1204 522 1256 576 in
1278 523 1392 580 haec
1423 533 1658 593 terrena,
1695 527 1747 580 in
1787 529 1978 597 quibus

2082 527 2230 580 κάτω
2261 529 2340 590 είς
2381 528 2451 580 τὰ
2483 527 2716 596 ἐπίγεια,
2757 529 2818 580 ὲν
2863 521 2945 590 οἷς
2978 526 3157 597 ζῶμεν
3202 528 3296 580 καὶ
3346 527 3662 597 κινούμεθα

417 609 646 664 vivimus
675 610 772 680 ipsi
806 619 859 665 et
895 625 1173 668 movemur
1197 621 1251 669 et
1275 629 1479 670 sumus.
1513 615 1646 682 Quis
1667 617 1808 673 clare
1834 619 1982 673 novit

420 701 649 772 propriae
681 712 928 757 naturam
976 704 1192 769 animae,
1237 705 1412 775 qualis
1459 707 1551 770 sit,
1607 718 1661 762 et
1709 709 1980 777 quomodo

419 806 538 844 cum
570 805 795 858 corpore
815 792 1142 858 obambulet,
1173 803 1228 849 et
1261 795 1438 864 qualis
1473 796 1590 866 ejus
1632 797 1805 852 forma
1859 812 1979 867 spe-

416 879 670 948 ciesque,
719 879 806 934 ubi
849 889 1010 949 atque
1060 882 1199 937 unde
1238 885 1520 951 consistat,
1555 895 1608 941 et
1648 889 1916 956 quomodo
1947 903 1978 941 a

414 985 643 1039 corpore
677 973 999 1039 separetur?
1027 972 1232 1028 Deinde
1256 975 1446 1030 iterum
1475 978 1541 1031 de
1557 992 1782 1046 corpore
1807 979 1981 1047 inqui-

416 1064 638 1118 rendum
669 1078 683 1113 :
715 1063 994 1129 Quomodo
1028 1067 1298 1128 consistit,
1324 1069 1596 1136 quomodo
1643 1069 1976 1136 dissolvitur,

413 1152 684 1222 quomodo
726 1153 918 1207 iterum
957 1155 1208 1224 resurgit,
1244 1165 1296 1210 et
1329 1172 1432 1226 qua
1468 1157 1752 1212 rationein
1792 1173 1977 1213 resur-

418 1244 654 1298 rectione
668 1243 958 1312 colligitur,
981 1255 1034 1298 et
1062 1247 1327 1314 quomodo
1343 1257 1435 1301 aut
1458 1249 1598 1302 unde
1616 1257 1792 1302 exstat
1819 1257 1979 1318 atque

415 1335 468 1387 in
511 1350 675 1388 unum
713 1349 904 1390 rursus
933 1350 1052 1389 cum
1085 1337 1262 1390 anima
1305 1337 1644 1392 restituitur?
1693 1337 1798 1393 Nec
1851 1354 1978 1394 vero

415 1423 648 1479 hominis
687 1433 893 1479 tantum
930 1435 1120 1479 natura
1156 1427 1535 1495 comprehendi
1576 1442 1679 1481 non
1708 1439 1883 1498 potest
1913 1428 1979 1482 ab

413 1515 652 1580 homine,
705 1515 799 1569 sed
843 1531 944 1570 nec
993 1515 1422 1584 quadrupedum,
1459 1517 1844 1586 volucriumve,
1880 1534 1978 1575 nec

414 1604 663 1672 piscium.
699 1604 875 1659 Dicito
917 1604 1060 1658 enim
1111 1605 1264 1670 mihi,
1324 1606 1415 1674 qui
1462 1608 1642 1662 divina
1694 1610 1975 1675 scrutaris,

413 1697 684 1762 quomodo
717 1704 990 1749 mutarum
1031 1695 1384 1750 animantium
1445 1709 1639 1752 natura
1679 1700 1978 1754 consistit?

2081 617 2176 672 καὶ
2205 615 2390 685 ὲσμέν.
2442 616 2539 679 Τίς
2587 616 2831 686 ἐναργῶς
2879 615 3018 684 ἔγνω
3049 615 3146 684 τὴν
3178 615 3312 668 ἰδίαν
3339 615 3436 685 τῆς
3461 614 3659 686 ψυχῆς

2081 705 2460 776 κατασκευὴν,
2512 705 2670 760 ὁποία
2713 706 2851 767 ἐστὶ,
2897 705 3133 770 καὶπῶς
3182 705 3659 775 συμπεριέρχεται

2083 793 2222 864 μετὰ
2249 793 2344 847 τοῦ
2377 793 2646 864 σώματος,
2669 794 2763 848 καὶ
2791 794 2950 848 ὁποία
2981 793 3057 864 τῷ
3091 795 3218 848 εῖδει
3245 797 3379 861 ἐστὶ,
3421 795 3511 848 καὶ
3534 793 3656 847 ποῦ

2080 883 2174 938 καὶ
2207 885 2368 938 πόθεν
2401 884 2733 948 συνίσταται,
2753 885 2848 938 καὶ
2880 884 2997 947 πῶς
3035 884 3322 955 χωρίζεται
3340 882 3432 936 τοῦ
3454 881 3656 952 σώμα-

2078 992 2201 1040 τος;
2225 974 2357 1029 Εἶτα
2382 975 2540 1031 πάλιν
2567 976 2695 1046 περὶ
2729 974 2976 1045 σώματος
3008 975 3346 1046 ὲρευνητίον,
3374 973 3489 1035 πῶς
3512 989 3673 1024 συν-ς

2083 1073 2320 1136 ίσταταις
2356 1073 2473 1134 πῶς
2500 1071 2804 1136 διαλύεταις
2840 1070 2956 1133 πῶς
2987 1070 3043 1122 δὲ
3068 1069 3380 1133 ἀνίσταται;
3413 1066 3548 1136 ποίῳ
3583 1063 3656 1116 δὲ

2077 1161 2263 1232 τρόπῳ
2285 1161 2341 1213 ὲν
2368 1162 2434 1230 τῇ
2468 1160 2758 1213 ἀναστάσει
2783 1159 3076 1227 συνάγεται
3101 1175 3116 1222 ;
3145 1157 3238 1208 ml.
3271 1156 3388 1210 πῶς
3418 1156 3450 1224 ἢ
3473 1154 3657 1206 πόθεν

2079 1247 2438 1320 παραγίνεται
2481 1249 2574 1301 καὶ
2620 1251 2699 1312 είς
2743 1247 2806 1301 τὸ
2845 1247 2902 1300 ἓν
2939 1243 3092 1310 αὖθις
3149 1247 3285 1317 μετά
3321 1245 3420 1314 τῆς
3459 1243 3654 1314 ψυχῆς

2079 1339 2541 1402 ἀποκαθίσταται;
2570 1338 2643 1392 Ού
2690 1337 2850 1408 μόνον
2876 1338 2932 1391 δὲ
2975 1340 3008 1408 ἡ
3035 1336 3126 1390 τοῦ
3157 1335 3438 1408 ἀνθρώπου
3472 1353 3658 1389 κατα.-

2080 1431 2245 1498 σκευή
2270 1431 2412 1482 ἐστιν
2438 1431 2570 1500 ἡμῖν
2584 1429 2986 1498 ἀκατάληπτος,
3009 1427 3146 1483 ἀλλὰ
3168 1429 3260 1480 καὶ
3289 1429 3321 1496 ἡ
3355 1427 3459 1479 τῶν
3485 1425 3653 1489 ζώων

2079 1519 2173 1573 καὶ
2201 1519 2308 1572 τῶν
2351 1519 2611 1573 πετεινῶν
2658 1520 2751 1573 καὶ
2798 1519 3012 1590 ἰχθύων.
3059 1518 3194 1571 Εἰπὲ
3240 1517 3348 1588 γάρ
3399 1517 3538 1586 μοιό
3570 1515 3658 1571 τὰ.

2080 1611 2206 1682 περὶ
2231 1610 2364 1663 Θεοῦ
2395 1610 2629 1681 ἐρευνῶν
2652 1650 2666 1672 ,
2720 1609 2838 1672 πῶς
2869 1612 2902 1680 ἡ
2949 1608 3056 1663 τῶν
3087 1609 3294 1677 ἀλόγων
3340 1606 3496 1675 φύσις
3541 1607 3656 1673 ὑφ-

2079 1698 2273 1766 έστηκε
2291 1714 2304 1762 ;
2325 1697 2440 1760 πῶς
2461 1696 2635 1768 ψυχὴν
2651 1695 2870 1766 λογικὴν
2897 1699 2970 1767 μὴ
2995 1696 3182 1766 ἔχοντα
3199 1695 3370 1748 ταῦτα
3381 1693 3653 1763 θνήσκουο

412 1785 680 1853 quomodo
720 1787 1025 1840 moriuntur
1057 1787 1250 1856 quibus
1296 1789 1476 1842 anima
1509 1790 1841 1845 rationabilis
1871 1807 1976 1846 non

2083 1804 2168 1853 σι;
2203 1787 2256 1840 τί
2300 1789 2358 1854 ἐξ
2403 1788 2579 1841 αὐτῶν
2611 1791 2668 1841 ὲν
2713 1786 2887 1858 καιρῷ
2925 1785 3014 1841 τοῦ
3043 1786 3273 1842 Θανάτου
3315 1785 3655 1855 χωρίζεται;

412 1875 529 1928 est?
563 1874 688 1943 quid
713 1874 781 1930 ah
817 1875 923 1930 illis
956 1877 1142 1932 mortis
1180 1887 1419 1946 tempore
1455 1881 1783 1948 separatur?
1813 1880 1868 1935 Si
1901 1882 1981 1936 di-

419 1964 563 2019 xeris
594 1965 722 2020 mihi
755 1966 987 2020 animam
1013 1968 1418 2024 substantialem
1457 1985 1559 2024 non
1589 1972 1811 2026 sortitas
1837 1987 1978 2038 esse,

412 2056 505 2108 sed
529 2056 848 2125 sanguinem
878 2069 967 2111 :at
989 2059 1216 2126 plurima
1240 2060 1492 2114 animalia
1523 2063 1826 2117 moriuntur
1856 2079 1980 2119 san-

411 2147 573 2212 guine
605 2146 753 2201 nullo
772 2147 1039 2204 emuente.
1067 2149 1347 2214 Quomodo
1379 2166 1509 2207 vero
1537 2153 1711 2222 pisces
1751 2155 1802 2210 in
1827 2155 1981 2224 aquis

415 2244 642 2304 possunt
669 2239 957 2305 respirare,
999 2249 1053 2294 et
1088 2241 1356 2310 quomodo
1391 2241 1464 2296 illi
1495 2257 1755 2312 aquarum
1791 2254 1980 2299 natura

415 2340 521 2379 non
571 2335 629 2380 ut
675 2336 869 2382 czetera
922 2329 1174 2382 animalia
1231 2328 1612 2386 suli‘ncantur?
1671 2330 1823 2386 Unde
1855 2347 1980 2386 vero

413 2415 614 2472 animal
663 2417 874 2470 ratione
901 2417 1210 2473 destitutum
1245 2421 1289 2475 si
1328 2436 1451 2475 cum
1495 2421 1713 2478 homine
1765 2423 1832 2477 ad
1885 2424 1977 2478 Dei

415 2505 632 2560 condito
659 2506 945 2576 imaginem
981 2511 1325 2578 processerit,
1365 2511 1418 2565 in
1447 2512 1532 2565 via
1581 2512 1721 2567 inter
1749 2514 1980 2568 redeun-

415 2596 539 2650 dum
572 2596 750 2651 minus
785 2613 969 2652 errare
1002 2614 1164 2668 quam
1211 2601 1420 2654 ratione
1441 2603 1698 2670 gaudens,
1745 2612 1798 2657 et
1841 2603 1977 2656 viam

417 2686 799 2746 meliusnosse
843 2689 1309 2758 deprehenditur?
1340 2691 1494 2746 Unde
1519 2707 1706 2748 rursus
1733 2693 1981 2747 volucres

414 2786 468 2829 et
503 2775 678 2843 pisces
707 2776 945 2844 feraeque
975 2778 1180 2843 bestiae,
1213 2781 1408 2849 quibus
1431 2795 1528 2835 nec
1557 2795 1737 2836 sermo
1772 2795 1870 2835 nec
1891 2797 1979 2834 ra-

417 2863 490 2917 tio
519 2873 638 2928 est,
680 2878 854 2935 neque
881 2865 1186 2922 intellectus
1217 2883 1316 2923 nec
1349 2868 1635 2935 judicium,
1677 2869 1982 2940 intelligunt

414 2960 470 3006 et
506 2951 641 3007 retia
669 2953 1039 3010 transiliuntet
1055 2957 1273 3024 laqueos
1297 2957 1615 3027 pedicasque
1635 2959 1983 3013 venatorum?

483 3041 661 3113 Atque
691 3052 750 3098 ut
779 3057 944 3113 porro
967 3045 1196 3115 amplius
1229 3046 1491 3102 vilitatem
1525 3059 1669 3103 tuam
1698 3051 1980 3104 miseram-

413 3149 519 3204 que
550 3136 818 3192 inscitiam
851 3152 1110 3208 agnoscas
1133 3178 1147 3204 ,
1172 3139 1372 3210 rogabo
1404 3149 1454 3194 te
1483 3142 1703 3210 insuper
1736 3151 1789 3195 et
1832 3143 1936 3198 hoc
1961 3151 2006 3198 :'

418 3225 513 3280 Dic
542 3227 671 3281 mihi
707 3235 783 3293 tu,
825 3228 916 3297 qui
961 3229 1555 3298 incomprehensibilem
1588 3229 1867 3284 Faetorem
1915 3247 1979 3287 ac

416 3311 584 3367 Deum
624 3329 784 3370 nosse
816 3330 880 3370 ac
923 3317 1134 3372 curiose
1183 3327 1236 3372 te
1280 3322 1513 3373 scrutari
1547 3319 1845 3388 profiteris,
1892 3321 1979 3375 dic

414 3403 546 3458 mihi
595 3405 742 3473 prius
781 3421 901 3475 quae
950 3419 1034 3461 est
1081 3411 1384 3464 substantia
1432 3411 1649 3478 pulicis,
1703 3420 1756 3466 et
1802 3411 1978 3480 qualis

413 3495 712 3550 substantia
749 3498 942 3552 animm
973 3498 1111 3567 ejus,
1147 3510 1201 3553 et
1242 3501 1421 3569 qualis
1463 3511 1547 3557 est
1597 3502 1714 3571 ejus
1751 3501 1978 3556 anima?

411 3587 683 3652 quomodo
726 3589 865 3642 citra
913 3603 1097 3643 semen
1151 3601 1342 3660 sponte
1397 3593 1650 3647 exsistit?
1709 3595 1977 3660 quomodo

416 3677 676 3731 rationem
723 3686 778 3731 et
818 3678 1135 3747 sapientiam
1188 3695 1309 3734 cum
1345 3681 1581 3747 nesciat,
1631 3683 1773 3737 videt
1804 3683 1977 3737 homi-

414 3780 556 3830 nem,
606 3773 662 3820 et
695 3778 922 3820 mortem
973 3777 1217 3824 metuens
1251 3769 1424 3839 fugit?
1471 3773 1611 3826 unde
1640 3773 1788 3827 novit
1815 3774 1976 3827 morti

413 3871 471 3911 se
495 3857 786 3916 obnoxium
807 3856 960 3911 fore?
985 3859 1181 3926 quibus
1215 3860 1511 3916 ratiociniis
1537 3863 1844 3918 consultat?
1877 3879 1978 3916 un-

412 3952 479 4005 de
517 3950 707 4006 didicit
742 3950 948 4006 hostem
1000 3950 1103 4005 sibi
1145 3953 1416 4007 hominem
1451 3955 1608 4009 esse?
1643 3955 1731 4009 ubi
1765 3970 1974 4010 memo-

416 4041 585 4096 rativa
624 4041 743 4110 ejus
773 4043 854 4098 vis
881 4050 936 4096 et
969 4043 1248 4098 collectiva
1299 4045 1526 4101 facultas
1567 4055 1650 4102 est
1699 4048 1978 4116 reposita?

413 4133 534 4200 quis
570 4147 696 4187 vero
725 4132 910 4188 docuit
948 4148 1069 4189 eum
1099 4133 1155 4189 in
1205 4137 1407 4191 suturis
1439 4137 1698 4208 plicisque
1740 4139 1972 4193 vestium

412 4239 472 4278 se
493 4223 825 4280 abscondere
847 4225 870 4279 ?
893 4225 958 4280 Et
979 4241 1085 4297 quo
1123 4229 1341 4282 nomine
1397 4229 1628 4297 pulicem
1661 4243 1973 4299 nuncupare

412 4313 669 4370 debemus
684 4315 775 4384 qui
806 4324 1206 4371 exscrutatores
1228 4317 1526 4372 divinitatis
1543 4332 1665 4372 esse
1691 4320 1975 4374 volumus?

414 4401 645 4471 igiturne
674 4404 1074 4474 quadrupedem
1117 4405 1399 4459 dicemus?
1423 4414 1479 4459 at
1503 4420 1608 4461 non
1637 4415 1718 4461 est
1737 4409 1975 4476 qnadru-
2011 4441 2052 4496 ο

411 4491 794 4562 pes.Bipedem
827 4495 996 4562 ergo?
1025 4510 1130 4549 non
1162 4495 1464 4566 est.ltaque
1496 4496 1718 4562 reptile?
1748 4513 1851 4552 non
1873 4507 1976 4564 est,

412 4584 505 4636 sed
537 4583 734 4636 animal
773 4593 876 4662 est.
916 4584 1146 4652 ldeoque
1179 4585 1367 4640 hortor
1393 4602 1827 4656 unumquemque
1879 4589 1973 4657 qui

411 4673 547 4727 velit
593 4672 688 4728 Dei
745 4683 995 4728 naturam
1041 4677 1416 4743 commentari,
1469 4685 1525 4731 ut
1561 4679 1710 4748 prius
1745 4679 1981 4749 explicet

413 4772 664 4817 naturam
702 4765 1009 4833 parvissimi
1049 4765 1279 4836 pulicis,
1339 4767 1564 4838 ejusque
1613 4769 1976 4824 conditionem

415 4857 974 4926 constitutionemque
1009 4867 1063 4912 et
1102 4860 1548 4929 compositionem
1591 4869 1646 4915 et
1687 4861 1974 4930 originem,

411 4948 668 5014 animam,
708 4962 928 5004 sensum
953 4957 1007 5005 et
1033 4951 1393 5014 intellectum;
1427 4966 1490 5006 ac
1521 4953 1734 5022 quando
1766 4954 1810 5007 is
1831 4961 1980 5006 certo

410 5040 884 5111 comprehenderit
912 5043 1175 5111 nobisque
1191 5041 1540 5111 explicaverit
1565 5043 1797 5111 speciem
1821 5053 1980 5113 etge-

411 5144 512 5184 nus
555 5122 869 5184 substantia:
913 5145 1018 5199 qua
1063 5138 1281 5184 constat
1331 5127 1522 5194 pulicis
1576 5130 1792 5195 anima,
1852 5139 1979 5184 tunc

411 5235 574 5288 porro
625 5221 727 5290 ipsi
776 5221 1096 5276 habebimus
1153 5220 1337 5287 fidem,
1379 5221 1523 5290 quod
1553 5221 1715 5276 etiam
1767 5237 1852 5276 res
1886 5222 1976 5276 Dei

409 5311 969 5382 incomprehensibilis
1017 5309 1284 5380 attingere
1343 5319 1397 5365 et
1461 5326 1732 5382 exponere
1785 5318 1969 5380 queat.

407 5400 632 5456 Etiamsi
669 5401 875 5456 dixeris
921 5401 1090 5467 mihi,
1128 5403 1288 5457 homo
1323 5403 1552 5468 stolide,
1606 5403 1746 5471 quod
1793 5402 1968 5455 anima

408 5492 600 5561 pulicis
643 5502 697 5548 et
734 5491 993 5562 cujusque
1033 5494 1202 5549 bruta:
1257 5493 1549 5552 animantis
1590 5493 1659 5550 sit
1716 5493 1930 5564 sanguis
1955 5534 1968 5558 ,

475 5666 551 5738 (l)
595 5665 728 5722 Puto
769 5666 866 5740 leg.
912 5667 978 5722 τὰ
1008 5667 1159 5725 ἄλλα.

2087 1879 2180 1935 Ἂν
2222 1880 2378 1954 εἴπῃς
2423 1899 2532 1950 μοι,
2568 1879 2757 1950 Ψυχὴν
2797 1878 3159 1949 ὑποστατικὴν
3200 1878 3299 1932 οὐκ
3326 1877 3658 1946 ἐκτήσαντο,

2079 1971 2217 2024 ἀλλὰ
2248 1970 2309 2023 τὸ
2345 1967 2502 2041 αἷμα·
2530 1971 2665 2025 ἀλλὰ
2699 1970 2922 2023 πλεῖστα
2949 1969 3061 2032 ζῶα
3085 1967 3180 2020 καὶ
3197 1969 3270 2038 μὴ
3303 1966 3656 2036 αἱμορραγή-

2081 2079 2250 2115 σαντα
2307 2061 2617 2132 θνήσκουσι.
2654 2060 2778 2124 Πῶς
2809 2060 2866 2114 δὲ
2904 2059 3064 2113 πάλιν
3119 2059 3168 2110 οἱ
3205 2056 3384 2128 ἰχθύες
3429 2057 3487 2107 ὲν
3529 2057 3654 2117 τοῖς

2082 2153 2264 2204 ωασιν
2291 2153 2547 2204 ἀναπνεῖν
2574 2149 2823 2204 δύνανται
2846 2167 2862 2216 ;
2892 2150 3008 2214 πῶς
3035 2151 3227 2212 αὐτοὺς
3251 2151 3284 2218 ἡ
3305 2147 3412 2198 τῶν
3437 2145 3653 2198 ὑδάτων

2082 2242 2241 2311 φύσις
2273 2241 2372 2294 οὐκ
2405 2241 2693 2307 ἀποπνίγει
2731 2239 2806 2304 ὡς
2847 2239 2916 2294 τά
2948 2239 3118 2306 ἄλογα
3152 2237 3260 2305 (1);
3309 2233 3475 2287 Πόθεν
3501 2232 3558 2285 δὲ
3586 2232 3654 2284 τὸ

2081 2332 2274 2399 ἄλογον
2305 2331 2441 2394 ζῶον
2472 2333 2566 2384 σὺν
2599 2329 2675 2400 τῷ
2704 2331 2823 2384 κατ’
2851 2329 3034 2383 εἰκόνα
3071 2327 3203 2381 Θεοῦ
3238 2325 3350 2379 ὄντι
3372 2323 3653 2394 ἀνθρώπῳ

2077 2422 2138 2474 ὲν
2180 2420 2282 2490 ὀδῷ
2326 2419 2726 2490 ἀπερχόμενον,
2766 2420 2824 2470 ὲν
2863 2417 2939 2487 τῷ
2967 2415 3358 2487 ἐπανέρχεσθαι
3387 2413 3527 2484 ὑπὲρ
3554 2413 3653 2466 τὸν

2079 2489 2294 2579 λογικδν
2339 2489 2646 2580 εὑρίσκεται
2677 2489 2930 2570 ἀπλανῶς
2961 2509 3058 2577 τὴν
3099 2507 3218 2560 ὁδὸν
3249 2503 3651 2574 ὲπιστάμενονς

2082 2601 2251 2654 Πόθεν
2288 2600 2344 2652 δὲ
2374 2601 2533 2653 πάλιν
2576 2599 2794 2652 πετεινά
2824 2600 2916 2652 καὶ
2953 2598 3132 2668 ἰχθύες
3173 2597 3264 2649 καὶ
3295 2594 3457 2665 θηρία
3509 2593 3650 2662 μήτε

2080 2691 2233 2759 λόγον
2271 2693 2404 2762 μήτε
2431 2691 2688 2760 λογισμὸν
2724 2691 2933 2759 ἔχοντα,
2966 2693 3101 2761 μήτε
3138 2688 3374 2741 διάνοιαν
3408 2687 3503 2739 καὶ⁵
3530 2686 3650 2740 διά-

2081 2799 2282 2853 κρισιν,
2324 2782 2501 2834 νοοῦσι
2536 2783 2629 2835 καὶ
2651 2783 3033 2853 ὑπερϐαίνουσι
3060 2781 3248 2834 δίκτυα
3285 2781 3380 2833 καὶ
3415 2778 3650 2846 παγίδας

2082 2874 2176 2924 καὶ
2199 2871 2514 2942 θηρεύματα
2545 2891 2561 2940 ;

2153 3049 2261 3102 Καὶ
2291 3050 2375 3102 ἵνα
2420 3048 2603 3102 λοιπὸν
2647 3050 2927 3121 ἐπιγνοίης
2971 3050 3063 3102 ἐπὶ
3112 3048 3271 3102 πλέον
3318 3047 3415 3117 τὴν
3449 3044 3652 3099 σαυτοῦ

2084 3141 2412 3194 ταπείνωσιν
2461 3141 2554 3192 καὶ
2598 3139 2819 3204 ἄγνοιαν
2861 3142 2954 3194 καὶ
2999 3139 3388 3209 ταλαιπωρίαν,
3421 3137 3533 3208 ὲρῶ
3565 3153 3650 3188 σοι

2086 3233 2246 3286 πάλιν
2299 3233 2393 3286 καὶ
2444 3232 2601 3286 τοῦτο
2624 3249 2640 3264 ο
2664 3234 2797 3288 Είπέ
2846 3251 2935 3303 μοι
2965 3233 3049 3296 σὺ,
3077 3234 3104 3285 ὁ
3139 3234 3229 3286 τὸν
3266 3229 3650 3298 ἀκατάληπτον

2086 3323 2320 3393 Ποιητὴν
2357 3323 2450 3376 καὶ
2483 3324 2616 3376 Θεὸν
2658 3323 2966 3394 δοκιμάζων
3004 3324 3194 3394 μαθεῖν
3225 3321 3318 3376 καὶ
3366 3319 3652 3388 πολυπρα·

2085 3417 2324 3484 γμονεῖν,
2343 3414 2465 3483 λέγε
2487 3432 2575 3485 μοι
2593 3415 2825 3486 πρῶτον,
2844 3417 2896 3468 τί
2916 3417 3109 3485 ἐστινὴ
3131 3413 3287 3466 οὐσία
3299 3411 3390 3464 τοῦ
3413 3410 3645 3480 ψύλλους

2084 3502 2178 3554 καὶ
2204 3503 2362 3554 ὁποία
2400 3503 2546 3555 ἐστὶν
2570 3505 2602 3573 ἡ
2626 3503 2778 3556 ούσία
2801 3503 2900 3571 τῆς
2925 3503 3102 3574 ψυχῆς
3127 3501 3290 3555 αὐτοῦ
3311 3518 3325 3566 ;
3351 3502 3444 3554 καὶ
3485 3500 3649 3553 ὁποία

2082 3587 2114 3654 ἡ
2140 3585 2282 3657 ψυχὴ
2311 3586 2500 3652 abeat");
2530 3588 2623 3640 καὶ
2648 3587 2764 3651 πῶς
2791 3589 2926 3659 αὐτὴ
2950 3589 3075 3642 ἄνευ
3105 3589 3312 3659 σπορᾶς
3327 3586 3649 3655 αὐτομάτως

2087 3675 2426 3742 συνίσταται;
2455 3677 2690 3740 καὶπῶς
2723 3676 2978 3747 λογισμὸν
3010 3677 3042 3746 ἢ
3087 3677 3274 3745 σοφίαν
3307 3674 3379 3745 μὴ
3427 3673 3652 3726 ἐπιστά-

2087 3785 2266 3836 μενος,
2291 3771 2392 3842 ὁρᾷ
2420 3769 2510 3821 τὸν
2540 3767 2823 3838 ἄνθρωπον
2847 3769 2938 3820 καὶ
2969 3767 3156 3836 φεύγει
3192 3765 3524 3836 φοϐούμενος
3554 3763 3649 3816 τὸν

2084 3855 2342 3920 θάνατονς
2362 3856 2524 3909 πόθεν
2543 3855 2598 3909 δὲ
2612 3850 2770 3923 οἶδεν,
2793 3857 2874 3908 ὅτι
2897 3856 3106 3924 θανάτῳ
3133 3855 3414 3908 ὑπόκειται
3433 3871 3447 3919 ;
3471 3853 3648 3916 ποίοις

2082 3945 2138 3999 δὲ
2179 3945 2459 4014 λογισμοῖς
2502 3943 2813 4013 βουλεύεται
2841 3961 2854 4012 ;
2887 3943 3048 3996 πόθεν
3081 3942 3300 4012 ἔμαθεν,
3333 3943 3416 3994 ὃτι
3453 3940 3650 4010 ἐχθρὸς

2083 4036 2245 4090 αὑτοῦ
2271 4035 2600 4106 καθέστηκεν
2636 4037 2664 4088 ὁ
2696 4035 3016 4105 ἄνθρωποςς
3054 4033 3156 4087 ποῦ
3181 4034 3235 4086 δὲ
3273 4034 3305 4103 ἡ
3345 4049 3646 4102 μνημονευ-

2081 4127 2206 4198 τικὴ
2237 4126 2400 4180 αὐτοῦ
2428 4127 2711 4180 ἀπόκειται
2735 4127 2973 4191 διάνοια;
3006 4127 3090 4189 τίς
3109 4125 3165 4179 δὲ
3184 4128 3213 4179 ό
3244 4125 3459 4190 διδάξας
3483 4123 3650 4177 αὑτὸν

2081 4219 2138 4271 ὲν
2166 4221 2284 4282 ταῖς
2310 4221 2509 4289 ραφαῖς
2538 4219 2632 4272 καὶ
2665 4218 2955 4272 διπλώσεσι
2996 4218 3101 4272 τῶν
3137 4219 3366 4288 ἱματίων
3408 4216 3651 4287 κρύπτε-

2084 4309 2238 4375 σθαι;
2269 4311 2334 4362 Τί
2367 4309 2423 4363 δὲ
2446 4310 2551 4380 ἄρα
2576 4311 2670 4364 καὶ
2693 4310 2979 4380 ὀνομάζειν
3009 4310 3100 4363 τὸν
3129 4309 3326 4378 ψύλλον
3360 4310 3650 4379 ὀφείλομεν

2079 4400 2192 4453 ὅσοι
2215 4401 2561 4472 ὲξερευνηταὶ
2584 4401 2682 4471 τῆς
2713 4400 2964 4472 θεότητος
2987 4419 3001 4465 ;
3025 4396 3093 4454 ’Δ
3105 4417 3170 4472 ρα
3197 4399 3526 4470 τετράποδον
3546 4403 3651 4454 αὑ-

2079 4491 2170 4544 τὸν
2197 4492 2422 4562 εἴπομεν
2447 4510 2460 4559 ;
2488 4491 2601 4544 ἀλλ’
2633 4491 2732 4544 οὐκ
2757 4491 2922 4545 ἐστιν.
2949 4487 3094 4561 Ἀρα
3122 4490 3364 4558 δίποδον;
3406 4491 3520 4544 ἀλλ’
3545 4490 3650 4544 οὐκ

2079 4582 2244 4638 ἐστιν.
2276 4578 2421 4654 Ἀρα
2459 4583 2720 4654 ὲρπετόν;
2769 4582 2884 4636 ἀλλ’
2922 4583 3023 4636 οὐκ
3063 4583 3246 4647 ἐστιν,
3294 4581 3430 4636 ἀλλὰ
3483 4580 3645 4644 ζῶον.

2078 4673 2168 4725 Διὸ
2208 4673 2508 4744 παρακαλῶ
2545 4675 2724 4728 πάντα
2766 4673 2856 4726 τὸν
2904 4672 3124 4726 θέλοντα
3171 4672 3508 4740 φυσιολογεῖν
3551 4670 3650 4724 τὸν

2076 4761 2230 4822 Θεὸν.
2266 4763 2649 4834 φυσιολογῆσαι
2683 4765 2834 4833 ἡμῖν,
2852 4763 2956 4834 πρὸ
2975 4762 3070 4816 τοῦ
3091 4761 3250 4826 Θεοῦ,
3279 4762 3377 4831 τὴν
3402 4760 3496 4814 τοῦ
3521 4761 3652 4832 βρα-

2078 4852 2312 4922 χυτάτου
2339 4853 2538 4922 ψύλλου
2567 4853 2913 4922 κατασκευὴν
2941 4852 3035 4906 καὶ
3064 4852 3394 4905 κατάστασιν
3409 4851 3503 4904 καὶ
3521 4850 3652 4902 σύνε-

2079 4943 2227 4996 θεσιν
2275 4945 2368 4997 καὶ
2414 4944 2644 5016 ὓπαρξιν
2688 4947 2782 4998 καὶ
2827 4944 3073 5015 ψύχωσιν
3120 4944 3214 4997 καὶ
3259 4942 3508 5012 αἴσθησιν
3551 4945 3649 4994 καὶ

2076 5035 2260 5106 νόησιν
2279 5052 2292 5067 ⁸
2323 5035 2419 5088 καὶ
2457 5037 2544 5089 ὅτε
2571 5035 2749 5100 καλῶς
2773 5035 2868 5088 καὶ
2905 5033 3162 5098 ἀπλανῶς
3189 5032 3502 5103 καταλάϐῃ.
3552 5033 3648 5084 καὶ

2078 5128 2206 5200 εἴπῃ
2244 5127 2396 5196 ἡμῖν,
2424 5126 2476 5179 τί
2507 5126 2568 5179 τὸ
2590 5122 2730 5190 εἶδος
2758 5125 2851 5179 καὶ
2871 5125 3024 5194 γένος
3055 5125 3155 5195 τῆς
3192 5123 3426 5194 ψυχικῆς
3457 5121 3647 5185 οὐσίας

2075 5219 2168 5272 τοῦ
2204 5219 2425 5288 φύλλου,
2467 5219 2585 5271 τότε
2614 5218 2798 5272 λοιπὸν
2831 5217 3192 5288 πιστεύσομεν
3225 5215 3396 5284 αὐτῷ,
3435 5216 3517 5268 ὅτι
3549 5215 3647 5266 καὶ

2076 5311 2142 5363 τὰ
2167 5311 2292 5381 περὶ
2324 5307 2459 5363 Θεοῦ
2484 5310 2578 5363 τοῦ
2616 5309 2997 5380 ἀκαταλήπτου
3027 5305 3359 5377 καταμαθεῖν
3389 5305 3482 5358 καὶ
3507 5304 3647 5370 ἐξειο
3673 5381 3676 5384 γ

2081 5405 2200 5454 πεῖν
2225 5400 2468 5454 δύναται.
2510 5399 2628 5454 Κάν
2657 5417 2745 5470 μοι
2781 5399 2942 5472 εῖπῃς
2972 5400 3058 5464 σὺ,
3085 5400 3114 5451 ὁ
3141 5396 3429 5459 ἀσύνετος,
3471 5395 3552 5448 ὅτι
3584 5395 3646 5446 τὸ

2082 5490 2216 5564 αἷμα
2260 5492 2352 5547 τοῦ
2373 5492 2570 5562 ψύλλου
2594 5493 2686 5547 καὶ
2723 5491 2922 5557 παντὸς
2958 5490 3176 5561 ἀλόγου,
3217 5488 3252 5560 ἡ
3299 5486 3446 5560 ψυχὴ
3475 5484 3642 5544 αὐτοῦ
