3890 6274
243 319 351 375 857

1376 318 1721 378 DlALOGUS
1756 320 1847 377 DE
1885 321 1944 379 S.
1985 323 2377 383 TRINITATE.

3371 337 3481 394 858

244 430 556 525 ἔστιν,
588 432 745 503 κάγώ
767 446 782 463 ·
816 421 941 498 Πῶς
970 433 1207 507 ὁρῶμεν,
1237 435 1313 501 ὡς
1337 440 1616 509 προεῖπον,
1644 439 1813 495 πολλὰ

1919 457 2160 512 regeram
2181 458 2308 513 ego:
2331 443 2631 512 Quomodo,
2658 454 2717 501 ut
2741 455 2868 503 ante
2890 448 3022 514 dixi,
3044 448 3289 507 videmus
3312 454 3481 525 multa

242 523 355 576 τῶν
398 523 637 609 ἁλόγωνπ
668 525 835 596 χωρὶς
883 524 1121 596 ρεύσεως
1161 527 1390 598 αἵματος
1436 527 1808 595 τελευτῶντα;

242 616 437 673 Τοίνυν
466 616 589 686 λέγε
618 618 751 688 ἡμῖν
777 619 863 685 σὺ,
893 617 1212 688 θεόγνωστε,
1252 620 1307 674 τί
1345 622 1461 675 ἐστι
1502 619 1563 674 τὸ
1601 623 1666 675 ὲκ
1717 620 1808 675 τοῦ

243 706 386 771 ζὼου
425 709 854 780 ἐκπορευόμενον
891 711 1059 782 χωρὶς
1106 711 1338 782 αἵματος
1379 714 1438 767 ὲν
1478 715 1545 783 τῇ
1585 713 1807 785 τελευτῇ

245 799 456 865 cuicuii;
502 799 680 870 ψυχὴν
707 799 818 872 γὰρ
865 800 1232 873 ὑποστατικὴν
1270 804 1427 874 μόνος
1461 806 1490 859 6
1526 804 1810 877 ἄνθρωπος

243 889 526 961 κέκτηται.
554 890 702 962 Πλὴν
719 891 817 945 ἐὰν
844 893 878 962 ἡ
900 890 1045 963 ψυχὴ
1065 893 1160 947 τοῦ
1196 892 1360 959 ζὼου,
1400 894 1477 958 ὡς
1528 893 1811 967 ἄνθρωπος

226 981 366 1053 τ(καὶ
397 981 505 1052 γὰρ
527 983 637 1046 πᾶς
658 982 941 1054 ἄνθρωπος
971 982 1064 1037 τοῦ
1085 984 1214 1038 ἰδίου
1245 985 1475 1056 αἵματος
1510 985 1812 1057 χωριζόμε-

242 1090 334 1138 νος
362 1073 586 1147 τελευτᾷ
614 1074 849 1138 πάντως,
882 1074 1064 1139 καθὼς
1104 1076 1200 1131 καὶ
1225 1076 1287 1130 τὸ
1315 1076 1557 1147 ἄλογον)·
1591 1079 1683 1131 καὶ
1707 1077 1809 1132 ποῦ

241 1164 431 1219 λοιπὸν
456 1145 502 1237 ’ἡ
536 1165 766 1237 διαφορὰ
811 1165 908 1219 τοῦ
942 1167 1159 1235 λογικοῦ
1215 1145 1518 1239 ἀνθρώπου⁷
1547 1168 1642 1223 καὶ
1690 1169 1810 1222 κατ’

242 1254 429 1310 εἰκόνα
457 1256 551 1309 καὶ
570 1256 826 1325 ὁμοίωσιν
850 1256 984 1310 Θεοῦ
1014 1257 1327 1328 γενομένου,
1368 1258 1461 1314 καὶ
1490 1257 1584 1311 τοῦ
1616 1257 1809 1326 ἀλόγου

242 1347 514 1415 κτήνουςς
552 1346 768 1413 Ἕδειξα
800 1346 1017 1417 μενοῦν,
1048 1348 1131 1402 ὅτι
1161 1350 1255 1403 καὶ
1292 1351 1321 1402 6
1354 1348 1642 1420 ἄνθρωπος
1662 1348 1811 1401 καὶὸ

241 1433 440 1504 ψύλλος
459 1434 816 1504 χωριζόμενοι
840 1432 934 1486 τοῦ
969 1435 1103 1487 ίδίου
1132 1436 1362 1504 αἵματος
1382 1436 1809 1505 ἀποθνήσκουσι.

244 1524 431 1579 Ταῦτα
473 1523 530 1576 δὲ
563 1526 694 1593 ἡμῖν
739 1523 804 1576 οὐ
841 1524 1018 1595 μάτην
1069 1524 1300 1578 ἐνταῦθα
1332 1526 1664 1597 ἐρρήθησαν,
1695 1527 1809 1581 ἀλλ’

243 1612 515 1683 ἀνακόψαι
542 1615 668 1677 τοὺς
696 1614 922 1679 πολλοὺς
948 1614 1082 1685 μετὰ
1113 1615 1205 1667 σοῦ
1235 1614 1329 1668 τοῦ
1369 1614 1648 1669 θεοκτόνου
1683 1617 1811 1670 ’Iou-

242 1704 394 1758 δαίου
421 1703 530 1757 τῶν
551 1703 947 1776 ἀκαταλήπτων
963 1705 1057 1758 τοῦ
1086 1703 1221 1758 Θεοῦ
1243 1705 1520 1776 ζητήσεων
1542 1704 1808 1773 θέλοντες,

1915 535 2173 588 animalia
2210 535 2356 590 nullo
2407 535 2576 591 effuso
2609 538 2869 608 sanguine
2906 539 3087 594 mori?
3110 542 3272 597 dicito
3304 543 3482 613 itaque

1916 624 2074 679 nobis
2100 635 2153 679 tu
2183 626 2271 679 cui
2309 625 2448 681 Deus
2477 628 2549 681 ita
2576 637 2735 700 notus
2763 638 2865 695 εει,
2892 630 3021 699 quid
3048 640 3131 686 est
3160 632 3291 687 illud
3337 636 3480 703 quod

1918 717 1968 769 in
2005 725 2177 771 morte
2216 718 2464 774 animalis
2493 723 2627 773 citra
2663 721 2979 791 sanguinem
3027 737 3093 777 ex
3144 723 3236 780 illo
3266 725 3481 794 egredi-

1918 812 2047 865 tur?
2075 811 2324 866 Animam
2368 815 2512 867 enim
2545 813 2953 869 substantialem
2977 814 3123 871 solus
3166 816 3327 871 homo
3357 833 3480 886 pos-

1916 901 2077 955 sitiet.
2132 898 2188 955 Si
2231 908 2408 955 autem
2461 901 2680 956 animali
2717 903 2895 958 anima
2942 913 3046 970 est,
3101 919 3205 959 non
3241 904 3480 961 diﬁ'erret

1917 991 2047 1046 illud
2086 991 2154 1045 ab
2182 989 2435 1055 homine;
2460 1006 2581 1043 nam
2614 999 2670 1045 et
2696 991 2858 1045 homo
2890 992 3153 1061 sanguine
3182 1006 3281 1046 suo
3301 994 3480 1048 desti—

1910 1089 2067 1135 tutus
2100 1081 2324 1150 perinde
2355 1088 2416 1135 ut
2459 1081 2675 1135 brutum
2714 1082 2938 1136 omnino
2965 1082 3215 1137 moritur.
3248 1082 3478 1138 Ubinam

1914 1171 2098 1240 itaque
2146 1179 2229 1225 est
2275 1170 2578 1226 diﬁ‘et'entia
2620 1171 2762 1225 inter
2785 1171 3062 1226 hominem
3087 1173 3159 1226 ad
3188 1173 3478 1245 imaginem

1915 1268 1970 1313 et
1999 1258 2409 1314 similitudinem
2434 1256 2633 1313 factum
2660 1258 2753 1313 Dei
2785 1268 2841 1313 et
2875 1259 3478 1332 irrationabilejumen-

1916 1351 2071 1403 tum?
2109 1347 2332 1404 Ostendi
2356 1348 2675 1417 enimqned
2710 1356 2765 1403 et
2800 1349 2962 1403 homo
2982 1357 3035 1405 et
3062 1351 3244 1418 pulex,
3278 1350 3325 1404 si
3354 1365 3481 1405 san-

1916 1437 2077 1506 guine
2105 1452 2203 1493 suo
2233 1438 2493 1492 exhausta
2525 1439 2655 1505 sint,
2697 1438 3021 1493 moriuntur.
3073 1439 3198 1493 Haec
3249 1454 3357 1494 nou
3392 1448 3480 1493 te-

1918 1543 2065 1583 mere
2097 1529 2199 1583 hoc
2226 1530 2344 1584 loco
2373 1529 2516 1595 dicta
2553 1544 2582 1583 a
2610 1544 2695 1583 me
2721 1540 2866 1585 sunt.
2891 1529 2997 1587 Sed
3029 1532 3172 1599 quod
3197 1540 3400 1598 tecum,
3446 1547 3482 1585 ο

1916 1620 2123 1675 dcicida
2149 1620 2351 1686 Judaie,
2391 1622 2651 1676 cohibere
2678 1622 2821 1675 volui
2851 1621 3147 1691 pleresque-
3171 1623 3238 1675 ab
3274 1623 3479 1677 incom-

1920 1710 2369 1782 preliensibilibns
2397 1711 2462 1781 de
2492 1713 2603 1771 Deo
2623 1713 3045 1781 quaestionibus,
3079 1720 3133 1767 et
3158 1714 3483 1782 persuadere

244 1798 343 1853 καὶ
364 1799 549 1850 πεῖσαι
574 1795 669 1849 καὶ
700 1795 890 1860 δεῖξαι,
922 1797 1005 1849 ὅτι
1038 1797 1101 1850 οὐ
1143 1797 1301 1868 μόνον
1324 1800 1352 1850 6
1374 1797 1632 1869 Κτίστης,
1678 1797 1812 1852 ἀλλὰ

1919 1817 1975 1856 ac
2000 1802 2376 1856 demonstrare
2428 1803 2569 1871 quod
2618 1817 2723 1857 non
2772 1801 3037 1857 Conditor
3065 1802 3258 1868 solum,
3296 1804 3391 1858 sed
3427 1812 3482 1858 et

234 1886 343 1944 ’καὶ
376 1886 515 1958 αὑτὴ
565 1888 600 1957 ή
648 1885 824 1950 κτίσις
864 1887 986 1938 ἐστὶ
1022 1888 1136 1951 τοῖς
1180 1885 1489 1960 ἀνθρώποις
1537 1887 1812 1960 ἀκατάλη-

319 1994 397 2031 ος.

319 1995 348 2031 ο
383 2016 397 2030 .

243 1995 390 2122 M'D
423 2067 722 2134 Ἰουδαῖος.
769 2066 877 2121 Ποῦ
918 2066 975 2120 δὲ
1006 2066 1213 2138 Τριάδα
1245 2067 1305 2122 ἐν
1340 2070 1405 2139 τῇ
1438 2067 1653 2140 Παλαιᾷ
1688 2069 1812 2121 Δια-

132 2182 146 2193 ο
243 2159 394 2232 θήκῃ
415 2156 777 2228 διδασκόμεθα
794 2174 808 2224 ;
824 2157 918 2209 καὶ
934 2156 1036 2209 ποῦ
1059 2155 1263 2227 ταύτην
1284 2157 1341 2211 ὲν
1361 2160 1429 2228 τῇ
1444 2157 1620 2227 Καινῇ
1645 2156 1813 2226 ἐγνω-

243 2267 387 2325 tl“;
1001 2318 1015 2332 ,

327 2343 392 2395 'O
419 2341 656 2407 πιστός.
700 2341 789 2394 Ἐν
816 2340 913 2410 μὲν
937 2341 1005 2412 τῇ
1037 2337 1269 2410 Παλαιᾷ,
1294 2340 1353 2393 ὲν
1382 2338 1460 2411 τῷ
1491 2339 1693 2412 πρώτῳ
1731 2340 1812 2411 βι-

243 2432 382 2503 ϐλίῳ
411 2431 654 2496 Μωσέως
673 2447 687 2462 ο
723 2432 856 2500 φησὶ
879 2430 987 2501 γὰρ
1017 2431 1074 2483 ὲν
1098 2432 1166 2503 τῇ
1205 2429 1299 2483 τοῦ
1330 2430 1534 2501 κόσμου
1563 2432 1807 2499 γενέσει·

241 2522 356 2577 Καὶ
408 2517 578 2575 εἶπεν
627 2522 661 2574 ὁ
704 2519 847 2586 Θεός
866 2535 881 2550 ·
934 2518 1285 2588 Ποιήσωμεν
1333 2517 1645 2586 ἅνθρωποι·
1686 2521 1810 2574 κατ’

240 2612 448 2669 εἰκόνα
478 2608 769 2680 ἡμετέραν
814 2609 911 2662 καὶ
934 2610 1061 2662 καθ’
1086 2608 1388 2677 ὁμοίωσιν.
1429 2609 1596 2678 Δῆλον
1622 2609 1702 2673 δὲ,
1731 2612 1811 2664 ὅτι

241 2701 381 2774 πρὸς
402 2701 491 2754 τὸν
518 2700 646 2753 Υἱὸν
684 2700 778 2753 καὶ
797 2698 859 2753 τὸ
872 2698 1092 2769 Πνεῦμα
1118 2698 1177 2751 τὸ
1203 2700 1357 2769 ἅγιον
1378 2697 1528 2753 εἶπεν
1548 2702 1576 2753 6
1598 2702 1808 2773 Πατήρ.

242 2793 359 2847 Καὶ
378 2791 537 2846 πάλιν
555 2808 569 2822 ο
593 2790 706 2845 Καὶ
728 2786 897 2844 εἶπεν
915 2793 948 2844 ό
974 2791 1116 2857 Bede;
1137 2807 1151 2821 ·
1184 2790 1343 2846 Ἰδοὺ
1361 2790 1609 2860 γέγονεν
1641 2790 1812 2860 Ἀδὰμ

242 2887 326 2952 ὡς
370 2881 458 2951 εἷς
501 2884 573 2949 ἐξ
601 2881 791 2953 ἡμῶν.
826 2883 900 2936 Τὸ
936 2882 992 2936 δὲ
1020 2884 1214 2947 εἰπεῖν,
1263 2883 1343 2949 ὡς
1388 2878 1475 2949 εἷς
1508 2882 1578 2947 ἐξ
1623 2881 1809 2952 ἡμῶν,

241 2978 464 3041 πάντως
490 2975 584 3030 δύο
607 2974 700 3028 καὶ
731 2976 879 3046 τρεῖς
908 2975 1200 3045 ἐσήμανεν,
1235 2974 1323 3027 ἵνα
1342 2972 1492 3046 δείξῃ
1514 2973 1697 3026 λοιπὸν
1725 2971 1814 3025 διὰ

242 3068 363 3132 τοῦ,
392 3067 473 3133 ὡς
494 3061 582 3132 εἷς
609 3064 679 3130 ἐξ
719 3064 914 3134 ἡμῶν,
945 3065 1008 3118 τὸ
1045 3063 1299 3136 διάφορον
1328 3064 1436 3118 τῶν
1474 3062 1639 3134 τριῶν
1681 3064 1814 3116 ὐπο-
1840 3101 1885 3164 c

244 3159 509 3230 στάσεων.
536 3158 648 3211 Καὶ
675 3153 830 3220 αὖθις
866 3157 896 3209 6
922 3156 1083 3220 αὐτὸς
1106 3155 1402 3226 νομοθέτης
1420 3170 1435 3186 ⁸
1467 3155 1578 3210 Καὶ
1609 3155 1811 3223 ἐποίη-

242 3267 362 3307 σεν
383 3254 416 3305 d
436 3250 582 3316 Θεὸς
600 3247 707 3303 τὸν
719 3248 1049 3316 ἄνθρωπον*
1067 3249 1193 3301 κατ’
1215 3248 1416 3301 εικόνα
1446 3245 1593 3301 Θεοῦ
1616 3247 1817 3313 ἐποίη-

243 3355 363 3395 σεν
378 3340 566 3394 αὐτόν
582 3356 597 3371 ·
626 3339 714 3392 ἴνα
911 3338 971 3391 τὸ
1004 3337 1286 3407 μοναδικὸν
1313 3337 1415 3408 τῆς
1444 3336 1714 3407 θεότητος.
1738 3335 1812 3387 Οὐ

243 3431 358 3501 γὰρ
385 3426 559 3493 εἶπεν,
589 3430 671 3483 ὅτι
705 3409 968 3498 ἐποίησαν
1011 3428 1061 3482 οἱ
1097 3427 1209 3482 θεοὶ
1232 3429 1325 3483 τὸν
1360 3420 1665 3500 ἄνθρωπον,
1700 3428 1813 3481 ἀλλ’

241 3519 432 3584 ό.Θεὸς
456 3521 485 3573 6
508 3514 590 3582 εἷς
625 3521 654 3572 6
687 3518 746 3571 ὲν
767 3518 957 3589 Τριάδι
995 3518 1483 3590 προσκυνούμενος.
1511 3519 1678 3573 Ὅταν
1705 3518 1816 3572 τοί-

243 3627 345 3667 νυν
370 3610 610 3679 ἀκούσῃς
641 3607 776 3661 Θεοῦ
818 3607 1100 3676 λέγοντος,
1144 3607 1296 3662 Ἰδοὺ
1348 3607 1528 3676 Ἀδὰμ
1570 3608 1816 3678 γέγονεν

242 3702 328 3767 ὡς
357 3698 446 3766 εἷς
489 3700 556 3764 ἐξ
590 3698 794 3768 ἡμῶν,
838 3699 1266 3769 τρισυπόστατον
1312 3699 1494 3770 φωνὴν
1540 3700 1810 3770 ἐννόησον.

244 3792 421 3847 Ὅταν
443 3792 500 3846 δὲ
530 3791 803 3857 πάλιν,ὂτι
832 3792 1128 3846 Ἑνείκόνι
1150 3789 1296 3846 Θεοῦ
1313 3791 1601 3858 ἐποίησεν
1619 3794 1654 3844 ό
1671 3791 1816 3857 Θεὸς

244 3887 356 3943 τὸν
391 3886 728 3955 ἄνθρωπον,
749 3885 848 3955 τὴν
886 3883 1011 3953 μίαν
1032 3881 1217 3936 οὐσίαν
1247 3883 1341 3936 καὶ
1366 3882 1604 3953 Θεότητα
1624 3882 1815 3953 ὁμολο-

245 3981 386 4047 γεῖς.
412 3976 712 4048 Τοιγαροῦν
741 3976 802 4028 οὐ
834 3974 991 4046 μόνον
1014 3972 1281 4040 ἐντεῦθεν,
1312 3971 1449 4029 ἀλλὰ
1484 3974 1580 4026 καὶ
1606 3972 1667 4037 ἐξ
1698 3972 1815 4026 ἑτέ-

249 4088 362 4144 ρων
392 4068 651 4123 πλειόνων
666 4066 848 4120 τόπων
868 4066 968 4136 τῆς
996 4065 1146 4128 θείας
1168 4064 1410 4135 Γωφῆς,
1438 4064 1500 4117 τὸ
1522 4063 1624 4133 τῆς
1655 4065 1817 4132 ἁγίας

247 4163 347 4216 καὶ
394 4159 682 4232 όμοουσίου
704 4158 933 4229 Τριάδος
964 4155 1321 4225 διδασκόμεθα
1355 4156 1680 4228 μυστήριον,
1723 4156 1817 4209 καὶ

252 4251 489 4324 μάλιστα
516 4250 614 4314 τὰς
646 4251 776 4321 περὶ
822 4249 1036 4319 Πατρδς
1079 4248 1173 4303 καὶ
1206 4246 1335 4301 Υίοῦ
1384 4247 1676 4316 τηλαυγεῖς
1724 4248 1817 4299 καὶ

247 4342 595 4412 σαφεστάτας
643 4341 826 4411 φωνὰς
871 4341 962 4395 καὶ
1005 4341 1307 4412 μαρτυρίας
1348 4340 1711 4409 εὑρίσκοντες.
1744 4339 1821 4392 Τὸ

244 4438 359 4507 γὰρ
396 4434 725 4505 εἰρημένον,
755 4434 836 4486 ὅτι
886 4432 1124 4500 ’Ἐϐρεξε
1167 4432 1383 4500 Κύριος
1414 4432 1572 4498 παρὰ
1595 4430 1816 4498 Κιιοίου

245 4526 368 4593 πῦρ
391 4525 488 4579 ἐπὶ
515 4525 749 4594 Σόδομα
774 4524 873 4578 καί
906 4525 1208 4593 Γόμορῤα,
1253 4523 1307 4576 τί
1336 4522 1479 4588 ἄλλο,
1513 4523 1559 4575 εί
1593 4523 1667 4594 μὴ
1701 4523 1817 4574 Πα-

243 4618 385 4687 τέρα
420 4616 516 4670 καὶ
546 4616 694 4682 Υἰὸν,
738 4616 834 4669 καὶ
878 4614 1083 4686 Κύριον
1131 4614 1283 4686 παρὰ
1317 4614 1523 4686 Κυρίου
1554 4615 1723 4686 ἤγουν
1751 4614 1817 4666 ὲκ

243 4706 342 4761 τοῦ
417 4706 631 4777 Πατρδς
695 4704 1024 4775 γεννηθέντα
1082 4704 1423 4776 παρίστησι;
1501 4703 1612 4757 Καὶ
1655 4702 1817 4757 πάλιν

1910 1892 2040 1961 ipsa:
2096 1907 2182 1947 res
2230 1902 2427 1947 creatae
2472 1892 2539 1946 ab
2593 1893 2903 1950 hominibus
2953 1895 3334 1965 comprehendi
3386 1911 3484 1951 ne—

1911 1992 2132 2053 queunt.

1980 2072 2220 2128 Judarus.
2271 2072 2372 2129 Ubi
2416 2088 2545 2128 vero
2583 2072 2902 2130 Trinitatem
2938 2076 2990 2130 in
3058 2074 3240 2131 Veteri
3288 2076 3484 2132 Testa-

1912 2175 2095 2221 mento
2128 2166 2405 2231 docemur,
2440 2173 2493 2219 et
2525 2165 2615 2219 ubi
2656 2178 2773 2220 eam
2809 2166 2863 2220 in
2900 2165 3051 2221 Novo
3076 2167 3375 2223 discimus?

1981 2340 2333 2397 Christianus.
2383 2340 2440 2395 ln
2485 2341 2671 2407 veteri
2708 2340 2951 2410 quidem,
3000 2341 3054 2396 in
3102 2341 3278 2410 primo
3317 2340 3481 2397 Mosis

1910 2431 2069 2497 libro,
2109 2432 2186 2486 ait
2226 2433 2369 2486 enim
2400 2431 2490 2491 ubi
2539 2432 2778 2503 origines
2826 2431 3013 2487 mundi
3057 2431 3319 2488 describit
3355 2447 3370 2485 :
3408 2431 3480 2485 Et

1911 2526 2044 2579 dixit
2097 2524 2238 2578 Deus
2264 2540 2283 2579 :
2320 2521 2605 2578 Faciamus
2643 2524 2902 2577 hominem
2949 2524 3018 2577 ad
3064 2524 3343 2594 imaginem
3385 2539 3481 2578 no-

1911 2625 2075 2670 stram
2098 2625 2145 2669 et
2172 2616 2242 2668 ad
2275 2614 2670 2669 similitudinem
2684 2613 2728 2666 ⁷.
2767 2612 3106 2667 Manifestum
3136 2612 3377 2682 estquod
3410 2613 3480 2666 ad

1902 2708 2105 2763 .Filium
2133 2716 2187 2762 et
2210 2706 2469 2778 Spiritum
2502 2713 2745 2761 sanctum
2773 2704 2889 2759 haec
2919 2703 3131 2760 locutus
3168 2713 3253 2760 est
3295 2703 3478 2759 Pater.
3536 2710 3543 2715 '

1911 2801 2085 2868 Atque
2120 2799 2315 2853 iterum
2350 2814 2365 2851 :
2394 2795 2466 2850 Et
2496 2796 2627 2849 dixit
2648 2794 2978 2850 Deus:Ecce
3006 2795 3180 2864 factus
3208 2806 3281 2849 est
3307 2794 3482 2848 Adam

1912 2898 1967 2942 ut
2001 2903 2135 2941 unus
2172 2902 2199 2940 e
2240 2885 2442 2939 nobis“.
2473 2883 2625 2951 Quod
2659 2883 2805 2938 enim
2869 2884 2963 2951 ait,
3002 2893 3063 2938 ut
3099 2900 3235 2938 unus
3262 2899 3291 2939 e
3312 2881 3483 2949 nobis,

1910 2979 2130 3034 omnino
2152 2977 2287 3031 duos
2308 2976 2391 3030 vel
2427 2984 2538 3031 tres
2571 2973 2860 3044 signiﬁcat,
2908 2982 2967 3029 ut
2984 2974 3295 3029 ostenderet
3318 2988 3483 3043 porro

1915 3080 2010 3136 per
2041 3064 2228 3128 verba,
2265 3074 2323 3117 ut
2355 3080 2488 3117 unus
2520 3079 2549 3118 e
2593 3064 2761 3126 nobis,
2794 3064 2956 3117 trium
2996 3077 3345 3133 personarum
3379 3062 3485 3117 dif-

1916 3157 2221 3211 ferentiam.
2255 3156 2432 3223 Atque
2470 3154 2854 3209 iterum.idem
2905 3153 3178 3225 legislator
3209 3171 3224 3209 :
3251 3153 3318 3208 Et
3356 3153 3483 3223 fecit

1914 3249 2057 3304 Deus
2074 3248 2369 3311 hominem;
2403 3245 2692 3301 secundum
2713 3246 2993 3316 imaginem
3032 3244 3127 3299 Dei
3151 3246 3275 3314 fecit
3301 3262 3417 3299 eum
3435 3247 3479 3312 ’,

1914 3349 1972 3394 ut
2015 3340 2331 3395 ostenderet
2383 3336 2608 3392 Deitatis
2659 3336 2941 3391 unitatem.
2974 3334 3092 3390 Non
3151 3337 3294 3391 enim
3344 3335 3484 3390 dixit

1915 3431 2044 3485 deos
2080 3443 2199 3484 esse
2242 3428 2334 3498 qui
2359 3427 2631 3483 hominem
2671 3427 2938 3491 fecerunt,
2974 3427 3068 3482 sed
3100 3426 3264 3482 Deum
3316 3442 3481 3480 ttntnn

1915 3523 2004 3592 qui
2056 3523 2110 3575 in
2163 3520 2431 3575 Trinitate
2481 3520 2756 3575 adoratur.
2833 3518 3061 3584 Quando
3112 3518 3276 3588 igitur
3328 3519 3483 3573 audis
3568 3554 3581 3565 ρ

1917 3614 2081 3669 Deum
2103 3612 2394 3677 dicentem,
2457 3609 2590 3664 Ecce
2615 3610 2783 3665 Adam
2817 3609 2988 3680 factus
3011 3619 3087 3664 est
3115 3610 3249 3663 sicut
3281 3624 3415 3663 imus
3455 3624 3487 3663 ο

1918 3704 2088 3768 nobis,
2147 3704 2306 3758 trium
2366 3715 2723 3770 personarum
2771 3715 2959 3757 vocem
2999 3702 3193 3769 cogita.
3259 3700 3483 3766 Quando

1916 3798 2130 3858 deinde,
2163 3795 2305 3865 quod
2348 3793 2415 3848 In
2463 3794 2691 3863 imagine
2726 3792 2824 3848 Dei
2875 3792 3014 3847 Deus
3049 3793 3305 3846 hominem
3339 3787 3480 3859 fecit,

1917 3905 2079 3946 unam
2119 3886 2412 3944 essentiam
2443 3900 2508 3941 ac
2539 3886 2803 3940 Deitatem
2830 3883 3130 3939 conﬁteris.
3172 3882 3344 3951 igitur
3377 3894 3481 3933 non

1915 3997 1979 4037 ex
2022 3983 2133 4036 hoc
2184 3989 2416 4043 tantum,
2455 3979 2552 4034 sed
2582 3984 2637 4034 et
2689 3991 2759 4033 ex
2816 3976 2938 4032 aliis
2992 3974 3236 4044 pluribus
3287 3972 3489 4027 divinas

1918 4075 2211 4144 Scriptum
2228 4073 2360 4128 locis
2387 4081 2591 4128 sanctae
2613 4079 2669 4126 et
2698 4067 3175 4125 consubstantialis
3200 4064 3486 4119 Trinitatis

1919 4164 2233 4236 mysterium
2266 4162 2574 4224 edocemur,
2614 4167 2671 4214 et
2698 4158 2935 4213 maxime
2966 4156 3032 4211 de
3060 4154 3219 4209 Patre
3249 4168 3313 4207 ac
3346 4152 3489 4207 Filio

1918 4255 2200 4325 perspicua
2237 4267 2300 4307 ac
2323 4249 2631 4304 clarissima
2660 4246 2971 4304 testimonia
3002 4244 3322 4313 reperimus.
3346 4241 3481 4296 Nam

1920 4344 2059 4411 quod
2084 4343 2322 4396 dicitur:
2353 4339 2606 4392 Dominus
2626 4338 2759 4405 pluit
2784 4353 2817 4391 ιι
2850 4336 3077 4391 Domino
3112 4334 3279 4403 ignem
3330 4348 3489 4400 super

1921 4434 2151 4488 Sodoma
2196 4440 2243 4484 et
2292 4426 2590 4482 Gomorrha
2626 4428 2693 4494 ⁸⁸,
2733 4426 2927 4493 ecquid
2956 4424 3100 4479 aliud
3134 4422 3239 4478 nisi
3269 4421 3483 4476 Patrem

1916 4534 1971 4578 et
2025 4520 2254 4584 Filium,
2300 4526 2355 4572 et
2388 4516 2674 4574 Dominum
2708 4529 2739 4569 a
2767 4513 2995 4569 Domino
3043 4514 3159 4568 sive
3209 4527 3279 4567 ex
3328 4511 3489 4567 Patre

1918 4622 2103 4667 natum
2142 4610 2322 4666 sistit?
2343 4610 2519 4679 Atque
2569 4621 2756 4663 rursus
2788 4605 2930 4676 quod
2960 4605 3014 4660 in
3060 4602 3277 4679 psalmo
3304 4610 3488 4658 cente-

1918 4706 2056 4758 simo
2109 4717 2253 4758 nono
2299 4701 2540 4766 dicitur,
2573 4697 2721 4753 Dixit
2770 4696 3025 4752 Dominus
3075 4695 3303 4750 Domino
3347 4709 3487 4761 meo,

242 4798 308 4852 τὸ
339 4798 397 4851 ὲν
423 4796 505 4868 τῷ
537 4797 614 4868 ρθ⁹
641 4794 842 4868 ψαλμῷ
874 4795 1184 4868 εἰρημένον,
1230 4796 1312 4849 ὅτι
1352 4790 1813 4862 ΕἷπενδΚύριος

1921 4793 2053 4850 Sede
2073 4810 2104 4847 ο
2139 4793 2338 4847 dextris
2360 4791 2487 4845 meis
2507 4791 2572 4855 “,
2604 4790 2886 4859 perspicue
2910 4787 3062 4843 nobis
3081 4785 3296 4843 Patrem
3322 4794 3375 4839 et
3398 4801 3487 4840 se-

245 4888 330 4955 τῷ
355 4889 551 4957 Κυρίῳ
573 4905 693 4958 μου
712 4903 728 4919 ⁶
754 4887 955 4944 Κάθου
979 4886 1049 4940 ἐκ
1078 4885 1292 4950 δεξιῶν
1329 4903 1471 4956 μου,
1510 4884 1699 4954 σαφῶς
1723 4883 1817 4937 τὸν

244 4981 469 5051 Πατέρα
504 4980 597 5033 καὶ
643 4979 735 5033 τὸν
773 4977 1081 5049 καθήμενον
1124 4979 1191 5032 ὲκ
1244 4977 1431 5044 δεξιῶν
1481 4975 1647 5031 αὑτοῦ
1688 4975 1817 5030 Υίδν

246 5071 383 5141 ⁴ἡμῖν
404 5068 769 5140 ἐφανέρωσεν.
791 5066 866 5121 οὐ
895 5066 1038 5120 κατὰ
1065 5066 1191 5129 τοὺς
1219 5063 1439 5135 θρόνους
1454 5064 1519 5123 ¹δὲ
1552 5062 1679 5127 τοὺς
1703 5064 1821 5116 ἑπι-

246 5161 451 5231 γειους,
478 5159 601 5214 οὐδὲ
637 5159 738 5223 τὰς
779 5158 1069 5228 καθέδρας,
1119 5155 1242 5210 οὕτε
1271 5154 1412 5211 κατὰ
1446 5155 1517 5208 τὰ
1540 5154 1694 5222 δεξιὰ
1720 5154 1818 5208 καὶ

244 5248 510 5321 ἀριστερὰ
530 5249 671 5322 μέρη
696 5247 806 5302 τῶν
829 5246 925 5302 ἀνθ
933 5245 1151 5319 ρώπων,
1173 5243 1314 5298 οὕτω
1337 5245 1430 5297 καὶ
1456 5246 1485 5297 6
1520 5244 1654 5307 Θεὸς
1681 5242 1816 5297 καθ-

245 5342 453 5406 έζεται,
503 5342 577 5412 μὴ
606 5340 840 5408 γένοιτοί
884 5338 1023 5391 Ἀλλ’
1048 5336 1237 5407 ὥσπερ
1270 5332 1465 5398 θεῖκῶς
1494 5335 1635 5405 ὑπὲρ
1660 5334 1816 5403 λόγον

244 5431 509 5503 ἐγεννήθη
526 5432 555 5485 6
573 5430 704 5495 Θεὸς
718 5430 887 5500 Λόγος
907 5430 972 5483 ὲκ
989 5427 1123 5481 Θεοῦ
1140 5428 1245 5498 πρὸ
1269 5428 1501 5490 αἰώνων,
1523 5426 1616 5481 καὶ
1632 5427 1780 5480 ὥσπε
1787 5444 1819 5499 ρ

246 5520 540 5593 ἀσώματος
565 5523 658 5576 καὶ
685 5520 1090 5592 ἀσχημάτιστος
1117 5519 1210 5571 καὶ
1226 5516 1636 5589 ἀπερίγραπτός
1650 5518 1814 5572 ἐστιν·

1921 4885 2135 4937 dentem
2177 4896 2207 4935 a
2251 4880 2459 4934 dextris
2480 4878 2597 4949 ejus
2628 4878 2821 4932 Filium
2850 4877 3110 4933 declarat.
3141 4876 3327 4946 Neque
3356 4890 3490 4930 vero

1920 4984 1983 5029 ut
2012 4974 2067 5027 in
2115 4972 2312 5027 throno
2341 4970 2424 5025 vel
2457 4971 2585 5024 sede
2614 4969 2882 5032 terrestri,
2913 4976 3006 5021 aut
3033 4975 3091 5021 ut
3122 4983 3151 5021 a
3182 4967 3371 5021 dextra
3399 4965 3486 5021 vel

1921 5067 2141 5122 sinistra
2175 5070 2330 5134 parte
2380 5061 2681 5125 hominum,
2716 5058 2793 5113 ita
2825 5059 2978 5115 sedet
3004 5057 3179 5123 Deus;
3220 5057 3313 5112 sed
3346 5056 3489 5111 sicut

1925 5156 2110 5209 divino
2172 5154 2332 5208 modo
2401 5166 2564 5221 super
2627 5164 2842 5206 omnem
2898 5149 3162 5205 rationem
3205 5158 3365 5202 natus
3407 5157 3490 5201 est

1924 5246 2066 5301 Deus
2090 5243 2323 5299 Verbum
2354 5258 2421 5298 ex
2461 5241 2577 5296 Deo
2596 5250 2723 5296 ante
2755 5237 2975 5303 saecula,
2998 5247 3054 5291 et
3075 5238 3214 5292 sicut
3239 5236 3490 5304 incorpo-

1925 5338 2058 5400 rale,
2086 5336 2258 5405 ﬁgura
2281 5334 2597 5390 destitutum
2630 5341 2686 5387 et
2714 5329 3240 5399 incircumscriptum
3262 5337 3374 5391 est,
3409 5326 3491 5381 sic

1922 5436 1979 5481 et
1997 5426 2180 5483 sedem
2216 5433 2266 5479 et
2306 5425 2562 5487 thronum
2584 5430 2648 5479 ,ει
2679 5420 2926 5477 dextram
2956 5418 3047 5475 Dei
3076 5416 3206 5474 mibi
3231 5414 3487 5484 intellige.

1928 5517 2031 5573 Sed
2059 5516 2268 5589 etquod
2297 5513 2440 5586 apud
2474 5514 2653 5585 ipsum
2682 5510 2880 5569 Isaiam
2909 5510 3113 5568 dictum
3131 5507 3493 5577 exstat,elare

321 5696 341 5730 '
372 5696 511 5754 Grn.
545 5694 696 5765 t,26.
772 5696 793 5729 '
832 5693 970 5751 Gen.
1006 5708 1089 5762 ιιι,
1119 5691 1227 5750 2ἳί
1266 5691 1474 5768 _'Gcn.
1511 5690 1664 5760 1,27.
1722 5691 1797 5769 κιο.

1919 5710 1958 5749 ι.
1990 5708 2102 5763 ιιι,
2128 5692 2219 5776 2}.
2296 5693 2336 5726 ιι
2376 5691 2517 5752 Psal.
2555 5707 2676 5761 etx,
2702 5692 2754 5750 ί.
