  <div class='ocr_page' id='page_1' title='image "/cluster/home/n/w/nwhite01/storage/ocr_20150623/40/hvd.32044073501850/438.png"; bbox 0 0 3884 6268; ppageno 0'>
   <div class='ocr_carea' id='block_1_1' title="bbox 208 432 308 496">
    <p class='ocr_par' dir='ltr' id='par_1_1' title="bbox 208 432 308 496">
     <span class='ocr_line' id='line_1_1' title="bbox 208 432 308 496; baseline -0.02 0"><span class='ocrx_word' id='word_1_1' title='bbox 208 432 308 496; x_wconf 69' lang='grc'><strong>861</strong></span> 
     </span>
    </p>
   </div>
   <div class='ocr_carea' id='block_1_2' title="bbox 1339 441 2371 512">
    <p class='ocr_par' dir='ltr' id='par_1_2' title="bbox 1339 441 2371 512">
     <span class='ocr_line' id='line_1_2' title="bbox 1339 441 2371 512; baseline 0.007 -15"><span class='ocrx_word' id='word_1_2' title='bbox 1339 441 1428 497; x_wconf 83' lang='lat' dir='ltr'><strong>DE</strong></span> <span class='ocrx_word' id='word_1_3' title='bbox 1467 441 1780 500; x_wconf 74' lang='lat' dir='ltr'><strong>EFFECTU</strong></span> <span class='ocrx_word' id='word_1_4' title='bbox 1823 442 2179 512; x_wconf 79' lang='lat' dir='ltr'><strong>BAPTISMI,</strong></span> <span class='ocrx_word' id='word_1_5' title='bbox 2219 445 2371 504; x_wconf 84' lang='lat' dir='ltr'><strong>ETC.</strong></span> 
     </span>
    </p>
   </div>
   <div class='ocr_carea' id='block_1_3' title="bbox 221 535 1801 633">
    <p class='ocr_par' dir='ltr' id='par_1_3' title="bbox 221 535 1783 633">
     <span class='ocr_line' id='line_1_3' title="bbox 221 535 1783 633; baseline -0.001 -15"><span class='ocrx_word' id='word_1_6' title='bbox 221 562 488 625; x_wconf 73' lang='grc' dir='ltr'>Ἠσαῖαςο</span> <span class='ocrx_word' id='word_1_7' title='bbox 523 561 626 616; x_wconf 85' lang='grc' dir='ltr'><strong>Διὰ</strong></span> <span class='ocrx_word' id='word_1_8' title='bbox 671 560 777 616; x_wconf 70' lang='grc' dir='ltr'>τὸν</span> <span class='ocrx_word' id='word_1_9' title='bbox 809 562 997 631; x_wconf 72' lang='grc' dir='ltr'>φόϐον</span> <span class='ocrx_word' id='word_1_10' title='bbox 1043 576 1178 628; x_wconf 87' lang='grc' dir='ltr'>σου,</span> <span class='ocrx_word' id='word_1_11' title='bbox 1225 563 1418 631; x_wconf 76' lang='grc' dir='ltr'>Κύριε,</span> <span class='ocrx_word' id='word_1_12' title='bbox 1459 564 1528 617; x_wconf 84' lang='grc' dir='ltr'>ἐν</span> <span class='ocrx_word' id='word_1_13' title='bbox 1575 535 1783 633; x_wconf 59' lang='grc' dir='ltr'>γαστρί</span> 
     </span>
    </p>
   </div>
   <div class='ocr_carea' id='block_1_4' title="bbox 1906 535 3456 633">
    <p class='ocr_par' dir='ltr' id='par_1_4' title="bbox 1906 559 3456 632">
     <span class='ocr_line' id='line_1_4' title="bbox 1906 559 3456 632; baseline 0.003 -18"><span class='ocrx_word' id='word_1_14' title='bbox 1906 559 2120 631; x_wconf 80' lang='lat' dir='ltr'><strong>PrOpter</strong></span> <span class='ocrx_word' id='word_1_15' title='bbox 2168 574 2362 618; x_wconf 86' lang='lat' dir='ltr'><strong>metum</strong></span> <span class='ocrx_word' id='word_1_16' title='bbox 2398 575 2574 631; x_wconf 87' lang='lat' dir='ltr'><strong>tuum,</strong></span> <span class='ocrx_word' id='word_1_17' title='bbox 2619 564 2862 632; x_wconf 86' lang='lat' dir='ltr'><strong>Domine,</strong></span> <span class='ocrx_word' id='word_1_18' title='bbox 2904 566 2963 620; x_wconf 83' lang='lat' dir='ltr'><strong>in</strong></span> <span class='ocrx_word' id='word_1_19' title='bbox 3006 573 3178 620; x_wconf 71' lang='lat' dir='ltr'><strong>ventre</strong></span> <span class='ocrx_word' id='word_1_20' title='bbox 3221 566 3456 632; x_wconf 57' lang='lat' dir='ltr'><strong>concepi.</strong></span> 
     </span>
    </p>
   </div>
   <div class='ocr_carea' id='block_1_5' title="bbox 211 653 1785 724">
    <p class='ocr_par' dir='ltr' id='par_1_5' title="bbox 211 653 1785 724">
     <span class='ocr_line' id='line_1_5' title="bbox 211 653 1785 724; baseline -0.003 -14"><span class='ocrx_word' id='word_1_21' title='bbox 211 655 512 722; x_wconf 63' lang='grc' dir='ltr'>ἐλάϐομεν</span> <span class='ocrx_word' id='word_1_22' title='bbox 549 654 646 707; x_wconf 69' lang='grc' dir='ltr'>καὶ</span> <span class='ocrx_word' id='word_1_23' title='bbox 683 653 1062 724; x_wconf 82' lang='grc' dir='ltr'>ὡδινήσαμεν</span> <span class='ocrx_word' id='word_1_24' title='bbox 1093 654 1189 707; x_wconf 74' lang='grc' dir='ltr'>καὶ</span> <span class='ocrx_word' id='word_1_25' title='bbox 1225 654 1508 723; x_wconf 81' lang='grc' dir='ltr'>ἐτέκομεν</span> <span class='ocrx_word' id='word_1_26' title='bbox 1544 654 1785 722; x_wconf 81' lang='grc' dir='ltr'><strong>Πνεῦμα</strong></span> 
     </span>
    </p>
   </div>
   <div class='ocr_carea' id='block_1_6' title="bbox 1886 657 3452 727">
    <p class='ocr_par' dir='ltr' id='par_1_6' title="bbox 1886 657 3452 727">
     <span class='ocr_line' id='line_1_6' title="bbox 1886 657 3452 727; baseline 0.004 -21"><span class='ocrx_word' id='word_1_27' title='bbox 1886 671 2022 716; x_wconf 90' lang='lat' dir='ltr'><strong>mus,</strong></span> <span class='ocrx_word' id='word_1_28' title='bbox 2058 663 2107 708; x_wconf 85' lang='lat' dir='ltr'><strong>et</strong></span> <span class='ocrx_word' id='word_1_29' title='bbox 2157 657 2450 724; x_wconf 74' lang='lat' dir='ltr'><strong>peperimus</strong></span> <span class='ocrx_word' id='word_1_30' title='bbox 2500 657 2758 727; x_wconf 73' lang='lat' dir='ltr'><strong>Spiritum</strong></span> <span class='ocrx_word' id='word_1_31' title='bbox 2799 657 2984 711; x_wconf 83' lang='lat' dir='ltr'><strong>salutis</strong></span> <span class='ocrx_word' id='word_1_32' title='bbox 3013 658 3076 711; x_wconf 81' lang='lat'><strong>“.</strong></span> <span class='ocrx_word' id='word_1_33' title='bbox 3116 657 3171 712; x_wconf 90' lang='lat' dir='ltr'><strong>In</strong></span> <span class='ocrx_word' id='word_1_34' title='bbox 3209 673 3316 727; x_wconf 90' lang='lat' dir='ltr'><strong>quo</strong></span> <span class='ocrx_word' id='word_1_35' title='bbox 3360 661 3452 713; x_wconf 82' lang='lat' dir='ltr'><strong>de-</strong></span> 
     </span>
    </p>
   </div>
   <div class='ocr_carea' id='block_1_7' title="bbox 211 744 1801 818">
    <p class='ocr_par' dir='ltr' id='par_1_7' title="bbox 211 745 1786 816">
     <span class='ocr_line' id='line_1_7' title="bbox 211 745 1786 816; baseline -0.002 -16"><span class='ocrx_word' id='word_1_36' title='bbox 211 747 514 812; x_wconf 62' lang='grc' dir='ltr'>σωτηρίας</span> <span class='ocrx_word' id='word_1_37' title='bbox 532 762 546 776; x_wconf 74' lang='grc' dir='ltr'><strong>ο</strong></span> <span class='ocrx_word' id='word_1_38' title='bbox 581 745 776 816; x_wconf 78' lang='grc' dir='ltr'>δηλῶν,</span> <span class='ocrx_word' id='word_1_39' title='bbox 805 747 886 798; x_wconf 84' lang='grc' dir='ltr'><strong>ὃτι</strong></span> <span class='ocrx_word' id='word_1_40' title='bbox 915 747 975 798; x_wconf 81' lang='grc' dir='ltr'><strong>τὸ</strong></span> <span class='ocrx_word' id='word_1_41' title='bbox 998 746 1219 815; x_wconf 82' lang='grc' dir='ltr'><strong>Πνεῦμα</strong></span> <span class='ocrx_word' id='word_1_42' title='bbox 1248 745 1308 797; x_wconf 82' lang='grc' dir='ltr'><strong>τὸ</strong></span> <span class='ocrx_word' id='word_1_43' title='bbox 1339 746 1492 814; x_wconf 79' lang='grc' dir='ltr'>ἅγιον</span> <span class='ocrx_word' id='word_1_44' title='bbox 1522 745 1786 816; x_wconf 73' lang='grc' dir='ltr'>ἐλάϐομεν</span> 
     </span>
    </p>
   </div>
   <div class='ocr_carea' id='block_1_8' title="bbox 1906 744 3454 818">
    <p class='ocr_par' dir='ltr' id='par_1_8' title="bbox 1906 744 3454 818">
     <span class='ocr_line' id='line_1_8' title="bbox 1906 744 3454 818; baseline 0.003 -20"><span class='ocrx_word' id='word_1_45' title='bbox 1906 744 2059 798; x_wconf 87' lang='lat' dir='ltr'><strong>:larat</strong></span> <span class='ocrx_word' id='word_1_46' title='bbox 2094 761 2193 800; x_wconf 91' lang='lat' dir='ltr'><strong>nos</strong></span> <span class='ocrx_word' id='word_1_47' title='bbox 2229 746 2486 814; x_wconf 73' lang='lat' dir='ltr'><strong>Spiritum</strong></span> <span class='ocrx_word' id='word_1_48' title='bbox 2525 758 2772 802; x_wconf 87' lang='lat' dir='ltr'><strong>sanctum</strong></span> <span class='ocrx_word' id='word_1_49' title='bbox 2822 751 3098 818; x_wconf 83' lang='lat' dir='ltr'><strong>accepisse</strong></span> <span class='ocrx_word' id='word_1_50' title='bbox 3138 759 3284 814; x_wconf 91' lang='lat' dir='ltr'><strong>tum,</strong></span> <span class='ocrx_word' id='word_1_51' title='bbox 3333 764 3454 802; x_wconf 78' lang='lat' dir='ltr'><strong>cum</strong></span> 
     </span>
    </p>
   </div>
   <div class='ocr_carea' id='block_1_9' title="bbox 211 833 1787 906">
    <p class='ocr_par' dir='ltr' id='par_1_9' title="bbox 211 833 1787 906">
     <span class='ocr_line' id='line_1_9' title="bbox 211 833 1787 906; baseline 0.001 -21"><span class='ocrx_word' id='word_1_52' title='bbox 211 835 261 886; x_wconf 81' lang='lat' dir='ltr'><strong>ot</strong></span> <span class='ocrx_word' id='word_1_53' title='bbox 291 833 646 901; x_wconf 78' lang='grc' dir='ltr'><strong>φωτισθέντες</strong></span> <span class='ocrx_word' id='word_1_54' title='bbox 666 835 750 886; x_wconf 74' lang='grc' dir='ltr'>διὰ</span> <span class='ocrx_word' id='word_1_55' title='bbox 779 834 871 887; x_wconf 88' lang='grc' dir='ltr'><strong>τοῦ</strong></span> <span class='ocrx_word' id='word_1_56' title='bbox 903 834 1296 904; x_wconf 77' lang='grc' dir='ltr'><strong>βαπτίσματος.</strong></span> <span class='ocrx_word' id='word_1_57' title='bbox 1328 835 1466 905; x_wconf 72' lang='grc' dir='ltr'>Φησὶ</span> <span class='ocrx_word' id='word_1_58' title='bbox 1492 836 1598 906; x_wconf 83' lang='grc' dir='ltr'>γὰρ</span> <span class='ocrx_word' id='word_1_59' title='bbox 1627 835 1787 889; x_wconf 87' lang='grc' dir='ltr'>πάλιν</span> 
     </span>
    </p>
   </div>
   <div class='ocr_carea' id='block_1_10' title="bbox 211 924 1784 996">
    <p class='ocr_par' dir='ltr' id='par_1_10' title="bbox 211 924 1784 996">
     <span class='ocr_line' id='line_1_10' title="bbox 211 924 1784 996; baseline -0.002 -18"><span class='ocrx_word' id='word_1_60' title='bbox 211 925 302 978; x_wconf 77' lang='grc' dir='ltr'>διὰ</span> <span class='ocrx_word' id='word_1_61' title='bbox 333 924 426 977; x_wconf 90' lang='grc' dir='ltr'><strong>τοῦ</strong></span> <span class='ocrx_word' id='word_1_62' title='bbox 469 927 749 996; x_wconf 81' lang='grc' dir='ltr'>προφήτου</span> <span class='ocrx_word' id='word_1_63' title='bbox 796 927 823 978; x_wconf 85' lang='grc' dir='ltr'>ὁ</span> <span class='ocrx_word' id='word_1_64' title='bbox 861 925 992 987; x_wconf 85' lang='grc' dir='ltr'>Θεὸς</span> <span class='ocrx_word' id='word_1_65' title='bbox 1036 927 1164 995; x_wconf 78' lang='grc' dir='ltr'>περὶ</span> <span class='ocrx_word' id='word_1_66' title='bbox 1205 925 1311 978; x_wconf 82' lang='grc' dir='ltr'><strong>τῶν</strong></span> <span class='ocrx_word' id='word_1_67' title='bbox 1356 926 1784 995; x_wconf 78' lang='grc' dir='ltr'>βαπτιζομένων,</span> 
     </span>
    </p>
   </div>
   <div class='ocr_carea' id='block_1_11' title="bbox 211 1015 1786 1084">
    <p class='ocr_par' dir='ltr' id='par_1_11' title="bbox 211 1015 1786 1084">
     <span class='ocr_line' id='line_1_11' title="bbox 211 1015 1786 1084; baseline -0.001 -16"><span class='ocrx_word' id='word_1_68' title='bbox 211 1015 297 1068; x_wconf 74' lang='grc' dir='ltr'><strong>ὅτι</strong></span> <span class='ocrx_word' id='word_1_69' title='bbox 359 1015 688 1082; x_wconf 81' lang='grc' dir='ltr'><strong>Ἐνοικήσω</strong></span> <span class='ocrx_word' id='word_1_70' title='bbox 755 1017 823 1068; x_wconf 81' lang='grc' dir='ltr'>ἐν</span> <span class='ocrx_word' id='word_1_71' title='bbox 902 1017 1104 1080; x_wconf 81' lang='grc' dir='ltr'>αὐτοῖς</span> <span class='ocrx_word' id='word_1_72' title='bbox 1165 1017 1261 1069; x_wconf 76' lang='grc' dir='ltr'>καὶ</span> <span class='ocrx_word' id='word_1_73' title='bbox 1309 1016 1786 1084; x_wconf 66' lang='grc' dir='ltr'>ἐμπεριπατήσω·</span> 
     </span>
    </p>
   </div>
   <div class='ocr_carea' id='block_1_12' title="bbox 215 1103 1790 1176">
    <p class='ocr_par' dir='ltr' id='par_1_12' title="bbox 215 1103 1790 1176">
     <span class='ocr_line' id='line_1_12' title="bbox 215 1103 1790 1176; baseline -0.001 -17"><span class='ocrx_word' id='word_1_74' title='bbox 215 1109 313 1160; x_wconf 78' lang='grc' dir='ltr'><strong>καὶ</strong></span> <span class='ocrx_word' id='word_1_75' title='bbox 348 1107 428 1170; x_wconf 80' lang='grc' dir='ltr'><strong>τὸ,</strong></span> <span class='ocrx_word' id='word_1_76' title='bbox 466 1105 688 1174; x_wconf 82' lang='grc' dir='ltr'>Ἐκχεῶ</span> <span class='ocrx_word' id='word_1_77' title='bbox 720 1106 836 1160; x_wconf 78' lang='grc' dir='ltr'>ἀπὸ</span> <span class='ocrx_word' id='word_1_78' title='bbox 876 1107 981 1160; x_wconf 87' lang='grc' dir='ltr'><strong>τοῦ</strong></span> <span class='ocrx_word' id='word_1_79' title='bbox 1021 1108 1367 1176; x_wconf 79' lang='grc' dir='ltr'>Πνεύματός</span> <span class='ocrx_word' id='word_1_80' title='bbox 1395 1124 1513 1174; x_wconf 84' lang='grc' dir='ltr'><strong>μου</strong></span> <span class='ocrx_word' id='word_1_81' title='bbox 1544 1105 1641 1157; x_wconf 75' lang='grc' dir='ltr'><strong>ἐπὶ</strong></span> <span class='ocrx_word' id='word_1_82' title='bbox 1681 1103 1790 1157; x_wconf 79' lang='grc' dir='ltr'><strong>πᾶ-</strong></span> 
     </span>
    </p>
   </div>
   <div class='ocr_carea' id='block_1_13' title="bbox 213 1193 1790 1266">
    <p class='ocr_par' dir='ltr' id='par_1_13' title="bbox 213 1193 1790 1266">
     <span class='ocr_line' id='line_1_13' title="bbox 213 1193 1790 1266; baseline -0.003 -16"><span class='ocrx_word' id='word_1_83' title='bbox 213 1211 341 1250; x_wconf 85' lang='grc' dir='ltr'><strong>σαν</strong></span> <span class='ocrx_word' id='word_1_84' title='bbox 383 1195 598 1263; x_wconf 66' lang='grc' dir='ltr'>σάρκα.</span> <span class='ocrx_word' id='word_1_85' title='bbox 628 1197 780 1249; x_wconf 84' lang='grc' dir='ltr'>ὐσοι</span> <span class='ocrx_word' id='word_1_86' title='bbox 811 1193 902 1249; x_wconf 77' lang='grc' dir='ltr'>οὖν</span> <span class='ocrx_word' id='word_1_87' title='bbox 947 1197 1008 1249; x_wconf 78' lang='grc' dir='ltr'>τὸ</span> <span class='ocrx_word' id='word_1_88' title='bbox 1051 1196 1189 1249; x_wconf 84' lang='grc' dir='ltr'>Οεῖον</span> <span class='ocrx_word' id='word_1_89' title='bbox 1232 1196 1453 1266; x_wconf 87' lang='grc' dir='ltr'>Πνεῦμα</span> <span class='ocrx_word' id='word_1_90' title='bbox 1497 1196 1554 1248; x_wconf 74' lang='grc' dir='ltr'>ὲν</span> <span class='ocrx_word' id='word_1_91' title='bbox 1595 1194 1790 1266; x_wconf 83' lang='grc' dir='ltr'>γαστρὶ</span> 
     </span>
    </p>
   </div>
   <div class='ocr_carea' id='block_1_14' title="bbox 215 1283 1788 1354">
    <p class='ocr_par' dir='ltr' id='par_1_14' title="bbox 215 1283 1788 1354">
     <span class='ocr_line' id='line_1_14' title="bbox 215 1283 1788 1354; baseline -0.003 -16"><span class='ocrx_word' id='word_1_92' title='bbox 215 1285 410 1338; x_wconf 73' lang='grc' dir='ltr'>ἔλαϐον</span> <span class='ocrx_word' id='word_1_93' title='bbox 441 1287 498 1337; x_wconf 89' lang='grc' dir='ltr'>ὲν</span> <span class='ocrx_word' id='word_1_94' title='bbox 534 1283 612 1354; x_wconf 84' lang='grc' dir='ltr'>τῷ</span> <span class='ocrx_word' id='word_1_95' title='bbox 645 1284 784 1354; x_wconf 82' lang='grc' dir='ltr'>ἁγίῳ</span> <span class='ocrx_word' id='word_1_96' title='bbox 823 1284 1176 1354; x_wconf 82' lang='grc' dir='ltr'><strong>βαπτίσματι,</strong></span> <span class='ocrx_word' id='word_1_97' title='bbox 1222 1284 1422 1337; x_wconf 75' lang='grc' dir='ltr'>ἔσωθεν</span> <span class='ocrx_word' id='word_1_98' title='bbox 1465 1284 1571 1337; x_wconf 80' lang='grc' dir='ltr'>ἔσω</span> <span class='ocrx_word' id='word_1_99' title='bbox 1621 1286 1678 1335; x_wconf 81' lang='grc' dir='ltr'>ὲν</span> <span class='ocrx_word' id='word_1_100' title='bbox 1722 1286 1788 1353; x_wconf 82' lang='grc' dir='ltr'>τῇ</span> 
     </span>
    </p>
   </div>
   <div class='ocr_carea' id='block_1_15' title="bbox 215 1375 1792 1447">
    <p class='ocr_par' dir='ltr' id='par_1_15' title="bbox 215 1375 1792 1447">
     <span class='ocr_line' id='line_1_15' title="bbox 215 1375 1792 1447; baseline -0.002 -19"><span class='ocrx_word' id='word_1_101' title='bbox 215 1377 431 1428; x_wconf 78' lang='grc' dir='ltr'>ἑαυτῶν</span> <span class='ocrx_word' id='word_1_102' title='bbox 461 1376 657 1447; x_wconf 77' lang='grc' dir='ltr'>καρδία</span> <span class='ocrx_word' id='word_1_103' title='bbox 697 1377 761 1431; x_wconf 80' lang='grc' dir='ltr'>ὲκ</span> <span class='ocrx_word' id='word_1_104' title='bbox 797 1376 905 1428; x_wconf 85' lang='grc' dir='ltr'><strong>τῶν</strong></span> <span class='ocrx_word' id='word_1_105' title='bbox 959 1376 1341 1446; x_wconf 76' lang='grc' dir='ltr'><strong>σκιρτημάτων</strong></span> <span class='ocrx_word' id='word_1_106' title='bbox 1377 1376 1470 1429; x_wconf 68' lang='grc' dir='ltr'><strong>καὶ</strong></span> <span class='ocrx_word' id='word_1_107' title='bbox 1503 1375 1792 1444; x_wconf 85' lang='grc' dir='ltr'>νυγμάτων</span> 
     </span>
    </p>
   </div>
   <div class='ocr_carea' id='block_1_16' title="bbox 217 1463 1794 1537">
    <p class='ocr_par' dir='ltr' id='par_1_16' title="bbox 217 1463 1794 1537">
     <span class='ocr_line' id='line_1_16' title="bbox 217 1463 1794 1537; baseline -0.003 -16"><span class='ocrx_word' id='word_1_108' title='bbox 217 1469 314 1521; x_wconf 81' lang='grc' dir='ltr'>καὶ</span> <span class='ocrx_word' id='word_1_109' title='bbox 341 1467 760 1536; x_wconf 87' lang='grc' dir='ltr'>ἀγαλλιαμάτων</span> <span class='ocrx_word' id='word_1_110' title='bbox 793 1467 885 1520; x_wconf 75' lang='grc' dir='ltr'>καὶ</span> <span class='ocrx_word' id='word_1_111' title='bbox 913 1467 1301 1537; x_wconf 71' lang='grc' dir='ltr'>ἐνεργημάτων</span> <span class='ocrx_word' id='word_1_112' title='bbox 1337 1467 1497 1534; x_wconf 66' lang='grc' dir='ltr'>(καὶ),</span> <span class='ocrx_word' id='word_1_113' title='bbox 1527 1465 1592 1516; x_wconf 78' lang='grc' dir='ltr'>ἶν’</span> <span class='ocrx_word' id='word_1_114' title='bbox 1621 1463 1794 1525; x_wconf 69' lang='grc' dir='ltr'>οὕτως</span> 
     </span>
    </p>
   </div>
   <div class='ocr_carea' id='block_1_17' title="bbox 217 1553 1794 1627">
    <p class='ocr_par' dir='ltr' id='par_1_17' title="bbox 217 1553 1794 1627">
     <span class='ocr_line' id='line_1_17' title="bbox 217 1553 1794 1627; baseline -0.004 -17"><span class='ocrx_word' id='word_1_115' title='bbox 217 1557 381 1618; x_wconf 77' lang='grc' dir='ltr'>εἴπω,</span> <span class='ocrx_word' id='word_1_116' title='bbox 417 1557 751 1627; x_wconf 82' lang='grc' dir='ltr'>πηδημάτων</span> <span class='ocrx_word' id='word_1_117' title='bbox 777 1559 874 1627; x_wconf 83' lang='grc' dir='ltr'>τῆς</span> <span class='ocrx_word' id='word_1_118' title='bbox 908 1557 1074 1609; x_wconf 77' lang='grc' dir='ltr'>αὐτοῦ</span> <span class='ocrx_word' id='word_1_119' title='bbox 1112 1560 1352 1626; x_wconf 81' lang='grc' dir='ltr'>χάριτος,</span> <span class='ocrx_word' id='word_1_120' title='bbox 1390 1553 1794 1626; x_wconf 75' lang='grc' dir='ltr'>πληροφοροῦν-</span> 
     </span>
    </p>
   </div>
   <div class='ocr_carea' id='block_1_18' title="bbox 216 1642 1796 1717">
    <p class='ocr_par' dir='ltr' id='par_1_18' title="bbox 216 1642 1796 1717">
     <span class='ocr_line' id='line_1_18' title="bbox 216 1642 1796 1717; baseline -0.004 -17"><span class='ocrx_word' id='word_1_121' title='bbox 216 1662 312 1700; x_wconf 82' lang='grc' dir='ltr'><strong>ται</strong></span> <span class='ocrx_word' id='word_1_122' title='bbox 339 1648 396 1699; x_wconf 79' lang='grc' dir='ltr'>ὲν</span> <span class='ocrx_word' id='word_1_123' title='bbox 426 1650 491 1717; x_wconf 84' lang='grc' dir='ltr'>τῇ</span> <span class='ocrx_word' id='word_1_124' title='bbox 517 1647 696 1699; x_wconf 83' lang='grc' dir='ltr'>αὑτῶν</span> <span class='ocrx_word' id='word_1_125' title='bbox 725 1647 937 1717; x_wconf 75' lang='grc' dir='ltr'>καρδίᾳ,</span> <span class='ocrx_word' id='word_1_126' title='bbox 967 1649 1048 1700; x_wconf 81' lang='grc' dir='ltr'>ὅτι</span> <span class='ocrx_word' id='word_1_127' title='bbox 1079 1646 1496 1716; x_wconf 75' lang='grc' dir='ltr'>βεϐαπτισμένοι</span> <span class='ocrx_word' id='word_1_128' title='bbox 1523 1642 1679 1695; x_wconf 77' lang='grc' dir='ltr'>εἰσίν.</span> <span class='ocrx_word' id='word_1_129' title='bbox 1698 1643 1796 1695; x_wconf 76' lang='grc' dir='ltr'><strong>Οὑο</strong></span> 
     </span>
    </p>
   </div>
   <div class='ocr_carea' id='block_1_19' title="bbox 217 1735 1796 1809">
    <p class='ocr_par' dir='ltr' id='par_1_19' title="bbox 217 1735 1796 1809">
     <span class='ocr_line' id='line_1_19' title="bbox 217 1735 1796 1809; baseline 0 -19"><span class='ocrx_word' id='word_1_130' title='bbox 217 1738 335 1801; x_wconf 65' lang='lat' dir='ltr'><strong>Cet;</strong></span> <span class='ocrx_word' id='word_1_131' title='bbox 384 1739 492 1808; x_wconf 72' lang='grc' dir='ltr'>γὰρ</span> <span class='ocrx_word' id='word_1_132' title='bbox 534 1737 822 1809; x_wconf 78' lang='grc' dir='ltr'>ἄνθρωπος</span> <span class='ocrx_word' id='word_1_133' title='bbox 873 1739 1205 1800; x_wconf 79' lang='grc' dir='ltr'>ὰϐἀπτιστος</span> <span class='ocrx_word' id='word_1_134' title='bbox 1248 1739 1340 1790; x_wconf 71' lang='grc' dir='ltr'>ἐπὶ</span> <span class='ocrx_word' id='word_1_135' title='bbox 1370 1737 1470 1806; x_wconf 80' lang='grc' dir='ltr'>τῆς</span> <span class='ocrx_word' id='word_1_136' title='bbox 1519 1737 1651 1805; x_wconf 80' lang='grc' dir='ltr'>γῆς,</span> <span class='ocrx_word' id='word_1_137' title='bbox 1697 1735 1796 1804; x_wconf 80' lang='grc' dir='ltr'>τῆς</span> 
     </span>
    </p>
   </div>
   <div class='ocr_carea' id='block_1_20' title="bbox 218 1827 1793 1900">
    <p class='ocr_par' dir='ltr' id='par_1_20' title="bbox 218 1827 1793 1900">
     <span class='ocr_line' id='line_1_20' title="bbox 218 1827 1793 1900; baseline -0.004 -18"><span class='ocrx_word' id='word_1_138' title='bbox 218 1829 476 1898; x_wconf 77' lang='grc' dir='ltr'>τοιαύτης</span> <span class='ocrx_word' id='word_1_139' title='bbox 517 1829 794 1900; x_wconf 86' lang='grc' dir='ltr'>χάριτοςῆ</span> <span class='ocrx_word' id='word_1_140' title='bbox 825 1830 1100 1900; x_wconf 72' lang='grc' dir='ltr'>ἐνεργείας</span> <span class='ocrx_word' id='word_1_141' title='bbox 1141 1829 1382 1899; x_wconf 81' lang='grc' dir='ltr'>εὐπορεῖ,</span> <span class='ocrx_word' id='word_1_142' title='bbox 1412 1827 1444 1898; x_wconf 83' lang='grc' dir='ltr'>ἢ</span> <span class='ocrx_word' id='word_1_143' title='bbox 1481 1827 1793 1880; x_wconf 76' lang='grc' dir='ltr'>αἰσθάνεται</span> 
     </span>
    </p>
   </div>
   <div class='ocr_carea' id='block_1_21' title="bbox 222 1917 1794 1984">
    <p class='ocr_par' dir='ltr' id='par_1_21' title="bbox 222 1917 1794 1984">
     <span class='ocr_line' id='line_1_21' title="bbox 222 1917 1794 1984; baseline -0.003 -9"><span class='ocrx_word' id='word_1_144' title='bbox 222 1921 473 1983; x_wconf 87' lang='grc' dir='ltr'>πώποτε,</span> <span class='ocrx_word' id='word_1_145' title='bbox 519 1922 621 1975; x_wconf 78' lang='grc' dir='ltr'><strong>κᾶν</strong></span> <span class='ocrx_word' id='word_1_146' title='bbox 669 1922 848 1984; x_wconf 80' lang='grc' dir='ltr'>πάσας</span> <span class='ocrx_word' id='word_1_147' title='bbox 898 1922 995 1984; x_wconf 71' lang='grc' dir='ltr'><strong>τὰς</strong></span> <span class='ocrx_word' id='word_1_148' title='bbox 1047 1920 1267 1983; x_wconf 79' lang='grc' dir='ltr'>ἐντολὰς</span> <span class='ocrx_word' id='word_1_149' title='bbox 1322 1921 1417 1973; x_wconf 81' lang='grc' dir='ltr'><strong>καὶ</strong></span> <span class='ocrx_word' id='word_1_150' title='bbox 1453 1917 1794 1979; x_wconf 79' lang='grc' dir='ltr'>δικαιοσύνας</span> 
     </span>
    </p>
   </div>
   <div class='ocr_carea' id='block_1_22' title="bbox 221 2008 1796 2084">
    <p class='ocr_par' dir='ltr' id='par_1_22' title="bbox 221 2008 1796 2084">
     <span class='ocr_line' id='line_1_22' title="bbox 221 2008 1796 2084; baseline -0.004 -18"><span class='ocrx_word' id='word_1_151' title='bbox 221 2013 448 2084; x_wconf 74' lang='grc' dir='ltr'>ἐπιτελῇ</span> <span class='ocrx_word' id='word_1_152' title='bbox 481 2012 574 2066; x_wconf 89' lang='grc' dir='ltr'><strong>τοῦ</strong></span> <span class='ocrx_word' id='word_1_153' title='bbox 599 2011 756 2075; x_wconf 85' lang='grc' dir='ltr'>Θεοῦ,</span> <span class='ocrx_word' id='word_1_154' title='bbox 788 2014 836 2064; x_wconf 84' lang='grc' dir='ltr'><strong>εί</strong></span> <span class='ocrx_word' id='word_1_155' title='bbox 871 2011 944 2083; x_wconf 83' lang='grc' dir='ltr'>μὴ</span> <span class='ocrx_word' id='word_1_156' title='bbox 973 2013 1022 2064; x_wconf 92' lang='grc' dir='ltr'><strong>οί</strong></span> <span class='ocrx_word' id='word_1_157' title='bbox 1045 2011 1112 2063; x_wconf 85' lang='grc' dir='ltr'>δι’</span> <span class='ocrx_word' id='word_1_158' title='bbox 1141 2010 1329 2073; x_wconf 80' lang='grc' dir='ltr'>ὓδατος</span> <span class='ocrx_word' id='word_1_159' title='bbox 1359 2009 1453 2062; x_wconf 69' lang='grc' dir='ltr'><strong>καὶ</strong></span> <span class='ocrx_word' id='word_1_160' title='bbox 1481 2008 1796 2078; x_wconf 80' lang='grc' dir='ltr'>Πνεῦματος</span> 
     </span>
    </p>
   </div>
   <div class='ocr_carea' id='block_1_23' title="bbox 222 2101 1796 2172">
    <p class='ocr_par' dir='ltr' id='par_1_23' title="bbox 222 2101 1796 2172">
     <span class='ocr_line' id='line_1_23' title="bbox 222 2101 1796 2172; baseline -0.003 -18"><span class='ocrx_word' id='word_1_161' title='bbox 222 2104 281 2154; x_wconf 80' lang='grc' dir='ltr'>ὲν</span> <span class='ocrx_word' id='word_1_162' title='bbox 321 2101 516 2172; x_wconf 78' lang='grc' dir='ltr'>γαστρὶ</span> <span class='ocrx_word' id='word_1_163' title='bbox 557 2101 847 2165; x_wconf 85' lang='grc' dir='ltr'>λαϐόντες,</span> <span class='ocrx_word' id='word_1_164' title='bbox 893 2103 986 2154; x_wconf 76' lang='grc' dir='ltr'>καὶ</span> <span class='ocrx_word' id='word_1_165' title='bbox 1037 2101 1239 2171; x_wconf 81' lang='grc' dir='ltr'>ταύτην</span> <span class='ocrx_word' id='word_1_166' title='bbox 1289 2101 1640 2170; x_wconf 78' lang='grc' dir='ltr'>φυλάττοντες</span> <span class='ocrx_word' id='word_1_167' title='bbox 1697 2116 1796 2151; x_wconf 85' lang='grc' dir='ltr'>κα-</span> 
     </span>
    </p>
   </div>
   <div class='ocr_carea' id='block_1_24' title="bbox 222 2189 1797 2263">
    <p class='ocr_par' dir='ltr' id='par_1_24' title="bbox 222 2189 1797 2263">
     <span class='ocr_line' id='line_1_24' title="bbox 222 2189 1797 2263; baseline -0.003 -18"><span class='ocrx_word' id='word_1_168' title='bbox 222 2189 400 2263; x_wconf 67' lang='grc' dir='ltr'>θαράν</span> <span class='ocrx_word' id='word_1_169' title='bbox 435 2193 527 2245; x_wconf 78' lang='grc' dir='ltr'><strong>καὶ</strong></span> <span class='ocrx_word' id='word_1_170' title='bbox 560 2193 842 2262; x_wconf 85' lang='grc' dir='ltr'>ἀμίαντον.</span> <span class='ocrx_word' id='word_1_171' title='bbox 869 2193 1078 2262; x_wconf 67' lang='grc' dir='ltr'>Ὠσπερ</span> <span class='ocrx_word' id='word_1_172' title='bbox 1121 2191 1228 2262; x_wconf 77' lang='grc' dir='ltr'>γὰρ</span> <span class='ocrx_word' id='word_1_173' title='bbox 1258 2193 1290 2261; x_wconf 82' lang='grc' dir='ltr'><strong>ή</strong></span> <span class='ocrx_word' id='word_1_174' title='bbox 1324 2193 1459 2262; x_wconf 82' lang='grc' dir='ltr'>γυνὴ</span> <span class='ocrx_word' id='word_1_175' title='bbox 1508 2191 1704 2260; x_wconf 73' lang='grc' dir='ltr'>ἔχουσα</span> <span class='ocrx_word' id='word_1_176' title='bbox 1738 2191 1797 2241; x_wconf 81' lang='grc' dir='ltr'>ὲν</span> 
     </span>
    </p>
   </div>
   <div class='ocr_carea' id='block_1_25' title="bbox 221 2264 1797 2354">
    <p class='ocr_par' dir='ltr' id='par_1_25' title="bbox 221 2264 1797 2354">
     <span class='ocr_line' id='line_1_25' title="bbox 221 2264 1797 2354; baseline -0.003 -18"><span class='ocrx_word' id='word_1_177' title='bbox 221 2285 420 2354; x_wconf 73' lang='grc' dir='ltr'>γαστρὶ</span> <span class='ocrx_word' id='word_1_178' title='bbox 467 2283 783 2336; x_wconf 76' lang='grc' dir='ltr'>αἰσθάνεται</span> <span class='ocrx_word' id='word_1_179' title='bbox 821 2282 928 2335; x_wconf 86' lang='grc' dir='ltr'><strong>τῶν</strong></span> <span class='ocrx_word' id='word_1_180' title='bbox 975 2283 1363 2353; x_wconf 80' lang='grc' dir='ltr'>σκιρτημάτων</span> <span class='ocrx_word' id='word_1_181' title='bbox 1405 2281 1498 2333; x_wconf 86' lang='grc' dir='ltr'><strong>τοῦ</strong></span> <span class='ocrx_word' id='word_1_182' title='bbox 1564 2264 1797 2351; x_wconf 68' lang='grc' dir='ltr'>βρέέρους</span> 
     </span>
    </p>
   </div>
   <div class='ocr_carea' id='block_1_26' title="bbox 221 2370 1799 2445">
    <p class='ocr_par' dir='ltr' id='par_1_26' title="bbox 221 2370 1799 2445">
     <span class='ocr_line' id='line_1_26' title="bbox 221 2370 1799 2445; baseline -0.004 -17"><span class='ocrx_word' id='word_1_183' title='bbox 221 2375 371 2429; x_wconf 65' lang='grc' dir='ltr'>ἔνδον</span> <span class='ocrx_word' id='word_1_184' title='bbox 417 2375 616 2445; x_wconf 80' lang='grc' dir='ltr'>αὐτῆς’</span> <span class='ocrx_word' id='word_1_185' title='bbox 651 2373 794 2427; x_wconf 74' lang='grc' dir='ltr'>οὕτω</span> <span class='ocrx_word' id='word_1_186' title='bbox 841 2375 936 2427; x_wconf 75' lang='grc' dir='ltr'>καὶ</span> <span class='ocrx_word' id='word_1_187' title='bbox 975 2375 1128 2427; x_wconf 76' lang='grc' dir='ltr'>αὐτοὶ</span> <span class='ocrx_word' id='word_1_188' title='bbox 1176 2377 1241 2426; x_wconf 82' lang='grc' dir='ltr'>ὲκ</span> <span class='ocrx_word' id='word_1_189' title='bbox 1290 2373 1390 2440; x_wconf 76' lang='grc' dir='ltr'>τῆς</span> <span class='ocrx_word' id='word_1_190' title='bbox 1440 2370 1799 2441; x_wconf 75' lang='grc' dir='ltr'>ἐγγινομένης</span> 
     </span>
    </p>
   </div>
   <div class='ocr_carea' id='block_1_27' title="bbox 221 2463 1800 2537">
    <p class='ocr_par' dir='ltr' id='par_1_27' title="bbox 221 2463 1800 2537">
     <span class='ocr_line' id='line_1_27' title="bbox 221 2463 1800 2537; baseline -0.003 -19"><span class='ocrx_word' id='word_1_191' title='bbox 221 2467 400 2537; x_wconf 80' lang='grc' dir='ltr'>χαρᾶς</span> <span class='ocrx_word' id='word_1_192' title='bbox 436 2467 528 2518; x_wconf 74' lang='grc' dir='ltr'>καὶ</span> <span class='ocrx_word' id='word_1_193' title='bbox 558 2465 892 2536; x_wconf 77' lang='grc' dir='ltr'>εὐφροσύνης</span> <span class='ocrx_word' id='word_1_194' title='bbox 926 2466 1020 2518; x_wconf 72' lang='grc' dir='ltr'><strong>καὶ</strong></span> <span class='ocrx_word' id='word_1_195' title='bbox 1057 2463 1428 2532; x_wconf 74' lang='grc' dir='ltr'>ἀγαλλιάσεως</span> <span class='ocrx_word' id='word_1_196' title='bbox 1464 2463 1520 2513; x_wconf 84' lang='grc' dir='ltr'>ὲν</span> <span class='ocrx_word' id='word_1_197' title='bbox 1561 2465 1627 2532; x_wconf 80' lang='grc' dir='ltr'>τῇ</span> <span class='ocrx_word' id='word_1_198' title='bbox 1673 2479 1800 2530; x_wconf 89' lang='grc' dir='ltr'>καρ-</span> 
     </span>
    </p>
   </div>
   <div class='ocr_carea' id='block_1_28' title="bbox 220 2551 1796 2628">
    <p class='ocr_par' dir='ltr' id='par_1_28' title="bbox 220 2551 1796 2628">
     <span class='ocr_line' id='line_1_28' title="bbox 220 2551 1796 2628; baseline -0.003 -19"><span class='ocrx_word' id='word_1_199' title='bbox 220 2558 314 2628; x_wconf 71' lang='grc' dir='ltr'><strong>δία</strong></span> <span class='ocrx_word' id='word_1_200' title='bbox 349 2556 545 2622; x_wconf 78' lang='grc' dir='ltr'>αὐτῶν,</span> <span class='ocrx_word' id='word_1_201' title='bbox 593 2554 972 2625; x_wconf 61' lang='grc' dir='ltr'>γινώσκουσιν,</span> <span class='ocrx_word' id='word_1_202' title='bbox 1022 2555 1101 2607; x_wconf 82' lang='grc' dir='ltr'>ὅτι</span> <span class='ocrx_word' id='word_1_203' title='bbox 1152 2555 1212 2606; x_wconf 78' lang='grc' dir='ltr'>τὸ</span> <span class='ocrx_word' id='word_1_204' title='bbox 1243 2553 1468 2622; x_wconf 78' lang='grc' dir='ltr'>Πνεῦμα</span> <span class='ocrx_word' id='word_1_205' title='bbox 1519 2551 1610 2605; x_wconf 86' lang='grc' dir='ltr'><strong>τοῦ</strong></span> <span class='ocrx_word' id='word_1_206' title='bbox 1664 2552 1796 2604; x_wconf 87' lang='grc' dir='ltr'>Θεοῦ</span> 
     </span>
    </p>
   </div>
   <div class='ocr_carea' id='block_1_29' title="bbox 222 2645 1796 2717">
    <p class='ocr_par' dir='ltr' id='par_1_29' title="bbox 222 2645 1796 2717">
     <span class='ocr_line' id='line_1_29' title="bbox 222 2645 1796 2717; baseline -0.002 -16"><span class='ocrx_word' id='word_1_207' title='bbox 222 2651 366 2702; x_wconf 80' lang='grc' dir='ltr'>οἰκεῖ</span> <span class='ocrx_word' id='word_1_208' title='bbox 395 2650 452 2701; x_wconf 81' lang='grc' dir='ltr'>ὲν</span> <span class='ocrx_word' id='word_1_209' title='bbox 479 2649 681 2712; x_wconf 77' lang='grc' dir='ltr'>αὐτοῖς,</span> <span class='ocrx_word' id='word_1_210' title='bbox 709 2648 845 2716; x_wconf 80' lang='grc' dir='ltr'>ὅπερ</span> <span class='ocrx_word' id='word_1_211' title='bbox 878 2647 1203 2717; x_wconf 73' lang='grc' dir='ltr'>ἐκομίσαντο</span> <span class='ocrx_word' id='word_1_212' title='bbox 1234 2647 1292 2698; x_wconf 85' lang='grc' dir='ltr'>ὲν</span> <span class='ocrx_word' id='word_1_213' title='bbox 1323 2646 1400 2716; x_wconf 81' lang='grc' dir='ltr'><strong>τῷ</strong></span> <span class='ocrx_word' id='word_1_214' title='bbox 1427 2645 1764 2716; x_wconf 77' lang='grc' dir='ltr'>βαπτίσματι</span> <span class='ocrx_word' id='word_1_215' title='bbox 1783 2661 1796 2673; x_wconf 88' lang='grc'><em>’</em></span> 
     </span>
    </p>
   </div>
   <div class='ocr_carea' id='block_1_30' title="bbox 222 2738 1802 2812">
    <p class='ocr_par' dir='ltr' id='par_1_30' title="bbox 222 2738 1802 2812">
     <span class='ocr_line' id='line_1_30' title="bbox 222 2738 1802 2812; baseline -0.003 -19"><span class='ocrx_word' id='word_1_216' title='bbox 222 2741 356 2812; x_wconf 75' lang='grc' dir='ltr'>περὶ</span> <span class='ocrx_word' id='word_1_217' title='bbox 384 2740 588 2809; x_wconf 75' lang='grc' dir='ltr'>ταύτης</span> <span class='ocrx_word' id='word_1_218' title='bbox 624 2739 732 2810; x_wconf 81' lang='grc' dir='ltr'>γὰρ</span> <span class='ocrx_word' id='word_1_219' title='bbox 770 2741 866 2810; x_wconf 75' lang='grc' dir='ltr'><strong>τῆς</strong></span> <span class='ocrx_word' id='word_1_220' title='bbox 900 2739 1122 2810; x_wconf 72' lang='grc' dir='ltr'>χάριτος</span> <span class='ocrx_word' id='word_1_221' title='bbox 1155 2738 1248 2790; x_wconf 90' lang='grc' dir='ltr'><strong>τοῦ</strong></span> <span class='ocrx_word' id='word_1_222' title='bbox 1293 2739 1447 2806; x_wconf 84' lang='grc' dir='ltr'>ἁγίου</span> <span class='ocrx_word' id='word_1_223' title='bbox 1496 2739 1802 2807; x_wconf 83' lang='grc' dir='ltr'>βαπτίσμα-</span> 
     </span>
    </p>
   </div>
   <div class='ocr_carea' id='block_1_31' title="bbox 221 2825 1802 2899">
    <p class='ocr_par' dir='ltr' id='par_1_31' title="bbox 221 2825 1802 2899">
     <span class='ocr_line' id='line_1_31' title="bbox 221 2825 1802 2899; baseline -0.001 -17"><span class='ocrx_word' id='word_1_224' title='bbox 221 2846 314 2892; x_wconf 88' lang='grc' dir='ltr'><strong>τος</strong></span> <span class='ocrx_word' id='word_1_225' title='bbox 343 2830 416 2899; x_wconf 87' lang='grc'><strong>(7)</strong></span> <span class='ocrx_word' id='word_1_226' title='bbox 455 2825 604 2882; x_wconf 80' lang='grc' dir='ltr'>εἷπεν</span> <span class='ocrx_word' id='word_1_227' title='bbox 641 2831 668 2881; x_wconf 83' lang='grc' dir='ltr'>ὁ</span> <span class='ocrx_word' id='word_1_228' title='bbox 699 2829 950 2899; x_wconf 75' lang='grc' dir='ltr'>Χριστὸς,</span> <span class='ocrx_word' id='word_1_229' title='bbox 996 2829 1078 2880; x_wconf 86' lang='grc' dir='ltr'>ὅτι</span> <span class='ocrx_word' id='word_1_230' title='bbox 1118 2827 1188 2881; x_wconf 80' lang='grc' dir='ltr'><em>Ἠ</em></span> <span class='ocrx_word' id='word_1_231' title='bbox 1218 2828 1506 2891; x_wconf 79' lang='grc' dir='ltr'>βασιλεία</span> <span class='ocrx_word' id='word_1_232' title='bbox 1545 2827 1662 2880; x_wconf 85' lang='grc' dir='ltr'>τῶν</span> <span class='ocrx_word' id='word_1_233' title='bbox 1702 2827 1802 2880; x_wconf 78' lang='grc' dir='ltr'><strong>οὺο</strong></span> 
     </span>
    </p>
   </div>
   <div class='ocr_carea' id='block_1_32' title="bbox 211 2912 1803 2987">
    <p class='ocr_par' dir='ltr' id='par_1_32' title="bbox 211 2912 1803 2987">
     <span class='ocr_line' id='line_1_32' title="bbox 211 2912 1803 2987; baseline -0.002 -17"><span class='ocrx_word' id='word_1_234' title='bbox 211 2917 422 2987; x_wconf 85' lang='grc' dir='ltr'>ρανῶν</span> <span class='ocrx_word' id='word_1_235' title='bbox 451 2919 622 2984; x_wconf 59' lang='lat' dir='ltr'><strong>ertth</strong></span> <span class='ocrx_word' id='word_1_236' title='bbox 669 2917 834 2986; x_wconf 81' lang='grc' dir='ltr'>ὑμῶν</span> <span class='ocrx_word' id='word_1_237' title='bbox 878 2917 1034 2970; x_wconf 70' lang='grc' dir='ltr'>ἐστιτ</span> <span class='ocrx_word' id='word_1_238' title='bbox 1081 2918 1173 2970; x_wconf 69' lang='grc' dir='ltr'><strong>καὶ</strong></span> <span class='ocrx_word' id='word_1_239' title='bbox 1221 2912 1407 2980; x_wconf 77' lang='grc' dir='ltr'>αὖοις’</span> <span class='ocrx_word' id='word_1_240' title='bbox 1458 2917 1584 2984; x_wconf 85' lang='grc' dir='ltr'><strong>Πῦρ</strong></span> <span class='ocrx_word' id='word_1_241' title='bbox 1613 2913 1803 2985; x_wconf 82' lang='grc' dir='ltr'>ἦλθον</span> 
     </span>
    </p>
   </div>
   <div class='ocr_carea' id='block_1_33' title="bbox 215 3005 1802 3080">
    <p class='ocr_par' dir='ltr' id='par_1_33' title="bbox 215 3005 1802 3080">
     <span class='ocr_line' id='line_1_33' title="bbox 215 3005 1802 3080; baseline -0.004 -15"><span class='ocrx_word' id='word_1_242' title='bbox 215 3011 440 3078; x_wconf 72' lang='grc' dir='ltr'>,ϐαλεῖν</span> <span class='ocrx_word' id='word_1_243' title='bbox 494 3011 591 3064; x_wconf 80' lang='grc' dir='ltr'><strong>ἐπὶ</strong></span> <span class='ocrx_word' id='word_1_244' title='bbox 641 3009 756 3078; x_wconf 81' lang='grc' dir='ltr'>τὴν</span> <span class='ocrx_word' id='word_1_245' title='bbox 817 3008 955 3080; x_wconf 69' lang='grc' dir='ltr'>γῆν,</span> <span class='ocrx_word' id='word_1_246' title='bbox 1007 3008 1103 3061; x_wconf 79' lang='grc' dir='ltr'>καὶ</span> <span class='ocrx_word' id='word_1_247' title='bbox 1165 3008 1387 3076; x_wconf 78' lang='grc' dir='ltr'>ἤθελον</span> <span class='ocrx_word' id='word_1_248' title='bbox 1443 3007 1518 3078; x_wconf 83' lang='lat'><strong>(8)</strong></span> <span class='ocrx_word' id='word_1_249' title='bbox 1573 3009 1624 3060; x_wconf 83' lang='grc' dir='ltr'><strong>εί</strong></span> <span class='ocrx_word' id='word_1_250' title='bbox 1684 3005 1802 3076; x_wconf 78' lang='grc' dir='ltr'>ἤδη</span> 
     </span>
    </p>
   </div>
   <div class='ocr_carea' id='block_1_34' title="bbox 222 3104 484 3172">
    <p class='ocr_par' dir='ltr' id='par_1_34' title="bbox 222 3104 484 3172">
     <span class='ocr_line' id='line_1_34' title="bbox 222 3104 484 3172; baseline 0.008 -14"><span class='ocrx_word' id='word_1_251' title='bbox 222 3104 484 3172; x_wconf 64' lang='grc' dir='ltr'>ἀνήφθη.</span> 
     </span>
    </p>
   </div>
   <div class='ocr_carea' id='block_1_35' title="bbox 1888 836 3456 908">
    <p class='ocr_par' dir='ltr' id='par_1_35' title="bbox 1888 836 3456 908">
     <span class='ocr_line' id='line_1_35' title="bbox 1888 836 3456 908; baseline -0.001 -16"><span class='ocrx_word' id='word_1_252' title='bbox 1888 836 2171 892; x_wconf 85' lang='lat' dir='ltr'><strong>illuminati</strong></span> <span class='ocrx_word' id='word_1_253' title='bbox 2241 852 2426 892; x_wconf 89' lang='lat' dir='ltr'><strong>sumus</strong></span> <span class='ocrx_word' id='word_1_254' title='bbox 2483 854 2578 908; x_wconf 91' lang='lat' dir='ltr'><strong>per</strong></span> <span class='ocrx_word' id='word_1_255' title='bbox 2634 840 2923 906; x_wconf 84' lang='lat' dir='ltr'><strong>baptisma.</strong></span> <span class='ocrx_word' id='word_1_256' title='bbox 2977 841 3066 892; x_wconf 81' lang='lat' dir='ltr'><strong>Ait</strong></span> <span class='ocrx_word' id='word_1_257' title='bbox 3109 840 3250 893; x_wconf 87' lang='lat' dir='ltr'><strong>enim</strong></span> <span class='ocrx_word' id='word_1_258' title='bbox 3313 840 3456 894; x_wconf 80' lang='lat' dir='ltr'><strong>Deus</strong></span> 
     </span>
    </p>
   </div>
   <div class='ocr_carea' id='block_1_36' title="bbox 1890 929 3456 999">
    <p class='ocr_par' dir='ltr' id='par_1_36' title="bbox 1890 929 3456 999">
     <span class='ocr_line' id='line_1_36' title="bbox 1890 929 3456 999; baseline 0.001 -18"><span class='ocrx_word' id='word_1_259' title='bbox 1890 944 2077 982; x_wconf 83' lang='lat' dir='ltr'><strong>rursus</strong></span> <span class='ocrx_word' id='word_1_260' title='bbox 2108 943 2204 996; x_wconf 87' lang='lat' dir='ltr'><strong>per</strong></span> <span class='ocrx_word' id='word_1_261' title='bbox 2240 930 2575 998; x_wconf 87' lang='lat' dir='ltr'><strong>prophetam,</strong></span> <span class='ocrx_word' id='word_1_262' title='bbox 2618 930 2683 983; x_wconf 88' lang='lat' dir='ltr'><strong>de</strong></span> <span class='ocrx_word' id='word_1_263' title='bbox 2716 931 2779 982; x_wconf 82' lang='lat' dir='ltr'><strong>iis</strong></span> <span class='ocrx_word' id='word_1_264' title='bbox 2821 932 2909 998; x_wconf 89' lang='lat' dir='ltr'><strong>qui</strong></span> <span class='ocrx_word' id='word_1_265' title='bbox 2947 931 3324 999; x_wconf 87' lang='lat' dir='ltr'><strong>baptizantur:</strong></span> <span class='ocrx_word' id='word_1_266' title='bbox 3360 929 3456 983; x_wconf 85' lang='lat' dir='ltr'><strong>In-</strong></span> 
     </span>
    </p>
   </div>
   <div class='ocr_carea' id='block_1_37' title="bbox 1890 1017 3454 1087">
    <p class='ocr_par' dir='ltr' id='par_1_37' title="bbox 1890 1017 3454 1087">
     <span class='ocr_line' id='line_1_37' title="bbox 1890 1017 3454 1087; baseline 0.001 -17"><span class='ocrx_word' id='word_1_267' title='bbox 1890 1017 2134 1070; x_wconf 81' lang='lat' dir='ltr'><strong>habitabo</strong></span> <span class='ocrx_word' id='word_1_268' title='bbox 2153 1018 2207 1069; x_wconf 89' lang='lat' dir='ltr'><strong>in</strong></span> <span class='ocrx_word' id='word_1_269' title='bbox 2237 1019 2365 1081; x_wconf 87' lang='lat' dir='ltr'><strong>illis,</strong></span> <span class='ocrx_word' id='word_1_270' title='bbox 2387 1029 2432 1070; x_wconf 86' lang='lat' dir='ltr'><strong>et</strong></span> <span class='ocrx_word' id='word_1_271' title='bbox 2465 1020 2798 1072; x_wconf 86' lang='lat' dir='ltr'><strong>inambulabo</strong></span> <span class='ocrx_word' id='word_1_272' title='bbox 2823 1020 2886 1072; x_wconf 83' lang='grc'>¹⁶.</span> <span class='ocrx_word' id='word_1_273' title='bbox 2923 1017 3157 1086; x_wconf 85' lang='lat' dir='ltr'><strong>Itemque</strong></span> <span class='ocrx_word' id='word_1_274' title='bbox 3187 1019 3454 1087; x_wconf 72' lang='lat' dir='ltr'><strong>:Eﬂ&#39;undo</strong></span> 
     </span>
    </p>
   </div>
   <div class='ocr_carea' id='block_1_38' title="bbox 1891 1106 3456 1178">
    <p class='ocr_par' dir='ltr' id='par_1_38' title="bbox 1891 1106 3456 1178">
     <span class='ocr_line' id='line_1_38' title="bbox 1891 1106 3456 1178; baseline 0.003 -18"><span class='ocrx_word' id='word_1_275' title='bbox 1891 1108 1954 1160; x_wconf 80' lang='lat' dir='ltr'><strong>de</strong></span> <span class='ocrx_word' id='word_1_276' title='bbox 2006 1106 2207 1175; x_wconf 84' lang='lat' dir='ltr'><strong>Spiritu</strong></span> <span class='ocrx_word' id='word_1_277' title='bbox 2245 1125 2356 1162; x_wconf 89' lang='lat' dir='ltr'><strong>meo</strong></span> <span class='ocrx_word' id='word_1_278' title='bbox 2392 1125 2547 1173; x_wconf 86' lang='lat' dir='ltr'><strong>super</strong></span> <span class='ocrx_word' id='word_1_279' title='bbox 2596 1125 2797 1162; x_wconf 82' lang='lat' dir='ltr'><strong><em>onmem</em></strong></span> <span class='ocrx_word' id='word_1_280' title='bbox 2849 1125 3060 1162; x_wconf 87' lang='lat' dir='ltr'><strong>carnem</strong></span> <span class='ocrx_word' id='word_1_281' title='bbox 3083 1110 3148 1162; x_wconf 76' lang='grc'>⁸⁷.</span> <span class='ocrx_word' id='word_1_282' title='bbox 3182 1109 3456 1178; x_wconf 87' lang='lat' dir='ltr'><strong>Quotquot</strong></span> 
     </span>
    </p>
   </div>
   <div class='ocr_carea' id='block_1_39' title="bbox 1891 1195 3455 1272">
    <p class='ocr_par' dir='ltr' id='par_1_39' title="bbox 1891 1195 3455 1272">
     <span class='ocr_line' id='line_1_39' title="bbox 1891 1195 3455 1272; baseline 0.002 -22"><span class='ocrx_word' id='word_1_283' title='bbox 1891 1197 2060 1265; x_wconf 79' lang='lat' dir='ltr'><strong>igitur</strong></span> <span class='ocrx_word' id='word_1_284' title='bbox 2100 1197 2337 1249; x_wconf 89' lang='lat' dir='ltr'><strong>divinum</strong></span> <span class='ocrx_word' id='word_1_285' title='bbox 2383 1195 2643 1265; x_wconf 91' lang='lat' dir='ltr'><strong>Spiritum</strong></span> <span class='ocrx_word' id='word_1_286' title='bbox 2683 1198 2734 1272; x_wconf 85' lang='lat' dir='ltr'><strong>in</strong></span> <span class='ocrx_word' id='word_1_287' title='bbox 2777 1207 2965 1251; x_wconf 86' lang='lat' dir='ltr'><strong>ventre</strong></span> <span class='ocrx_word' id='word_1_288' title='bbox 3002 1210 3354 1267; x_wconf 84' lang='lat' dir='ltr'><strong>acceperunt,</strong></span> <span class='ocrx_word' id='word_1_289' title='bbox 3403 1201 3455 1253; x_wconf 87' lang='lat' dir='ltr'><strong>in</strong></span> 
     </span>
    </p>
   </div>
   <div class='ocr_carea' id='block_1_40' title="bbox 1894 1287 3459 1358">
    <p class='ocr_par' dir='ltr' id='par_1_40' title="bbox 1894 1287 3459 1358">
     <span class='ocr_line' id='line_1_40' title="bbox 1894 1287 3459 1358; baseline 0.003 -16"><span class='ocrx_word' id='word_1_290' title='bbox 1894 1298 2083 1342; x_wconf 87' lang='lat' dir='ltr'><strong>sancto</strong></span> <span class='ocrx_word' id='word_1_291' title='bbox 2126 1287 2472 1355; x_wconf 86' lang='lat' dir='ltr'><strong>baptismate,</strong></span> <span class='ocrx_word' id='word_1_292' title='bbox 2523 1289 2668 1342; x_wconf 89' lang='lat' dir='ltr'><strong>intus</strong></span> <span class='ocrx_word' id='word_1_293' title='bbox 2703 1291 2753 1341; x_wconf 90' lang='lat' dir='ltr'><strong>in</strong></span> <span class='ocrx_word' id='word_1_294' title='bbox 2793 1289 2997 1342; x_wconf 91' lang='lat' dir='ltr'><strong>intimis</strong></span> <span class='ocrx_word' id='word_1_295' title='bbox 3029 1291 3360 1358; x_wconf 75' lang='lat' dir='ltr'><strong>przecordiis,</strong></span> <span class='ocrx_word' id='word_1_296' title='bbox 3391 1304 3459 1346; x_wconf 81' lang='lat' dir='ltr'><strong>ex</strong></span> 
     </span>
    </p>
   </div>
   <div class='ocr_carea' id='block_1_41' title="bbox 1894 1380 3462 1448">
    <p class='ocr_par' dir='ltr' id='par_1_41' title="bbox 1894 1380 3462 1448">
     <span class='ocr_line' id='line_1_41' title="bbox 1894 1380 3462 1448; baseline 0 -16"><span class='ocrx_word' id='word_1_297' title='bbox 1894 1381 2292 1448; x_wconf 82' lang='lat' dir='ltr'><strong>agitationibus,</strong></span> <span class='ocrx_word' id='word_1_298' title='bbox 2338 1380 2667 1433; x_wconf 89' lang='lat' dir='ltr'><strong>motionibus</strong></span> <span class='ocrx_word' id='word_1_299' title='bbox 2696 1389 2749 1433; x_wconf 92' lang='lat' dir='ltr'><strong>et</strong></span> <span class='ocrx_word' id='word_1_300' title='bbox 2793 1381 3195 1447; x_wconf 90' lang='lat' dir='ltr'><strong>punctionibus,</strong></span> <span class='ocrx_word' id='word_1_301' title='bbox 3225 1381 3462 1434; x_wconf 78' lang='lat' dir='ltr'><strong>exsulta-</strong></span> 
     </span>
    </p>
   </div>
   <div class='ocr_carea' id='block_1_42' title="bbox 1895 1469 3464 1537">
    <p class='ocr_par' dir='ltr' id='par_1_42' title="bbox 1895 1469 3464 1537">
     <span class='ocr_line' id='line_1_42' title="bbox 1895 1469 3464 1537; baseline 0 -15"><span class='ocrx_word' id='word_1_302' title='bbox 1895 1470 2128 1523; x_wconf 88' lang='lat' dir='ltr'><strong>tionibus</strong></span> <span class='ocrx_word' id='word_1_303' title='bbox 2157 1478 2210 1523; x_wconf 88' lang='lat' dir='ltr'><strong>et</strong></span> <span class='ocrx_word' id='word_1_304' title='bbox 2245 1470 2673 1537; x_wconf 84' lang='lat' dir='ltr'><strong>Operationihns,</strong></span> <span class='ocrx_word' id='word_1_305' title='bbox 2712 1478 2892 1537; x_wconf 90' lang='lat' dir='ltr'><strong>atque,</strong></span> <span class='ocrx_word' id='word_1_306' title='bbox 2935 1480 2991 1522; x_wconf 92' lang='lat' dir='ltr'><strong>ut</strong></span> <span class='ocrx_word' id='word_1_307' title='bbox 3021 1469 3094 1523; x_wconf 88' lang='lat' dir='ltr'><strong>ita</strong></span> <span class='ocrx_word' id='word_1_308' title='bbox 3123 1471 3323 1532; x_wconf 89' lang='lat' dir='ltr'><strong>dicam,</strong></span> <span class='ocrx_word' id='word_1_309' title='bbox 3357 1471 3464 1524; x_wconf 86' lang='lat' dir='ltr'><strong>sal-</strong></span> 
     </span>
    </p>
   </div>
   <div class='ocr_carea' id='block_1_43' title="bbox 1897 1559 3460 1629">
    <p class='ocr_par' dir='ltr' id='par_1_43' title="bbox 1897 1559 3460 1629">
     <span class='ocr_line' id='line_1_43' title="bbox 1897 1559 3460 1629; baseline 0.001 -17"><span class='ocrx_word' id='word_1_310' title='bbox 1897 1560 2190 1612; x_wconf 78' lang='lat' dir='ltr'><strong>tationibus</strong></span> <span class='ocrx_word' id='word_1_311' title='bbox 2238 1560 2427 1629; x_wconf 73' lang='lat' dir='ltr'><strong>gratiae</strong></span> <span class='ocrx_word' id='word_1_312' title='bbox 2463 1559 2719 1628; x_wconf 84' lang='lat' dir='ltr'><strong>Spiritus,</strong></span> <span class='ocrx_word' id='word_1_313' title='bbox 2764 1559 3067 1613; x_wconf 86' lang='lat' dir='ltr'><strong>certissime</strong></span> <span class='ocrx_word' id='word_1_314' title='bbox 3113 1569 3375 1615; x_wconf 90' lang='lat' dir='ltr'><strong>noverunt</strong></span> <span class='ocrx_word' id='word_1_315' title='bbox 3408 1560 3460 1614; x_wconf 89' lang='lat' dir='ltr'><strong>in</strong></span> 
     </span>
    </p>
   </div>
   <div class='ocr_carea' id='block_1_44' title="bbox 1897 1649 3460 1720">
    <p class='ocr_par' dir='ltr' id='par_1_44' title="bbox 1897 1649 3460 1720">
     <span class='ocr_line' id='line_1_44' title="bbox 1897 1649 3460 1720; baseline -0.001 -16"><span class='ocrx_word' id='word_1_316' title='bbox 1897 1651 2003 1704; x_wconf 89' lang='lat' dir='ltr'><strong>imo</strong></span> <span class='ocrx_word' id='word_1_317' title='bbox 2038 1650 2217 1704; x_wconf 91' lang='lat' dir='ltr'><strong>cordis</strong></span> <span class='ocrx_word' id='word_1_318' title='bbox 2251 1649 2356 1713; x_wconf 91' lang='lat' dir='ltr'><strong>sui,</strong></span> <span class='ocrx_word' id='word_1_319' title='bbox 2405 1650 2546 1720; x_wconf 88' lang='lat' dir='ltr'><strong>quod</strong></span> <span class='ocrx_word' id='word_1_320' title='bbox 2598 1651 2850 1719; x_wconf 87' lang='lat' dir='ltr'><strong>baptizati</strong></span> <span class='ocrx_word' id='word_1_321' title='bbox 2903 1661 3063 1715; x_wconf 90' lang='lat' dir='ltr'><strong>sunt;</strong></span> <span class='ocrx_word' id='word_1_322' title='bbox 3114 1651 3286 1704; x_wconf 89' lang='lat' dir='ltr'><strong>nullus</strong></span> <span class='ocrx_word' id='word_1_323' title='bbox 3319 1651 3460 1704; x_wconf 88' lang='lat' dir='ltr'><strong>enim</strong></span> 
     </span>
    </p>
   </div>
   <div class='ocr_carea' id='block_1_45' title="bbox 1898 1741 3465 1810">
    <p class='ocr_par' dir='ltr' id='par_1_45' title="bbox 1898 1741 3465 1810">
     <span class='ocr_line' id='line_1_45' title="bbox 1898 1741 3465 1810; baseline 0 -16"><span class='ocrx_word' id='word_1_324' title='bbox 1898 1742 2058 1796; x_wconf 86' lang='lat' dir='ltr'><strong>homo</strong></span> <span class='ocrx_word' id='word_1_325' title='bbox 2086 1757 2188 1798; x_wconf 88' lang='lat' dir='ltr'><strong>non</strong></span> <span class='ocrx_word' id='word_1_326' title='bbox 2218 1741 2416 1796; x_wconf 89' lang='lat' dir='ltr'><strong>tinctus</strong></span> <span class='ocrx_word' id='word_1_327' title='bbox 2441 1743 2704 1808; x_wconf 87' lang='lat' dir='ltr'><strong>baptismo</strong></span> <span class='ocrx_word' id='word_1_328' title='bbox 2728 1744 2780 1794; x_wconf 92' lang='lat' dir='ltr'><strong>in</strong></span> <span class='ocrx_word' id='word_1_329' title='bbox 2811 1751 2972 1806; x_wconf 87' lang='lat' dir='ltr'><strong>terra,</strong></span> <span class='ocrx_word' id='word_1_330' title='bbox 3001 1741 3260 1809; x_wconf 86' lang='lat' dir='ltr'><strong>ejusmodi</strong></span> <span class='ocrx_word' id='word_1_331' title='bbox 3292 1741 3465 1810; x_wconf 74' lang='lat' dir='ltr'><strong>gratia</strong></span> 
     </span>
    </p>
   </div>
   <div class='ocr_carea' id='block_1_46' title="bbox 1898 1826 3467 1898">
    <p class='ocr_par' dir='ltr' id='par_1_46' title="bbox 1898 1826 3467 1898">
     <span class='ocr_line' id='line_1_46' title="bbox 1898 1826 3467 1898; baseline -0.003 -15"><span class='ocrx_word' id='word_1_332' title='bbox 1898 1840 1994 1883; x_wconf 86' lang='lat' dir='ltr'><strong>a-ut</strong></span> <span class='ocrx_word' id='word_1_333' title='bbox 2045 1829 2236 1885; x_wconf 83' lang='lat' dir='ltr'><strong>ell&#39;cctu</strong></span> <span class='ocrx_word' id='word_1_334' title='bbox 2289 1830 2561 1896; x_wconf 83' lang='lat' dir='ltr'><strong>abundat,</strong></span> <span class='ocrx_word' id='word_1_335' title='bbox 2615 1839 2708 1882; x_wconf 89' lang='lat' dir='ltr'><strong>aut</strong></span> <span class='ocrx_word' id='word_1_336' title='bbox 2764 1830 2925 1898; x_wconf 90' lang='lat' dir='ltr'><strong>plane</strong></span> <span class='ocrx_word' id='word_1_337' title='bbox 2977 1828 3292 1897; x_wconf 83' lang='lat' dir='ltr'><strong>perfruitur,</strong></span> <span class='ocrx_word' id='word_1_338' title='bbox 3339 1826 3467 1879; x_wconf 90' lang='lat' dir='ltr'><strong>licet</strong></span> 
     </span>
    </p>
   </div>
   <div class='ocr_carea' id='block_1_47' title="bbox 1897 1917 3536 1988">
    <p class='ocr_par' dir='ltr' id='par_1_47' title="bbox 1897 1917 3536 1988">
     <span class='ocr_line' id='line_1_47' title="bbox 1897 1917 3536 1988; baseline -0.004 -12"><span class='ocrx_word' id='word_1_339' title='bbox 1897 1923 2076 1977; x_wconf 84' lang='lat' dir='ltr'><strong>omnia</strong></span> <span class='ocrx_word' id='word_1_340' title='bbox 2108 1921 2200 1974; x_wconf 84' lang='lat' dir='ltr'><strong>Dei</strong></span> <span class='ocrx_word' id='word_1_341' title='bbox 2235 1921 2483 1974; x_wconf 81' lang='lat' dir='ltr'><strong>mandata</strong></span> <span class='ocrx_word' id='word_1_342' title='bbox 2511 1929 2565 1974; x_wconf 88' lang='lat' dir='ltr'><strong>et</strong></span> <span class='ocrx_word' id='word_1_343' title='bbox 2598 1919 2826 1987; x_wconf 68' lang='lat' dir='ltr'><strong>iustitia:</strong></span> <span class='ocrx_word' id='word_1_344' title='bbox 2857 1935 3023 1988; x_wconf 85' lang='lat' dir='ltr'><strong>opera</strong></span> <span class='ocrx_word' id='word_1_345' title='bbox 3054 1919 3316 1988; x_wconf 77' lang='lat' dir='ltr'><strong>perﬁciat.</strong></span> <span class='ocrx_word' id='word_1_346' title='bbox 3345 1917 3466 1971; x_wconf 88' lang='lat' dir='ltr'><strong>Soli</strong></span> <span class='ocrx_word' id='word_1_347' title='bbox 3528 1922 3536 1930; x_wconf 87' lang='lat'><strong><em>‘</em></strong></span> 
     </span>
    </p>
   </div>
   <div class='ocr_carea' id='block_1_48' title="bbox 1897 2011 3468 2083">
    <p class='ocr_par' dir='ltr' id='par_1_48' title="bbox 1897 2011 3468 2083">
     <span class='ocr_line' id='line_1_48' title="bbox 1897 2011 3468 2083; baseline -0.003 -15"><span class='ocrx_word' id='word_1_348' title='bbox 1897 2014 1948 2068; x_wconf 87' lang='lat' dir='ltr'><strong>id</strong></span> <span class='ocrx_word' id='word_1_349' title='bbox 1995 2023 2362 2083; x_wconf 89' lang='lat' dir='ltr'><strong>assequuntur</strong></span> <span class='ocrx_word' id='word_1_350' title='bbox 2404 2015 2493 2080; x_wconf 91' lang='lat' dir='ltr'><strong>qui</strong></span> <span class='ocrx_word' id='word_1_351' title='bbox 2531 2028 2626 2081; x_wconf 93' lang='lat' dir='ltr'><strong>per</strong></span> <span class='ocrx_word' id='word_1_352' title='bbox 2674 2027 2868 2081; x_wconf 89' lang='lat' dir='ltr'><strong>aquam</strong></span> <span class='ocrx_word' id='word_1_353' title='bbox 2908 2021 2962 2065; x_wconf 90' lang='lat' dir='ltr'><strong>et</strong></span> <span class='ocrx_word' id='word_1_354' title='bbox 3009 2011 3268 2080; x_wconf 87' lang='lat' dir='ltr'><strong>Spiritum</strong></span> <span class='ocrx_word' id='word_1_355' title='bbox 3314 2025 3468 2078; x_wconf 77' lang='lat' dir='ltr'><strong>rege-</strong></span> 
     </span>
    </p>
   </div>
   <div class='ocr_carea' id='block_1_49' title="bbox 1898 2103 3470 2170">
    <p class='ocr_par' dir='ltr' id='par_1_49' title="bbox 1898 2103 3470 2170">
     <span class='ocr_line' id='line_1_49' title="bbox 1898 2103 3470 2170; baseline -0.002 -13"><span class='ocrx_word' id='word_1_356' title='bbox 1898 2106 2067 2158; x_wconf 88' lang='lat' dir='ltr'><strong>nerati</strong></span> <span class='ocrx_word' id='word_1_357' title='bbox 2107 2111 2259 2166; x_wconf 86' lang='lat' dir='ltr'><strong>sunt,</strong></span> <span class='ocrx_word' id='word_1_358' title='bbox 2297 2111 2354 2156; x_wconf 90' lang='lat' dir='ltr'><strong>et</strong></span> <span class='ocrx_word' id='word_1_359' title='bbox 2390 2103 2626 2170; x_wconf 84' lang='lat' dir='ltr'><strong>Spiritus</strong></span> <span class='ocrx_word' id='word_1_360' title='bbox 2677 2103 2852 2158; x_wconf 84' lang='lat' dir='ltr'><strong>sancti</strong></span> <span class='ocrx_word' id='word_1_361' title='bbox 2903 2103 3130 2170; x_wconf 75' lang='lat' dir='ltr'><strong>gratiam</strong></span> <span class='ocrx_word' id='word_1_362' title='bbox 3176 2103 3228 2154; x_wconf 90' lang='lat' dir='ltr'><strong>in</strong></span> <span class='ocrx_word' id='word_1_363' title='bbox 3279 2111 3470 2154; x_wconf 79' lang='lat' dir='ltr'><strong>ventre</strong></span> 
     </span>
    </p>
   </div>
   <div class='ocr_carea' id='block_1_50' title="bbox 1897 2191 3468 2263">
    <p class='ocr_par' dir='ltr' id='par_1_50' title="bbox 1897 2191 3468 2263">
     <span class='ocr_line' id='line_1_50' title="bbox 1897 2191 3468 2263; baseline -0.001 -17"><span class='ocrx_word' id='word_1_364' title='bbox 1897 2204 2242 2262; x_wconf 89' lang='lat' dir='ltr'><strong>acceperunt,</strong></span> <span class='ocrx_word' id='word_1_365' title='bbox 2271 2207 2498 2263; x_wconf 85' lang='lat' dir='ltr'><strong>eamque</strong></span> <span class='ocrx_word' id='word_1_366' title='bbox 2528 2208 2717 2262; x_wconf 82' lang='lat' dir='ltr'><strong>puram</strong></span> <span class='ocrx_word' id='word_1_367' title='bbox 2771 2203 2938 2262; x_wconf 85' lang='lat' dir='ltr'><strong>atque</strong></span> <span class='ocrx_word' id='word_1_368' title='bbox 2973 2191 3303 2261; x_wconf 90' lang='lat' dir='ltr'><strong>impollutam</strong></span> <span class='ocrx_word' id='word_1_369' title='bbox 3335 2205 3468 2244; x_wconf 83' lang='lat' dir='ltr'><strong>eon-</strong></span> 
     </span>
    </p>
   </div>
   <div class='ocr_carea' id='block_1_51' title="bbox 1898 2283 3473 2354">
    <p class='ocr_par' dir='ltr' id='par_1_51' title="bbox 1898 2283 3473 2354">
     <span class='ocr_line' id='line_1_51' title="bbox 1898 2283 3473 2354; baseline -0.002 -15"><span class='ocrx_word' id='word_1_370' title='bbox 1898 2295 2138 2340; x_wconf 84' lang='lat' dir='ltr'><strong>servant.</strong></span> <span class='ocrx_word' id='word_1_371' title='bbox 2169 2284 2240 2340; x_wconf 89' lang='lat' dir='ltr'><strong>Ut</strong></span> <span class='ocrx_word' id='word_1_372' title='bbox 2267 2286 2411 2339; x_wconf 84' lang='lat' dir='ltr'><strong>enim</strong></span> <span class='ocrx_word' id='word_1_373' title='bbox 2459 2286 2652 2340; x_wconf 87' lang='lat' dir='ltr'><strong>mulier</strong></span> <span class='ocrx_word' id='word_1_374' title='bbox 2677 2296 2890 2339; x_wconf 79' lang='lat' dir='ltr'><strong>uterum</strong></span> <span class='ocrx_word' id='word_1_375' title='bbox 2939 2299 3132 2354; x_wconf 68' lang='lat' dir='ltr'><strong>gerens</strong></span> <span class='ocrx_word' id='word_1_376' title='bbox 3160 2283 3324 2338; x_wconf 86' lang='lat' dir='ltr'><strong>sentit</strong></span> <span class='ocrx_word' id='word_1_377' title='bbox 3355 2297 3473 2337; x_wconf 84' lang='lat' dir='ltr'><strong>mo-</strong></span> 
     </span>
    </p>
   </div>
   <div class='ocr_carea' id='block_1_52' title="bbox 1900 2375 3472 2444">
    <p class='ocr_par' dir='ltr' id='par_1_52' title="bbox 1900 2375 3472 2444">
     <span class='ocr_line' id='line_1_52' title="bbox 1900 2375 3472 2444; baseline -0.001 -14"><span class='ocrx_word' id='word_1_378' title='bbox 1900 2378 2073 2431; x_wconf 89' lang='lat' dir='ltr'><strong>tiones</strong></span> <span class='ocrx_word' id='word_1_379' title='bbox 2115 2376 2258 2432; x_wconf 77' lang='lat' dir='ltr'><strong>l&#39;etus</strong></span> <span class='ocrx_word' id='word_1_380' title='bbox 2305 2379 2446 2431; x_wconf 89' lang='lat' dir='ltr'><strong>intra</strong></span> <span class='ocrx_word' id='word_1_381' title='bbox 2479 2391 2538 2430; x_wconf 90' lang='lat' dir='ltr'><strong>se</strong></span> <span class='ocrx_word' id='word_1_382' title='bbox 2567 2419 2582 2442; x_wconf 92' lang='lat'><strong>,</strong></span> <span class='ocrx_word' id='word_1_383' title='bbox 2619 2378 2692 2430; x_wconf 88' lang='lat' dir='ltr'><strong>ita</strong></span> <span class='ocrx_word' id='word_1_384' title='bbox 2737 2381 2901 2430; x_wconf 88' lang='lat' dir='ltr'><strong>etiam</strong></span> <span class='ocrx_word' id='word_1_385' title='bbox 2937 2376 3016 2430; x_wconf 88' lang='lat' dir='ltr'><strong>illi</strong></span> <span class='ocrx_word' id='word_1_386' title='bbox 3064 2391 3129 2429; x_wconf 76' lang='lat' dir='ltr'><strong>ex</strong></span> <span class='ocrx_word' id='word_1_387' title='bbox 3168 2376 3338 2444; x_wconf 81' lang='lat' dir='ltr'><strong>gratia</strong></span> <span class='ocrx_word' id='word_1_388' title='bbox 3385 2375 3472 2428; x_wconf 84' lang='lat' dir='ltr'><strong>in-</strong></span> 
     </span>
    </p>
   </div>
   <div class='ocr_carea' id='block_1_53' title="bbox 1905 2466 3474 2536">
    <p class='ocr_par' dir='ltr' id='par_1_53' title="bbox 1905 2466 3474 2536">
     <span class='ocr_line' id='line_1_53' title="bbox 1905 2466 3474 2536; baseline -0.003 -13"><span class='ocrx_word' id='word_1_389' title='bbox 1905 2480 2028 2523; x_wconf 88' lang='lat' dir='ltr'><strong>nata</strong></span> <span class='ocrx_word' id='word_1_390' title='bbox 2075 2480 2130 2522; x_wconf 87' lang='lat' dir='ltr'><strong>et</strong></span> <span class='ocrx_word' id='word_1_391' title='bbox 2182 2469 2366 2523; x_wconf 70' lang='lat' dir='ltr'><strong>laetitia</strong></span> <span class='ocrx_word' id='word_1_392' title='bbox 2413 2478 2468 2522; x_wconf 89' lang='lat' dir='ltr'><strong>et</strong></span> <span class='ocrx_word' id='word_1_393' title='bbox 2519 2468 2883 2522; x_wconf 79' lang='lat' dir='ltr'><strong>exsultatione</strong></span> <span class='ocrx_word' id='word_1_394' title='bbox 2939 2483 3062 2536; x_wconf 67' lang='lat' dir='ltr'><strong>quae</strong></span> <span class='ocrx_word' id='word_1_395' title='bbox 3119 2466 3172 2519; x_wconf 89' lang='lat' dir='ltr'><strong>in</strong></span> <span class='ocrx_word' id='word_1_396' title='bbox 3216 2467 3474 2519; x_wconf 77' lang='lat' dir='ltr'><strong>cordibus</strong></span> 
     </span>
    </p>
   </div>
   <div class='ocr_carea' id='block_1_54' title="bbox 1902 2554 3473 2628">
    <p class='ocr_par' dir='ltr' id='par_1_54' title="bbox 1902 2554 3473 2628">
     <span class='ocr_line' id='line_1_54' title="bbox 1902 2554 3473 2628; baseline -0.004 -14"><span class='ocrx_word' id='word_1_397' title='bbox 1902 2560 2137 2628; x_wconf 79' lang='lat' dir='ltr'><strong>ipsorum</strong></span> <span class='ocrx_word' id='word_1_398' title='bbox 2175 2569 2278 2624; x_wconf 81' lang='lat' dir='ltr'><strong>est,</strong></span> <span class='ocrx_word' id='word_1_399' title='bbox 2312 2567 2646 2627; x_wconf 82' lang='lat' dir='ltr'><strong>cognoscunt</strong></span> <span class='ocrx_word' id='word_1_400' title='bbox 2683 2557 3092 2626; x_wconf 83' lang='lat' dir='ltr'><strong>quod&#39;Spiritus</strong></span> <span class='ocrx_word' id='word_1_401' title='bbox 3129 2555 3220 2608; x_wconf 78' lang='lat' dir='ltr'><strong>Dei</strong></span> <span class='ocrx_word' id='word_1_402' title='bbox 3265 2554 3473 2608; x_wconf 85' lang='lat' dir='ltr'><strong>habitat</strong></span> 
     </span>
    </p>
   </div>
   <div class='ocr_carea' id='block_1_55' title="bbox 1901 2646 3470 2719">
    <p class='ocr_par' dir='ltr' id='par_1_55' title="bbox 1901 2646 3470 2719">
     <span class='ocr_line' id='line_1_55' title="bbox 1901 2646 3470 2719; baseline -0.003 -16"><span class='ocrx_word' id='word_1_403' title='bbox 1901 2651 1954 2703; x_wconf 92' lang='lat' dir='ltr'><strong>in</strong></span> <span class='ocrx_word' id='word_1_404' title='bbox 1981 2651 2174 2719; x_wconf 81' lang='lat' dir='ltr'><strong>seipsis</strong></span> <span class='ocrx_word' id='word_1_405' title='bbox 2202 2667 2215 2704; x_wconf 91' lang='lat'>:</span> <span class='ocrx_word' id='word_1_406' title='bbox 2247 2664 2405 2717; x_wconf 84' lang='lat' dir='ltr'><strong>quem</strong></span> <span class='ocrx_word' id='word_1_407' title='bbox 2439 2649 2656 2717; x_wconf 84' lang='lat' dir='ltr'><strong>quidem</strong></span> <span class='ocrx_word' id='word_1_408' title='bbox 2683 2655 3012 2715; x_wconf 82' lang='lat' dir='ltr'><strong>acceperunt</strong></span> <span class='ocrx_word' id='word_1_409' title='bbox 3041 2647 3092 2700; x_wconf 91' lang='lat' dir='ltr'><strong>in</strong></span> <span class='ocrx_word' id='word_1_410' title='bbox 3125 2646 3470 2714; x_wconf 82' lang='lat' dir='ltr'><strong>baptismate.</strong></span> 
     </span>
    </p>
   </div>
   <div class='ocr_carea' id='block_1_56' title="bbox 1900 2737 3477 2809">
    <p class='ocr_par' dir='ltr' id='par_1_56' title="bbox 1900 2737 3477 2809">
     <span class='ocr_line' id='line_1_56' title="bbox 1900 2737 3477 2809; baseline -0.004 -13"><span class='ocrx_word' id='word_1_411' title='bbox 1900 2742 2112 2796; x_wconf 87' lang='lat' dir='ltr'><strong>Etenim</strong></span> <span class='ocrx_word' id='word_1_412' title='bbox 2143 2742 2208 2795; x_wconf 90' lang='lat' dir='ltr'><strong>de</strong></span> <span class='ocrx_word' id='word_1_413' title='bbox 2243 2741 2345 2795; x_wconf 90' lang='lat' dir='ltr'><strong>hac</strong></span> <span class='ocrx_word' id='word_1_414' title='bbox 2378 2742 2550 2809; x_wconf 75' lang='lat' dir='ltr'><strong>gratia</strong></span> <span class='ocrx_word' id='word_1_415' title='bbox 2586 2739 2760 2793; x_wconf 88' lang='lat' dir='ltr'><strong>sancti</strong></span> <span class='ocrx_word' id='word_1_416' title='bbox 2794 2739 3136 2806; x_wconf 84' lang='lat' dir='ltr'><strong>baptismatis</strong></span> <span class='ocrx_word' id='word_1_417' title='bbox 3162 2738 3298 2791; x_wconf 74' lang='lat' dir='ltr'><strong>dixit</strong></span> <span class='ocrx_word' id='word_1_418' title='bbox 3321 2737 3477 2790; x_wconf 88' lang='lat' dir='ltr'><strong>Chri-</strong></span> 
     </span>
    </p>
   </div>
   <div class='ocr_carea' id='block_1_57' title="bbox 1903 2828 3472 2901">
    <p class='ocr_par' dir='ltr' id='par_1_57' title="bbox 1903 2828 3472 2901">
     <span class='ocr_line' id='line_1_57' title="bbox 1903 2828 3472 2901; baseline -0.004 -13"><span class='ocrx_word' id='word_1_419' title='bbox 1903 2843 2018 2888; x_wconf 88' lang='lat' dir='ltr'><strong>stus</strong></span> <span class='ocrx_word' id='word_1_420' title='bbox 2053 2851 2065 2886; x_wconf 89' lang='lat'><strong>:</strong></span> <span class='ocrx_word' id='word_1_421' title='bbox 2099 2831 2337 2901; x_wconf 82' lang='lat' dir='ltr'><strong>Regnum</strong></span> <span class='ocrx_word' id='word_1_422' title='bbox 2379 2832 2626 2884; x_wconf 74' lang='lat' dir='ltr'><strong>caelorum</strong></span> <span class='ocrx_word' id='word_1_423' title='bbox 2661 2832 2800 2883; x_wconf 87' lang='lat' dir='ltr'><strong>intra</strong></span> <span class='ocrx_word' id='word_1_424' title='bbox 2824 2846 2910 2883; x_wconf 86' lang='lat' dir='ltr'><strong>vos</strong></span> <span class='ocrx_word' id='word_1_425' title='bbox 2949 2838 3021 2882; x_wconf 83' lang='lat' dir='ltr'><strong>est</strong></span> <span class='ocrx_word' id='word_1_426' title='bbox 3050 2828 3124 2893; x_wconf 73' lang='grc' dir='ltr'>ης</span> <span class='ocrx_word' id='word_1_427' title='bbox 3155 2838 3209 2883; x_wconf 88' lang='lat' dir='ltr'><strong>et</strong></span> <span class='ocrx_word' id='word_1_428' title='bbox 3240 2841 3428 2883; x_wconf 86' lang='lat' dir='ltr'><strong>rursus</strong></span> <span class='ocrx_word' id='word_1_429' title='bbox 3457 2845 3472 2882; x_wconf 89' lang='lat'><strong>:</strong></span> 
     </span>
    </p>
   </div>
   <div class='ocr_carea' id='block_1_58' title="bbox 1901 2919 3477 2995">
    <p class='ocr_par' dir='ltr' id='par_1_58' title="bbox 1901 2919 3477 2995">
     <span class='ocr_line' id='line_1_58' title="bbox 1901 2919 3477 2995; baseline -0.005 -16"><span class='ocrx_word' id='word_1_430' title='bbox 1901 2927 2081 2995; x_wconf 82' lang='lat' dir='ltr'><strong>Ignem</strong></span> <span class='ocrx_word' id='word_1_431' title='bbox 2131 2925 2239 2978; x_wconf 73' lang='lat' dir='ltr'><strong>veni</strong></span> <span class='ocrx_word' id='word_1_432' title='bbox 2272 2925 2477 2976; x_wconf 80' lang='lat' dir='ltr'><strong>mittere</strong></span> <span class='ocrx_word' id='word_1_433' title='bbox 2509 2925 2561 2975; x_wconf 92' lang='lat' dir='ltr'><strong>in</strong></span> <span class='ocrx_word' id='word_1_434' title='bbox 2603 2932 2818 2986; x_wconf 87' lang='lat' dir='ltr'><strong>terram,</strong></span> <span class='ocrx_word' id='word_1_435' title='bbox 2853 2931 2900 2974; x_wconf 88' lang='lat' dir='ltr'><strong>et</strong></span> <span class='ocrx_word' id='word_1_436' title='bbox 2937 2922 3063 2990; x_wconf 85' lang='lat' dir='ltr'><strong>quid</strong></span> <span class='ocrx_word' id='word_1_437' title='bbox 3113 2923 3245 2984; x_wconf 79' lang='lat' dir='ltr'><strong>volo,</strong></span> <span class='ocrx_word' id='word_1_438' title='bbox 3284 2919 3384 2973; x_wconf 89' lang='lat' dir='ltr'><strong>nisi</strong></span> <span class='ocrx_word' id='word_1_439' title='bbox 3418 2928 3477 2972; x_wconf 84' lang='lat' dir='ltr'><strong>ut</strong></span> 
     </span>
    </p>
   </div>
   <div class='ocr_carea' id='block_1_59' title="bbox 1897 3016 2331 3088">
    <p class='ocr_par' dir='ltr' id='par_1_59' title="bbox 1897 3016 2331 3088">
     <span class='ocr_line' id='line_1_59' title="bbox 1897 3016 2331 3088; baseline -0.009 -16"><span class='ocrx_word' id='word_1_440' title='bbox 1897 3019 2013 3088; x_wconf 86' lang='lat' dir='ltr'><strong>jam</strong></span> <span class='ocrx_word' id='word_1_441' title='bbox 2041 3024 2222 3072; x_wconf 82' lang='lat' dir='ltr'><strong>ardeat</strong></span> <span class='ocrx_word' id='word_1_442' title='bbox 2250 3016 2331 3069; x_wconf 68' lang='lat'><strong>&quot;7</strong></span> 
     </span>
    </p>
   </div>
   <div class='ocr_carea' id='block_1_60' title="bbox 308 3187 1801 3276">
    <p class='ocr_par' dir='ltr' id='par_1_60' title="bbox 308 3187 1801 3262">
     <span class='ocr_line' id='line_1_60' title="bbox 308 3187 1801 3262; baseline -0.005 -13"><span class='ocrx_word' id='word_1_443' title='bbox 308 3193 506 3262; x_wconf 83' lang='grc' dir='ltr'>Ἐρώτ.</span> <span class='ocrx_word' id='word_1_444' title='bbox 538 3193 647 3246; x_wconf 68' lang='grc' dir='ltr'><strong>Καὶ</strong></span> <span class='ocrx_word' id='word_1_445' title='bbox 683 3194 788 3255; x_wconf 76' lang='grc' dir='ltr'>πᾶς</span> <span class='ocrx_word' id='word_1_446' title='bbox 819 3191 1102 3262; x_wconf 84' lang='grc' dir='ltr'>ἄνθρωπος</span> <span class='ocrx_word' id='word_1_447' title='bbox 1135 3189 1348 3261; x_wconf 83' lang='grc' dir='ltr'>ἰδιώτης</span> <span class='ocrx_word' id='word_1_448' title='bbox 1388 3191 1482 3244; x_wconf 69' lang='grc' dir='ltr'><strong>καὶ</strong></span> <span class='ocrx_word' id='word_1_449' title='bbox 1508 3189 1690 3260; x_wconf 67' lang='grc' dir='ltr'>σοφὸς,</span> <span class='ocrx_word' id='word_1_450' title='bbox 1717 3187 1801 3241; x_wconf 78' lang='grc' dir='ltr'>διὰ</span> 
     </span>
    </p>
   </div>
   <div class='ocr_carea' id='block_1_61' title="bbox 1906 3187 3480 3276">
    <p class='ocr_par' dir='ltr' id='par_1_61' title="bbox 1977 3189 3480 3258">
     <span class='ocr_line' id='line_1_61' title="bbox 1977 3189 3480 3258; baseline -0.005 -9"><span class='ocrx_word' id='word_1_451' title='bbox 1977 3194 2174 3250; x_wconf 84' lang='lat' dir='ltr'><strong>Interr.</strong></span> <span class='ocrx_word' id='word_1_452' title='bbox 2204 3196 2286 3248; x_wconf 85' lang='lat' dir='ltr'><strong>An</strong></span> <span class='ocrx_word' id='word_1_453' title='bbox 2319 3195 2498 3250; x_wconf 89' lang='lat' dir='ltr'><strong>omnis</strong></span> <span class='ocrx_word' id='word_1_454' title='bbox 2533 3196 2714 3258; x_wconf 89' lang='lat' dir='ltr'><strong>homo,</strong></span> <span class='ocrx_word' id='word_1_455' title='bbox 2757 3194 3002 3248; x_wconf 89' lang='lat' dir='ltr'><strong>indoctus</strong></span> <span class='ocrx_word' id='word_1_456' title='bbox 3039 3200 3095 3244; x_wconf 87' lang='lat' dir='ltr'><strong>et</strong></span> <span class='ocrx_word' id='word_1_457' title='bbox 3129 3189 3338 3252; x_wconf 86' lang='lat' dir='ltr'><strong>doctus,</strong></span> <span class='ocrx_word' id='word_1_458' title='bbox 3381 3200 3480 3257; x_wconf 80' lang='lat' dir='ltr'><strong>per</strong></span> 
     </span>
    </p>
   </div>
   <div class='ocr_carea' id='block_1_62' title="bbox 220 3281 1806 3358">
    <p class='ocr_par' dir='ltr' id='par_1_62' title="bbox 220 3281 1806 3358">
     <span class='ocr_line' id='line_1_62' title="bbox 220 3281 1806 3358; baseline -0.004 -17"><span class='ocrx_word' id='word_1_459' title='bbox 220 3287 428 3358; x_wconf 82' lang='grc' dir='ltr'>ταύτης</span> <span class='ocrx_word' id='word_1_460' title='bbox 457 3286 620 3356; x_wconf 73' lang='grc' dir='ltr'>μόνης</span> <span class='ocrx_word' id='word_1_461' title='bbox 646 3287 744 3356; x_wconf 81' lang='grc' dir='ltr'>τῆς</span> <span class='ocrx_word' id='word_1_462' title='bbox 776 3285 1100 3348; x_wconf 80' lang='grc' dir='ltr'>ἀποδείξεως</span> <span class='ocrx_word' id='word_1_463' title='bbox 1129 3282 1406 3351; x_wconf 71' lang='grc' dir='ltr'>γινώσκει.</span> <span class='ocrx_word' id='word_1_464' title='bbox 1439 3284 1519 3334; x_wconf 86' lang='grc' dir='ltr'>ὃτι</span> <span class='ocrx_word' id='word_1_465' title='bbox 1552 3281 1806 3352; x_wconf 77' lang='grc' dir='ltr'>βεϐάπτι-</span> 
     </span>
    </p>
   </div>
   <div class='ocr_carea' id='block_1_63' title="bbox 223 3374 1490 3445">
    <p class='ocr_par' dir='ltr' id='par_1_63' title="bbox 223 3374 1490 3445">
     <span class='ocr_line' id='line_1_63' title="bbox 223 3374 1490 3445; baseline -0.008 -10"><span class='ocrx_word' id='word_1_466' title='bbox 223 3395 370 3442; x_wconf 84' lang='grc' dir='ltr'>σται,</span> <span class='ocrx_word' id='word_1_467' title='bbox 402 3378 497 3430; x_wconf 74' lang='grc' dir='ltr'><strong>καὶ</strong></span> <span class='ocrx_word' id='word_1_468' title='bbox 528 3378 587 3429; x_wconf 79' lang='grc' dir='ltr'><strong>οὐ</strong></span> <span class='ocrx_word' id='word_1_469' title='bbox 627 3377 691 3430; x_wconf 84' lang='grc' dir='ltr'>δι’</span> <span class='ocrx_word' id='word_1_470' title='bbox 717 3377 876 3430; x_wconf 79' lang='grc' dir='ltr'>ἄλλου</span> <span class='ocrx_word' id='word_1_471' title='bbox 907 3375 1224 3445; x_wconf 79' lang='grc' dir='ltr'>οἱουδὴποτε</span> <span class='ocrx_word' id='word_1_472' title='bbox 1256 3374 1490 3445; x_wconf 82' lang='grc' dir='ltr'>τρόπου;</span> 
     </span>
    </p>
   </div>
   <div class='ocr_carea' id='block_1_64' title="bbox 308 3460 1806 3537">
    <p class='ocr_par' dir='ltr' id='par_1_64' title="bbox 308 3460 1806 3537">
     <span class='ocr_line' id='line_1_64' title="bbox 308 3460 1806 3537; baseline -0.004 -15"><span class='ocrx_word' id='word_1_473' title='bbox 308 3467 537 3535; x_wconf 78' lang='grc' dir='ltr'>Ἆπόκρ.</span> <span class='ocrx_word' id='word_1_474' title='bbox 589 3468 651 3519; x_wconf 86' lang='grc' dir='ltr'><strong>Ἥ</strong></span> <span class='ocrx_word' id='word_1_475' title='bbox 709 3466 915 3537; x_wconf 81' lang='grc' dir='ltr'>ἀληθὴς</span> <span class='ocrx_word' id='word_1_476' title='bbox 966 3467 1059 3519; x_wconf 74' lang='grc' dir='ltr'><strong>καὶ</strong></span> <span class='ocrx_word' id='word_1_477' title='bbox 1097 3463 1340 3534; x_wconf 81' lang='grc' dir='ltr'>ἀπλανὴς</span> <span class='ocrx_word' id='word_1_478' title='bbox 1385 3464 1659 3530; x_wconf 78' lang='grc' dir='ltr'>ἀπόδειξις</span> <span class='ocrx_word' id='word_1_479' title='bbox 1711 3460 1806 3517; x_wconf 88' lang='grc' dir='ltr'><strong>τοῦ</strong></span> 
     </span>
    </p>
   </div>
   <div class='ocr_carea' id='block_1_65' title="bbox 221 3553 1808 3631">
    <p class='ocr_par' dir='ltr' id='par_1_65' title="bbox 221 3553 1808 3631">
     <span class='ocr_line' id='line_1_65' title="bbox 221 3553 1808 3631; baseline -0.003 -21"><span class='ocrx_word' id='word_1_480' title='bbox 221 3555 551 3631; x_wconf 84' lang='grc' dir='ltr'>Χριστιανοῦ</span> <span class='ocrx_word' id='word_1_481' title='bbox 602 3555 739 3626; x_wconf 81' lang='grc' dir='ltr'>αῦτη</span> <span class='ocrx_word' id='word_1_482' title='bbox 791 3557 936 3608; x_wconf 78' lang='grc' dir='ltr'>ἐστί’</span> <span class='ocrx_word' id='word_1_483' title='bbox 993 3557 1086 3608; x_wconf 76' lang='grc' dir='ltr'>καὶ</span> <span class='ocrx_word' id='word_1_484' title='bbox 1133 3555 1362 3609; x_wconf 83' lang='grc' dir='ltr'>ἄκουσον</span> <span class='ocrx_word' id='word_1_485' title='bbox 1416 3554 1628 3607; x_wconf 80' lang='grc' dir='ltr'>Παύλου</span> <span class='ocrx_word' id='word_1_486' title='bbox 1672 3553 1808 3624; x_wconf 78' lang='grc' dir='ltr'>πρός</span> 
     </span>
    </p>
   </div>
   <div class='ocr_carea' id='block_1_66' title="bbox 219 3643 1810 3716">
    <p class='ocr_par' dir='ltr' id='par_1_66' title="bbox 219 3643 1810 3716">
     <span class='ocr_line' id='line_1_66' title="bbox 219 3643 1810 3716; baseline -0.004 -13"><span class='ocrx_word' id='word_1_487' title='bbox 219 3665 380 3712; x_wconf 84' lang='grc' dir='ltr'>τινας</span> <span class='ocrx_word' id='word_1_488' title='bbox 421 3647 778 3716; x_wconf 76' lang='grc' dir='ltr'>ἐγκαλοῦντος</span> <span class='ocrx_word' id='word_1_489' title='bbox 812 3648 906 3702; x_wconf 74' lang='grc' dir='ltr'><strong>καὶ</strong></span> <span class='ocrx_word' id='word_1_490' title='bbox 948 3646 1227 3715; x_wconf 87' lang='grc' dir='ltr'>λέγοντος·</span> <span class='ocrx_word' id='word_1_491' title='bbox 1264 3643 1336 3703; x_wconf 87' lang='grc' dir='ltr'><strong><em>Ἦ</em></strong></span> <span class='ocrx_word' id='word_1_492' title='bbox 1381 3649 1493 3701; x_wconf 78' lang='grc' dir='ltr'>οὐκ</span> <span class='ocrx_word' id='word_1_493' title='bbox 1543 3643 1810 3715; x_wconf 77' lang='grc' dir='ltr'>ἐπιγινώ-</span> 
     </span>
    </p>
   </div>
   <div class='ocr_carea' id='block_1_67' title="bbox 222 3737 1811 3806">
    <p class='ocr_par' dir='ltr' id='par_1_67' title="bbox 222 3737 1811 3806">
     <span class='ocr_line' id='line_1_67' title="bbox 222 3737 1811 3806; baseline -0.003 -14"><span class='ocrx_word' id='word_1_494' title='bbox 222 3753 428 3802; x_wconf 79' lang='grc' dir='ltr'>σκετε,</span> <span class='ocrx_word' id='word_1_495' title='bbox 473 3740 562 3792; x_wconf 82' lang='grc' dir='ltr'>ὅτι</span> <span class='ocrx_word' id='word_1_496' title='bbox 613 3737 840 3806; x_wconf 84' lang='grc' dir='ltr'>Ἰησοῦς</span> <span class='ocrx_word' id='word_1_497' title='bbox 911 3737 1160 3805; x_wconf 76' lang='grc' dir='ltr'>Χριστὸς</span> <span class='ocrx_word' id='word_1_498' title='bbox 1211 3737 1364 3792; x_wconf 71' lang='grc' dir='ltr'>οἰκεῖ</span> <span class='ocrx_word' id='word_1_499' title='bbox 1416 3739 1486 3791; x_wconf 83' lang='grc' dir='ltr'>ἐν</span> <span class='ocrx_word' id='word_1_500' title='bbox 1530 3737 1670 3806; x_wconf 80' lang='grc' dir='ltr'>ὑμῖν</span> <span class='ocrx_word' id='word_1_501' title='bbox 1685 3753 1704 3801; x_wconf 89' lang='grc'><strong><em>;</em></strong></span> <span class='ocrx_word' id='word_1_502' title='bbox 1757 3739 1811 3789; x_wconf 81' lang='grc' dir='ltr'><strong>εί</strong></span> 
     </span>
    </p>
   </div>
   <div class='ocr_carea' id='block_1_68' title="bbox 220 3825 1810 3905">
    <p class='ocr_par' dir='ltr' id='par_1_68' title="bbox 220 3825 1810 3905">
     <span class='ocr_line' id='line_1_68' title="bbox 220 3825 1810 3905; baseline -0.002 -23"><span class='ocrx_word' id='word_1_503' title='bbox 220 3829 308 3905; x_wconf 76' lang='grc' dir='ltr'>μή</span> <span class='ocrx_word' id='word_1_504' title='bbox 342 3847 396 3884; x_wconf 85' lang='grc' dir='ltr'><strong>τι</strong></span> <span class='ocrx_word' id='word_1_505' title='bbox 442 3829 554 3898; x_wconf 79' lang='grc' dir='ltr'>ἄρα</span> <span class='ocrx_word' id='word_1_506' title='bbox 591 3830 860 3899; x_wconf 78' lang='grc' dir='ltr'>ἀδόκιμοι</span> <span class='ocrx_word' id='word_1_507' title='bbox 899 3831 1061 3886; x_wconf 85' lang='grc' dir='ltr'>ἐστε.</span> <span class='ocrx_word' id='word_1_508' title='bbox 1115 3829 1312 3893; x_wconf 79' lang='grc' dir='ltr'>Καθὼς</span> <span class='ocrx_word' id='word_1_509' title='bbox 1351 3829 1460 3900; x_wconf 77' lang='grc' dir='ltr'>γὰρ</span> <span class='ocrx_word' id='word_1_510' title='bbox 1506 3825 1678 3895; x_wconf 76' lang='grc' dir='ltr'>εἷπον,</span> <span class='ocrx_word' id='word_1_511' title='bbox 1728 3829 1810 3880; x_wconf 86' lang='grc' dir='ltr'>ὃτι</span> 
     </span>
    </p>
   </div>
   <div class='ocr_carea' id='block_1_69' title="bbox 224 3919 1809 3992">
    <p class='ocr_par' dir='ltr' id='par_1_69' title="bbox 224 3919 1809 3992">
     <span class='ocr_line' id='line_1_69' title="bbox 224 3919 1809 3992; baseline 0 -20"><span class='ocrx_word' id='word_1_512' title='bbox 224 3919 420 3988; x_wconf 81' lang='grc' dir='ltr'>ὥσπερ</span> <span class='ocrx_word' id='word_1_513' title='bbox 453 3922 489 3992; x_wconf 77' lang='grc' dir='ltr'><strong>ὴ</strong></span> <span class='ocrx_word' id='word_1_514' title='bbox 520 3922 578 3972; x_wconf 81' lang='grc' dir='ltr'><strong>ἐν</strong></span> <span class='ocrx_word' id='word_1_515' title='bbox 626 3921 826 3990; x_wconf 71' lang='grc' dir='ltr'>γαστρὶ</span> <span class='ocrx_word' id='word_1_516' title='bbox 861 3920 1059 3990; x_wconf 75' lang='grc' dir='ltr'>ἔχουσα</span> <span class='ocrx_word' id='word_1_517' title='bbox 1091 3921 1191 3973; x_wconf 71' lang='grc' dir='ltr'><strong>οὐκ</strong></span> <span class='ocrx_word' id='word_1_518' title='bbox 1229 3920 1335 3973; x_wconf 77' lang='grc' dir='ltr'><strong>ἀπὸ</strong></span> <span class='ocrx_word' id='word_1_519' title='bbox 1371 3920 1650 3990; x_wconf 75' lang='grc' dir='ltr'>ῥημάτων,</span> <span class='ocrx_word' id='word_1_520' title='bbox 1695 3919 1809 3973; x_wconf 84' lang='grc' dir='ltr'>ἀλλ’</span> 
     </span>
    </p>
   </div>
   <div class='ocr_carea' id='block_1_70' title="bbox 223 4008 1809 4080">
    <p class='ocr_par' dir='ltr' id='par_1_70' title="bbox 223 4008 1809 4080">
     <span class='ocr_line' id='line_1_70' title="bbox 223 4008 1809 4080; baseline -0.003 -16"><span class='ocrx_word' id='word_1_521' title='bbox 223 4009 338 4064; x_wconf 82' lang='grc' dir='ltr'><strong>ἀπὸ</strong></span> <span class='ocrx_word' id='word_1_522' title='bbox 371 4009 444 4079; x_wconf 75' lang='lat'><strong>(9)</strong></span> <span class='ocrx_word' id='word_1_523' title='bbox 492 4009 833 4080; x_wconf 85' lang='grc' dir='ltr'>πραγμάτων</span> <span class='ocrx_word' id='word_1_524' title='bbox 881 4010 973 4062; x_wconf 80' lang='grc' dir='ltr'><strong>καὶ</strong></span> <span class='ocrx_word' id='word_1_525' title='bbox 1019 4009 1126 4062; x_wconf 86' lang='grc' dir='ltr'><strong>τῶν</strong></span> <span class='ocrx_word' id='word_1_526' title='bbox 1170 4008 1264 4062; x_wconf 88' lang='grc' dir='ltr'><strong>τοῦ</strong></span> <span class='ocrx_word' id='word_1_527' title='bbox 1311 4008 1542 4080; x_wconf 73' lang='grc' dir='ltr'>βρέφους</span> <span class='ocrx_word' id='word_1_528' title='bbox 1583 4025 1809 4079; x_wconf 86' lang='grc' dir='ltr'>σκιρτη-</span> 
     </span>
    </p>
   </div>
   <div class='ocr_carea' id='block_1_71' title="bbox 227 4100 1812 4173">
    <p class='ocr_par' dir='ltr' id='par_1_71' title="bbox 227 4100 1812 4173">
     <span class='ocr_line' id='line_1_71' title="bbox 227 4100 1812 4173; baseline -0.001 -18"><span class='ocrx_word' id='word_1_529' title='bbox 227 4103 417 4173; x_wconf 82' lang='grc' dir='ltr'>μάτων</span> <span class='ocrx_word' id='word_1_530' title='bbox 457 4100 714 4169; x_wconf 82' lang='grc' dir='ltr'>γινώσκει</span> <span class='ocrx_word' id='word_1_531' title='bbox 744 4100 1005 4170; x_wconf 81' lang='grc' dir='ltr'>ἀκριϐῶς,</span> <span class='ocrx_word' id='word_1_532' title='bbox 1040 4102 1121 4153; x_wconf 82' lang='grc' dir='ltr'>ὅτι</span> <span class='ocrx_word' id='word_1_533' title='bbox 1169 4101 1490 4155; x_wconf 75' lang='grc' dir='ltr'><strong>συνέλαϐεν⁸</strong></span> <span class='ocrx_word' id='word_1_534' title='bbox 1527 4101 1669 4154; x_wconf 77' lang='grc' dir='ltr'>οὕτω</span> <span class='ocrx_word' id='word_1_535' title='bbox 1718 4103 1812 4155; x_wconf 78' lang='grc' dir='ltr'><strong>καὶ</strong></span> 
     </span>
    </p>
   </div>
   <div class='ocr_carea' id='block_1_72' title="bbox 223 4190 1811 4262">
    <p class='ocr_par' dir='ltr' id='par_1_72' title="bbox 223 4190 1811 4262">
     <span class='ocr_line' id='line_1_72' title="bbox 223 4190 1811 4262; baseline 0 -16"><span class='ocrx_word' id='word_1_536' title='bbox 223 4195 256 4246; x_wconf 79' lang='grc' dir='ltr'><strong>ὁ</strong></span> <span class='ocrx_word' id='word_1_537' title='bbox 287 4191 494 4261; x_wconf 80' lang='grc' dir='ltr'>ἀληθὴς</span> <span class='ocrx_word' id='word_1_538' title='bbox 525 4191 847 4261; x_wconf 73' lang='grc' dir='ltr'>Χριστιανὸς</span> <span class='ocrx_word' id='word_1_539' title='bbox 877 4193 977 4244; x_wconf 82' lang='grc' dir='ltr'>οὐκ</span> <span class='ocrx_word' id='word_1_540' title='bbox 1021 4190 1079 4255; x_wconf 76' lang='grc' dir='ltr'><strong>ἐξ</strong></span> <span class='ocrx_word' id='word_1_541' title='bbox 1116 4191 1286 4261; x_wconf 80' lang='grc' dir='ltr'>ἀκοῆς</span> <span class='ocrx_word' id='word_1_542' title='bbox 1328 4191 1531 4260; x_wconf 86' lang='grc' dir='ltr'>γονέων</span> <span class='ocrx_word' id='word_1_543' title='bbox 1565 4193 1671 4246; x_wconf 85' lang='grc' dir='ltr'><strong>τῶν</strong></span> <span class='ocrx_word' id='word_1_544' title='bbox 1712 4191 1811 4262; x_wconf 88' lang='grc' dir='ltr'><strong>βα-</strong></span> 
     </span>
    </p>
   </div>
   <div class='ocr_carea' id='block_1_73' title="bbox 225 4285 1814 4355">
    <p class='ocr_par' dir='ltr' id='par_1_73' title="bbox 225 4285 1814 4355">
     <span class='ocr_line' id='line_1_73' title="bbox 225 4285 1814 4355; baseline -0.001 -17"><span class='ocrx_word' id='word_1_545' title='bbox 225 4287 558 4348; x_wconf 76' lang='grc' dir='ltr'>πτισάντων,</span> <span class='ocrx_word' id='word_1_546' title='bbox 589 4285 709 4338; x_wconf 75' lang='grc' dir='ltr'>οὐδὲ</span> <span class='ocrx_word' id='word_1_547' title='bbox 739 4285 798 4350; x_wconf 73' lang='grc' dir='ltr'><strong>ἐξ</strong></span> <span class='ocrx_word' id='word_1_548' title='bbox 829 4285 1017 4355; x_wconf 82' lang='grc' dir='ltr'>ἑτέρου</span> <span class='ocrx_word' id='word_1_549' title='bbox 1066 4285 1289 4355; x_wconf 79' lang='grc' dir='ltr'>τρόπου,</span> <span class='ocrx_word' id='word_1_550' title='bbox 1321 4285 1437 4338; x_wconf 87' lang='grc' dir='ltr'>ἀλλ’</span> <span class='ocrx_word' id='word_1_551' title='bbox 1468 4288 1532 4338; x_wconf 80' lang='grc' dir='ltr'>ὲκ</span> <span class='ocrx_word' id='word_1_552' title='bbox 1576 4285 1676 4354; x_wconf 81' lang='grc' dir='ltr'>τῆς</span> <span class='ocrx_word' id='word_1_553' title='bbox 1716 4285 1814 4337; x_wconf 83' lang='grc' dir='ltr'><strong>αὑ-</strong></span> 
     </span>
    </p>
   </div>
   <div class='ocr_carea' id='block_1_74' title="bbox 224 4376 1814 4447">
    <p class='ocr_par' dir='ltr' id='par_1_74' title="bbox 224 4376 1814 4447">
     <span class='ocr_line' id='line_1_74' title="bbox 224 4376 1814 4447; baseline -0.001 -16"><span class='ocrx_word' id='word_1_554' title='bbox 224 4377 324 4431; x_wconf 87' lang='grc' dir='ltr'><strong>τοῦ</strong></span> <span class='ocrx_word' id='word_1_555' title='bbox 354 4377 580 4447; x_wconf 85' lang='grc' dir='ltr'>καρδίας</span> <span class='ocrx_word' id='word_1_556' title='bbox 599 4377 801 4446; x_wconf 67' lang='grc' dir='ltr'>ὀφείλει</span> <span class='ocrx_word' id='word_1_557' title='bbox 825 4377 923 4447; x_wconf 81' lang='grc' dir='ltr'><strong>τὴν</strong></span> <span class='ocrx_word' id='word_1_558' title='bbox 948 4377 1316 4447; x_wconf 78' lang='grc' dir='ltr'>πληροφορίαν</span> <span class='ocrx_word' id='word_1_559' title='bbox 1339 4376 1502 4446; x_wconf 75' lang='grc' dir='ltr'>ἔχειν,</span> <span class='ocrx_word' id='word_1_560' title='bbox 1519 4378 1599 4429; x_wconf 83' lang='grc' dir='ltr'><strong>ὅτι</strong></span> <span class='ocrx_word' id='word_1_561' title='bbox 1625 4377 1814 4429; x_wconf 79' lang='grc' dir='ltr'>ἔλαϐεν</span> 
     </span>
    </p>
   </div>
   <div class='ocr_carea' id='block_1_75' title="bbox 227 4469 1815 4541">
    <p class='ocr_par' dir='ltr' id='par_1_75' title="bbox 227 4469 1815 4541">
     <span class='ocr_line' id='line_1_75' title="bbox 227 4469 1815 4541; baseline -0.001 -18"><span class='ocrx_word' id='word_1_562' title='bbox 227 4471 291 4524; x_wconf 86' lang='grc' dir='ltr'>τὺ</span> <span class='ocrx_word' id='word_1_563' title='bbox 327 4471 483 4539; x_wconf 82' lang='grc' dir='ltr'>ἆγιον</span> <span class='ocrx_word' id='word_1_564' title='bbox 507 4471 812 4541; x_wconf 80' lang='grc' dir='ltr'>βάπτισμα,</span> <span class='ocrx_word' id='word_1_565' title='bbox 842 4470 937 4522; x_wconf 77' lang='grc' dir='ltr'>καὶ</span> <span class='ocrx_word' id='word_1_566' title='bbox 974 4471 1056 4523; x_wconf 84' lang='grc' dir='ltr'>ὅτι</span> <span class='ocrx_word' id='word_1_567' title='bbox 1083 4470 1307 4540; x_wconf 74' lang='grc' dir='ltr'>ἠξίωται</span> <span class='ocrx_word' id='word_1_568' title='bbox 1335 4469 1428 4522; x_wconf 85' lang='grc' dir='ltr'><strong>τοῦ</strong></span> <span class='ocrx_word' id='word_1_569' title='bbox 1461 4471 1616 4537; x_wconf 87' lang='grc' dir='ltr'>ἁγίου</span> <span class='ocrx_word' id='word_1_570' title='bbox 1651 4469 1815 4522; x_wconf 77' lang='grc' dir='ltr'>Πνεῦ-</span> 
     </span>
    </p>
   </div>
   <div class='ocr_carea' id='block_1_76' title="bbox 1911 3273 3481 3348">
    <p class='ocr_par' dir='ltr' id='par_1_76' title="bbox 1911 3273 3481 3348">
     <span class='ocr_line' id='line_1_76' title="bbox 1911 3273 3481 3348; baseline -0.006 -10"><span class='ocrx_word' id='word_1_571' title='bbox 1911 3286 2048 3340; x_wconf 88' lang='lat' dir='ltr'><strong>hanc</strong></span> <span class='ocrx_word' id='word_1_572' title='bbox 2082 3285 2248 3340; x_wconf 78' lang='lat' dir='ltr'><strong>solam</strong></span> <span class='ocrx_word' id='word_1_573' title='bbox 2280 3285 2819 3345; x_wconf 88' lang='lat' dir='ltr'><strong>demonstratiohem,</strong></span> <span class='ocrx_word' id='word_1_574' title='bbox 2847 3289 2900 3336; x_wconf 91' lang='lat' dir='ltr'><strong>et</strong></span> <span class='ocrx_word' id='word_1_575' title='bbox 2940 3295 3046 3334; x_wconf 90' lang='lat' dir='ltr'><strong>non</strong></span> <span class='ocrx_word' id='word_1_576' title='bbox 3083 3293 3176 3348; x_wconf 77' lang='lat' dir='ltr'><strong>per</strong></span> <span class='ocrx_word' id='word_1_577' title='bbox 3206 3277 3370 3331; x_wconf 88' lang='lat' dir='ltr'><strong>alium</strong></span> <span class='ocrx_word' id='word_1_578' title='bbox 3400 3273 3481 3329; x_wconf 87' lang='lat' dir='ltr'><strong>ul-</strong></span> 
     </span>
    </p>
   </div>
   <div class='ocr_carea' id='block_1_77' title="bbox 1909 3369 3123 3443">
    <p class='ocr_par' dir='ltr' id='par_1_77' title="bbox 1909 3369 3123 3443">
     <span class='ocr_line' id='line_1_77' title="bbox 1909 3369 3123 3443; baseline -0.007 -13"><span class='ocrx_word' id='word_1_579' title='bbox 1909 3375 2018 3430; x_wconf 87' lang='lat' dir='ltr'><strong>lum</strong></span> <span class='ocrx_word' id='word_1_580' title='bbox 2056 3377 2297 3439; x_wconf 89' lang='lat' dir='ltr'><strong>modum,</strong></span> <span class='ocrx_word' id='word_1_581' title='bbox 2332 3379 2480 3428; x_wconf 84' lang='lat' dir='ltr'><strong>novit</strong></span> <span class='ocrx_word' id='word_1_582' title='bbox 2511 3391 2570 3428; x_wconf 87' lang='lat' dir='ltr'><strong>se</strong></span> <span class='ocrx_word' id='word_1_583' title='bbox 2601 3375 2928 3443; x_wconf 81' lang='lat' dir='ltr'><strong>baptizatum</strong></span> <span class='ocrx_word' id='word_1_584' title='bbox 2966 3369 3123 3425; x_wconf 82' lang='lat' dir='ltr'><strong>esse?</strong></span> 
     </span>
    </p>
   </div>
   <div class='ocr_carea' id='block_1_78' title="bbox 1980 3459 3480 3536">
    <p class='ocr_par' dir='ltr' id='par_1_78' title="bbox 1980 3459 3480 3536">
     <span class='ocr_line' id='line_1_78' title="bbox 1980 3459 3480 3536; baseline -0.006 -15"><span class='ocrx_word' id='word_1_585' title='bbox 1980 3468 2133 3536; x_wconf 84' lang='lat' dir='ltr'><strong>Resp.</strong></span> <span class='ocrx_word' id='word_1_586' title='bbox 2181 3466 2317 3519; x_wconf 83' lang='lat' dir='ltr'><strong>Vera</strong></span> <span class='ocrx_word' id='word_1_587' title='bbox 2365 3477 2419 3520; x_wconf 89' lang='lat' dir='ltr'><strong>et</strong></span> <span class='ocrx_word' id='word_1_588' title='bbox 2468 3466 2536 3518; x_wconf 91' lang='lat' dir='ltr'><strong>ab</strong></span> <span class='ocrx_word' id='word_1_589' title='bbox 2584 3466 2732 3520; x_wconf 89' lang='lat' dir='ltr'><strong>omni</strong></span> <span class='ocrx_word' id='word_1_590' title='bbox 2789 3477 2977 3518; x_wconf 87' lang='lat' dir='ltr'><strong>errore</strong></span> <span class='ocrx_word' id='word_1_591' title='bbox 3027 3461 3198 3514; x_wconf 86' lang='lat' dir='ltr'><strong>libera</strong></span> <span class='ocrx_word' id='word_1_592' title='bbox 3250 3459 3480 3514; x_wconf 79' lang='lat' dir='ltr'><strong>demon-</strong></span> 
     </span>
    </p>
   </div>
   <div class='ocr_carea' id='block_1_79' title="bbox 1908 3552 3478 3622">
    <p class='ocr_par' dir='ltr' id='par_1_79' title="bbox 1908 3552 3478 3622">
     <span class='ocr_line' id='line_1_79' title="bbox 1908 3552 3478 3622; baseline -0.008 -5"><span class='ocrx_word' id='word_1_593' title='bbox 1908 3563 2100 3617; x_wconf 82' lang='lat' dir='ltr'><strong>stratio</strong></span> <span class='ocrx_word' id='word_1_594' title='bbox 2133 3560 2423 3613; x_wconf 87' lang='lat' dir='ltr'><strong>Christiani</strong></span> <span class='ocrx_word' id='word_1_595' title='bbox 2477 3560 2592 3612; x_wconf 58' lang='lat' dir='ltr'><strong>haec</strong></span> <span class='ocrx_word' id='word_1_596' title='bbox 2631 3566 2736 3611; x_wconf 88' lang='lat' dir='ltr'><strong>est.</strong></span> <span class='ocrx_word' id='word_1_597' title='bbox 2788 3557 2853 3610; x_wconf 86' lang='lat' dir='ltr'><strong>Et</strong></span> <span class='ocrx_word' id='word_1_598' title='bbox 2895 3555 3020 3608; x_wconf 88' lang='lat' dir='ltr'><strong>audi</strong></span> <span class='ocrx_word' id='word_1_599' title='bbox 3066 3552 3285 3608; x_wconf 87' lang='lat' dir='ltr'><strong>Paulum</strong></span> <span class='ocrx_word' id='word_1_600' title='bbox 3338 3552 3478 3622; x_wconf 85' lang='lat' dir='ltr'><strong>apud</strong></span> 
     </span>
    </p>
   </div>
   <div class='ocr_carea' id='block_1_80' title="bbox 1909 3645 3486 3723">
    <p class='ocr_par' dir='ltr' id='par_1_80' title="bbox 1909 3645 3486 3723">
     <span class='ocr_line' id='line_1_80' title="bbox 1909 3645 3486 3723; baseline -0.006 -18"><span class='ocrx_word' id='word_1_601' title='bbox 1909 3655 2170 3723; x_wconf 91' lang='lat' dir='ltr'><strong>quosdam</strong></span> <span class='ocrx_word' id='word_1_602' title='bbox 2206 3659 2647 3720; x_wconf 84' lang='lat' dir='ltr'><strong>conquerentem,</strong></span> <span class='ocrx_word' id='word_1_603' title='bbox 2674 3658 2727 3702; x_wconf 87' lang='lat' dir='ltr'><strong>et</strong></span> <span class='ocrx_word' id='word_1_604' title='bbox 2755 3647 2991 3701; x_wconf 88' lang='lat' dir='ltr'><strong>aientem</strong></span> <span class='ocrx_word' id='word_1_605' title='bbox 3022 3661 3037 3699; x_wconf 87' lang='lat'><strong>:</strong></span> <span class='ocrx_word' id='word_1_606' title='bbox 3070 3645 3151 3698; x_wconf 74' lang='lat' dir='ltr'><strong>An</strong></span> <span class='ocrx_word' id='word_1_607' title='bbox 3182 3659 3284 3697; x_wconf 90' lang='lat' dir='ltr'><strong>non</strong></span> <span class='ocrx_word' id='word_1_608' title='bbox 3318 3657 3486 3711; x_wconf 83' lang='lat' dir='ltr'><strong>agno-</strong></span> 
     </span>
    </p>
   </div>
   <div class='ocr_carea' id='block_1_81' title="bbox 1909 3732 3484 3815">
    <p class='ocr_par' dir='ltr' id='par_1_81' title="bbox 1909 3732 3484 3815">
     <span class='ocr_line' id='line_1_81' title="bbox 1909 3732 3484 3815; baseline -0.01 -16"><span class='ocrx_word' id='word_1_609' title='bbox 1909 3747 2052 3800; x_wconf 86' lang='lat' dir='ltr'><strong>scitis</strong></span> <span class='ocrx_word' id='word_1_610' title='bbox 2123 3746 2258 3815; x_wconf 85' lang='lat' dir='ltr'><strong>quod</strong></span> <span class='ocrx_word' id='word_1_611' title='bbox 2310 3741 2466 3796; x_wconf 79' lang='lat' dir='ltr'><strong>Jesus</strong></span> <span class='ocrx_word' id='word_1_612' title='bbox 2517 3740 2756 3794; x_wconf 81' lang='lat' dir='ltr'><strong>Christus</strong></span> <span class='ocrx_word' id='word_1_613' title='bbox 2803 3738 3003 3791; x_wconf 84' lang='lat' dir='ltr'><strong>habitat</strong></span> <span class='ocrx_word' id='word_1_614' title='bbox 3047 3738 3102 3789; x_wconf 88' lang='lat' dir='ltr'><strong>in</strong></span> <span class='ocrx_word' id='word_1_615' title='bbox 3151 3735 3337 3791; x_wconf 75' lang='lat' dir='ltr'><strong>vobis?</strong></span> <span class='ocrx_word' id='word_1_616' title='bbox 3382 3732 3484 3786; x_wconf 85' lang='lat' dir='ltr'><strong>nisi</strong></span> 
     </span>
    </p>
   </div>
   <div class='ocr_carea' id='block_1_82' title="bbox 1911 3823 3486 3907">
    <p class='ocr_par' dir='ltr' id='par_1_82' title="bbox 1911 3823 3486 3907">
     <span class='ocr_line' id='line_1_82' title="bbox 1911 3823 3486 3907; baseline -0.008 -17"><span class='ocrx_word' id='word_1_617' title='bbox 1911 3837 2045 3907; x_wconf 83' lang='lat' dir='ltr'><strong>forte</strong></span> <span class='ocrx_word' id='word_1_618' title='bbox 2097 3836 2300 3904; x_wconf 87' lang='lat' dir='ltr'><strong>reprobi</strong></span> <span class='ocrx_word' id='word_1_619' title='bbox 2349 3835 2472 3888; x_wconf 85' lang='lat' dir='ltr'><strong>estis</strong></span> <span class='ocrx_word' id='word_1_620' title='bbox 2498 3834 2565 3888; x_wconf 84' lang='grc'><strong>¹⁰.</strong></span> <span class='ocrx_word' id='word_1_621' title='bbox 2627 3830 2698 3886; x_wconf 89' lang='lat' dir='ltr'><strong>Ut</strong></span> <span class='ocrx_word' id='word_1_622' title='bbox 2752 3831 2893 3886; x_wconf 89' lang='lat' dir='ltr'><strong>enim</strong></span> <span class='ocrx_word' id='word_1_623' title='bbox 2940 3829 3088 3891; x_wconf 80' lang='lat' dir='ltr'><strong>dixi,</strong></span> <span class='ocrx_word' id='word_1_624' title='bbox 3131 3840 3252 3896; x_wconf 70' lang='lat' dir='ltr'><strong>qua:</strong></span> <span class='ocrx_word' id='word_1_625' title='bbox 3295 3823 3486 3879; x_wconf 87' lang='lat' dir='ltr'><strong>mulier</strong></span> 
     </span>
    </p>
   </div>
   <div class='ocr_carea' id='block_1_83' title="bbox 1913 3915 3486 3998">
    <p class='ocr_par' dir='ltr' id='par_1_83' title="bbox 1913 3915 3486 3998">
     <span class='ocr_line' id='line_1_83' title="bbox 1913 3915 3486 3998; baseline -0.01 -15"><span class='ocrx_word' id='word_1_626' title='bbox 1913 3941 2127 3983; x_wconf 79' lang='lat' dir='ltr'><strong>uterum</strong></span> <span class='ocrx_word' id='word_1_627' title='bbox 2165 3929 2324 3998; x_wconf 77' lang='lat' dir='ltr'><strong>gerit,</strong></span> <span class='ocrx_word' id='word_1_628' title='bbox 2360 3943 2464 3981; x_wconf 87' lang='lat' dir='ltr'><strong>non</strong></span> <span class='ocrx_word' id='word_1_629' title='bbox 2513 3924 2718 3987; x_wconf 83' lang='lat' dir='ltr'><strong>verbis,</strong></span> <span class='ocrx_word' id='word_1_630' title='bbox 2761 3923 2854 3976; x_wconf 88' lang='lat' dir='ltr'><strong>seti</strong></span> <span class='ocrx_word' id='word_1_631' title='bbox 2885 3921 3047 3974; x_wconf 89' lang='lat' dir='ltr'><strong>rebus</strong></span> <span class='ocrx_word' id='word_1_632' title='bbox 3077 3918 3209 3988; x_wconf 87' lang='lat' dir='ltr'><strong>ipsis</strong></span> <span class='ocrx_word' id='word_1_633' title='bbox 3239 3925 3294 3970; x_wconf 89' lang='lat' dir='ltr'><strong>et</strong></span> <span class='ocrx_word' id='word_1_634' title='bbox 3343 3915 3486 3969; x_wconf 78' lang='lat' dir='ltr'><strong>fetus</strong></span> 
     </span>
    </p>
   </div>
   <div class='ocr_carea' id='block_1_84' title="bbox 1913 4005 3484 4087">
    <p class='ocr_par' dir='ltr' id='par_1_84' title="bbox 1913 4005 3484 4087">
     <span class='ocr_line' id='line_1_84' title="bbox 1913 4005 3484 4087; baseline -0.01 -15"><span class='ocrx_word' id='word_1_635' title='bbox 1913 4018 2245 4072; x_wconf 68' lang='lat' dir='ltr'><strong>unctionibus</strong></span> <span class='ocrx_word' id='word_1_636' title='bbox 2287 4015 2564 4087; x_wconf 79' lang='lat' dir='ltr'><strong>cognoscit</strong></span> <span class='ocrx_word' id='word_1_637' title='bbox 2614 4021 2864 4067; x_wconf 89' lang='lat' dir='ltr'><strong>accurate</strong></span> <span class='ocrx_word' id='word_1_638' title='bbox 2907 4025 2966 4064; x_wconf 89' lang='lat' dir='ltr'><strong>se</strong></span> <span class='ocrx_word' id='word_1_639' title='bbox 3015 4007 3327 4076; x_wconf 90' lang='lat' dir='ltr'><strong>concepisse</strong></span> <span class='ocrx_word' id='word_1_640' title='bbox 3355 4042 3372 4070; x_wconf 90' lang='lat'><strong>,</strong></span> <span class='ocrx_word' id='word_1_641' title='bbox 3411 4005 3484 4058; x_wconf 86' lang='lat' dir='ltr'><strong>ita</strong></span> 
     </span>
    </p>
   </div>
   <div class='ocr_carea' id='block_1_85' title="bbox 1912 4095 3483 4169">
    <p class='ocr_par' dir='ltr' id='par_1_85' title="bbox 1912 4095 3483 4169">
     <span class='ocr_line' id='line_1_85' title="bbox 1912 4095 3483 4169; baseline -0.01 -6"><span class='ocrx_word' id='word_1_642' title='bbox 1912 4122 1968 4163; x_wconf 81' lang='lat' dir='ltr'><strong>et</strong></span> <span class='ocrx_word' id='word_1_643' title='bbox 2005 4125 2164 4164; x_wconf 84' lang='lat' dir='ltr'><strong>verus</strong></span> <span class='ocrx_word' id='word_1_644' title='bbox 2197 4110 2538 4164; x_wconf 83' lang='lat' dir='ltr'><strong>Christianus</strong></span> <span class='ocrx_word' id='word_1_645' title='bbox 2582 4120 2686 4159; x_wconf 92' lang='lat' dir='ltr'><strong>non</strong></span> <span class='ocrx_word' id='word_1_646' title='bbox 2738 4119 2803 4157; x_wconf 86' lang='lat' dir='ltr'><strong>ex</strong></span> <span class='ocrx_word' id='word_1_647' title='bbox 2847 4102 3028 4156; x_wconf 89' lang='lat' dir='ltr'><strong>auditu</strong></span> <span class='ocrx_word' id='word_1_648' title='bbox 3074 4107 3350 4169; x_wconf 85' lang='lat' dir='ltr'><strong>parentum</strong></span> <span class='ocrx_word' id='word_1_649' title='bbox 3389 4095 3483 4166; x_wconf 89' lang='lat' dir='ltr'><strong>qui</strong></span> 
     </span>
    </p>
   </div>
   <div class='ocr_carea' id='block_1_86' title="bbox 1913 4189 3482 4268">
    <p class='ocr_par' dir='ltr' id='par_1_86' title="bbox 1913 4189 3482 4268">
     <span class='ocr_line' id='line_1_86' title="bbox 1913 4189 3482 4268; baseline -0.01 -14"><span class='ocrx_word' id='word_1_650' title='bbox 1913 4201 2329 4268; x_wconf 80' lang='lat' dir='ltr'><strong>baptizaverunt</strong></span> <span class='ocrx_word' id='word_1_651' title='bbox 2377 4200 2586 4266; x_wconf 91' lang='lat' dir='ltr'><strong>ipsum,</strong></span> <span class='ocrx_word' id='word_1_652' title='bbox 2625 4210 2804 4264; x_wconf 88' lang='lat' dir='ltr'><strong>neque</strong></span> <span class='ocrx_word' id='word_1_653' title='bbox 2854 4193 2962 4247; x_wconf 92' lang='lat' dir='ltr'><strong>ullo</strong></span> <span class='ocrx_word' id='word_1_654' title='bbox 2996 4191 3101 4245; x_wconf 90' lang='lat' dir='ltr'><strong>alio</strong></span> <span class='ocrx_word' id='word_1_655' title='bbox 3144 4189 3302 4242; x_wconf 89' lang='lat' dir='ltr'><strong>modo</strong></span> <span class='ocrx_word' id='word_1_656' title='bbox 3343 4201 3482 4253; x_wconf 71' lang='lat' dir='ltr'><strong>prae-</strong></span> 
     </span>
    </p>
   </div>
   <div class='ocr_carea' id='block_1_87' title="bbox 1914 4278 3489 4359">
    <p class='ocr_par' dir='ltr' id='par_1_87' title="bbox 1914 4278 3489 4359">
     <span class='ocr_line' id='line_1_87' title="bbox 1914 4278 3489 4359; baseline -0.008 -15"><span class='ocrx_word' id='word_1_657' title='bbox 1914 4301 2159 4359; x_wconf 88' lang='lat' dir='ltr'><strong>terquam</strong></span> <span class='ocrx_word' id='word_1_658' title='bbox 2193 4306 2258 4345; x_wconf 77' lang='lat' dir='ltr'><strong>ex</strong></span> <span class='ocrx_word' id='word_1_659' title='bbox 2293 4295 2456 4345; x_wconf 87' lang='lat' dir='ltr'><strong>corde</strong></span> <span class='ocrx_word' id='word_1_660' title='bbox 2490 4303 2590 4343; x_wconf 91' lang='lat' dir='ltr'><strong>suo</strong></span> <span class='ocrx_word' id='word_1_661' title='bbox 2627 4297 2830 4341; x_wconf 85' lang='lat' dir='ltr'><strong>certam</strong></span> <span class='ocrx_word' id='word_1_662' title='bbox 2881 4281 3240 4352; x_wconf 84' lang='lat' dir='ltr'><strong>cognitionem</strong></span> <span class='ocrx_word' id='word_1_663' title='bbox 3288 4278 3489 4332; x_wconf 80' lang='lat' dir='ltr'><strong>habere</strong></span> 
     </span>
    </p>
   </div>
   <div class='ocr_carea' id='block_1_88' title="bbox 1913 4371 3488 4450">
    <p class='ocr_par' dir='ltr' id='par_1_88' title="bbox 1913 4371 3488 4450">
     <span class='ocr_line' id='line_1_88' title="bbox 1913 4371 3488 4450; baseline -0.01 -12"><span class='ocrx_word' id='word_1_664' title='bbox 1913 4383 2094 4448; x_wconf 90' lang='lat' dir='ltr'><strong>debet,</strong></span> <span class='ocrx_word' id='word_1_665' title='bbox 2123 4383 2262 4450; x_wconf 86' lang='lat' dir='ltr'><strong>quod</strong></span> <span class='ocrx_word' id='word_1_666' title='bbox 2303 4379 2574 4449; x_wconf 88' lang='lat' dir='ltr'><strong>acceperit</strong></span> <span class='ocrx_word' id='word_1_667' title='bbox 2604 4389 2847 4433; x_wconf 83' lang='lat' dir='ltr'><strong>sanctum</strong></span> <span class='ocrx_word' id='word_1_668' title='bbox 2880 4375 3169 4442; x_wconf 86' lang='lat' dir='ltr'><strong>baptisma,</strong></span> <span class='ocrx_word' id='word_1_669' title='bbox 3204 4381 3259 4426; x_wconf 90' lang='lat' dir='ltr'><strong>et</strong></span> <span class='ocrx_word' id='word_1_670' title='bbox 3291 4371 3488 4439; x_wconf 77' lang='lat' dir='ltr'><strong>dignus</strong></span> 
     </span>
    </p>
   </div>
   <div class='ocr_carea' id='block_1_89' title="bbox 1918 4460 3492 4538">
    <p class='ocr_par' dir='ltr' id='par_1_89' title="bbox 1918 4460 3492 4538">
     <span class='ocr_line' id='line_1_89' title="bbox 1918 4460 3492 4538; baseline -0.008 -13"><span class='ocrx_word' id='word_1_671' title='bbox 1918 4471 2094 4525; x_wconf 78' lang='lat' dir='ltr'><strong>iactus</strong></span> <span class='ocrx_word' id='word_1_672' title='bbox 2129 4471 2199 4524; x_wconf 89' lang='lat' dir='ltr'><strong>sit</strong></span> <span class='ocrx_word' id='word_1_673' title='bbox 2225 4470 2426 4538; x_wconf 88' lang='lat' dir='ltr'><strong>Spiritu</strong></span> <span class='ocrx_word' id='word_1_674' title='bbox 2461 4477 2668 4522; x_wconf 90' lang='lat' dir='ltr'><strong>sancto.</strong></span> <span class='ocrx_word' id='word_1_675' title='bbox 2705 4466 2996 4534; x_wconf 87' lang='lat' dir='ltr'><strong>Propterea</strong></span> <span class='ocrx_word' id='word_1_676' title='bbox 3040 4461 3178 4514; x_wconf 81' lang='lat' dir='ltr'><strong>dixit</strong></span> <span class='ocrx_word' id='word_1_677' title='bbox 3217 4460 3283 4514; x_wconf 88' lang='lat' dir='ltr'><strong>ad</strong></span> <span class='ocrx_word' id='word_1_678' title='bbox 3326 4473 3492 4528; x_wconf 81' lang='lat' dir='ltr'><strong>quos-</strong></span> 
     </span>
    </p>
   </div>
   <div class='ocr_carea' id='block_1_90' title="bbox 232 4549 1801 4634">
    <p class='ocr_par' dir='ltr' id='par_1_90' title="bbox 232 4560 1801 4634">
     <span class='ocr_line' id='line_1_90' title="bbox 232 4560 1801 4634; baseline -0.001 -18"><span class='ocrx_word' id='word_1_679' title='bbox 232 4580 425 4634; x_wconf 83' lang='grc' dir='ltr'>ματος.</span> <span class='ocrx_word' id='word_1_680' title='bbox 469 4565 568 4618; x_wconf 73' lang='grc' dir='ltr'>Διά</span> <span class='ocrx_word' id='word_1_681' title='bbox 607 4563 766 4617; x_wconf 88' lang='grc' dir='ltr'>τοῦτο</span> <span class='ocrx_word' id='word_1_682' title='bbox 811 4562 964 4631; x_wconf 74' lang='grc' dir='ltr'>ἔλεγε</span> <span class='ocrx_word' id='word_1_683' title='bbox 1011 4563 1148 4632; x_wconf 87' lang='grc' dir='ltr'>πρός</span> <span class='ocrx_word' id='word_1_684' title='bbox 1191 4579 1343 4624; x_wconf 88' lang='grc' dir='ltr'>τινας</span> <span class='ocrx_word' id='word_1_685' title='bbox 1389 4563 1417 4614; x_wconf 89' lang='grc' dir='ltr'>ὁ</span> <span class='ocrx_word' id='word_1_686' title='bbox 1457 4560 1702 4623; x_wconf 84' lang='grc' dir='ltr'>Παῦλος·</span> <span class='ocrx_word' id='word_1_687' title='bbox 1743 4560 1801 4614; x_wconf 72' lang='lat' dir='ltr'><strong>Td</strong></span> 
     </span>
    </p>
   </div>
   <div class='ocr_carea' id='block_1_91' title="bbox 1906 4549 3491 4634">
    <p class='ocr_par' dir='ltr' id='par_1_91' title="bbox 1917 4549 3491 4626">
     <span class='ocr_line' id='line_1_91' title="bbox 1917 4549 3491 4626; baseline -0.008 -12"><span class='ocrx_word' id='word_1_688' title='bbox 1917 4563 2040 4614; x_wconf 91' lang='lat' dir='ltr'><strong>dam</strong></span> <span class='ocrx_word' id='word_1_689' title='bbox 2081 4559 2222 4614; x_wconf 90' lang='lat' dir='ltr'><strong>idem</strong></span> <span class='ocrx_word' id='word_1_690' title='bbox 2271 4558 2490 4620; x_wconf 78' lang='lat' dir='ltr'><strong>Paulus,</strong></span> <span class='ocrx_word' id='word_1_691' title='bbox 2529 4556 2787 4626; x_wconf 83' lang='lat' dir='ltr'><strong>Spiritum</strong></span> <span class='ocrx_word' id='word_1_692' title='bbox 2825 4571 2886 4608; x_wconf 87' lang='lat' dir='ltr'><strong>ne</strong></span> <span class='ocrx_word' id='word_1_693' title='bbox 2919 4551 3260 4622; x_wconf 75' lang='lat' dir='ltr'><strong>exstinguatis</strong></span> <span class='ocrx_word' id='word_1_694' title='bbox 3281 4551 3349 4615; x_wconf 78' lang='lat'><strong>“,</strong></span> <span class='ocrx_word' id='word_1_695' title='bbox 3387 4549 3491 4603; x_wconf 88' lang='lat' dir='ltr'><strong>hoc</strong></span> 
     </span>
    </p>
   </div>
   <div class='ocr_carea' id='block_1_92' title="bbox 225 4650 1811 4724">
    <p class='ocr_par' dir='ltr' id='par_1_92' title="bbox 225 4650 1811 4724">
     <span class='ocr_line' id='line_1_92' title="bbox 225 4650 1811 4724; baseline -0.003 -15"><span class='ocrx_word' id='word_1_696' title='bbox 225 4653 475 4722; x_wconf 78' lang='grc' dir='ltr'>Πνεῦμα</span> <span class='ocrx_word' id='word_1_697' title='bbox 507 4653 591 4724; x_wconf 76' lang='grc' dir='ltr'>μὴ</span> <span class='ocrx_word' id='word_1_698' title='bbox 623 4653 933 4718; x_wconf 76' lang='grc' dir='ltr'>σϐέννυτε,</span> <span class='ocrx_word' id='word_1_699' title='bbox 965 4654 1130 4724; x_wconf 66' lang='grc' dir='ltr'>ἤγουν</span> <span class='ocrx_word' id='word_1_700' title='bbox 1173 4653 1246 4724; x_wconf 81' lang='grc' dir='ltr'>μὴ</span> <span class='ocrx_word' id='word_1_701' title='bbox 1279 4651 1502 4723; x_wconf 80' lang='grc' dir='ltr'>διώξητε</span> <span class='ocrx_word' id='word_1_702' title='bbox 1531 4670 1544 4684; x_wconf 78' lang='grc' dir='ltr'><strong>ο</strong></span> <span class='ocrx_word' id='word_1_703' title='bbox 1578 4651 1692 4717; x_wconf 78' lang='grc' dir='ltr'>καὶ,</span> <span class='ocrx_word' id='word_1_704' title='bbox 1715 4650 1811 4718; x_wconf 77' lang='grc' dir='ltr'><strong>Μὴ</strong></span> 
     </span>
    </p>
   </div>
   <div class='ocr_carea' id='block_1_93' title="bbox 227 4738 1816 4816">
    <p class='ocr_par' dir='ltr' id='par_1_93' title="bbox 227 4738 1816 4816">
     <span class='ocr_line' id='line_1_93' title="bbox 227 4738 1816 4816; baseline -0.002 -16"><span class='ocrx_word' id='word_1_705' title='bbox 227 4745 480 4800; x_wconf 76' lang='grc' dir='ltr'>λυπεῖτε</span> <span class='ocrx_word' id='word_1_706' title='bbox 512 4748 578 4799; x_wconf 83' lang='grc' dir='ltr'>τὸ</span> <span class='ocrx_word' id='word_1_707' title='bbox 603 4747 844 4816; x_wconf 79' lang='grc' dir='ltr'>Πνεῦμα</span> <span class='ocrx_word' id='word_1_708' title='bbox 890 4746 956 4798; x_wconf 90' lang='grc' dir='ltr'>τὸ</span> <span class='ocrx_word' id='word_1_709' title='bbox 989 4747 1181 4816; x_wconf 79' lang='grc' dir='ltr'>ἅγιον,</span> <span class='ocrx_word' id='word_1_710' title='bbox 1207 4746 1276 4799; x_wconf 85' lang='grc' dir='ltr'>ἐν</span> <span class='ocrx_word' id='word_1_711' title='bbox 1303 4738 1350 4810; x_wconf 84' lang='grc' dir='ltr'><strong>ᾧ</strong></span> <span class='ocrx_word' id='word_1_712' title='bbox 1373 4746 1816 4814; x_wconf 71' lang='grc' dir='ltr'>ἐσφραγίσθητε</span> 
     </span>
    </p>
   </div>
   <div class='ocr_carea' id='block_1_94' title="bbox 226 4836 1814 4907">
    <p class='ocr_par' dir='ltr' id='par_1_94' title="bbox 226 4836 1814 4907">
     <span class='ocr_line' id='line_1_94' title="bbox 226 4836 1814 4907; baseline -0.004 -13"><span class='ocrx_word' id='word_1_713' title='bbox 226 4841 320 4904; x_wconf 74' lang='grc' dir='ltr'>εἰς</span> <span class='ocrx_word' id='word_1_714' title='bbox 360 4837 587 4907; x_wconf 72' lang='grc' dir='ltr'>ἡμέραν</span> <span class='ocrx_word' id='word_1_715' title='bbox 637 4837 1110 4906; x_wconf 79' lang='grc' dir='ltr'>ἀπολυτρώσεως</span> <span class='ocrx_word' id='word_1_716' title='bbox 1132 4856 1146 4869; x_wconf 74' lang='grc' dir='ltr'><strong>ο</strong></span> <span class='ocrx_word' id='word_1_717' title='bbox 1194 4839 1288 4892; x_wconf 77' lang='grc' dir='ltr'><strong>καὶ</strong></span> <span class='ocrx_word' id='word_1_718' title='bbox 1328 4839 1488 4891; x_wconf 87' lang='grc' dir='ltr'>πάλιν</span> <span class='ocrx_word' id='word_1_719' title='bbox 1509 4854 1522 4868; x_wconf 89' lang='grc'><strong>·</strong></span> <span class='ocrx_word' id='word_1_720' title='bbox 1573 4839 1654 4892; x_wconf 86' lang='grc' dir='ltr'><strong>Οὐ</strong></span> <span class='ocrx_word' id='word_1_721' title='bbox 1705 4836 1814 4906; x_wconf 70' lang='grc' dir='ltr'>γὰρ</span> 
     </span>
    </p>
   </div>
   <div class='ocr_carea' id='block_1_95' title="bbox 229 4915 1808 5000">
    <p class='ocr_par' dir='ltr' id='par_1_95' title="bbox 229 4915 1808 5000">
     <span class='ocr_line' id='line_1_95' title="bbox 229 4915 1808 5000; baseline -0.004 -14"><span class='ocrx_word' id='word_1_722' title='bbox 229 4931 479 4986; x_wconf 83' lang='grc' dir='ltr'>ἐλάϐετε</span> <span class='ocrx_word' id='word_1_723' title='bbox 552 4915 789 5000; x_wconf 76' lang='grc' dir='ltr'>πνεῦμα</span> <span class='ocrx_word' id='word_1_724' title='bbox 861 4930 1176 4996; x_wconf 79' lang='grc' dir='ltr'>δουλείας,</span> <span class='ocrx_word' id='word_1_725' title='bbox 1245 4932 1381 4985; x_wconf 80' lang='grc' dir='ltr'>ἀλλ’</span> <span class='ocrx_word' id='word_1_726' title='bbox 1446 4930 1808 4996; x_wconf 77' lang='grc' dir='ltr'>ἐλευθερίας.</span> 
     </span>
    </p>
   </div>
   <div class='ocr_carea' id='block_1_96' title="bbox 231 5020 1808 5093">
    <p class='ocr_par' dir='ltr' id='par_1_96' title="bbox 231 5020 1808 5093">
     <span class='ocr_line' id='line_1_96' title="bbox 231 5020 1808 5093; baseline -0.003 -17"><span class='ocrx_word' id='word_1_727' title='bbox 231 5021 453 5093; x_wconf 76' lang='grc' dir='ltr'>Ταύτην</span> <span class='ocrx_word' id='word_1_728' title='bbox 487 5020 587 5092; x_wconf 83' lang='grc' dir='ltr'><strong>τὴν</strong></span> <span class='ocrx_word' id='word_1_729' title='bbox 630 5023 791 5092; x_wconf 78' lang='grc' dir='ltr'>χάριν</span> <span class='ocrx_word' id='word_1_730' title='bbox 831 5021 1105 5084; x_wconf 83' lang='grc' dir='ltr'>ἀπολέσας</span> <span class='ocrx_word' id='word_1_731' title='bbox 1145 5023 1174 5073; x_wconf 88' lang='grc' dir='ltr'><strong>ὁ</strong></span> <span class='ocrx_word' id='word_1_732' title='bbox 1213 5021 1396 5092; x_wconf 75' lang='grc' dir='ltr'>Δαυῒδ,</span> <span class='ocrx_word' id='word_1_733' title='bbox 1429 5022 1516 5074; x_wconf 73' lang='grc' dir='ltr'><strong>διὰ</strong></span> <span class='ocrx_word' id='word_1_734' title='bbox 1550 5021 1649 5090; x_wconf 81' lang='grc' dir='ltr'><strong>τῆς</strong></span> <span class='ocrx_word' id='word_1_735' title='bbox 1691 5037 1808 5090; x_wconf 92' lang='grc' dir='ltr'>μοι-</span> 
     </span>
    </p>
   </div>
   <div class='ocr_carea' id='block_1_97' title="bbox 231 5113 1814 5186">
    <p class='ocr_par' dir='ltr' id='par_1_97' title="bbox 231 5113 1814 5186">
     <span class='ocr_line' id='line_1_97' title="bbox 231 5113 1814 5186; baseline -0.002 -19"><span class='ocrx_word' id='word_1_736' title='bbox 231 5114 421 5186; x_wconf 81' lang='grc' dir='ltr'>χείας,</span> <span class='ocrx_word' id='word_1_737' title='bbox 465 5115 765 5186; x_wconf 78' lang='grc' dir='ltr'>παρεκάλει</span> <span class='ocrx_word' id='word_1_738' title='bbox 816 5114 908 5169; x_wconf 82' lang='grc' dir='ltr'><strong>τὸν</strong></span> <span class='ocrx_word' id='word_1_739' title='bbox 961 5114 1113 5179; x_wconf 82' lang='grc' dir='ltr'>Θεὸν,</span> <span class='ocrx_word' id='word_1_740' title='bbox 1184 5114 1388 5181; x_wconf 81' lang='grc' dir='ltr'><strong>λέγων⁹</strong></span> <span class='ocrx_word' id='word_1_741' title='bbox 1441 5113 1679 5178; x_wconf 79' lang='grc' dir='ltr'>Ἀπόδος</span> <span class='ocrx_word' id='word_1_742' title='bbox 1712 5129 1814 5180; x_wconf 82' lang='grc' dir='ltr'><strong>μοι</strong></span> 
     </span>
    </p>
   </div>
   <div class='ocr_carea' id='block_1_98' title="bbox 231 5206 1814 5276">
    <p class='ocr_par' dir='ltr' id='par_1_98' title="bbox 231 5206 1814 5276">
     <span class='ocr_line' id='line_1_98' title="bbox 231 5206 1814 5276; baseline -0.001 -16"><span class='ocrx_word' id='word_1_743' title='bbox 231 5206 352 5274; x_wconf 76' lang='grc' dir='ltr'>τὴν</span> <span class='ocrx_word' id='word_1_744' title='bbox 389 5207 756 5276; x_wconf 70' lang='grc' dir='ltr'>ἀταλλίασιν</span> <span class='ocrx_word' id='word_1_745' title='bbox 788 5207 894 5261; x_wconf 87' lang='grc' dir='ltr'><strong>τοῦ</strong></span> <span class='ocrx_word' id='word_1_746' title='bbox 935 5207 1254 5276; x_wconf 81' lang='grc' dir='ltr'>σωτηρίου,</span> <span class='ocrx_word' id='word_1_747' title='bbox 1287 5208 1386 5260; x_wconf 77' lang='grc' dir='ltr'>καὶ</span> <span class='ocrx_word' id='word_1_748' title='bbox 1435 5206 1676 5274; x_wconf 84' lang='grc' dir='ltr'>Πνεῦμα</span> <span class='ocrx_word' id='word_1_749' title='bbox 1715 5207 1814 5258; x_wconf 83' lang='grc' dir='ltr'><strong>εὺ-</strong></span> 
     </span>
    </p>
   </div>
   <div class='ocr_carea' id='block_1_99' title="bbox 233 5297 1815 5369">
    <p class='ocr_par' dir='ltr' id='par_1_99' title="bbox 233 5297 1815 5369">
     <span class='ocr_line' id='line_1_99' title="bbox 233 5297 1815 5369; baseline -0.004 -14"><span class='ocrx_word' id='word_1_750' title='bbox 233 5300 341 5366; x_wconf 75' lang='grc' dir='ltr'>θές</span> <span class='ocrx_word' id='word_1_751' title='bbox 375 5301 722 5368; x_wconf 77' lang='grc' dir='ltr'>ὲγκαίνισον</span> <span class='ocrx_word' id='word_1_752' title='bbox 756 5301 826 5354; x_wconf 83' lang='grc' dir='ltr'>ἐν</span> <span class='ocrx_word' id='word_1_753' title='bbox 859 5300 984 5366; x_wconf 83' lang='grc' dir='ltr'>τοῖς</span> <span class='ocrx_word' id='word_1_754' title='bbox 1018 5298 1290 5368; x_wconf 77' lang='grc' dir='ltr'>ἐγκάτοις</span> <span class='ocrx_word' id='word_1_755' title='bbox 1323 5317 1464 5366; x_wconf 87' lang='grc' dir='ltr'>μου.</span> <span class='ocrx_word' id='word_1_756' title='bbox 1505 5299 1689 5369; x_wconf 82' lang='grc' dir='ltr'>Ὁρᾷς,</span> <span class='ocrx_word' id='word_1_757' title='bbox 1735 5297 1815 5349; x_wconf 83' lang='grc' dir='ltr'>ὃτι</span> 
     </span>
    </p>
   </div>
   <div class='ocr_carea' id='block_1_100' title="bbox 163 5375 1813 5457">
    <p class='ocr_par' dir='ltr' id='par_1_100' title="bbox 233 5389 1813 5457">
     <span class='ocr_line' id='line_1_100' title="bbox 233 5389 1813 5457; baseline -0.004 -10"><span class='ocrx_word' id='word_1_758' title='bbox 233 5393 350 5448; x_wconf 70' lang='grc' dir='ltr'>ἔσω</span> <span class='ocrx_word' id='word_1_759' title='bbox 375 5393 433 5444; x_wconf 79' lang='grc' dir='ltr'>ὲν</span> <span class='ocrx_word' id='word_1_760' title='bbox 463 5395 576 5456; x_wconf 88' lang='grc' dir='ltr'>τοῖς</span> <span class='ocrx_word' id='word_1_761' title='bbox 597 5390 689 5444; x_wconf 89' lang='grc' dir='ltr'><strong>τοῦ</strong></span> <span class='ocrx_word' id='word_1_762' title='bbox 726 5391 917 5445; x_wconf 89' lang='grc' dir='ltr'>πιστοῦ</span> <span class='ocrx_word' id='word_1_763' title='bbox 949 5394 1192 5444; x_wconf 76' lang='grc' dir='ltr'>κατοικεῖ</span> <span class='ocrx_word' id='word_1_764' title='bbox 1212 5391 1271 5444; x_wconf 84' lang='grc' dir='ltr'><strong>τὸ</strong></span> <span class='ocrx_word' id='word_1_765' title='bbox 1299 5391 1524 5444; x_wconf 79' lang='grc' dir='ltr'>Πνεῦμα</span> <span class='ocrx_word' id='word_1_766' title='bbox 1551 5391 1614 5443; x_wconf 85' lang='grc' dir='ltr'><strong>τὸ</strong></span> <span class='ocrx_word' id='word_1_767' title='bbox 1641 5389 1813 5457; x_wconf 74' lang='grc' dir='ltr'>ἅγιον.</span> 
     </span>
    </p>
   </div>
   <div class='ocr_carea' id='block_1_101' title="bbox 312 5554 791 5610">
    <p class='ocr_par' dir='ltr' id='par_1_101' title="bbox 312 5554 791 5610">
     <span class='ocr_line' id='line_1_101' title="bbox 312 5554 791 5610; baseline 0.002 -3"><span class='ocrx_word' id='word_1_768' title='bbox 312 5554 359 5587; x_wconf 83' lang='grc'><strong>⁸⁸</strong></span> <span class='ocrx_word' id='word_1_769' title='bbox 397 5555 499 5609; x_wconf 86' lang='lat' dir='ltr'><strong>lsa.</strong></span> <span class='ocrx_word' id='word_1_770' title='bbox 523 5571 671 5610; x_wconf 72' lang='lat' dir='ltr'><strong>xxvr.</strong></span> <span class='ocrx_word' id='word_1_771' title='bbox 705 5555 791 5610; x_wconf 77' lang='lat'><strong>18.</strong></span> 
     </span>
    </p>
   </div>
   <div class='ocr_carea' id='block_1_102' title="bbox 1919 4640 3491 4723">
    <p class='ocr_par' dir='ltr' id='par_1_102' title="bbox 1919 4640 3491 4723">
     <span class='ocr_line' id='line_1_102' title="bbox 1919 4640 3491 4723; baseline -0.01 -15"><span class='ocrx_word' id='word_1_772' title='bbox 1919 4663 2004 4708; x_wconf 90' lang='lat' dir='ltr'><strong>est</strong></span> <span class='ocrx_word' id='word_1_773' title='bbox 2034 4668 2100 4707; x_wconf 90' lang='lat' dir='ltr'><strong>ne</strong></span> <span class='ocrx_word' id='word_1_774' title='bbox 2134 4648 2570 4723; x_wconf 88' lang='lat' dir='ltr'><strong>persequamini;</strong></span> <span class='ocrx_word' id='word_1_775' title='bbox 2601 4661 2655 4704; x_wconf 90' lang='lat' dir='ltr'><strong>et</strong></span> <span class='ocrx_word' id='word_1_776' title='bbox 2680 4669 2692 4702; x_wconf 75' lang='grc' dir='ltr'>ε</span> <span class='ocrx_word' id='word_1_777' title='bbox 2720 4646 2802 4701; x_wconf 88' lang='lat' dir='ltr'><strong>Ne</strong></span> <span class='ocrx_word' id='word_1_778' title='bbox 2839 4645 3214 4699; x_wconf 86' lang='lat' dir='ltr'><strong>contristemini</strong></span> <span class='ocrx_word' id='word_1_779' title='bbox 3239 4640 3491 4710; x_wconf 85' lang='lat' dir='ltr'><strong>Spiritum</strong></span> 
     </span>
    </p>
   </div>
   <div class='ocr_carea' id='block_1_103' title="bbox 1919 4734 3492 4812">
    <p class='ocr_par' dir='ltr' id='par_1_103' title="bbox 1919 4734 3492 4812">
     <span class='ocr_line' id='line_1_103' title="bbox 1919 4734 3492 4812; baseline -0.008 -14"><span class='ocrx_word' id='word_1_780' title='bbox 1919 4755 2183 4808; x_wconf 86' lang='lat' dir='ltr'><strong>sanctum,</strong></span> <span class='ocrx_word' id='word_1_781' title='bbox 2229 4743 2380 4812; x_wconf 81' lang='lat' dir='ltr'><strong>cujus</strong></span> <span class='ocrx_word' id='word_1_782' title='bbox 2422 4741 2592 4810; x_wconf 83' lang='lat' dir='ltr'><strong>sigillo</strong></span> <span class='ocrx_word' id='word_1_783' title='bbox 2621 4739 2814 4809; x_wconf 86' lang='lat' dir='ltr'><strong>signati</strong></span> <span class='ocrx_word' id='word_1_784' title='bbox 2858 4739 2978 4790; x_wconf 84' lang='lat' dir='ltr'><strong>estis</strong></span> <span class='ocrx_word' id='word_1_785' title='bbox 3025 4736 3092 4788; x_wconf 85' lang='lat' dir='ltr'><strong>ad</strong></span> <span class='ocrx_word' id='word_1_786' title='bbox 3124 4735 3262 4788; x_wconf 82' lang='lat' dir='ltr'><strong>diem</strong></span> <span class='ocrx_word' id='word_1_787' title='bbox 3300 4734 3492 4788; x_wconf 83' lang='lat' dir='ltr'><strong>libera-</strong></span> 
     </span>
    </p>
   </div>
   <div class='ocr_carea' id='block_1_104' title="bbox 1918 4825 3492 4898">
    <p class='ocr_par' dir='ltr' id='par_1_104' title="bbox 1918 4825 3492 4898">
     <span class='ocr_line' id='line_1_104' title="bbox 1918 4825 3492 4898; baseline -0.008 -9"><span class='ocrx_word' id='word_1_788' title='bbox 1918 4837 2078 4890; x_wconf 86' lang='lat' dir='ltr'><strong>tionis</strong></span> <span class='ocrx_word' id='word_1_789' title='bbox 2101 4836 2176 4898; x_wconf 80' lang='lat'><strong>”;</strong></span> <span class='ocrx_word' id='word_1_790' title='bbox 2221 4843 2276 4887; x_wconf 90' lang='lat' dir='ltr'><strong>et</strong></span> <span class='ocrx_word' id='word_1_791' title='bbox 2319 4847 2548 4887; x_wconf 90' lang='lat' dir='ltr'><strong>rursus:</strong></span> <span class='ocrx_word' id='word_1_792' title='bbox 2589 4828 2711 4883; x_wconf 82' lang='lat' dir='ltr'><strong>Non</strong></span> <span class='ocrx_word' id='word_1_793' title='bbox 2767 4829 2901 4883; x_wconf 87' lang='lat' dir='ltr'><strong>enim</strong></span> <span class='ocrx_word' id='word_1_794' title='bbox 2943 4826 3211 4895; x_wconf 79' lang='lat' dir='ltr'><strong>accepistis</strong></span> <span class='ocrx_word' id='word_1_795' title='bbox 3251 4825 3492 4892; x_wconf 83' lang='lat' dir='ltr'><strong>spiritum</strong></span> 
     </span>
    </p>
   </div>
   <div class='ocr_carea' id='block_1_105' title="bbox 1917 4917 3495 4990">
    <p class='ocr_par' dir='ltr' id='par_1_105' title="bbox 1917 4917 3495 4990">
     <span class='ocr_line' id='line_1_105' title="bbox 1917 4917 3495 4990; baseline -0.008 -9"><span class='ocrx_word' id='word_1_796' title='bbox 1917 4929 2198 4990; x_wconf 85' lang='lat' dir='ltr'><strong>servitutis,</strong></span> <span class='ocrx_word' id='word_1_797' title='bbox 2247 4926 2335 4979; x_wconf 82' lang='lat' dir='ltr'><strong>sed</strong></span> <span class='ocrx_word' id='word_1_798' title='bbox 2377 4925 2630 4978; x_wconf 83' lang='lat' dir='ltr'><strong>libertatis</strong></span> <span class='ocrx_word' id='word_1_799' title='bbox 2653 4922 2719 4976; x_wconf 76' lang='grc'><strong>’³.</strong></span> <span class='ocrx_word' id='word_1_800' title='bbox 2767 4920 2935 4974; x_wconf 86' lang='lat' dir='ltr'><strong>Porro</strong></span> <span class='ocrx_word' id='word_1_801' title='bbox 2972 4936 3091 4973; x_wconf 89' lang='lat' dir='ltr'><strong>cum</strong></span> <span class='ocrx_word' id='word_1_802' title='bbox 3141 4917 3309 4970; x_wconf 83' lang='lat' dir='ltr'><strong>David</strong></span> <span class='ocrx_word' id='word_1_803' title='bbox 3357 4917 3495 4970; x_wconf 88' lang='lat' dir='ltr'><strong>hanc</strong></span> 
     </span>
    </p>
   </div>
   <div class='ocr_carea' id='block_1_106' title="bbox 1919 5003 3491 5089">
    <p class='ocr_par' dir='ltr' id='par_1_106' title="bbox 1919 5003 3491 5089">
     <span class='ocr_line' id='line_1_106' title="bbox 1919 5003 3491 5089; baseline -0.008 -16"><span class='ocrx_word' id='word_1_804' title='bbox 1919 5021 2148 5089; x_wconf 80' lang='lat' dir='ltr'><strong>gratiam</strong></span> <span class='ocrx_word' id='word_1_805' title='bbox 2204 5019 2475 5072; x_wconf 85' lang='lat' dir='ltr'><strong>amisisset</strong></span> <span class='ocrx_word' id='word_1_806' title='bbox 2525 5031 2620 5085; x_wconf 87' lang='lat' dir='ltr'><strong>per</strong></span> <span class='ocrx_word' id='word_1_807' title='bbox 2671 5003 3026 5075; x_wconf 76' lang='lat' dir='ltr'><strong>aduiterium,</strong></span> <span class='ocrx_word' id='word_1_808' title='bbox 3072 5010 3263 5064; x_wconf 82' lang='lat' dir='ltr'><strong>orabat</strong></span> <span class='ocrx_word' id='word_1_809' title='bbox 3325 5008 3491 5061; x_wconf 86' lang='lat' dir='ltr'><strong>Deum</strong></span> 
     </span>
    </p>
   </div>
   <div class='ocr_carea' id='block_1_107' title="bbox 1921 5098 3495 5165">
    <p class='ocr_par' dir='ltr' id='par_1_107' title="bbox 1921 5098 3495 5165">
     <span class='ocr_line' id='line_1_107' title="bbox 1921 5098 3495 5165; baseline -0.01 -1"><span class='ocrx_word' id='word_1_810' title='bbox 1921 5111 2144 5164; x_wconf 89' lang='lat' dir='ltr'><strong>dicens:</strong></span> <span class='ocrx_word' id='word_1_811' title='bbox 2179 5107 2354 5160; x_wconf 81' lang='lat' dir='ltr'><strong>Redde</strong></span> <span class='ocrx_word' id='word_1_812' title='bbox 2396 5107 2524 5159; x_wconf 78' lang='lat' dir='ltr'><strong>milii</strong></span> <span class='ocrx_word' id='word_1_813' title='bbox 2574 5105 2810 5159; x_wconf 79' lang='lat' dir='ltr'><strong>lwtitiam</strong></span> <span class='ocrx_word' id='word_1_814' title='bbox 2846 5103 3118 5164; x_wconf 83' lang='lat' dir='ltr'><strong>salutaris,</strong></span> <span class='ocrx_word' id='word_1_815' title='bbox 3149 5110 3196 5153; x_wconf 90' lang='lat' dir='ltr'><strong>et</strong></span> <span class='ocrx_word' id='word_1_816' title='bbox 3240 5098 3495 5165; x_wconf 81' lang='lat' dir='ltr'><strong>Spiritum</strong></span> 
     </span>
    </p>
   </div>
   <div class='ocr_carea' id='block_1_108' title="bbox 1923 5191 3496 5259">
    <p class='ocr_par' dir='ltr' id='par_1_108' title="bbox 1923 5191 3496 5259">
     <span class='ocr_line' id='line_1_108' title="bbox 1923 5191 3496 5259; baseline -0.008 -4"><span class='ocrx_word' id='word_1_817' title='bbox 1923 5214 2119 5257; x_wconf 86' lang='lat' dir='ltr'><strong>rectum</strong></span> <span class='ocrx_word' id='word_1_818' title='bbox 2155 5205 2351 5255; x_wconf 85' lang='lat' dir='ltr'><strong>innova</strong></span> <span class='ocrx_word' id='word_1_819' title='bbox 2384 5201 2439 5254; x_wconf 91' lang='lat' dir='ltr'><strong>in</strong></span> <span class='ocrx_word' id='word_1_820' title='bbox 2469 5199 2750 5252; x_wconf 84' lang='lat' dir='ltr'><strong>visceribus</strong></span> <span class='ocrx_word' id='word_1_821' title='bbox 2782 5198 2907 5250; x_wconf 87' lang='lat' dir='ltr'><strong>meis</strong></span> <span class='ocrx_word' id='word_1_822' title='bbox 2934 5195 3000 5249; x_wconf 65' lang='grc'>’⁸.</span> <span class='ocrx_word' id='word_1_823' title='bbox 3039 5194 3173 5259; x_wconf 85' lang='lat' dir='ltr'><strong>Quia</strong></span> <span class='ocrx_word' id='word_1_824' title='bbox 3209 5193 3260 5246; x_wconf 89' lang='lat' dir='ltr'><strong>in</strong></span> <span class='ocrx_word' id='word_1_825' title='bbox 3294 5191 3496 5246; x_wconf 89' lang='lat' dir='ltr'><strong>intimis</strong></span> 
     </span>
    </p>
   </div>
   <div class='ocr_carea' id='block_1_109' title="bbox 1923 5276 3490 5354">
    <p class='ocr_par' dir='ltr' id='par_1_109' title="bbox 1923 5276 3490 5354">
     <span class='ocr_line' id='line_1_109' title="bbox 1923 5276 3490 5354; baseline -0.011 -9"><span class='ocrx_word' id='word_1_826' title='bbox 1923 5292 2169 5345; x_wconf 88' lang='lat' dir='ltr'><strong>sensibus</strong></span> <span class='ocrx_word' id='word_1_827' title='bbox 2223 5289 2395 5342; x_wconf 75' lang='lat' dir='ltr'><strong>fidelis</strong></span> <span class='ocrx_word' id='word_1_828' title='bbox 2430 5285 2635 5341; x_wconf 85' lang='lat' dir='ltr'><strong>habitat</strong></span> <span class='ocrx_word' id='word_1_829' title='bbox 2675 5283 2908 5354; x_wconf 88' lang='lat' dir='ltr'><strong>Spiritus</strong></span> <span class='ocrx_word' id='word_1_830' title='bbox 2948 5291 3186 5335; x_wconf 85' lang='lat' dir='ltr'><strong>sanctus.</strong></span> <span class='ocrx_word' id='word_1_831' title='bbox 3219 5276 3490 5332; x_wconf 72' lang='lat' dir='ltr'><strong>Caeterum</strong></span> 
     </span>
    </p>
   </div>
   <div class='ocr_carea' id='block_1_110' title="bbox 1927 5369 3482 5456">
    <p class='ocr_par' dir='ltr' id='par_1_110' title="bbox 1927 5369 3482 5456">
     <span class='ocr_line' id='line_1_110' title="bbox 1927 5369 3482 5456; baseline -0.013 -17"><span class='ocrx_word' id='word_1_832' title='bbox 1927 5393 2087 5456; x_wconf 86' lang='lat' dir='ltr'><strong>prout</strong></span> <span class='ocrx_word' id='word_1_833' title='bbox 2129 5385 2360 5452; x_wconf 89' lang='lat' dir='ltr'><strong>quisque</strong></span> <span class='ocrx_word' id='word_1_834' title='bbox 2418 5388 2598 5434; x_wconf 86' lang='lat' dir='ltr'><strong>servat</strong></span> <span class='ocrx_word' id='word_1_835' title='bbox 2650 5377 2868 5432; x_wconf 80' lang='lat' dir='ltr'><strong>domum</strong></span> <span class='ocrx_word' id='word_1_836' title='bbox 2922 5373 3004 5428; x_wconf 91' lang='lat' dir='ltr'><strong>sui</strong></span> <span class='ocrx_word' id='word_1_837' title='bbox 3047 5369 3226 5426; x_wconf 89' lang='lat' dir='ltr'><strong>cordis</strong></span> <span class='ocrx_word' id='word_1_838' title='bbox 3269 5380 3482 5439; x_wconf 87' lang='lat' dir='ltr'><strong>puram,</strong></span> 
     </span>
    </p>
   </div>
   <div class='ocr_carea' id='block_1_111' title="bbox 898 5525 1801 5615">
    <p class='ocr_par' dir='ltr' id='par_1_111' title="bbox 898 5552 1798 5613">
     <span class='ocr_line' id='line_1_111' title="bbox 898 5552 1798 5613; baseline -0.006 -4"><span class='ocrx_word' id='word_1_839' title='bbox 898 5556 941 5586; x_wconf 85' lang='grc'>¹⁶</span> <span class='ocrx_word' id='word_1_840' title='bbox 979 5554 1111 5609; x_wconf 84' lang='lat' dir='ltr'><strong>Lev.</strong></span> <span class='ocrx_word' id='word_1_841' title='bbox 1158 5570 1307 5612; x_wconf 50' lang='grc' dir='ltr'>χχιιι,</span> <span class='ocrx_word' id='word_1_842' title='bbox 1353 5554 1450 5613; x_wconf 72' lang='lat'><strong>1‘2;</strong></span> <span class='ocrx_word' id='word_1_843' title='bbox 1492 5552 1531 5604; x_wconf 90' lang='lat' dir='ltr'><strong>ll</strong></span> <span class='ocrx_word' id='word_1_844' title='bbox 1574 5552 1699 5605; x_wconf 77' lang='lat' dir='ltr'><strong>Cor.</strong></span> <span class='ocrx_word' id='word_1_845' title='bbox 1751 5566 1798 5604; x_wconf 85' lang='lat' dir='ltr'><strong>vl</strong></span> 
     </span>
    </p>
   </div>
   <div class='ocr_carea' id='block_1_112' title="bbox 1906 5525 3495 5615">
    <p class='ocr_par' dir='ltr' id='par_1_112' title="bbox 1906 5525 3495 5615">
     <span class='ocr_line' id='line_1_112' title="bbox 1906 5525 3495 5615; baseline -0.016 -12"><span class='ocrx_word' id='word_1_846' title='bbox 1906 5549 1944 5603; x_wconf 73' lang='lat'><strong>3.</strong></span> <span class='ocrx_word' id='word_1_847' title='bbox 2024 5551 2066 5582; x_wconf 85' lang='grc'><strong>¹⁷</strong></span> <span class='ocrx_word' id='word_1_848' title='bbox 2104 5546 2214 5601; x_wconf 78' lang='lat' dir='ltr'><strong>Joel</strong></span> <span class='ocrx_word' id='word_1_849' title='bbox 2247 5561 2307 5611; x_wconf 81' lang='grc' dir='ltr'><strong>ιι,</strong></span> <span class='ocrx_word' id='word_1_850' title='bbox 2348 5543 2479 5615; x_wconf 28' lang='grc' dir='ltr'><strong>εὸςμ</strong></span> <span class='ocrx_word' id='word_1_851' title='bbox 2509 5542 2742 5615; x_wconf 20' lang='grc' dir='ltr'>Αειεῇῃ,</span> <span class='ocrx_word' id='word_1_852' title='bbox 2809 5534 2895 5589; x_wconf 78' lang='grc'><strong>16.</strong></span> <span class='ocrx_word' id='word_1_853' title='bbox 2974 5531 3358 5615; x_wconf 41' lang='lat' dir='ltr'><strong>“iniungit,</strong></span> 
     </span>
    </p>
   </div>
   <div class='ocr_carea' id='block_1_113' title="bbox 237 5593 3496 5692">
    <p class='ocr_par' dir='ltr' id='par_1_113' title="bbox 237 5593 3496 5692">
     <span class='ocr_line' id='line_1_113' title="bbox 237 5593 3496 5692; baseline -0.009 -14"><span class='ocrx_word' id='word_1_854' title='bbox 237 5624 287 5659; x_wconf 79' lang='grc'><strong>⁸⁹</strong></span> <span class='ocrx_word' id='word_1_855' title='bbox 327 5593 846 5690; x_wconf 51' lang='grc' dir='ltr'><strong>ιιὶἕῗὶῖιῖῗίθῖψθο</strong></span> <span class='ocrx_word' id='word_1_856' title='bbox 887 5625 928 5681; x_wconf 87' lang='grc' dir='ltr'><strong>ιι</strong></span> <span class='ocrx_word' id='word_1_857' title='bbox 1357 5593 1456 5654; x_wconf 49' lang='grc' dir='ltr'><strong>..ἦ</strong></span> <span class='ocrx_word' id='word_1_858' title='bbox 1494 5593 1530 5676; x_wconf 47' lang='grc'><strong>’1.</strong></span> <span class='ocrx_word' id='word_1_859' title='bbox 2035 5621 2080 5652; x_wconf 72' lang='grc'><strong>’⁸</strong></span> <span class='ocrx_word' id='word_1_860' title='bbox 2339 5593 2416 5681; x_wconf 54' lang='lat' dir='ltr'><strong>li}</strong></span> <span class='ocrx_word' id='word_1_861' title='bbox 2438 5593 2553 5667; x_wconf 49' lang='lat'><strong>&#39;50.</strong></span> <span class='ocrx_word' id='word_1_862' title='bbox 2566 5593 2578 5594; x_wconf 19' lang='grc' dir='ltr'><strong>ί</strong></span> <span class='ocrx_word' id='word_1_863' title='bbox 2598 5593 2660 5641; x_wconf 46' lang='grc'><strong>³³</strong></span> <span class='ocrx_word' id='word_1_864' title='bbox 2688 5593 2843 5663; x_wconf 81' lang='lat' dir='ltr'><strong>Rom.</strong></span> <span class='ocrx_word' id='word_1_865' title='bbox 2868 5616 2988 5669; x_wconf 86' lang='lat' dir='ltr'><strong>vm,</strong></span> <span class='ocrx_word' id='word_1_866' title='bbox 3011 5601 3064 5658; x_wconf 88' lang='lat'><strong>5.</strong></span> <span class='ocrx_word' id='word_1_867' title='bbox 3106 5599 3151 5630; x_wconf 77' lang='lat'>”</span> <span class='ocrx_word' id='word_1_868' title='bbox 3164 5595 3310 5652; x_wconf 88' lang='lat' dir='ltr'><strong>Psal.</strong></span> <span class='ocrx_word' id='word_1_869' title='bbox 3332 5593 3496 5661; x_wconf 71' lang='lat' dir='ltr'><strong>L,12.</strong></span> 
     </span>
    </p>
   </div>
   <div class='ocr_carea' id='block_1_114' title="bbox 309 5764 880 5834">
    <p class='ocr_par' dir='ltr' id='par_1_114' title="bbox 309 5764 880 5834">
     <span class='ocr_line' id='line_1_114' title="bbox 309 5764 880 5834; baseline 0.009 -16"><span class='ocrx_word' id='word_1_870' title='bbox 309 5765 389 5830; x_wconf 81' lang='lat' dir='ltr'><strong>(7i</strong></span> <span class='ocrx_word' id='word_1_871' title='bbox 431 5765 526 5820; x_wconf 79' lang='lat' dir='ltr'><strong>Ms.</strong></span> <span class='ocrx_word' id='word_1_872' title='bbox 555 5764 880 5834; x_wconf 84' lang='grc' dir='ltr'>πνεύματος.</span> 
     </span>
    </p>
   </div>
   <div class='ocr_carea' id='block_1_115' title="bbox 315 5835 820 5908">
    <p class='ocr_par' dir='ltr' id='par_1_115' title="bbox 315 5835 820 5908">
     <span class='ocr_line' id='line_1_115' title="bbox 315 5835 820 5908; baseline -0.006 -16"><span class='ocrx_word' id='word_1_873' title='bbox 315 5835 396 5908; x_wconf 87' lang='lat'><strong>(8)</strong></span> <span class='ocrx_word' id='word_1_874' title='bbox 435 5836 544 5902; x_wconf 78' lang='lat' dir='ltr'><strong>AL,</strong></span> <span class='ocrx_word' id='word_1_875' title='bbox 570 5837 624 5892; x_wconf 86' lang='grc' dir='ltr'><strong>τί</strong></span> <span class='ocrx_word' id='word_1_876' title='bbox 657 5835 820 5890; x_wconf 85' lang='grc' dir='ltr'>θέλω.</span> 
     </span>
    </p>
   </div>
   <div class='ocr_carea' id='block_1_116' title="bbox 1997 5743 2664 5833">
    <p class='ocr_par' dir='ltr' id='par_1_116' title="bbox 1997 5743 2664 5833">
     <span class='ocr_line' id='line_1_116' title="bbox 1997 5743 2664 5833; baseline -0.013 -16"><span class='ocrx_word' id='word_1_877' title='bbox 1997 5761 2076 5833; x_wconf 84' lang='lat'><strong>(9)</strong></span> <span class='ocrx_word' id='word_1_878' title='bbox 2121 5743 2264 5814; x_wconf 73' lang='grc' dir='ltr'><strong>Ἄπό</strong></span> <span class='ocrx_word' id='word_1_879' title='bbox 2295 5756 2442 5812; x_wconf 85' lang='lat' dir='ltr'><strong>deest</strong></span> <span class='ocrx_word' id='word_1_880' title='bbox 2471 5755 2522 5810; x_wconf 92' lang='lat' dir='ltr'><strong>in</strong></span> <span class='ocrx_word' id='word_1_881' title='bbox 2561 5768 2664 5808; x_wconf 90' lang='lat' dir='ltr'><strong>ms.</strong></span> 
     </span>
    </p>
   </div>
   <div class='ocr_carea' id='block_1_117' title="bbox 3689 2811 3802 2858">
    <p class='ocr_par' dir='ltr' id='par_1_117' title="bbox 3689 2811 3802 2858">
     <span class='ocr_line' id='line_1_117' title="bbox 3689 2811 3802 2858; baseline 0 0"><span class='ocrx_word' id='word_1_882' title='bbox 3689 2811 3802 2858; x_wconf 55' lang='lat' dir='ltr'><strong>af):</strong></span> 
     </span>
    </p>
   </div>
   <div class='ocr_carea' id='block_1_118' title="bbox 3585 2806 3720 2874">
    <p class='ocr_par' dir='ltr' id='par_1_118' title="bbox 3585 2806 3720 2874">
     <span class='ocr_line' id='line_1_118' title="bbox 3585 2806 3720 2874; baseline -0.052 -2"><span class='ocrx_word' id='word_1_883' title='bbox 3585 2806 3650 2874; x_wconf 51' lang='lat' dir='ltr'><strong>per</strong></span> <span class='ocrx_word' id='word_1_884' title='bbox 3657 2812 3720 2872; x_wconf 51' lang='lat'><strong>.3”.</strong></span> 
     </span>
    </p>
   </div>
  </div>
