3884 6268
96 302 208 381 ἐεε

1517 306 1604 363 DE
1643 306 1889 366 CRUCE.

3234 279 3346 374 sua

109 442 225 496 οὐκ
248 434 468 498 οἴδατε,
496 434 585 487 ὅτι
612 430 681 485 τὰ
710 430 952 500 σώματα
986 426 1154 496 ὑμῶν
1167 425 1314 491 ναὸς
1338 424 1486 480 Θεοῦ
1509 424 1664 487 ἐστι,

1780 425 2003 495 Spiritus
2032 426 2129 481 Dei
2166 429 2366 485 habitat
2403 431 2461 485 in
2493 431 2633 487 vobis
2663 432 2751 486 ὀἳ
2789 430 2915 488 Haec
2942 441 3122 489 autem
3152 449 3344 493 neces-

106 531 196 585 καί
219 528 285 582 τὸ
322 523 567 594 Πνεῦμα
589 522 694 578 τοῦ
725 520 874 577 Θεοῦ
906 519 1060 573 οἰκεῖ
1081 520 1152 573 ἐν
1182 516 1361 587 ὑμῖν;
1399 516 1584 570 Ταῦτα
1613 516 1670 569 δὲ

104 624 229 693 ἡμῖν
259 614 569 685 ἀναγκαίως
597 615 679 677 είς
704 613 866 685 μέσον
902 607 1056 682 ἦλθε,
1086 608 1247 663 πόθεν
1274 606 1480 678 ὀφείλει
1504 605 1669 676 γινώ-

106 726 252 764 σκειν
301 709 330 760 6
381 703 728 777 Χριστιανὸς,
754 704 836 757 ὅτι
872 700 1030 753 ἔλαϐε
1065 699 1127 754 τὸ
1165 699 1320 767 ἅγιον
1353 696 1667 767 βάπτισμα,

101 802 193 855 καὶ
220 802 301 854 ὅτι
348 797 463 850 ἐστι
499 794 823 866 Χριστιανὸς
853 791 1123 861 ἀληθινός.
1169 788 1305 842 Οὐδὲ
1338 788 1447 857 γὰρ
1472 785 1532 840 τὸ
1556 786 1669 839 sla-

99 889 351 964 ἔρχεσθαι
381 889 461 952 είς
497 886 597 958 τὴν
638 885 955 955 ἐκκλησίαν,
994 880 1152 936 τοῦτό
1193 881 1311 932 ὲστι
1342 878 1404 931 τὸ
1447 877 1669 964 σημεῖον

97 963 186 1034 τοῦ
239 974 492 1049 ἀληθινοῦ
540 971 904 1045 Χριστιανοῦ⁸
953 969 1138 1024 πολλοὶ
1182 967 1291 1038 γάρ
1319 966 1413 1020 καὶ
1455 963 1665 1027 ἀνάξιοι

98 1072 429 1143 εἰσέρχονται
475 1067 572 1120 σὸν
616 1067 767 1136 ἡμῖν.
823 1062 959 1119 Οὐδὲ
1005 1062 1068 1116 τὸ
1123 1062 1300 1113 ποιεῖν
1337 1057 1400 1111 τὸ
1442 1058 1666 1127 σημεῖον

95 1160 185 1215 τοῦ
233 1159 497 1230 σταυροῦ,
552 1157 671 1210 οὐδὲ
708 1156 771 1209 τὸ
806 1151 1241 1226 μεταλαμϐάνειν
1270 1147 1365 1202 τοῦ
1417 1144 1669 1216 σώματος

95 1253 184 1308 τοῦ
233 1250 506 1323 Χριστοῦ,
545 1249 703 1303 τοῦτό
744 1249 862 1302 ἐστι
902 1246 967 1300 τὸ
1013 1246 1236 1316 σημεῖον
1275 1238 1369 1294 τοῦ
1412 1230 1667 1307 ἀληθινοῦ

95 1341 439 1415 Χριστιανοῦ.
499 1342 660 1403 Ἰσως
701 1338 809 1410 γάρ
855 1337 949 1391 καὶ
986 1336 1207 1392 ἄπιστοί
1248 1350 1390 1397 τινες
1439 1330 1535 1385 καὶ⁵
1588 1327 1673 1380 αἱ-

98 1436 298 1509 ρετικο)⁸
356 1430 863 1505 μεταλαμϐάνουσι,
916 1429 1013 1484 καὶ
1061 1428 1239 1482 πάντα
1265 1427 1366 1480 ὅσα
1409 1417 1673 1509 ποιοῦμεν

1780 516 1926 571 sario
1964 532 1992 571 a
2032 518 2183 573 nobis
2214 518 2447 573 adducta
2476 528 2633 585 sunt,
2660 520 2805 577 unde
2842 522 2966 591 quis
3014 537 3347 593 cognoscere

1779 606 2006 671 debeat,
2045 608 2187 676 quod
2223 609 2434 679 accepit
2471 619 2718 667 sanctum
2765 612 3071 682 baptisma,
3104 623 3160 670 et
3199 615 3347 685 quod

1778 702 1939 748 verus
1964 705 2047 749 est
2078 695 2435 753 Christianus.
2459 696 2578 754 Non
2606 700 2752 754 enim
2782 699 3060 772 ingressus
3088 703 3142 757 in
3171 704 3322 760 eccle

1776 787 1917 842 siam
1947 787 2205 844 indicium
2240 798 2326 845 est
2348 790 2459 847 veri
2487 790 2821 860 Christiani;
2850 794 3003 848 multi
3027 795 3172 850 enim
3204 795 3349 851 indi-

1771 876 1858 945 gni
1891 877 2171 977 nobiscum
2220 879 2615 951 ingrediuntur.
2656 880 2845 951 Neque
2882 898 3012 938 vero
3045 886 3259 940 munire
3288 901 3347 941 se

1772 971 1949 1019 crucis
1979 971 2156 1037 signo,
2186 983 2360 1038 neque
2388 972 2667 1041 percipere
2691 986 2889 1042 corpus
2908 971 3139 1037 Christi,
3182 988 3347 1043 argu-

1748 1108 1752 1113 ,
1785 1065 2032 1110 mentum
2059 1067 2139 1112 est
2162 1059 2272 1113 veri
2302 1060 2601 1116 Christiani
2627 1080 2644 1117 :
2672 1061 2907 1119 fortasse
2931 1063 3074 1117 enim
3099 1061 3348 1118 inﬁdeles

1774 1145 1995 1214 quidam
2031 1158 2087 1201 et
2134 1150 2373 1206 luet-elici
2405 1162 2699 1207 'sacrorum
2747 1152 3039 1222 participes
3084 1152 3254 1221 ﬁunt,
3290 1162 3348 1208 et

1774 1234 1955 1289 omnia
1984 1250 2105 1305 quae
2136 1236 2366 1294 facimus
2391 1238 2598 1294 faciunt
2626 1240 2789 1295 etiam
2818 1241 2941 1309 ipsi.
2968 1241 3095 1302 Sed.
3132 1250 3190 1295 ut
3216 1249 3345 1297 ante

1776 1324 1911 1389 dixi,
1949 1336 2074 1381 nota
2114 1329 2229 1384 veri
2256 1327 2551 1384 Christiani
2577 1339 2680 1395 est,
2709 1344 2871 1400 quam
2903 1330 3174 1385 concessit
3205 1328 3347 1384 Deus

1775 1412 2104 1482 Christiano,
2138 1434 2243 1473 non
2276 1419 2646 1485 extrinsecus,
2689 1433 2865 1489 neque
2907 1420 2958 1473 in
2991 1418 3187 1474 tabulis
3212 1419 3347 1490 lapi-

95 1498 339 1579 ποιοῦσιν
357 1498 736 1584 -¢610[.;A)‘r,
773 1518 849 1582 ὡς
892 1518 1174 1590 προεῖπον,
1221 1514 1281 1569 τὸ
1323 1513 1548 1584 σημεῖον
1582 1504 1672 1562 τοῦ

1780 1505 1893 1563 deis
1927 1506 2097 1578 ipsam
2139 1510 2324 1577 dedit,
2359 1511 2453 1568 sed
2483 1513 2536 1566 in
2582 1512 2777 1568 tabuiis
2813 1512 2993 1568 cordis
3022 1512 3260 1567 carneis.

94 1615 344 1689 ἀληθινοῦ
407 1611 730 1686 Χριστιανοῦ
771 1610 905 1685 (13),
946 1606 1415 1680 ὃπερ,ὲχαρίσατο
1455 1605 1486 1657 6
1533 1598 1668 1662 Θεὸς
1698 1596 1779 1666 τῷ
1804 1598 2134 1672 Χριστιανῷ,
2169 1604 2271 1657 οὐκ
2297 1602 2494 1670 ἔξωθέν
2532 1604 2714 1671 ποθεν,
2762 1603 2883 1658 οὐδὲ
2946 1605 3004 1657 ὲν
3058 1602 3222 1668 πλαξὶ
3261 1604 3345 1656 λι-

94 1709 270 1772 θίναις
307 1707 438 1761 αὐτὸ
467 1704 719 1772 δέδωκεν,
760 1703 873 1758 ἀλλ’
905 1704 964 1757 ὲν
996 1700 1161 1766 πλαξὶ
1200 1700 1426 1772 καρδίας
1472 1690 1777 1767 σαρκίναις.

162 1793 375 1851 Οὐκοῦν
404 1792 605 1848 ἔσωθεν
648 1794 706 1847 ὲν
739 1792 952 1855 ἑαυτοῖς
982 1788 1418 1859 ψηλαφήσωμεν,
1463 1785 1513 1836 ει
1555 1781 1674 1850 ἔχοι

98 1908 192 1961 μεν
223 1889 363 1958 ὅπερ
396 1886 703 1957 ἐδωρήσατο
732 1885 863 1956 ημῖν
894 1885 924 1936 6
964 1880 1096 1945 Θεὸς
1133 1882 1192 1933 ὲν
1220 1878 1299 1949 τῷ
1340 1874 1673 1948 βαπτίσματι

97 1981 346 2052 σημεῖον,
382 1977 478 2030 καὶ
515 1976 688 2048 δῶρον
723 1975 820 2028 καὶ
858 1973 1107 2045 χάρισμα
1134 1969 1229 2024 καὶ
1269 1966 1558 2037 θησαυρόν.
1591 1964 1674 2017 Τά

94 2069 202 2140 γὰρ
247 2065 557 2136 Εὐαγγέλια
597 2065 695 2118 καὶ
731 2065 779 2117 oi
816 2061 1092 2133 προφῆται
1129 2058 1225 2112 καὶ
1271 2057 1321 2111 οἱ
1363 2052 1672 2109 διδάσκαλοι

94 2162 184 2214 καὶ
204 2158 521 2221 ἀπόστολοι,
543 2155 725 2209 πίστιν
752 2150 1061 2225 ῥηματικὴν
1085 2149 1221 2204 Θεοῦ
1244 2148 1391 2219 ἡμᾶς
1416 2146 1476 2213 ἐξ
1500 2144 1673 2214 ἀκοῆς

89 2251 452 2305 διδάσκουσιν·
498 2250 527 2301 ὁ
553 2248 610 2300 δὲ
642 2246 773 2309 Θεὸς
801 2245 862 2298 οὐ
894 2243 982 2297 διὰ
1018 2242 1280 2314 ῥημάτων
1314 2238 1505 2308 ἀκοῆς,
1537 2235 1673 2291 ἀλλὰ

86 2342 174 2396 διὰ
206 2340 553 2412 πραγμάτων
600 2334 981 2390 ὲνυποστάτων
1024 2334 1081 2385 ὲν
1131 2333 1197 2402 τῇ
1239 2330 1384 2401 ψυχῇ
1433 2327 1670 2381 διδάσκει

88 2431 176 2483 τὸν
196 2427 510 2500 ἄνθρωπον,
548 2425 602 2479 τί
636 2427 750 2479 ἐστι
780 2420 1127 2494 Χριστιανός.
1160 2418 1262 2472 Διά
1289 2416 1479 2495 τοῦτο,
1508 2414 1671 2486 φησὶν

86 2527 116 2577 ὁ
160 2520 401 2586 Παῦλος,
439 2521 521 2574 ὅτι
560 2520 736 2573 Ἔστι
768 2517 974 2580 πίστις
1001 2513 1071 2578 ἐξ
1102 2510 1312 2579 ἀκοῆς·
1346 2508 1464 2576 καὶ,
1504 2509 1672 2562 Ἔστι

91 2613 299 2676 πίστις
326 2606 726 2678 ἐλπιζομένων
768 2607 1111 2669 ὑπόστασις
1147 2599 1525 2671 πραγμάτων,
1571 2597 1669 2651 καὶ

87 2703 345 2772 ἐλεγχος
374 2701 446 2755 οὐ
477 2696 895 2766 βλεπομένων.
941 2692 1243 2765 Τοιγαροῦν
1274 2691 1384 2745 ἰδοὺ
1419 2687 1671 2761 μεμαθή-

88 2810 295 2864 καμεν,
320 2791 374 2844 τί
404 2790 467 2844 τὸ
497 2791 724 2861 σημεῖον
771 2786 867 2842 τοῦ
897 2782 1249 2858 Χ-ριστιανοῦ,
1272 2782 1409 2852 ὅπερ
1447 2779 1673 2856 οὐδεμία

85 2884 222 2955 άλλη
254 2884 439 2947 πίστις
458 2882 720 2953 κέκτηται
748 2879 844 2933 ἐπὶ
863 2879 962 2949 τῆς
986 2878 1109 2949 γῆς.
1133 2874 1299 2930 Ἀλλά
1325 2871 1582 2944 μακάριοι
1612 2870 1667 2922 oi

85 2974 248 3028 τοῦτο
271 2973 524 3036 λαϐόντες
553 2973 648 3026 καὶ⁵
674 2970 912 3043 ἔχοντες,
938 2970 1033 3023 καὶ
1052 2969 1150 3022 σὺν
1166 2964 1314 3036 αὑτῷ
1340 2966 1406 3017 ὲκ
1430 2962 1525 3017 τοῦ
1551 2962 1668 3033 βίου

1846 1778 2015 1849 igitur
2057 1791 2325 1839 tentemus
2354 1784 2408 1839 in
2447 1785 2604 1841 nobis
2649 1786 2779 1855 ipsis
2808 1800 2877 1840 ex
2913 1785 3039 1841 imis
3067 1778 3352 1852 sensibus,

1774 1884 1842 1923 an
1868 1870 2162 1928 habeamus
2188 1874 2445 1929 indicimn
2480 1877 2623 1945 quod
2650 1876 2878 1947 largitus
2904 1886 2990 1932 est
3020 1877 3177 1934 nohis
3209 1879 3349 1933 Deus

1773 1960 1827 2015 in
1869 1963 2194 2033 baptismate
2216 2005 2233 2033 ,
2278 1975 2335 2022 et
2372 1968 2571 2023 donum
2611 1976 2666 2025 et
2700 1984 2897 2024 munus
2922 1952 2976 2025 et
3007 1969 3345 2025 thesaurum.

1772 2051 1905 2107 Nam
1934 2052 2230 2126 Evangelia
2259 2067 2315 2113 et
2345 2060 2625 2129 prophetae
2644 2101 2661 2128 ,
2689 2068 2747 2116 et
2767 2060 3029 2130 apostoli,
3067 2070 3123 2116 et
3154 2062 3344 2116 docto-

1773 2161 1863 2201 res
1889 2149 2060 2205 verbo
2090 2161 2246 2205 tenus
2281 2150 2375 2209 Dei
2422 2154 2585 2209 ﬁdem
2627 2169 2727 2210 nos
2772 2155 2999 2210 edocent
3029 2170 3095 2210 ex
3122 2155 3344 2221 auditu;

1772 2238 1867 2290 sed
1899 2236 2043 2292 Deus
2072 2252 2178 2293 non
2220 2254 2318 2309 per
2348 2244 2535 2312 verba,
2579 2244 2677 2300 sed
2712 2258 2810 2314 per
2835 2246 3080 2300 actiones
3108 2259 3230 2314 quae
3260 2245 3346 2299 in-

1773 2325 1981 2381 harent
2010 2328 2064 2382 in
2090 2330 2296 2397 animo,
2337 2331 2498 2390 docet
2521 2335 2794 2391 hominem
2826 2335 2956 2405 quid
2992 2335 3064 2391 sit
3088 2335 3350 2391 Christiao

1772 2430 1895 2470 nus.
1917 2415 2142 2485 Idcirco,
2172 2420 2582 2492 inquitPaulus,
2609 2422 2772 2480 Fides
2806 2441 2872 2481 ea:
2903 2421 3094 2480 auditu
3119 2426 3206 2491 ιτς
3240 2437 3299 2483 et
3330 2445 3344 2481 :

1773 2502 1937 2560 Fides
1971 2517 2047 2561 est
2082 2524 2261 2564 rerum
2295 2514 2678 2580 sperandarnm
2717 2515 3034 2580 inhiantia,
3065 2522 3351 2585 argumen—

1775 2605 1886 2651 tum
1930 2612 2112 2653 eorum
2149 2617 2271 2671 quia
2322 2618 2427 2659 non
2463 2606 2705 2659 videntur
2731 2602 2801 2661 “.
2850 2607 3191 2677 Quapropter
3233 2604 3349 2677 jam

1774 2686 2061 2746 didicimus
2100 2694 2243 2761 quod
2273 2695 2347 2750 sit
2374 2695 2634 2752 indicium
2664 2697 2997 2762 Christiani,
3041 2698 3185 2768 quod
3214 2700 3343 2769 qui-

1774 2778 1897 2832 dem
1954 2782 2101 2835 nnlla
2152 2799 2240 2840 res
2291 2786 2397 2841 alia
2451 2790 2784 2859 comparavit
2828 2790 2881 2845 in
2934 2799 3110 2855 terra;
3162 2800 3349 2845 verum

1774 2868 1916 2923 beati
1945 2873 2036 2941 qui
2064 2875 2167 2929 hoc
2196 2888 2555 2947 perceperunt
2583 2888 2638 2933 et
2670 2884 2952 2935 continent
2990 2890 3047 2935 et
3074 2890 3196 2936 cum
3228 2880 3349 2950 ipse

1775 2971 1843 3013 ex
1874 2958 1975 3015 hac
2008 2961 2121 3018 vita
2145 2966 2453 3023 excedunt:
2483 2980 2675 3025 eorum
2693 2971 2841 3026 enim
2860 2979 2947 3027 est
2979 2968 3202 3041 regnum
3231 2981 3349 3026 em-

86 3067 396 3135 ὑπάγοντες
416 3083 428 3096 ·
444 3063 623 3118 αὐτῶν
644 3062 755 3134 γάρ
776 3062 923 3114 ἐστιν
939 3062 972 3130 ἠ
1006 3055 1251 3130 βασιλεία
1271 3055 1379 3109 τῶν
1404 3050 1668 3125 οὐρανῶν.
1699 3071 1744 3128 C
1776 3048 1972 3107 lorum.

413 3331 595 3413 Apud
625 3332 686 3393 S.
721 3332 1030 3394 Joannem
1056 3328 1532 3398 Damascenum,
1563 3322 1780 3385 lib.III
1803 3323 1892 3382 De
1919 3323 2217 3403 Imagm.,
2251 3342 2404 3407 opp.
2440 3266 2595 3391 tom.
2621 3331 2678 3403 l,
2709 3346 2855 3411 pag,
2888 3330 3025 3394 385,.

75 3496 515 3553 ιεΡΩΝΥΜοΥ
561 3480 1081 3548 ΠΡΕΣΒΥΤΕΡΟΥ
1136 3470 1444 3541 ιἘΡοΣοΑ
1459 3482 1677 3537 mani.

166 3652 520 3725 Ἐρώτησις.
557 3651 670 3722 Τῆς
700 3634 924 3721 Γραφῆς
965 3644 1121 3717 ὑμῶν
1152 3641 1402 3714 μηδαμοῦ
1453 3641 1675 3701 ἐπιτρε-

84 3745 305 3819 πούσης
354 3744 480 3813 ὑμῖν
525 3740 853 3814 προσκυνεῖν
894 3736 986 3789 τὸν
1018 3733 1270 3804 σταυρὸν,
1320 3730 1464 3792 τίνος
1513 3730 1674 3801 χάριν

84 3836 283 3890 λοιπὸν
313 3833 475 3890 αὐτὸν
512 3831 907 3904 προσκυνεῖτες
957 3825 1163 3880 Εἴπατε
1209 3825 1343 3894 ἡμῖν
1382 3823 1496 3884 τοῖς
1544 3822 1675 3873 ’1ου-

84 3928 265 3992 δαίοις
301 3926 396 3979 καὶ
422 3923 681 3994 Ἕλλησι,
712 3921 806 3975 καὶ
835 3920 970 3973 πᾶσι
1008 3918 1121 3980 τοῖς
1156 3913 1504 3986 ἐπερωτῶσιν
1534 3912 1677 3983 ὑμᾶς

83 4017 297 4072 ἔθνεσι.

166 4108 543 4176 Ἀπόκρισις.
590 4102 689 4165 Διά
731 4102 911 4177 τοῦτο,
942 4094 988 4155 ὦ
1033 4098 1248 4171 ἀνόητοι
1296 4097 1391 4151 καὶ⁵
1439 4094 1677 4157 ἀναιδεῖς

82 4204 149 4273 τῇ
176 4199 412 4272 καρδία,
436 4197 578 4268 τάχα
600 4193 977 4266 συνεχώρησεν
1002 4194 1031 4245 6
1056 4190 1189 4253 Θεὸς
1208 4188 1320 4261 (14)
1344 4187 1507 4241 παντὶ
1532 4186 1676 4240 ἔθνει

83 4290 380 4364 σεϐομένῳ
421 4290 511 4343 τὸν
539 4289 692 4355 Θεὸν,
733 4276 952 4350 πάντως
990 4284 1311 4357 προσκυνεῖν
1349 4298 1403 4334 τι
1447 4280 1541 4332 ἐπὶ
1577 4278 1676 4349 τῆς

80 4386 211 4456 γῆς,
246 4384 414 4458 ἔργον
444 4380 730 4452 ἀνθρώπου
761 4378 1026 4450 ὑπάρχον,
1058 4376 1146 4429 ἵνα
1183 4372 1380 4446 μηκέτι
1410 4370 1673 4424 δύνωνται

79 4474 352 4542 ἐγκαλεῖν
403 4473 515 4535 τοῖς
552 4469 901 4543 Χριστιανσῖς
945 4466 1077 4537 περὶ⁵
1117 4464 1208 4518 τοῦ
1265 4459 1498 4533 σταυροῦ
1522 4502 1537 4528 ,
1581 4460 1676 4514 καὶ

76 4566 182 4636 τῆς
207 4565 329 4619 τῶν
361 4563 584 4617 εἰκόνων
618 4561 1060 4634 προσκυνήσεως.
1093 4556 1304 4627 Ὠσπερ
1334 4550 1429 4608 οὖν
1473 4557 1503 4608 6
1547 4554 1678 4607 ’1ου-

76 4656 235 4719 δαῖος
278 4651 607 4724 προσεκύνει
635 4651 734 4722 τὴν
761 4647 992 4703 κιϐωτὸν
1020 4647 1119 4718 τῆς
1147 4645 1432 4718 διαθήκης,
1468 4644 1563 4698 καὶ
1607 4643 1676 4696 τά

1781 3478 2217 3537 ΗΙΕΠΟΝΥΜΙ
2254 3484 2717 3613 Ριιεδθέὖὲιη
2783 3476 3351 3554 amnesamne-

1848 3642 2028 3698 Judazi
2060 3644 2423 3717 interrogatio.
2457 3645 2902 3722 Quandoquidem
2941 3653 3222 3725 Scriptura
3255 3674 3351 3714 ve-

1778 3744 1889 3789 stra
1926 3750 2141 3791 crucem
2183 3738 2414 3793 adorare
2445 3752 2711 3810 nusquam
2744 3741 2898 3798 vobis
2936 3746 3221 3815 permittit,
3254 3752 3355 3805 cur

1781 3825 1945 3893 igitur
1974 3826 2145 3895 ipsam
2168 3842 2265 3883 vos
2290 3827 2575 3884 adoratis?
2600 3830 2945 3900 Respondete
2968 3834 3126 3893 nobis
3149 3836 3353 3895 ludatis

1779 3925 1835 3971 et
1880 3917 2122 3985 Grrecis,
2171 3921 2494 3992 ueterisque
2543 3922 2797 3981 omnibus
2838 3926 2930 3996 qui
2977 3927 3081 3984 hoc
3125 3943 3155 3984 a
3202 3931 3354 3987 vobis

1776 4023 2089 4077 qumrunns.

1848 4099 2142 4156 Christiani
2181 4107 2468 4174 responsio.
2499 4106 2727 4174 Idcirco,
2778 4126 2810 4165 υ
2863 4111 3011 4166 stulti
3069 4121 3125 4167 et
3169 4115 3353 4168 vesani

1777 4193 1962 4257 corde,
1989 4188 2215 4249 forsitan
2241 4198 2486 4267 permisit
2516 4190 2658 4255 Deus
2679 4200 2826 4256 omni
2859 4204 3004 4271 genti
3033 4201 3233 4257 colenti
3267 4217 3347 4266 se,

1776 4292 1836 4336 ut
1867 4283 2070 4353 aliquid
2101 4285 2163 4365 in
2202 4288 2361 4344 terris
2406 4288 2629 4345 omnino
2667 4300 3043 4358 veneraretur,
3074 4291 3219 4361 quod
3247 4292 3352 4348 ho-

1777 4376 1940 4431 minis
1983 4389 2099 4431 arte
2138 4375 2336 4461 factum
2370 4392 2551 4447 esset,
2593 4397 2662 4438 ne
2692 4382 2744 4437 in
2794 4384 3000 4440 crinien
3027 4383 3355 4441 Christianis

1776 4476 2081 4522 verteretur
2132 4468 2279 4539 Quod
2331 4485 2548 4527 crucem
2594 4483 2651 4529 et
2712 4473 2979 4545 imagines
3031 4476 3343 4530 adorarent.

1779 4551 2241 4624 Quemadmodum
2267 4556 2429 4633 igitur
2451 4552 2671 4621 Judaeus
2694 4579 2880 4621 arcam
2904 4563 3127 4620 foederis
3154 4563 3349 4619 adora-

1781 4648 1887 4718 vit,
1915 4658 1971 4704 et
2001 4651 2107 4706 duo
2137 4652 2419 4708 cherubim
2448 4670 2611 4711 aurea
2644 4667 2700 4712 et
2743 4654 3037 4713 conﬂatilia
3058 4695 3076 4723 ,
3111 4658 3357 4727 duasque

76 4747 179 4801 δύο
231 4746 511 4819 χερουϐὶμ
538 4744 608 4799 τά
652 4743 896 4815 χωνευτὰ
929 4741 1023 4794 καὶ
1065 4741 1261 4812 χρυσᾶ,
1304 4738 1399 4792 καὶ
1443 4737 1541 4801 τὰς
1586 4736 1672 4789 δύο

1784 4740 1990 4795 tabulas
2030 4757 2167 4813 quas
2216 4740 2496 4800 dolaverat
2535 4740 2765 4818 Moyses,
2812 4762 2934 4802 cum
2983 4754 3162 4801 tamen
3214 4740 3355 4801 Deus

79 4840 337 4903 πλάκας,
370 4837 439 4901 ἃς
464 4836 719 4900 ὲλάξευσε
764 4834 1040 4905 Μωῦσῆς,
1073 4830 1321 4904 μηδαμοῦ
1353 4829 1677 4901 ἐπιτραπεὶς

81 4929 195 4983 ὑπὸ
223 4928 331 4982 τοῦ
358 4926 497 4980 Θεοῦ
516 4924 688 4979 ταῦτα
713 4925 1036 4996 προσκυνεῖν
1062 4923 1097 4993 ἢ
1127 4919 1469 4987 ἀσπάζεσθαι
1488 4936 1505 4954 ο
1532 4918 1676 4972 οὕτω

73 5023 177 5075 καὶ
203 5022 262 5075 oi
300 5018 617 5091 Χριστιανοὶ
639 5017 738 5087 οὐχ
765 5016 841 5080 ὡς
869 5014 1003 5069 Θεὸν
1040 5014 1131 5067 τὸν
1170 5012 1400 5083 σταυρὸν
1430 5009 1675 5074 ἀσπαζόο

78 5111 260 5183 μεθα,
295 5110 437 5164 ἀλλὰ
471 5107 780 5172 δεικνύντες
801 5106 898 5178 τὴν
928 5106 1029 5177 τῆς
1050 5104 1228 5177 ψυχῆς
1258 5102 1414 5174 ἡμῶν
1440 5102 1672 5173 γντησίαν

74 5207 225 5275 πρὸς
248 5203 354 5257 τὸν
384 5200 763 5272 σταυρωθέντα
788 5199 1044 5255 διάθεσιν.

1786 4827 1972 4885 nullibi
2017 4830 2352 4889 concesserit
2394 4845 2455 4890 ut
2503 4850 2567 4891 ea
2601 4837 2854 4893 adoraret
2884 4847 2940 4893 et
2985 4837 3233 4900 celeret:
3278 4837 3352 4893 ita

1785 4932 1883 4973 nos
1914 4934 2130 4991 quoque
2162 4922 2482 4991 Christiani,
2518 4936 2623 4982 nOn
2652 4935 2907 4996 tanquam
2939 4918 3106 4983 Deum
3135 4942 3355 4984 crucem

1782 5009 2012 5066 colimus
2042 5053 2057 5078 ,
2095 5015 2191 5070 sed
2223 5023 2283 5069 ut
2324 5016 2599 5072 sincerum
2651 5019 2816 5073 animi
2866 5018 3039 5074 nostri
3075 5032 3203 5088 erga
3231 5028 3357 5075 eum

1782 5101 1872 5169 qui
1902 5104 2193 5161 cruciﬁxus
2213 5116 2320 5174 est,
2351 5106 2602 5164 allectum
2630 5110 3082 5166 demonstremus.

148 5339 202 5372 "
243 5339 265 5394 1
313 5337 442 5407 Cor.
480 5352 564 5390 tu.
595 5333 684 5390 16.
760 5334 803 5366 ’⁷
844 5331 1002 5388 Rom.
1035 5346 1089 5396 ι,
1121 5329 1212 5392 17;
1247 5326 1420 5382 Gaiat.
1454 5340 1539 5392 tu,
1575 5323 1631 5381 2.

1788 5322 1918 5379 Heb.
1948 5338 2023 5383 x1,
2051 5329 2102 5380 i.

325 5448 426 5519 M3.
460 5443 913 5519 Χριστιανισμοῦ.

357 5510 557 5587 Eadem
597 5510 927 5587 Leqnienius
964 5512 1194 5587 reperit_
1220 5510 1297 5587 ‘in
1333 5510 1529 5587 __cpd._
1564 5512 1676 5587 reg.

152 5450 287 5593 te

1780 5463 1929 5558 μησεν
1948 5442 2211 5531 δίωῡσῆᾅς,
2233 5441 2329 5494 καὶ
2353 5438 2423 5494 τά
2460 5438 2553 5493 δύο
2573 5435 2838 5558 χεέιῖυϐὶμ
2865 5434 2932 5490 τὰ
2953 5435 3153 5558 χρυσᾶο
3176 5432 3352 5498 οὕτως

1780 5534 1842 5558 γη
1904 5532 2036 5558 τηιιν
2078 5531 2189 5558 τοις
2222 5512 2564 5558 Χοιστιανοῖε
2609 5525 2635 5558 ε
2717 5522 2917 5558 onerato
2960 5521 2991 5558 τ
3023 5523 3052 5557 ν
3095 5503 3349 5558 σταυρὸν.

1904 5516 2047 5596 ἡμῖν.
2078 5503 2207 5596 τοῖς
2222 5503 2917 5596 Χριστιανοῖςξδωρήσατρ
2954 5503 3052 5558 τὸν
3095 5503 3349 5596 σταυρὸν,

73 5575 478 5666 chrisiianiss.
500 5586 665 5666 2951,
686 5575 947 5666 expressa
974 5575 1265 5666 his_verhjs
1289 5581 1442 5666 :“Kat
1470 5580 1581 5650 γὰρ
1604 5575 1672 5645 ὥς

1780 5588 1870 5640 καὶ
1889 5575 1999 5666 τῶν
2023 5575 2247 5666 axungia
2264 5575 2450 5666 Ep.me
2459 5581 2558 5643 τὰς
2577 5575 2793 5666 simiai,-
2805 5576 3037 5648 γράφειν
3063 5575 3159 5631 καὶ
3183 5588 3353 5650 προσ·

77 5646 491 5732 ἆνεχώρῃσεν
531 5661 560 5732 ᾇ
611 5646 743 5720 Θεὸς
766 5646 1261 5732 ’προσκυνεῖν-παν
1301 5649 1455 5732 ἔθνος
1485 5646 1679 5732 ’χέιρο-
1777 5657 1958 5710 κυνεῖν
2017 5646 2112 5709 κάι
2139 5646 2396 5719 δεῖξαὶ⁶τὸ
2425 5650 2586 5720 ἔργον
2611 5646 2790 5719 ἡμῶν.

73 5720 333 5810 ποίηίὲαξ
367 5720 653 5791 Ἶουδαίους
689 5720 845 5791 τινὰς
873 5724 1087 5786 πλάκας
1117 5721 1359 5788 ὲκείνας,
1395 5720 1460 5787 ἃς
1490 5720 1672 5774 e136-

3387 4598 3469 4859 \a

3458 4862 3469 4975 Ξ
