3890 6274
1568 216 1845 274 PATltES
1884 202 2190 272 marem
2231 216 2506 273 sxcuu
2549 216 2633 272 Iv.

3647 219 3744 275 863

1879 460 3044 473 —————_————_—-

489 460 2457 492 πμ

862 459 1510 818 Mrs
1604 583 2345 814 lillYP’l‘ll
2441 460 3375 813 ME

1756 1131 1927 1176 ANNO
1985 1131 2208 1176 DOMINI
2244 1131 2478 1176 CCCXLV

1015 1444 1708 1622 SANCT
1734 1441 1990 1619 US
2109 1439 3221 1624 OBSIESIUS

1625 1761 1632 1766 Ι
1726 1690 1962 1760 ΑΒΒΑΞ
2002 1687 2506 1748 TABENNENSIS.
2547 1695 2556 1705 '

1809 1918 2412 2029 NOTITIA

1145 2074 1480 2174 (Cannam,
1524 2099 1770 2155 Veterum
1802 2097 2028 2153 Patrum
2059 2097 2335 2167 Biblioth.,
2375 2112 2414 2156 t.
2453 2099 2518 2167 V,
2557 2100 2795 2172 Proleg.,
2833 2117 2888 2172 p.
2917 2102 3056 2173 VIII.)

558 2371 599 2428 1.
629 2367 924 2431 Orsiesius,
954 2364 1406 2437 quemadmodum
1441 2364 1508 2417 ab
1541 2363 1874 2435 Hieronymo
1906 2381 2065 2420 voca-
2093 2372 2140 2427 Α
2172 2366 2533 2422 sanctimonia
2580 2380 2902 2436 morumque
2934 2366 3204 2422 suavitate
3246 2373 3595 2436 praestantem
3623 2405 3640 2432 ,
3667 2383 3759 2424 eo-

489 2472 580 2516 tur
607 2469 661 2516 et
693 2460 746 2514 in
786 2458 975 2514 Codice
1004 2454 1322 2524 Regularum
1357 2453 1708 2508 Holsteniano
1739 2456 1838 2527 (a),
1881 2455 2070 2512 Graece

498 2551 792 2624 Ὠρσισιος,
824 2557 983 2617 gente
1015 2546 1180 2599 fuisse
1209 2541 1423 2598 ridetur
1466 2543 1771 2614 Egyptius.
1810 2545 2072 2599 Monasti-

490 2659 608 2699 cam
655 2643 818 2696 vitam
863 2638 1146 2707 amplexus
1175 2637 1273 2690 sub
1307 2635 1586 2705 disciplina
1635 2636 1809 2690 sancti
1849 2636 2074 2692 Pacho—

489 2733 584 2788 mii
612 2728 1052 2786 Tahennensium
1089 2726 1481 2780 monachorum
1515 2725 1866 2790 iustitutoris,
1906 2742 2075 2796 usque

491 2823 628 2878 adeo
661 2819 958 2890 profecisse
993 2816 1330 2887 perhibetur,
1363 2825 1422 2867 ut
1457 2816 1525 2868 ab
1555 2831 1642 2877 eo,
1673 2815 1888 2883 juvenis
1925 2818 2071 2881 licet,

489 2913 722 2968 cmnobii
743 2909 1249 2971 Chenobosciensis,
1271 2907 1708 2978 ὲνΙΧηνοϐοσκίᾳ,
1726 2919 1902 2961 rector
1918 2908 2079 2963 fuerit

495 3007 844 3074 designatus,
895 3013 1031 3058 teste
1093 3015 1363 3070 anonymo
1412 3001 1537 3052 vitae
1585 3000 1758 3053 sancti
1803 2999 2076 3054 Pachumii

490 3096 756 3163 scriptore
777 3106 959 3148 corevo
977 3093 1069 3162 (b).
1095 3089 1233 3156 Quin
1251 3099 1304 3142 et
1325 3103 1453 3142 suos
1474 3090 1767 3142 monachos
1787 3090 2080 3158 aliquando

494 3159 762 3240 allocutus
791 3159 1015 3237 sanctus
1053 3180 1141 3234 ille
1177 3179 1360 3233 Abbas
1395 3177 1487 3247 (c),
1523 3177 1651 3232 Dico
1680 3181 1844 3244 vobis,
1879 3181 2073 3249 inquit,

497 3278 758 3332 Ursisium
803 3276 856 3328 in
896 3278 1050 3327 domo
1104 3271 1315 3326 Domini
1363 3269 1623 3338 lampadis
1681 3272 1852 3324 instar
1906 3289 2082 3326 curere

495 3371 820 3440 splendorem
847 3365 1141 3434 di/fundere
1157 3379 1177 3428 ;
1203 3373 1356 3433 atque
1383 3363 1438 3414 in
1469 3361 1578 3431 ipso
1611 3362 1746 3414 illud
1771 3363 2083 3431 adimplebi-

496 3471 583 3515 tur
610 3459 750 3530 quod
776 3458 1028 3525 scriptum
1055 3465 1128 3508 est
1158 3471 1176 3508 :
1211 3473 1229 3504 ε
1267 3453 1532 3522 Despondi
1566 3470 1652 3507 uos
1681 3455 1773 3506 uni
1796 3455 1906 3507 viro
1933 3455 2084 3524 virgi-

495 3569 612 3606 nem
640 3560 839 3604 castam
880 3547 1120 3601 exhibere
1165 3544 1376 3600 Christo
1404 3547 1444 3600 ⁸.
1485 3563 1504 3598 ι
1532 3545 1691 3613 Λέγω
1726 3546 1877 3615 ὑμῖν,
1908 3543 2083 3609 οὕτως

499 3640 826 3711 προκόπτων
878 3637 1184 3708 Ὠρσίσιος,
1219 3635 1410 3706 λυχνία
1446 3636 1592 3688 ἐστὶν
1633 3635 1808 3706 χρυσῆ
1846 3637 1904 3688 ὲν
1948 3635 2082 3705 οἴκῳ

2173 2473 2277 2526 que
2312 2457 2652 2527 postmodum
2704 2457 2756 2510 in
2807 2458 2889 2511 sui
2951 2456 3120 2526 ipsius
3172 2457 3346 2510 locum
3389 2456 3658 2524 suﬂ'ecto,
3691 2459 3755 2511 ad

2175 2549 2566 2603 monasterium
2601 2547 3078 2603 Chenoboscieuse
3102 2562 3161 2602 se
3189 2548 3530 2616 contulit(]).
3563 2548 3754 2604 Verum

2174 2625 2318 2692 circa
2350 2655 2550 2693 annum
2589 2637 2695 2693 368
2734 2638 2799 2692 ad
2844 2638 3040 2693 caelum
3076 2648 3299 2693 evocata
3345 2649 3537 2694 sancto
3571 2639 3756 2694 Theo-

2176 2729 2309 2782 doro
2345 2730 2564 2793 abbate,
2615 2728 2891 2784 Orsiesius
2923 2729 3101 2799 magni
3142 2729 3424 2783 Athanasii
3463 2741 3657 2798 rogatu
3689 2729 3760 2801 (ς)

2176 2818 2620 2875 Tahennensinm
2653 2821 3044 2874 monachorum
3071 2835 3258 2874 curam
3277 2822 3454 2874 denuo
3475 2823 3753 2890 suscepit:

2178 2927 2285 2979 quo
2317 2911 2534 2980 quidem
2580 2927 2808 2966 munere
2841 2912 2982 2965 haud
3017 2911 3230 2966 modico
3271 2912 3532 2980 temporis
3561 2917 3760 2980 spatio,

2177 3004 2371 3074 χρόνον
2401 3002 2588 3066 πολύν,
2624 3004 2728 3058 rite
2763 3001 3077 3072 perfunctus
3115 3004 3217 3072 (lt),
3243 3003 3434 3072 plenus
3459 3005 3675 3059 dierum
3700 3007 3764 3060 ad

2179 3109 2405 3163 superos
2437 3095 2680 3149 evolasse
2711 3109 2856 3148 anno
2883 3094 3104 3149 circiter
3130 3093 3236 3148 580
3263 3096 3632 3150 existimatur.

2252 3186 2319 3240 ll.
2352 3186 2479 3240 Erat
2528 3186 2800 3240 Orsiesius
2842 3185 3012 3240 abbas
3048 3202 3152 3240 non
3185 3186 3360 3240 solum
3395 3188 3636 3257 pietate.
3673 3188 3764 3243 sed

2182 3285 2236 3330 et
2262 3276 2480 3344 eloquio
2520 3285 2803 3344 praestans,
2841 3292 3120 3332 sacrarum
3153 3277 3204 3330 in
3239 3278 3426 3346 primis
3451 3277 3766 3346 Scriptura-

2185 3381 2302 3417 rnm
2337 3365 2674 3418 meditationi
2716 3381 2780 3420 ac
2807 3367 2985 3420 studio
3028 3367 3276 3436 impense
3308 3367 3593 3434 addictus;
3627 3369 3768 3435 cius-

2181 3471 2279 3522 que
2303 3470 2598 3506 sermonum
2624 3456 2698 3508 vis
2729 3473 2790 3509 ac
2823 3458 2981 3509 robur
3010 3456 3062 3509 in
3090 3459 3318 3529 [rutrum
3353 3459 3766 3513 consolationem

2182 3554 2429 3614 perpetuo
2461 3547 2736 3601 videbatur
2762 3565 3095 3625 accrescere;
3123 3565 3285 3619 neque
3311 3552 3482 3603 nudas
3530 3554 3685 3603 modo
3716 3552 3766 3603 in

2183 3638 2542 3706 spiritualibus
2573 3640 2847 3709 colloquiis
2899 3641 3204 3708 parabolas,
3256 3642 3345 3694 sed
3392 3658 3578 3695 earum
3610 3643 3766 3695 etiam

495 3730 736 3802 Κυρίουο
786 3727 880 3780 καὶ
928 3727 990 3779 τὸ
1030 3728 1412 3798 γεγραμμένον
1463 3727 1833 3799 καταλήψεται
1869 3728 2067 3781 αὐτόν·

2190 3727 2558 3792 expasitionem
2621 3727 2941 3795 proferebat,
2987 3729 3162 3798 inquit
3219 3729 3470 3784 laudatus
3534 3733 3770 3798 scriptor

506 3819 894 3888 Ἠρμοσάμην
921 3817 1077 3888 ὑμᾶς
1104 3818 1194 3871 ἐνὶ
1216 3817 1389 3885 ἀνδρὶ
1414 3817 1713 3886 παρθένον
1743 3818 1940 3888 ἁγνὴν
1961 3834 2074 3872 πα-

490 3911 802 3982 ραστῆσαι
851 3909 930 3976 τῷ
983 3907 1237 3979 Χριστῷ.
1296 3909 1481 3979 Neque
1533 3910 1692 3965 aliter
1741 3911 1809 3965 de
1865 3911 2076 3967 Orsisio

497 4005 842 4060 existimasse
867 4003 1198 4073 comperitur
1225 4011 1448 4056 sanctus
1473 4003 1738 4059 Antonius
1765 4003 1955 4067 abbas,
1981 4004 2074 4070 qui

495 4113 617 4152 eum
648 4096 972 4160 Israelitam,
1002 4096 1052 4150 id
1075 4105 1182 4160 est,
1220 4095 1382 4149 Deum
1405 4097 1682 4160 videntem,
1713 4094 1936 4164 ejusque
1959 4113 2074 4150 mo-

497 4191 705 4245 nachos
735 4189 998 4244 Israelita:
1042 4188 1179 4243 lilios
1213 4188 1483 4257 appellare
1515 4197 1871 4243 consueverat
1903 4188 2003 4256 (ά).

568 4280 780 4335 Eximio
815 4281 998 4350 itaque
1031 4280 1230 4332 virtute
1262 4278 1518 4346 praeditus
1564 4278 1759 4332 beatus
1799 4276 2075 4331 Orsiesius

498 4378 621 4440 post
651 4370 858 4424 obitum
885 4368 1056 4424 sancti
1088 4363 1366 4422 Pachomii
1391 4381 1534 4420 anno
1561 4365 1685 4429 549.
1712 4365 1960 4435 quamvis
1993 4380 2076 4417 re-

499 4462 711 4518 luctans
743 4477 842 4518 nec
887 4461 1003 4516 sine
1039 4458 1208 4514 multo
1239 4458 1438 4528 gemitu
1460 4497 1476 4523 ,
1527 4456 1916 4511 monachorum
1973 4452 2080 4506 Ta-

501 4554 858 4608 bennensium
907 4551 1154 4621 regimini
1192 4548 1486 4617 praeﬁcitur
1526 4547 1618 4618 (e).
1653 4548 1946 4601 Crescente
1997 4544 2080 4598 iu-

499 4649 659 4700 tcrim
689 4643 1083 4700 coeuobitarum
1109 4641 1470 4705 multitudine,
1499 4647 1650 4694 tanto
1673 4637 1827 4694 oneri
1858 4636 2079 4692 ferendo

2185 3832 2396 3870 coaevus
2433 3817 2518 3887 (i).
2549 3818 2802 3873 Concinit
2836 3817 3181 3882 Gennadius,
3213 3821 3304 3889 qui
3343 3821 3456 3875 llmc
3491 3821 3560 3875 de
3591 3837 3658 3876 eo
3685 3821 3770 3874 lit-

2189 3909 2320 3960 teris
2351 3909 2668 3977 consignata
2697 3909 2915 3976 reliquit
2943 3909 3008 3977 (j)
3037 3927 3048 3960 :
3080 3907 3372 3972 Orsiesius,
3399 3910 3476 3962 vir
3496 3911 3548 3962 in
3575 3913 3768 3963 sanctis

2185 3996 2472 4066 Srripturis
2503 4000 2570 4051 ad
2597 3999 2882 4067 perfectum
2913 4001 3222 4062 instructus,
3251 4001 3545 4064 composuit
3575 4000 3769 4052 librum

2185 4089 2359 4141 divino
2390 4091 2659 4142 conditum
2691 4091 2820 4153 sale,
2847 4090 3109 4159 totiusque
3137 4091 3444 4144 monasticae
3472 4092 3772 4159 disciplima

2183 4181 2543 4234 instrumentis
2574 4193 2965 4243 constructum;
2995 4193 3040 4233 et
3064 4189 3120 4233 ut
3149 4181 3460 4247 simpliciter
3489 4183 3692 4247 dicam,
3721 4187 3770 4236 in

2181 4287 2282 4341 quo
2316 4283 2477 4324 totum
2513 4290 2640 4341 pene
2676 4273 2827 4326 Vetus
2864 4282 2911 4326 et
2947 4271 3157 4326 Novum
3191 4271 3585 4328 Testamentum
3619 4292 3765 4328 cout-

2183 4365 2446 4431 pendiosis
2469 4364 2948 4430 dissertationibus,
2982 4365 3146 4434 juxta
3197 4365 3580 4418 monachorum
3630 4366 3762 4419 dtus-

2185 4465 2329 4508 taxat
2357 4457 2736 4520 necessitatem,
2775 4457 3038 4510 invenitur
3058 4459 3381 4526 expositum;
3417 4473 3568 4526 quem
3598 4470 3768 4510 tamen

2185 4547 2290 4598 uice
2314 4549 2610 4600 testamenti
2633 4563 2793 4617 prope
2816 4549 2952 4601 diem
2978 4551 3150 4600 obitus
3176 4551 3260 4601 sui
3283 4548 3526 4616 patribus
3557 4548 3768 4600 obtulit.

2257 4635 2479 4692 Miratur
2503 4637 2794 4710 Basnagius
2817 4639 2911 4709 (lt).
2937 4650 2991 4693 et
3009 4640 3133 4707 jure
3154 4641 3394 4710 quidem,
3421 4639 3770 4694 existimasse

506 4751 627 4791 sese
685 4735 950 4802 imparem
1007 4740 1303 4801 reputans,
1356 4728 1618 4798 collegam
1686 4727 1790 4784 sibi
1854 4727 2154 4788 adscivitC
2188 4726 2424 4783 Caveum
2457 4729 2517 4798 (Ι)
2567 4732 2788 4785 Orsiesii
2823 4731 3015 4786 librum
3047 4734 3200 4802 cujus
3243 4733 3489 4786 meminit
3541 4729 3766 4786 Genna-

498 4824 842 4879 Theodorum
889 4823 1234 4887 monachum,
1266 4819 1533 4888 iuniorem
1563 4819 1806 4889 quidem,
1839 4819 1932 4875 sed
1958 4819 2080 4873 vita:

563 4960 580 4990 ⁸
618 4959 660 5014 ιι
691 4959 818 5015 Cur.
865 4975 943 5025 xl,
973 4960 1028 5014 2.

569 5101 644 5170 (η)
682 5099 926 5173 Holsten.
953 5100 1084 5173 Cod.
1117 5101 1271 5173 Reg.,
1307 5117 1431 5172 pag.
1464 5101 1565 5156 H9
1587 5115 1728 5170 seq.,
1759 5097 1886 5154 edit.
1924 5095 2078 5150 Rom.

499 5174 656 5234 1661,
689 5182 743 5225 et
773 5171 937 5243 infra.
969 5171 996 5243 §
1029 5175 1082 5227 5.

497 5312 540 5369 G
565 5243 821 5382 (b)§A7pt;ld
851 5233 1112 5298 Boll‘tinda
1136 5241 1251 5295 Act.
1284 5239 1388 5297 SS.
1413 5240 1536 5298 Maii
1565 5250 1696 5298 tom.
1725 5238 1808 5307 ΙΙΙ,
1839 5252 1959 5308 pag.
1988 5233 2082 5304 45,

552 5329 618 5372 r..
775 5350 791 5366 .
1261 5325 1270 5330 ·

552 5329 618 5372 r..
650 5329 678 5372 ᾗ
714 5329 791 5366 l0.

571 5383 642 5447 (ι’)
676 5384 806 5436 una.

569 5454 646 5524 (Δ)
677 5453 838 5524 μυίᾳ..
877 5451 901 5524 §
929 5453 1014 5505 77.

569 5523 638 5592 (ei)
675 5520 832 5592 lbid.,
861 5520 982 5590 ιςειε.
1013 5522 1104 5582 44.
1140 5521 1280 5592 §7_5_.

570 5589 660 5662 (Ι)
697 5591 852 5656 ιῡίιιι.
885 5589 1004 5661 βόε.
1029 5593 1120 5660 t7,
1146 5589 1176 5661 ξ
1207 5589 1296 5644 ss.

2187 4819 2333 4886 dius,
2361 4823 2470 4890 jam
2507 4823 2594 4876 diu
2628 4823 2933 4887 interiisse;
2969 4824 3406 4894 quandoquidem
3439 4838 3505 4877 ex
3538 4822 3610 4877 iis
3641 4824 3773 4877 cba-

2363 5098 2589 5179 athon-.3
2619 5106 2759 5179 tom.
2795 5098 2990 5179 l,_pag.
3031 5099 3176 5179 868.“

2255 5166 2330 5307 ἑῇ)
2365 5169 2515 5235 Apud
2539 5168 2807 5235 Bullntul.,
2842 5165 2883 5222 Ι,“
2912 5165 2966 5222 οῖ
2996 5185 3120 5238 pag.
3145 5167 3236 5235 50,
3269 5165 3296 5237 ᾗ
3322 5165 3411 5221 95.

2280 5239 2316 5305 i)
2353 5237 2509 5307 ibid”
2545 5254 2666 5307 pag.
2699 5239 2791 5301 45,
2820 5238 2848 5307 §
2878 5240 2967 5294 78.

2280 5239 2316 5320 ἐξ
2352 5237 2509 5320 ψει-ν
2545 5238 2848 5320 μιᾳ-,ιείά
2878 5240 2986 5320 7.8-.

2255 5306 2318 5376 (ἀ)
2349 5306 2594 5361 Gennad.
2628 5309 2719 5361 lih.
2765 5306 2843 5361 De
2868 5309 3192 5371 uir.illustr.,
3224 5321 3343 5375 cap.
3384 5321 3456 5376 lx.

2251 5371 2332 5500 {Ili}
2366 5377 2594 5445 Basnag.
2628 5379 2711 5431 Ad
2755 5377 2904 5432 Thes.
2947 5378 3155 5443 Canis.,
3214 5371 3345 5433 tom.
3385 5375 3427 5440 I,
3468 5389 3596 5446 pag.
3649 5371 3773 5440 168,

2260 5489 2320 5588 ξι)
2351 5517 2478 5573 Cav.
2518 5516 2658 5571 Hist.
2696 5519 2824 5584 litt.,
2857 5527 2988 5574 tom.
3023 5517 3058 5582 l,
3097 5532 3217 5587 pag.
3249 5514 3374 5570 209.
