3884 6268
198 331 310 390 869

1025 325 1086 385 S.
1120 323 1415 383 ORSIESII
1453 320 1803 381 DOCTRlNA
1843 320 1932 376 DE
1969 322 2317 383 INSTITUT.
2361 325 2665 385 MONACH.

3341 337 3450 396 870

200 443 506 501 racteribus
551 440 746 512 quibus
785 440 985 505 librum
1025 442 1289 511 ejusmodi
1337 441 1505 496 fuisse
1551 437 1770 509 insigni-
1800 443 1847 497 Α
1876 438 1965 492 ille
2013 442 2332 496 Alexandria
2365 445 2549 499 missos
2587 458 2903 515 susceperat,
2949 457 3010 502 ut
3060 449 3222 505 etiam
3273 453 3454 523 injun-

201 546 314 590 tum
359 533 522 589 tradit
575 532 859 604 presbyter
908 531 1299 596 Massiliensis,
1338 532 1485 586 illum
1525 531 1771 584 eumdem

197 641 322 681 esse
348 627 398 680 in
427 634 707 693 comperto
736 632 842 690 est,
873 624 965 692 qui
992 622 1214 677 Orsiesii
1245 622 1504 677 Doctrina
1536 623 1599 676 de
1620 623 1774 676 insti-

197 719 402 770 tutione
431 716 806 768 monachorum
835 716 1175 779 inscribitur;
1200 729 1360 784 quem
1390 716 1606 784 quidem
1641 730 1773 768 non-

193 809 374 878 gentis
398 817 450 861 et
475 807 703 876 amplius
726 808 930 862 abhinc
970 808 1128 862 annis
1153 805 1475 861 Benedictus
1499 805 1772 860 Anianen-

189 902 274 956 sis
302 899 470 954 abbas
500 899 650 967 operi
695 914 794 954 suo
829 898 903 953 De
941 897 1135 968 regulis
1183 899 1506 952 diversorum
1547 896 1773 949 Patrum

191 989 449 1053 intexuit,
476 989 672 1044 saeculo
694 990 911 1044 demum
943 988 1225 1058 superiore
1252 987 1353 1043 sub
1378 987 1533 1043 titulo
1563 987 1771 1042 Codicis

193 1080 517 1150 Regularum
540 1081 607 1135 ab
629 1079 908 1135 Holstenlo
931 1079 1179 1150 evulgato
1196 1079 1299 1150 (a).
1323 1079 1582 1149 Quisquis
1624 1079 1769 1133 enim

195 1175 562 1229 Orsiesianam
595 1174 900 1228 Doctrinam
943 1159 1088 1228 illam
1136 1172 1459 1242 inspexerit,
1482 1171 1773 1242 perspiciet

193 1266 475 1320 enimvero
515 1265 581 1318 ad
614 1278 730 1319 eam
760 1263 918 1334 pla-ne
952 1263 1178 1334 digitum
1215 1263 1511 1319 intendisse
1548 1262 1768 1318 Genna-

191 1360 369 1422 dium,
419 1374 542 1412 cum
595 1371 661 1411 eo
713 1356 767 1411 in
819 1372 981 1424 opere
1035 1371 1140 1411 non
1197 1355 1369 1410 solum
1412 1355 1767 1410 monasticam

188 1448 529 1518 disciplinam
560 1450 785 1502 edoceat
817 1448 1162 1504 beatissimus
1202 1447 1292 1503 ille
1338 1447 1532 1510 Pater,
1577 1463 1761 1502 verum

185 1539 382 1602 etiam,
412 1553 518 1605 quo
549 1536 847 1606 spiritualia
876 1537 1199 1591 documenta
1231 1535 1625 1592 caanobitarum
1656 1538 1769 1591 ani-

189 1629 296 1684 mis
335 1629 494 1683 altius
524 1628 745 1697 inligat,
777 1629 972 1683 librum
1009 1628 1181 1684 ferme
1221 1629 1489 1698 integrum
1524 1643 1594 1684 ex
1633 1628 1766 1683 locis

190 1733 316 1773 cum
357 1719 572 1774 Veteris
604 1728 713 1772 tum
755 1718 885 1774 Novi
927 1718 1257 1774 Testamenti
1301 1727 1578 1774 contexat.
1623 1719 1762 1785 Quid

1873 543 2010 600 geret
2057 533 2466 602 transferendos.
2493 536 2682 590 Aiebat
2729 539 2865 592 enim
2909 541 3047 611 quod
3093 542 3146 596 in
3170 543 3450 602 Thebaidis

1874 623 2198 678 caenobiis—
2217 628 2510 681 habitarent
2528 628 2746 695 plurimi
2773 629 3105 695 Latinorum.
3127 637 3215 704 qui
3245 637 3456 706 ignora-

1875 723 1990 767 rent
2015 714 2747 790 EgyptiacumGrtecumque
2783 738 3208 793 sermonem,quo
3240 725 3454 782 Pacho-

1875 806 1967 858 mii
2004 815 2051 858 et
2083 805 2342 860 Theodori
2378 816 2426 862 et
2455 810 2676 864 Orsiesii
2707 824 2965 882 praecepta
2993 818 3286 886 conscripta
3301 830 3447 876 sunt.

1874 891 2175 962 Paucisque
2193 895 2487 964 interjectis
2513 917 2527 954 :
2552 898 2762 970 Itaque,
2805 904 3005 969 subdit,
3027 906 3193 959 accito
3218 909 3450 978 notario,

1871 994 1933 1038 ut
1950 997 2098 1039 erant
2113 989 2179 1039 de
2189 987 2263 1040 Αἱ
2267 989 2506 1058 θυμιᾶσαι
2521 989 2572 1044 in
2589 991 2630 1046 ϐ
2639 1008 2828 1048 meum
2840 993 3073 1064 linguam
3088 983 3257 1062 uersa,
3271 1009 3451 1054 nostro

1875 1093 2114 1133 sermone
2156 1080 2370 1134 dictavi.
2417 1081 2802 1162 Praefationem
2861 1101 2992 1140 vero
3041 1102 3194 1143 suam
3247 1089 3452 1146 claudit

1871 1178 2095 1224 sanctus
2127 1169 2326 1226 Doctor
2365 1171 2451 1227 bis
2483 1173 2666 1228 verbis
2705 1191 2719 1228 :
2758 1174 3160 1246 Simplicitatem
3204 1179 3453 1252 Egyptii

1870 1259 2126 1313 sermonis
2157 1261 2351 1314 imitati
2372 1278 2579 1327 sumus,
2610 1280 2760 1318 —ne
2784 1266 2921 1320 uiros
2955 1268 3266 1334 apostolicos
3291 1280 3338 1324 et
3369 1280 3452 1324 to-

1871 1356 1950 1403 tos
1988 1351 2178 1419 gratia
2213 1353 2476 1421 spiritalis
2526 1371 2698 1408 sermo
2764 1357 3059 1410 rhetoricus
3115 1359 3447 1415 immutaret.

1869 1439 2072 1496 Cretera
2095 1451 2273 1497 autem
2299 1460 2416 1512 quae
2453 1445 2510 1498 in
2541 1461 2723 1499 eorum
2769 1448 3082 1501 tractatibus
3115 1450 3455 1504 continentur

1868 1532 2144 1601 prwlibare
2177 1533 2342 1597 nolui,
2383 1544 2438 1587 ut
2471 1535 2526 1588 in
2571 1537 2681 1590 suis
2720 1537 2996 1591 discantur
3030 1540 3368 1604 auctoribus;
3397 1549 3450 1595 et

1867 1625 1931 1676 de
1961 1623 2193 1692 fontibus
2219 1626 2391 1694 potius
2415 1642 2571 1696 quant
2589 1629 2652 1680 de
2672 1629 2853 1682 rivulis
2875 1629 3074 1694 bibant,
3093 1647 3223 1698 quos
3249 1641 3452 1688 sancta:

1869 1717 2286 1771 conversationis
2316 1717 2494 1771 studia
2523 1717 2810 1773 delectant.
2834 1719 2954 1774 Huc
2985 1735 3157 1790 usque
3180 1718 3452 1792 Hierony-

187 1810 334 1880 quod
359 1820 577 1864 sanctus
603 1809 826 1864 Aniana:
856 1810 1025 1864 abbas
1049 1808 1373 1864 Benedictus
1401 1779 1766 1864 eamdeniVOr-
1795 1779 1840 1835 Β
1877 1821 2020 1860 mus.

186 1899 338 1954 siesii
371 1899 678 1954 Doctriuam
715 1901 766 1954 in
798 1914 891 1954 sua
922 1898 1219 1954 Concordia
1254 1898 1577 1970 Regularum
1626 1900 1768 1956 haud

190 1989 560 2060 inlrequenter
594 1991 1026 2046 commemorat?

259 2081 454 2135 Exstat
500 2089 758 2147 praeterea
796 2080 974 2135 editus
1009 2095 1039 2134 a
1079 2079 1296 2134 Canisio
1337 2095 1401 2135 ex
1449 2091 1633 2136 vetere
1667 2081 1771 2136 La-

190 2173 306 2226 tina
338 2169 586 2226 versione
614 2170 864 2238 libellus,
901 2169 1140 2238 ejusdem
1174 2180 1233 2224 ut
1269 2171 1480 2227 videtur
1516 2172 1766 2236 Orsiesii,

186 2262 267 2317 De
300 2278 393 2318 sea:
421 2261 822 2331 cogitationibus
849 2271 1155 2314 sanctorunt
1199 2277 1217 2315 :
1251 2265 1508 2317 nimirum
1538 2263 1605 2316 de
1638 2261 1766 2326 Deo,

191 2357 260 2410 de
295 2353 549 2423 passione
576 2351 803 2415 Christi,
831 2351 897 2405 de
925 2350 1054 2405 liora
1085 2351 1365 2418 transitus,
1403 2352 1471 2406 de
1508 2353 1593 2406 die
1626 2352 1773 2422 judi-

181 2446 282 2506 cii,
318 2446 384 2499 de
417 2442 629 2498 inferno
668 2451 723 2497 et
768 2443 834 2497 de
867 2446 974 2496 vita
1015 2451 1240 2497 aeterna.
1285 2443 1544 2509 Quamvis
1590 2453 1770 2498 autem

193 2533 503 2603 lmjusmudi
555 2531 874 2600 opusculum
920 2532 1157 2600 junioris
1204 2534 1436 2602 alicujus
1490 2535 1773 2603 scriptoris

185 2627 363 2680 fetum
393 2639 514 2679 esse
538 2625 841 2692 suspicetur
862 2623 1091 2692 Caveus,
1117 2626 1356 2680 Orsiesio
1381 2635 1560 2680 tamen
1584 2637 1772 2681 nostro

191 2717 573 2771 ascribentlum
605 2714 940 2769 arbitrantur
967 2731 1076 2784 pra:
1106 2715 1322 2769 CEElCI‘iS
1373 2714 1669 2784 Basnagius
1694 2714 1770 2784 (b)

188 2817 242 2861 et
273 2806 556 2860 Fabricius
597 2805 692 2876 (c).
739 2803 928 2874 Neque
963 2805 1236 2860 immerito
1280 2820 1412 2861 sane
1461 2824 1475 2862 :
1588 2807 1774 2876 quippe

188 2897 500 2952 conueniunt
530 2900 764 2962 nomina,
785 2897 960 2966 inquit
984 2897 1158 2952 editor
1189 2895 1443 2951 Thesauri
1468 2897 1768 2964 Canisiani;

189 2990 428 3043 convenit
455 3005 641 3057 scopus
688 2989 972 3043 admodum
1000 2989 1156 3058 pius;
1196 2990 1431 3043 convenit
1475 3000 1523 3043 et
1553 2991 1718 3059 stglus
1753 3002 1773 3040 :

1945 1895 2022 1949 Ex
2047 1892 2256 1965 quibus
2296 1908 2428 1965 ergo
2460 1905 2796 1966 compertum
2849 1896 2927 1963 lit,
2969 1906 3030 1952 ut
3076 1899 3326 1967 equidem
3363 1913 3452 1954 ar-

1876 1989 2068 2054 bitror,
2101 2000 2346 2046 sanctum
2397 1991 2682 2046 Doctorem
2725 2006 2832 2046 non
2867 1992 3041 2048 solum
3075 1992 3354 2050 Pacbomii
3395 2004 3452 2051 et

1878 2080 2173 2146 Theodori,
2206 2082 2302 2138 sed
2333 2083 2497 2137 etiam
2514 2082 2774 2148 Orsiesii,
2809 2099 3039 2153 quorum
3067 2100 3262 2156 nempe
3289 2085 3451 2156 paulo

1877 2185 2002 2228 ante
2044 2175 2207 2230 simul
2239 2175 2586 2240 meminerat,
2627 2174 2934 2230 litterarum
2979 2176 3310 2232 monimenta
3343 2177 3452 2232 La-

1878 2267 1988 2320 tine
2021 2267 2268 2320 vertisse.
2309 2266 2530 2321 Accedit
2567 2275 2825 2335 praterea
2866 2268 3180 2324 eorumdem
3226 2267 3451 2324 Patrum

1863 2356 2250 2428 .Egyptiorum
2284 2359 2486 2426 scripta
2544 2361 2740 2414 saeculo
2765 2376 2797 2414 ν
2828 2361 3108 2417 desinente
3136 2361 3344 2418 Latinis
3368 2362 3452 2417 in-

1833 2516 1836 2519 ,
1878 2449 2137 2513 nntuisse,
2163 2456 2223 2502 ut
2259 2462 2327 2502 ex
2351 2447 2632 2502 Gennadio
2659 2449 2934 2502 erudimur
2961 2450 3074 2520 (d);
3113 2453 3203 2519 qui
3231 2451 3451 2520 quidem

1879 2538 2092 2592 nonnisi
2139 2553 2208 2593 ex
2241 2538 2490 2594 versione
2532 2537 2954 2609 Hierenymiana
2997 2539 3265 2607 ejusmodi
3300 2542 3448 2596 noti-

1880 2631 2009 2684 tiam
2041 2630 2144 2685 sibi
2171 2632 2385 2685 demum
2429 2646 2779 2700 comparasse
2819 2632 3016 2686 merito
3044 2633 3449 2690 existimantur.

1878 2720 2064 2788 Neque
2097 2721 2258 2774 aliter
2289 2720 2390 2775 hac
2420 2721 2486 2776 de
2515 2734 2575 2774 re
2608 2721 2819 2774 censuit
2848 2720 2918 2776 cl.
2949 2720 3327 2784 Tillemontius
3352 2723 3448 2790 le).

1950 2813 2079 2879 Quae
2126 2827 2248 2866 cum
2288 2813 2361 2866 ita
2396 2826 2456 2866 se
2499 2811 2771 2876 habeant,
2819 2814 2874 2866 in
2911 2823 3179 2881 postrema
3225 2829 3450 2884 Operunt

1879 2907 2052 2960 sancti
2088 2905 2335 2958 Doctoris
2357 2903 2596 2958 editione
2620 2903 2916 2959 Veronensi
2942 2914 3306 2981 Opportunum
3339 2904 3453 2959 lor-

1881 3006 2023 3052 tasse
2083 2996 2259 3051 locum
2306 3005 2467 3050 nacta
2511 2994 2704 3050 luisset
2755 2995 2872 3049 haec
2903 2993 3130 3050 Orsiesii
3182 2995 3450 3052 Doctrina

189 3096 491 3149 quanquam
522 3081 656 3133 enim
689 3079 993 3133 brevissima
1024 3080 1090 3133 sit
1116 3079 1212 3132 illa
1250 3081 1631 3134 sententiarum
1665 3082 1773 3133 col-
1794 3103 1846 3163 ,α
1881 3085 2300 3156 llieronymiana
2333 3083 2532 3147 versit),
2563 3098 2628 3138 eo
2654 3083 2864 3138 scilicet
2889 3082 3106 3138 nomine
3131 3098 3236 3151 quo
3266 3086 3452 3140 crudi-

191 3171 384 3236 lectio,
429 3179 658 3224 attamen
691 3169 766 3224 ibi
805 3169 1034 3238 plurima
1078 3169 1278 3226 Veteris
1324 3181 1373 3226 et
1425 3169 1563 3226 Novi
1591 3171 1777 3226 Testa-

193 3261 360 3314 menti
413 3260 528 3313 loco
583 3271 940 3330 congeruntur
989 3261 1468 3331 (quemadmodum
1539 3264 1593 3316 in
1674 3263 1776 3318 Do-

191 3349 416 3421 ctrina),
437 3366 660 3418 quorunt
688 3355 780 3419 op'e
803 3350 931 3418 ﬁdes
949 3353 1177 3419 firmari,
1203 3361 1250 3407 et
1272 3360 1574 3406 sanctorunt
1599 3353 1769 3418 pietas

193 3441 446 3494 innutriri
483 3442 666 3506 possit.

264 3529 352 3585 lll.
386 3529 684 3600 Utrumque
727 3546 889 3601 porro
922 3532 1095 3588 sancti
1124 3534 1336 3591 abbatis
1375 3534 1596 3592 Orsiesii
1630 3553 1767 3607 opu-

193 3618 430 3685 sculum,
493 3619 743 3688 primitus
789 3619 1108 3690 Egyptiace
1158 3622 1226 3677 ab
1267 3634 1489 3680 auctore
1530 3628 1770 3682 conscri-

193 3721 369 3780 ptum,
408 3711 598 3765 deinde
628 3711 818 3767 Grieco
857 3728 1106 3768 sermone
1141 3715 1410 3769 redditum
1433 3754 1448 3780 ,
1492 3727 1768 3786 postremo

197 3799 394 3856 Latine
419 3802 803 3870 interpretatus
825 3812 908 3860 est
931 3815 1150 3859 sanctus
1177 3804 1556 3878 Hieronymus.
1585 3808 1768 3879 Siqui-

196 3893 322 3948 dem
376 3893 427 3946 in
484 3892 796 3963 praefatione
845 3894 911 3948 ad
965 3893 1220 3965 Regulam
1271 3899 1441 3951 sancti
1491 3898 1766 3954 Pacliomii

202 3985 319 4038 haec
379 3984 542 4038 habet
613 3983 810 4039 Doctor
867 3986 1134 4041 maximus
1179 4005 1194 4043 :
1247 3989 1434 4057 Accepi
1483 3991 1644 4045 libros
1700 3993 1765 4045 ab

1879 3180 2116 3235 tissimus
2139 3177 2321 3232 editor
2341 3176 2614 3230 Pachumii
2628 3174 2904 3243 Regulam,
2941 3190 3040 3231 nec
3072 3191 3180 3230 non
3209 3175 3451 3242 ejusdem

1876 3283 1942 3324 ac
1974 3268 2243 3323 Theodori
2277 3267 2537 3337 epistolas
2576 3266 2702 3321 illuc
2737 3267 2944 3336 primus
2981 3266 3209 3320 invexit.
3243 3265 3450 3321 ilorum

1872 3375 2110 3430 namque
2155 3361 2319 3415 trium
2355 3367 2666 3414 sanctorum
2713 3357 2967 3412 abbatum
3013 3357 3452 3413 Tabennensium

1872 3466 2036 3520 opera
2067 3452 2255 3507 Griece
2284 3444 2494 3507 reddita
2527 3449 2756 3519 junctim
2785 3449 2850 3502 ab
2873 3450 3080 3503 homine
3112 3449 3206 3503 Dei
3233 3439 3452 3504 Silvano

1874 3541 2174 3609 presbytero
2217 3541 2412 3608 accepit
2463 3547 2684 3593 sanctus
2733 3538 2952 3604 Doctor,
3001 3552 3174 3607 eaque
3205 3538 3366 3592 simul
3394 3549 3453 3593 ut

1873 3641 2021 3686 erant
2055 3632 2118 3684 de
2151 3629 2470 3700 Egyptiaca
2499 3631 2555 3683 in
2583 3626 2826 3682 Crcccam
2871 3627 3105 3698 linguam
3149 3644 3296 3681 uersa
3334 3645 3456 3699 pro-

1873 3725 1988 3793 prio
2018 3739 2252 3776 sermone
2283 3721 2521 3784 dictavit,
2557 3729 2615 3774 ut
2644 3721 2802 3773 modo
2830 3721 2898 3773 ab
2929 3733 2993 3772 eo
3027 3718 3355 3786 accepimus.

1944 3813 2099 3882 Quod
2137 3820 2402 3880 superest,
2431 3810 2652 3866 Orsiesii
2688 3808 2995 3862 Doctrinam
3025 3823 3090 3862 ex
3131 3805 3322 3862 Codice
3349 3807 3452 3862 Ile-

1873 3907 2117 3978 gularum
2161 3902 2512 3958 llolsteniano
2549 3901 2806 3956 editionis
2855 3899 3112 3952 Romanae
3153 3898 3450 3968 descripsi-

1875 4011 1994 4048 mus
2029 4013 2042 4049 :
2075 3995 2310 4048 libellum
2335 4006 2464 4046 vero
2488 3990 2562 4044 De
2587 4005 2677 4044 sea:
2699 3988 3102 4060 cogitationibus
3124 3999 3450 4058 sanctorum,

191 4071 402 4127 nomine
430 4072 523 4127 Dei
567 4073 780 4129 Silvano
821 4078 1117 4148 presbytero
1170 4079 1296 4132 mihi
1345 4081 1589 4149 directos,
1639 4099 1767 4152 quos
1801 4106 1846 4162 ι)
1874 4102 1942 4143 ex
1966 4085 2232 4141 Thesauro
2258 4083 2602 4150 Canisiano.,

290 4269 344 4346 (ι)
377 4269 544 4346 i_lolst.
588 4270 716 4346 Cod.
755 4272 907 4344 Reg.,
940 4292 1058 4346 pag.
1099 4277 1351 4334 121-154.

290 4288 320 4321 η
377 4269 544 4325 Holst.
588 4270 716 4327 Cod.
755 4272 907 4344 Reg.,
940 4292 1058 4346 pag.
1099 4279 1106 4330 l

291 4340 318 4392 b
382 4339 633 4411 Basnag.,
668 4343 703 4396 l.
739 4357 790 4399 c.
859 4361 943 4413 ag.
983 4348 1106 4401 167.

264 4269 344 4478 ge;
375 4409 585 4464 Fabric.
634 4410 778 4466 Bibl.
819 4361 938 4470 Eat.
973 4419 1106 4472 med.

195 4493 249 4548 p.
283 4478 408 4534 507.

863 4425 938 4470 at.
973 4419 1112 4472 med.
1164 4427 1212 4472 et
1248 4418 1420 4488 inﬂm.
1452 4429 1596 4476 celat.
1638 4430 1682 4477 t.
1713 4423 1781 4490 γ,

1963 4288 2041 4360 (d)
2078 4288 2455 4360 Gennadslib.
2492 4289 2569 4342 De
2599 4288 2692 4360 oir.
2724 4288 3080 4360 illitstr.,_cap.
3120 4283 3341 4360 7,A8‘.__9.

1965 4354 2032 4431 (ε)
2073 4359 2285 4431 Tillem.
2308 4359 2479 4431 nam.
2505 4359 2687 4412 eccles.
2720 4367 2848 4411 tom.
2877 4354 2988 4419 VII,
3023 4369 3145 4425 pag.
3183 4354 3308 4419 686,
3336 4362 3450 4410 not.

1889 4427 1980 4493 46,
2007 4445 2101 4482 sur
2121 4429 2258 4483 saint
2296 4428 2540 4482 Pacdme.

210 4673 3430 4714 .._______________________________________________

1146 4873 1714 5005 SANCTI
1811 4881 2496 5011 ORSIESII

1424 5132 1720 5193 ABBATIS
1759 5137 1848 5193 TA
1857 5131 2237 5196 BENNENSIS

625 5301 1142 5385 DOCTBINA
1220 5309 1350 5384 DE
1429 5309 2198 5396 INSTITUTIONE
2275 5321 3020 5410 MONACHORUM.

271 5615 512 5713 Lududi,
546 5622 735 5694 Israel,
765 5631 1014 5684 mandata
1047 5633 1188 5699 vitat,
1221 5637 1439 5692 auribus
1470 5643 1693 5713 percipe,
1721 5657 1768 5700 et

200 5705 434 5781 intelliqe
464 5716 822 5783 prudentiam.
855 5719 995 5785 Quid
1030 5735 1127 5787 est,
1160 5725 1347 5798 Israel,
1378 5705 1516 5801 quod
1549 5705 1767 5792 interra

1875 5648 2211 5702 inimicorum
2250 5655 2342 5709 es?
2383 5655 2680 5709 int'eterasti
2713 5657 2766 5712 in
2817 5666 2955 5713 terra
2992 5660 3190 5726 aliena,
3220 5679 3452 5718 comma-

1826 5783 1832 5796 .
1879 5737 2084 5793 culatus
2114 5755 2166 5795 es
2202 5759 2317 5797 cum
2351 5747 2595 5819 mortuis,
2620 5760 2953 5818 comparatus
3005 5770 3058 5808 es
3101 5770 3217 5808 cum
3251 5755 3328 5810 bis
3357 5757 3450 5826 qui
