3890 6274
465 335 567 392 871

1552 325 1825 384 PATRES
1862 322 2168 382 EGYPTII
2233 326 2510 386 SIECL’LI
2548 329 2637 384 iV.

3648 333 3748 390 B72

465 450 524 502 in
562 445 767 515 inferno
803 454 946 509 sunt,
982 451 1030 498 et
1054 441 1378 512 dereliquisti
1406 437 1600 511 [autem
1627 441 1916 510 sapientia.
1947 437 2052 492 Per
2081 442 2125 498 Α
2155 450 2301 511 ptum
2332 452 2417 498 est
2443 462 2458 497 :
2486 442 2798 498 Benedictus
2826 444 2978 498 homo
3006 443 3098 514 qui
3127 443 3345 512 conﬁdit
3387 443 3443 498 in
3473 443 3744 518 Domino,

463 539 601 592 niam
643 535 740 590 Dei
767 537 815 590 si
847 535 1192 599 ambulasses,
1218 535 1441 604 forsitan
1465 533 1781 587 Itabitaceris
1803 533 1856 585 in
1887 547 2032 600 pace.

467 629 622 683 Disce
653 643 797 696 ergo,
832 627 928 690 ait,
957 627 1046 680 ubi
1077 636 1150 680 est
1185 625 1462 695 prudentia
1496 637 1608 688 tua,
1646 624 1736 676 ubi
1782 633 1854 676 est
1883 622 2039 691 {orti-

465 723 596 776 tudo
621 721 804 791 gloria!
851 729 1008 789 atque
1055 720 1285 786 uirtutis,
1315 719 1399 772 ubi
1438 728 1514 772 est
1546 717 1916 786 intelligentia,
1949 715 2039 768 ubi

466 825 540 867 est
583 813 675 865 luat
704 811 977 866 oculorum
1011 820 1060 865 et
1082 827 1207 879 patr.
1239 810 1370 875 Quis
1394 810 1590 864 invenit
1616 809 1786 862 locum
1812 809 1950 877 ejus,
1988 818 2036 860 et

463 905 582 972 quis
604 906 870 972 ingressus
902 911 977 956 est
1013 903 1082 955 ad
1122 904 1394 955 thesauros
1439 901 1584 955 illius
1612 900 1672 953 ’ἲ
1699 899 1820 954 Haec
1854 899 2039 968 loque-

466 996 626 1055 batur
662 993 870 1047 Baruch
905 1001 1124 1063 propter
1153 1006 1246 1048 eos
1277 993 1368 1061 qui
1406 993 1457 1046 iu
1506 1002 1704 1047 terram
1749 991 2039 1061 Babylonis

465 1089 521 1140 et
555 1084 893 1139 inimicorum
935 1098 1155 1138 suorum
1202 1083 1345 1138 ducti
1381 1093 1506 1137 sunt
1550 1085 1601 1136 in
1649 1084 2038 1152 captivitatem,

465 1177 590 1246 quia
645 1175 931 1230 uoluerunt
966 1176 1349 1245 prophetarum
1377 1174 1656 1244 suscipere
1686 1175 1955 1240 mandata,
1984 1182 2040 1228 et

464 1267 616 1322 obliti
657 1277 784 1320 sunt
831 1267 965 1335 legis
1002 1267 1092 1320 Dei
1124 1281 1246 1334 qua:
1269 1265 1391 1319 data
1422 1275 1504 1319 est
1536 1280 1632 1334 per
1661 1263 1906 1334 Moysen.
1948 1265 2039 1319 ld-

465 1359 614 1412 circo
651 1357 865 1411 induxit
891 1359 1030 1410 Deus
1055 1365 1218 1426 snper
1240 1371 1334 1411 eos
1362 1369 1548 1425 poenas
1571 1364 1732 1424 atque
1755 1355 2034 1424 supplicia,

463 1459 518 1503 et
550 1449 878 1518 captivitatis
927 1451 1166 1504 subdidit
1205 1450 1352 1518 jugo,
1408 1449 1659 1502 erudiens
1692 1463 1822 1518 ergo
1855 1463 1948 1502 eos
1984 1458 2042 1503 ut

464 1553 610 1605 suos,
636 1548 688 1592 et
713 1541 864 1609 quasi
895 1549 1050 1609 pater
1077 1540 1214 1595 ﬁlios
1241 1541 1559 1603 emendatus,
1594 1538 1887 1608 noleusque
1919 1554 2040 1607 per-

462 1629 544 1684 ire
591 1639 883 1694 correctos,
951 1632 1044 1686 sed
1101 1631 1310 1686 salvare
1357 1632 1576 1697 cupiens
1633 1643 1728 1693 per
1774 1630 2040 1700 pmnitcn-

464 1720 616 1774 tia'n.

531 1806 595 1862 11.
640 1807 794 1863 Unde
835 1816 890 1862 et
934 1823 1030 1862 nos
1085 1808 1502 1876 apostolicorum
1553 1811 1813 1865 debemus
1847 1812 2039 1865 memi-

463 1902 611 1955 nisse
644 1901 952 1964 verborum,
988 1902 1076 1968 qui
1108 1903 1182 1953 ait
1215 1919 1227 1953 ε
1260 1901 1320 1955 Si
1362 1901 1691 1955 naturalibus
1740 1905 2039 1956 ramis-non

464 1992 712 2057 pepercit,
747 2007 840 2043 nec
890 1991 1034 2043 nobis
1069 1991 1309 2059 parcet’.
1350 1991 1416 2044 Et
1447 1991 1536 2044 Dei
1575 2002 1842 2062 precepts
1884 2008 2038 2047 com-

463 2081 611 2150 plere
643 2080 998 2150 negligimus?
1026 2079 1156 2133 Hatc
1175 2081 1354 2134 omnia
1379 2083 1432 2133 in
1455 2081 1641 2150 ﬁguris
1667 2084 2038 2150 contingebant

461 2172 604 2234 illis;
641 2173 836 2238 scripta
867 2181 992 2224 sunt
1027 2181 1202 2224 autent
1249 2172 1317 2223 ad
1361 2171 1739 2239 correptionem
1781 2181 2038 2239 nostram,

459 2263 518 2315 in
556 2273 684 2330 quos
712 2261 842 2329 ﬁnes
881 2260 1193 2314 stet-uiarum
1221 2262 1528 2314 devenerunt
1549 2261 1588 2314 ⁸.
1620 2261 1687 2314 Et
1713 2262 1787 2314 illi
1823 2263 2039 2330 quidem

459 2352 528 2405 de
549 2353 681 2407 urbe
710 2349 861 2406 Judte
890 2350 1133 2406 translati
1161 2359 1287 2406 sunt
1317 2352 1382 2405 ad
1415 2351 1602 2407 urbem
1632 2351 2039 2419 Chaldaorum,

461 2443 518 2498 in
553 2444 715 2497 terris
749 2451 1020 2496 mutantes
1052 2442 1167 2497 loca
1196 2457 1211 2506 ;
1245 2457 1344 2498 nos
1392 2452 1572 2496 autem
1599 2443 1646 2497 si
1673 2445 1816 2498 Deus
1845 2445 2042 2500 viderit

463 2533 819 2604 negligentes,
852 2532 904 2588 iu
940 2531 1124 2586 futuro
1168 2531 1366 2587 seculo
1420 2534 1730 2589 amittemus
1767 2535 2038 2590 civitatem

461 2634 742 2690 nostram;
776 2633 832 2680 et
863 2625 1103 2679 laetitiam
1163 2623 1502 2690 deserentes,
1533 2627 1810 2680 tradentur
1849 2639 2040 2696 paena-

462 2731 580 2770 rum
622 2716 947 2785 captivitati,
1004 2715 1399 2785 perdemusqne
1443 2715 1695 2784 gaudium
1751 2718 2038 2786 sempiter-

462 2822 613 2871 num,
654 2805 796 2876 quod
845 2814 1028 2876 patres
1069 2804 1242 2860 nostri
1267 2815 1322 2861 et
1364 2807 1562 2864 fratres
1588 2807 2039 2864 labore-instabili

459 2905 797 2965 repererunt.

532 2985 619 3040 111.
663 2986 832 3055 Igitur
863 2995 970 3042 non
1000 2995 1098 3043 nos
1119 2987 1302 3048 vincat
1328 2989 1550 3054 oblivio,
1587 3005 1690 3045 nec
1722 2991 2037 3059 patientiam

460 3077 558 3132 Dei
597 3077 970 3135 existimemus
1004 3080 1388 3149 ignorantiam,
1432 3082 1522 3150 qui
1572 3082 1775 3136 idcirco
1821 3092 2037 3138 susten-
2063 3100 2105 3158 ε

461 3178 541 3223 tat
571 3180 627 3225 et
671 3169 877 3236 diti‘ert,
927 3180 987 3225 ut
1029 3173 1098 3226 ad
1137 3170 1360 3226 meliora
1395 3173 1672 3240 conversi,
1703 3175 2037 3230 cruciatibus

460 3274 569 3314 non
619 3260 918 3316 tradamur.
963 3263 1192 3328 Quando
1261 3277 1582 3332 peccamus,
1629 3277 1733 3317 non
1789 3274 2038 3333 putemus

460 3347 626 3404 Deum
657 3349 968 3404 consentire
994 3351 1198 3406 nostris
1233 3353 1496 3419 peccatis,
1524 3352 1652 3422 quia
1696 3367 1802 3407 non
1850 3352 2036 3407 statim

457 3438 734 3504 vindicat;
788 3438 884 3494 sed
929 3439 1060 3495 illud
1097 3442 1420 3511 cogitemus,
1448 3445 1590 3512 quod
1621 3443 1732 3498 cito
1771 3451 2036 3498 exeuntes

458 3531 528 3584 de
547 3531 744 3586 steculo
772 3531 1154 3600 separabimur
1185 3533 1237 3586 in
1275 3533 1461 3588 futuro
1490 3549 1521 3587 a
1559 3534 1801 3603 patribus
1833 3544 1888 3590 et
1925 3536 2037 3589 fra-

460 3624 636 3678 tribus
665 3625 885 3690 nostris,
923 3624 1015 3693 qui
1049 3625 1225 3681 locum
1262 3628 1501 3683 victoria:
1533 3629 1827 3698 possident.
1866 3628 2035 3696 Quem

463 3722 516 3766 ct
553 3729 650 3768 nos
694 3715 1033 3782 habebimus,
1081 3717 1126 3772 si
1181 3717 1393 3772 illorum
1458 3719 1786 3774 voluerimus
1829 3720 2040 3774 calcare

461 3805 708 3872 vestigia,
738 3816 793 3860 et
826 3807 959 3862 illud
1008 3808 1307 3874 attendere,
1343 3811 1488 3879 quod
1527 3811 1803 3879 apostolus
1839 3811 2039 3866 Paulus

465 3897 552 3953 hic
593 3913 806 3968 quoque
856 3907 1075 3955 sanctos
1106 3915 1136 3953 a
1171 3901 1548 3970 peccatoribus
1579 3914 1820 3970 separat,
1850 3913 1902 3956 et
1935 3911 2041 3956 tra-

460 3991 536 4044 dit
574 3990 949 4058 delinquentes
995 3992 1048 4046 in
1073 3991 1339 4046 interitum
1369 3993 1569 4058 carnis,
1599 4003 1656 4046 ut
1682 3994 1900 4061 spiritus
1929 3993 2040 4047 sal-

460 4097 552 4135 ous
573 4081 668 4150 ﬁat
691 4083 732 4136 ³.
767 4082 965 4139 Beatus
994 4086 1150 4140 homo
1173 4085 1266 4156 qui
1287 4086 1444 4140 timet
1470 4083 1776 4151 Dominum,
1801 4094 1854 4139 et
1877 4099 2038 4154 quem

461 4173 682 4241 corripit
732 4181 791 4228 ut
833 4175 1180 4242 emendetur;
1215 4183 1271 4230 et
1303 4175 1474 4246 legem
1505 4191 1660 4230 suam
1698 4176 1857 4232 docet
1891 4193 2038 4242 eum,

462 4273 514 4316 ut
560 4263 797 4318 ambulet
826 4265 880 4319 in
917 4265 1189 4323 mandatis
1239 4267 1356 4335 ejus
1399 4269 1651 4323 omnibus
1683 4269 1874 4324 diebus
1915 4270 2042 4324 vitae

459 4369 596 4422 suae;
633 4356 720 4425 qui
753 4371 861 4412 non
885 4368 1187 4414 murmurat
1219 4374 1317 4427 pro
1344 4368 1564 4429 peccato
1586 4375 1705 4416 suo.

2142 533 2292 602 cujus
2333 544 2408 587 est
2452 551 2568 601 spes
2602 537 2657 589 in
2699 551 2757 588 eo
2779 551 2798 600 ;
2829 537 2926 588 erit
2956 535 3109 606 quasi
3131 535 3332 605 lignum
3375 535 3738 604 fructifera»:

2131 624 2291 694 juxta
2313 641 2500 694 aquas,
2525 639 2572 679 et
2599 629 2668 679 ad
2695 625 2964 680 humorem
3001 626 3161 679 mittit
3191 626 3394 680 radices
3426 643 3584 690 suas;
3623 643 3745 682 non

2141 714 2337 768 timebit
2390 731 2508 768 cum
2541 726 2699 769 wstus
2745 716 3046 781 advenerit,
3077 715 3383 785 habebitque
3427 717 3744 784 frondentes

2141 821 2334 867 ramos,
2360 815 2406 858 et
2442 807 2496 859 in
2529 816 2758 874 tempore
2788 807 3041 860 siccitatis
3057 807 3266 871 virebit,
3295 822 3451 873 poma
3488 807 3744 860 sollicita

2141 898 2462 964 germinans.
2493 893 2660 950 Grave
2679 899 2840 950 corin
2867 899 3133 961 omnibus,
3162 907 3211 950 et
3230 900 3382 950 homo
3408 909 3506 961 est,
3531 909 3578 950 et
3612 900 3743 968 quis

2141 987 2402 1054 cognoscit
2430 987 2589 1039 eum?
2613 984 2725 1055 Ego
2760 986 3014 1041 Dominus
3061 995 3307 1040 scrutans
3343 990 3504 1040 corda
3543 995 3592 1039 et
3643 1001 3742 1038 re-

2141 1093 2252 1140 nes,
2287 1085 2345 1129 ut
2385 1077 2599 1130 reddam
2630 1078 2909 1147 unicuique
2938 1078 3226 1132 secundum
3257 1078 3367 1132 uias
3387 1094 3512 1132 suas
3531 1078 3573 1135 '.

2221 1187 2278 1241 V.
2323 1187 2728 1244 Meminerimus
2775 1188 2969 1252 nostri,
3008 1204 3108 1244 uec
3146 1198 3560 1246 contemnamus
3591 1192 3743 1247 deli-

2143 1292 2230 1336 cta
2263 1297 2382 1352 qua:
2410 1281 2674 1348 iecimus;
2705 1291 2759 1337 et
2791 1282 2999 1350 singula
3036 1283 3287 1336 mandata
3332 1285 3499 1352 patris
3530 1285 3738 1349 nostri,

2142 1382 2196 1426 et
2223 1387 2413 1426 eorum
2466 1373 2558 1442 qui
2610 1389 2709 1427 nos
2750 1373 3081 1437 docuerunt,
3131 1374 3293 1426 corde
3333 1373 3564 1428 sollicito
3605 1391 3742 1445 per-

2144 1474 2468 1527 tractemus,
2507 1478 2612 1518 non
2659 1464 2832 1519 solum
2863 1465 3148 1519 credentes
3179 1465 3230 1518 in
3261 1463 3500 1526 Christo,
3536 1468 3638 1520 sed
3681 1477 3740 1522 et

2143 1573 2240 1627 pro
2268 1559 2386 1627 ipso
2420 1558 2709 1627 patientes,
2739 1565 2792 1611 et
2823 1558 3058 1611 scientes
3093 1555 3222 1609 illud
3276 1558 3600 1626 mysterium
3662 1561 3736 1612 de

2144 1666 2250 1719 quo
2297 1651 2495 1704 dicitur
2531 1668 2544 1706 :
2579 1648 2811 1719 Spiritus
2841 1649 3016 1702 vultus
3045 1649 3233 1714 nostri,
3269 1645 3512 1702 Christus
3536 1649 3736 1704 Domi-

2145 1757 2242 1795 nus
2266 1741 2322 1807 ';
2356 1751 2406 1792 et
2431 1739 2560 1793 alibi
2590 1755 2604 1791 :
2640 1738 2878 1792 Lucerna
2909 1739 3126 1807 pedibus
3152 1740 3278 1791 meis
3310 1738 3395 1791 lex
3417 1749 3530 1803 tua,
3560 1749 3612 1792 et
3647 1740 3737 1791 lu-

2141 1850 2258 1886 men
2300 1832 2496 1885 semitis
2533 1831 2659 1883 meis
2682 1831 2755 1893 ";
2809 1840 2864 1883 et
2899 1832 3092 1885 iterum
3129 1846 3142 1880 :
3180 1829 3462 1898 Eloquium
3511 1829 3734 1884 Domini

2141 1923 2414 1991 uiviﬁcdoit
2446 1921 2584 1974 me“
2613 1937 2627 1985 ;
2657 1930 2708 1974 et
2744 1937 2757 1973 :
2800 1918 2910 1972 Lex
2956 1918 3168 1973 Domini
3207 1921 3563 1984 immaculata,
3599 1937 3735 1974 con-

2141 2027 2344 2068 vertens
2373 2014 2600 2068 animos.
2629 2011 2943 2065 Mandatum
2977 2012 3190 2064 Domini
3237 2011 3490 2076 Incidunt,
3521 2013 3734 2065 illumi-

2143 2123 2274 2160 nans
2331 2105 2588 2158 oculos".
2654 2103 2718 2156 Et
2776 2103 3063 2173 Apostolus
3094 2119 3108 2155 :
3137 2102 3267 2168 Lex,
3292 2105 3484 2173 inquit,
3516 2117 3726 2168 saneta,

2141 2206 2190 2250 et
2217 2198 2527 2250 mandatum
2557 2206 2817 2258 sanctum,
2849 2205 2898 2250 et
2921 2197 3154 2264 justum,
3189 2207 3236 2249 et
3281 2197 3561 2249 bonum”.
3593 2196 3732 2262 Quae

2141 2290 2321 2341 omnia
2357 2287 2738 2356 intelligentes,
2759 2287 2905 2356 digni
2933 2288 3140 2342 erimus
3166 2287 3355 2341 audire
3385 2303 3399 2338 :
3431 2287 3562 2340 Cum
3589 2290 3730 2342 ceci-

2141 2379 2276 2432 derit
2297 2378 2476 2447 justus
2517 2395 2620 2431 non
2660 2379 2930 2443 allidetur,
2974 2379 3098 2448 quia
3165 2377 3420 2431 Dominus
3462 2389 3727 2432 sustentat

2141 2487 2354 2524 manum
2388 2469 2534 2524 illius
2559 2471 2644 2537 ¹δ;
2679 2480 2734 2524 et
2762 2469 2957 2524 iterum
2992 2487 3006 2523 :
3039 2470 3239 2539 Septies
3265 2470 3413 2524 cadet
3436 2469 3645 2540 justus,
3680 2483 3725 2525 et

2142 2571 2374 2631 resurget
2399 2560 2464 2614 ¹⁸.

2217 2669 2304 2723 Vl.
2349 2670 2501 2725 Nunc
2533 2685 2682 2740 ergo,
2713 2669 2928 2735 fratres,
2965 2669 3075 2724 Deo
3126 2680 3318 2740 agente
3359 2671 3640 2740 patienter
3669 2682 3725 2728 et

2146 2776 2244 2816 nos
2302 2762 2367 2814 ad
2419 2761 2792 2831 paenitentiam
2845 2771 3194 2829 provocante,
3227 2762 3290 2814 de
3319 2761 3470 2830 gravi
3532 2777 3725 2816 somno

2143 2855 2481 2925 evigilemns,
2540 2855 2666 2923 quia
2723 2854 3067 2909 adversarius
3124 2863 3307 2908 noster
3344 2855 3498 2924 quasi
3525 2856 3606 2908 leo
3636 2872 3726 2908 ru-

2142 2948 2281 3016 giens
2332 2947 2518 3000 circuit
2556 2961 2794 3016 quaerens
2835 2962 2986 3013 quem
3034 2946 3326 3008 devoret",
3375 2946 3463 3000 cui
3522 2946 3725 3000 acriter

2145 3038 2510 3092 resistendum
2554 3045 2658 3101 est,
2705 3045 2760 3090 et
2814 3036 3093 3090 sciendum
3129 3035 3317 3089 eadem
3347 3035 3508 3088 etiam
3540 3045 3724 3089 certa-

2141 3130 2286 3183 mina
2342 3127 2546 3184 matris
2593 3127 2839 3181 evenisse
2876 3125 3195 3196 majoribus.
3238 3123 3355 3179 Non
3408 3125 3725 3182 deﬁciamus

2138 3219 2472 3283 laborantes,
2527 3215 2900 3287 iacientesque
2959 3216 3218 3268 virtutum
3274 3217 3510 3280 semina,
3567 3227 3624 3270 ut
3670 3219 3723 3270 iu

2139 3311 2322 3366 futuro
2351 3309 2544 3380 gaudia
2584 3317 2791 3364 metere
2833 3304 3138 3376 possimus,
3164 3307 3555 3378 audiamusque
3589 3306 3725 3361 Pau-

2137 3401 2247 3456 lum
2278 3403 2560 3456 docentem
2592 3415 2605 3452 :
2639 3399 2718 3454 Tu
2755 3407 2932 3453 autem
2975 3399 3068 3468 qui
3123 3398 3349 3475 servasti
3396 3399 3722 3460 doctrinam,

2137 3493 2524 3558 eruditionem,
2555 3492 2814 3556 studium,
2846 3491 3179 3560 patientiam,
3205 3490 3721 3559 persecutionem",

2139 3593 2192 3638 ct
2217 3592 2528 3637 sanctorum
2577 3583 2819 3651 exempla
2851 3589 3148 3644 sectantes,
3201 3594 3620 3648 permaneamus
3673 3583 3722 3635 in

2139 3690 2204 3730 eo
2241 3675 2384 3744 quod
2423 3674 2709 3745 cmpimus,
2742 3672 3003 3727 habentes
3039 3671 3336 3741 principem
3366 3682 3420 3726 et
3454 3673 3721 3742 perfecto-

2139 3783 2255 3824 rem
2303 3765 2510 3822 Jesum.
2555 3763 2922 3833 Intelligamus
2968 3778 3178 3816 comam
3229 3762 3422 3830 capitis
3468 3763 3645 3817 nostri
3673 3763 3723 3816 in

2139 3861 2248 3924 via,
2285 3869 2342 3912 ut
2377 3858 2451 3914 sit
2498 3865 2828 3925 unguentum
2862 3854 2914 3907 in
2949 3853 3117 3907 barba
3149 3864 3359 3915 nostra,
3392 3862 3450 3906 ut
3474 3855 3543 3907 ad
3574 3871 3720 3910 oram

2139 3950 2420 4023 perveniat
2442 3948 2751 4001 vestimenti
2778 3946 2841 4011 ’⁸,
2867 3954 2926 3999 ιιι
2953 3944 3223 4012 possimus
3257 3945 3482 4014 implere
3515 3947 3723 4001 univer-

2141 4061 2198 4100 sa
2235 4059 2354 4113 qua:
2382 4044 2580 4110 scripta
2618 4049 2764 4094 sunt.

2216 4175 2326 4231 \‘ll.
2367 4176 2732 4245 Quapropter,
2779 4187 2812 4228 ο
2857 4173 3021 4228 duces
3055 4183 3109 4227 et
3151 4173 3424 4244 praepositi
3453 4184 3724 4230 monaSte-

2144 4269 2349 4324 riorum
2389 4283 2453 4321 ac
2499 4266 2804 4328 domorum,
2841 4263 3038 4334 quibus
3075 4265 3266 4319 crediti
3299 4274 3423 4318 sunt
3446 4263 3714 4326 homines,

2144 4372 2200 4416 et
2227 4361 2366 4429 apud
2395 4373 2530 4428 quos
2561 4356 2916 4412 inveniuntur
2947 4355 3010 4419 T,
3047 4355 3160 4410 sive
3182 4355 3222 4418 l,
3265 4355 3380 4410 sive
3408 4355 3472 4418 E,
3508 4356 3625 4410 sive
3652 4358 3714 4418 Α,

527 4447 617 4501 ιν.
659 4448 843 4516 Itaque
889 4459 944 4503 et
1001 4465 1098 4504 nos
1149 4459 1456 4506 scrutemur
1513 4453 1632 4509 vias
1686 4463 1924 4520 nostras,
1984 4466 2037 4510 et
2065 4432 2206 4507 Dut
2247 4454 2300 4508 in
2341 4465 2626 4506 commune
2662 4449 2858 4512 dicam,
2906 4447 3102 4516 quibus
3137 4446 3327 4501 crediti
3383 4455 3510 4501 sunt
3559 4448 3722 4501 homi-

459 4551 679 4605 gressus
722 4540 970 4608 proprios
1033 4539 1417 4609 dijudicemus;
1471 4554 1914 4615 revertamurque
1967 4548 2032 4600 ad

463 4631 772 4697 Dominum,
805 4640 861 4686 et
891 4631 1132 4688 levemus
1177 4649 1297 4688 cum
1349 4637 1600 4692 manibus
1639 4640 1840 4695 nostris
1869 4641 2034 4694 corda

459 4730 645 4778 nostra
695 4723 748 4777 in
782 4723 1057 4779 excelsum
1105 4734 1160 4780 et
1192 4726 1245 4780 in
1275 4726 1495 4793 coelum,
1525 4739 1584 4783 ut
1631 4729 1684 4783 iu
1738 4731 1822 4785 die
1853 4730 2034 4794 iudicii

457 4814 671 4883 adjutor
694 4826 876 4871 noster
891 4817 983 4882 sit,
1004 4825 1179 4873 etnon
1198 4818 1592 4876 conluudamur
1606 4837 1726 4876 cum
1753 4822 2038 4893 loquemur

461 4907 696 4962 inimicis
729 4909 932 4965 nostris
981 4911 1034 4964 in
1085 4919 1237 4980 porta
1261 4919 1306 4977 0,
1339 4915 1432 4968 sed
1463 4915 1636 4982 magis
1679 4915 1822 4986 digni
1866 4918 2034 4970 simus

459 4998 589 5054 illud
616 5000 802 5055 audire
831 5019 844 5055 :
871 5001 1079 5070 Aperite
1094 5014 1302 5072 portas,
1338 5014 1392 5057 ut
1423 5006 1752 5072 ingrediatur
1777 5008 2029 5076 papulas,

457 5090 548 5159 qui
568 5091 792 5145 custodit
811 5092 1077 5162 justitiam
1095 5104 1142 5148 et
1176 5095 1506 5150 veritatem".
1540 5097 1638 5150 Cui
1673 5099 1880 5152 veritas
1908 5112 2032 5151 cor-

457 5184 509 5238 di
541 5192 644 5250 est,
679 5194 734 5240 et
768 5185 858 5254 qui
898 5186 1135 5253 possidet
1165 5201 1374 5256 pacem,
1421 5188 1602 5242 dicere
1644 5197 1818 5257 potest
1853 5205 1865 5240 :
1894 5188 2030 5255 Quia

457 5284 510 5336 in
547 5291 600 5337 te
649 5282 1010 5351 speravimus,
1044 5283 1292 5344 Domine.
1337 5284 1390 5338 iu
1437 5292 1722 5340 aeternum.
1762 5284 2034 5339 Recorde-

457 5390 579 5428 mur
607 5374 842 5439 Domini,
875 5385 930 5429 et
961 5374 1294 5430 Hierusalem
1327 5375 1581 5431 ascendat
1617 5389 1778 5445 super
1806 5391 1900 5430 cor
1937 5391 2028 5429 no-

455 5475 648 5520 strum.
688 5465 765 5521 Ne
792 5465 1174 5521 obliviscamur
1203 5465 1349 5521 illius
1388 5467 1645 5530 hominis,
1674 5467 1738 5522 de
1761 5481 1868 5535 quo
1893 5465 2036 5521 seri-

526 5642 546 5671 ²
575 5640 804 5699 Barttch.
837 5657 919 5707 ιιι,
945 5642 1095 5698 9-15.
1173 5643 1194 5674 ⁸
1223 5642 1378 5700 Rom.
1427 5658 1503 5708 ιι,
1533 5641 1622 5696 21.

454 5711 506 5764 2.
587 5713 609 5742 ⁸
635 5710 744 5767 Jer.
796 5727 926 5776 xv",
962 5713 1119 5766 7-10.
1194 5715 1215 5745 ⁹
1242 5713 1445 5770 Τιιιθιι.
1481 5730 1555 5775 tv,
1589 5713 1679 5766 ΞΟ.

460 5795 554 5843 vit,
591 5781 677 5835 1‘2.
757 5781 968 5838 “Psal.
1000 5799 1188 5848 xxx",
1218 5783 1309 5837 21.
1415 5783 1457 5814 ¹¹
1485 5784 1644 5838 l‘rov.
1681 5799 1823 5849 xxw,
1864 5783 1945 5838 l6.

1729 5641 1954 5698 ‘lCor.
1987 5659 2044 5706 κ,
2087 5642 2171 5695 ll.

1760 5713 1801 5744 ¹⁰
1827 5713 1967 5767 Psal.
2004 5729 2193 5774 cxvm,
2231 5710 2352 5763 105.

2027 5784 2068 5813 ¹⁶
2098 5784 2114 5838 1
2145 5781 2263 5836 Pet.
2295 5795 2346 5847 ν,
2377 5777 2429 5832 8.

2145 4560 2262 4610 nes,
2297 4543 2489 4614 singuli
2524 4555 2644 4595 cum
2676 4541 2871 4594 turmis
2911 4540 3025 4594 suis
3061 4547 3377 4606 exspectent
3425 4537 3721 4594 Salvatoris

2143 4637 2460 4696 adventum,
2487 4641 2544 4686 ut
2574 4629 2886 4699 conspectui
2921 4629 3065 4684 illius
3089 4635 3340 4684 ornatum
3373 4629 3541 4682 armis
3569 4643 3723 4683 exer-

2148 4729 2318 4783 citum
2351 4732 2684 4795 praeparent.
2717 4723 2795 4777 Ne
2817 4721 3153 4789 refrigeretis
3184 4735 3278 4775 eos
3308 4721 3360 4774 in
3393 4720 3720 4782 carnalibus,

2142 4831 2199 4874 et
2251 4818 2517 4888 spiritalia
2570 4832 2672 4870 non
2729 4815 2982 4870 tribuatis
3023 4814 3302 4869 alimenta.
3337 4815 3446 4867 Aut
3495 4827 3712 4869 rursum

2143 4912 2383 4967 doceatis
2425 4908 2710 4978 spiritalia,
2765 4915 2821 4962 et
2880 4906 2933 4960 in
2983 4904 3295 4960 carnalibus
3344 4902 3624 4973 adligatis,
3668 4903 3719 4957 in

2140 5005 2282 5060 escis
2337 5002 2585 5056 videlicet
2625 5009 2790 5070 atque
2839 4997 3059 5052 vestitu.
3105 4995 3212 5052 Sed
3257 5006 3312 5051 et
3355 4997 3632 5066 spiritales
3662 5006 3716 5050 et

2143 5097 2391 5154 carnales
2434 5095 2586 5149 cibos
2617 5095 2821 5163 pariter
2851 5091 3096 5156 tribuite,
3128 5101 3182 5145 et
3211 5089 3412 5143 nullam
3457 5091 3598 5144 detis
3637 5091 3715 5146 eis

2138 5185 2478 5245 occasionem
2529 5182 2890 5252 negligentiae.
2925 5181 3033 5235 Aut
3083 5194 3204 5248 quae
3233 5187 3318 5233 est
3354 5179 3452 5232 ista
3484 5179 3715 5248 justitia,

2139 5285 2198 5332 ut
2245 5278 2442 5331 fratres
2493 5277 2677 5330 labore
2707 5273 3035 5344 aliligamus,
3062 5280 3116 5328 et
3149 5271 3247 5341 ipsi
3285 5272 3395 5325 otio
3425 5272 3718 5324 vacemus?

2139 5379 2234 5424 aut
2279 5370 2362 5423 eis
2402 5369 2592 5438 jugum
2641 5368 3003 5436 imponamus,
3063 5364 3208 5433 quod
3269 5362 3370 5432 ipsi
3419 5360 3566 5416 ferre
3613 5377 3713 5415 non

2139 5461 2476 5534 possumus?
2523 5459 2777 5530 Legimus
2834 5459 2888 5513 in
2928 5455 3270 5525 Evangelia:
3313 5452 3432 5520 Qua
3469 5467 3712 5506 mensura

2251 5638 2311 5692 ΙΙ1
2343 5639 2469 5694 Cor.
2497 5653 2546 5702 v,
2578 5638 2630 5692 5.
2756 5637 2776 5668 ⁸
2803 5635 2948 5691 Psal.
2984 5641 3167 5700 cxx‘w,
3201 5631 3256 5687 5.
3317 5699 3333 5702 Α
3357 5631 3377 5661 ⁷
3407 5627 3515 5702 ιφ.
3557 5640 3708 5702 _x_xt°t,

2430 5711 2470 5740 “
2503 5697 2633 5763 ibid.
2699 5707 2786 5763 50.
2871 5706 3083 5760 “Psal.
3121 5697 3276 5762 xvnt.
3308 5699 3366 5754 8.
3474 5697 3518 5728 ⁸³
3555 5697 3704 5750 Rom.

2547 5780 2587 5810 "
2618 5778 2661 5832 11
2697 5776 2837 5832 Tim.
2874 5793 2954 5846 ut,
2999 5775 3088 5832 t0.
3162 5773 3205 5806 ¹⁸
3228 5771 3371 5828 Psal.
3411 5781 3622 5834 cxxstt,
3651 5765 3702 5821 ἃ.
