3890 6274
196 417 309 473 875

1024 422 1083 479 S.
1122 418 1418 479 ORSIESII
1454 417 1803 479 DOCTRINA
1845 422 1933 477 DE
1968 419 2319 483 lNSTlTUT.
2366 421 2677 483 MONACll.
3353 430 3460 484 επ

196 532 367 586 mensi
396 530 626 600 fueritis,
656 535 950 589 remetietur
994 536 1216 591 vobis".
1256 535 1411 594 Unde
1444 547 1498 595 et
1535 539 1772 594 laborem
1808 544 1850 599 A
1880 549 2061 601 tuum,
2104 556 2165 594 ne
2200 540 2391 594 habeas
2434 550 2705 610 peccatum
2756 554 2851 607 pro
2905 555 2963 593 eo
2996 538 3061 593 ’³.
3112 538 3192 596 Ne
3239 543 3460 598 eveniat

191 632 248 678 et
270 622 552 693 refrigeria
579 638 700 679 cum
727 624 857 695 ipsis
885 626 1181 685 habeamus
1206 631 1538 697 communia,
1568 646 1666 689 nec
1689 631 1773 685 di-

190 714 433 783 scipulos
457 728 643 769 servos
671 725 943 786 putemus,
977 728 1031 773 et
1062 719 1273 777 illorum
1295 720 1570 778 tribulatio
1587 722 1657 778 sit
1678 737 1765 777 no-

190 817 309 859 snra
334 804 545 868 laztitia,
566 819 635 859 ne
658 819 840 860 sermo
853 807 1197 876 evangelicus
1218 823 1315 865 nos
1338 823 1460 864 cum
1480 807 1771 865 Pharisseis

185 893 455 964 corripiat
488 909 501 946 :
539 892 629 949 Va:
685 895 825 949 vobis
860 895 989 963 legis
1023 898 1228 966 peritis,
1259 900 1350 968 qui
1385 900 1564 970 ligatis
1605 917 1766 955 onera

185 984 569 1052 importabilia,
612 997 659 1039 et
690 986 957 1055 imponitis
1002 1006 1063 1043 ea
1120 1007 1272 1060 super
1306 991 1547 1046 humeros
1599 992 1769 1046 homi-

184 1091 341 1141 num,
366 1086 412 1129 et
440 1076 540 1143 ipsi
570 1093 632 1130 ne
652 1076 820 1147 digito
844 1079 1051 1147 quidem
1074 1081 1285 1135 audetis
1319 1083 1575 1152 attingere
1591 1083 1656 1135 ”.

262 1164 397 1222 Vill.
441 1164 577 1222 Sunt
612 1168 774 1238 aliqui
806 1171 1146 1227 attendentes
1214 1173 1559 1244 semetipsos,
1602 1186 1660 1229 ut
1690 1174 1770 1228 vi-

189 1268 382 1314 ventes
405 1257 558 1328 juxta
602 1262 916 1317 mandatum
953 1261 1049 1317 Dei
1090 1263 1192 1319 sibi
1231 1264 1549 1334 loquuntur,
1597 1276 1651 1321 et
1684 1267 1770 1321 di-

186 1358 365 1407 cunt:
410 1352 548 1419 Quid
590 1353 720 1408 mihi
755 1363 842 1409 est
876 1368 998 1409 cum
1035 1353 1200 1410 aliis?
1234 1357 1348 1425 Ego
1387 1372 1516 1412 vero
1554 1366 1613 1412 ut
1652 1372 1771 1413 ser-

186 1441 336 1496 viam
356 1450 488 1507 Deo,
513 1452 569 1497 et
590 1444 838 1499 mandata
862 1443 978 1512 ejus
1003 1444 1253 1512 impleam
1279 1487 1295 1512 ,
1319 1462 1422 1503 non
1450 1449 1515 1501 ad
1539 1464 1625 1502 me
1650 1462 1772 1518 per-

196 1537 333 1589 tinet
360 1535 485 1604 quid
514 1534 603 1588 alii
641 1533 862 1590 faciant.
894 1535 1005 1592 lloc
1039 1537 1287 1593 Ezechiel
1307 1538 1728 1609 corripitdicens
1754 1557 1769 1594 :

188 1624 238 1681 Ο
262 1637 496 1695 pastores
527 1624 721 1693 Israel,
748 1628 982 1698 nunquid
1006 1629 1304 1698 semetipsos
1348 1638 1568 1698 pascunt
1593 1638 1772 1699 pasto-

189 1732 272 1770 res
291 1717 317 1769 ?
348 1732 516 1770 nonne
539 1733 654 1771 oves
675 1719 936 1785 pascunt?
954 1717 1090 1774 Ecce
1108 1718 1190 1773 lac
1217 1720 1535 1788 comedistis,
1560 1730 1608 1774 et
1632 1719 1772 1775 lanis

188 1808 504 1877 aperimini;
536 1809 673 1878 quod
702 1810 892 1879 pingue
921 1820 997 1865 est
1027 1810 1361 1878 immolastis,
1386 1823 1433 1867 et
1458 1811 1597 1881 quod
1620 1811 1773 1881 inﬁr-

1877 646 2090 685 rursum
2140 628 2269 685 illud
2318 632 2671 687 Salomonis:
2732 631 2836 698 Qui
2882 649 2986 686 non
3028 634 3268 702 praedicit
3318 634 3456 704 ﬁlio.

1876 732 1929 775 ut
1974 737 2030 777 se
2072 721 2333 775 custodiat
2384 739 2416 775 a
2460 723 2841 792 perditionibus
2868 763 2883 787 ,
2926 722 3171 778 velociter
3206 723 3460 779 dissolve—

1877 822 1964 867 tur
1986 813 2051 867 ".

1944 904 2010 959 Χ.
2052 907 2253 961 Omnes
2284 906 2479 976 quibus
2509 906 2735 961 fratrum
2763 922 2887 959 cura
2914 907 3202 962 conimiss'a
3231 914 3334 972 est,
3366 922 3459 975 pa-

1876 1006 1999 1050 rent
2030 1012 2090 1052 se
2122 996 2376 1050 adventui
2410 996 2709 1051 Salvatoris
2732 1007 2783 1052 et
2816 997 3161 1052 formidolosa
3199 998 3450 1051 tribunali

1876 1087 2013 1156 ejus.
2049 1087 2104 1141 Si
2127 1087 2270 1139 enim
2298 1102 2393 1155 pro
2426 1102 2485 1141 se
2520 1087 2636 1156 ipso
2665 1087 2886 1142 reddere
2912 1088 3201 1151 rationem,
3236 1089 3449 1156 plenum

1875 1189 1957 1231 cst
1990 1178 2318 1233 discriminis
2371 1194 2434 1233 ac
2474 1178 2722 1241 timoris;
2774 1188 2829 1232 et
2883 1188 3086 1247 quanto
3135 1180 3307 1249 magis
3358 1194 3452 1248 pro

1876 1269 2098 1325 alterius
2126 1268 2280 1337 culpa
2315 1268 2499 1325 subire
2526 1269 2848 1331 cruciatum,
2877 1278 2932 1323 et
2965 1270 3201 1324 incidere
3238 1270 3292 1327 iu
3327 1288 3444 1323 ma-

1876 1374 1977 1415 nus
2014 1356 2111 1416 Dei
2154 1357 2423 1413 viventis?
2473 1357 2582 1412 Nec
2624 1372 2911 1427 possumus
2959 1358 3255 1413 obtendere
3297 1360 3450 1428 ignoo

1875 1450 2129 1514 rantiam,
2157 1466 2279 1505 cum
2311 1450 2570 1519 scriptum
2600 1450 2673 1504 sit
2701 1466 2714 1501 :
2748 1447 2916 1503 Omne
2949 1449 3149 1517 factum
3180 1449 3317 1504 Deus
3346 1452 3448 1503 ad-

1874 1546 2023 1598 ducet
2045 1545 2099 1598 in
2122 1544 2363 1613 judicio,
2395 1544 2449 1596 in
2478 1541 2717 1596 omnibus
2743 1556 2859 1611 qua:
2894 1540 3125 1610 neglecta
3165 1551 3310 1605 sunt,
3346 1543 3449 1596 sive

1876 1636 2101 1699 bonum,
2146 1635 2253 1687 sive
2287 1632 2483 1686 malum
2526 1632 2607 1698 ²⁰;
2655 1641 2711 1686 et
2762 1633 2815 1685 in
2864 1630 3121 1699 Apostolo
3171 1630 3446 1700 legimus:

1875 1721 2068 1778 Omnes
2095 1739 2188 1776 nos
2209 1731 2408 1790 oportet
2449 1721 2779 1788 manifestari
2812 1731 2932 1775 ante
2968 1719 3201 1774 tribunal
3226 1718 3445 1785 Christi,

1875 1825 1929 1865 nt
1955 1814 2308 1890 unusquisque
2336 1811 2547 1877 recipiat
2579 1826 2673 1880 pro
2695 1826 2755 1863 eo
2780 1811 2919 1880 quod
2943 1820 3187 1887 qperatus
3219 1820 3315 1876 est,
3341 1813 3448 1865 sire

188 1914 334 1955 muns
360 1914 462 1953 non
488 1898 865 1967 confortastis;
892 1900 1031 1968 quod
1050 1900 1276 1969 fractum
1297 1911 1371 1956 est
1397 1916 1500 1956 non
1522 1900 1765 1972 ligastis;
1802 1900 1841 1955 Β
1870 1900 2083 1965 bonum,
2114 1902 2219 1954 sive
2243 1900 2440 1954 malum
2484 1901 2553 1953 ³¹.
2604 1900 2768 1954 Isaias
2812 1914 3027 1969 quoque
3068 1899 3207 1954 diem
3244 1901 3449 1956 consti-

186 1993 327 2061 quod
354 1987 692 2058 errabatlnon
714 1989 1023 2055 reduxistis,
1048 1989 1187 2060 quod
1206 1989 1430 2060 perierat
1452 2006 1555 2045 non
1574 1991 1766 2061 quaesi-

189 2083 304 2146 stis,
337 2082 475 2153 quod
496 2082 633 2151 forte
656 2091 771 2136 erat
797 2081 991 2153 fecistis
1022 2080 1199 2137 labore
1226 2081 1467 2151 deﬁcere,
1488 2092 1539 2137 et
1559 2082 1764 2151 disper-

185 2175 331 2229 sistis
354 2190 470 2229 oves
490 2189 653 2238 meas,
670 2188 728 2227 eo
744 2173 996 2244 quodnon
1013 2173 1258 2228 haberent
1285 2174 1600 2243 pastores".
1625 2172 1760 2229 Pro-

186 2276 369 2338 pterea
407 2266 521 2337 ipse
553 2266 811 2322 Dominus
838 2265 1014 2323 veniet
1041 2279 1162 2322 cum
1190 2265 1496 2322 senioribus
1522 2275 1577 2322 et
1610 2266 1763 2336 prin-

183 2360 397 2430 cipibus
431 2358 581 2423 suis,
618 2368 672 2413 et
705 2357 1068 2428 coniplebitur
1114 2356 1245 2413 illud
1284 2356 1336 2411 in
1370 2357 1527 2413 nobis
1561 2373 1575 2411 :
1616 2355 1765 2413 Exa-

185 2463 352 2506 ctores
381 2450 532 2506 restri
559 2451 934 2521 deprtedanlur
966 2467 1074 2516 eos,
1096 2458 1147 2505 et
1168 2451 1259 2521 qui
1289 2460 1553 2515 repetunt,
1583 2465 1763 2504 errare

184 2559 273 2599 vos
304 2543 510 2612 faciunt
534 2544 601 2598 ²².
649 2542 788 2610 Quin
829 2542 1006 2612 magis
1039 2541 1227 2598 audire
1257 2540 1516 2596 debemus
1551 2560 1564 2596 :
1598 2541 1761 2599 Beata

185 2646 355 2701 terra,
376 2634 529 2704 cujus
556 2650 645 2687 rex
664 2634 806 2699 filius
829 2649 848 2687 :
872 2633 1081 2704 ingenui
1099 2646 1144 2687 et
1168 2632 1429 2702 principes
1457 2634 1533 2686 tui
1558 2634 1613 2686 in
1628 2642 1759 2686 tem-

182 2744 312 2795 pore
345 2727 618 2781 comedunt
648 2726 699 2779 in
717 2726 1046 2794 fortitudine,
1074 2735 1125 2777 et
1152 2740 1253 2778 non
1282 2723 1669 2792 confundentur
1690 2723 1756 2777 ’³.

255 2816 350 2872 IX.
392 2816 537 2881 Ideo,
571 2831 604 2870 ο
657 2817 838 2881 homo,
872 2828 1043 2883 usque
1075 2816 1140 2869 ad
1182 2828 1341 2867 unam
1378 2814 1614 2868 animam
1641 2827 1761 2883 qua:

183 2908 282 2963 tibi
313 2908 520 2964 credita
549 2917 662 2972 est,
704 2922 923 2963 monere
963 2922 1067 2962 non
1112 2920 1294 2963 cesses
1322 2915 1379 2962 et
1415 2905 1610 2963 docere
1640 2919 1761 2975 quas

180 3010 370 3056 sancta
405 3009 551 3066 sunt,
584 3010 639 3055 et
672 3010 723 3056 te
763 3000 935 3070 ipsum
971 2999 1233 3053 bonorum
1262 2997 1759 3068 operum-praebere

180 3092 512 3163 exemplum.
550 3102 606 3148 et
648 3106 841 3148 cavere
888 3105 1050 3159 quam
1103 3089 1367 3153 maxime,
1421 3103 1488 3143 ne
1530 3087 1756 3142 alterum

182 3199 335 3239 ames
384 3193 441 3238 et
482 3184 709 3240 alterum
754 3183 971 3249 oderis;
1006 3181 1100 3238 sed
1151 3189 1207 3235 et
1244 3178 1466 3249 “cunctis
1499 3178 1758 3234 exhibeas

1870 2001 2040 2047 tutam
2079 1992 2370 2061 signiﬁcat,
2401 1994 2454 2046 in
2480 2007 2584 2061 qua
2610 1992 2951 2060 judicaturus
2982 1990 3051 2046 sit
3083 1990 3226 2046 Deus
3256 1992 3443 2047 orbem

1869 2092 2026 2139 terrae
2060 2083 2114 2139 in
2151 2082 2385 2153 justitia,
2418 2084 2639 2138 dicens:
2674 2079 2810 2136 Ecce
2843 2082 2956 2136 dies
2991 2081 3203 2137 Domini
3230 2084 3444 2138 insana-

1866 2174 1985 2229 bilis
2017 2175 2153 2229 venit
2183 2175 2381 2245 furoris
2425 2184 2472 2228 et
2522 2176 2635 2239 εγω,
2680 2184 2733 2229 ut
2780 2182 2940 2241 ponat
2970 2175 3142 2229 orbem
3189 2183 3345 2230 terra
3387 2178 3445 2231 in

1864 2268 2066 2322 deserto
2087 2308 2100 2331 ,
2132 2278 2181 2325 et
2215 2268 2400 2339 perdat
2437 2275 2733 2337 peccatores
2775 2268 2841 2321 de
2869 2283 2930 2320 eo
2961 2266 3031 2323 ³⁸.
3068 2267 3281 2324 Scimus
3313 2270 3443 2339 quia

1863 2359 2045 2415 omnia
2095 2373 2216 2429 quae
2259 2360 2310 2413 iu
2346 2359 2461 2428 lege
2500 2358 2699 2427 scripta
2753 2367 2919 2424 sunt,
2968 2366 3024 2412 et
3056 2361 3440 2429 prophetarum

1865 2452 2020 2506 nobis
2046 2451 2300 2505 vaticinia
2333 2449 2699 2520 praedixerunt
2727 2488 2744 2515 ,
2781 2463 3008 2507 sanctus
3038 2467 3253 2523 quoque
3283 2451 3443 2508 Pater

1864 2553 2050 2598 noster
2073 2542 2329 2607 erudivit,
2368 2556 2465 2597 nos
2495 2556 2617 2598 esse
2659 2542 2971 2600 retinendos
3016 2551 3072 2597 et
3137 2542 3441 2599 reddituros

1864 2631 2130 2687 rationem
2169 2631 2235 2686 de
2265 2631 2515 2701 singulis,
2546 2645 2715 2699 quare
2753 2647 2861 2687 non
2896 2632 3189 2690 fecerimus
3224 2649 3310 2701 ea,
3347 2648 3461 2690 a-zt.

1864 2724 2219 2794 uegligentius
2247 2723 2558 2781 fecerimus.
2595 2724 2858 2794 Loquitur
2886 2727 3029 2780 enim
3061 2727 3147 2782 cui
3179 2728 3435 2783 traditum

1860 2825 1944 2872 est
1973 2832 1999 2869 a
2028 2815 2192 2872 Patre
2218 2831 2378 2871 omne
2401 2816 2687 2886 judicium,
2713 2825 2767 2872 et
2794 2814 3004 2874 Veritas
3033 2819 3211 2874 erudit
3238 2819 3437 2873 verita-

1860 2915 1968 2963 tem
1996 2923 2010 2961 :
2054 2905 2178 2962 Non
2217 2908 2408 2976 putetis
2440 2907 2566 2977 quia
2609 2923 2702 2976 ego
2742 2923 2931 2963 accuso
2952 2925 3058 2987 ⁸υοι
3085 2910 3154 2965 ad
3186 2907 3434 2976 Patrem;

1859 3010 1934 3054 est
1971 3000 2062 3069 qui
2105 3015 2190 3053 vos
2235 3008 2442 3053 accuset
2482 2997 2711 3069 Moyses,
2751 3001 2806 3053 in
2850 3016 2950 3070 quo
2984 3017 3069 3055 vos
3102 3003 3343 3069 speratis.
3376 3001 3437 3058 S.

1860 3093 1996 3146 enim
2044 3092 2320 3146 crederetis
2370 3090 2544 3161 Moysi
2569 3132 2583 3155 ,
2626 3093 2903 3146 crederetis
2948 3102 2998 3147 et
3050 3094 3179 3147 milii
3215 3109 3234 3148 :
3266 3094 3332 3148 de
3358 3108 3439 3149 me

1861 3183 1999 3237 enim
2028 3182 2115 3237 ille
2140 3182 2351 3251 scripsit
2383 3182 2450 3236 ".

179 3276 580 3347 :equalitatem:
610 3290 674 3331 ne
706 3275 843 3329 forte
869 3246 1027 3344 quem
1056 3281 1110 3327 tu
1138 3246 1348 3341 diligis,
1382 3270 1524 3325 Deus
1544 3268 1751 3333 oderit;
1786 3246 1832 3306 (ἶ
1934 3272 2024 3327 XI.
2072 3274 2147 3329 Ex
2177 3246 2372 3343 quibus
2402 3274 2657 3330 omnibus
2687 3274 2968 3339 discimus,
3010 3278 3154 3347 quod
3189 3287 3436 3348 oporteat

181 3377 238 3423 et
264 3382 427 3437 quem
462 3376 515 3422 tu
554 3366 733 3422 oderis
779 3365 921 3422 Deus
968 3364 1174 3436 diligat.
1224 3362 1368 3417 Nulli
1406 3361 1614 3417 erranti
1662 3376 1760 3432 pro

181 3460 421 3515 amicitia
454 3460 786 3524 consentias,
813 3468 867 3514 et
904 3458 1131 3513 alterum
1173 3471 1410 3527 premas,
1444 3464 1499 3511 et
1528 3454 1757 3510 alterum

179 3554 468 3619 subleves,
508 3561 563 3608 et
594 3560 783 3623 pereat
829 3550 979 3606 labor
1025 3560 1167 3606 tuus.
1215 3548 1481 3604 Sedeutes
1518 3547 1571 3601 in
1624 3545 1758 3603 locis

180 3643 565 3699 humilioribus
593 3643 646 3698 in
677 3642 873 3714 quibus
897 3639 1060 3697 Pater
1083 3648 1266 3695 noster
1287 3636 1526 3708 prtecipit
1547 3637 1759 3707 penitus

182 3751 290 3791 non
317 3734 633 3799 sedendum,
658 3741 885 3789 caveant
913 3730 1184 3803 prmpositi
1211 3730 1519 3793 domorum,
1547 3742 1614 3782 ne
1643 3727 1759 3783 fore

183 3827 329 3882 sitan
358 3827 581 3897 quilibet
621 3840 760 3881 unus
790 3840 855 3881 es
899 3823 1154 3879 fratribus
1188 3821 1475 3892 praeposito
1503 3820 1755 3890 injuriam

184 3919 397 3985 fecerit,
424 3929 479 3974 et
509 3921 677 3973 iratus
697 3917 787 3972 ille
808 3915 1097 3982 discernat,
1121 3928 1185 3969 ac
1209 3914 1352 3968 dicat
1377 3930 1389 3965 :
1416 3912 1553 3980 Quid
1580 3926 1757 3967 causa:

182 4013 359 4068 habeo
382 4012 448 4066 ad
471 4011 743 4067 hominem
763 4005 1226 4075 contemptorem?
1245 4005 1431 4061 Faciat
1457 4004 1596 4075 quod
1622 4005 1755 4070 vult,

180 4104 250 4157 ad
286 4118 371 4158 me
399 4117 504 4156 non
535 4102 798 4170 pertinet;
822 4114 920 4154 nec
944 4113 1066 4155 eum
1092 4111 1307 4163 moneo,
1342 4110 1445 4151 nec
1479 4105 1755 4151 errantem

178 4196 429 4265 corrigo;
468 4194 582 4248 sive
614 4194 873 4257 salvetur,
906 4191 1023 4247 sive
1052 4195 1261 4259 pereat,
1289 4186 1357 4242 ad
1384 4201 1468 4242 me
1496 4201 1600 4240 non
1631 4200 1753 4257 per-

180 4288 338 4342 tinet.
368 4286 412 4342 0
447 4287 626 4347 homo,
656 4284 783 4354 quid
813 4284 926 4339 haec
948 4278 1231 4351 loqueris?
1263 4278 1498 4347 intelligo
1529 4290 1636 4347 quo
1668 4276 1753 4331 [ιιι

183 4394 309 4433 rore
346 4378 656 4448 superaris;
698 4386 751 4431 et
780 4376 959 4431 odium
1008 4370 1298 4441 occupavit
1329 4385 1426 4425 cor
1472 4379 1656 4433 tuum,
1696 4377 1756 4422 ut

180 4471 356 4538 magis
384 4480 473 4523 tuo
499 4469 630 4523 vitio
657 4481 815 4536 quam
844 4480 943 4522 suo
967 4472 1193 4533 peccato
1224 4460 1395 4515 frater
1418 4468 1637 4530 pereat;
1667 4458 1754 4513 cui

1863 3380 1962 3420 nos
1988 3376 2135 3420 stare
2162 3375 2286 3421 ante
2327 3365 2565 3420 tribunal
2595 3366 2821 3432 Christi,
2860 3378 2916 3423 et
2949 3369 3015 3423 de
3052 3369 3280 3440 singulis
3327 3386 3435 3425 non

1859 3454 2031 3511 solum
2071 3456 2360 3526 operibus,
2402 3457 2495 3511 sed
2537 3466 2593 3511 et
2622 3457 3043 3526 cogitationibus
3073 3457 3343 3528 judicari;
3380 3470 3437 3518 et

1860 3558 1980 3618 post
2007 3549 2267 3603 rationem
2302 3550 2423 3604 vita:
2454 3557 2671 3615 nostrae,
2699 3550 2864 3605 etiam
2885 3566 2985 3620 pro
3010 3551 3132 3607 aliis
3159 3555 3250 3623 qui
3278 3554 3435 3609 nobis

1858 3640 2050 3695 crediti
2088 3640 2233 3706 sint,
2271 3639 2579 3696 reddituros
2616 3654 2737 3697 esse
2765 3640 3014 3697 similiter
3044 3643 3332 3699 rationem.
3366 3643 3435 3701 Et

1862 3732 1967 3788 hoc
1999 3748 2106 3789 non
2140 3732 2312 3788 solum
2351 3732 2418 3788 de
2450 3734 2756 3803 praepositis
2787 3733 3072 3790 domorum
3103 3735 3430 3791 audiendum

1859 3834 1965 3889 est,
1991 3825 2086 3881 sed
2110 3834 2166 3879 et
2190 3825 2258 3880 de
2286 3825 2742 3879 monasteriorum
2771 3824 3120 3896 principibus,
3146 3834 3202 3881 et
3230 3826 3296 3881 de
3321 3826 3436 3883 sin-

1864 3914 2006 3983 gulis
2063 3912 2323 3968 fratribus
2373 3914 2463 3983 qui
2516 3921 2837 3984 reputantur
2883 3913 2937 3968 in
2987 3913 3193 3984 plebem
3239 3930 3254 3969 :
3306 3914 3433 3984 quia

1856 4018 2046 4059 omnes
2082 4005 2313 4060 invicem
2340 4006 2536 4060 debent
2559 4020 2657 4061 sua
2698 4020 2864 4061 enera
2894 4018 3134 4076 portare,
3170 4018 3227 4063 ut
3254 4010 3431 4064 adim-

1857 4096 2036 4167 pleaut
2061 4097 2230 4167 legem
2256 4097 2460 4153 Christi
2496 4097 2563 4163 ³⁵,
2608 4107 2665 4153 et
2692 4098 2916 4152 audiant
2944 4098 3262 4168 Apostolum
3290 4102 3433 4155 scri-

1856 4187 2070 4241 bentem
2102 4187 2169 4240 ad
2219 4186 2565 4242 Timotheum
2605 4203 2620 4238 :
2683 4184 2728 4239 0
2781 4185 3086 4248 Timothee,
3136 4187 3430 4256 depositum

1855 4279 2080 4344 custodi,
2117 4278 2356 4332 devitans
2395 4277 2649 4347 profanas
2682 4292 2863 4331 eorum
2891 4278 3173 4336 novitates.
3222 4286 3270 4329 et
3298 4292 3430 4344 pro-

1856 4370 2128 4440 fessionem
2158 4368 2280 4438 [ιιιδὶ
2312 4368 2540 4422 nominis
2578 4367 2807 4427 scientia
2839 4366 2908 4419 ³⁸.
2941 4364 3005 4419 Et
3048 4380 3144 4421 nos
3173 4364 3205 4419 h
3226 4366 3434 4423 ibamus

1856 4460 2161 4531 depositum
2194 4475 2222 4513 a
2266 4460 2373 4513 Deo
2408 4460 2699 4523 traditum,
2727 4458 3147 4513 conversatione
3176 4456 3429 4524 fratrum,

178 4562 348 4615 debes
380 4575 659 4629 ignoscere
696 4569 750 4611 et
795 4571 918 4611 eum
958 4553 1236 4624 suscipere
1275 4552 1625 4623 ptenitentem
1646 4587 1662 4612 ,
1695 4559 1753 4604 ut
1784 4581 1826 4636 ο
1858 4568 1955 4620 pro
1992 4550 2190 4617 quibus
2235 4550 2550 4605 laborantes
2578 4559 2634 4604 et
2668 4559 3047 4620 exspectamus
3077 4548 3255 4604 futura
3294 4564 3431 4619 prato

179 4652 358 4721 possis
397 4651 523 4704 illud
553 4648 920 4717 evangelicum
969 4646 1151 4701 dicere
1184 4662 1196 4697 :
1231 4645 1447 4699 Dimitte
1475 4642 1621 4697 nobis
1656 4642 1749 4695 de-

178 4746 288 4799 bita
323 4753 521 4806 nostra,
552 4742 684 4797 sicut
717 4749 765 4796 et
805 4756 898 4794 nos
932 4739 1243 4793 dimittimus
1286 4734 1607 4789 debitoribus
1654 4747 1751 4786 no-

174 4836 305 4891 stris
339 4839 408 4892 ”.
452 4835 508 4889 Si
536 4848 666 4903 ergo
690 4833 773 4887 vis
816 4841 875 4886 ut
913 4831 1054 4885 Deus
1084 4836 1301 4899 peccata
1336 4836 1425 4880 tua
1452 4824 1545 4880 tibi
1574 4823 1756 4879 dimit-

179 4934 299 4989 tat;
334 4932 390 4980 et
416 4931 472 4979 tu
497 4922 712 4978 dimitte
742 4921 897 4976 fratri
929 4928 1021 4975 tuo
1045 4917 1308 4990 quidquid
1342 4914 1471 4971 illud
1495 4923 1580 4970 est
1610 4912 1756 4985 quod

179 5018 234 5073 in
281 5026 334 5071 te
367 5014 645 5086 peccavit,
683 5028 891 5068 memor
929 5012 1070 5067 illius
1104 5007 1402 5082 praseepti:
1460 5003 1543 5061 Ne
1580 5004 1753 5061 oderis

176 5114 401 5166 fratrem
426 5114 572 5159 tuum
602 5105 656 5158 in
690 5102 845 5158 corde
875 5112 964 5156 tuo
987 5102 1057 5167 '5;
1085 5108 1141 5155 et
1173 5097 1479 5156 Salomonis
1524 5110 1753 5153 monen-

175 5207 290 5251 tts:
330 5194 543 5250 Suscita
573 5195 732 5250 ciuem
772 5203 921 5248 tuum
960 5210 1056 5262 pro
1097 5208 1198 5263 quo
1227 5189 1559 5262 spopondisti
1583 5189 1652 5256 ";
1696 5196 1753 5245 et

174 5298 374 5343 iterum
404 5305 420 5343 :
461 5285 545 5341 Ne
569 5303 735 5342 cesses
768 5286 978 5340 erudire
1006 5283 1279 5354 parvulum
1313 5284 1401 5344 :si
1431 5282 1570 5337 enim
1603 5282 1748 5351 uirga

174 5376 492 5447 percusseris
528 5392 681 5441 eum,
728 5390 831 5429 non
875 5375 1129 5428 morietur
1161 5374 1227 5427 ⁸⁷.
1266 5371 1485 5444 Moysen
1534 5384 1753 5441 quoque

172 5465 420 5521 ausculta
448 5466 718 5521 dicentem
752 5481 766 5518 :
800 5464 1136 5534 Correptione
1171 5465 1419 5533 corripies
1450 5463 1748 5530 proximum

249 5626 294 5657 "
327 5623 517 5683 Matth.
547 5641 645 5690 vn,
684 5626 739 5680 2.

177 5700 221 5729 ’⁸
257 5696 447 5753 Matth.
480 5713 555 5756 vt.
584 5698 670 5750 12.

179 5783 294 5828 xix,
328 5767 417 5821 18.
520 5767 566 5797 ³⁸
612 5768 790 5820 Ecrle.
835 5782 940 5829 xu,
990 5769 1076 5821 11.

179 5836 222 5868 ⁵³
256 5840 275 5892 ι
307 5837 448 5895 'l'im.
491 5852 565 5901 vi,
602 5836 690 5892 20.
769 5837 815 5868 “
853 5836 1023 5891 Exod.
1066 5853 1120 5901 v,
1170 5838 1215 5890 l.

462 5928 733 5989 Ps'rnoc.
770 5928 889 5987 Gn.
928 5928 1057 5989 XL.

865 5627 911 5661 ”
952 5620 1141 5682 Matth.
1179 5640 1335 5689 xxnl,
1375 5625 1431 5678 ι.

775 5699 821 5730 ’⁸
861 5696 988 5752 Lev.
1020 5713 1131 5761 six,
1160 5696 1247 5749 17.
1351 5696 1396 5726 ’⁸
1431 5696 1591 5749 Prom
1625 5710 1652 5743 v

778 5806 790 5820 .
835 5782 940 5820 xu.
990 5769 1076 5820 Η.
1188 5767 1229 5798 ³⁸
1280 5765 1318 5819 ll
1358 5764 1482 5820 Cor.
1512 5764 1655 5820 v.10

1295 5837 1337 5868 ³⁷
1370 5834 1479 5890 Jer.
1514 5804 1573 5898 η’,
1620 5838 1672 5889 8.

1577 5624 1619 5656 ¹¹
1663 5623 1858 5678 Ezecb.
1887 5636 2074 5685 xxxiv,
2096 5619 2213 5674 2-5.

1431 5693 1591 5749 Prom
1625 5710 1699 5759 vl,
1740 5694 1793 5747 1.
1893 5693 1937 5723 ⁸⁷
1979 5693 2136 5745 Prov.
2177 5707 2205 5743 ι

1440 5781 1482 5818 r.
1512 5764 1678 5824 v.10.
1779 5763 1939 5818 “Isti.
1983 5777 2099 5824 stu,
2151 5759 2205 5813 9.

1751 5834 1795 5868 ³⁸
1823 5835 1928 5889 lsa.
1965 5846 2131 5896 sevit,
2156 5834 2209 5883 6.
2288 5829 2329 5864 ³³
2363 5830 2381 5885 l
2414 5831 2521 5885 Cor
2567 5830 2791 5896 stv,38.

1857 4642 1961 4696 mia
1990 4680 2006 4709 ,
2053 4657 2121 4696 ne
2161 4640 2387 4696 forsitan
2426 4641 2636 4695 dicatur
2679 4651 2736 4697 et
2786 4640 2984 4696 nobis:
3016 4639 3232 4695 Dimitte
3267 4657 3432 4711 popu-

1854 4732 1964 4786 lum
1986 4734 2143 4788 istum
2166 4774 2182 4799 ,
2215 4746 2273 4788 ut
2307 4733 2458 4788 abeat
2482 4732 2528 4765 ³⁸
2552 4748 2568 4799 ;
2592 4743 2648 4788 et
2685 4733 3006 4789 traditiones
3046 4733 3221 4789 Patris
3256 4736 3428 4789 nostri

1858 4827 2231 4882 deserentibus
2273 4826 2588 4896 iugeratur:
2630 4823 2733 4890 Qui
2767 4824 2955 4883 habent
2983 4824 3146 4895 legem
3185 4840 3292 4879 non
3334 4841 3430 4880 no-

1856 4926 2037 4972 verunt
2082 4933 2161 4971 me
2183 4954 2198 4982 ,
2228 4926 2467 4986 pastores
2503 4930 2715 4988 egerunt
2746 4917 2903 4986 impie
2944 4918 2999 4970 in
3044 4931 3129 4972 me
3170 4914 3239 4971 ⁸⁷.
3272 4914 3432 4972 Unde

1858 5008 1994 5065 alios
2034 5009 2260 5079 corripit
2290 5009 2522 5064 dicens:
2565 5007 2678 5079 Ego
2721 5007 2842 5062 dedi
2863 5007 3218 5063 hereditatem
3258 5023 3431 5062 meam

1854 5100 1908 5155 in
1932 5116 2092 5155 manu
2117 5111 2230 5167 tua,
2266 5108 2323 5153 tu
2366 5110 2538 5154 autem
2573 5116 2675 5154 non
2709 5100 2901 5154 dedisti
2934 5098 3102 5153 ullam
3127 5097 3431 5153 misericor-

1854 5192 2029 5257 diam;
2072 5206 2219 5245 senss
2263 5191 2564 5260 aggravasti
2601 5189 2732 5261 jugo
2767 5189 2837 5245 “.
2884 5186 3038 5256 Quod
3072 5198 3127 5243 et
3169 5201 3271 5244 nos
3320 5201 3429 5242 non

1854 5280 2026 5336 solum
2058 5279 2267 5347 audire,
2302 5294 2486 5334 verum
2511 5280 2674 5333 etiam
2703 5277 3006 5347 intelligere
3037 5291 3266 5332 necesse
3294 5287 3384 5331 est
3407 5293 3425 5328 :

1857 5371 1962 5437 Qui
1998 5370 2135 5425 enim
2179 5370 2408 5441 ignorat,
2449 5369 2781 5439 ignorabitur
2811 5368 2877 5423 ³⁸.
2933 5368 3002 5423 Et
3049 5367 3104 5423 in
3160 5366 3269 5422 alio
3311 5366 3432 5422 low

1856 5465 2118 5533 scriptum
2172 5472 2257 5518 est
2304 5480 2320 5516 :
2374 5462 2515 5530 Quia
2544 5470 2601 5515 tu
2650 5460 2924 5516 scientiam
2958 5474 3127 5515 meam
3166 5460 3431 5530 repulisti,

2325 5621 2370 5652 “
2411 5616 2512 5672 lsa.
2559 5633 2642 5683 ut,
2689 5616 2776 5671 ιε.
2924 5614 2971 5646 ⁸³
3012 5594 3188 5669 Eccle.
3233 5628 3289 5683 ι.
3340 5611 3430 5669 l7.

1893 5693 1937 5723 ²⁷
1979 5682 2136 5745 Prov.
2177 5704 2334 5748 χχιιι.
2385 5690 2467 5743 15.
2570 5690 2617 5727 ’⁸
2658 5687 2788 5742 ch.
2830 5700 2944 5750 χιχ,
2989 5685 3074 5740 17.
3168 5685 3212 5716 ¹⁹
3268 5682 3431 5739 Prov.

2307 5760 2351 5791 ³³
2394 5759 2551 5813 Joan.
2580 5774 2633 5821 ν,
2670 5759 2761 5818 45.
2815 5755 2904 5813 46.
3015 5756 3062 5787 ⁸⁸
3092 5754 3213 5811 Gal.
3262 5769 3340 5820 Vt,
3375 5752 3429 5807 5.

2996 5917 3077 5979 28
