3890 6274
419 289 524 346 875

1518 281 1793 340 PATRES
1832 277 2131 340 AZGYPTII
2176 279 2446 341 SAICULI
2489 278 2576 339 IV.

3573 278 3689 336 87'3

419 410 467 452 et
515 375 607 466 ego
661 396 906 467 repellam
947 406 1026 462 te,
1069 411 1132 456 ne
1175 394 1464 449 sacerdotio
1505 396 1744 465 fungaris
1776 396 1900 448 mihi
1934 394 2002 446 ⁸ο.
2034 399 2080 456 Α
2109 395 2374 460 Ianimes,
2433 395 2692 449 sustinete
2740 394 3024 456 infirmos,
3080 399 3348 463 patienter
3398 391 3543 462 agite
3611 396 3685 449 ad

492 491 606 544 XII.
652 490 862 558 Itaque,
893 488 1087 543 fratres
1118 487 1418 542 cbarissimi
1440 528 1455 553 ,
1493 488 1986 557 qni‘ctenobiorum

420 581 586 635 vitam
615 590 671 636 et
700 590 969 652 praecepta
999 578 1302 644 sectamini,
1334 587 1471 632 state
1501 579 1555 632 in
1586 587 1804 646 arrepto
1832 576 1997 631 semel

421 673 730 742 proposito,
761 681 816 728 et
842 670 1057 742 implete
1081 684 1220 740 opus
1245 670 1359 734 Dei,
1392 679 1446 724 ut
1479 669 1639 724 Pater
1671 670 1762 739 qui
1788 670 2000 739 primus

421 763 662 818 instituit
699 762 982 825 etenobia,
1015 761 1254 832 gaudens
1305 774 1401 830 pro
1436 759 1590 815 nobis
1637 759 1890 828 loquatur
1933 758 2000 812 ad

425 853 714 909 Dominum
741 873 756 908 :
789 853 945 908 Sicut
972 852 1163 906 tradidi
1186 853 1288 918 eis,
1320 852 1398 906 sic
1425 851 1634 906 vivunt.
1671 849 1824 917 Quod
1860 849 1997 904 idem

425 952 482 997 et
511 943 802 1013 Apostolus
830 941 1009 995 adhuc
1040 940 1091 992 in
1129 952 1358 1007 corpore
1387 937 1714 991 constitutus
1741 933 2002 1003 loqueba-

426 1040 516 1086 tttr
545 1050 558 1086 :
594 1032 776 1086 Laudo
820 1041 992 1084 autem
1028 1044 1134 1088 vos,
1165 1028 1300 1095 quod
1336 1027 1390 1079 in
1421 1025 1658 1079 omnibus
1688 1023 2000 1078 meministis

426 1127 563 1188 mei;
605 1133 651 1178 et
684 1124 815 1178 sicut
865 1120 1059 1174 tradidi
1097 1119 1272 1182 vobis,
1306 1117 1611 1172 traditiones
1642 1131 1782 1170 meas
1829 1126 2000 1171 custo-

425 1220 573 1274 distis
597 1219 663 1272 υ.

497 1309 632 1364 XIII.
655 1308 719 1362 Et
740 1322 834 1363 vos
855 1318 1004 1376 ergo,
1029 1301 1475 1357 monasteriorum
1504 1299 1799 1370 principes,
1826 1305 2002 1355 estote

426 1401 676 1466 solliciti,
723 1407 776 1455 et
820 1397 1072 1452 adhibete
1121 1410 1335 1450 omnem
1376 1407 1562 1448 curam
1605 1406 1703 1462 pro
1743 1391 2002 1446 fratribus

425 1507 549 1548 cum
587 1491 780 1544 timore
802 1485 1080 1557 etjustitia
1111 1485 1241 1548 Dei;
1267 1497 1367 1538 nec
1405 1480 1701 1537 abutamini
1737 1489 2003 1550 potestate

427 1583 480 1636 in
521 1579 809 1651 supplicia,
845 1577 937 1633 sed
965 1575 1266 1644 exemplum
1305 1576 1541 1642 praebete
1578 1587 1675 1629 vos
1717 1573 1926 1629 cunctis
1948 1581 2002 1626 et

427 1673 644 1729 subdito
674 1670 861 1744 gregi,
897 1670 1041 1723 sicut
1068 1677 1121 1723 et
1167 1666 1431 1724 Dominus
1469 1674 1652 1720 noster
1676 1665 1730 1720 in
1752 1665 2003 1719 omnibus

2105 500 2312 549 omnes,
2345 495 2398 538 et
2425 486 2605 539 audite
2628 486 2941 555 Apostolum
2969 494 3276 540 monentem
3301 502 3316 539 :
3353 483 3420 538 Et
3444 502 3557 551 vos,
3584 503 3685 551 pa-

2106 584 2228 641 tres,
2247 576 2406 630 nolite
2419 577 2488 628 ad
2509 576 2644 629 iram
2663 591 2936 643 provocare
2954 575 3093 644 ﬁlios
3108 585 3321 638 vestros,
3347 577 3439 630 sed
3453 581 3689 632 enutrite

2105 670 2225 724 illos
2242 670 2295 723 in
2321 669 2600 737 disciplina
2641 679 2686 723 et
2707 668 3293 722 admonitione‘Domini
3307 670 3374 734 ”;
3390 678 3443 722 et
3465 668 3685 732 scitote,

2106 759 2229 828 quia
2259 761 2343 814 cui
2369 762 2486 828 plus
2514 761 2695 813 datum
2722 769 2819 824 est,
2847 759 2964 828 plus
3003 769 3268 828 qureretur
3306 759 3371 813 ab
3393 776 3488 824 eo;
3522 769 3571 813 et
3596 761 3688 812 cui

2105 851 2222 922 plus
2245 852 2500 904 creditum
2535 859 2644 916 est,
2679 851 2902 921 amplius
2944 853 3180 921 exigetur
3217 850 3284 906 ³ο.
3324 851 3433 904 Nec
3474 861 3685 904 tantum

2106 957 2169 997 ea
2219 943 2575 998 consideratis
2624 957 2742 1011 quae
2786 944 2937 998 vobis
2985 942 3232 1013 prosint,
3283 944 3376 998 sed
3425 943 3514 997 illa
3563 960 3688 1013 qnze

2107 1035 2483 1105 proximis;et
2527 1035 2813 1104 impleatur
2839 1035 2891 1089 in
2937 1035 3088 1090 vobis
3125 1034 3404 1103 Scriptura
3445 1036 3682 1090 dicens:

2110 1125 2249 1190 Quia
2295 1139 2383 1177 vos
2443 1123 2716 1192 sequimini
2762 1125 3117 1194 unusquisque
3159 1125 3442 1178 utilitatem
3493 1126 3685 1178 domus

2105 1232 2249 1279 suat;
2278 1217 2476 1269 idcirco
2509 1214 2788 1269 continebit
2834 1213 3018 1269 ctelum
3053 1232 3218 1270 rorem
3254 1232 3428 1280 suum,
3461 1228 3508 1270 et
3543 1227 3688 1269 terra

2107 1322 2212 1360 non
2245 1305 2388 1359 dabit
2425 1305 2630 1375 fructus
2659 1322 2805 1367 suos,
2839 1307 3086 1375 quoniam
3130 1308 3448 1378 ingravastis
3497 1319 3687 1362 contra

2108 1412 2188 1450 me
2225 1412 2486 1450 sermones
2535 1405 2728 1450 vestros
2758 1395 2825 1449 ⁵⁸.
2869 1396 3070 1451 Dicitur
3114 1406 3167 1451 et
3205 1397 3370 1452 alibi:
3413 1397 3550 1462 Quia
3581 1415 3690 1452 non

2109 1485 2307 1554 fecistis
2342 1486 2431 1538 uni
2457 1501 2522 1539 ea:
2549 1485 2778 1539 minimis
2803 1485 2952 1547 meis,
2986 1501 3077 1538 nec
3110 1487 3238 1540 mihi
3270 1487 3469 1556 fecistis
3495 1489 3564 1540 ".

2181 1574 2319 1631 XVI.
2359 1576 2568 1646 Saepius
2613 1576 2810 1640 dicam,
2847 1584 2902 1630 et
2931 1576 3118 1648 eadem
3166 1588 3403 1646 repetam
3437 1597 3452 1633 :
3484 1579 3690 1636 Cavete

2111 1684 2178 1724 ne
2207 1667 2342 1723 alios
2371 1666 2629 1735 diligatis,
2660 1667 2794 1722 alios
2829 1665 3090 1732 oderitis;
3122 1682 3188 1722 ne
3222 1669 3367 1724 hunc
3403 1681 3688 1725 sustente-

421 1755 737 1832 exemplum
774 1776 832 1815 se
862 1759 1122 1830 praebuit,
1155 1760 1247 1827 qui
1291 1757 1465 1827 posuit
1495 1757 1651 1827 quasi
1684 1771 1814 1813 oves
1846 1756 2003 1811 fami-
2033 1755 2073 1810 Β
2105 1761 2172 1814 tis
2193 1799 2209 1825 ,
2241 1768 2296 1813 et
2324 1757 2469 1813 illum
2500 1757 2782 1828 negligatis
2807 1784 2824 1821 ,τ
2865 1763 2918 1812 et
2950 1772 3134 1812 cassus
3171 1759 3480 1816 inveniatur
3535 1763 3692 1818 labor

428 1859 528 1914 llas
555 1900 570 1925 ,
601 1867 659 1913 ut
695 1855 1058 1912 misereamini
1090 1854 1237 1923 gregi
1275 1854 1426 1908 vobis
1453 1852 1686 1918 credito,
1719 1860 1775 1906 et
1804 1850 1999 1906 memi«

421 1949 618 2004 ueritis
649 1944 1290 2019 apostoliezesententize,
1325 1942 1378 1998 in
1410 1957 1513 2012 qua
1545 1943 1660 1997 ait:
1706 1939 1858 1994 Nihil
1885 1941 2002 1994 sub-

418 2039 590 2104 traxi,
631 2048 686 2093 ut
719 2055 818 2093 non
854 2037 1224 2090 annuntiarem
1255 2033 1398 2088 vobis
1433 2047 1638 2087 omnem
1683 2031 2003 2086 voluntatem

428 2131 527 2185 Dei
553 2131 622 2197 υς
653 2138 706 2186 et
752 2130 988 2184 iterum:
1030 2125 1152 2180 Non
1197 2124 1392 2178 cessavi
1431 2119 1758 2192 deprecando
1809 2138 2005 2175 unum-

425 2237 679 2292 quemque
716 2229 973 2284 vestrum,
1002 2227 1049 2272 et
1083 2216 1316 2271 docendo
1351 2232 1436 2271 vos
1467 2215 1669 2284 publice
1699 2214 1768 2267 “.
1817 2213 2008 2269 Videte

428 2323 630 2381 quanta
672 2312 877 2366 viscera
949 2319 1004 2365 et
1049 2317 1251 2380 quanta
1297 2307 1665 2361 misericordia
1711 2305 1910 2360 fuerint
1951 2305 2003 2359 in

431 2405 648 2458 homine
674 2403 792 2469 Dei,
819 2401 910 2472 qui
957 2416 1060 2455 non
1093 2399 1269 2455 solum
1307 2399 1568 2455 sollicitus
1595 2407 1678 2452 est
1705 2411 1802 2465 pro
1832 2395 2008 2449 omni-

430 2495 530 2548 bus
575 2492 874 2558 Ecclesiis,
928 2491 1022 2546 sed
1061 2491 1282 2561 languet
1319 2505 1442 2544 cum
1491 2486 1911 2559 languentibus,
1953 2494 2005 2539 et

430 2587 668 2640 omnium
702 2584 932 2642 sustinet
969 2583 1262 2652 passiOnes.
1311 2581 1637 2646 Caveamus,
1692 2596 1759 2636 ne
1789 2595 1886 2650 per
1915 2595 2010 2634 no-

430 2689 600 2733 stram
628 2677 1006 2748 negligentiam
1039 2675 1234 2745 aliquis
1267 2673 1660 2730 scandalizetur
1686 2681 1741 2727 et
1768 2680 2007 2735 corruat,

419 2782 488 2826 et
529 2770 915 2828 obliviscamur
958 2768 1246 2822 verborum
1295 2766 1508 2821 Domini
1550 2765 1884 2829 Salvatoris,
1919 2765 2008 2834 qni

433 2865 488 2917 in
517 2859 808 2930 Evangelio
838 2857 1113 2929 loquitur:
1146 2856 1332 2922 Pater;
1355 2873 1483 2926 quos
1510 2857 1703 2911 dedisti
1725 2856 1877 2920 mihi,
1909 2871 2011 2909 non

431 2954 636 3024 perdidi
669 2967 733 3007 ea:
764 2955 837 3006 eis
867 2966 1178 3021 quemquam
1209 2948 1275 3002 “.
1327 2947 1542 3004 Nullam
1597 2947 1832 3001 animam
1881 2962 2012 3002 con-

435 3055 762 3106 temnamus,
790 3057 855 3096 ne
880 3042 1109 3112 quisque
1132 3055 1230 3110 per
1253 3049 1492 3094 nostram
1523 3039 1772 3094 duritiem
1800 3048 2006 3109 pereat.

432 3132 494 3189 Si
526 3134 669 3188 enim
702 3132 897 3202 aliquis
933 3139 1150 3200 propter
1183 3144 1281 3183 nos
1322 3128 1485 3182 fuerit
1515 3141 1759 3182 mortuus
1781 3166 1796 3190 ,
1830 3128 2007 3179 anima

426 3235 620 3281 nostra
676 3238 774 3294 pro
825 3223 966 3278 illius
999 3221 1179 3275 anima
1224 3220 1495 3276 tenebitur
1536 3220 1587 3274 in
1632 3228 1805 3272 reatu.
1854 3218 2008 3285 Quod

437 3315 652 3386 quidem
697 3322 750 3367 et
787 3311 948 3366 Pater
986 3321 1170 3367 noster
1199 3309 1564 3365 indesinenter
1604 3309 1756 3364 nobis
1803 3307 2012 3363 solebat

431 3407 730 3472 inculcare,
760 3413 812 3458 et
843 3403 1114 3468 monebat,
1145 3417 1213 3457 ne
1236 3401 1362 3456 illud
1393 3403 1664 3470 eloquium
1694 3399 2012 3469 impleretur

437 3501 491 3553 in
523 3499 720 3554 nobis:
767 3494 973 3563 Singuli
1022 3493 1334 3563 apprimunt
1382 3493 1685 3561 proximum
1716 3506 1895 3546 suum.
1944 3489 2012 3545 Et

437 3593 632 3645 iterum
666 3607 680 3644 :
715 3588 774 3644 Si
803 3588 1021 3641 invicem
1066 3584 1312 3638 mordetis
1351 3594 1397 3636 et
1429 3583 1716 3646 devoratis,
1758 3583 1922 3636 videte
1948 3597 2012 3634 ne

437 3682 506 3734 ad
549 3680 766 3732 invicem
801 3675 1182 3732 consumamini
1219 3673 1288 3726 “.
1328 3674 1404 3728 Ex
1452 3687 1557 3741 quo
1602 3680 1823 3742 apparet
1869 3671 2010 3740 quod

437 3770 528 3840 qui
560 3768 784 3823 alterius
813 3776 993 3822 servat
1019 3765 1250 3818 animam
1271 3801 1286 3828 ,
1315 3771 1499 3818 custos
1522 3761 1716 3815 animae
1741 3775 1852 3816 suae
1876 3760 1966 3816 sit.

507 3857 646 3914 XIV.
702 3857 808 3912 Sed
850 3865 906 3910 et
947 3869 1042 3908 vos
1080 3853 1178 3924 qui
1221 3852 1443 3908 secundi
1489 3852 1623 3905 estis
1653 3850 2009 3916 monasterii,

437 3949 642 4018 primos
677 3962 774 4002 vos
815 3944 1070 4002 exhibete
1091 3941 1406 4007 virtutibus,
1434 3957 1502 3995 ne
1526 3941 1648 4011 quis
1674 3941 1806 3995 vitio
1830 3949 2012 3996 vestro

440 4047 647 4109 pereat.
680 4038 758 4101 Ne
795 4037 1086 4093 incurratis
1127 4036 1178 4090 in
1218 4033 1349 4088 illud
1378 4031 1742 4115 opprobrium'
1772 4031 1834 4118 in
1868 4031 2012 4100 quod

440 4130 672 4185 incurrit
697 4129 807 4194 ille,
831 4127 922 4197 qui
951 4125 1185 4180 comedit
1211 4135 1266 4180 et
1297 4125 1430 4180 bibit
1459 4140 1582 4179 cum
1614 4123 1798 4189 ebriis,
1824 4135 1880 4179 et
1905 4139 2010 4176 non

439 4221 587 4276 dedit
633 4223 684 4274 in
724 4230 964 4287 tempore
989 4231 1086 4272 suo
1115 4216 1396 4272 conservis
1433 4215 1635 4270 cibaria
1683 4233 1698 4269 :
1748 4213 1814 4267 Et
1842 4215 2014 4268 veniet

437 4307 699 4361 Dominus
727 4307 783 4358 in
813 4307 895 4357 die
934 4320 1037 4373 qua
1065 4320 1166 4356 non
1193 4313 1389 4372 sperat,
1429 4312 1478 4357 et
1519 4305 1576 4356 in
1601 4303 1734 4357 hora
1766 4319 1867 4373 qua
1918 4319 2013 4356 ne-

439 4399 558 4461 scit,
593 4403 649 4449 ut
686 4396 883 4448 dividat
912 4409 1050 4458 eum,
1089 4402 1140 4448 et
1187 4404 1344 4460 ponat
1375 4403 1573 4463 partem
1614 4395 1728 4463 ejus
1767 4410 1884 4447 cum
1913 4395 2011 4464 hy-

438 4487 670 4552 pocritis,
700 4485 788 4539 ubi
816 4485 968 4554 ﬂetus
1001 4494 1048 4538 et
1079 4484 1276 4537 stridor
1303 4494 1380 4539 est
1406 4487 1638 4539 dentium
1667 4485 1734 4539 “.
1768 4484 1845 4540 Ne
1871 4499 2010 4554 quos

439 4574 806 4646 apprehendat
840 4587 871 4628 e
913 4573 1064 4643 vobis
1089 4573 1281 4628 similis
1307 4574 1684 4629 condemnatio
1704 4613 1720 4637 ,
1765 4573 1860 4628 sed
1887 4587 2010 4626 cum

440 4678 682 4736 tempora
748 4665 996 4720 venerint
1041 4665 1352 4737 refrigerii,
1416 4679 1723 4721 mereamur
1769 4665 1957 4718 audire
1999 4680 2014 4718 :

440 4759 610 4830 Euge,
641 4774 781 4813 serve
805 4757 934 4812 bone
959 4767 1006 4813 et
1029 4757 1224 4827 ﬁdelis,
1250 4758 1371 4825 quia
1392 4773 1550 4827 super
1576 4757 1836 4812 modicum
1861 4755 2014 4826 fuisti

438 4851 630 4920 fidelis,
673 4865 833 4920 supra
861 4852 1030 4906 multa
1067 4862 1117 4908 te
1140 4853 1488 4914 constituam;
1513 4850 1651 4904 intra
1673 4849 1727 4903 in
1761 4848 2012 4918 gaudium

437 4943 652 4997 Domini
679 4943 757 4996 tui
767 4991 770 4994 .
782 4943 850 4997 ".

413 5027 422 5034 ’
508 5031 624 5088 XV.
657 5033 764 5090 Vos
785 5049 1022 5105 quoque,
1051 5035 1322 5106 praepositi
1343 5033 1624 5090 domorum
1649 5031 2008 5101 singularum,

435 5127 612 5194 parati
633 5135 812 5181 estote
835 5127 899 5180 ad
926 5125 1359 5194 respondendum
1382 5124 1653 5186 omnibus,
1679 5125 1771 5193 qui
1804 5141 1834 5179 a
1865 5125 2017 5180 vobis

435 5217 662 5286 exigunt
687 5217 958 5273 rationem
985 5231 1146 5286 super
1181 5232 1245 5270 ea
1277 5215 1380 5269 fide
1403 5230 1523 5286 quae
1552 5216 1604 5269 in
1636 5216 1790 5270 vobis
1842 5216 2011 5271 est“.

437 5307 651 5364 Mouele
685 5322 781 5365 eos
805 5308 899 5378 qui
945 5306 1238 5362 inordinati
1267 5314 1432 5371 sunt,
1460 5305 1816 5360 consolamini
1842 5305 2014 5377 pusil-

508 5543 553 5574 “
601 5542 726 5597 Ose.
756 5557 829 5604 IV,
857 5541 910 5595 6.
987 5541 1029 5571 “
1077 5541 1093 5592 l
1143 5539 1265 5594 Cor.
1299 5555 1376 5602 χι,
1411 5539 1466 5593 2.

438 5612 480 5643 ⁸⁸
524 5612 708 5665 Matth.
740 5628 884 5674 xstv,
923 5611 1010 5669 50.
1041 5611 1131 5664 5|.

439 5681 479 5712 “
515 5681 642 5750 Agg.
680 5699 726 5746 I,
754 5681 919 5748 9,10.
997 5682 1042 5713 ⁹¹
1085 5680 1270 5737 Matth.
1305 5697 1432 5747 xxv,
1463 5679 1551 5734 45.

1577 5541 1620 5571 ιι

1233 5555 1265 5592 r.
1299 5555 1376 5602 χι,
1411 5539 1466 5593 2.
1577 5541 1620 5571 δ’
1667 5538 1790 5594 Act.
1841 5555 1935 5604 xx,
1973 5537 2065 5592 20.
2175 5537 2220 5570 ⁸³
2256 5537 2385 5593 ibid.
2431 5539 2519 5594 5|.

1233 5609 1277 5640 ⁸⁷
1323 5610 1505 5662 Matth.
1543 5625 1667 5668 xxv.
1697 5608 1790 5670 2|.
1823 5609 1915 5666 23.
1964 5655 1968 5658 .
2026 5609 2072 5640 ⁴⁵⁸
2121 5608 2137 5661 I
2170 5607 2313 5662 Petr.
2355 5625 2434 5673 III,
2469 5611 2553 5662 15.

1234 5698 1270 5734 t.
1305 5697 1432 5736 xxv.
1463 5679 1551 5734 45.
1631 5681 1676 5712 ⁵³
1710 5679 1842 5733 Luc.
1887 5696 1944 5736 tl.
1982 5681 2034 5736 8.
2113 5677 2326 5732 “Joan.
2360 5681 2553 5736 le-I:

1758 5694 1842 5733 uc.
1887 5696 1944 5745 ll,
1982 5694 2034 5736 ὅ.

2104 1857 2300 1913 vester,
2343 1856 2397 1903 et
2427 1848 2604 1903 omnis
2633 1846 2797 1902 sudor
2827 1856 3045 1915 pereat;
3080 1856 3135 1903 et
3193 1851 3407 1918 quando
3441 1853 3690 1910 exieritis

2105 1943 2171 1998 de
2213 1956 2480 2012 corpore,
2530 1948 2585 1995 et
2621 1939 2689 1994 de
2739 1939 2922 1994 mundi
2973 1939 3132 2008 hujus
3181 1942 3394 1997 turbine
3435 1943 3688 2012 liberati,

2108 2041 2317 2102 portum
2353 2045 2448 2086 vos
2493 2031 2810 2100 putaveritis
2839 2029 3034 2099 quietis
3081 2029 3314 2097 intrare;
3355 2042 3481 2089 tunc
3523 2035 3682 2092 inve-

2108 2124 2270 2180 niatis
2294 2123 2575 2193 iniustitia:
2603 2123 2903 2194 naufragia,
2927 2131 2983 2176 et
3013 2122 3065 2176 in
3100 2137 3204 2192 qua
3233 2137 3484 2180 mensura
3514 2129 3690 2185 mensi

2105 2216 2256 2280 estis,
2287 2216 2602 2270 remetiatur
2628 2215 2780 2270 vobis
2803 2213 2871 2270 ab
2897 2227 2963 2268 eo
2991 2214 3083 2284 qui
3117 2229 3376 2285 personas
3405 2219 3460 2272 in
3477 2218 3693 2288 judicio

2109 2321 2212 2362 non
2250 2307 2466 2378 accipit.
2501 2308 2558 2363 Si
2591 2309 2720 2378 quid
2755 2309 2983 2364 mortale
3013 2319 3107 2364 aut
3139 2308 3340 2378 aliquid
3387 2312 3688 2380 turpitudi-

2110 2401 2192 2455 nis
2219 2400 2289 2456 ob
2321 2399 2694 2470 negligentiam
2730 2403 3139 2471 praepositorum
3172 2403 3227 2457 in
3249 2403 3497 2458 domibus
3532 2420 3686 2458 com-

2111 2492 2333 2547 missum
2369 2493 2534 2548 fuerit
2559 2533 2573 2558 ,
2602 2502 2724 2562 post
2754 2493 2966 2549 illorum
2996 2495 3208 2564 propria
3238 2496 3691 2566 supplieia,prae«

2111 2584 2318 2654 positus
2347 2598 2562 2654 quoque
2595 2599 2719 2639 reus
2749 2586 3018 2640 tenebitur
3043 2586 3323 2642 criminis:
3357 2588 3499 2656 quod
3531 2580 3691 2646 nobis

2110 2688 2323 2743 semper
2359 2683 2560 2729 sancta:
2605 2678 2880 2733 memoria:
2929 2676 3091 2734 Pater
3145 2690 3327 2736 noster
3363 2681 3573 2737 solebat
3605 2684 3692 2738 in-

2112 2779 2320 2835 gerere.

2191 2855 2357 2912 XVII.
2407 2856 2770 2925 Quamobrem
2801 2876 2920 2915 cum
2957 2863 3102 2916 omni
3127 2863 3378 2919 cautione
3410 2873 3464 2918 et
3491 2864 3694 2919 sollici-

2115 2950 2295 3004 tudine
2323 2949 2517 3021 singuli
2552 2953 2899 3008 commissum
2961 2954 3066 3010 sibi
3117 2971 3332 3026 gregem
3360 2957 3691 3021 custodiant,

2113 3047 2167 3092 et
2211 3037 2488 3094 imitentur
2516 3051 2759 3109 pastores
2805 3043 2870 3097 de
2915 3041 3242 3112 Evangelio,
3289 3044 3355 3096 ad
3397 3058 3536 3113 quos
3581 3061 3691 3098 non

2115 3127 2464 3195 dormientes,
2490 3132 2584 3185 sed
2607 3131 2890 3202 vigilantes
2916 3133 3062 3186 venit
3089 3132 3311 3202 angelus
3336 3133 3450 3199 Dei,
3479 3145 3533 3188 ct
3573 3132 3694 3188 Sni-

2117 3221 2318 3275 vatoris
2343 3222 2423 3276 eis
2451 3224 2788 3277 annuntiavit
2821 3224 3196 3278 adventura".
3229 3223 3328 3290 Qui
3361 3235 3415 3279 et
3451 3225 3563 3293 ipse
3614 3226 3688 3279 lo-

2115 3311 2298 3380 quitur
2321 3329 2336 3365 :
2374 3312 2565 3365 Pastor
2591 3315 2754 3368 bonus
2779 3315 3008 3367 animam
3042 3331 3192 3368 suam
3217 3316 3358 3383 ponit
3389 3332 3485 3383 pro
3510 3318 3694 3372 ovibus

2115 3405 2224 3455 suis
2249 3419 2267 3456 :
2307 3405 2396 3473 qui
2433 3415 2604 3458 autem
2635 3406 2986 3460 mercenarius
3025 3414 3130 3470 est,
3160 3416 3208 3459 et
3247 3421 3348 3461 non
3381 3415 3455 3459 est
3488 3417 3689 3475 pastor.

2117 3495 2268 3564 cujus
2296 3511 2398 3549 non
2436 3505 2555 3549 sunt
2592 3512 2728 3559 oves,
2763 3497 2896 3550 videt
2935 3495 3115 3564 lupum
3157 3498 3474 3561 venientem,
3515 3507 3564 3550 et
3602 3499 3684 3550 άξ-

2117 3587 2277 3639 ntittit
2307 3602 2507 3656 gregem
2535 3598 2580 3641 et
2612 3587 2767 3656 fugit,
2811 3597 2857 3641 et
2892 3586 3044 3654 lupus
3074 3587 3209 3657 rapit
3243 3604 3362 3642 eum
3403 3598 3558 3650 atque
3601 3592 3693 3641 deo

2122 3661 2314 3737 vastat,
2359 3675 2480 3744 quia
2509 3675 2860 3728 mercenarius
2885 3686 2995 3740 est,
3018 3685 3064 3728 et
3092 3691 3194 3730 non
3225 3677 3294 3729 ad
3325 3693 3440 3730 eum
3469 3679 3696 3745 pertiner

2118 3764 2182 3818 de
2221 3765 2400 3818 ovibus
2427 3764 2493 3818 “.
2525 3765 2599 3819 De
2629 3765 2782 3820 bonis
2805 3775 2983 3820 autem
3016 3766 3326 3836 pastoribus
3359 3766 3518 3822 Luae
3547 3771 3693 3824 scri-

2120 3855 2198 3909 bit
2223 3855 2500 3909 -bistoria:
2554 3854 2735 3909 Erant'
2759 3866 2932 3910 autem
2964 3867 3199 3926 pastores
3239 3859 3568 3913 observantes
3590 3900 3605 3921 ,
3646 3872 3694 3913 et

2119 3950 2462 4002 custodientes
2500 3947 2701 4017 vigilias
2751 3950 2919 4005 noctis
2958 3967 3113 4019 super
3160 3967 3365 4021 gregem
3407 3969 3581 4006 suum.
3617 3949 3689 4006 sit

2118 4039 2334 4108 angelus
2378 4039 2588 4092 Domini
2623 4041 2757 4094 venit
2797 4047 2863 4094 ad
2897 4058 3009 4106 eos,
3038 4053 3084 4095 et
3116 4043 3287 4112 gloria
3330 4042 3425 4095 Dei
3460 4045 3694 4097 circum-

2121 4133 2265 4200 fulsit
2303 4149 2424 4199 eos,
2455 4143 2500 4186 et
2549 4134 2838 4188 timuerunt
2873 4135 3056 4188 timore
3087 4153 3296 4203 magno.
3334 4136 3585 4207 Dixitque
3619 4141 3696 4192 eis

2119 4223 2330 4292 angelus
2363 4239 2381 4277 :
2434 4219 2612 4277 Nolite
2642 4226 2838 4286 timere,
2886 4241 3000 4278 ecce
3036 4227 3175 4280 enim
3223 4227 3520 4296 evangelizo
3551 4231 3694 4284 vobis

2119 4312 2368 4380 gaudium
2399 4329 2674 4381 magnum,
2709 4314 2848 4381 quod
2875 4315 2974 4367 erit
3004 4315 3144 4368 omni
3182 4315 3370 4383 populo
3401 4332 3420 4368 :
3450 4318 3588 4380 Quia
3617 4329 3694 4371 est

2121 4403 2275 4456 hodie
2300 4405 2436 4455 vobis
2471 4415 2624 4458 natus
2652 4403 2917 4468 Salvator,
2952 4407 3040 4476 qui
3061 4418 3134 4461 est
3167 4407 3407 4462 Christus
3438 4409 3694 4464 Dominus

2119 4494 2172 4543 in
2199 4493 2408 4546 civitate
2447 4492 2634 4546 David.
2684 4492 2751 4547 Et
2783 4497 2940 4562 huius
2987 4498 3059 4550 rei
3101 4498 3310 4567 signum
3356 4501 3454 4553 erit
3493 4501 3642 4553 vobis
3672 4519 3692 4555 :

2119 4579 2400 4635 Invenietis
2433 4582 2688 4652 infantem
2725 4587 2914 4656 pannis
2951 4588 3260 4651 involutum,
3296 4599 3343 4642 et
3370 4590 3599 4658 positum
3639 4593 3697 4645 in

2118 4674 2336 4740 prwsepi
2358 4673 2425 4728 ⁵⁸.
2463 4673 2597 4728 Nam
2627 4675 2702 4730 illi
2731 4677 2831 4732 soli
2859 4693 2925 4733 eo
2953 4686 3192 4749 tempore
3215 4682 3511 4750 pascebant
3540 4700 3696 4749 oves,

2122 4771 2178 4814 et
2222 4775 2318 4830 per
2365 4763 2641 4818 desertmn
2695 4769 3062 4837 sequebantur
3111 4771 3372 4840 gregem?
3418 4771 3525 4827 Sed
3565 4775 3705 4842 quia

2124 4850 2222 4906 soli
2249 4861 2407 4906 erant
2436 4853 2691 4924 solliciti,
2731 4866 2786 4912 et
2827 4860 3124 4915 naturalem
3160 4865 3401 4918 noctium
3443 4877 3695 4918 somnum

2124 4941 2492 4998 insidiantium
2563 4945 2809 5016 luporum
2878 4951 3044 5006 timor
3096 4955 3428 5022 superabat;
3493 4955 3704 5022 ideirco

2124 5033 2283 5101 primi
2318 5034 2505 5088 audire
2535 5049 2851 5094 meruerunt
2877 5041 3018 5108 quod
3049 5041 3100 5094 in
3133 5020 3314 5097 vicino
3341 5020 3455 5098 sit:
3490 5054 3545 5099 at
3569 5020 3706 5100 Hie-

2126 5123 2389 5195 rosolytna
2431 5126 2706 5182 dormiens
2731 5129 3031 5199 ignorabat.
3065 5131 3214 5187 Unde
3240 5143 3294 5188 et
3317 5134 3486 5190 David
3519 5137 3653 5190 dicit
3681 5158 3698 5191 :

2123 5213 2258 5268 Ecce
2286 5232 2387 5270 non
2431 5218 2688 5283 dormiet,
2724 5221 2812 5287 qui
2853 5224 3078 5275 custodit
3113 5221 3286 5277 Israel
3311 5225 3380 5279 ".
3419 5223 3606 5294 Itaque
3649 5239 3710 5282 et

2121 5321 2215 5360 vos
2239 5323 2360 5361 eum
2394 5319 2625 5366 tremore
2652 5321 2704 5366 et
2744 5313 2937 5367 timore
2984 5314 3235 5384 vigilate,
3281 5328 3573 5386 operantes
3608 5336 3704 5374 ve-
3755 5384 3767 5400 Ὠ

2175 5536 2220 5570 ⁸³
2256 5537 2385 5593 ibid.
2431 5539 2519 5594 5|.
2631 5539 2676 5571 “
2707 5539 2861 5594 Joan.
2899 5557 3029 5605 xvn,
3060 5540 3145 5595 12.
3227 5567 3232 5576 -
3296 5541 3342 5572 ⁸⁸
3375 5541 3580 5607 Gal.v,
3615 5542 3704 5598 IS.

2634 5611 2676 5640 ‘9
2721 5612 2919 5676 Ephes.
2956 5627 3026 5672 vt.
3056 5612 3110 5664 4.
3202 5611 3249 5643 ⁸⁰
3280 5610 3410 5664 Luc.
3459 5628 3566 5675 sit,
3605 5614 3700 5667 48.

2113 5677 2326 5732 “Joan.
2360 5681 2594 5744 x,ll-I'5.
2673 5682 2716 5711 ⁵⁸⁵
2744 5680 2877 5736 Luc.
2914 5697 2948 5735 tt
3010 5681 3154 5735 8-12.
3231 5682 3277 5714 ’δ
3313 5681 3457 5734 Psal.
3485 5697 3609 5743 cxx,
3648 5683 3704 5739 ι.
