3884 6268
413 336 519 395 εῖο

1509 335 1785 396 PATRES
1824 338 2128 395 EGYPTII
2171 338 2442 396 SECULI
2487 340 2568 406 IV.

3566 341 3666 399 880

425 449 585 506 cibus
635 449 836 505 nostris
870 447 1153 502 mandante
1197 450 1478 506 servitutis
1527 449 1858 522 abiecimus;
1903 468 2000 507 cur
2026 456 2072 511 Α
2099 453 2291 506 ereavit
2343 453 2478 506 vos?
2529 451 2719 507 Nonne
2766 450 2926 506 Pater
2975 468 3110 508 unus
3147 451 3376 508 omnium
3408 460 3685 539 oestrum!I

332 551 334 553 ’
416 558 633 600 rursum
671 542 918 596 volumus
969 541 1166 596 reverti
1205 543 1272 596 ad
1328 544 1588 598 vomitum
1640 553 1907 607 nostrum,
1941 553 1995 598 et

417 633 625 705 aliquid
650 632 854 688 habere
877 633 1021 688 unde
1053 631 1272 688 solliciti
1305 633 1492 700 simus,
1521 645 1577 691 et
1603 636 1744 704 quod
1771 636 1995 705 perdere

417 724 760 782 metuamus?
780 725 860 779 Ad
892 739 1029 795 quos
1056 741 1188 782 usus
1218 726 1550 796 superfluum
1579 727 1873 798 palliolum,
1901 735 1996 781 aut

417 815 903 886 epultelautiores,
952 824 1046 870 aut
1098 815 1292 872 melior
1321 817 1515 882 lectus,
1560 833 1686 874 cum
1726 818 1906 874 omnia
1940 819 1992 874 in

418 921 708 966 commune
756 907 866 960 sint
905 918 1206 978 praeparata
1233 947 1249 971 ,
1306 917 1362 962 et
1408 909 1542 962 nihil
1595 923 1758 964 cruce
1787 907 1992 964 Christi

419 999 608 1054 durius
636 998 708 1054 sit
735 997 929 1068 ?juxta
964 1014 1125 1068 quam
1158 1000 1400 1054 viventes
1439 999 1632 1056 Patres
1661 1001 1996 1066 nostri,atdi-

419 1087 723 1145 ficaverunt
745 1104 846 1144 nos
879 1103 1042 1158 super
1089 1087 1498 1143 fundamentum
1530 1090 1894 1159 apostolorum
1940 1098 1995 1143 et

420 1180 826 1250 prophetarum,
879 1187 936 1234 et
979 1179 1394 1247 Evangeliorum
1443 1179 1820 1249 disciplinam,
1873 1194 1993 1249 qua:

422 1269 662 1341 angulari
690 1268 998 1323 continetur
1023 1268 1198 1338 lapide
1228 1268 1456 1323 Domino
1500 1265 1624 1322 Jesu
1655 1268 1872 1323 Christo
1903 1269 1946 1300 ⁸⁸
1976 1285 1990 1321 :

421 1375 580 1429 quem
618 1371 910 1430 sequentes
946 1361 1014 1415 de
1035 1359 1311 1415 mortifera
1343 1360 1622 1416 altitudine
1653 1359 1722 1414 ad
1772 1362 1989 1415 vitalem

421 1453 795 1508 descendimus
843 1451 1223 1516 humilitatem,
1259 1451 1475 1506 divitias
1505 1458 1822 1523 paupertate
1873 1468 1993 1508 mu-

421 1552 624 1606 tantes,
667 1552 721 1596 et
744 1541 963 1597 delicias
982 1540 1212 1612 simplici
1255 1543 1396 1598 ciho.

489 1631 661 1687 XXII.
687 1630 884 1697 Nolite,
927 1631 1150 1687 obsecro
1170 1647 1282 1694 vos.
1311 1632 1552 1689 oblivisci
1587 1632 1754 1690 semel
1785 1635 1989 1704 arrepti

419 1725 703 1796 propositi.
725 1734 780 1780 et
802 1724 1122 1781 traditiones
1141 1725 1318 1782 Patris
1340 1727 1510 1782 nostri
1534 1725 1710 1782 scalas
1739 1736 1990 1797 putemus

2101 541 2276 607 Quare
2323 542 2674 611 dereliquistis
2721 542 3074 613 unusquisque
3128 544 3349 611 fratrem
3390 561 3564 609 suum,
3611 557 3665 598 ut

2096 633 2446 688 abominabile
2462 635 2691 701 facerent
2719 643 3084 687 testamentum
3121 643 3330 701 patrum
3354 635 3667 690 vestrorum?

2098 724 2386 778 Derelictus
2429 735 2506 779 est
2542 723 2710 789 Juda,
2765 725 2856 778 sed
2913 723 3234 778 abominatio
3286 725 3433 792 facta
3479 734 3558 780 est
3614 727 3667 780 its

2095 814 2346 870 Israel“.
2371 815 2709 886 Quapropter
2731 820 2884 887 juxta
2910 815 3041 870 illud
3065 816 3208 885 quod
3230 815 3487 871 Dominus
3506 827 3666 885 atque

2096 905 2344 960 Salvator
2373 907 2626 975 praecepit
2656 905 2914 974 apostolis
2949 904 3142 960 dicens
3176 922 3190 959 :
3230 903 3544 959 Mandatum
3568 921 3660 958 ao-

2093 1014 2211 1053 uum
2233 997 2301 1051 do
2323 998 2486 1061 vobis,
2516 1007 2571 1051 ut
2598 997 3100 1068 diligatiminvicem,
3141 997 3276 1051 sicut
3308 1004 3358 1050 et
3383 1011 3476 1066 ego
3505 997 3665 1050 dilexi

2095 1106 2222 1154 nos;
2265 1100 2315 1145 et
2347 1091 2405 1144 in
2432 1089 2530 1144 hoc
2564 1090 2820 1156 sciemini,
2855 1088 2997 1159 quod
3024 1086 3274 1157 discipuli
3301 1088 3401 1143 mei
3423 1089 3548 1142 estis
3575 1087 3623 1120 ⁸⁸
3648 1105 3664 1152 ;

2095 1197 2194 1237 nos
2217 1182 2446 1237 invicem
2465 1196 2651 1237 amare
2674 1181 2950 1245 debemus,
2979 1187 3033 1235 et
3059 1179 3347 1235 ostendere
3367 1178 3513 1246 quod
3542 1191 3670 1230 vere

2095 1276 2264 1330 simus
2289 1272 2478 1328 famuli
2505 1270 2721 1327 Domini
2754 1272 2922 1328 nostri
2950 1270 3077 1326 Jesu
3101 1269 3330 1335 Christi,
3363 1277 3418 1325 et
3439 1268 3536 1322 filii
3559 1267 3667 1321 Pa-

2092 1364 2318 1429 chomii,
2343 1374 2399 1419 et
2424 1363 2668 1433 discipuli
2704 1356 3096 1418 ccenobiorum.

2165 1453 2360 1510 XX'IV.
2391 1453 2448 1510 Si
2474 1455 2795 1524 prarpositus
2825 1453 3018 1510 domus
3049 1452 3286 1522 aliquem
3331 1450 3664 1518 corripuerit

2091 1559 2160 1600 ex
2189 1543 2447 1599 fratribus
2463 1545 2555 1610 qui
2579 1541 2681 1598 sibi
2715 1540 2944 1611 subjecti
2969 1549 3120 1606 sunt,
3162 1540 3418 1596 erudiens
3443 1553 3571 1594 eum
3611 1538 3667 1592 in

2094 1634 2290 1690 timore
2328 1633 2443 1698 Dei,
2492 1639 2548 1688 et
2568 1633 2792 1702 cupiens
2816 1633 2884 1687 ab
2908 1645 3096 1688 errore
3121 1632 3426 1700 corrigere;
3448 1639 3506 1685 et
3527 1631 3669 1685 alius

2093 1725 2323 1782 voluerit
2347 1740 2446 1795 pro
2473 1739 2539 1780 eo
2560 1723 2731 1794 loqui,
2753 1732 2809 1780 et
2839 1738 2962 1779 eum
3003 1722 3314 1788 defendere,
3342 1723 3668 1777 subveneris

421 1817 486 1868 ad
525 1816 784 1871 ccelorum
829 1831 990 1887 regna
1036 1819 1335 1874 tendentes.
1381 1815 1460 1872 Ne
1498 1816 1813 1873 deSideretis
1867 1833 1988 1887 quae
2019 1805 2062 1864 Β
2092 1831 2188 1873 cor
2216 1816 2396 1872 illius:
2439 1816 2533 1884 qui
2574 1815 2678 1871 hoc
2703 1813 2855 1879 facit,
2881 1823 3068 1884 peccat
3106 1814 3157 1868 in
3181 1828 3335 1868 suam
3364 1813 3607 1868 animam
3647 1829 3665 1876 ς

419 1919 549 1963 ante
599 1907 868 1964 cslcastis.
921 1907 1129 1965 Sufﬁcit
1166 1910 1320 1964 nobis
1356 1909 1556 1965 habere
1605 1910 1748 1979 quod
1784 1910 1988 1966 homini

419 1996 553 2050 satis
604 2003 708 2061 est,
761 1997 868 2054 duo
917 1999 1265 2063 levitouaria,
1317 2007 1370 2053 et
1417 1999 1580 2054 alium
1623 1999 1903 2066 attritum,
1935 2011 1991 2057 et

421 2086 690 2152 palliolum
740 2087 963 2155 lineam,
1011 2089 1146 2145 duos
1192 2089 1453 2156 cucullos,
1508 2105 1701 2144 zonam
1753 2090 1987 2155 lineam,

417 2177 661 2247 gallicas,
696 2177 888 2248 pellem
913 2187 968 2234 et
999 2179 1224 2249 virgam.
1253 2177 1350 2234 Cui
1387 2179 1746 2235 ministerium
1773 2179 1989 2248 aliquod

417 2277 474 2322 et
512 2266 842 2336 dispensatio
879 2276 964 2323 est
1008 2267 1213 2322 credita
1253 2268 1588 2332 monasterii,
1640 2279 1697 2323 et
1741 2267 1787 2325 si
1825 2283 1888 2324 ex
1922 2283 1988 2324 ea

422 2360 630 2415 lucrum
677 2353 860 2424 faciat,
905 2357 1082 2415 scelus
1103 2367 1341 2428 putetur,
1365 2369 1421 2412 et
1449 2359 1792 2429 sacrilegium
1832 2361 1989 2431 quid-

418 2463 584 2519 quam
613 2463 677 2502 ex
709 2463 773 2503 ea
804 2448 1116 2519 contingere
1144 2457 1198 2504 et
1233 2449 1284 2504 in
1317 2449 1588 2518 propriam
1636 2457 1844 2505 vertere
1890 2465 1980 2506 re-

420 2538 622 2605 quiem,
652 2538 804 2612 quasi
834 2537 1136 2606 despiciens
1157 2551 1253 2593 eos
1273 2537 1364 2608 qui
1393 2553 1497 2593 non
1522 2539 1741 2604 habent,
1766 2551 1821 2595 et
1843 2541 1986 2596 lelici

421 2639 738 2699 paupertate
769 2637 893 2684 sunt
923 2628 1138 2696 divites,
1163 2641 1221 2684 ut
1255 2644 1359 2684 non
1390 2632 1562 2686 solum
1596 2631 1711 2697 ipse
1745 2633 1983 2706 perierit,

419 2721 511 2776 sed
537 2730 592 2776 et
625 2731 847 2777 cancros
868 2731 1125 2790 prorocet
1152 2722 1217 2776 ad
1249 2725 1606 2793 pereundum.
1653 2723 1722 2779 Et
1748 2726 1826 2782 illi
1863 2729 1987 2797 qui-

422 2814 542 2867 dem
568 2813 659 2883 qui
684 2811 1105 2868 incurvaverunt
1126 2815 1387 2869 cervicem
1418 2830 1594 2881 suam,
1623 2824 1816 2874 etcum
1837 2823 1995 2880 omni

421 2903 725 2960 humilitate
757 2912 812 2959 et
845 2902 1138 2960 afﬂictione
1171 2904 1414 2976 lugentes
1457 2918 1619 2977 atque
1669 2908 1986 2980 plangentes

419 2995 473 3050 in
505 2995 909 3065 prmsentiarum
943 2995 1258 3064 placuerunt
1280 2999 1406 3062 Dee,
1433 3013 1554 3053 cum
1582 2998 1648 3054 de
1666 3002 1987 3071 corpusculo

419 3087 525 3142 isto
571 3088 824 3152 exierint,
872 3087 1162 3151 ducentur,
1187 3097 1240 3142 et
1265 3091 1586 3145 accumbent
1614 3105 1736 3146 cum
1777 3093 2010 3158 sanctis_

415 3179 658 3248 patribus
689 3178 982 3243 Abraham,
1009 3177 1158 3234 Isaac
1179 3189 1234 3235 et
1254 3179 1442 3247 Jacob,
1469 3183 1746 3253 prophetis
1773 3193 1828 3240 et
1849 3200 1982 3255 apo-

415 3269 608 3336 stolis;
672 3280 727 3326 et
775 3272 1143 3327 consolatione
1194 3273 1355 3342 digna
1418 3273 1682 3342 fruentur,
1743 3275 1884 3333 sicut
1929 3285 1985 3332 et

412 3360 651 3418 Lazarus
683 3361 880 3418 fruitus
924 3375 1011 3419 est
1051 3363 1106 3419 in
1150 3364 1277 3420 sinu
1325 3365 1617 3422 Abraham.
1645 3364 1749 3435 Qui
1801 3379 1983 3423 autem

416 3457 666 3511 vixerunt
691 3455 743 3510 in
765 3453 1033 3519 t-tenobio,
1059 3463 1113 3511 et
1133 3455 1199 3511 de
1224 3458 1495 3513 communi
1537 3458 1591 3514 in
1615 3471 1744 3516 suos
1780 3458 1983 3530 aliquid

412 3556 727 3606 averterunt
771 3564 920 3614 usus,
958 3564 1036 3604 vae
1081 3549 1200 3605 eisi
1238 3566 1360 3606 cum
1401 3551 1468 3607 de
1499 3566 1728 3623 corpore
1749 3553 1985 3610 exierint

415 3641 626 3697 dicetur
649 3640 791 3698 illis:
821 3641 1131 3697 Mementote
1155 3643 1280 3712 quia
1315 3642 1580 3712 recepistis
1618 3643 1755 3698 bona
1785 3643 1840 3696 in
1869 3644 1976 3698 vita

415 3743 586 3788 vestra
615 3733 696 3800 “;
755 3733 1015 3789 fratribus
1073 3734 1486 3801 laborantibus,
1539 3742 1594 3790 et
1642 3733 1862 3804 jejuniis
1931 3743 1985 3792 et

413 3823 744 3878 continentia
767 3835 820 3879 et
849 3824 1156 3880 incessabili
1188 3824 1372 3880 labore
1398 3825 1741 3881 sudantibus.
1776 3825 1983 3884 Idcirco

413 3912 594 3970 videte
618 3928 713 3969 eos
742 3913 794 3968 in
828 3915 1029 3985 gaudio
1055 3923 1220 3984 atque
1252 3913 1458 3980 laetitia,
1507 3916 1602 3986 qui
1649 3914 1986 3986 reliquerunt

414 4013 739 4076 praesentem
772 3989 962 4073 vitam,
998 4014 1058 4060 ut
1091 4003 1327 4062 futuram
1359 4015 1820 4077 consequerentur
1844 4023 1859 4060 :
1887 4022 1983 4063 vos

413 4104 595 4150 autem
619 4095 670 4149 in
710 4096 964 4167 squalore
994 4111 1060 4152 ac
1084 4096 1368 4153 tormentis
1391 4104 1447 4152 et
1477 4097 1696 4153 miseria
1718 4097 1983 4154 constitu-

415 4197 518 4252 tos,
543 4187 666 4255 quia
699 4187 946 4243 noluistis
975 4187 1338 4259 evangelicum
1369 4188 1555 4262 audire
1579 4203 1906 4256 sermonem,
1929 4199 1986 4247 et

413 4278 564 4332 Isaia:
623 4277 1025 4349 contempsistis
1070 4279 1231 4334 verba
1256 4279 1484 4336 dicentis
1515 4298 1530 4334 :
1560 4279 1694 4336 Ecce
1739 4282 1828 4350 qui
1873 4297 1984 4336 ser-

417 4369 566 4423 uiunt
597 4368 723 4423 mihi
750 4371 1055 4435 comedent;
1088 4385 1177 4424 ros
1203 4379 1377 4425 autem
1418 4372 1678 4427 esurietis.
1722 4371 1859 4426 Ecce
1889 4374 1983 4444 qui

2091 1909 2217 1978 quia
2244 1907 2508 1963 subvertit
2557 1921 2680 1962 eum
2709 1908 2802 1976 qui
2835 1905 3034 1976 corrigi
3063 1912 3295 1976 poterat,
3326 1911 3382 1958 et
3432 1918 3668 1959 consur-

2090 2003 2303 2064 gentem
2337 1992 2525 2062 dejicit
2572 1993 2628 2048 in
2680 2003 2883 2049 terram
2913 2034 2929 2060 ,
2961 2003 3144 2063 atque
3183 1993 3251 2047 ad
3287 1990 3511 2047 meliora
3551 2002 3660 2047 ten-

2091 2089 2306 2141 dentem
2361 2085 2502 2140 mala
2555 2084 2906 2154 persuasione
2953 2084 3184 2154 decepit,
3238 2097 3430 2138 errans
3464 2082 3583 2152 ipse
3611 2091 3668 2138 et

2090 2180 2228 2234 alios
2257 2192 2442 2234 errare
2479 2175 2703 2232 faciens.
2725 2175 2862 2232 IIuic
2887 2175 3013 2230 illud
3045 2175 3320 2246 aptabitur
3351 2189 3663 2244 congrueno

2092 2280 2173 2325 ter
2204 2287 2218 2324 :
2271 2267 2362 2324 Va:
2403 2268 2492 2338 qui
2529 2277 2708 2338 potum
2763 2268 2856 2322 dat
2893 2267 3133 2337 proximo
3159 2282 3254 2321 suo
3281 2265 3668 2320 subversioueus

2086 2357 2377 2424 turbidam,
2410 2367 2457 2412 et
2505 2356 2770 2411 inebrians
2801 2357 3013 2423 eum";
3059 2353 3151 2410 Va:
3177 2355 3268 2425 qui
3301 2369 3480 2409 errare
3534 2352 3667 2422 facit

2089 2465 2283 2504 circum
2315 2450 2370 2503 in
2391 2449 2478 2504 via
2530 2448 2614 2512 ⁸⁸;
2666 2447 2771 2511 Qui
2799 2446 3121 2500 scandalizat
3155 2447 3449 2514 quempiam
3495 2446 3558 2496 de
3585 2443 3670 2497 his

2089 2543 2178 2612 qui
2219 2541 2435 2595 credunt
2475 2539 2585 2594 Deo
2619 2557 2637 2596 :
2689 2541 2892 2607 expedit
2917 2541 2964 2593 ei
3012 2551 3066 2592 ut
3099 2540 3426 2609 appcndatur
3445 2539 3493 2590 ei
3523 2537 3666 2590 mula

2089 2633 2321 2687 asinaria
2349 2647 2505 2701 super
2519 2631 2714 2686 collum
2744 2631 2879 2701 ejus,
2905 2643 2952 2686 et
2990 2631 3343 2700 praecipitetur
3361 2631 3414 2682 in
3435 2643 3578 2682 mare
3596 2627 3665 2682 ⁸⁸.

2091 2723 2225 2791 Quia
2266 2724 2572 2789 subvertit,
2621 2734 2682 2778 ut
2746 2724 3004 2790 diximus,
3059 2722 3434 2778 sublevantem
3472 2735 3557 2784 se,
3610 2729 3671 2775 et

2089 2814 2428 2870 obedientem
2462 2814 2740 2870 transtulit
2779 2815 2846 2869 ad
2872 2814 3219 2884 superbiam;
3255 2823 3460 2869 etcum
3484 2812 3579 2882 qui
3611 2814 3670 2869 iu

2088 2905 2372 2963 dulcedine
2395 2905 2680 2961 cbaritatis
2717 2915 2932 2974 poterat
2969 2903 3270 2970 ambulare,
3312 2901 3587 2958 convertit
3610 2903 3666 2956 in

2087 2996 2537 3062 amaritudinem;
2581 3004 2637 3051 et
2693 2995 2990 3063 subjectum
3061 2995 3268 3066 legibus
3344 2994 3666 3048 monasterii

2103 3088 2260 3143 malis
2287 3088 2532 3145 consiliis
2560 3089 2893 3158 depravavit,
2947 3087 3178 3158 fecitque
3223 3087 3406 3143 odisse
3453 3102 3577 3141 eum
3609 3095 3668 3142 et

2087 3180 2398 3236 contristari
2426 3190 2612 3236 contra
2665 3181 2810 3235 illum
2863 3181 3114 3252 quicum
3171 3179 3399 3235 docebat
3448 3178 3670 3234 Domini

2086 3270 2456 3342 disciplinam,
2478 3270 2602 3327 lites
2630 3286 2817 3326 serens
2847 3271 2991 3325 inter
3022 3271 3219 3325 fratres
3247 3277 3410 3340 atque
3443 3268 3665 3323 discor~

2083 3364 2224 3430 dias,
2258 3374 2314 3419 et
2382 3379 2492 3420 non
2545 3363 2740 3418 timens
2771 3362 2897 3416 illud
2929 3361 3068 3433 quod
3112 3361 3372 3430 scriptum
3423 3368 3550 3414 est:
3582 3357 3668 3413 Tu

2085 3453 2201 3524 quis
2230 3469 2304 3521 es,
2359 3453 2451 3523 qui
2503 3453 2706 3516 iudicas
2738 3452 2966 3506 alienum
2993 3451 3242 3504 servum?
3281 3448 3393 3505 Suo
3447 3448 3672 3504 domino

2083 3557 2210 3609 stat,
2243 3554 2333 3598 aut
2355 3543 2517 3600 cadit.
2550 3541 2718 3598 Stabit
2750 3555 2958 3608 autem;
2976 3552 3156 3609 potens
3210 3548 3283 3594 est
3309 3541 3448 3593 enim
3480 3538 3671 3594 Domi-

2086 3654 2184 3691 nus
2215 3651 2420 3689 rursum
2439 3643 2670 3688 statuere
2691 3633 2839 3686 illum
2854 3633 2923 3687 ’°.
2946 3617 3246 3688 COns‘idera
3273 3631 3404 3700 quid
3433 3631 3663 3686 dixerit:

2087 3723 2281 3780 Potens
2317 3734 2390 3779 est
2433 3738 2607 3777 autem
2642 3723 2897 3776 Dominus
2929 3731 3162 3776 statuere
3189 3721 3362 3775 illum.
3405 3718 3525 3776 Non
3572 3720 3672 3774 ille

2085 3825 2278 3885 potens
2315 3825 2418 3881 est,
2435 3814 2528 3885 qui
2559 3815 2722 3870 verba
2753 3814 2960 3891 Domini
2985 3813 3248 3883 prasterit.

2161 3904 2331 3961 XXV.
2365 3904 2539 3974 Unde,
2565 3905 2785 3972 fratres,
2815 3919 3140 3977 magnopere
3168 3905 3467 3962 devitemus
3489 3902 3667 3960 alicu-

2077 3996 2168 4068 jus
2203 4009 2440 4054 mentem
2482 3999 2791 4055 subvertere
2820 4007 3008 4065 contra
3053 4000 3329 4054 doctorem
3389 4006 3448 4052 et
3485 3997 3672 4052 moui-

2087 4103 2256 4146 torem
2289 4105 2485 4162 suum;
2519 4099 2573 4145 ct
2613 4089 3020 4162 meminerimus
3059 4087 3352 4159 Scriptura:
3385 4087 3664 4144 dicentis:

2084 4181 2272 4238 Libera
2304 4197 2396 4236 cor
2439 4190 2588 4234 tuum
2624 4197 2658 4235 a
2696 4180 2926 4248 malitia,
2956 4188 3013 4233 ut
3046 4180 3261 4233 solveris
3283 4179 3352 4232 ’⁸.
3413 4177 3528 4234 Nec
3561 4194 3670 4250 pro

2083 4272 2391 4330 obedientia
2425 4272 2734 4342 superbiam
2783 4281 2837 4328 et
2883 4272 3279 4328 contumaciam
3312 4270 3367 4326 in
3402 4271 3672 4325 cordibus

2085 4364 2288 4420 nostris
2316 4363 2546 4420 invicem
2579 4363 2928 4418 seminemus.
2957 4361 3062 4430 Qui
3101 4363 3245 4416 enim
3276 4362 3432 4415 timet
3471 4359 3670 4415 Domi-

413 4461 641 4514 seroiunt
673 4461 803 4515 mihi
825 4461 1021 4525 bibent,
1048 4477 1136 4516 vos
1169 4472 1343 4517 autem
1367 4463 1575 4518 sitietis.
1598 4461 1734 4519 Ecce
1757 4464 1849 4534 qui
1870 4480 1981 4518 ser-
2010 4479 2056 4535 ι)
2086 4471 2211 4510 nulli
2251 4470 2431 4522 suum.
2461 4455 2510 4510 εἰ
2547 4452 2746 4511 Viderit
2775 4454 2998 4510 [ι’ὃιΐθω
3032 4467 3190 4509 suum
3223 4465 3412 4507 errare
3442 4460 3498 4506 οι
3529 4449 3670 4514 Μή,

413 4551 558 4605 ciunt
613 4551 743 4604 mihi
795 4551 1173 4617 exsultabant;
1205 4560 1253 4607 et
1293 4567 1382 4606 vos
1429 4551 1722 4608 clamabitis
1768 4562 1982 4627 propter

415 4641 648 4695 dolerent
701 4643 871 4696 cordis
911 4643 1103 4710 vestri,
1153 4653 1201 4697 et
1252 4642 1314 4696 ob
1357 4644 1727 4700 contritionem'
1767 4647 1980 4715 spiritus

413 4732 681 4804 cjulabitis
702 4733 769 4787 ⁸³.
801 4733 1042 4788 Audistis
1077 4747 1264 4790 omnes
1291 4733 1648 4792 beatitudines
1673 4734 1984 4808 Scriptura-

413 4839 557 4887 rum,
583 4833 639 4879 et
669 4823 916 4880 noluistis
950 4825 1222 4895 suscipere
1238 4825 1597 4895 disciplinam.

484 4913 678 4972 XXIII.
702 4915 850 4985 Ideo,
881 4915 1096 4982 fratres,
1129 4916 1365 4988 aequales
1387 4919 1578 4982 simus,
1597 4932 1626 4971 a
1656 4919 1876 4976 minimo
1894 4934 1982 4977 us-

413 5019 520 5080 que
551 5004 620 5059 ad
646 5004 966 5070 maximum,
995 5012 1103 5058 tam
1140 5003 1290 5058 dives
1311 5019 1470 5073 quam
1503 5018 1726 5073 pauper,
1756 5019 1984 5061 concor-

414 5094 503 5149 dia
529 5101 585 5150 et
609 5091 912 5147 humilitate
939 5089 1184 5160 perfecti,
1215 5099 1274 5145 ut
1299 5091 1364 5144 de
1395 5090 1546 5144 vobis
1574 5105 1789 5161 quoque
1813 5093 1984 5162 possit

413 5185 518 5242 dici
549 5201 564 5239 :
602 5181 707 5250 Qui
730 5182 975 5246 multant,
1011 5197 1114 5234 non
1153 5179 1478 5243 abundavit;
1510 5180 1600 5250 qui
1641 5196 1852 5250 parum,
1877 5199 1981 5238 non

412 5272 725 5343 indiguif“.
758 5271 838 5326 Ne
870 5270 997 5338 quis
1028 5269 1142 5324 suis
1173 5269 1452 5338 provideat
1489 5267 1716 5335 deliciis,
1757 5285 1985 5328 cernens

412 5364 636 5419 fratrem
687 5365 740 5419 in
769 5369 1089 5432 paupertate
1135 5367 1191 5415 et
1224 5361 1468 5430 angustia
1515 5360 1889 5428 constitutum,
1929 5371 1987 5417 et

409 5453 625 5508 dicatur
676 5452 726 5507 ei
779 5450 908 5505 illud
953 5447 1371 5518 propheticum:
1417 5446 1605 5501 Nonne
1654 5446 1795 5502 Deus
1846 5463 2005 5522 unus.

475 5595 517 5628 “
554 5592 750 5662 pres.
779 5606 838 5657 It,
868 5591 994 5662 ‘20._
1083 5589 1297 5662 "Luc.
1322 5605 1435 5654 xvi,
1470 5589 1564 5662 25.

411 5663 459 5700 ⁸⁸
489 5659 644 5717 Joan.
669 5677 789 5728 χιιι.
835 5662 926 5725 ⁸54,
965 5660 1055 5715 35.
1130 5661 1172 5692 "'
1209 5659 1406 5715 llahac.
1437 5675 1496 5722 lt,
1527 5661 1614 5715 15.

413 5747 489 5800 .v,
522 5732 610 5787 ﬂ.
683 5733 728 5763 ”
751 5731 910 5785 Prov.
937 5746 1086 5794 xxiv,
1118 5730 1205 5786 ll.
1281 5729 1470 5802 ".Jud.
1503 5730 1594 5786 23.

1671 5589 1857 5663 “ulsa.
1895 5608 2021 5660 va,
2052 5597 2140 5663 i3,
2169 5597 2256 5653 Η.

1711 5660 1758 5693 ⁸⁸
1783 5663 1937 5718 Deut.
1967 5680 1987 5718 ι

2095 5660 2136 5735 t,
2167 5669 2252 5723 l8.
2329 5669 2375 5703 ⁸⁹
2405 5670 2592 5727 Matth.
2621 5686 2774 5743 xvtn,
2800 5660 2856 5731 ii.
2934 5672 2982 5705 ὐ
3009 5671 3168 5730 Rom.
3202 5687 3312 5736 liv,
3337 5671 3393 5728 4.
3431 5660 3441 5664 ’
3471 5672 3517 5704 ’³
3553 5660 3656 5722 Jer

2081 4549 2252 4620 magis
2273 4549 2433 4606 debet
2469 4557 2773 4623 monstrare
2797 4561 2917 4618 qua:
2942 4556 3132 4603 sancta
3166 4551 3315 4610 sunt,
3353 4552 3410 4601 et
3443 4553 3670 4600 rectum

2081 4639 2186 4695 iter
2221 4640 2529 4707 ostendere,
2570 4648 2629 4694 ut
2667 4655 2789 4695 cum
2831 4639 2978 4694 omni
3025 4640 3274 4694 castitate
3321 4647 3376 4693 et
3403 4647 3670 4716 tremore

2083 4731 2179 4787 Dei
2225 4731 2518 4798 incedens,
2554 4731 2699 4786 illam
2745 4729 3053 4787 Salomonis
3079 4740 3406 4802 exsequatur
3432 4740 3672 4785 senten-

2083 4824 2214 4877 tiam
2246 4838 2261 4875 :
2292 4821 2483 4877 Libera
2533 4838 2618 4878 eos
2654 4823 2745 4892 qui
2779 4822 3044 4876 ducuntur
3076 4822 3146 4875 ad
3179 4832 3422 4889 mortem,
3447 4829 3499 4875 et
3525 4822 3673 4875 redi-

2086 4929 2224 4970 utere
2248 4915 2310 4969 de
2338 4914 2692 4984 interiectione
2738 4931 2840 4969 non
2869 4930 3031 4969 cesses
3051 4913 3124 4970 “.
3161 4911 3272 4969 Nec
3317 4912 3474 4968 dicas
3503 4929 3520 4964 :
3558 4910 3673 4968 Ne-

2086 5007 2202 5063 scio
2234 5005 2399 5061 hunc.
2444 5005 2593 5061 Scito
2625 5006 2880 5076 quoniam
2923 5007 3062 5061 Deus
3095 5005 3264 5060 corda
3295 5005 3540 5059 omnium
3576 5017 3676 5057 no-

2089 5098 2185 5153 vit.
2214 5097 2284 5154 Et
2309 5094 2475 5153 Judas
2502 5097 2556 5152 in
2581 5095 2816 5168 Epistula
2844 5095 3082 5166 loquitur
3118 5111 3214 5151 sua
3248 5113 3263 5150 :
3300 5094 3371 5148 Et
3404 5094 3502 5149 ltos
3541 5094 3673 5162 qui-

2080 5191 2199 5244 dem
2246 5189 2311 5243 de
2348 5190 2464 5259 igne
2490 5191 2769 5258 rapientes,
2807 5199 2854 5243 et
2878 5189 2999 5243 odio
3038 5187 3286 5243 habentes
3306 5190 3675 5241 commacula-

2081 5285 2190 5329 tant
2232 5275 2463 5330 tunicam
2490 5276 2556 5330 ⁸³.
2586 5275 2886 5332 Caveamus
2935 5274 3308 5346 hujuscemodi
3361 5272 3671 5328 vestimen-

2081 5374 2218 5433 tum,
2252 5377 2308 5421 et
2339 5367 2627 5420 induantur
2665 5369 2842 5438 potius
2883 5379 3212 5423 armaturam
3250 5367 3374 5432 Dei,
3403 5375 3460 5424 ut
3488 5368 3667 5436 possi-

2080 5473 2199 5513 mus
2228 5460 2468 5516 resisters
2513 5470 2695 5516 contra
2730 5460 2954 5518 insidias
2997 5462 3216 5517 diaboli.
3247 5459 3372 5515 Non
3398 5469 3480 5538 est
3523 5461 3676 5515 enim

2403 5599 2451 5632 “
2472 5598 2514 5653 Il
2543 5599 2673 5656 Cor.
2697 5617 2814 5666 vnt,
2849 5601 2936 5658 l5.
3046 5568 3348 5656 "'Malach.
3381 5615 3445 5664 ll,
3476 5598 3646 5661 10,1!
