3890 6274
221 355 321 412 881

1041 355 1101 412 S.
1141 355 1430 415 ORSIESII
1469 357 1811 417 DOCTRINA
1854 358 1942 416 DE
1979 359 2328 422 INSTITUT.
2367 363 2673 424 MONACH.

3354 367 3484 427 882’

221 473 370 528 nobis
398 487 574 542 pugna
587 482 771 527 contra
799 490 1012 533 carnem
1039 486 1088 529 et
1111 477 1441 546 sanguinem,
1479 481 1570 533 sed
1601 478 1788 533 adeer-
1819 481 1866 538 Α
1895 495 2014 534 nem
2047 483 2436 555 evangelicum,
2465 497 2685 536 avarum
2709 463 3087 552 corripientem
3107 505 3118 539 :
3141 481 3328 550 Stulte,
3361 486 3460 540 hac

221 579 308 618 sus
334 570 611 631 potestates
649 571 696 616 et
718 563 1064 632 principatus,
1097 565 1344 618 adversus
1380 575 1599 619 rectores
1649 574 1793 618 tene-

219 655 436 708 brarum
466 653 685 722 harum,
725 653 972 711 adversus
1012 655 1279 726 spiritalia
1321 657 1565 728 nequitia:
1599 657 1656 711 in
1699 672 1794 712 cte-

220 748 433 804 lestibtts
455 747 523 803 “.

295 839 490 895 XXVI.
527 838 640 895 lloc
662 854 879 911 quoque
909 841 1143 904 maxime
1170 842 1559 912 providendum
1591 853 1696 907 est,
1727 859 1795 901 ne

216 930 348 1001 quis
395 931 448 984 in
484 929 709 985 alteram
747 930 964 985 domum
1007 940 1065 986 et
1101 932 1326 988 alterius
1357 933 1604 988 cellulam
1649 949 1796 990 com-

221 1027 445 1078 mendet
475 1020 701 1090 aliquid,
727 1028 783 1077 et
809 1031 999 1078 contra
1028 1024 1340 1080 monasterii
1370 1025 1531 1080 faciat
1555 1025 1796 1096 discipli-

223 1130 375 1172 nam.
403 1114 505 1182 Qui
551 1114 674 1170 talis
713 1123 815 1181 est,
849 1130 957 1171 non
987 1125 1069 1171 est
1099 1116 1152 1171 in
1183 1132 1408 1175 numero
1429 1117 1676 1184 fratrum,
1702 1119 1796 1174 sed

225 1207 598 1264 mercenarius
632 1216 688 1264 et
721 1207 962 1276 advena;
1005 1223 1105 1264 nec
1148 1207 1352 1264 Pascha
1395 1208 1607 1265 Domini
1657 1211 1797 1267 inter

225 1307 448 1355 sanctos
471 1299 628 1354 debet
661 1299 964 1364 comedere,
994 1299 1117 1370 quia
1158 1298 1332 1356 factus
1359 1310 1442 1356 est
1464 1300 1603 1370 lapis
1633 1316 1795 1356 scan-

223 1393 336 1446 dali
391 1392 442 1446 in
485 1391 834 1455 monasterio,
864 1402 919 1444 et
958 1391 1025 1446 de
1055 1405 1120 1446 eo
1161 1402 1342 1460 posset
1385 1392 1534 1446 dici:
1573 1391 1800 1460 Lapides

227 1488 296 1539 de
337 1483 420 1538 via
453 1500 568 1538 mea
608 1484 937 1553 projicite".
986 1482 1043 1539 Si
1083 1484 1226 1539 enim
1256 1483 1575 1538 levitonaria
1613 1493 1797 1539 nostra

226 1577 448 1646 quando
482 1576 743 1638 lavamus,
772 1575 916 1630 sicca
950 1588 1054 1629 non
1076 1573 1297 1640 fuerint,
1329 1589 1497 1645 usque
1520 1575 1587 1630 ad
1611 1589 1800 1644 vespe-

235 1682 354 1720 ram
405 1681 510 1722 non
567 1666 826 1720 habemus
869 1671 1187 1736 potestatem
1245 1663 1386 1734 apud
1435 1678 1534 1719 nos
1575 1671 1798 1730 tenere',

233 1758 532 1826 damusque
565 1755 852 1825 praeposito
904 1755 989 1811 cui
1040 1755 1229 1812 crediti
1267 1770 1478 1822 sumus,
1510 1758 1592 1810 Vel
1626 1757 1675 1812 ei
1709 1756 1795 1813 cui

231 1847 498 1902 creditum
544 1858 628 1903 est
673 1846 968 1908 cellarium.
1021 1854 1080 1900 ut
1120 1845 1330 1901 deferat
1363 1847 1430 1901 ad
1464 1861 1587 1902 cum
1625 1845 1800 1902 locum

234 1938 326 1994 ubi
354 1939 670 1994 vestimenta
690 1938 892 2005 pariter
911 1939 1150 1993 onmium
1179 1947 1616 2004 reservantur,et
1644 1952 1804 1996 mane

234 2029 392 2086 nobis
418 2029 615 2084 dantur
643 2040 701 2084 ut
730 2030 1102 2098 espandamus
1133 2029 1222 2084 illa
1261 2029 1328 2084 ad
1356 2029 1560 2094 solem,
1595 2038 1649 2084 et
1678 2043 1801 2085 cum

235 2118 382 2171 sicca
412 2113 614 2170 fuerint
640 2131 746 2170 non
776 2117 914 2184 apud
949 2132 1047 2172 nos
1084 2127 1361 2184 tenemus,
1391 2117 1487 2173 sed
1526 2119 1718 2174 damus
1741 2120 1796 2174 in

236 2221 523 2264 commune
545 2208 971 2278 servandajuxta
986 2217 1252 2278 praecepta
1274 2209 1568 2280 majorum:
1602 2220 1804 2280 quanto

237 2301 412 2370 magis
436 2314 496 2354 ea
536 2315 656 2372 quas
691 2301 908 2370 proprie
943 2301 1091 2357 visus
1112 2317 1172 2357 es
1209 2301 1509 2371 possidere,
1540 2302 1588 2359 si
1645 2301 1800 2356 alteri

237 2393 702 2450 commendaveris
727 2395 902 2448 autin
941 2403 1027 2448 tua
1068 2394 1302 2452 volueris
1333 2409 1454 2451 esse
1505 2403 1803 2465 potestate,

238 2495 432 2549 peccas
463 2481 514 2534 in
550 2482 865 2536 monasterii
911 2481 1271 2552 disciplinam,
1311 2492 1366 2538 et
1410 2500 1514 2538 non
1549 2484 1805 2555 intelligis

240 2569 465 2625 Paulum
496 2571 588 2626 tibi
629 2572 933 2643 loquentem
959 2590 974 2627 :
1007 2571 1109 2626 Vos
1135 2584 1306 2627 autem
1334 2573 1385 2629 in
1408 2572 1697 2630 libertatem
1719 2593 1806 2631 ro-

239 2664 346 2716 cati
385 2664 540 2728 estis;
580 2672 783 2717 tantum
815 2679 876 2718 ne
924 2663 1158 2719 libertate
1198 2666 1252 2719 in
1286 2669 1610 2722 occasionem
1625 2673 1806 2726 carnis

241 2757 550 2823 abutamini,
576 2757 666 2810 sed
685 2757 939 2812 charitate
969 2757 1155 2813 seruile
1170 2759 1384 2814 inuicem
1405 2761 1450 2794 "
1471 2777 1485 2826 ;
1507 2771 1560 2816 et
1577 2761 1801 2818 iterum:

242 2844 499 2900 Dominus
517 2845 676 2914 juxta
706 2855 780 2900 est
797 2862 817 2911 ;
860 2845 1018 2901 nolite
1045 2864 1156 2902 esse
1186 2849 1416 2912 solliciti,
1445 2851 1536 2904 sed
1563 2861 1728 2906 estote
1754 2853 1809 2907 in

241 2935 479 2990 oratione
519 2936 703 2990 intenti
742 2947 788 2991 et
825 2937 1270 3006 deprecationibus
1291 2940 1362 2994 ".
1417 2938 1568 2995 Sciat
1595 2956 1810 3012 quoque

243 3027 335 3082 ille
367 3028 456 3098 qui
489 3029 556 3083 ab
581 3029 687 3085 alio
714 3031 1011 3100 susceperit
1035 3033 1495 3101 commendatum,
1523 3045 1578 3090 et
1613 3051 1726 3091 rem
1749 3051 1810 3095 se

243 3117 543 3172 arbitratur
580 3117 757 3173 facere
796 3118 936 3187 piam
975 3127 1033 3172 ut
1072 3117 1292 3174 fratrem
1335 3121 1638 3191 refrigeret,
1665 3121 1807 3190 quod
1836 3156 1880 3214 ο

244 3217 430 3276 peccet
466 3217 650 3262 contra
683 3209 917 3262 animam
953 3224 1141 3274 suam,
1191 3211 1508 3265 subvertens
1568 3212 1808 3282 regulam

248 3295 584 3349 monasterii.
607 3293 651 3350 Ο
677 3294 859 3359 Stulte,
898 3297 1076 3351 anima
1108 3305 1196 3351 tua
1233 3299 1526 3354 commissa
1567 3308 1649 3355 est
1677 3316 1814 3368 pra:-

246 3386 422 3455 posito
451 3392 573 3452 tuo;
611 3396 664 3440 et
685 3387 774 3455 qui
806 3388 1039 3442 animum
1065 3398 1210 3442 tuam
1235 3404 1537 3460 corpusque
1576 3392 1814 3447 custodit

247 3478 498 3547 indignus
536 3478 817 3533 habebitur
852 3489 909 3534 ut
937 3481 1176 3550 peritura
1204 3483 1531 3538 conservet?
1559 3485 1818 3540 Amemus

242 3569 534 3638 justitiam,
574 3579 633 3624 ut
669 3570 1051 3640 iustiﬁcemur.
1091 3569 1346 3644 Legimus
1383 3576 1527 3630 enim
1560 3592 1574 3629 :
1605 3575 1816 3633 Miseri-

249 3661 438 3715 cordia
460 3663 682 3716 occurrit
716 3661 796 3717 his
820 3664 909 3735 qui
925 3663 1127 3733 faciunt
1162 3666 1428 3721 veritatem
1451 3668 1520 3722 ⁸³.

321 3752 536 3810 XXVII.
580 3752 692 3811 Hoc
733 3769 943 3827 quoque
980 3757 1376 3829 observandum
1414 3768 1532 3826 est,
1568 3775 1634 3815 ne
1670 3761 1816 3830 quis,

249 3843 418 3900 stulta
470 3843 795 3913 cogitatione
849 3845 1145 3917 deceptus,
1199 3847 1308 3902 imo
1356 3849 1551 3904 diaboli
1610 3850 1819 3921 laqueis
1867 3850 1873 3855 ’

251 3936 516 4003 irretitus,
541 3936 684 3992 dicat
715 3938 767 3992 in
803 3938 964 3994 corde
982 3953 1098 4004 ,suo
1128 3958 1142 3995 :
1177 3939 1403 4007 Quando
1431 3943 1655 4009 morior,
1690 3951 1819 4000 tunc

251 4028 394 4085 dono
443 4028 698 4085 fratribus
727 4030 868 4102 quod
897 4030 1155 4088 habuero.
1196 4031 1242 4088 Ο
1285 4033 1599 4091 stultissime
1641 4037 1819 4090 homi-

253 4137 405 4189 num,
463 4123 554 4179 ubi
605 4123 706 4178 hoc
756 4124 1014 4195 scriptum
1051 4125 1348 4182 invenisti?
1392 4127 1582 4185 Nonne
1632 4145 1824 4184 omnes

253 4216 426 4275 sancti
465 4215 764 4272 servientes
809 4217 916 4271 Deo
949 4215 1135 4272 statim
1168 4231 1383 4274 omnem
1434 4220 1612 4275 saeculi
1648 4223 1820 4276 sarci-

255 4323 382 4365 nam
409 4309 810 4378 deposuerunt?
842 4308 1030 4364 Nonne
1062 4310 1116 4364 in
1156 4310 1380 4366 Actibus
1412 4312 1771 4378 apostolorum
1804 4351 1819 4376 ,

252 4401 434 4457 ornttia
465 4415 585 4471 qua;
620 4399 928 4468 habebant,
965 4401 1030 4457 ad
1073 4400 1237 4471 pedes
1275 4401 1639 4472 apostolorum
1673 4401 1822 4458 defe-

1901 581 2048 625 nocte
2065 575 2301 625 animant
2325 581 2564 642 expetent
2589 588 2621 624 a
2649 586 2698 624 te
2723 586 2742 625 :
2771 587 2888 642 qua:
2911 582 3083 626 autem
3120 573 3454 643 prtrparasti,

1895 662 2048 732 cujus
2079 673 2231 717 erunt
2255 663 2310 717 ’i
2339 671 2395 718 et
2430 663 2622 717 iterum
2651 679 2668 716 :
2695 661 2760 717 In
2789 662 2882 716 illa
2903 663 2988 718 die
3017 662 3254 732 peribunt
3281 679 3459 718 omnes

1895 753 2231 823 cogitationes
2277 755 2515 809 eorum“.
2544 755 2741 823 Stulte,
2776 767 2942 824 quare
2980 769 3084 808 non
3141 756 3220 809 vis
3273 754 3462 809 audire

1897 844 2179 898 Dominum
2205 845 2573 900 cohortantem
2609 860 2622 896 :
2657 843 2821 911 Vade,
2851 853 2898 898 et
2940 844 3100 900 vende
3127 843 3302 898 omnia
3343 857 3462 914 qua:

1895 935 2072 1000 trabes,
2089 945 2139 988 et
2161 937 2231 989 da
2245 936 2579 1006 pauperibus,
2608 948 2654 991 et
2683 936 2804 991 tolle
2818 953 3020 991 crucem
3055 945 3221 1001 tuam,
3247 944 3298 989 et
3323 935 3460 1000 veni,

1895 1037 1942 1080 et
1967 1042 2178 1097 sequere
2199 1043 2280 1080 me
2301 1027 2360 1080 ’ἲ
2384 1027 2535 1093 Quod
2565 1027 2880 1083 adolescens
2909 1027 3132 1081 audiens
3166 1039 3463 1081 conversus

1895 1123 1981 1170 est
2013 1124 2189 1181 retro;
2223 1128 2326 1170 non
2365 1115 2512 1170 enim
2536 1124 2653 1170 erat
2684 1125 2886 1170 rectum
2925 1131 3018 1172 cor
3040 1115 3240 1186 ipsius;
3271 1115 3462 1170 etideo

1898 1221 2004 1262 non
2055 1207 2226 1277 potuit
2273 1220 2494 1276 gravem
2533 1207 2838 1262 divitiarum
2882 1208 3146 1262 sarcinam
3175 1208 3460 1276 deponere.

1903 1297 2149 1353 Habebat
2185 1299 2401 1368 quidem
2428 1298 2781 1364 voluntatem,
2817 1307 2874 1353 ιιι
2909 1298 3186 1369 Scriptura
3212 1307 3493 1362 testatur,.

1898 1389 2150 1461 perfecta:
2177 1390 2322 1455 vitae,
2349 1399 2404 1446 et
2435 1389 2721 1460 splendore
2741 1389 3001 1444 virtutum
3035 1389 3351 1445 trahebatur
3398 1388 3463 1442 ad

1897 1482 2129 1546 laudem,
2184 1482 2277 1537 sed
2311 1481 2653 1537 retrahebant
2717 1495 2840 1539 eum
2875 1492 3179 1538 currentem
3233 1481 3455 1545 divitiae,

1901 1586 2001 1628 nec
2030 1582 2240 1643 poterat
2261 1573 2558 1631 Salvatoris
2581 1577 2770 1630 audire
2797 1574 3120 1641 doctrinam,
3137 1574 3262 1644 quia
3287 1573 3466 1627 adhuc

1903 1662 1972 1718 de
1995 1661 2180 1718 mundi
2208 1663 2414 1721 deliciis
2448 1664 2735 1735 cogitabat.
2767 1664 2920 1722 Unde
2943 1674 2994 1721 et
3022 1663 3272 1719 Salvator
3297 1662 3468 1732 loqui-

1905 1763 2024 1810 tur:
2058 1755 2277 1827 Difﬁcile
2317 1766 2393 1811 est
2437 1773 2522 1812 eos
2563 1759 2652 1825 qui
2688 1759 2875 1813 habent
2925 1757 3132 1811 divitias
3170 1756 3370 1810 intrare
3412 1755 3468 1808 in

1907 1862 2063 1916 regna
2101 1847 2347 1902 calorum
2371 1849 2452 1915 “;
2487 1858 2542 1904 et
2583 1849 2776 1904 iterum
2811 1867 2825 1903 :
2862 1847 3030 1904 Nemo
3071 1857 3234 1916 potest
3267 1848 3470 1901 duobus

1900 1937 2127 1994 dominis
2183 1940 2417 1994 servire:
2449 1949 2540 1994 aut
2589 1941 2728 1996 enim
2774 1955 2938 1995 unum
2984 1940 3104 1996 odio
3150 1938 3380 2003 habebit,
3419 1946 3469 1991 et

1900 2028 2123 2084 alterum
2156 2029 2370 2100 diliget;
2402 2041 2493 2084 aut
2541 2031 2633 2084 uni
2677 2041 2753 2085 est
2789 2031 3054 2096 obediens,
3087 2039 3134 2085 et
3179 2038 3470 2084 contemnet

1901 2119 2144 2174 alterum.
2193 2118 2316 2174 Non
2355 2123 2568 2189 potestis
2602 2119 2710 2174 Deo
2747 2121 2939 2175 seruire
2981 2129 3031 2175 et
3059 2134 3370 2173 mammonte
3401 2118 3467 2171 ".

1905 2211 2157 2268 Pharisaei
2183 2220 2364 2268 autem
2390 2227 2512 2266 cum
2543 2221 2724 2268 essent
2755 2212 2924 2281 avari,
2957 2211 3070 2267 haec
3098 2210 3389 2267 audiebant
3415 2221 3469 2264 et

1903 2302 2242 2358 irridehant:
2282 2317 2510 2372 quorum
2544 2301 2964 2359 incredulitatem
3007 2301 3332 2365 devitemus,
3364 2313 3464 2353 nec

1906 2393 2230 2450 irrideamus
2289 2408 2384 2449 eos
2442 2393 2532 2462 qui
2583 2408 2682 2448 nos
2724 2399 3038 2463 provocant.
3086 2390 3472 2447 Renuntiemus

1906 2484 2128 2550 mundo,
2158 2493 2217 2538 ut
2247 2482 2470 2552 perfecti
2497 2481 2791 2552 perfectum
2823 2495 3113 2550 sequamur
3135 2481 3468 2534 thesaurum.

1905 2577 2142 2645 Quorum
2179 2577 2413 2631 animam
2442 2576 2675 2647 possidet
2735 2574 2984 2638 avaritia,
3020 2572 3104 2630 his
3131 2572 3344 2627 videtur
3376 2585 3474 2640 pro

1905 2670 2118 2724 Christo
2142 2667 2304 2723 stulta
2332 2677 2640 2738 paupertas.
2675 2665 2920 2731 Quaestus
2943 2674 3018 2718 est
3041 2677 3280 2732 magnus,
3307 2662 3473 2730 pietas

1907 2777 2023 2815 cum
2043 2758 2368 2828 suﬁcientia.
2401 2755 2550 2810 Nihil
2581 2756 2716 2809 enim
2746 2754 3018 2808 intulimus
3048 2753 3102 2806 in
3152 2752 3289 2806 hunc
3319 2768 3475 2805 utun-

1907 2851 2054 2914 dum,
2097 2865 2189 2902 nec
2235 2848 2446 2916 auferre
2492 2847 2618 2917 quid
2667 2859 2986 2914 possumus;
3035 2842 3280 2897 habentes
3331 2843 3471 2896 enim

1909 2941 2098 2996 uictum
2146 2948 2194 2993 et
2224 2937 2480 3000 vestitum,
2521 2937 2600 2990 his
2658 2935 2886 2990 contenti
2925 2935 3108 2988 simus.
3159 2931 3262 2998 Qui
3301 2941 3476 2985 autem

1910 3032 2084 3086 velunt
2106 3029 2288 3084 diuites
2307 3028 2445 3097 ﬁeri,
2463 3027 2700 3081 incidunt
2720 3023 3122 3079 intentationem
3142 3033 3188 3076 et
3211 3020 3472 3089 laqueum,

1911 3123 1965 3176 in
1993 3122 2433 3190 concupiscentias
2469 3120 2657 3172 multas
2689 3134 2806 3188 qua:
2831 3124 2950 3171 sunt
2990 3115 3165 3170 stultia
3194 3125 3241 3169 et
3281 3115 3474 3176 noxia,

1914 3225 1960 3267 et
1992 3212 2292 3283 demergunt
2334 3211 2570 3266 homines
2619 3212 2671 3263 in
2718 3209 2990 3262 interitum
3019 3217 3067 3262 et
3109 3204 3476 3272 perditionem.

1917 3304 2096 3359 Radix
2119 3306 2256 3359 enim
2289 3303 2522 3357 omnium
2545 3301 2800 3354 malorum
2827 3298 3086 3366 cupiditas
3106 3298 3172 3351 ⁸².

1989 3395 2224 3452 XXVIII.
2266 3395 2444 3463 Usque
2475 3395 2633 3448 hodie
2667 3392 2813 3448 Elias
2859 3391 3106 3447 Israelcm
3137 3389 3358 3458 corripit
3395 3391 3479 3442 di-

1917 3503 2048 3545 cens
2075 3507 2088 3542 :
2125 3488 2408 3558 Quousque
2447 3485 2758 3540 claudicatis
2805 3485 2976 3553 pede?
3005 3481 3065 3538 Si
3103 3482 3253 3536 Deus
3284 3491 3382 3548 est,
3412 3482 3481 3535 ite

1917 3593 1968 3638 et
1991 3580 2271 3652 sequimini
2298 3596 2415 3634 eum
2449 3579 2513 3631 ⁸³.
2547 3577 2613 3631 Et
2642 3577 2796 3634 nobis
2823 3577 3062 3646 loquitur
3091 3594 3104 3631 :
3140 3573 3197 3629 Si
3231 3573 3478 3628 mandata

1920 3683 2045 3729 sunt
2081 3671 2174 3727 Dei
2203 3685 2324 3742 quae
2366 3685 2462 3742 per
2490 3669 2723 3725 Patrem.
2753 3679 2994 3724 nostrqu
3032 3666 3258 3722 tradidit
3299 3665 3476 3728 nobis,

1920 3776 1975 3823 et
2019 3780 2139 3836 quae
2184 3772 2472 3833 sequentes
2521 3776 2813 3833 possumus
2869 3759 3153 3830 pervenire
3197 3758 3262 3812 ad
3319 3769 3482 3824 regna

1921 3857 2205 3922 cmlorum,
2248 3863 2364 3910 toto
2410 3854 2598 3908 eadem
2648 3851 2918 3908 desiderio
2970 3849 3383 3920 compleamus:
3435 3845 3482 3902 si

1922 3958 2098 4004 autem
2143 3946 2419 4016 sequimur
2457 3944 2816 4014 cogitationes
2863 3952 3098 4006 nostras,
3135 3949 3190 3998 et
3233 3940 3300 3995 ad
3341 3938 3484 3994 aliud

1925 4040 2095 4095 tendit
2124 4039 2360 4103 animus,
2383 4051 2481 4092 cur
2505 4051 2610 4092 non
2640 4049 2882 4092 errorem
2918 4033 3238 4103 simpliciter
3261 4031 3490 4087 conﬁte-

1925 4144 2065 4192 mur,
2095 4138 2154 4184 et
2174 4127 2529 4191 ostendimus,
2561 4139 2660 4180 nos
2685 4138 2805 4179 esse
2834 4123 2976 4193 quod
3011 4121 3181 4176 videri
3207 4120 3472 4176 erubesci-

1925 4221 2078 4278 mus?
2112 4218 2190 4274 Ne
2227 4218 2366 4272 forte
2399 4217 2610 4271 dicatur
2655 4225 2708 4270 et
2745 4213 2900 4269 nobis
2947 4231 2960 4267 :
3011 4212 3188 4277 Quare
3219 4210 3484 4280 polluistis

1926 4314 2098 4366 locum
2140 4323 2310 4364 meum
2359 4320 2598 4362 sanctum
2631 4305 2712 4358 ⁸⁸2
2745 4305 2844 4362 Et:
2885 4304 3113 4374 lt‘jiciam
3153 4318 3240 4357 eos
3277 4319 3306 4358 e
3332 4303 3484 4357 doma

1911 4418 2041 4458 mea
2087 4401 2154 4454 ⁸⁸.
2201 4399 2476 4468 Siquidem
2530 4395 2886 4452 conciliabula
2922 4393 3310 4449 monachorum
3358 4408 3485 4449 vere

255 4491 446 4547 rebant
466 4490 553 4544 "7
580 4490 647 4545 At
674 4490 943 4560 quomodo
968 4491 1168 4561 poteris
1197 4503 1443 4547 mortuus
1474 4491 1695 4560 justitite
1724 4493 1821 4548 iu—
1853 4519 1898 4574 υ
1930 4491 2019 4546 Dei
2051 4489 2242 4544 domus
2281 4495 2385 4550 est,
2413 4495 2469 4542 et
2506 4495 2817 4540 sanctorum
2851 4485 3027 4548 vinea,
3057 4483 3199 4540 sicut
3229 4483 3487 4555 scriptum

255 4584 420 4638 duere
449 4587 851 4648 vestimentum,
873 4583 963 4654 qui
991 4582 1118 4637 illud
1148 4575 1302 4638 vivus
1329 4583 1526 4638 habere
1556 4597 1660 4638 non
1703 4599 1817 4638 me-

259 4669 453 4723 ruisti?
481 4668 659 4735 Quare
686 4670 884 4726 oblitus
935 4686 995 4727 es
1035 4671 1186 4737 illud,
1222 4673 1367 4742 quod
1405 4671 1663 4743 scriptum
1690 4681 1773 4728 est
1802 4688 1818 4726 :

257 4761 412 4826 Quod
445 4763 772 4816 seminaverit
802 4764 955 4816 homo
977 4805 993 4831 ,
1034 4765 1129 4818 hoc
1170 4773 1217 4818 et
1263 4767 1475 4827 metet';
1516 4775 1567 4820 et
1601 4781 1614 4818 :
1647 4765 1822 4819 Unus-

253 4855 475 4922 quisque
520 4854 732 4922 recipiet
774 4854 934 4920 juxta
959 4856 1098 4925 quod
1140 4856 1318 4925 egit’;
1351 4865 1441 4911 et:
1478 4854 1670 4910 Reddet
1701 4857 1823 4911 uni-

259 4946 445 5016 cuique
460 4943 617 5014 juxta
646 4960 802 5013 opera
830 4961 926 4998 sua
953 4945 1012 5011 ’ς
1062 4955 1114 4998 et
1144 4946 1340 5001 iterum
1373 4963 1386 4999 :
1421 4945 1533 5016 Ego
1569 4946 1822 5001 Dominus

253 5047 494 5092 scrutans
525 5037 686 5091 corda
726 5045 775 5090 et
802 5037 1027 5106 probans
1080 5053 1259 5106 renes,
1296 5046 1352 5092 ut
1383 5040 1595 5092 reddam
1622 5037 1829 5093 unicui-

253 5144 357 5199 que
382 5129 543 5198 juxta
575 5131 683 5183 vias
715 5145 836 5184 suas
863 5138 910 5183 et
939 5129 1096 5199 juxta
1130 5128 1355 5198 fructum
1399 5129 1825 5184 adinventionum

253 5221 368 5290 ejus
386 5221 493 5276 ⁸ουῖ
533 5219 710 5288 Quare
743 5223 975 5277 nondum
995 5223 1228 5278 versaris
1263 5221 1316 5276 in
1361 5221 1493 5288 vita,
1529 5231 1584 5277 et
1623 5222 1678 5276 in
1728 5222 1828 5276 hoc

253 5313 579 5397 corpusculo
608 5316 932 5370 constitutus
955 5330 1060 5369 non
1087 5314 1240 5369 audis
1271 5312 1435 5367 David
1463 5313 1768 5382 loquentem
1809 5332 1822 5368 :

259 5402 626 5467 Thesaurisat,
659 5414 708 5458 et
732 5405 938 5474 ignorat
960 5405 1044 5458 cui
1069 5412 1344 5473 congregat
1378 5419 1438 5458 ea
1457 5403 1512 5468 ⁶;
1549 5411 1602 5458 et
1631 5417 1829 5459 sermo-

331 5557 618 5628 "nghes.
647 5574 722 5625 vt,
758 5560 844 5621 ll,
872 5561 960 5615 12.
1036 5563 1084 5594 ’⁸
1106 5560 1218 5617 Jer.
1251 5577 1306 5628 ts,
1328 5560 1420 5619 26.
1495 5560 1544 5592 "
1568 5559 1770 5625 Galrv,
1808 5561 1893 5616 15.

258 5641 333 5690 tv,
365 5626 454 5682 55.

255 5697 348 5766 21⁵.
429 5697 451 5728 ⁸
488 5696 604 5750 Psal
630 5714 788 5766 es“,
818 5701 874 5755 4.
946 5703 970 5736 ⁹
1008 5696 1198 5756 Matth.
1233 5717 1345 5766 xtx,
1370 5701 1460 5755 Ἠ.

254 5757 418 5822 6-10.
497 5767 539 5800 ⁸⁸
580 5767 641 5822 Ill
673 5757 807 5836 Reg.
836 5787 989 5837 xvttt,
1016 5772 1104 5827 2|.

533 5628 549 5659 ⁸
575 5628 694 5682 Gal.
736 5645 807 5696 vt,
837 5631 889 5685 8.
965 5631 1200 5698 'Ephes.
1225 5624 1300 5694 Vt,
1333 5632 1386 5686 8.
1461 5631 1482 5663 ³
1506 5630 1661 5684 Rom.
1698 5624 1808 5694 tt,6

1914 5631 1973 5663 M
2000 5627 2109 5682 Jer.
2139 5624 2272 5698 xvii,
2307 5624 2395 5698 10.

1925 4581 2151 4652 legimus
2183 4597 2196 4633 :
2245 4577 2404 4633 Vinea
2429 4576 2571 4648 facta
2599 4583 2672 4632 est
2703 4574 2974 4632 Salomoni
2999 4577 3054 4630 in
3084 4574 3198 4631 loco
3227 4575 3315 4645 qui
3337 4592 3492 4630 voca-

1923 4683 2010 4726 tur
2051 4671 2372 4736 Beelanton;
2413 4667 2706 4736 deditveam
2751 4666 3083 4730 custodibus;
3138 4665 3492 4736 unusquisque

1925 4761 2076 4830 a/fert
2105 4775 2198 4828 pro
2233 4757 2490 4828 fructibus
2519 4758 2635 4825 ejus
2662 4757 2801 4810 mille
2843 4764 3132 4825 argenteos.
3183 4755 3344 4810 Vinea
3379 4771 3493 4807 mea

1924 4855 1979 4909 in
2023 4860 2297 4920 conspectu
2333 4864 2444 4904 meo
2495 4860 2569 4904 est
2601 4866 2618 4902 :
2655 4847 2797 4902 mille
2844 4847 3140 4912 Salomoni,
3180 4857 3229 4902 et
3281 4847 3492 4902 ducenti

1928 4943 2008 4996 Itis
2037 4941 2128 5013 qui
2152 4938 2454 4994 custodiunt
2481 4937 2711 5007 fructum
2734 4937 2846 5007 ejus
2881 4937 2944 4990 ⁸⁸.
2966 4935 3040 4992 Ne
3069 4937 3231 5008 igitur
3253 4936 3496 5005 polluen-

1931 5046 2008 5091 tes
2038 5048 2158 5091 eam
2188 5031 2554 5104 projiciamur.
2587 5030 2728 5085 sicut
2760 5031 2811 5082 in
2843 5029 3134 5099 Evangelia
3169 5029 3396 5099 legimus
3425 5029 3490 5094 ι’,

1927 5126 2129 5197 ejectos
2159 5137 2278 5181 esse
2307 5124 2374 5179 de
2405 5122 2601 5192 templo
2632 5122 2724 5191 qui
2773 5124 3072 5177 vendebant
3108 5122 3159 5178 in
3185 5137 3251 5177 eo
3278 5135 3407 5177 oves
3438 5131 3492 5174 et

1928 5220 2124 5276 boves:
2156 5213 2776 5284 nummulariosjquoque
2800 5215 3107 5285 ingrediens
3133 5213 3384 5269 Dominus
3405 5222 3490 5265 at-

1928 5326 2033 5380 que
2067 5310 2337 5373 Salvator,
2375 5315 2431 5361 et
2460 5305 2667 5362 faciens
2696 5305 2794 5360 sibi
2828 5306 3094 5376 ﬂagelhuu
3123 5307 3188 5358 de
3216 5303 3491 5368 funiculis,

1929 5403 2089 5472 ejecit
2121 5415 2155 5455 e
2183 5396 2403 5469 templo,
2431 5405 2486 5453 et
2512 5395 2741 5452 fundens
2775 5413 2882 5452 tera
2915 5410 3235 5466 mensasque
3261 5395 3495 5451 vendeno

2003 5560 2044 5592 "
2078 5556 2308 5626 Philipp.
2338 5570 2416 5626 tv,
2446 5557 2498 5623 5,
2525 5555 2576 5626 ϐ.
2598 5551 2819 5626 "Psal.
2852 5567 3069 5626 sust},
3103 5553 3226 5626 ll._
3294 5551 3339 5584 ”
3372 5551 3492 5606 Act.

2487 5620 2509 5658 δ
2551 5623 2691 5678 Psal.
2747 5638 2974 5687 xsxvm,
3007 5622 3059 5678 7.
3146 5624 3164 5653 ⁷
3205 5620 3334 5678 Luc.
3396 5636 3494 5688 xu,

1541 5701 1583 5731 “’
1625 5691 1785 5754 Matth
1845 5717 1956 5766 xtx,
1990 5699 2080 5752 25.
2158 5696 2198 5728 ⁸⁸
2229 5695 2413 5766 Matth.
2449 5709 2523 5759 vr,
2553 5693 2621 5747 21
2645 5692 2964 5766 λιέιιςίμηἶ
2983 5692 3068 5766 1-5.
3146 5693 3188 5724 ⁸⁸
3215 5691 3494 5766 lTint._\'_t_,

1187 5773 1444 5829 “Ezech.
1474 5787 1571 5836 stt,
1592 5770 1680 5825 26.
1760 5773 1801 5803 “'
1831 5772 1956 5828 Osce
1979 5785 2056 5834 ts,
2089 5767 2172 5821 15.

2253 5765 2294 5797 ⁸⁸
2320 5766 2474 5821 Cant.
2517 5779 2628 5832 vttt,
2663 5763 2750 5828 ll,
2775 5762 2859 5817 l2.
2926 5763 2964 5794 ⁸⁷
2989 5762 3143 5821 Joan.
3187 5779 3250 5830 tt,
3281 5764 3376 5831 l-l,
3407 5760 3494 5817 15.
