3890 6274
399 393 508 451 885

1495 384 1767 441 PATRES
1807 383 2110 442 ASGYPTII
2153 384 2425 443 SECULI
2464 387 2552 443 IV.

3560 382 3684 440 88l-

401 507 560 570 tium,
593 508 650 557 et
686 500 773 557 his
802 501 896 573 qui
937 500 1244 557 vendebant
1275 498 1555 556 colun'ihas
1591 501 1661 556 ait
1716 519 1731 556 :
1763 500 1983 562 Auferte
2011 512 2056 569 Α
2090 516 2213 556 mus
2247 500 2588 557 obtendere?
2619 498 2745 555 Ihcc
2784 501 2966 554 omnia
2996 498 3134 553 iacta
3168 505 3293 552 sunt
3325 495 3503 560 nobis,
3539 497 3682 564 quia

399 596 510 650 ha'c
547 594 748 659 omnia,
781 602 832 648 et
881 593 1045 646 nolite
1081 595 1257 662 facere
1283 592 1496 647 domum
1543 592 1722 647 Patris
1760 594 1862 647 mei
1887 593 1982 647 do-

399 699 546 736 mum
585 685 953 754 negotiationis
994 683 1060 737 ¹⁸.
1108 683 1383 754 Scriptum
1417 694 1500 738 est
1540 684 1687 738 enim
1722 701 1736 738 :
1783 684 1983 739 Domus

399 792 513 828 mea
547 776 735 830 domus
768 777 1024 830 orationis
1063 775 1338 831 vocabitur
1364 776 1568 834 cunctis
1599 777 1870 845 gentibus;
1896 794 1982 832 eos

397 877 576 921 autem
602 867 799 936 fecistis
833 884 949 921 eam
987 868 1291 935 speluncam
1319 867 1587 923 latronum
1619 870 1683 921 “.
1715 869 1782 923 Et
1809 869 1935 924 alibi
1963 887 1979 923 :

407 956 627 1022 Propter
677 973 764 1012 vos
820 975 1009 1013 nomen
1064 975 1237 1014 meum
1285 959 1677 1031 blasphematur
1723 961 1778 1014 in
1806 959 1980 1029 genti-

401 1048 492 1098 bus
519 1047 587 1100 ³⁸.

472 1137 665 1193 XXIX.
699 1140 941 1196 Obsecro
976 1157 1089 1207 vos,
1123 1140 1339 1207 fratres,
1371 1157 1440 1198 ne
1470 1143 1536 1200 de
1565 1144 1722 1199 nobis
1753 1157 1975 1214 quoque

403 1228 617 1284 dicatur
641 1249 654 1284 :
691 1232 844 1285 Alius
869 1232 1078 1303 quidem
1107 1233 1450 1300 esurit,alius
1471 1245 1647 1289 autent
1673 1235 1847 1289 ebrius
1868 1247 1942 1290 est
1965 1253 1983 1290 :

405 1337 473 1374 an
498 1323 677 1375 domos
713 1340 815 1377 non
853 1324 1072 1390 habetis,
1103 1336 1160 1378 ut
1192 1326 1378 1380 bibatis
1436 1337 1483 1382 et
1522 1327 1860 1381 comedatis?
1883 1328 1984 1382 nisi

406 1414 542 1480 forte
596 1413 883 1468 Ecclesium
925 1416 1020 1470 Dei
1053 1417 1405 1482 contemnitis,
1439 1427 1488 1472 et
1532 1419 1854 1488 confunditis
1897 1436 1985 1474 eos

404 1507 496 1574 qni
529 1523 628 1560 non
674 1507 863 1562 habent
904 1510 970 1564 ²¹.
1002 1510 1082 1566 Ad
1110 1525 1248 1580 quos
1293 1513 1493 1568 dicitur
1531 1533 1544 1568 :
1582 1512 1640 1568 Si
1669 1514 1786 1584 quis
1819 1515 1985 1568 esurit

407 1599 548 1653 danti
589 1602 848 1667 comedat,
887 1611 944 1655 ut
995 1618 1099 1656 non
1140 1604 1196 1657 in
1238 1603 1501 1673 judicium
1546 1607 1866 1662 conveniatis
1914 1607 1982 1662 “.

406 1691 524 1745 Non
565 1691 637 1746 sit
676 1692 869 1755 domus
898 1703 1083 1748 nostra
1125 1695 1276 1750 vocis
1315 1694 1525 1761 alienae,
1561 1712 1626 1751 ne
1662 1696 1795 1752 illud
1832 1697 1986 1751 nobis

408 1792 772 1851 coogrueutcr
796 1792 1012 1851 aptetur
1038 1802 1055 1837 :
1077 1782 1256 1853 Opera
1279 1784 1501 1854 χερνρή
1523 1803 1628 1840 non
1652 1786 1985 1841 abstulerunt

2093 593 2410 650 Sacerdotes
2456 593 2763 662 plauserunt
2807 593 3070 656 mortibus,
3122 602 3168 644 et
3213 589 3437 660 papulas
3483 590 3682 643 dilexit

2091 685 2342 740 similiter
2367 685 2433 738 ³³.
2466 683 2606 752 Quia
2635 685 2770 738 sicut
2809 682 3056 754 populus,
3103 683 3180 736 sic
3223 681 3488 736 sacerdos.
3539 679 3686 735 Pro-

2089 788 2269 848 pterea
2314 781 2532 834 reddam
2571 779 2642 845 ei,
2688 779 2886 847 inquit,
2940 778 3230 831 secundum
3272 779 3380 832 vias
3427 793 3578 844 suas,
3626 787 3680 832 et

2089 873 2435 941 cogitationes
2461 871 2608 924 illius
2640 871 2911 924 restituam
2953 871 3001 923 ei
3029 867 3098 921 “.

2167 963 2390 1018 XXXII.
2426 962 2542 1018 Non
2583 962 2651 1018 de
2692 961 2945 1017 omnibus
2972 961 3128 1016 vobis
3171 961 3287 1014 haec
3315 957 3531 1028 loquor,
3574 955 3683 1010 sed

2093 1059 2159 1112 de
2187 1057 2274 1112 his
2315 1057 2405 1125 qui
2435 1056 2699 1126 majorum
2743 1063 3008 1126 prmcepta
3038 1061 3388 1108 contemnunt
3422 1067 3436 1104 :
3477 1049 3683 1103 multo-

2088 1165 2193 1220 que
2238 1150 2427 1204 melius
2465 1158 2580 1202 erat
2619 1149 2725 1202 illis
2774 1149 3018 1217 ignorare
3048 1147 3189 1199 viam
3232 1143 3470 1208 iustitiar,
3512 1154 3681 1209 quam

2090 1245 2314 1298 scientes
2347 1241 2618 1295 revertiab
2651 1257 2734 1304 eo,
2762 1242 2899 1310 quod
2932 1239 3188 1292 traditum
3221 1246 3298 1290 est
3323 1235 3452 1300 illis,
3488 1241 3681 1295 sancto

2091 1336 2348 1391 mandato
2399 1335 2463 1386 ³⁷.
2517 1335 2592 1388 De
2642 1331 3011 1401 hujuscemodi
3059 1326 3368 1384 hominibus
3430 1337 3683 1378 maerens

2087 1427 2350 1482 Jeretuias
2421 1425 2615 1480 scribit
2678 1422 3044 1489 :Defecerunt
3107 1419 3164 1472 in
3236 1415 3483 1486 lacryntis
3533 1413 3682 1467 oculi

2089 1519 2212 1583 mei,
2243 1516 2591 1570 conturbatus
2621 1523 2696 1569 est
2723 1521 2904 1568 venter
2934 1527 3102 1571 meus.
3140 1510 3308 1579 effusa
3331 1517 3408 1560 est
3439 1506 3491 1559 in
3530 1514 3681 1557 terra

2093 1611 2264 1680 gloria
2307 1625 2444 1673 mea,
2488 1622 2644 1676 super
2679 1604 2994 1659 contritione
3020 1602 3148 1672 ﬁlia:
3177 1600 3360 1670 populi
3389 1599 3524 1660 mei;
3549 1595 3681 1666 quia

2089 1701 2278 1770 defecit
2318 1700 2573 1768 parvulus
2602 1707 2650 1752 et
2684 1697 2881 1751 lactens
2913 1696 2965 1749 in
2991 1695 3176 1763 plateis
3202 1691 3453 1745 civitatis.
3481 1687 3682 1742 Matri-

2091 1791 2186 1846 bus
2225 1791 2337 1845 suis
2385 1792 2631 1844 dixerunt
2663 1805 2682 1844 :
2716 1787 2818 1842 Ubi
2853 1797 2926 1842 est
2961 1786 3194 1839 triticunt
3222 1793 3269 1837 et
3300 1784 3476 1836 vinum
3499 1782 3525 1834 .7
3553 1795 3680 1832 cum

407 1890 442 1926 α
464 1889 517 1927 se
560 1873 626 1924 ".
656 1873 721 1927 Et
751 1875 947 1928 iterum
974 1891 988 1928 :
1018 1873 1084 1928 In
1109 1878 1378 1942 praeceptis
1408 1878 1535 1930 meis
1559 1893 1660 1930 non
1691 1879 1989 1933 ambulat-e-
2019 1869 2063 1926 Β
2099 1883 2383 1952 deﬁcerent
2417 1883 2570 1952 quasi
2596 1870 2858 1935 vulnerati
2886 1879 2942 1931 in
2973 1877 3161 1946 plateis
3195 1875 3360 1939 urbis,
3395 1889 3512 1925 cum
3545 1871 3679 1939 fun-

409 1975 555 2027 runt,
575 1977 620 2018 et
643 1964 873 2019 Sttblmta
890 1983 1007 2021 mea
1027 1969 1514 2024 contaminaverunt
1534 1985 1552 2033 ,'
1575 1978 1846 2036 preplereo
1869 1985 1988 2023 cum

409 2057 750 2110 clamaverint
787 2059 855 2111 ad
890 2074 992 2124 me,
1041 2075 1135 2128 ego
1172 2076 1274 2114 non
1307 2062 1588 2114 exaudiam
1637 2077 1723 2114 eos
1756 2060 1822 2114 ".
1870 2059 1988 2115 Non

411 2159 825 2214 permaneamus
860 2148 914 2202 in
955 2149 1138 2204 cordis
1175 2151 1397 2218 duritia,
1447 2163 1504 2206 et
1537 2151 1606 2205 ad
1651 2151 1989 2206 iracundiam

412 2253 768 2305 provocemus
790 2240 981 2307 Deum,
1006 2251 1061 2298 et
1087 2241 1185 2298 ﬁat
1211 2243 1467 2299 inimicus
1487 2254 1691 2309 noster,
1720 2255 1775 2299 et
1805 2245 1949 2298 dit-at
1974 2262 1988 2299 :

411 2329 526 2401 Ego
554 2344 725 2386 autem
757 2334 893 2388 dabo
917 2335 994 2389 eis
1023 2347 1284 2404 pra'cepta
1326 2353 1429 2391 non
1459 2338 1617 2402 bona,
1648 2346 1695 2391 et
1721 2337 1994 2407 justi/ica.

411 2424 577 2476 tiones
631 2425 687 2477 in
733 2427 922 2496 quibus
972 2443 1075 2481 non
1115 2429 1290 2482 vivant
1335 2429 1415 2495 ";
1467 2429 1593 2497 quia
1643 2428 1997 2483 comederunt

413 2517 652 2570 fructum
698 2518 991 2585 mendacii,
1031 2529 1088 2574 et
1135 2519 1500 2575 adoraverunt
1534 2534 1699 2587 opera
1733 2535 1992 2574 manuum

414 2623 661 2674 suarum,
690 2619 744 2664 et
771 2609 976 2679 repleta
1007 2621 1092 2665 est
1128 2620 1271 2666 terra
1311 2625 1502 2666 eorum
1540 2627 1569 2666 a
1599 2609 1867 2682 principio
1898 2626 1996 2665 au-

414 2699 590 2768 gurio,
617 2709 670 2754 ut
708 2709 855 2756 terra
884 2701 1328 2773 alienigenarum.

487 2791 660 2848 XXX.
697 2792 776 2848 Ne
808 2803 1094 2864 postquam
1148 2794 1642 2850 renuntiaverimns
1683 2793 1903 2857 saeculo,
1945 2802 2000 2849 et

417 2885 748 2955 coeperimus
776 2885 1030 2941 vexillum
1059 2886 1240 2942 crucis
1269 2888 1447 2956 sequi,
1488 2887 1685 2943 iterum
1715 2886 1780 2940 ad
1813 2895 1998 2956 poste-

422 2977 564 3030 riora
608 2975 888 3040 conversi,
936 2989 1252 3045 quaeramus
1288 2976 1632 3047 refrigerium
1681 2976 1996 3045 temporale,

418 3064 704 3121 imitantes
735 3065 994 3135 Ephraim
1036 3067 1303 3121 dicentem
1336 3084 1350 3120 :
1383 3065 1533 3122 Dives
1569 3067 1748 3137 factus
1779 3083 1918 3130 sum,
1950 3076 2000 3119 et

418 3159 593 3212 inveni
643 3157 970 3227 refrigerium
1009 3159 1138 3212 mihi
1169 3159 1243 3224 ἰς
1283 3172 1351 3213 ne
1389 3158 1676 3213 audiamus
1697 3157 1826 3212 illud
1854 3156 1997 3227 quod

421 3260 476 3305 et
499 3249 588 3304 ille
612 3249 828 3304 ‘meruit
869 3249 1098 3303 audire:
1135 3248 1326 3303 Omnes
1354 3247 1558 3302 labores
1597 3247 1743 3303 illius
1777 3263 1881 3303 non
1916 3248 2002 3300 in-

423 3340 704 3395 veniuntur
745 3356 856 3410 prce
902 3340 1294 3409 iniquitatibus,
1334 3340 1388 3393 in
1427 3338 1615 3410 quibus
1653 3339 1882 3409 peccavit
1933 3338 2003 3392 ⁸⁷.

422 3431 491 3487 Et
515 3447 587 3488 ne
611 3431 741 3487 illud
771 3431 1057 3502 impleatur
1084 3431 1140 3488 in
1183 3433 1336 3488 nobis
1365 3450 1380 3487 :
1414 3431 1653 3507 Carpistis
1687 3432 1924 3500 spiritu,
1956 3441 2003 3485 et

425 3541 561 3579 nunc
597 3541 758 3580 carne
805 3526 1242 3580 consummamini
1278 3541 1298 3580 :
1344 3534 1493 3580 tanta
1535 3525 1679 3594 passi
1719 3525 1842 3578 estis
1895 3525 2009 3578 sine

424 3631 588 3670 causa
617 3615 698 3670 ⁸⁸1
728 3616 794 3670 Et
835 3615 924 3670 ille
962 3628 1152 3672 contra
1198 3631 1299 3671 nos
1332 3630 1513 3672 sermo
1562 3616 1776 3670 dicatur
1835 3633 1849 3669 :
1901 3614 2012 3668 Lea:

425 3707 578 3776 periit
626 3725 658 3761 a
705 3709 1018 3774 sacerdote,
1057 3718 1107 3762 et
1154 3707 1433 3762 consilium
1483 3724 1516 3760 a
1565 3705 1894 3771 senioribus;
1959 3716 2008 3760 et

427 3813 616 3851 manus
644 3797 828 3867 populi
856 3799 1131 3854 dissolutae
1157 3810 1277 3852 sunt
1310 3799 1355 3832 ”
1387 3816 1400 3852 :
1428 3813 1574 3852 senes
1599 3801 1663 3852 de
1682 3807 1843 3867 porta
1863 3797 2011 3868 quie-

427 3901 632 3954 verunt,
656 3891 806 3946 electi
837 3908 869 3944 a
897 3889 1116 3960 psalmis
1145 3891 1256 3945 suis
1282 3900 1609 3945 cessaverunt
1637 3891 1705 3946 ⁸⁸.
1736 3888 2006 3944 Rursum-

429 3999 538 4050 que
585 3984 836 4041 dicatur:
884 3981 1114 4052 Propter
1156 3999 1244 4038 vos
1288 3999 1478 4037 nomen
1519 3983 1909 4048 blasphematur
1957 3982 2012 4036 in

429 4077 668 4146 gentibus
703 4076 771 4144 ³¹;
803 4086 858 4132 et
889 4076 1218 4148 contemptis
1245 4075 1676 4132 institutionibus
1703 4072 1882 4130 Patris
1911 4090 2005 4130 no-

429 4170 529 4226 stri
555 4168 810 4238 subrepat
839 4167 1068 4233 oblivio,
1095 4167 1560 4240 mediatorcmque
1585 4167 1676 4223 Dei
1698 4175 1859 4237 atque
1886 4180 2016 4220 sau-

431 4264 644 4310 ctorum
669 4263 860 4309 nostro
886 4251 1016 4307 vitio
1043 4252 1399 4323 negligamus.

506 4345 705 4402 XXXI.
735 4345 870 4413 Quis
893 4345 1037 4401 enim
1067 4345 1296 4412 fructus,
1338 4352 1432 4399 aut
1461 4345 1604 4416 quod
1635 4346 1844 4419 signum
1877 4363 2016 4419 prae.

432 4448 718 4509 ceptorum
755 4439 851 4493 Dei
883 4437 1192 4494 inveniatur
1219 4438 1273 4492 in
1308 4436 1486 4503 nobis,
1526 4450 1618 4492 aut
1658 4440 1711 4494 in
1745 4455 1850 4509 quo
1881 4457 2012 4511 pro-

2093 1977 2269 2031 derent
2311 1976 2519 2029 animas
2547 1989 2670 2028 suos
2704 1972 2761 2025 in
2786 1971 2907 2026 sinu
2955 1979 3181 2022 matrum
3216 1979 3432 2020 suarunt
3460 1962 3531 2016 ³⁸.
3563 1961 3684 2014 Sci-

2096 2083 2216 2123 mus
2246 2067 2392 2137 quod
2422 2082 2523 2120 non
2556 2066 2609 2118 in
2652 2062 2967 2132 fortitudine
3011 2059 3128 2128 equi
3165 2057 3284 2112 velit
3318 2055 3482 2119 Deus,
3512 2070 3682 2124 neque

2093 2159 2146 2212 in
2179 2158 2464 2228 femoribus
2499 2157 2594 2210 viri
2624 2155 2724 2209 sibi
2749 2151 3067 2221 complaceat
3100 2151 3166 2204 ”.

2168 2249 2409 2304 XXXIII.
2478 2247 2542 2302 Et
2599 2247 2799 2301 idcirco
2849 2252 3187 2300 revertamur
3240 2240 3308 2295 ad
3384 2235 3682 2292 Dominum

2099 2345 2263 2399 Deum
2289 2351 2558 2406 nostrum,
2583 2349 2640 2393 ut
2662 2338 2876 2408 quando
2899 2335 3240 2392 oraveritnus
3264 2330 3522 2387 exaudiat
3549 2343 3677 2393 nos,

2099 2437 2190 2507 qui
2235 2435 2476 2506 quotidie
2513 2433 2762 2488 hortatur
2801 2439 2860 2484 ut
2905 2439 3157 2483 vacemus
3196 2433 3250 2480 et
3282 2434 3684 2492 cognoscamus

2096 2543 2242 2584 cum.
2272 2528 2336 2580 Et
2367 2526 2492 2580 alibi
2545 2524 2786 2592 loquitur
2818 2538 2832 2576 :
2873 2519 3214 2576 Revertimini
3240 2519 3307 2570 ad
3355 2531 3458 2580 me,
3503 2524 3552 2567 et
3585 2527 3682 2582 ego

2099 2631 2331 2674 revertar
2369 2617 2440 2670 ad
2475 2633 2561 2671 vos
2595 2616 2676 2682 ’⁵ος
2709 2625 2761 2670 ct
2811 2616 3008 2668 iterum
3042 2630 3056 2666 :
3099 2609 3435 2664 Revertimini
3479 2610 3549 2659 ad
3579 2620 3683 2670 me,

2096 2710 2201 2780 filii
2233 2710 2549 2773 recedentes,
2578 2717 2628 2762 et
2665 2723 2756 2777 ego
2794 2705 3105 2758 dominabor
3139 2702 3293 2755 vestri
3328 2699 3392 2751 δι.
3429 2693 3685 2751 Ezechiel
3745 2720 3748 2727 λ

2099 2801 2350 2858 similiter
2377 2809 2718 2855 contestatur
2750 2815 2812 2854 ac
2840 2799 2968 2854 dicit
2996 2815 3009 2850 :
3039 2794 3215 2862 Quare
3243 2791 3558 2851 moriemini,
3586 2789 3687 2841 do-

2099 2910 2216 2950 mus
2250 2892 2458 2948 Israel?
2488 2891 2629 2946 Nolo
2663 2902 2881 2946 mortem
2912 2889 3235 2961 peccatoris;
3272 2895 3475 2938 tantum
3511 2891 3566 2935 ut
3597 2896 3686 2934 re-

2100 2996 2334 3041 vertatur
2373 2985 2438 3040 de
2467 2985 2553 3040 via
2593 2985 2738 3039 mala
2773 3001 2895 3048 sua,
2926 2973 2978 3037 et
3007 2983 3143 3036 vivat
3174 2979 3244 3032 δ’.
3279 2976 3347 3031 Ει
3375 2972 3689 3032 clementis-

2103 3079 2273 3133 simus
2308 3092 2370 3131 ac
2403 3077 2569 3133 totius
2595 3077 2855 3132 bonitatis
2882 3083 3046 3145 caput
3075 3072 3274 3128 clamat
3307 3071 3359 3123 in
3395 3065 3690 3136 Evangelio

2105 3172 2171 3225 ad
2205 3187 2304 3227 nos
2340 3170 2602 3226 Dominus
2635 3177 2800 3239 atque
2824 3177 3058 3224 testatur
3089 3182 3105 3220 :
3145 3162 3326 3218 Venite
3357 3162 3426 3214 ad
3461 3175 3543 3213 me
3572 3175 3690 3211 om-

2108 3281 2198 3317 nes
2224 3265 2311 3334 qui
2335 3263 2588 3318 laboratis
2619 3271 2668 3317 el
2700 3261 2905 3317 onerati
2932 3261 3081 3325 estis,
3114 3266 3160 3312 et
3195 3273 3289 3327 ego
3319 3255 3550 3323 reficiam
3576 3265 3688 3305 vos.

2112 3352 2301 3408 Tollite
2320 3353 2512 3423 jugum
2545 3369 2715 3406 meum
2743 3367 2900 3422 super
2925 3367 3038 3415 vos,
3070 3359 3119 3404 et
3151 3348 3334 3403 discite
3359 3363 3391 3398 a
3430 3360 3536 3408 me,
3566 3344 3692 3412 quia

2109 3445 2252 3499 mitis
2292 3461 2407 3498 sum
2446 3455 2494 3498 et
2530 3443 2744 3498 humilis
2795 3441 2953 3495 corde
3000 3456 3019 3495 :
3060 3450 3107 3494 et
3151 3435 3421 3492 invenietis
3461 3432 3690 3502 requiem

2111 3535 2386 3588 animabus
2414 3534 2594 3589 vestris
2630 3534 2697 3586 ⁸³.
2729 3531 3152 3588 Consideremus
3181 3528 3323 3598 quod
3350 3525 3565 3581 bonitas
3596 3522 3690 3576 Dei

2111 3627 2178 3680 ad
2217 3625 2593 3696 pmnitentiam
2634 3639 2732 3680 nos
2781 3622 3127 3694 provocet“,
3159 3630 3213 3676 et
3246 3617 3420 3675 sancti
3463 3614 3566 3669 viri
3592 3629 3690 3668 co-

2111 3714 2402 3770 hortantur
2421 3717 2490 3771 ad
2514 3715 2765 3771 salutem.
2795 3713 2912 3769 Non
2954 3713 3270 3768 induremus
3292 3706 3456 3764 corda
3483 3714 3690 3768 nostra,

2113 3821 2288 3876 neque
2311 3806 2741 3862 thesaurizemus
2775 3805 2912 3859 iram
2942 3803 3098 3859 nobis
3130 3802 3181 3856 in
3215 3800 3302 3856 die
3331 3799 3427 3854 irae
3453 3806 3506 3851 et
3539 3810 3694 3849 revu-

2115 3896 2485 3968 lationisjusti
2514 3896 2705 3966 judicii
2740 3898 2855 3963 Del,
2884 3897 2975 3967 qui
3013 3895 3198 3950 reddet
3223 3890 3517 3958 unicuique
3539 3884 3692 3954 juxta

2114 4004 2279 4060 opera
2310 4004 2408 4044 sua
2439 4005 2455 4043 :
2491 3989 2584 4044 sed
2614 4005 2679 4044 ex
2709 3999 2822 4045 toto
2851 3989 3014 4044 corde
3048 3995 3383 4043 revertamur
3416 3983 3483 4037 ad
3509 3981 3695 4039 DOmi-

2116 4098 2267 4148 num,
2317 4092 2373 4138 et
2426 4082 2724 4137 secundum
2769 4081 2936 4155 Moysi
2972 4083 3134 4136 verba
3185 4075 3540 4134 memorantis
3579 4093 3593 4131 :
3635 4072 3694 4130 Ss

2116 4175 2396 4230 revertaris
2433 4174 2502 4228 ad
2533 4173 2818 4228 Dontinum
2849 4192 2914 4228 ea:
2945 4185 3051 4228 toto
3083 4172 3236 4227 corde
3277 4181 3390 4238 tuo,
3420 4167 3694 4221 mundabit

2114 4282 2205 4321 cor
2234 4274 2383 4321 tuum
2413 4276 2458 4319 et
2487 4281 2578 4320 cor
2611 4267 2824 4322 seminis
2855 4268 2932 4320 tui
2965 4266 3034 4320 ⁸⁸.

2187 4356 2432 4415 XXXIV.
2474 4357 2809 4414 Laboretnus
2839 4359 2981 4413 sicut
3007 4359 3131 4413 boni
3160 4357 3358 4412 milites
3381 4353 3604 4419 Christi,
3628 4362 3685 4408 et

2119 4449 2475 4506 observemus
2503 4452 2632 4506 illud
2659 4451 2801 4520 quod
2822 4449 3083 4518 scriptum
3110 4458 3194 4504 est
3219 4467 3232 4502 :
3268 4445 3437 4502 Nemo
3464 4447 3698 4500 militans

433 4531 725 4588 fessionem
753 4530 1072 4601 impleamus
1095 4529 1411 4601 arreptam?
1435 4527 1626 4584 Nonne
1651 4531 1831 4586 omnia
1853 4532 1997 4587 dimi-

2125 4543 2231 4598 Deo
2267 4543 2496 4611 implicat
2541 4561 2596 4599 se
2636 4543 2857 4614 negotiis
2891 4541 3257 4608 stt'cularibus,
3293 4552 3347 4594 ut
3387 4543 3435 4595 ei
3463 4542 3549 4594 cui
3595 4541 3698 4592 mi-

430 4625 634 4690 simus,
673 4631 730 4677 ct
780 4623 1024 4678 avaritia:
1075 4621 1438 4688 subissemus,
1472 4632 1527 4676 et
1561 4622 1759 4678 dicitur
1813 4624 2010 4680 nobis:

433 4713 588 4770 Unde
617 4714 778 4780 bella,
801 4725 848 4770 et
897 4730 1086 4785 pugure
1129 4714 1215 4767 υτ
1258 4727 1441 4769 nonne
1477 4728 1543 4768 ex
1573 4714 1842 4769 avaritia?
1880 4713 2016 4770 Nam

430 4809 559 4878 quia
587 4807 966 4878 unusquisque
993 4807 1192 4878 quaerit
1217 4807 1507 4862 utilitatem
1543 4823 1723 4874 suam,
1755 4824 1860 4864 non
1888 4823 2014 4878 pro-

432 4902 599 4968 xitni;
639 4914 811 4968 usque
849 4900 1010 4954 hodie
1055 4901 1245 4955 vivens
1276 4900 1524 4955 Ezechiel
1559 4901 1859 4972 prophetali
1896 4917 2016 4958 ser-

431 5006 593 5048 mone
633 5007 733 5046 uos
777 4992 1005 5062 corripit
1051 4991 1238 5046 dicens
1279 5010 1291 5044 :
1343 4991 1713 5062 Negotiatores
1754 5006 1902 5048 erant
1959 4995 2012 5049 in

431 5097 480 5141 te
511 5085 575 5138 ³⁸.
620 5083 795 5140 Filius
838 5085 1121 5139 inhonorat
1165 5093 1400 5150 patrem,
1438 5096 1485 5138 et
1535 5097 1684 5154 pater
1731 5087 2011 5156 exprobrat

429 5177 545 5247 filio
576 5177 644 5232 “.
675 5175 814 5244 Quid
844 5177 896 5231 in
932 5177 1019 5231 die
1045 5176 1237 5246 judicii
1271 5178 1744 5247 respondebimus,
1771 5191 1862 5234 aut
1887 5183 2012 5250 quid

430 5273 482 5326 in
521 5271 825 5326 novissimo
853 5279 1100 5339 tempore
1121 5285 1219 5340 pro
1243 5268 1559 5324 defensioue
1592 5283 1774 5327 nostra
1809 5277 2004 5344 poteri.

523 5481 568 5512 ’⁸
607 5479 764 5535 Joan.
807 5495 866 5541 ιι,
905 5477 995 5534 16.
1099 5478 1143 5508 ¹⁹
1184 5475 1373 5532 Matth.
1403 5493 1518 5542 XXI,
1558 5477 1642 5533 l3.

433 5552 479 5585 sa
522 5551 717 5606 Ezech,
761 5567 853 5615 xx,
887 5549 942 5603 8.
1017 5548 1062 5579 ”
1103 5548 1233 5602 ibid.
1274 5549 1360 5604 I5.

431 5623 523 5676 ‘27.
603 5621 650 5652 3°
684 5621 887 5675 Tbren.
918 5636 973 5683 v,
1003 5619 1091 5673 M.
1209 5619 1250 5649 ³¹
1283 5618 1438 5674 lium.
1480 5634 1541 5682 II,
1571 5616 1663 5672 ‘24.

433 5708 488 5757 ν,
510 5691 600 5746 51.
650 5691 697 5724 ³⁸
738 5692 962 5753 Osc.tv,
991 5689 1045 5744 9.
1119 5687 1226 5742 ³⁷11
1257 5688 1402 5743 Petr.
1439 5705 1502 5754 ιι,
1537 5691 1628 5744 21.

433 5762 522 5816 “£2.
608 5763 654 5792 "
696 5762 890 5816 Ezecb.
917 5775 1070 5826 xvtu,
1095 5761 1185 5823 51,
1219 5759 1310 5816 52.

437 5846 497 5888 ι.
527 5831 650 5888 4-6.
745 5831 790 5863 ’⁸⁷
832 5830 993 5887 Mich.
1030 5847 1105 5888 tv.
1145 5830 1198 5886 5.
1275 5831 1310 5864 ’⁵⁸

437 5846 497 5899 ι,
527 5846 650 5888 s-u.

1439 5548 1484 5579 "
1527 5549 1653 5602 ibid.
1695 5548 1786 5603 25.

745 5831 790 5863 ’⁸⁷
832 5830 993 5887 Mich.
1030 5847 1105 5899 tv,
1145 5830 1198 5886 5.
1275 5831 1319 5864 ’⁵⁸
1359 5829 1499 5888 I’sal.
1538 5846 1649 5900 xix,
1687 5830 1740 5899 8,
1783 5833 1836 5888 9.

1737 5478 1783 5555 _’_°
1825 5479 1925 5535 lsa.
1959 5499 2056 5547 LII,
2085 5485 2153 5550 5;
2185 5486 2338 5547 Rom.
2389 5505 2449 5554 ιι,
2489 5489 2578 5542 24.
2656 5490 2698 5521 ἰ
2740 5489 2755 5542 1
2788 5488 2916 5545 Cor.
2948 5504 3024 5553 xu,
3057 5488 3148 5555 Ἦ,
3187 5486 3278 5542 22.

1888 5555 1934 5583 ³⁸
1975 5558 2079 5610 Use
2119 5573 2218 5620 XII,
2255 5563 2308 5612 8.

1747 5621 1792 5650 ⁸³
1827 5619 1941 5678 Jac.
1977 5641 2048 5689 tv,
2081 5629 2130 5679 I.

1708 5691 1751 5722 ³⁸
1776 5691 1976 5751 'l‘bren.
2004 5713 2065 5762 tt,
2102 5697 2301 5760 11,12.
2377 5700 2421 5734 ³⁹
2462 5700 2600 5754 Psal.
2632 5691 2810 5765 CXLVI,
2836 5701 2922 5757 10.
2999 5699 3045 5732 ⁸⁸
3083 5701 3194 5756 Jct'.
3238 5716 3317 5762 III.
3348 5698 3433 5751 Η·

1413 5760 1459 5791 ⁸³
1497 5760 1693 5816 Matth.
1734 5776 1810 5822 XI,
1849 5765 1938 5830 ‘28,
1969 5760 2057 5822 29;

2125 4635 2265 4700 litat,
2290 4635 2512 4702 placeat.
2553 4634 2613 4690 Si
2655 4647 2832 4689 autem
2863 4634 2979 4704 quis
3028 4635 3155 4688 etin
3191 4650 3356 4704 agone
3398 4633 3698 4696 contendat,

2132 4742 2235 4780 non
2266 4737 2556 4780 coronatur
2597 4728 2698 4781 nisi
2736 4727 2967 4797 legitime
3009 4728 3304 4781 certaverit.
3349 4724 3700 4780 Laborantetn

2125 4819 2415 4887 agricolam
2449 4829 2648 4888 oportet
2688 4823 2917 4890 primum
2947 4821 3009 4872 de
3048 4820 3304 4888 fructibus
3339 4817 3452 4886 ejus
3482 4816 3700 4886 partiri-

2123 4927 2251 4980 pare
2279 4909 2345 4964 “.
2378 4909 2651 4982 Scriptum
2673 4921 2752 4965 est
2781 4930 2794 4966 :
2831 4911 3022 4965 Omnes
3044 4910 3220 4980 papuli
3247 4910 3392 4964 ibunt
3415 4908 3698 4976 unusquis-

2125 5018 2226 5071 que
2260 5003 2312 5056 in
2347 5003 2486 5058 viam
2520 5019 2671 5056 suam
2698 5003 2760 5057 ⁸⁷.
2797 5002 2909 5058 Nos
2945 5017 3118 5058 autem
3154 5006 3209 5059 in
3248 5002 3456 5056 nomine
3493 4998 3702 5054 Domini

2124 5094 2222 5150 Dei
2253 5097 2419 5150 nostri
2447 5097 2930 5170 magniﬁcabimur.
2957 5097 3069 5166 Ipsi
3095 5096 3331 5167 impediti
3355 5105 3474 5149 sunt
3497 5104 3544 5148 et
3574 5095 3702 5148 ccci-

2125 5189 2314 5243 dernnt
2339 5204 2358 5242 :
2389 5205 2481 5244 nos
2509 5201 2684 5245 autem
2715 5193 3043 5245 surreximus
3075 5202 3120 5245 et
3152 5189 3308 5244 erecti
3337 5203 3516 5242 sumus
3545 5185 3610 5239 ⁸⁸.

2201 5275 2422 5335 XXXV.
2490 5279 2596 5347 Qui
2635 5282 2867 5337 ambulat
2916 5282 2970 5336 in
2996 5281 3099 5347 die,
3150 5296 3252 5334 non
3300 5277 3576 5348 impingit;
3617 5276 3705 5346 qui

3365 5486 3409 5517 "
3451 5483 3579 5537 ibid.
3616 5482 3702 5536 54.

3181 5561 3225 5590 ³⁸
3265 5556 3472 5611 Ezeclt.
3497 5571 3588 5611 vti.
3617 5553 3705 5618 ‘26,

3188 5669 3203 5678 .
3237 5645 3330 5678 vlt.
3359 5628 3413 5678 6.
3515 5625 3560 5655 ³⁵
3597 5625 3705 5678 Jcr.

2406 5562 2451 5591 ’τ
2484 5561 2609 5614 ibid.
2646 5560 2690 5591 ³⁸
2729 5559 3017 5621 ϐιι1.·ιιι,5,
3054 5562 3104 5613 4.

2227 5629 2278 5660 ³³
2313 5630 2508 5684 Ειθριι.
2539 5647 2710 5693 xxvtt,
2747 5631 2838 5684 21.
2954 5630 3000 5660 ³⁸
3036 5631 3203 5685 Mich.
3237 5645 3330 5690 vlt,
3359 5628 3413 5682 6.
3515 5628 3560 5655 ⁵⁵
3597 5628 3684 5678 Jer

2227 5698 2301 5745 l2-
2377 5700 2421 5734 ’9
2462 5700 2600 5745 PsnL
2632 5716 2808 5745 auxi-
2836 5701 2920 5745 10-
2999 5699 3045 5732 ⁸ο
3083 5701 3193 5745 .Iur-
3238 5716 3317 5745 ιιι-
3348 5698 3433 5745 Ην.
3513 5693 3553 5726 ⁸⁸
3583 5697 3684 5745 illis!

3584 5712 3706 5750 IIII“.

2156 5769 2201 5800 “
2243 5771 2395 5826 Ilum.
2441 5787 2501 5839 II,
2546 5771 2662 5826 4-6.
2746 5764 2803 5803 ⁸⁸
2833 5775 2987 5828 Deut.
3030 5787 3158 5841 xxx,
3198 5771 3251 5837 2,
3283 5769 3337 5825 6.
3411 5767 3458 5798 ⁸⁸
3493 5764 3536 5821 ll
3572 5765 3708 5822 Tim.
