3890 6274
218 387 348 442 885

1064 391 1121 447 S.
1169 391 1465 451 ORSIESII
1502 392 1851 454 DOCTllINA
1895 395 1987 454 DE
2014 393 2366 458 lNSTlTUT.
2404 393 2709 458 MONACTI.

3407 395 3508 456 εδδ

218 517 412 556 autem
452 504 504 556 in
549 514 698 558 nocte
735 506 984 576 graditur
1021 508 1285 580 impingit,
1337 514 1462 580 quia
1503 515 1676 568 lumen
1721 532 1822 569 non
1853 520 1899 576 Α
1929 515 1984 570 in
2012 517 2202 572 eodem
2237 511 2360 574 loco
2384 518 2580 589 jungit,
2610 534 2674 573 ac
2712 517 2841 573 dicit
2879 535 2892 572 :
2933 516 3064 570 Dedi
3093 517 3168 570 eis
3194 512 3510 570 consolatio-

219 602 312 645 est
345 595 404 646 in
445 609 504 651 eo
545 594 614 650 δ’.
653 593 766 650 Nos
803 607 1000 664 autem,
1044 599 1185 654 sicut
1216 602 1352 656 dixit
1378 605 1690 672 Apostolus,
1718 617 1823 659 non

223 701 422 738 sumus
449 685 550 753 ﬁlii
580 688 1034 755 praeuaricationis
1064 691 1122 745 in
1150 693 1524 762 perditionem,
1565 695 1655 749 sed
1697 696 1824 765 ﬁdei

227 776 294 829 in
319 779 720 846 acquisitionem
751 781 943 834 anima:
981 781 1050 848 “;
1082 791 1136 838 et
1173 783 1301 840 alibi
1333 804 1346 841 :
1382 785 1596 855 Omnes,
1625 789 1822 860 inquit,

228 868 341 935 ﬁlii
371 869 504 923 lucis
532 870 678 933 estis,
723 882 771 925 et
811 871 910 939 ﬁlii
951 872 1070 929 Dei.
1118 873 1243 930 Non
1279 894 1460 934 sumus
1496 881 1597 947 ﬁlii
1635 884 1822 948 noctis,

233 979 408 1030 neque
441 966 773 1041 tenebrarum
803 964 870 1020 ⁸¹.
901 965 957 1021 Si
987 981 1116 1038 ergo
1147 984 1334 1025 sumus
1363 970 1458 1025 lilii
1481 970 1636 1038 lucis,
1664 974 1824 1029 debe-

238 1069 369 1109 mus
401 1057 543 1110 scire
569 1070 690 1124 quae
722 1056 858 1114 lucis
891 1069 1036 1127 sunt,
1065 1069 1117 1116 et
1147 1061 1326 1118 facere
1363 1064 1571 1120 fructus
1607 1065 1824 1124 luminis

236 1145 294 1197 in
326 1146 474 1199 omni
503 1161 668 1216 opere
695 1147 840 1204 bono
873 1168 886 1204 :
918 1151 1058 1220 quod
1104 1153 1248 1207 enim
1297 1154 1694 1222 manifestatur,
1733 1158 1820 1213 lux

235 1252 272 1290 e
310 1247 350 1290 ι.
387 1236 444 1292 Si
484 1239 534 1292 in
574 1249 685 1294 toto
715 1244 882 1298 corde
918 1252 1259 1300 revertamur
1305 1247 1369 1302 ad
1415 1247 1724 1314 Dominum,
1770 1259 1825 1306 et

235 1329 295 1381 in
352 1330 636 1400 praeceptis
669 1342 982 1389 sanctorum
1021 1335 1164 1391 illius
1195 1346 1247 1393 et
1279 1337 1454 1394 Patris
1486 1341 1657 1395 nostri
1691 1341 1822 1396 sim-

239 1420 372 1489 plici
395 1421 557 1476 corde
573 1436 985 1493 conversamur,
1006 1429 1276 1484 abundabi
1286 1445 1402 1486 mus
1423 1431 1476 1485 in
1493 1432 1640 1487 omni
1659 1447 1823 1504 opere

236 1513 407 1567 bono.
449 1513 600 1580 Quod
649 1515 693 1570 si
739 1530 1059 1585 superemur
1106 1521 1288 1576 carnis
1335 1523 1725 1591 voluptatibus,
1769 1525 1820 1580 in

237 1605 332 1659 die
361 1606 516 1673 quasi
563 1606 616 1660 in
663 1607 840 1662 media
885 1616 1044 1665 nocte
1084 1611 1346 1680 parietem
1385 1614 1739 1684 palpabintus,
1770 1626 1824 1672 et

250 1710 362 1750 non
393 1696 732 1752 inveniemus
765 1697 908 1754 viam
947 1701 1184 1758 civitatis
1207 1713 1260 1758 et
1292 1703 1588 1760 habitaculi
1625 1707 1818 1772 nostri,

243 1787 316 1838 de
343 1801 451 1854 quo
477 1786 678 1840 dicitur
706 1804 720 1841 :
756 1786 1185 1869 Esurientiumet
1216 1795 1508 1849 sitientium
1531 1799 1708 1851 anima
1731 1801 1818 1853 de.

1929 625 2045 662 nem
2073 627 2270 676 veram,
2301 628 2481 678 pacem
2512 628 2669 680 super
2693 627 2876 680 pacem
2907 610 2988 665 his
3031 609 3122 679 qui
3159 617 3309 663 erant
3348 623 3508 677 prope

1927 711 1976 755 et
2006 699 2192 772 longe;
2225 702 2458 772 dixitque
2485 701 2764 768 Dominus,
2798 701 3008 756 Sanabo
3043 717 3130 756 eos
3158 701 3224 753 ⁸³.
3251 699 3417 766 Cujus
3449 707 3510 753 ut

1924 792 2082 862 plene
2132 794 2556 848 misericordiam
2601 808 3010 864 cognoscamus,
3058 792 3308 848 Jeremiat
3392 805 3506 846 ser-

1926 898 2086 940 mone
2122 885 2298 950 docet,
2340 885 2572 941 diccns:
2614 883 2674 940 Si
2707 885 2964 939 eleuatum
3013 883 3173 953 fuerit
3224 882 3410 936 caelum
3451 881 3508 934 in

1926 974 2170 1041 sublime,
2191 984 2239 1030 et
2265 977 2308 1030 si
2334 976 2675 1030 humiliatum
2693 977 3040 1039 pavimentum
3058 985 3213 1029 terra:
3236 974 3505 1038 deorsum,

1923 1083 2018 1137 ego
2048 1083 2152 1120 non
2186 1067 2403 1135 reprobo
2431 1075 2633 1136 gentem
2660 1066 2829 1122 Israel
2855 1083 2964 1137 pro
2988 1067 3228 1120 omnibus
3264 1080 3383 1137 qua:
3423 1063 3504 1132 fe-

1925 1169 2102 1212 cerunt
2137 1158 2202 1212 "‘.

1998 1249 2288 1306 XXXVIII.
2323 1252 2570 1322 Cumque
2602 1262 2752 1307 tanta
2777 1252 3065 1308 clementia
3092 1253 3163 1307 sit
3198 1251 3504 1307 Salvatoris

1925 1341 2161 1411 Domini,
2201 1352 2257 1398 et
2289 1359 2387 1401 nos
2421 1352 2680 1414 provocet
2718 1344 2786 1398 ad
2823 1342 3077 1406 salutem,
3121 1351 3505 1398 convertemus

1925 1432 2089 1488 corda
2128 1441 2313 1487 nostra
2365 1435 2432 1487 ad
2465 1446 2588 1487 eum
2629 1448 2644 1484 :
2685 1431 2826 1498 Quia
2865 1433 2982 1501 jam
3029 1434 3160 1487 hora
3199 1442 3275 1486 est
3324 1443 3382 1486 ut
3439 1433 3505 1486 de

1923 1539 2105 1578 somno
2136 1523 2441 1592 evigilemus
2476 1541 2494 1579 :
2523 1540 2627 1579 ηοω
2656 1524 2944 1594 praecessit,
2976 1524 3087 1578 dies
3122 1535 3297 1578 autem
3320 1539 3506 1594 appro-

1922 1614 2190 1684 pinquavit
2211 1615 2566 1684 ;deponamus
2591 1631 2712 1684 ergo
2741 1629 2896 1682 opera
2930 1616 3281 1679 tenebrarum,
3309 1616 3506 1670 indua-

1923 1721 2044 1759 mur
2068 1721 2219 1759 arma
2242 1704 2374 1759 lucis
2402 1707 2469 1758 ⁸³.
2498 1705 2674 1759 Filioli
2706 1706 2832 1770 mei,
2853 1704 3084 1773 primum
3113 1720 3179 1758 ex
3205 1715 3317 1761 toto
3340 1706 3506 1761 Corde

1923 1796 2212 1866 diligamus
2237 1795 2436 1862 Deum;
2465 1796 2660 1851 deinde
2723 1794 3086 1862 nosmetipsos
3113 1809 3356 1850 amemus
3387 1810 3506 1850 tnu-

237 1877 350 1944 ﬁcit
383 1877 463 1944 ⁸¹;
495 1877 624 1947 quia
649 1888 1097 1950 contempserunt
1121 1863 1296 1952 legent
1320 1886 1422 1941 sibi
1453 1903 1482 1941 a
1515 1888 1627 1944 Deo
1656 1893 1824 1944 trati-
1853 1860 1896 1915 Β
1929 1860 2050 1952 tuo:
2073 1904 2340 1944 memores
2369 1897 2763 1959 praeceptorum
2800 1887 2897 1942 Dei
2933 1885 3256 1952 Salvatoris,
3300 1888 3353 1941 in
3389 1889 3507 1958 qui-

244 1981 380 2034 tam,
416 1979 471 2026 et
503 1985 689 2026 vocem
730 1973 1115 2042 prophetarum
1153 1991 1258 2032 non
1299 1979 1622 2050 audierunt;
1655 1993 1710 2038 et
1737 1985 1822 2039 id-

237 2064 396 2119 circo
420 2079 526 2120 non
565 2074 856 2135 potuerunt
894 2068 962 2123 ad
993 2073 1314 2140 promissam
1349 2075 1592 2144 requiem
1629 2093 1822 2148 perve-

236 2156 383 2210 n’re.

320 2244 562 2303 XXXVI.
592 2245 891 2321 Vigilemus
921 2261 974 2308 et
1004 2255 1194 2310 attenti
1238 2256 1438 2325 simus;
1470 2259 1514 2314 si
1545 2261 1688 2316 enim
1723 2278 1820 2317 na-

238 2334 512 2394 turalibus
556 2355 661 2395 non
699 2343 963 2413 pepercit,
1005 2359 1106 2401 nec
1146 2347 1303 2405 nobis
1347 2364 1536 2421 parcet
1581 2354 1648 2408 ⁵³.
1677 2354 1821 2410 ςΝοη

235 2430 308 2483 de
331 2431 568 2499 cunctis,
605 2433 698 2489 sed
716 2437 782 2490 de
812 2435 1213 2508 negligentibus
1237 2440 1449 2513 loquor,
1478 2446 1674 2515 quibus
1699 2449 1823 2518 jure

236 2523 515 2588 aptabitur
547 2524 635 2579 illa
678 2526 976 2595 deploratio
1020 2549 1034 2585 :
1080 2529 1172 2586 Vte
1215 2535 1290 2588 eis
1316 2537 1407 2605 qui
1441 2551 1763 2594 recesserunt
1790 2560 1822 2597 a

238 2613 359 2665 me!
386 2613 658 2686 )lanifesti
699 2630 819 2672 sunt
855 2622 978 2689 quia
1013 2623 1173 2691 impie
1200 2641 1414 2696 egerunt
1447 2629 1499 2682 in
1531 2647 1610 2684 me
1643 2647 1662 2685 :
1696 2635 1822 2701 quia

238 2704 636 2776 dereliquerunt
661 2725 741 2762 me
768 2711 962 2779 fontem
1001 2729 1154 2783 aqute
1194 2716 1346 2781 bivia,
1373 2727 1423 2772 et
1445 2718 1690 2788 foderunt
1723 2721 1822 2775 sibi

237 2797 494 2850 contritos
521 2797 691 2863 lacus,
737 2801 825 2870 qui
854 2819 957 2856 non
984 2815 1203 2872 possunt
1221 2811 1425 2877 ‘aquam
1456 2813 1723 2868 continere
1752 2813 1819 2868 “.

239 2885 311 2939 Et
343 2887 469 2955 quia
505 2903 610 2944 non
656 2892 944 2947 audierunt
972 2893 1186 2963 judices
1211 2897 1350 2967 ejus.
1385 2901 1608 2958 audiant
1641 2905 1824 2960 dicen-

240 2989 351 3032 tem
385 2979 555 3034 Deum
582 2999 595 3036 :
627 2982 892 3038 Constitui
931 3002 1086 3055 super
1108 3004 1196 3044 vos
1229 2992 1600 3060 speculatores.
1631 2996 1824 3052 Audite

237 3085 414 3124 vocem
455 3074 618 3127 tubae.
655 3073 721 3128 Et
762 3076 1058 3132 dixerunt:
1097 3079 1222 3136 Non
1259 3085 1535 3141 audiemus
1564 3088 1631 3142 ⁸⁸.
1673 3089 1825 3145 Unde

1926 1980 2024 2035 bus
2052 1981 2166 2036 ait:
2204 1979 2396 2036 Pacem
2425 1997 2592 2035 meam
2627 1981 2695 2034 do
2733 1978 2902 2045 vobis,
2932 1994 3113 2048 pacem
3142 1996 3308 2034 meam
3343 1980 3506 2034 relin-

1922 2089 2023 2140 quo
2049 2072 2190 2128 vobis
2223 2087 2243 2126 :
2308 2088 2409 2128 non
2442 2073 2574 2127 sicut
2600 2071 2830 2126 mundus
2857 2071 2946 2124 dat
2979 2087 3182 2140 pacem,
3212 2087 3304 2141 ego
3327 2072 3393 2126 do
3418 2087 3508 2126 vo-

1925 2166 2002 2219 bis
2041 2165 2108 2218 “.
2157 2163 2223 2221 In
2253 2165 2334 2220 Itis
2381 2165 2520 2218 enim
2564 2166 2767 2218 duobus
2809 2163 3077 2217 mandatis
3111 2172 3223 2217 tota
3261 2161 3346 2218 lea:
3378 2179 3506 2232 pen-

1923 2261 2029 2324 det,
2062 2267 2108 2312 et
2132 2259 2394 2328 praphette
2425 2259 2492 2312 ⁸⁷.

1996 2349 2241 2406 XXXIX.
2273 2350 2329 2404 Si
2367 2351 2492 2420 quis
2524 2349 2578 2406 in
2608 2351 2769 2405 domo
2808 2349 3125 2405 monasterii
3168 2350 3270 2404 sub
3299 2362 3508 2420 praepo-

1924 2442 2029 2497 sito
2055 2455 2302 2507 manens,
2335 2441 2480 2496 nulla
2511 2456 2568 2498 re
2597 2440 2845 2512 indigens
2885 2457 3048 2512 quam
3080 2443 3134 2497 in
3171 2444 3504 2499 monasterio

1932 2533 2134 2588 habere
2151 2534 2477 2602 permissum
2501 2543 2612 2601 est;
2636 2543 2688 2589 et
2719 2533 2878 2588 habet
2905 2543 3139 2604 patrem,
3163 2533 3504 2603 fratremque

1925 2639 1980 2686 et
2013 2631 2245 2685 amicum
2280 2629 2685 2698 charissimam,
2725 2629 2859 2684 nihil
2903 2631 2971 2686 ab
3004 2630 3083 2686 eis
3113 2630 3326 2700 penitus
3358 2628 3504 2684 acci-

1930 2723 2066 2792 piat,
2097 2737 2202 2776 non
2235 2721 2492 2784 tunicam,
2525 2735 2632 2774 non
2661 2721 3088 2790 palliolumynon
3122 2720 3282 2775 aliam
3315 2735 3508 2789 quam-

1925 2817 2058 2871 libet
2087 2830 2220 2870 rem.
2257 2813 2312 2869 Si
2351 2821 2533 2867 autem
2566 2811 2975 2882 comprobatum
3011 2811 3175 2867 fuerit
3219 2812 3364 2882 quod
3405 2812 3511 2866 mi-

1926 2925 2028 2963 nus
2065 2907 2258 2964 habeat
2284 2905 2348 2960 de
2374 2905 2457 2958 his
2481 2919 2602 2972 qua:
2641 2912 2906 2973 praecepta
2949 2911 3094 2966 sunt,
3134 2901 3291 2972 culpa
3323 2907 3508 2960 omnis

1932 3011 2096 3070 atque
2122 2998 2390 3054 correctio
2409 2998 2474 3051 ad
2508 2995 2854 3066 praepositum
2883 3001 3254 3050 convertatur.
3387 3077 3394 3082 ν

2001 3091 2115 3146 XL.
2152 3089 2260 3145 Vos
2278 3089 2440 3158 igitur
2462 3089 2553 3159 qui
2573 3088 2705 3143 estis
2729 3085 3003 3157 principes
3026 3084 3505 3145 monasteriorum,

241 3161 346 3216 ista
379 3161 769 3222 incredulitas?
794 3183 975 3225 nonne
999 3183 1066 3225 ex
1091 3185 1179 3238 eo,
1212 3176 1336 3242 quia
1367 3175 1574 3233 alienos
1617 3195 1818 3251 cogno-
1850 3196 1892 3254 ο
1929 3185 1970 3240 si
2003 3198 2141 3254 quos
2171 3182 2352 3252 aliqua
2386 3195 2447 3236 re
2477 3179 2719 3234 videritis
2747 3177 2989 3249 indigere
3013 3185 3212 3233 etesse
3240 3176 3291 3230 in
3339 3188 3508 3242 εηειιο

244 3265 468 3321 verunt,
513 3266 571 3312 et
623 3273 730 3314 non
773 3262 1044 3318 adversati
1087 3265 1253 3320 sunt?
1291 3265 1553 3336 Loquitur
1599 3281 1653 3326 et
1695 3273 1821 3330 alibi

242 3346 481 3411 Spiritus
505 3357 834 3420 sanctusper
848 3354 1166 3422 prophetam
1196 3373 1212 3412 :
1237 3354 1348 3428 Ego
1368 3359 1506 3413 enim
1542 3378 1653 3416 sum
1686 3363 1828 3420 Deus

240 3437 505 3493 Dominus
538 3449 683 3507 tuus,
705 3445 795 3514 qui
821 3444 1044 3514 formavi
1072 3448 1278 3515 coelum,
1310 3461 1359 3504 et
1391 3455 1563 3508 creari
1589 3464 1782 3510 terram
1807 3473 1826 3512 :

242 3531 402 3598 cujus
443 3548 631 3586 manus
675 3537 1020 3594 condiderunt
1061 3557 1264 3597 omnem
1301 3545 1417 3599 coeli
1460 3546 1738 3612 militiam,
1777 3559 1822 3604 et

244 3638 349 3673 non
389 3625 593 3678 ostendi
630 3642 746 3681 eam
786 3629 903 3695 tibi,
947 3641 1005 3684 ut
1051 3634 1350 3691 ambulares
1407 3649 1520 3706 post
1561 3640 1708 3695 illaut
1757 3645 1824 3701 ”.

244 3713 401 3778 Quod
432 3717 646 3783 quidem
675 3728 728 3772 et
754 3736 849 3789 per
881 3721 1116 3794 Moysem
1145 3730 1419 3798 praecepit,
1449 3731 1633 3788 dicens
1660 3753 1674 3787 :
1709 3735 1828 3794 Non

244 3821 366 3858 cum
402 3811 697 3877 suspexeris
723 3813 929 3882 cretum,
963 3824 1012 3868 et
1046 3817 1243 3874 videris
1279 3821 1440 3876 solent
1469 3834 1518 3878 et
1551 3825 1733 3881 lunam
1764 3846 1826 3883 ac

244 3897 426 3951 stellas
467 3909 515 3953 et
565 3917 718 3955 omne
766 3917 1130 3962 ornamentum
1179 3911 1316 3978 caeli,
1349 3930 1526 3969 errore
1579 3919 1825 3989 deceptus

242 3992 432 4046 adores
470 4010 530 4047 ea
573 3995 639 4048 ⁵⁷.
678 3995 789 4066 Ego
834 4015 950 4054 sum
988 4000 1126 4056 Deus
1166 4006 1258 4075 qui
1298 4008 1461 4062 eduxi
1505 4019 1552 4064 te
1578 4011 1642 4066 de
1683 4023 1825 4070 terra

247 4080 490 4151 Egypti,
519 4088 582 4138 et’
608 4085 774 4140 Deum
805 4099 954 4143 extra
982 4108 1062 4147 me
1094 4096 1283 4160 nescis,
1311 4108 1358 4152 et
1393 4100 1484 4168 qui
1506 4101 1678 4158 salvos
1705 4122 1828 4174 pos-

244 4186 320 4228 set
350 4175 526 4242 ,l’acere
567 4195 669 4234 non
703 4191 782 4234 est
817 4193 1010 4250 prazter
1049 4201 1148 4240 me.
1186 4185 1300 4258 Ego
1330 4206 1448 4243 sum
1485 4195 1576 4262 qui
1617 4204 1667 4248 te
1705 4199 1826 4264 pavi

245 4267 301 4320 in
337 4269 644 4336 solitudine,
681 4273 735 4326 in
774 4286 915 4329 terra
948 4277 1287 4334 inhabitabili
1324 4297 1343 4336 :
1382 4293 1430 4336 et
1473 4284 1672 4352 impleti
1703 4300 1824 4343 stmt

243 4360 549 4426 saturitate,
598 4373 645 4416 et
685 4364 886 4420 elevata
917 4379 1039 4422 sunt
1068 4372 1231 4425 corda
1270 4388 1453 4428 eorum
1486 4376 1553 4430 ⁸⁸.
1593 4375 1824 4447 Idcirco,

245 4448 397 4504 obliti
431 4462 551 4505 sunt
575 4454 699 4519 mei,
724 4465 773 4508 et
803 4472 896 4527 ego
923 4459 1131 4515 tradam
1158 4477 1246 4516 eos
1269 4463 1584 4533 dispersioni
1613 4468 1670 4522 in
1699 4487 1826 4541 gen-

242 4542 382 4596 tibus
416 4546 616 4600 cunctis
644 4548 711 4601 ”.

319 4631 583 4690 XXXVII.
625 4636 758 4704 Quae
790 4641 1073 4700 audientes
1115 4647 1271 4715 quasi
1305 4648 1372 4706 dc
1405 4665 1599 4710 somno
1631 4672 1828 4728 exper-

242 4722 540 4792 giscantur,
580 4735 634 4780 et
666 4729 1003 4796 praebeamus
1039 4748 1139 4790 nos
1173 4735 1362 4807 dignos
1405 4743 1618 4799 Domini
1651 4722 1823 4802 servi-

247 4815 368 4878 tuti,
398 4825 452 4870 ut
487 4819 832 4886 misereatur,
865 4831 919 4877 et
946 4823 1091 4880 dicat
1119 4830 1275 4885 nobis
1308 4849 1321 4885 :
1357 4831 1610 4894 lnvocate
1639 4855 1744 4908 me,
1771 4853 1828 4898 et

240 4921 344 4975 ego
384 4911 667 4965 exaudiam
717 4927 832 4969 vos.
881 4915 1000 4986 Ipse
1033 4919 1178 4974 enim
1228 4922 1302 4978 ait
1347 4944 1361 4980 :
1420 4925 1526 4993 Qui
1575 4931 1824 5002 dispersit

245 4995 439 5062 Israel,
488 5005 821 5072 congregavit
863 5022 978 5059 eum
1012 5009 1086 5075 ⁶⁰;
1123 5019 1177 5066 et
1213 5011 1340 5068 alibi
1382 5033 1396 5070 :
1438 5015 1561 5073 Non
1600 4995 1820 5091 faciam,

244 5090 444 5156 inquit,
471 5090 627 5159 juxta
651 5094 785 5149 iram
811 5095 1009 5164 furoris
1045 5103 1171 5168 mei,
1203 5122 1298 5162 nec
1330 5108 1406 5162 sic
1435 5111 1730 5182 relinquam
1769 5129 1825 5171 ut

241 5181 443 5233 deleant
496 5182 748 5251 Epltraim
789 5189 866 5255 “;
899 5199 954 5244 et
999 5191 1193 5249 iterum
1242 5213 1256 5250 :
1308 5197 1432 5254 Non
1477 5205 1532 5255 in
1567 5215 1825 5262 mternnm

239 5275 459 5342 puniant
487 5293 595 5342 vos,
630 5295 721 5332 nec
747 5296 952 5351 semper
984 5284 1187 5340 irascar
1222 5290 1386 5346 vobis.
1422 5292 1655 5362 Spiritus
1689 5303 1826 5354 enim

242 5378 274 5412 a
311 5377 391 5414 me
429 5366 716 5432 egreditur,
748 5378 795 5421 et
835 5385 986 5424 omne
1018 5377 1158 5440 quod
1193 5379 1360 5445 spirat
1395 5398 1493 5452 ego
1533 5385 1630 5452 feci
1661 5388 1726 5441 ⁶¹.
1764 5388 1829 5442 Ει

314 5556 359 5587 ⁸⁸
399 5554 554 5610 Joan.
589 5572 664 5621 XI,
703 5555 758 5621 9,
792 5555 878 5611 l0.

248 5625 335 5680 l3.
424 5626 470 5657 ⁵⁵
509 5625 620 5682 Jer.
659 5643 728 5690 vt,
774 5627 857 5680 l7.

245 5697 542 5769 ηιμ-10.
608 5698 650 5729 ⁸⁸
692 5697 816 5753 Ose.
849 5712 925 5758 χι.
967 5699 1020 5754 9.
1100 5699 1144 5729 ⁸⁸
1185 5700 1518 5769 Jer.m,12.

244 5767 336 5819 27.
365 5836 394 5892 ί
414 5766 457 5796 ⁸⁹
501 5768 689 5824 Matth.
720 5783 853 5834 uti,
883 5769 972 5824 40.

247 5850 334 5892 ιν.
403 5876 418 5892 .

247 5850 334 5901 ιν,
365 5850 418 5892 4.

959 5557 1014 5641 '1
1042 5555 1202 5641 I_lel»r.
1241 5578 1293 5621 κ,
1335 5562 1425 5641 δέ).
1451 5565 1544 5641 M"
1576 5563 1807 5641 IIltgss.
1834 5585 1840 5601 π

1934 5570 1969 5623 i.
2042 5569 2087 5600 ⁸³
2129 5567 2272 5641 Psal.
2299 5581 2407 5641 ενι,
2438 5565 2492 5620 5.
2562 5561 2798 5641 ."Rom:
2823 5573 2900 5624 ιι,
2927 5556 3017 5610 21.
3043 5555 3219 5641 ’λη’-ξ]

971 5627 1016 5658 ⁸⁸
1059 5630 1159 5681 lsa.
1197 5647 1318 5695 va,
1359 5634 1525 5693 7.18.
1607 5637 1651 5668 δ’
1694 5621 1840 5692 Deut.

1934 5621 2063 5695 .19.
2139 5621 2614 5694 "Exadius.
2690 5632 2736 5668 ιι
2774 5621 2894 5682 ter;
2928 5643 3004 5690 IX,
3038 5624 3245 5695 15,16.
3319 5621 3514 5677 “Jcr.

1610 5706 1656 5738 ⁸³
1697 5709 1822 5762 ibid.

1934 5681 2063 5763 Γῗί
2105 5681 2398 5764 ίυίιιῗῖὄῗ
2425 5681 2668 5760 Vita».
2703 5681 2823 5764 χιιι,
2852 5697 2938 5758 ll.
2973 5681 3054 5752 1'2.
3113 5681 3181 5726 '“
3219 5693 3516 5764 108nm“-

1054 5770 1096 5801 ⁸⁸
1129 5771 1249 5829 Act.
1304 5791 1394 5842 xx,
1432 5777 1522 5832 28.
1601 5778 1645 5812 ⁶⁹
1682 5777 1836 5836 Rom.
1883 5795 1971 5846 xv,
2021 5781 2148 5848 l-5;
2193 5779 2334 5835 l’sal.
2369 5777 2652 5846 uvnt,10.

1929 3279 2030 3333 stia
2077 3276 2423 3340 constitutos,
2459 3272 2627 3329 nolite
2670 3286 2764 3327 eos
2803 3269 3091 3342 negligere,
3135 3269 3368 3325 scientes
3414 3280 3509 3320 vos

1930 3368 2237 3425 reddituros
2285 3367 2550 3421 rationem
2600 3377 2695 3434 pro
2730 3364 2877 3418 omni
2923 3375 3107 3433 grege,
3158 3376 3316 3432 super
3356 3374 3508 3428 quem

1929 3479 2017 3516 vos
2067 3459 2302 3530 Spiritus
2347 3467 2560 3511 sanctus
2604 3456 2873 3510 constituit
2904 3456 3185 3523 inspicere,
3219 3461 3267 3505 et
3298 3464 3510 3518 pascere

1931 3552 2222 3607 Ecclesiam
2259 3550 2353 3604 Dei
2387 3565 2545 3620 quam
2587 3547 2865 3614 acquisivit
2897 3545 3110 3615 proprio
3151 3540 3410 3611 sanguine
3438 3539 3506 3592 κε.

1931 3645 2221 3713 Propterea
2267 3658 2360 3697 nos
2398 3642 2490 3713 qui
2532 3640 2775 3710 fortiores
2817 3655 3023 3702 sumus,
3079 3636 3326 3691 debemus
3355 3631 3510 3700 inﬁr-

1929 3737 2137 3790 mitates
2170 3735 2527 3790 invalidorum
2573 3741 2807 3800 portare,
2843 3739 2892 3785 et
2937 3745 3037 3784 non
3091 3729 3343 3782 nobismet
3377 3724 3509 3793 ipsis

1928 3833 2168 3900 placere,
2235 3830 2326 3884 sed
2377 3827 2617 3898 proximo
2663 3826 2722 3879 in.
2775 3825 2906 3878 bono
2944 3823 3014 3876 ad
3078 3819 3508 3890 aediﬁcationem.

1932 3921 2072 3978 Nam
2130 3933 2176 3976 et
2221 3914 2474 3976 Christus
2514 3936 2617 3974 non
2663 3918 2763 3972 sibi
2805 3915 3025 3986 placuit,
3053 3913 3179 3980 sed,
3208 3912 3342 3966 sicut
3382 3909 3514 3962 seri-

3601 3511 3760 3577 erat;

1929 4027 2074 4087 ptum
2104 4024 2176 4070 est
2210 4030 2228 4069 :
2277 4012 2571 4083 Opprobria
2614 4008 3044 4080 exprobrantium
3085 4004 3179 4059 tibi
3209 4001 3511 4059 ceciderunt
3589 4020 3601 4031 -

1930 4123 2088 4177 super
2122 4122 2200 4160 me
2233 4107 2309 4171 ⁶⁹;
2357 4113 2410 4160 et
2451 4103 2687 4158 iterum:
2730 4100 2850 4155 Non
2886 4113 3088 4166 quaero,
3134 4094 3329 4164 inquit,
3368 4090 3509 4159 quod

1930 4200 2058 4252 mihi
2093 4196 2321 4262 expedit.
2352 4196 2444 4249 sed
2480 4193 2618 4264 quod
2658 4191 2919 4254 omnibus,
2955 4199 3008 4241 ut
3052 4185 3184 4240 salui
3212 4186 3344 4253 ﬁant
3371 4184 3448 4282 ⁷ο..

2002 4287 2138 4343 XLI.
2177 4286 2233 4342 Si
2269 4294 2449 4340 autem
2500 4283 2756 4338 Dominus
2812 4294 2876 4332 ac
2925 4276 3177 4331 Salvator
3220 4281 3401 4328 noster
3435 4276 3510 4324 ita

1929 4379 2191 4451 prmcipil,
2224 4387 2277 4431 et
2308 4376 2480 4431 sancti
2516 4377 2588 4429 ita
2628 4369 2932 4426 conversati
2975 4374 3121 4431 sunt,
3151 4362 3343 4418 Patres
3370 4377 3505 4432 quo-

1932 4489 2036 4541 que
2061 4471 2228 4526 nostri
2253 4470 2328 4524 ita
2354 4482 2450 4522 nos
2477 4467 2799 4526 docuerunt,
2823 4471 3215 4528 consurgamus
3239 4472 3269 4511 a
3295 4470 3508 4519 somno,

1861 4550 1903 4605 Ῑ)
1933 4573 1988 4617 et
2021 4576 2142 4630 quae
2177 4567 2303 4614 sunt
2334 4557 2490 4613 nobis
2542 4560 2807 4625 praecepta
2850 4549 3132 4603 faciamus.
3173 4545 3513 4614 Quercnnque

1930 4656 2066 4710 enim
2107 4653 2305 4722 scripta
2353 4659 2497 4714 sunt,
2532 4647 2600 4701 ad
2639 4642 2873 4699 nostram
2919 4638 3266 4694 eruditionem
3312 4634 3513 4706 scripta

1930 4757 2070 4810 sunt,
2116 4754 2172 4798 ut
2205 4759 2296 4812 per
2327 4740 2637 4812 patientiam
2667 4746 2714 4792 et
2755 4733 3165 4789 consolationem
3204 4729 3512 4798 Scriptura-

1932 4856 2049 4892 rum
2084 4852 2225 4906 spent
2251 4832 2536 4887 habeamus
2561 4830 2642 4895 “;
2678 4838 2735 4883 et
2765 4825 2941 4880 nullus
2971 4832 3214 4877 nostrum
3245 4835 3410 4877 causa
3443 4823 3516 4874 sit

1929 4929 2137 4985 erroris
2183 4926 2369 4993 alieni,
2422 4937 2524 4979 nec
2575 4920 2890 4976 aemulemur
2949 4929 3042 4971 eos
3106 4914 3200 4985 qui
3256 4927 3520 4984 prospero

1929 5032 2094 5094 agunt
2115 5021 2166 5074 in
2203 5020 2311 5073 vita
2342 5032 2460 5072 sua.
2486 5015 2621 5071 Cum
2644 5014 2789 5070 enim
2816 5008 2999 5067 omnia
3021 5005 3334 5064 necessaria
3361 5003 3512 5059 carni

1938 5115 2140 5170 fuerint
2183 5110 2484 5176 consecuti,
2531 5109 2828 5165 morientes
2863 5102 2997 5160 nihil
3045 5115 3228 5157 secum
3262 5106 3511 5166 asporta.

1939 5207 2092 5260 bunt.
2127 5203 2245 5258 Filii
2287 5201 2466 5258 saeculi
2493 5201 2654 5270 hujus
2688 5197 2888 5253 habent
2925 5195 2979 5248 in
3019 5193 3123 5249 hoc
3153 5187 3348 5247 saeculo
3378 5186 3516 5241 tidu~

1937 5297 2100 5361 ciam,
2137 5295 2394 5366 quoniam
2444 5291 2512 5347 de
2565 5288 2767 5345 mundo
2819 5292 2977 5350 sunt,
3009 5294 3063 5338 et
3103 5279 3334 5336 mundus
3371 5288 3516 5331 amat

1937 5389 2082 5459 quod
2114 5401 2271 5442 suum
2305 5394 2407 5441 est.
2450 5383 2554 5451 Qui
2587 5389 2767 5436 autem
2803 5376 2894 5430 ﬁlii
2929 5375 3022 5430 Dei
3052 5378 3200 5437 sunt,
3229 5366 3370 5424 illius
3403 5381 3516 5422 ser-

3099 5556 3146 5586 ”
3182 5553 3292 5609 Jer.
3332 5567 3394 5614 ιι,
3433 5553 3514 5612 l2.

2743 5769 2788 5804 τ’
2811 5762 2841 5824 Ιλ
2865 5768 2990 5826 Cor.
3024 5783 3078 5825 χ.
3114 5766 3203 5822 33.
3280 5765 3323 5796 '”
3357 5762 3517 5818 Rcui.
