3890 6274
407 312 507 369 88'!

1515 308 1790 365 PATRES
1823 307 2128 366 EGYPTII
2169 308 2441 368 SECULI
2477 297 2568 367 IV.

407 420 587 476 inanis
613 419 925 498 evangelici
957 419 1313 476 recordentur
1345 437 1358 473 :
1389 417 1448 474 Si
1479 422 1706 475 mundus
1739 438 1824 477 vos
1855 423 1986 490 odit,
2018 427 2063 485 Α
2091 425 2215 479 vina
2264 423 2605 488 meditemur,
2649 420 2947 493 poterimus
3000 418 3128 476 illud
3159 419 3362 485 dicere,
3406 417 3554 488 quod
3606 431 3678 475 et

409 512 598 567 scitote
628 513 770 582 quod
809 528 892 566 me
930 511 1159 580 primum
1206 511 1374 566 oderit
1405 512 1484 575 ⁷²ς
1513 521 1568 568 et
1601 511 1795 568 iterum
1833 535 1844 570 :
1878 513 1983 580 Qui

381 602 635 660 voluerit
683 619 796 658 esse
850 603 1054 658 amicus
1099 601 1256 672 hujus
1313 602 1521 668 mundi,
1579 605 1833 660 inimicus
1894 606 1985 675 ﬁet

409 696 522 751 Deo
545 696 630 759 ης
673 705 727 752 et
756 698 967 752 rursum
1016 711 1032 751 :
1071 696 1488 755 Tribulationem
1539 701 1797 756 habebitis
1836 717 1857 757 :
1893 704 1984 758 sed

409 785 695 855 conﬁdite,
733 801 828 856 ego
875 787 976 841 vici
1026 788 1280 844 mundum
1320 789 1406 857 ";
1445 802 1501 846 et
1548 790 1744 846 iterum
1780 809 1795 846 :
1830 790 1985 847 Beati

407 876 499 942 qui
541 875 749 944 lugent,
790 877 1037 943 quoniam
1072 877 1178 946 ipsi
1224 879 1656 936 consolabuntur.
1698 880 1852 936 Beati
1894 883 1983 951 qui

407 967 645 1020 esuriant
668 976 715 1020 et
742 967 929 1022 sitiunt
941 965 1230 1034 justitiam,
1259 972 1508 1040 quoniam
1537 973 1638 1041 ipsi
1660 973 1981 1028 saturabun-

407 1065 516 1111 tur.
551 1055 703 1111 Beati
734 1059 824 1129 qui
845 1060 1250 1127 persecutionem
1284 1065 1560 1132 patiuntur
1593 1075 1802 1136 propter
1821 1068 1984 1134 justi-

410 1148 564 1216 tiant,
590 1150 838 1218 quoniam
877 1152 1109 1218 ipsorum
1142 1163 1217 1207 est
1264 1170 1479 1222 regnum
1524 1157 1773 1211 caelorum
1799 1157 1868 1211 ’⁸.
1908 1158 1982 1214 De

408 1235 535 1292 tiliis
568 1246 747 1292 autem
790 1239 963 1295 noctis
992 1241 1121 1309 quid
1147 1255 1179 1296 e
1208 1245 1484 1299 contrario
1527 1244 1766 1300 dicitur?
1791 1244 1981 1302 Nonne

406 1325 577 1382 illud?
618 1325 706 1382 Va:
732 1329 898 1395 vobis,
928 1329 1146 1398 divites,
1177 1332 1424 1401 quoniam
1455 1334 1715 1404 recepistis
1745 1335 1984 1391 consola-

403 1417 597 1472 tionem
639 1429 882 1475 vestram.
930 1419 1018 1476 γω
1063 1421 1205 1477 vobis
1237 1423 1329 1492 qui
1368 1426 1606 1479 saturati
1642 1428 1772 1482 estis
1819 1443 1978 1493 nunc,

404 1509 534 1578 quia
557 1510 820 1566 esurietis.
871 1511 962 1566 Va:
994 1513 1135 1568 vobis
1167 1515 1258 1584 qui
1286 1531 1422 1569 nunc
1453 1517 1652 1584 ridetis,
1681 1519 1806 1588 quia
1836 1519 1980 1589 luge-

405 1599 527 1654 bitis
555 1618 616 1655 ac
646 1603 833 1672 ﬂebitis
857 1605 924 1659 ⁷⁸.

475 1689 635 1746 XLII.
669 1695 1031 1760 Quamobrem
1058 1697 1239 1756 mundi
1271 1699 1540 1756 amicitias
1564 1699 1890 1766 devitemus,
1919 1711 1978 1758 ut

2091 517 2256 574 David
2284 541 2294 572 ;
2323 515 2613 570 Exsultabo
2641 530 2797 584 super
2821 511 3028 584 eloquia
3049 523 3161 574 tua,
3189 511 3326 565 sicut
3347 509 3438 579 qui
3463 509 3680 563 invenit

2088 609 2256 678 spolia
2293 607 2463 662 multa
2490 605 2575 672 ”;
2611 615 2666 661 et
2694 619 2712 658 :
2744 603 2916 671 Quam
2954 601 3132 656 dulcia
3167 600 3364 671 gutturi
3392 616 3506 655 meo
3545 599 3677 653 clo-

2084 701 2207 772 quia
2254 708 2368 764 tua,
2416 714 2572 769 super
2607 696 2706 752 mel
2742 705 2794 751 et
2829 695 3006 764 favum
3045 695 3125 749 ori
3173 693 3328 748 meo!
3358 691 3676 747 Cantabiles

2087 793 2217 846 mihi
2245 801 2395 846 erant
2417 790 2825 861 justifieatlones
2850 797 2953 841 tua:
2984 787 3037 840 in
3076 785 3189 840 loco
3219 783 3674 853 peregrinationis

2083 897 2213 938 metu
2251 882 2335 949 ”;
2372 891 2425 937 et
2460 881 2512 935 in
2542 879 2648 934 alio
2689 878 2806 934 loco
2837 894 2852 932 :
2887 875 3014 932 Non
3056 875 3299 944 proposui
3329 883 3448 928 ante
3476 872 3674 928 oculos

2085 991 2226 1030 meos
2254 990 2358 1029 rem
2390 974 2624 1043 iniquam
2650 987 2670 1026 :
2700 971 2946 1041 facientes
2977 968 3306 1038 iniquitatem
3329 967 3450 1021 odio
3471 963 3670 1019 habui.

2085 1065 2153 1120 Et
2187 1081 2289 1120 non
2319 1065 2540 1120 adllatsit
2577 1065 2707 1118 mihi
2745 1079 2836 1118 cor
2862 1077 3080 1132 pravum
3114 1076 3134 1114 :
3157 1059 3479 1113 declinantes
3514 1075 3546 1111 a
3575 1072 3673 1111 me

2085 1156 2343 1226 malignos
2372 1171 2476 1210 non
2505 1154 2847 1226 agnoscebant
2871 1167 2894 1206 :
2926 1151 3281 1208 detrahentem
3315 1151 3372 1204 in
3397 1152 3670 1202 absconso

2082 1247 2322 1314 proximo
2344 1263 2461 1312 suo,
2495 1247 2632 1300 hunc
2654 1245 2998 1315 persequebar
3023 1258 3042 1296 :
3072 1240 3293 1310 superbo
3323 1238 3474 1293 oculo
3499 1248 3548 1292 et
3571 1238 3669 1292 in—

2081 1335 2315 1391 satiabili
2343 1338 2500 1391 corde
2527 1350 2646 1389 cum
2673 1336 2770 1388 hoc
2797 1330 2957 1388 simul
2987 1347 3090 1386 non
3113 1329 3349 1385 edebam.
3373 1326 3529 1383 Oculi
3551 1326 3666 1381 mei

2083 1443 2241 1498 super
2269 1427 2446 1496 fideles
2477 1440 2653 1492 terrtr,
2684 1434 2740 1479 ut
2770 1424 2992 1495 facerem
3029 1439 3116 1478 eos
3149 1421 3327 1476 sedere
3357 1435 3560 1474 mecum
3582 1417 3661 1472 ".

2155 1517 2334 1574 XLIV.
2371 1517 2612 1586 Quorum
2638 1515 2877 1571 omnium
2914 1530 3011 1571 nos
3044 1514 3318 1568 imitemur
3353 1524 3552 1580 opera,
3592 1518 3664 1564 ut

2082 1611 2153 1667 sit
2185 1611 2237 1666 in
2271 1608 2458 1664 diebus
2491 1609 2690 1664 nostris
2725 1622 2827 1678 pax
2871 1617 2928 1663 et
2963 1605 3204 1676 iustitia,
3247 1613 3304 1660 et
3340 1618 3449 1659 non
3493 1601 3664 1657 nobis

2084 1701 2212 1756 illud
2242 1701 2459 1756 eveniat
2487 1701 2628 1771 quod
2655 1700 2782 1757 alibi
2818 1700 3048 1770 legimus
3075 1721 3091 1756 :
3117 1699 3288 1769 Super
3308 1705 3452 1752 terra
3473 1694 3668 1765 populi

405 1780 539 1837 illud
581 1798 890 1840 mereamur
935 1789 1124 1844 audire
1156 1807 1172 1846 :
1202 1790 1286 1846 Ad
1321 1807 1589 1860 vesperum
1623 1795 1981 1850 demorabitur
2009 1781 2052 1841 Β
2082 1794 2182 1847 mei
2221 1794 2386 1862 spina:
2415 1803 2461 1847 et
2497 1791 2676 1863 fenum
2701 1801 3010 1861 consurgent
3036 1793 3102 1847 ’⁸.
3146 1789 3252 1845 Sed
3289 1787 3461 1858 magis
3489 1788 3660 1841 inno-

403 1873 578 1941 ﬂetus,
605 1884 652 1928 et
689 1877 758 1930 ad
787 1880 1103 1936 matutinum
1129 1881 1334 1938 latitia.
1368 1885 1580 1940 Audiuit
1617 1885 1892 1952 Dominus,
1927 1896 1976 1942 et

403 1965 650 2020 misertus
677 1978 750 2022 est
783 1971 905 2026 ntei.
931 1970 1152 2027 Scidisti
1179 1991 1389 2029 saccum
1411 1992 1604 2044 meum,
1628 1987 1676 2032 et
1701 1979 1978 2034 accinxisti

402 2071 486 2110 me
514 2059 702 2113 ltetitia
735 2061 801 2114 ".
833 2061 964 2128 Quis
993 2064 1136 2119 enim
1168 2077 1482 2124 sanctorum
1518 2083 1623 2125 non
1658 2069 1712 2124 in
1745 2069 1881 2126 lucta
1913 2084 1980 2126 ac

404 2149 625 2205 tristitia
653 2165 749 2220 per
785 2155 966 2210 mundi
996 2156 1154 2226 huius
1197 2159 1446 2215 transivit
1465 2160 1646 2218 viam?
1677 2161 1976 2219 ieremias:

405 2235 529 2292 Non
555 2241 687 2302 sedi,
721 2241 916 2312 inquit,
943 2261 1060 2299 sunt
1084 2248 1304 2303 consilio
1327 2249 1639 2316 ludentium,
1666 2251 1756 2306 sed
1787 2259 1973 2307 treme-

405 2327 524 2383 bam
564 2347 597 2384 a
635 2333 775 2400 facie
810 2351 1000 2389 manus
1033 2347 1156 2391 tute.
1204 2338 1364 2394 Solus
1405 2341 1681 2407 sedebam,
1730 2341 1974 2412 quoniam

403 2419 759 2476 amaritudine
784 2426 1007 2491 repletus
1047 2442 1163 2481 sum
1194 2427 1264 2482 τ’.
1295 2427 1461 2482 David
1489 2445 1703 2501 quoque
1733 2433 1922 2488 scribit
1959 2447 1977 2488 :

407 2504 581 2573 Quasi
615 2510 797 2580 lugens
820 2529 882 2567 ac
914 2531 1156 2584 merens,
1182 2519 1260 2572 sic
1291 2519 1608 2575 ltumiliabar
1632 2522 1699 2573 "’.
1737 2520 1976 2588 Quorum

403 2613 507 2654 nos
549 2602 789 2672 vestigiis
838 2606 1172 2676 insistentes,
1229 2609 1576 2680 intelligimus
1618 2613 1777 2684 quod
1831 2614 1980 2672 salus

403 2701 588 2747 nostra
621 2692 675 2748 in
705 2703 945 2766 tempore
970 2699 1341 2757 tribulationis
1366 2700 1455 2772 sit,
1487 2713 1542 2758 et
1565 2704 1839 2776 propheta:
1863 2706 1977 2777 pol-

402 2781 632 2840 licitatio
668 2785 962 2858 impleatur
1000 2791 1233 2848 dicentis
1264 2811 1278 2849 :
1318 2793 1442 2848 Non
1485 2795 1850 2868 relinquuntur
1886 2799 1978 2870 qui

401 2875 458 2931 in
494 2878 740 2959 angustia
768 2891 910 2947 sunt,
944 2883 1048 2938 nisi
1085 2885 1156 2938 ad
1196 2894 1396 2955 tempus
1439 2886 1510 2942 ⁸⁸.
1545 2886 1599 2942 Si
1647 2901 1778 2959 ergo
1814 2887 1977 2945 habet

405 2949 622 3038 tempus
655 2969 930 3028 tribulatio
963 2983 1019 3030 et
1062 2949 1341 3046 angustia,
1385 2987 1441 3033 et
1475 2993 1579 3034 non
1625 2949 1742 3035 eri;
1772 2980 1976 3050 sempi-

405 3065 594 3125 terna,
622 3061 956 3119 semincmus
986 3064 1040 3120 in
1077 3055 1445 3138 lacrymis,‘ut
1475 3076 1740 3124 metamus
1767 3069 1820 3123 in
1851 3086 1977 3140 gau-

409 3148 524 3215 dio,
555 3165 663 3206 non
691 3151 1039 3223 deficientes;
1075 3158 1218 3224 quod
1249 3158 1562 3214 noverimus
1592 3159 1875 3216 Dominum
1910 3161 1976 3218 de

401 3239 705 3295 tentatione
730 3241 962 3299 liberare
992 3244 1228 3300 cultores
1259 3262 1408 3304 suos.

476 3327 657 3386 XLIII.
692 3331 950 3391 Dominus
981 3344 1135 3405 pater
1156 3347 1342 3394 noster
1365 3348 1445 3395 est
1479 3359 1492 3394 :
1533 3340 1788 3397 Dominus
1810 3341 1972 3410 iudex

405 3432 590 3479 noster
608 3433 693 3480 est
718 3442 731 3478 :
759 3426 1020 3485 Dominus
1040 3429 1312 3501 princeps,
1351 3432 1608 3490 Dominus
1633 3449 1726 3490 rex
1755 3444 1972 3491 noster:

405 3512 664 3570 Dominus
705 3517 819 3586 ipse
849 3532 951 3574 nos
983 3519 1212 3576 snlvabit
1256 3541 1268 3576 :
1306 3524 1458 3594 cujus
1492 3535 1754 3596 praecepta
1793 3527 1839 3583 si
1875 3541 1974 3584 ne-

403 3604 774 3675 glexcrimus,
815 3611 1254 3678 permanebimus
1287 3614 1340 3668 in
1377 3616 1643 3686 anguStia.
1681 3616 1798 3687 Ipse
1829 3619 1973 3674 enim

401 3697 534 3750 dicit
565 3713 582 3751 :
614 3697 716 3762 Qui
752 3713 1043 3769 sequuntur
1073 3719 1155 3757 me
1174 3705 1510 3774 possidebunt
1541 3717 1757 3774 terram,
1789 3721 1834 3763 et
1860 3709 1972 3764 qu-

401 3786 702 3841 reditabunt
732 3799 958 3844 montem
995 3802 1235 3848 sanetum
1271 3811 1442 3849 meum
1469 3796 1512 3828 “
1555 3816 1570 3852 :
1604 3811 1762 3867 quem
1793 3809 1846 3853 et
1875 3814 1974 3856 nos

404 3872 826 3942 possidebimus,
852 3879 896 3932 si
926 3877 1247 3947 impleamus
1275 3881 1446 3952 legem
1472 3885 1590 3956 ejus
1611 3896 1664 3940 et
1688 3889 1974 3944 audiamus

311 4029 314 4032 ξ
402 3964 534 4019 illud
563 3965 708 4034 quod
733 3965 939 4024 dicitur
972 3987 987 4025 :
1027 3968 1258 4028 Mundae
1287 3973 1448 4044 facite
1471 3977 1525 4030 in
1557 3991 1830 4048 conspectu
1861 3980 1974 4050 ejus

399 4059 512 4112 uias
538 4069 734 4114 vestras
765 4061 840 4129 ";
866 4072 921 4118 et
962 4062 1158 4120 iterum
1191 4084 1206 4121 :
1251 4065 1438 4122 Tollite
1466 4069 1784 4139 oﬂ‘endicula
1806 4074 1869 4128 de
1891 4075 1974 4128 via

395 4149 581 4218 populi
608 4152 712 4205 mei
727 4151 773 4184 ⁸³
795 4163 883 4219 ;et
905 4155 1034 4210 alibi
1057 4174 1070 4210 ;
1099 4155 1290 4227 Ejicite
1314 4160 1375 4214 de
1390 4162 1606 4216 consilio
1630 4165 1971 4232 pestilentem,

395 4251 446 4294 et
490 4244 784 4312 egredietur
825 4262 942 4300 cum
975 4264 1037 4303 eo
1073 4251 1331 4304 contentio
1361 4251 1426 4307 “.
1465 4252 1564 4323 Qui
1605 4254 1808 4322 justum
1843 4259 1975 4314 dicit

397 4329 676 4401 injustum,
693 4343 748 4388 et
766 4334 1023 4404 injustum
1041 4338 1248 4409 judicat
1271 4339 1501 4409 justum.
1523 4354 1747 4414 uterque
1768 4346 1820 4400 in
1843 4362 1970 4403 con-

2080 1897 2265 1941 ventus
2312 1883 2467 1940 nobis
2491 1883 2724 1951 novalia,
2767 1893 2822 1938 et
2850 1898 2956 1938 non
2990 1882 3318 1938 seminemus
3347 1892 3508 1950 super
3536 1877 3659 1947 spio

2081 1987 2198 2029 nas.
2227 1973 2468 2043 Cumque
2503 1972 2918 2028 custodierimus
2951 1985 3072 2041 qua:
3110 1969 3365 2024 mandata
3398 1976 3525 2023 sunt
3555 1981 3664 2022 no-

2078 2066 2184 2131 bis,
2221 2065 2490 2121 manilesti
2522 2065 2725 2121 erimus
2766 2065 2908 2134 quod
2943 2063 3226 2134 diligamus
3263 2061 3460 2125 Deum,
3511 2057 3660 2113 sicut

2081 2166 2311 2212 testatur
2339 2167 2393 2212 et
2422 2158 2474 2212 in
2506 2139 2614 2212 alio
2639 2156 2758 2212 loco
2787 2155 3068 2224 Scriptura
3093 2153 3274 2209 divina
3303 2171 3318 2208 :
3351 2151 3458 2216 Qui
3501 2151 3657 2204 audit

2079 2248 2329 2303 mandata
2363 2264 2476 2303 mea
2510 2257 2559 2303 et
2583 2257 2752 2304 servat
2777 2263 2862 2313 ea,
2898 2245 2986 2300 ille
3013 2254 3088 2300 est
3109 2245 3203 2316 qui
3225 2243 3396 2314 diligit
3424 2258 3538 2308 me;
3560 2241 3656 2312 qui

2081 2351 2254 2396 autem
2284 2341 2462 2411 diliget
2497 2355 2596 2404 me,
2624 2339 2872 2410 diligetur
2900 2354 2932 2392 a
2979 2335 3139 2392 Patre
3169 2353 3302 2401 meo,
3327 2345 3374 2390 et
3402 2351 3496 2405 ego
3525 2333 3657 2388 dili-

2079 2449 2202 2504 gant
2236 2449 2374 2499 eum,
2401 2441 2449 2486 et
2479 2433 2744 2486 veniemus
2784 2447 2877 2500 ego
2921 2439 2968 2484 et
3016 2427 3182 2482 Pater
3213 2443 3374 2490 meus,
3401 2435 3451 2480 et
3493 2439 3658 2478 mau-

2082 2525 2279 2578 sionent
2335 2523 2476 2590 apud
2535 2539 2654 2578 eum
2704 2523 2980 2592 faciemus,
3033 2531 3083 2576 et
3151 2520 3421 2575 ostendant
3473 2518 3522 2572 ei
3570 2532 3659 2572 nso

2081 2616 2250 2683 ipsum
2278 2614 2362 2680 9';
2389 2623 2443 2668 et
2478 2633 2492 2669 :
2538 2612 2642 2669 Vos
2680 2615 2837 2668 amici
2871 2613 2970 2667 mei
3009 2613 3155 2678 estis,
3192 2612 3238 2666 si
3273 2609 3499 2680 feceritis
3533 2623 3658 2679 quo

2080 2707 2328 2778 prtecipio
2366 2705 2509 2762 vobis
2537 2706 2607 2763 “.
2654 2705 2930 2761 Tollamus
2973 2705 3250 2760 nobiscum
3297 2702 3492 2758 multos
3533 2714 3661 2756 ser-

2084 2813 2290 2867 mones,
2306 2810 2360 2855 et
2385 2789 2767 2855 convertamur
2787 2799 2853 2852 ad
2885 2797 3164 2852 Dominum
3189 2795 3355 2850 Deum
3383 2802 3656 2856 nostrum,

2080 2904 2136 2948 et
2167 2895 2409 2950 dicamus
2444 2895 2494 2949 ei
2521 2910 2533 2947 :
2579 2893 2735 2948 Potes
2771 2891 3031 2946 dimittere
3055 2901 3284 2959 peccata,
3321 2899 3375 2941 ut
3423 2887 3657 2953 accipia-

2081 3001 2196 3038 mus
2227 2987 2382 3050 bona,
2421 2994 2468 3038 et
2497 2984 2777 3039 reddamus
2803 2984 2852 3036 ei
2885 2984 3115 3052 fructum
3160 2981 3418 3034 labiorum
3448 2989 3658 3031 nostro-

2083 3092 2198 3128 rum
2225 3077 2291 3140 ’⁸,
2325 3086 2378 3131 et
2403 3075 2697 3131 delectetur
2730 3076 2782 3130 in
2819 3074 2976 3131 nobis
3012 3073 3190 3128 anima
3231 3079 3434 3126 nostra.

2149 3165 2305 3220 XLV.
2346 3168 2524 3235 Atque
2553 3167 2756 3221 utinam
2791 3165 3050 3234 pceniteat
3083 3177 3178 3218 nos
3223 3159 3426 3216 erroris
3462 3168 3519 3213 et
3550 3172 3651 3214 ne-

2076 3259 2365 3328 gligentiae,
2393 3268 2448 3313 et
2475 3258 2720 3313 conversi
2745 3257 2812 3312 ad
2837 3256 3016 3328 priu’ra
3041 3257 3285 3311 dicamus
3318 3272 3332 3308 :
3357 3253 3523 3307 Assur
3545 3267 3654 3307 non

2074 3351 2295 3406 salvabit
2337 3367 2429 3404 nos
2447 3367 2467 3416 ,°
2499 3365 2654 3419 super
2683 3366 2840 3420 equos
2869 3365 2974 3404 non
3006 3347 3364 3408 ascendemus.
3399 3361 3489 3400 nec
3533 3343 3652 3414 jam
3709 3421 3713 3423 _

2074 3448 2302 3502 dicemus
2325 3463 2344 3501 :
2366 3447 2457 3501 Dii
2497 3447 2661 3500 nostri
2690 3461 2846 3514 opera
2873 3459 3124 3498 manuum
3150 3451 3469 3496 nostrarum.
3509 3435 3652 3491 Deus

2073 3539 2163 3608 qui
2191 3537 2244 3592 in
2278 3547 2328 3592 te
2359 3547 2433 3592 est
2467 3537 2791 3592 miserebitur
2825 3535 3014 3606 pupilli
3041 3548 3059 3587 :
3089 3533 3290 3588 sanabo
3339 3526 3650 3584 habitacula

2073 3646 2253 3686 eorum
2277 3629 2344 3686 “.
2376 3627 2719 3700 Rursumque
2753 3629 2896 3684 dicet
2944 3628 3007 3681 de
3051 3626 3204 3681 nobis
3237 3641 3253 3679 :
3290 3621 3517 3691 Diligam
3556 3633 3647 3674 eos

2076 3718 2366 3788 manifeste,
2397 3729 2446 3772 et
2478 3728 2708 3774 avertam
2739 3719 2873 3772 iram
2908 3734 3074 3772 nteant
3121 3717 3186 3770 ab
3222 3715 3317 3770 eis.
3359 3711 3464 3766 Ero
3493 3726 3647 3781 quasi

2075 3822 2203 3862 ros:
2231 3807 2403 3874 Israel
2438 3810 2641 3878 ﬂorebit
2687 3818 2742 3862 ut
2781 3809 2971 3870 lilium,
2999 3818 3046 3862 et
3091 3809 3256 3861 mittet
3293 3805 3493 3858 radices
3521 3819 3646 3857 suas

2072 3901 2223 3972 quasi
2251 3899 2504 3954 Libanus.
2544 3900 2700 3955 Ibunt
2742 3903 2875 3954 rami
2913 3899 3063 3970 ejus,
3101 3909 3149 3954 et
3177 3898 3274 3952 erit
3315 3895 3467 3967 quasi
3508 3893 3646 3948 oliva

2071 3991 2369 4061 fructifera,
2388 4003 2433 4045 et
2459 3991 2589 4045 odor
2613 3993 2729 4062 ejus
2760 4002 2814 4045 ut
2842 3991 3029 4046 thuris.
3054 3987 3390 4044 Revertentur
3415 3995 3466 4041 et
3495 3985 3647 4040 sede-

2073 4082 2197 4136 bunt
2230 4083 2584 4154 unusquisque
2617 4083 2670 4136 in
2714 4079 3066 4136 tabernaculis
3102 4080 3234 4144 suis,
3281 4089 3329 4133 et
3367 4076 3554 4142 vivent,
3593 4085 3644 4128 et

2073 4171 2523 4240 conﬁrmabuntur
2549 4173 2811 4242 frumento
2833 4187 2852 4226 :
2877 4169 3084 4241 florebit
3111 4169 3246 4223 sicut
3277 4167 3423 4220 vinea
3449 4177 3646 4217 mento.

2071 4268 2152 4320 ria
2177 4283 2377 4330 eorum,
2408 4267 2543 4321 sicut
2569 4267 2700 4320 odor
2725 4266 2894 4319 thuris
2919 4262 3191 4330 Epitraim.
3217 4257 3358 4325 Quid
3373 4257 3420 4314 ei
3445 4265 3496 4312 et
3525 4255 3645 4308 ido-

2071 4358 2180 4416 lis?
2207 4357 2317 4431 Ego
2355 4359 2642 4414 humiliabo
2670 4373 2808 4425 eum,
2840 4367 2887 4413 et
2919 4355 3227 4426 confortabo
3264 4369 3404 4409 eum.
3437 4349 3552 4421 Ego
3584 4358 3642 4403 ut

395 4435 580 4492 spectu
607 4426 699 4481 Dei
724 4427 1032 4484 immundus
1059 4441 1164 4486 est.
1194 4431 1494 4490 Caveamus
1522 4451 1588 4490 ne
1611 4438 1818 4494 dicatur
1835 4449 1888 4495 et
1910 4443 1974 4497 de
2008 4460 2050 4516 ι)
2068 4426 2344 4521 junipei-us
2375 4452 2636 4506 condensa
2665 4465 2687 4506 :
2711 4466 2776 4505 ex
2801 4466 2881 4504 me
2910 4448 3115 4516 fructus
3140 4446 3252 4514 ejus
3271 4445 3512 4503 inventus
3540 4449 3641 4495 est.

393 4515 552 4571 "oms
579 4533 595 4570 ³
625 4514 751 4570 Fu“
779 4519 998 4574 αίίεηαίί
1027 4532 1149 4576 “Ml
1188 4525 1236 4578 εί
1268 4525 1314 4557 ⁸⁵
1337 4541 1353 4592 3
1380 4534 1434 4580 ει
1461 4527 1588 4585 mild
1615 4548 1629 4584 :
1656 4529 1812 4588 Filia
1842 4532 1972 4590 Sion
2008 4514 2034 4516 ί
2068 4514 2208 4608 buii
2238 4543 2465 4610 sapiens,
2498 4552 2545 4594 et
2575 4540 2820 4611 intelligit
2845 4514 2991 4603 lucc;
3018 4548 3110 4593 aut
3144 4536 3456 4606 intelligens,
3480 4545 3526 4590 et
3549 4550 3642 4588 co-

391 4605 605 4660 elevatce
633 4617 782 4687 sunt,
818 4619 864 4662 et
891 4611 1287 4667 ambulaverunt
1329 4616 1384 4670 in
1417 4620 1618 4674 excelso
1649 4621 1800 4687 collo,
1833 4634 1881 4676 et
1915 4625 1969 4680 iu

393 4700 638 4773 superbia
672 4686 942 4756 oculorum
963 4742 979 4768 ,
1009 4708 1268 4762 trahentes
1293 4711 1507 4777 pedibus
1541 4713 1768 4777 tunicas,
1808 4725 1855 4768 et
1878 4731 1970 4784 pe-

391 4788 546 4843 dibus
587 4791 749 4845 simul
793 4794 1032 4850 ludentes
1059 4797 1139 4863 “;
1182 4806 1237 4853 et
1293 4799 1345 4854 in
1395 4805 1733 4872 correptione
1780 4815 1963 4862 nostra

392 4895 608 4938 rursum
638 4885 966 4954 prophetalis
994 4901 1172 4944 sermo
1215 4894 1526 4957 concordet,
1556 4895 1740 4952 dicens
1774 4912 1789 4950 :
1823 4896 1966 4968 Quo-

389 4975 545 5028 modo
577 4975 721 5045 facta
747 4987 823 5032 est
845 4982 1092 5036 meretrix
1115 4985 1294 5039 civitas
1320 4985 1495 5056 fidelis
1522 4985 1672 5051 Sion,
1696 4988 1849 5054 plena
1866 4989 1965 5060 ju-

387 5065 548 5130 dicio,
595 5067 649 5120 in
695 5084 801 5140 qua
845 5072 1064 5141 justitia
1115 5077 1353 5131 dormit?
1397 5094 1534 5131 nunc
1575 5088 1751 5133 autem
1805 5081 1968 5138 latro-

386 5174 476 5212 nes
506 5157 587 5223 ";
622 5171 677 5215 et
709 5179 722 5215 :
759 5160 993 5231 Populus
1024 5166 1316 5237 intelligens
1344 5173 1775 5226 commiscebatur
1798 5190 1966 5230 mere-

382 5251 526 5303 trici.
562 5249 637 5305 Tu
674 5269 819 5323 ergo,
852 5253 1040 5323 Israel,
1069 5274 1131 5310 ne
1169 5259 1489 5328 ignoraberis
1524 5261 1588 5316 ⁸⁸.
1627 5263 1682 5318 Si
1721 5279 1848 5320 vero
1877 5267 1963 5322 di-v

457 5430 505 5461 τ’
535 5429 813 5506 Joan._xv,
847 5436 932 5493 18.
1009 5440 1056 5471 ⁷³
1083 5438 1194 5495 Jac.
1234 5457 1306 5506 tv,
1341 5443 1395 5498 6.

2073 4632 2274 4702 gnoscit
2310 4632 2412 4689 ista
2447 4631 2535 4685 ’7?
2559 4631 2734 4701 Atque
2769 4630 2973 4685 utinam
3000 4638 3055 4684 et
3083 4644 3188 4710 nos
3207 4643 3274 4683 ex
3310 4643 3374 4684 eo
3407 4627 3641 4682 fructum

2072 4722 2266 4778 atl'erre
2320 4721 2632 4789 valeamus,
2671 4723 2792 4780 sine
2816 4735 2924 4792 quo
2963 4719 3100 4776 nihil
3136 4720 3259 4776 boni
3300 4717 3484 4788 operis
3527 4717 3643 4772 ﬁeri

2071 4825 2270 4884 poti-st.

2147 4906 2331 4962 XLVI.
2380 4906 2736 4964 Revertantur
2784 4907 2851 4964 ad
2900 4907 3204 4972 Dominum,
3245 4915 3305 4960 ut
3357 4905 3425 4960 de
3486 4903 3641 4960 nobis

2072 5014 2290 5070 quoque
2343 5001 2513 5069 possit
2559 5000 2742 5056 dicere
2792 5018 2808 5055 :
2847 4999 3193 5057 Peccatorunt
3248 5007 3300 5054 et
3349 4997 3641 5066 iniquitatis

2071 5107 2249 5146 eorum
2278 5106 2475 5145 memor
2513 5092 2740 5162 amplius
2780 5108 2883 5146 non
2911 5107 2999 5146 ero
3023 5090 3091 5148 ".
3131 5089 3247 5145 Non
3275 5088 3639 5158 relinquamus

2071 5181 2240 5251 legem
2269 5181 2386 5251 Dei,
2409 5197 2570 5253 quam
2595 5182 2754 5238 Pater
2783 5192 2968 5239 noster
2995 5184 3064 5239 ab
3090 5197 3156 5238 eo
3187 5182 3456 5252 accipiens
3487 5179 3636 5235 nobis

2072 5275 2330 5340 tradidit;
2365 5290 2540 5352 neque
2568 5276 2721 5348 parvi
2759 5276 2878 5347 eius
2911 5275 3165 5331 mandata
3211 5273 3541 5344 pendamus,
3573 5283 3631 5325 ne

1499 5446 1546 5521 τι
1565 5447 1732 5521 Joan.
1778 5465 1886 5515 xw,
1915 5453 1975 5511 ‘53

2091 5454 2138 5486 ⁷⁸
2171 5451 2358 5509 Matth.
2392 5453 2505 5521 νβ,
2535 5453 2590 5517 6,
2621 5449 2706 5508 10-
2781 5453 2828 5486 ⁷⁸
2859 5453 2988 5509 Luc.
3019 5471 3094 5521 Vi,
3125 5453 3212 5518 ει,
3250 5453 3345 5513 25.
3415 5453 3461 5484 ’⁷
3492 5451 3613 5508 Psal

301 5489 306 5494 ’
383 5502 616 5593 ἔξιξῖρῗ
647 5504 739 5593 1,
773 5489 982 5593 tis-.1"
1015 5489 1429 5593 uigili,
1472 5517 1516 5549 ⁷⁹
1761 5489 1975 5593 {3:}.th

2172 5489 2358 5509 ..........
2400 5489 2505 5521 ην,
2536 5489 2590 5517 ν,
2625 5489 2706 5508 η...
2860 5489 2988 5509 ws.
3026 5489 3094 5521 vr,
3127 5489 3212 5518 ιη,
3252 5489 3345 5513 ευ,
3492 5489 3613 5508 ιδ...

2083 5568 2084 5573 η
2160 5525 2207 5555 ⁸⁸
2242 5525 2467 5593 Ιεειδιιν,
2511 5525 2566 5585 7,
2601 5525 2655 5580 8.
2733 5523 2778 5556 ⁸¹
2815 5526 2918 5581 Isa.
2961 5540 3091 5590 Lm,
3134 5525 3223 5579 15.
3295 5525 3342 5556 ⁸⁸
3389 5521 3501 5579 Jer.
3544 5539 3632 5591 ut,

382 5566 451 5659 ἒξ
798 5578 854 5659 1'
883 5579 1004 5659 ter:
1028 5595 1076 5639 ιι
1125 5581 1218 5636 26-
1251 5566 1713 5659 ’ξὶζρτονςιξίῑ
1765 5566 1975 5644 un

2083 5593 2159 5649 .al.
2189 5610 2320 5659 LVII,
2358 5581 2412 5648 4.

2486 5596 2533 5628 ⁸⁸
2565 5594 2669 5654 lsa.
2699 5613 2784 5660 tu,
2820 5594 2906 5648 16.
2980 5595 3024 5627 δ’
3067 5597 3144 5652 Isa
3199 5610 3236 5659 ι,
3266 5593 3358 5649 21.
3438 5594 3484 5626 ⁸³
3512 5594 3633 5651 Ose.

387 5651 460 5735 ἐξ
511 5641 596 5735 if:
797 5649 841 5735 ’ξ
881 5647 1024 5735 Psal.
1059 5667 1250 5735 currit,
1296 5653 1412 5709 162.
1490 5641 1868 5735 "ibid;
1911 5641 2514 5735 54.-‘;l'i’;al:,c,-3-6.
2565 5641 2962 5726 Vigil'xﬁn.
2995 5641 3384 5724 132"""t556.
3409 5641 3634 5735 χινῗξξξ

383 5704 474 5766 23.
550 5710 775 5770 "Joan.
819 5733 908 5780 xv,
951 5720 1034 5776 14.
1069 5704 1082 5705 ἡ
1110 5704 1486 5795 “Dieemstv,
1527 5704 1704 5786 ὅξωῖί
2084 5736 2128 5768 ⁸⁷
2318 5704 2594 5805 ’⁸
