3884 6268
187 293 300 352 1⁵89

183 513 364 557 ratum
397 516 474 560 est
521 523 712 562 aurum
751 519 799 564 et
845 511 1175 568 immutatum
1226 531 1496 586 argentum
1547 521 1759 584 bonum,

184 595 348 665 elusi
373 608 495 652 sunt
523 598 724 667 lapides
753 603 926 656 sancti
953 605 1006 658 in
1029 608 1171 660 omni
1197 609 1393 662 uiarum
1413 611 1669 677 principio
1689 613 1763 667 οη

187 701 292 739 nec
333 696 454 755 post
501 687 762 758 plurimos
804 692 1018 749 labores
1063 695 1237 752 Patris
1275 700 1446 754 nostri
1484 715 1619 770 quos
1665 717 1762 775 pro

187 777 369 832 salute
401 791 588 835 nostra
623 784 878 852 suscepit,
915 801 974 840 se
1003 787 1176 857 ipsum
1205 791 1510 861 exemplum
1544 793 1760 852 virtutis

187 869 459 937 tribuens,
495 881 548 926 et
595 874 832 937 glorians
875 876 944 933 de
987 878 1142 932 nobis
1171 889 1225 934 et
1256 883 1395 950 apud
1436 893 1652 941 sanctos
1681 886 1761 942 lo-

183 973 363 1028 quens
395 979 409 1016 :
439 960 532 1016 Isti
559 963 652 1018 lilii
680 966 782 1021 mei
807 977 952 1034 sunt,
984 979 1032 1022 et
1067 969 1294 1041 populus
1323 989 1474 1029 meus
1507 975 1598 1031 lllii
1631 977 1756 1046 mei,

185 1060 245 1108 et
285 1069 391 1108 non
429 1056 770 1126 denegabunt
805 1068 902 1114 :et
950 1070 1070 1130 post
1104 1061 1473 1132 hujuscemodi
1511 1069 1753 1124 testimo-

182 1148 334 1198 nium
385 1160 489 1201 non
530 1147 819 1216 perdamus
873 1151 1121 1206 liduciam
1184 1154 1336 1210 bona:
1385 1159 1754 1228 conscientiae,

180 1235 403 1305 spoliati
452 1236 692 1294 vestibus
740 1241 933 1309 quibus
973 1258 1071 1298 nos
1120 1243 1327 1311 induit,
1374 1255 1429 1302 et
1465 1247 1753 1306 introducti

181 1327 254 1382 ab
285 1342 352 1382 eo
385 1328 438 1381 in
467 1330 696 1384 stadium
731 1341 787 1385 ut
821 1331 1056 1403 legitime
1078 1345 1368 1404 certemus,
1399 1353 1502 1392 non
1533 1355 1755 1410 supere-

179 1429 308 1470 mnr
330 1416 398 1472 ab
431 1419 660 1474 inimicis
691 1423 910 1476 nostris.
945 1423 1009 1476 Et
1036 1434 1315 1493 postquam
1346 1428 1656 1485 venerimus
1684 1432 1751 1486 ad

180 1507 316 1563 illud
348 1518 556 1578 tempus
585 1525 692 1578 quo
719 1513 1058 1579 egrediantur
1083 1515 1149 1569 de
1175 1530 1422 1586 corpore,
1451 1533 1518 1574 ne
1547 1519 1750 1577 inimici

179 1597 482 1654 elﬁciamur
503 1599 684 1655 I’atris
713 1603 905 1669 nostri,
931 1605 1204 1660 thesauris
1224 1607 1542 1675 servientes,
1571 1618 1629 1664 ut
1658 1612 1750 1681 qui

173 1691 400 1761 jejuniis
446 1700 500 1746 et
529 1690 821 1749 amictione
853 1697 1096 1765 corporis
1138 1697 1421 1754 debuimus
1464 1702 1750 1771 acquirere

1003 301 1064 360 S.
1101 301 1401 364 ORSIESII
1440 305 1788 367 DOCTBINA
1829 309 1918 368 DE
1956 311 2302 375 INSTITUT.
2343 319 2650 382 MONACH.

185 420 238 467 et
274 427 438 484 super
462 428 564 473 nos
587 416 836 488 planctus
869 417 961 476 ille
989 421 1202 478 dicatur
1227 441 1240 479 :
1274 426 1548 492 Quomodo
1581 429 1766 484 obscu-
1795 435 1840 494 Α
1867 445 2064 504 quatur
2093 447 2282 495 contra
2339 455 2436 496 nos

3332 333 3439 393 890

2487 458 2502 497 :
2553 441 2800 500 Judicate
2846 444 2984 502 inter
3020 463 3102 504 me
3147 458 3198 506 et
3231 451 3434 508 vineam

1864 536 2050 583 meam.
2105 529 2412 599 Exspectavi
2446 543 2502 586 ut
2539 535 2736 600 faceret
2778 537 3044 605 fructum,
3082 550 3133 595 et
3169 541 3290 611 fecit
3334 545 3434 598 ini-

1861 617 2129 686 quitatem,
2155 628 2206 673 et
2233 637 2334 674 non
2365 621 2649 691 iustitiam,
2677 624 2766 679 sed
2793 625 3075 682 clamorem
3105 631 3146 695 ⁶;
3174 639 3227 686 et
3253 632 3432 686 veniat

1861 723 2023 779 super
2054 726 2152 766 nos
2186 712 2273 766 illa
2320 712 2646 778 maledictio,
2680 729 2843 784 quam
2885 718 3214 786 prophetalis
3247 734 3428 776 sermo

1861 802 1952 857 ille
1979 805 2342 874 prosequitur,
2379 813 2433 860 et
2465 819 2630 874 quam
2662 805 2808 860 omni
2836 808 3012 862 studio
3043 809 3227 880 fugere
3252 825 3316 867 ac
3350 813 3428 867 vi-

1861 903 1976 949 tare
2004 895 2290 962 debemus,
2318 908 2607 966 sequentes
2628 897 3093 953 conversationem
3117 915 3308 957 eorum
3335 905 3425 974 qui

1858 999 1958 1040 nos
2007 986 2060 1040 in
2113 986 2338 1042 Domino
2375 999 2796 1057 prmeesserunt,
2843 988 3063 1044 Patrum
3120 993 3324 1062 pariter
3362 1010 3426 1049 ac

1857 1073 2108 1139 fratrum,
2159 1075 2254 1146 qui
2301 1078 2676 1133 renuntiantes
2718 1078 2917 1134 saeculo
2964 1089 3018 1135 et
3052 1080 3313 1137 inoffenso
3354 1084 3421 1139 ad

1855 1161 2142 1218 Dominum
2187 1177 2477 1238 pergentes
2511 1167 2702 1239 gradu,
2751 1184 2894 1225 nunc
2942 1169 3060 1239 ejus
3108 1171 3422 1229 haereditate

1853 1255 2168 1323 potiuntur:
2197 1271 2355 1327 quam
2383 1273 2572 1314 vereor
2595 1275 2659 1316 ne
2677 1261 2961 1331 perdamus
2987 1273 3167 1317 nosua
3194 1264 3418 1331 desidia,

1852 1357 1907 1401 et
1960 1347 2088 1403 illud
2134 1349 2288 1404 nobis
2330 1351 2700 1420 prepbeticum
2741 1361 2988 1422 aptetur,
3032 1354 3171 1423 quod
3217 1354 3418 1410 dictant

1851 1449 1934 1495 est
1968 1439 2025 1495 in
2072 1440 2327 1512 Epliraim
2370 1462 2383 1498 :
2430 1441 2615 1498 Oleum
2665 1445 2717 1498 in
2762 1445 3050 1514 [Egyptum
3090 1447 3417 1502 mercatur’.

1852 1529 2002 1585 Misti
2029 1541 2150 1586 sunt
2177 1534 2230 1587 in
2257 1534 2518 1603 gentibus,
2554 1545 2602 1589 et
2639 1535 2933 1589 didicerunt
2975 1553 3132 1604 opera
3164 1553 3342 1592 eorum
3371 1537 3417 1594 ⁸.
3445 1546 3448 1549 ’

1851 1619 1929 1676 Ne
1979 1631 2264 1691 postquam
2313 1622 2488 1676 vocati
2551 1637 2738 1677 sumus
2797 1622 2849 1676 in
2897 1622 3222 1689 libertatem,
3278 1623 3419 1678 sicut

1849 1712 2108 1782 scriptum
2139 1721 2223 1767 est
2257 1729 2272 1766 :
2313 1710 2515 1766 Tollam
2547 1729 2634 1766 vos
2666 1728 2826 1766 unum
2863 1712 2926 1766 de
2955 1712 3168 1782 populo,
3207 1723 3253 1767 et
3285 1713 3417 1768 duos

178 1782 373 1836 animae
399 1781 726 1851 libertatem,
753 1785 902 1839 carni
933 1793 986 1840 et
1007 1786 1234 1852 deliciis,
1265 1796 1319 1842 et
1350 1788 1747 1858 pulchrioribus
1775 1776 1822 1836 Β
1846 1805 1911 1859 ιιι
1951 1776 2177 1874 familia,
2211 1814 2260 1858 ει
2307 1804 2553 1858 inducam
2590 1821 2679 1858 vos
2724 1806 2778 1857 in
2818 1776 2969 1869 Sion,
2998 1776 3045 1857 et
3094 1776 3228 1858 dabo
3273 1807 3416 1860 vobis

176 1872 515 1928 vestimentis
556 1873 848 1942 stratisque
888 1874 1222 1931 mollioribus
1260 1892 1359 1932 nos
1399 1877 1738 1946 dedicemus,

175 1977 283 2016 non
311 1960 484 2014 solum
521 1959 618 2030 ipsi
653 1970 961 2029 pereuntes,
987 1961 1081 2017 sed
1109 1971 1164 2017 et
1199 1964 1334 2020 alios
1365 1966 1454 2035 qui
1482 1967 1744 2036 prolicere

175 2060 492 2123 potuerunt,
525 2051 770 2120 exemplo
799 2060 984 2108 nostro
1009 2053 1268 2110 ducentes
1305 2055 1370 2110 ad
1408 2056 1639 2124 ruinam,
1675 2059 1742 2114 de

170 2143 369 2212 quibus
403 2142 664 2210 scriptum
696 2151 779 2196 est
813 2155 830 2196 :
877 2141 998 2195 Non
1035 2146 1308 2212 accepistis
1351 2146 1592 2215 spiritum
1631 2165 1742 2203 ser-

170 2232 353 2286 eitutis
384 2232 437 2285 in
466 2232 703 2285 timorem
729 2233 769 2295 ί,
803 2231 897 2286 sed
945 2230 1301 2300 fortitudinis,
1335 2245 1388 2290 et
1419 2237 1738 2304 cltaritatis,

169 2333 226 2379 et
257 2323 560 2393 pudicitiae;
607 2333 661 2378 et
699 2340 714 2376 :
759 2321 921 2378 Cibus
961 2339 1054 2378 nos
1093 2340 1196 2378 non
1237 2329 1562 2382 commendat
1609 2329 1738 2384 Deo.

173 2413 355 2485 Neque
392 2415 528 2468 enim
573 2415 619 2469 si
661 2415 1057 2484 comederimus,
1104 2419 1518 2486 abundabimus,
1552 2437 1644 2476 nec
1691 2423 1738 2476 si

172 2521 275 2558 non
309 2505 688 2558 comederimus
735 2503 1085 2574 indigebimus
1123 2507 1166 2563 ³.
1208 2507 1334 2562 Νοη
1367 2520 1442 2564 est
1472 2511 1608 2566 enim
1656 2529 1740 2567 re-

167 2610 327 2664 gnum
363 2593 456 2648 Dei
496 2593 642 2648 cibus
678 2604 726 2649 et
769 2604 950 2661 potus;
995 2597 1085 2650 sed
1117 2597 1364 2667 justitia,
1393 2602 1650 2670 'gaudium
1689 2615 1737 2659 et

167 2701 274 2754 pas;
305 2687 359 2739 in
387 2682 586 2754 Spiritu
620 2695 804 2740 sancto
827 2687 868 2739 ⁸.
918 2687 1018 2754 Qui
1064 2688 1117 2742 in
1159 2689 1263 2745 hoc
1293 2692 1464 2747 servit
1499 2693 1736 2763 Christo,

167 2772 343 2844 placet
371 2773 498 2841 Deo,
521 2776 781 2845 probatus
809 2785 894 2832 est
915 2779 1190 2836 omnibus.
1221 2781 1390 2838 Isaias
1419 2799 1631 2856 quoque
1656 2788 1738 2842 di-

167 2864 282 2922 cit:
320 2863 424 2928 Qui
463 2876 756 2935 exspectant
789 2866 1095 2934 Dominum,
1183 2873 1533 2930 immutabunt
1577 2880 1740 2934 virtu-

163 2941 288 3022 tem,
319 2967 586 3010 assument
613 2973 811 3026 pennas
843 2969 897 3014 ut
931 2962 1122 3031 aquila:
1143 2981 1163 3029 ;
1188 2975 1423 3034 current,
1449 2976 1500 3022 et
1529 2985 1632 3025 non
1657 2971 1737 3026 la-

166 3045 455 3104 borabunt:
492 3049 817 3116 gradientur,
854 3061 903 3105 et
929 3067 1034 3106 non
1055 3057 1286 3109 esurient
1311 3056 1352 3110 ⁸.
1382 3056 1591 3114 Idcirco
1628 3059 1735 3114 ele-

165 3137 303 3192 rabit
347 3137 554 3206 signum
614 3139 668 3192 in
734 3151 928 3210 gentes,
995 3151 1046 3196 et
1102 3147 1431 3215 congregabit
1489 3152 1738 3220 profugos

162 3225 355 3281 Israel.
407 3227 525 3280 Cito
559 3228 801 3282 velociter
839 3230 1038 3283 uenient
1078 3246 1098 3285 :
1136 3246 1240 3284 non
1274 3234 1507 3287 esuriant
1529 3275 1544 3300 ,
1577 3250 1738 3304 neque

161 3317 544 3372 dormitabunt.
593 3315 717 3373 Non
769 3318 1062 3389 dormient,
1097 3337 1190 3376 nec
1225 3322 1422 3378 solvent
1475 3340 1636 3380 zonas
1673 3331 1739 3382 de

161 3408 352 3462 lumbis
379 3409 514 3472 suis,
545 3424 708 3479 neque
739 3421 1044 3478 rumpentur
1065 3412 1120 3466 in
1165 3417 1529 3471 calceamentis
1556 3432 1736 3474 eorum

159 3500 420 3569 corrigiaz.
471 3497 704 3565 Quorum
739 3499 924 3569 jacula
973 3511 1133 3557 acuta
1173 3515 1293 3558 sunt
1327 3515 1374 3560 et
1412 3506 1602 3562 intenti
1645 3525 1735 3562 ar-

159 3607 251 3645 cus
274 3605 294 3642 :
313 3591 465 3659 pedes
494 3607 788 3660 equorum,
811 3601 867 3646 ut
893 3601 1042 3660 petra
1069 3594 1361 3663 fortissima
1392 3612 1411 3651 :
1443 3607 1571 3654 rota:
1613 3615 1734 3654 cur-

159 3698 313 3736 ruum
342 3687 489 3753 quasi
515 3692 793 3752 tempestas
828 3699 848 3738 :
889 3685 1134 3762 impetum
1167 3687 1362 3756 facient
1386 3700 1442 3744 ut
1464 3691 1658 3760 leones,
1683 3703 1731 3746 et

160 3776 378 3831 aderunt
411 3785 464 3826 ut
494 3774 657 3828 catuli
687 3776 890 3830 leonum
916 3778 960 3831 ³.

227 3864 431 3921 XLVII.
468 3866 530 3919 Et
555 3882 654 3920 nos
676 3866 842 3935 igitur
866 3877 1178 3924 sanctorum
1208 3871 1509 3930 imitatores
1540 3873 1729 3942 simus,

160 3971 256 4011 nec
283 3957 662 4014 obliviscamur
696 3958 1056 4015 institutionis
1089 3977 1193 4032 qua
1229 3977 1327 4018 nos
1357 3965 1592 4020 erudivit
1622 3964 1727 4020 Pa-

158 4059 239 4104 tcr
266 4059 468 4115 noster,
515 4051 640 4106 dum
675 4051 849 4108 adhuc
881 4063 1025 4110 esset
1053 4054 1104 4108 in
1130 4069 1375 4124 corpore.
1414 4055 1494 4112 Ne
1525 4057 1729 4112 exstin-

156 4157 381 4211 gnamns
416 4141 691 4198 lucernam
724 4145 1008 4200 ardentem
1049 4162 1208 4215 quam
1239 4149 1419 4216 posuit
1451 4163 1613 4218 super
1637 4164 1729 4216 ca-

155 4235 268 4302 pita
296 4243 504 4290 nostra.
524 4235 604 4290 Ad
637 4237 791 4307 cujus
820 4236 997 4293 lumen
1031 4238 1082 4291 in
1109 4239 1210 4293 hoc
1236 4239 1433 4293 saeculo
1474 4240 1726 4297 inceden-

1844 1906 2082 1967 pastores
2115 1896 2402 1951 secundum
2445 1912 2536 1950 cor
2574 1913 2766 1963 meum,
2801 1897 2890 1966 qui
2939 1907 3154 1965 pascant
3181 1913 3267 1950 vos
3297 1913 3414 1950 cunt

1842 1988 2122 2057 disciplina
2146 1988 2200 2055 ’;
2225 1987 2569 2043 resolvantur
2609 1986 2822 2040 vincula
2853 1986 3160 2050 cliaritatis,
3186 1996 3242 2041 et
3270 1987 3416 2040 dica-

1843 2089 1931 2135 tur
1957 2081 2024 2134 de
2057 2080 2211 2134 nobis
2239 2096 2252 2133 :
2295 2077 2469 2133 Filius
2496 2078 2754 2149 glori/ient
2785 2087 3005 2146 patrem,
3038 2086 3085 2130 et
3113 2093 3288 2130 servus
3317 2077 3414 2130 do-

1839 2172 2038 2224 minum
2060 2185 2232 2224 suum.
2265 2168 2325 2224 Si
2352 2169 2517 2223 Pater
2534 2184 2625 2238 ego
2660 2184 2797 2232 sum,
2839 2167 2924 2220 ubi
2950 2176 3023 2222 est
3051 2167 3220 2236 gloria
3262 2169 3415 2222 mea?

1840 2259 1900 2317 Si
1929 2261 2204 2327 Dominus,
2234 2259 2322 2314 ubi
2348 2270 2420 2315 est
2450 2261 2607 2315 timor
2631 2275 2777 2313 meus
2805 2257 2889 2312 “I

1908 2351 2140 2408 XLVIII.
2182 2351 2387 2406 Idcirco
2420 2349 2789 2420 unusquisque
2829 2357 3073 2404 nostrum
3114 2349 3312 2406 clamet
3345 2352 3412 2405 ad

1841 2441 2126 2498 Dominum
2163 2462 2176 2498 :
2203 2443 2346 2497 Muri
2369 2441 2501 2497 Sion
2522 2442 2783 2496 deducant
2802 2441 2934 2494 sicut
2955 2449 3205 2494 torrentes
3235 2440 3411 2511 lacry-

1837 2551 1951 2590 mas
1986 2536 2071 2590 die
2098 2550 2161 2588 ac
2189 2544 2359 2589 nocte.
2392 2531 2475 2588 Ne
2515 2533 2604 2587 des
2634 2534 2858 2603 requiem
2893 2533 2986 2586 tibi
3006 2573 3021 2598 ,
3049 2548 3211 2603 neque
3243 2540 3412 2586 taeeat

1837 2625 2038 2694 pupilla
2061 2624 2198 2678 oculi
2229 2625 2326 2678 tui.
2349 2621 2540 2695 Surge,
2564 2631 2613 2677 et
2644 2623 2803 2676 lauda
2825 2623 2878 2676 in
2900 2631 3064 2687 nocte,
3086 2623 3142 2675 in
3158 2621 3412 2689 principio

1839 2717 2138 2788 uigiliarum
2182 2726 2437 2781 tuarum;
2485 2714 2694 2784 effunde
2734 2715 2871 2769 sicut
2911 2729 3100 2783 aquam
3141 2729 3233 2766 cor
3265 2724 3412 2766 tuum

1838 2809 1894 2862 in
1923 2818 2198 2877 conspectu
2245 2806 2476 2862 Domini.
2508 2807 2641 2861 Lena
2677 2808 2746 2860 ad
2775 2807 2922 2860 illum
2954 2821 3138 2860 manus
3165 2814 3282 2858 tuas
3313 2818 3412 2871 pro

1837 2899 2117 2954 animabus
2167 2900 2500 2967 paruulorum
2565 2908 2809 2963 tuorum,
2868 2898 2957 2968 qui
3008 2897 3306 2965 defecerunt
3355 2893 3412 2947 in

1837 2989 2008 3056 capite
2060 2989 2418 3043 universorum
2477 3003 2747 3058 grcssuum
2794 2986 2857 3038 “.
2906 2984 2984 3040 Ne
3041 2983 3169 3039 illud
3222 2988 3410 3038 contra

1764 3113 1807 3172 ε
1840 3096 1938 3136 nos
1963 3081 2176 3136 dicatur
2205 3097 2220 3134 :
2252 3079 2435 3146 Luxit,
2469 3088 2518 3134 et
2551 3088 2828 3148 corruptus
2851 3087 2925 3132 esl
2955 3077 3114 3132 orbis.
3140 3074 3411 3130 Lauerunt

1839 3163 2028 3230 excelsi
2063 3183 2246 3236 terra,
2278 3182 2326 3226 et
2355 3182 2495 3227 terra
2528 3171 2683 3238 impie
2713 3172 2815 3240 egit
2850 3177 3058 3238 propter
3092 3166 3412 3220 habitatores

1838 3279 1999 3327 suos;
2039 3263 2425 3332 dereliquerunt
2476 3261 2613 3316 enim
2663 3260 2822 3331 legem
2850 3299 2866 3324 ,
2919 3271 2965 3313 et
3007 3259 3410 3311 immutaverunt

1837 3364 2097 3426 pracepta
2131 3371 2267 3420 mea,
2301 3361 2666 3410 testamentum
2700 3363 2974 3406 azternum.
3003 3347 3214 3402 Idcirco
3247 3346 3412 3401 male-

1837 3449 1998 3504 dictio
2032 3447 2294 3501 decorabit
2326 3457 2544 3510 terram,
2575 3444 2701 3514 quia
2731 3449 3067 3512 peccaverunt
3093 3439 3411 3500 habitatores

1836 3539 1949 3608 ejus
1975 3549 2022 3593 et
2043 3538 2428 3609 dereliquerunt
2455 3537 2687 3591 homines
2710 3535 2865 3597 pauci
2890 3535 2960 3590 “.
2983 3531 3059 3587 Ne
3083 3540 3138 3587 et
3167 3538 3409 3585 nostrum

1836 3633 2019 3687 vinum
2049 3631 2229 3702 lugeat
2248 3640 2302 3687 et
2332 3630 2509 3696 vinea,
2535 3639 2591 3685 et
2617 3629 2969 3700 ingemiscant
2993 3625 3083 3696 qui
3114 3623 3265 3694 prius
3292 3629 3408 3677 toto

1834 3722 2016 3777 animo
2047 3721 2392 3786 Imtabantur,
2429 3723 2744 3791 dicaturque
2783 3719 2850 3774 de
2891 3718 3046 3772 nobis
3086 3733 3100 3771 :
3141 3714 3207 3770 In
3251 3714 3408 3768 domo

1832 3811 2100 3865 insaniam
2149 3811 2535 3880 conﬁnxerunt,
2571 3809 2806 3879 corrupti
2835 3817 2956 3862 sunt
2986 3807 3120 3861 sicut
3150 3805 3260 3859 dies
3301 3804 3408 3858 col-

1831 3903 1897 3956 lis
1923 3902 2006 3968 “;
2039 3909 2133 3956 aut
2169 3901 2297 3956 illud
2343 3919 2360 3956 :
2393 3900 2585 3971 Captio
2614 3915 2679 3954 ex
2721 3899 2859 3954 vobis
2905 3906 3020 3964 est;
3063 3906 3154 3952 et:
3193 3894 3410 3948 Dixistis
3503 3942 3510 3946 .

1828 3991 2219 4059 enim,Fecistis
2247 4000 2608 4048 testamentum
2630 4007 2746 4045 cum
2769 3989 2997 4060 inferno,
3023 3997 3073 4042 et
3097 4001 3214 4040 cum
3246 3997 3411 4039 morte

1827 4084 2261 4155 pactum“.,Qu:e
2288 4086 2448 4141 verba
2471 4086 2722 4148 vitantes,
2747 4081 3017 4138 credimus
3047 4079 3217 4148 magis
3264 4075 3407 4146 quod

1829 4177 1880 4230 in
1915 4187 2155 4248 tempore
2209 4192 2308 4232 suo
2340 4176 2554 4232 Orietur
2572 4175 2720 4230 stella
2753 4189 2818 4228 ex
2838 4170 3039 4232 Iacob,
3081 4181 3128 4222 et
3163 4175 3406 4234 exsurch

1825 4268 1980 4322 homo
2001 4271 2066 4322 tle
2092 4267 2283 4332 Israel,
2303 4267 2392 4338 qui
2417 4268 2666 4336 percutiet
2690 4264 2950 4334 principes
3009 4259 3165 4313 Moab
3196 4270 3241 4310 et
3267 4256 3407 4323 ﬁlios

153 4336 256 4395 '33:
290 4329 701 4386 meminerimus
725 4331 869 4400 qm"l
899 4345 998 4400 Per
1023 4331 1260 4386 διυάίυηδ
1285 4331 1433 4386 imus
1462 4332 1604 4388 Deus
1626 4349 1724 4390 "05
1824 4356 1944 4412 Setlt
1973 4360 2036 4414 ³⁸.
2069 4357 2137 4412 Ut
2172 4329 2278 4414 non
2315 4329 2382 4412 sit
2414 4329 2468 4411 in
2505 4359 2657 4411 domo
2690 4329 2867 4410 Israel
2895 4349 3140 4406 stimulus
3176 4347 3395 4416 furoris,

151 4423 206 4476 in
255 4424 527 4493 propriam
562 4424 823 4481 familiam
865 4427 1150 4494 receperit,
1195 4428 1496 4497 peregrinis
1545 4429 1724 4501 hospi-

1842 4458 1875 4503 ξι
1911 4450 2064 4517 spina
2097 4447 2294 4502 doloris
2323 4449 2384 4503 ⁸⁸.
2416 4447 2553 4512 Quia
2580 4447 2723 4516 facta
2754 4453 2830 4499 est
2862 4440 3090 4496 Domino
3125 4453 3246 4506 pars
3286 4435 3406 4504 ejus

150 4513 286 4570 tium
328 4515 592 4583 tribuens,
634 4517 689 4572 in
721 4518 888 4574 maris
918 4518 1228 4574 turbinibus
1258 4521 1570 4578 constitutis
1596 4537 1723 4592 por-

149 4614 262 4660 tum
291 4608 614 4674 ostendens,
645 4623 838 4679 panem
886 4609 939 4664 in
989 4607 1150 4673 fame,
1193 4611 1443 4666 umbram
1475 4613 1528 4688 in
1561 4622 1720 4680 aestu,

146 4698 534 4754 vestimentnm
564 4700 619 4754 in
655 4701 933 4766 nuditate;
974 4701 1252 4770 imperitos
1287 4703 1573 4774 praeceptis
1606 4707 1720 4776 spi-

146 4790 398 4846 ritalibus
427 4792 678 4858 erudivit,
707 4793 854 4849 vitiis
887 4795 1188 4849 servientes
1217 4796 1464 4852 castitate
1489 4799 1721 4855 circum-

143 4881 314 4946 dedit,
345 4883 534 4954 procul
565 4884 770 4951 positas
799 4885 902 4940 sibi
929 4884 1130 4954 iunxit.
1165 4885 1242 4942 Ne
1267 4897 1388 4956 post
1418 4888 1564 4945 illius
1593 4890 1720 4945 dor-

144 4974 423 5029 mitionem
474 4973 861 5030 obliviscamur
906 4985 1070 5031 tanta:
1120 4977 1379 5034 bonitatis
1418 4988 1474 5036 et
1516 4981 1720 5037 beneli-

141 5066 352 5121 ciorum
393 5065 798 5133 immortalium,
823 5074 1099 5124 vertentes
1129 5067 1366 5125 furorem
1398 5071 1474 5142 (1)
1502 5071 1554 5127 in
1572 5072 1722 5143 judi-

137 5155 308 5223 cium,
345 5165 402 5213 et
430 5154 669 5214 fructum
698 5157 923 5229 justitiaa
973 5161 1029 5216 in
1068 5161 1508 5229 amaritudinem,
1542 5173 1598 5218 et
1636 5163 1720 5220 lo-

209 5343 258 5376 ”
303 5339 512 5408 Thren.
543 5357 619 5407 tv,
660 5343 682 5398 1

136 5414 158 5445 ⁸
189 5413 323 5469 ibid.
353 5413 406 5478 5,
441 5412 495 5466 4.
547 5414 568 5444 ⁷
594 5413 719 5470 Ose.
753 5430 852 5481 sn,
885 5415 936 5469 1.
1013 5414 1035 5446 ⁸
1065 5416 1208 5472 Ρλειι.
1233 5431 1321 5480 ev,

789 5346 805 5377 ¹
845 5347 1182 5422 It_om._\_'m,_
1208 5345 1294 5400 15.
1356 5343 1437 5422 _'__I
1467 5346 1591 5422 (lor2
1624 5363 1737 5414 vm.

1902 5355 1923 5388 ³
1948 5355 2102 5413 Rom.
2131 5374 2243 5421 xlv.
2277 5359 2363 5413 17.
2436 5358 2460 5388 ⁸
2484 5357 2585 5413 Isa.
2610 5373 2698 5422 ιι..
2723 5356 2815 5411 31.

1518 5417 1796 5492 'Jeratn,
1843 5426 2046 5489 14,15.
2125 5430 2168 5461 ¹⁰
2215 5417 2508 5492 Malaclm,
2566 5429 2656 5483 6.-

1827 4539 1994 4594 Jacob
2014 4581 2030 4607 ,
2071 4539 2338 4608 funiculus
2376 4538 2701 4594 lucreditatis
2734 4535 2848 4608 ejus
2879 4530 3050 4588 Israel
3078 4531 3142 4582 ".
3179 4528 3244 4582 Et
3275 4527 3404 4581 alibi

1827 4629 2066 4700 loquitur
2115 4629 2379 4686 Jeremias
2425 4647 2440 4685 :
2485 4629 2541 4684 Si
2573 4629 2851 4684 cessaverit
2888 4627 2943 4679 in
2974 4630 3250 4690 conspectu
3290 4633 3404 4672 meo

1827 4719 1912 4775 lex
1940 4723 2066 4787 ista,
2095 4737 2218 4792 gens
2242 4722 2400 4776 etiam
2435 4719 2610 4776 Israel
2635 4733 2837 4773 cessare
2871 4714 3054 4786 poterit
3090 4711 3169 4777 ³⁸;
3200 4717 3256 4766 et
3286 4723 3397 4762 rurr

1825 4826 1942 4867 sum
1973 4831 1988 4868 :
2038 4813 2186 4868 Dabo
2221 4813 2448 4867 laborem
2479 4828 2658 4866 eorum
2690 4809 2856 4879 justis
2879 4847 2894 4874 ,
2940 4815 2989 4861 et
3036 4809 3403 4858 testamentum

1826 4917 2076 4961 wternum
2108 4924 2298 4976 ponant
2333 4923 2449 4961 cum
2477 4908 2633 4977 ipsis,
2669 4915 2718 4961 et
2754 4904 2945 4977 scietur
2976 4901 3030 4954 in
3053 4897 3290 4969 gentibus
3318 4909 3404 4949 se~

1826 5013 1941 5052 men
1983 5015 2186 5065 eorum,
2227 5016 2291 5054 ac
2341 5011 2564 5071 nepotes.
2609 4998 2793 5054 Omnis
2831 4997 2922 5066 qui
2954 4991 3136 5048 viderit
3168 5005 3273 5052 eos,
3311 5002 3398 5040 co-

1824 5099 2033 5158 gnoscet
2072 5092 2200 5161 quia
2243 5093 2334 5146 isti
2363 5101 2482 5146 sunt
2513 5107 2685 5146 semen
2721 5107 2753 5144 a
2796 5087 3022 5144 Domino
3057 5082 3405 5144 benedictum,

1825 5187 1874 5232 et
1907 5181 2104 5250 gaudio
2129 5182 2472 5250 perfruentur
2492 5181 2710 5237 Domini
2739 5180 2808 5236 ¹⁹.

2960 5354 2982 5386 ⁸
3009 5351 3112 5406 Isa.
3141 5360 3195 5413 v,
3220 5343 3402 5400 26-29.

2697 5429 2735 5460 “
2794 5424 2998 5479 Thren.
3054 5435 3114 5484 ιι,
3173 5418 3262 5479 18,
3318 5421 3401 5470 tu.

136 5483 181 5516 "
205 5483 307 5536 Isa.
336 5483 638 5567 {XIV,H4'.6.
700 5484 744 5516 “
771 5484 895 5540 Ose.
929 5500 1008 5567 is“,
1039 5485 1171 5567 8,3.
1195 5554 1212 5567 .
1251 5487 1292 5517 “
1319 5487 1424 5540 Isa.
1452 5502 1644 5567 x§vnt_,
1691 5491 1737 5545 Η

1859 5483 2092 5552 uNum.
2129 5513 2276 5567 xstv,
2312 5483 2413 5554 17.
2479 5483 2522 5530 ⁸⁷⁸
2545 5497 2744 5554 Ezecb.
2771 5510 2968 5558 xxvnt,
2995 5483 3107 5549 24.
3165 5489 3205 5521 ⁸⁷
3241 5489 3399 5541 Delum

135 5567 312 5616 uxn,
345 5553 400 5609 9.
481 5553 524 5585 ⁸⁸
571 5551 686 5614 Ier.
742 5569 896 5622 xm,
929 5555 1022 5612 56.
1103 5557 1145 5588 "
1191 5554 1296 5613 Isa.
1335 5571 1448 5620 ut,
1491 5555 1545 5623 8,
1600 5557 1654 5615 9.

213 5667 292 5752 (l)
326 5667 606 5728 Furorem.
634 5671 944 5752 pergendum
965 5675 1177 5735 videtur
1204 5676 1460 5752 favorem,
1491 5675 1573 5735 vel
1605 5676 1878 5749 fert-orem.
1926 5679 2033 5737 Sed
2069 5693 2136 5737 ex
2203 5679 2271 5736 iis
2333 5694 2452 5751 qua:
2514 5677 2697 5734 statim
2770 5677 3089 5747 sequuntur,
3164 5673 3397 5746 priorem

125 5735 425 5798 lectionem
461 5735 796 5816 praetulerim
