3890 6274
419 379 516 437 891

1528 367 1801 424 PATRES
1845 364 2147 422 tEGYP'Hl
2193 363 2461 420 S/ECL'LI
2507 363 2593 419 iV.

3588 364 3698 414 8'13

489 491 680 550 XLIX.
726 490 794 546 Et
836 505 934 544 nos
983 503 1114 558 ergo
1161 496 1471 542 scrutemur
1513 488 1626 541 vias
1658 497 1894 550 nostras,
1944 498 1996 540 ct
2027 492 2073 544 Α
2100 482 2267 536 hende
2301 497 2458 544 eum;
2509 477 2717 532 ambula
2767 477 2821 530 in
2868 475 3141 544 splendore
3193 475 3408 532 luminis
3453 477 3608 545 ejus,
3642 492 3699 532 et

416 583 1038 658 gressus‘dijudicetnus,
1068 589 1123 634 et
1153 596 1446 649 sequamur
1466 581 1689 634 odorem
1719 578 1996 642 scientiw;

417 676 816 731 abscondentes
847 687 1061 742 semper
1084 673 1246 726 verba
1272 670 1388 739 ejus
1411 671 1462 724 in
1493 670 1747 725 cordibus
1779 669 2000 733 nostris,

418 774 474 817 ut
494 765 666 818 simus
693 761 1023 817 immaculati
1051 761 1103 814 in
1133 760 1242 823 via,
1269 767 1322 813 et
1350 761 1401 814 in
1431 759 1549 830 lege
1573 758 1782 814 Domini
1811 761 2002 812 ambu-

420 855 591 907 l.-mus
614 855 681 907 '°.
708 849 823 907 Non
856 866 953 906 nos
977 863 1175 906 terreat
1204 851 1466 920 fragilitas
1485 851 1749 920 corporis,
1779 863 1831 905 et
1860 851 1998 920 loagi

423 945 680 1011 tempori.
713 944 879 996 labor.
917 941 1108 996 Patres
1133 943 1292 996 vestri
1332 942 1419 995 ubi
1450 953 1593 1008 sunt,
1625 951 1675 995 et
1702 941 2004 1009 prophetia?

424 1043 480 1083 ut
518 1031 775 1104 scriptum
809 1041 914 1095 cst,
951 1031 1187 1100 nunquid
1219 1032 1274 1084 in
1306 1041 1558 1085 veternum
1593 1031 1798 1085 vivent?
1836 1028 2001 1084 Verba

424 1125 731 1178 auteni'mea
762 1133 807 1176 et
838 1123 1068 1192 legitima
1096 1139 1210 1176 utea
1239 1123 1514 1191 suscipite,
1549 1138 1666 1192 qua:
1691 1138 1783 1191 ego
1813 1122 2002 1188 prwci-

425 1218 514 1284 pio
546 1217 598 1268 in
633 1215 835 1278 Spiritu
865 1231 974 1267 meo
999 1216 1161 1267 servis
1187 1217 1313 1267 meis
1338 1215 1600 1283 prophetis
1622 1253 1637 1276 ,
1668 1216 1756 1283 qui
1789 1215 2001 1281 {uerunt

425 1323 540 1360 cum
576 1307 812 1373 patribus
844 1306 1026 1358 vestris
1053 1306 1119 1359 “.
1170 1303 1480 1360 Sentiamus
1523 1303 1848 1359 inell'abilcm
1893 1305 2004 1360 cle-

425 1399 682 1450 mentiam
715 1398 806 1450 Dei
843 1398 1037 1461 nostri,
1080 1398 1170 1466 qui
1207 1411 1380 1465 usque
1417 1397 1576 1450 hodie
1619 1397 1686 1449 ad
1731 1396 2004 1465 paeniten-

424 1489 553 1539 tiam
594 1504 689 1540 nos
723 1488 990 1551 hortatur,
1022 1489 1207 1542 dicens
1248 1505 1261 1541 :
1303 1485 1558 1557 Nunquid
1584 1488 1673 1557 qui
1713 1489 1857 1541 cadet
1900 1505 2002 1542 non

424 1579 698 1644 resurget?
740 1590 827 1630 aut
868 1581 957 1648 qui
990 1589 1262 1632 aversatur
1306 1595 1406 1632 non
1453 1583 1772 1635 revertetur?
1824 1581 2004 1646 Quare

424 1683 698 1722 aversatus
741 1682 816 1722 est
857 1671 1080 1735 populus
1118 1687 1260 1723 meus
1307 1671 1575 1723 aversione
1604 1669 1917 1737 impudenti,
1953 1680 2000 1723 et

428 1761 762 1812 obtinuerunt
800 1761 850 1812 in
899 1759 1251 1828 voluptatibus
1300 1760 1442 1824 suis,
1494 1771 1541 1813 et
1587 1761 1866 1813 noluerunt
1918 1776 2000 1813 re-

2110 591 2212 627 non
2239 574 2327 626 des
2361 574 2516 625 alteri
2544 571 2766 642 gloriam
2807 583 2988 633 tuam,
3033 579 3082 624 et
3134 586 3193 623 ea
3235 586 3354 638 quin
3389 572 3700 623 conducunt

2109 664 2225 728 tibi,
2251 664 2391 732 genti
2435 663 2640 716 alienw.
2675 662 2823 716 Beati
2854 679 3055 726 sumus,
3094 661 3294 726 Israel,
3328 663 3453 733 quia
3492 663 3701 732 placita

2109 754 2219 809 Deo
2267 763 2447 808 nostro
2493 765 2618 808 nota
2646 765 2764 808 sunt
2810 755 2976 808 nobis.
3013 752 3256 822 Con/ide,
3289 754 3476 821 popule
3520 771 3704 818 meus,

2108 847 2432 899 memorialis
2485 845 2651 899 Israel
2679 845 2745 898 “.
2798 844 2865 899 Et
2918 847 3111 898 iterum
3181 843 3350 898 Isaias
3401 845 3642 914 loquitur
3683 863 3702 898 :

2109 935 2337 1002 Ltvtare,
2369 936 2558 999 Israel,
2593 948 2638 990 et
2669 936 2859 1005 festum
2893 937 3032 1005 agite
3071 938 3208 988 diem
3243 952 3417 990 omnes
3449 939 3538 1005 qui
3569 938 3700 989 dili-

2109 1027 2228 1097 gitis
2264 1043 2401 1080 eum.
2434 1026 2664 1080 Gaudete
2711 1028 2797 1092 qui
2841 1026 3103 1094 conﬁditis
3149 1027 3202 1079 in
3231 1042 3314 1090 eo,
3358 1034 3416 1078 ut
3463 1027 3703 1094 sugatis,

2108 1131 2156 1175 ot
2189 1121 2507 1190 impleamini
2537 1136 2601 1174 ex
2628 1119 2870 1174 uberibus
2897 1120 3269 1173 consolationis
3303 1119 3416 1188 ejus
3444 1120 3510 1173 ³³.

2183 1212 2268 1267 LI.
2307 1211 2613 1267 Habeamus
2662 1227 2847 1266 curam
2898 1209 3244 1280 legendarum
3297 1219 3352 1264 ct
3405 1209 3702 1264 discenda-

2110 1321 2227 1360 rum
2281 1304 2720 1373 Scripturarum,
2765 1314 2820 1357 et
2864 1301 2918 1356 in
2963 1316 3148 1355 earum
3190 1315 3406 1370 semper
3456 1302 3700 1356 medita-

2111 1398 2255 1453 tione
2295 1412 2594 1457 versemur.
2629 1395 2864 1448 scientes
2895 1395 3155 1462 scriptum
3185 1411 3200 1448 :
3240 1392 3321 1446 Ex
3356 1393 3536 1461 [ructu
3583 1396 3703 1446 oris

2107 1490 2191 1543 sui
2234 1490 2313 1541 vir
2349 1487 2675 1541 saturabitur
2703 1487 2785 1541 ³⁶;
2813 1497 2860 1541 et
2905 1502 3097 1539 merces
3135 1485 3374 1538 laborum
3415 1485 3528 1553 ejus
3573 1486 3703 1538 red-

2109 1579 2261 1631 detur
2284 1577 2351 1626 ".
2383 1576 2506 1632 llaec
2535 1587 2654 1630 sunt
2687 1593 2805 1647 quae
2845 1592 2942 1630 nos
2987 1575 3190 1630 ducunt
3218 1576 3285 1630 ad
3317 1585 3574 1629 aeternam
3611 1578 3704 1628 vi-

2111 1682 2240 1738 tam,
2266 1685 2384 1740 quae
2421 1670 2572 1724 nobis
2607 1669 2827 1723 tradidit
2862 1668 3024 1722 Pater
3056 1679 3260 1734 noster,
3283 1678 3338 1722 et
3359 1669 3556 1739 jugiter
3587 1685 3702 1723 mc-

2110 1763 2329 1817 ditanda
2379 1761 2636 1831 punct-pit
2685 1772 2742 1814 ut
2779 1761 3063 1830 impleatur
3107 1760 3234 1814 illud
3271 1761 3322 1814 in
3357 1760 3512 1814 nobis
3545 1763 3698 1830 quod

425 1852 555 1902 terti
586 1851 668 1902 "‘t
696 1849 750 1904 Si
783 1851 985 1903 reversi
1025 1848 1284 1902 fuerimus
1313 1850 1378 1902 ad
1412 1864 1554 1914 enin,
1590 1848 1876 1902 a'dilicabit
1907 1865 2004 1903 nos
2039 1848 2077 1902 Β
2108 1857 2370 1924 scriptum
2406 1861 2532 1907 est:
2578 1850 2747 1906 Erunt
2791 1854 2902 1906 hac
2950 1852 3103 1906 verba
3147 1867 3263 1923 qua:
3305 1868 3398 1922 ego
3441 1853 3701 1920 ρνιιτὶμὶο

425 1941 630 2010 Spiritu
666 1957 798 2004 suo,
829 1939 981 2007 juxta
1024 1940 1149 1994 illud
1187 1940 1330 2008 quod
1369 1941 1627 2010 scriptum
1663 1949 1748 1996 est
1787 1958 1800 1994 :
1838 1939 2000 1994 {Edi-

424 2034 591 2100 ﬁcans
644 2033 979 2087 Hierusalem
1039 2033 1332 2100 Dominus,
1383 2033 1732 2098 dispersiones
1785 2031 2003 2086 Israelis

413 2126 754 2198 'congregabit
778 2125 846 2177 ”.

495 2233 557 2288 L.
589 2236 740 2301 Quod
790 2245 968 2290 autem
1018 2233 1184 2289 nostri
1250 2243 1424 2290 cintus
1470 2243 1524 2288 et
1570 2236 1882 2291 communio
1929 2253 1999 2292 ex

424 2324 537 2381 Deo
565 2327 632 2379 sit
664 2341 770 2394 qua
806 2339 904 2380 nos
940 2326 1172 2380 invicem
1207 2323 1542 2395 capulantur,
1569 2324 1858 2395 Apostolus
1904 2343 2003 2382 nos

424 2417 602 2470 docuit
637 2416 862 2470 dicens:
897 2413 1162 2469 Bonorum
1207 2431 1417 2480 operum
1454 2417 1837 2470 communionis
1871 2419 2003 2470 obli-

425 2507 552 2560 visci
605 2505 799 2569 nolite;
836 2505 1030 2559 talibus
1064 2508 1199 2560 enim
1242 2508 1467 2560 victimis
1516 2507 1750 2571 placetur
1797 2507 1900 2565 Deo
1937 2511 2003 2566 ³⁵.

424 2596 482 2649 In
536 2596 757 2651 Actibus
825 2595 1194 2664 apostolorum
1254 2611 1471 2664 quoque
1531 2597 1670 2650 Idem
1724 2597 2002 2666 legimus:

425 2685 784 2741 Multitudinis
837 2697 1008 2741 autem
1063 2687 1382 2740 credentium
1434 2697 1548 2742 erat
1598 2705 1687 2741 cor
1748 2707 1909 2743 unum
1957 2703 2005 2745 et

424 2779 603 2831 animo
636 2793 769 2842 una;
809 2789 855 2832 et
891 2778 1068 2852 nullus
1105 2795 1258 2832 suum
1301 2780 1426 2845 quid
1465 2781 1698 2847 dicebat,
1733 2784 1823 2836 sed
1855 2792 2006 2836 erant

423 2869 498 2922 eis
539 2868 780 2922 universa
829 2871 1150 2922 communia.
1199 2868 1263 2922 Et
1319 2871 1507 2924 virtute
1558 2889 1747 2942 magna
1806 2873 2004 2926 dabant

425 2959 648 3026 apostoli
681 2960 1034 3014 testimonium
1083 2961 1481 3016 resurrectionis
1517 2961 1730 3017 Domini
1777 2965 1904 3018 Jesu
1933 2967 2002 3020 ".

426 3050 493 3104 Et
547 3049 834 3106 Psalmista
874 3053 926 3106 in
981 3053 1168 3107 eadem
1221 3052 1385 3107 verba
1442 3055 1718 3110 consensit
1771 3058 2003 3112 dicens:

427 3140 561 3195 Ecce
585 3159 742 3212 quam
773 3144 965 3196 bonum
994 3153 1041 3196 et
1076 3159 1234 3212 quam
1260 3144 1582 3212 jucundum,
1628 3147 1863 3200 habitare
1891 3147 2002 3215 fra-

426 3244 528 3286 tres
558 3234 614 3287 in
656 3251 817 3288 unum
839 3236 904 3288 ¹⁶.
936 3235 1009 3289 Et
1045 3250 1144 3290 nos
1189 3236 1240 3288 in
1277 3236 1537 3290 ctenobiis
1581 3248 1999 3306 commorantes,

424 3335 480 3379 et
512 3325 667 3380 nobis
713 3334 896 3380 mutua
930 3327 1198 3381 cbaritate
1233 3327 1461 3391 sociati,
1505 3329 1698 3384 demus
1737 3331 2000 3396 studium,

425 3425 490 3471 ut.
513 3421 781 3487 quomodo
813 3429 1121 3474 sanctorum
1160 3421 1382 3475 Patrum
1425 3421 1476 3476 in
1524 3421 1625 3474 hac
1653 3421 1761 3476 vita
1807 3424 2005 3477 merui-

427 3524 548 3564 mus
598 3511 951 3576 consortium,
992 3512 1062 3566 ita
1108 3512 1160 3566 iu
1208 3511 1393 3569 futuro
1440 3528 1656 3584 quoque
1711 3515 2005 3585 participes

426 3613 612 3654 eorum
643 3602 833 3664 simus,
871 3602 1104 3656 scientes
1133 3603 1276 3672 quod
1315 3617 1447 3658 crux
1483 3604 1605 3658 vita:
1659 3615 1860 3660 nostrae
1905 3606 2001 3660 do-

427 3691 722 3756 ctrinaeque
773 3692 1096 3761 principium
1137 3685 1256 3758 sit,
1306 3703 1360 3748 et
1423 3703 1671 3763 oporteat
1724 3710 1823 3749 nos
1881 3711 2003 3749 cum

425 3778 643 3832 Christo
685 3782 814 3848 pati,
841 3790 893 3833 et
939 3797 1097 3836 nosse
1126 3784 1269 3851 quod
1308 3784 1512 3853 absque
1565 3782 2004 3841 tribulationibus

425 3876 482 3922 et
514 3870 776 3937 angustiis
813 3869 988 3926 nullas
1031 3872 1308 3926 victoriam
1352 3884 1718 3944 consequatur
1759 3893 1773 3928 :
1807 3874 2002 3931 Beatus

427 3962 506 4012 vir
533 3961 620 4028 qui
656 3960 839 4028 sit/fert
870 3963 1228 4031 teutationem,
1271 3966 1396 4035 quia
1431 3981 1547 4019 cum
1593 3965 1842 4034 probatus
1883 3967 2004 4036 fue-

428 4051 520 4113 rit,
549 4066 792 4104 coronam
836 4053 953 4106 vita:
996 4055 1213 4122 accipiet
1238 4057 1312 4121 '7',
1345 4063 1402 4111 et
1448 4055 1685 4111 iterum:
1723 4056 2005 4112 Laboravit

425 4143 480 4195 in
527 4143 798 4206 stvculum,
827 4153 874 4197 et
908 4147 1034 4200 vivet
1069 4146 1123 4200 in
1155 4156 1408 4201 veternum
1434 4149 1499 4200 ".
1533 4146 1594 4204 Si
1638 4157 1812 4203 tamen
1862 4166 2005 4204 com-

426 4235 675 4302 patiinur,
704 4247 758 4288 ut
801 4245 848 4289 et
892 4237 1264 4304 glori/icemur.
1307 4237 1559 4304 (Estimo,
1609 4239 1812 4309 inquit,
1862 4242 2003 4310 quod

427 4341 532 4379 non
571 4338 690 4382 sunt
719 4330 992 4398 condignae
1020 4332 1288 4396 passiones
1320 4330 1478 4400 hujus
1510 4332 1760 4402 temporis
1805 4333 1875 4384 ad
1919 4332 2006 4401 fu-

427 4426 602 4470 turam
645 4419 890 4488 gloriam,
917 4437 1034 4490 qua'
1065 4421 1372 4474 revelabitur
1419 4424 1474 4474 in
1511 4422 1656 4475 nobis
1683 4423 1747 4474 ’9.
1781 4423 1843 4476 Et
1877 4425 2002 4478 alibi

427 4510 686 4578 scriptum
719 4523 799 4564 est
825 4530 837 4563 :
866 4509 1176 4564 Ea'istiinavi
1211 4523 1263 4564 ut
1295 4527 1653 4581 cognoscerem
1683 4513 1780 4566 hoc
1802 4530 1821 4568 :
1855 4515 2004 4568 labor

425 4611 504 4654 est
534 4602 590 4654 in
633 4613 907 4670 conspectu
960 4619 1071 4655 meo
1099 4603 1180 4666 ³⁰;
1217 4613 1272 4656 et
1312 4602 1508 4657 iterum
1553 4619 1567 4656 :
1615 4602 1724 4672 Ego
1764 4604 1996 4658 laboravi

424 4709 640 4756 sequens
674 4703 745 4757 te,
779 4710 824 4747 et
871 4695 1009 4748 diem
1047 4694 1313 4748 hominum
1361 4711 1463 4747 non
1495 4696 1820 4751 consideravi
1845 4697 1916 4766 ³¹;
1950 4709 2005 4754 et

425 4786 532 4840 alio
563 4785 719 4841 loco:
756 4785 936 4840 Multa:
966 4787 1324 4842 tribulationes
1360 4788 1627 4856 justorum
1651 4833 1664 4856 ,
1703 4801 1750 4845 et
1791 4808 1856 4846 ea:
1885 4809 2000 4846 om-

426 4877 579 4930 nibus
627 4877 708 4928 his
764 4861 1002 4929 liberabit
1054 4893 1140 4931 eos
1198 4876 1454 4932 Dominus
1501 4879 1568 4932 ⁸¹.
1614 4879 1674 4933 Et
1739 4880 2000 4937 Dominus

425 4977 613 5022 noster
659 4966 894 5036 loquitur
939 4969 990 5021 in
1049 4967 1338 5040 Evangelio
1380 4987 1392 5023 :
1447 4969 1550 5033 Qui
1600 4975 2002 5038 perseveraverit

427 5073 588 5126 usque
619 5057 671 5110 in
701 5057 881 5124 ﬁnem,
916 5059 999 5111 hic
1039 5059 1210 5112 salvus
1242 5060 1339 5112 erit
1371 5059 1436 5114 ³³.
1477 5060 1539 5114 Et
1580 5061 1705 5115 alibi
1739 5077 1753 5114 :
1795 5062 1896 5116 llic
1925 5075 2002 5118 est

423 5148 554 5201 liber
588 5150 990 5213 mandatorum,
1035 5159 1082 5201 et
1129 5148 1214 5202 lea:
1262 5150 1456 5218 scripta
1504 5151 1556 5204 in
1606 5154 1997 5222 sempiternum.

427 5241 619 5296 Omnes
652 5243 739 5311 qui
770 5242 1151 5295 observaverint
1179 5258 1316 5306 eam,
1348 5243 1554 5308 vivent;
1590 5245 1680 5314 qui
1705 5258 1877 5300 autem
1911 5250 2002 5304 de-

424 5337 754 5406 reliquerint,
803 5335 1110 5390 morientur.
1165 5333 1451 5402 Revertere,
1482 5335 1668 5403 Iacob,
1714 5347 1761 5392 et
1809 5356 1998 5410 appre-

2109 1946 2204 2000 tibi
2245 1945 2419 2009 hodie,
2459 1945 2514 1998 in
2547 1945 2702 1998 corde
2737 1953 2848 2007 tuo,
2876 1953 2924 1997 et
2969 1943 3025 1996 in
3063 1943 3244 1996 anima
3277 1952 3366 1996 tua
3393 1943 3599 1996 docebis
3633 1959 3702 1995 ea

2107 2038 2248 2106 ﬁlios
2302 2038 2466 2091 tuos:
2513 2048 2560 2090 et
2598 2037 2826 2107 loqueris
2873 2038 2930 2090 in
2976 2037 3053 2090 eis
3107 2035 3288 2088 sedens
3331 2035 3384 2088 in
3431 2035 3606 2100 domo,
3647 2046 3700 2087 et

2109 2128 2388 2182 ambulans
2435 2128 2490 2181 in
2546 2129 2665 2192 via,
2718 2137 2764 2181 et
2817 2125 3078 2180 accubans
3135 2136 3288 2195 atque
3345 2141 3694 2194 consurgens.

2114 2221 2300 2277 Scribe
2331 2239 2390 2276 ea
2426 2239 2520 2291 pro
2555 2223 2702 2292 signa
2741 2221 2794 2274 in
2839 2237 2998 2274 manu
3038 2231 3165 2286 tua,
3208 2230 3257 2274 et
3301 2232 3450 2274 erant
3502 2221 3700 2274 immo-

2111 2315 2236 2367 bilia
2276 2325 2397 2367 ante
2433 2313 2610 2368 oculos
2641 2323 2780 2367 tuos.
2809 2311 3018 2367 Scribes
3055 2329 3256 2381 quoque
3280 2330 3339 2365 ea
3369 2313 3420 2364 in
3463 2314 3698 2376 postibus

2109 2406 2358 2459 domuum
2403 2416 2637 2470 tuarum,
2669 2413 2717 2458 et
2758 2405 2811 2457 in
2843 2404 3136 2469 liminibus,
3175 2417 3230 2457 ut
3264 2405 3480 2458 discatis
3513 2407 3704 2457 timete

2113 2497 2396 2551 Dominum
2431 2498 2635 2550 cunctis
2681 2497 2861 2550 diebus
2902 2496 3089 2565 quibus
3129 2496 3297 2549 vit-itis
3322 2495 3385 2549 ⁸⁸.
3436 2496 3704 2550 Salomon

2109 2606 2323 2659 quoque
2353 2590 2404 2643 id
2436 2590 2610 2658 ipsum
2641 2587 2952 2658 signiﬁcans
2984 2588 3122 2643 dicit
3148 2606 3162 2642 :
3193 2586 3372 2643 Scribe
3411 2605 3472 2642 ea
3513 2592 3566 2642 in
3611 2591 3702 2643 la-

2109 2683 2334 2734 titudine
2360 2681 2531 2733 cordis
2569 2681 2646 2734 tui
2668 2680 2738 2736 ”.

2182 2792 2288 2847 LII.
2328 2793 2684 2847 Considerate
2717 2791 2934 2861 quantis
2968 2791 3296 2848 testimoniis
3343 2792 3410 2846 ad
3460 2791 3698 2846 medita-

2112 2887 2308 2939 tionem
2345 2901 2622 2938 sacrarum
2671 2885 3072 2950 Scripturarum
3108 2900 3204 2938 nos
3247 2899 3428 2939 sermo
3473 2884 3694 2938 Domini

2109 2980 2442 3041 cohorti-tur,
2489 2987 2545 3031 at
2577 2993 2696 3047 qua:
2734 2992 2828 3032 ore
2864 2977 3149 3042 voluimus,
3197 2979 3361 3032 carde
3405 2978 3688 3046 possidea-

2111 3086 2252 3123 ums.
2305 3069 2508 3122 Bonum
2553 3080 2626 3122 est
2685 3069 3047 3143 homini'cum
3097 3067 3338 3121 levaverit
3382 3067 3573 3137 jugum
3626 3069 3698 3120 ab

2109 3159 2461 3214 adolescentia
2497 3178 2615 3212 sua.
2667 3157 2874 3212 Sedebit
2920 3159 3190 3213 solitarius
3221 3170 3266 3213 et
3307 3161 3528 3226 tacebit,
3565 3177 3697 3230 quo-

2107 3254 2247 3305 niam
2270 3251 2452 3306 levabit
2479 3267 2634 3317 super
2661 3268 2715 3305 se
2738 3251 2947 3321 jugum.
2973 3250 3126 3304 Dabit
3157 3253 3466 3318 percutienti
3495 3269 3552 3305 se
3578 3269 3699 3305 ma-

2103 3342 2311 3405 xillam,
2341 3343 2668 3394 saturabitur
2708 3341 3021 3408 opprobriis,
3050 3341 3300 3410 quoniam
3343 3357 3448 3395 non
3490 3357 3699 3410 semper

2104 3433 2312 3502 objiciet
2352 3431 2602 3485 Dominus
2628 3431 2696 3485 ⁵ο.
2747 3430 2814 3486 Et
2855 3431 2982 3486 alibi
3030 3433 3292 3501 scriptum
3327 3441 3454 3487 est:
3495 3431 3698 3487 Recor-

2104 3527 2258 3580 datus
2291 3542 2403 3579 sum
2438 3525 2819 3580 misericordia:
2861 3525 3102 3592 infantia:
3129 3535 3234 3578 ture
3251 3524 3326 3591 δίς
3359 3534 3413 3579 ct
3445 3524 3645 3579 iterum
3677 3543 3695 3580 :

2106 3616 2335 3681 La'tare,
2366 3616 2601 3685 juvenis,
2645 3617 2701 3670 in
2744 3615 3097 3668 adolescentia
3133 3627 3248 3680 tua,
3277 3627 3328 3669 et
3357 3618 3578 3670 ersultet
3606 3634 3703 3670 cor

2105 3717 2252 3760 tuum
2291 3709 2346 3761 in
2392 3706 2572 3760 diebus
2609 3707 2898 3775 juventutis
2947 3714 3084 3771 tuae,
3132 3716 3182 3761 et
3230 3705 3443 3758 ambula
3495 3708 3553 3759 in
3593 3709 3696 3760 viis

2105 3799 2280 3851 cordis
2309 3799 2384 3851 tui
2420 3800 2610 3868 absque
2639 3797 2869 3864 macula,
2909 3806 2960 3850 et
3004 3799 3056 3851 in
3091 3806 3368 3864 conspectu
3414 3798 3694 3852 oculorum

2105 3902 2314 3944 tuorum
2340 3907 2357 3944 :
2385 3901 2432 3944 et
2462 3892 2589 3944 scito
2616 3891 2864 3960 quoniam
2902 3890 2955 3944 in
2991 3890 3230 3944 omnibus
3270 3891 3350 3944 his
3378 3891 3603 3943 adducet
3649 3904 3699 3946 te

2107 3981 2364 4036 Dominus
2415 3983 2467 4035 in
2506 3982 2734 4050 judicio.
2774 3982 2943 4051 Aufer
2991 3981 3224 4050 furorem
3261 3998 3293 4035 ιι
3329 3984 3487 4036 corde
3515 3993 3604 4035 tuo
3647 3994 3700 4038 et

2106 4075 2368 4128 malitiam
2399 4093 2430 4127 ιι
2470 4090 2630 4127 carne
2659 4084 2772 4140 tua,
2803 4077 3053 4145 quoniam
3089 4075 3442 4129 adolescentia
3469 4085 3519 4129 et
3559 4075 3699 4130 stul-

2107 4171 2223 4220 titia
2278 4167 2486 4220 vanitas
2539 4166 2715 4234 est“;
2753 4176 2846 4222 et:
2900 4165 3161 4220 Memento
3211 4165 3478 4221 Creatoris
3518 4169 3597 4219 tui
3641 4168 3700 4221 in

2107 4259 2284 4312 diebus
2326 4258 2692 4312 adolescentia:
2725 4270 2851 4326 tute,
2881 4260 3045 4312 donec
3073 4258 3280 4312 veniant
3315 4259 3424 4311 dies
3454 4260 3696 4327 pessimi,

2105 4365 2150 4404 et
2187 4361 2434 4420 occupent
2483 4353 2608 4404 anni
2647 4353 2702 4404 in
2735 4351 2923 4419 quibus
2962 4351 3104 4404 dices
3128 4367 3146 4404 :
3179 4349 3300 4404 Non
3341 4360 3416 4404 est
3459 4351 3588 4402 mihi
3642 4355 3699 4404 in

2105 4445 2178 4497 eis
2216 4445 2452 4498 voluntas
2478 4459 2496 4497 :
2525 4451 2688 4497 donec
2727 4445 3109 4498 obtenebrescat
3138 4442 3216 4496 sol
3243 4451 3294 4496 et
3321 4442 3439 4506 lux.
3469 4453 3519 4495 et
3563 4444 3697 4496 luna

2036 4545 2078 4598 ι)
2105 4542 2150 4584 et
2179 4532 2365 4592 stellae.
2390 4542 2436 4586 et
2473 4542 2847 4587 convertantur
2881 4534 3040 4587 nubes
3073 4543 3186 4601 post
3221 4533 3453 4602 pluviam
3478 4548 3497 4586 :
3530 4534 3583 4586 in
3610 4537 3699 4589 die

2106 4639 2207 4692 qua
2243 4623 2588 4677 movebuntur
2611 4628 2846 4680 custodes
2887 4627 3097 4690 domus,
3125 4636 3172 4680 et
3205 4626 3570 4680 subvertentur
3599 4630 3698 4680 viri

2107 4711 2335 4775 virtutis,
2363 4720 2414 4765 et
2442 4725 2636 4768 cessent
2665 4715 2936 4782 molentes,
2976 4717 3100 4786 quia
3133 4733 3316 4786 pauca:
3346 4717 3504 4787 facta
3530 4731 3651 4770 sunt
3676 4735 3696 4772 :

2104 4809 2154 4855 et
2213 4803 2634 4857 obscurabuntur
2696 4823 2816 4876 qua:
2883 4808 3057 4862 vident
3106 4810 3161 4861 in
3205 4809 3587 4878 foraminibus,
3645 4820 3695 4863 et

2107 4892 2350 4947 claudent
2388 4895 2496 4949 vias
2533 4897 2586 4949 in
2623 4897 2740 4966 {oro
2773 4901 2828 4952 in
2864 4900 3173 4966 infirmitate
3214 4901 3354 4954 vocis
3398 4903 3646 4956 inolentis
3675 4917 3695 4954 :

2103 4993 2153 5038 et
2187 4994 2466 5055 exsurgent
2515 4987 2583 5040 ad
2636 5004 2807 5043 vocem
2873 4993 3125 5059 passeris,
3170 5000 3220 5044 et
3273 4990 3698 5046 humiliabuntur

2104 5091 2285 5129 onmes
2325 5076 2428 5144 lilii
2457 5078 2666 5133 cantici.
2725 5079 2790 5132 Et
2836 5082 3047 5149 quidem
3093 5080 3156 5134 ab
3190 5082 3298 5134 alto
3339 5083 3612 5152 aspicient,
3644 5093 3694 5136 et

2102 5185 2317 5237 pavores
2357 5172 2413 5224 in
2445 5171 2550 5236 via,
2579 5183 2624 5226 et
2659 5174 2844 5241 ﬂoreat
2875 5177 3242 5245 amygdalum,
3286 5189 3333 5230 et
3371 5178 3696 5238 incrassetur

2105 5260 2327 5326 locusta,
2362 5271 2411 5316 et
2460 5264 2732 5318 scindatur
2763 5270 3027 5333 capparis.
3073 5267 3334 5333 Quoniam
3373 5269 3505 5320 abiit
3539 5268 3691 5320 homo

2106 5349 2162 5403 in
2189 5349 2406 5408 domum
2431 5353 2614 5408 siccali
2641 5357 2746 5418 sui,
2777 5366 2823 5409 et
2852 5370 3166 5426 gyravcrunt
3198 5358 3250 5411 in
3279 5358 3395 5427 foro
3421 5358 3510 5427 qui
3539 5358 3693 5426 plan-

490 5521 936 5602 ’°__Ps‘al-.-(:}\'ttl.
971 5523 1021 5576 1.
1096 5524 1137 5554 ¹¹
1162 5521 1340 5602 ζειαὶ-.-
1366 5536 1396 5602 I_
1431 5522 1484 5586 5,
1514 5523 1567 5578 6.
1606 5527 1690 5602 _"
1721 5525 1981 5602 longi”,

2143 5536 2188 5566 ”
2227 5536 2568 5599 Psal.cx1.vt.
2594 5540 2650 5595 2.
2745 5539 2790 5571 “
2833 5539 2993 5593 llebr.
3041 5556 3158 5598 xm.
3189 5536 3272 5593 ιϐ’.
3372 5539 3417 5568 ’⁵
3457 5539 3579 5591 Act.
3615 5555 3689 5602 εγ,

423 5592 615 5648 5-2.55.
693 5595 738 5624 ¹⁶
769 5594 906 5646 l’sal.
929 5609 1138 5657 Cum,
1170 5595 1217 5646 1.
1297 5595 1340 5623 ’⁷
1371 5592 1485 5649 Jac.
1525 5610 1564 5655 t.
1600 5596 1682 5648 19..

422 5663 463 5692 ³³
486 5663 600 5734 Jer.
625 5679 752 5716 xm.
784 5664 867 5734 lli.
944 5666 987 5696 ³³
1015 5664 1080 5716 l’s
1102 5666 1152 5716 -l.
1184 5681 1372 5726 xxxiii,
1397 5663 1490 5719 2|.
1567 5665 1610 5696 ³⁸
1637 5666 1826 5724 Matth.
1855 5687 1908 5734 π,
1937 5674 2026 5727 22.

425 5749 554 5794 λιιι,
583 5733 638 5784 2.
717 5735 757 5764 ³⁷
803 5733 1011 5802 Sap...\,
1051 5734 1132 5788 l7.

427 5734 674 5807 annui.“
717 5735 757 5807 ’ἶ
803 5734 1011 5807 Saos,
1212 5734 1254 5767 ³³
1298 5736 1450 5792 Dcul.
1490 5753 1576 5802 xt,
1613 5735 1799 5794 18-21.

419 5804 477 5858 ⁸2.
549 5802 594 5835 θ’
635 5802 812 5860 Eccle.
845 5820 907 5870 x,
938 5805 990 5870 9,
1050 5803 1130 5863 10.

1763 5599 1808 5670 τ’
1836 5597 1978 5655 Psal.
2023 5620 2208 5668 vattt,
2239 5609 2292 5670 9,
2330 5612 2413 5664 10.

1880 5743 1922 5775 ³³
1960 5744 2118 5802 Prov.
2149 5763 2230 5816 tu,
2265 5747 2316 5802 5.

2491 5611 2534 5641 "
2570 5611 2724 5665 Horn.
2756 5627 2868 5675 vni,
2906 5609 2986 5673 l7,
3017 5613 3103 5665 18.

2106 5677 2152 5708 ⁸⁸
2191 5677 2313 5732 Β.ιι·.
2345 5695 2415 5741 μ’,
2453 5680 2572 5734 15.
2719 5682 2762 5713 ³³
2803 5683 2904 5736 lszt.
2950 5697 3094 5744 LXVI,
3139 5681 3222 5744 I0,
3259 5681 3343 5734 ll.

2394 5751 2438 5782 ⁸ο
2481 5751 2679 5806 Tbrcu.
2717 5767 2798 5818 ιιι,
2827 5751 2917 5818 ‘27,
2955 5751 3045 5818 28,
3084 5753 3170 5819 50,
3210 5752 3297 5807 51.

3177 5611 3222 5642 ³⁵
3253 5608 3392 5662 l’sal.
3423 5624 3591 5669 um,
3607 5609 3621 5660 Ι
3636 5625 3685 5662 ιι,

3443 5679 3488 5708 ³6
3531 5677 3687 5734 l’t‘m'.

3395 5749 3436 5818 5‘
3476 5747 3586 5806 lor.
3624 5764 3686 5816 ιι,
