3890 6274
183 375 326 435 893

1045 385 1104 442 S.
1147 387 1442 447 ORSIESII
1479 379 1828 453 DOCTRINA
1867 399 1956 455 DE
1995 399 2342 462 INSTITUT.
2384 407 2695 465 MONACI‘I.

3369 415 3477 471 894

183 504 384 564 gnat,
436 496 778 600 quoadusque
828 512 1092 558 evertatur
1141 507 1408 576 funiculus
1471 518 1703 584 argenti,
1749 527 1799 572 et
1828 525 1875 580 Α
1903 521 2044 577 diuis
2086 528 2394 580 sanctorum
2445 511 2721 594 omnium,
2764 535 2816 582 et
2851 544 3118 600 prtetnpue
3163 529 3364 597 David,
3411 522 3477 587 de

185 593 523 638 conteratur
565 586 756 642 monile
801 591 1045 664 (ιω-ἕλει
1091 596 1454 670 confringatur
1501 605 1692 674 hydria
1729 610 1799 662 ad

187 673 440 743 fontem,
469 688 514 731 et
552 679 869 747 impediatur
904 694 1016 738 rota
1050 703 1205 755 super
1246 689 1440 758 lacum,
1484 673 1550 749 et,
1581 714 1794 754 conver-

185 776 365 820 tatur
393 771 563 836 pulvis
597 770 650 824 in
687 781 914 841 terram,
968 779 1104 832 sicut
1151 780 1273 849 fuit,
1303 793 1351 836 et
1385 787 1600 853 spiritus
1630 805 1798 844 rever-

187 866 362 910 tatur
403 860 472 913 ad
506 861 810 929 Dominum,
855 868 945 936 qui
977 868 1118 923 dedit
1168 888 1286 925 eum
1314 873 1378 928 *3.
1413 877 1466 930 In
1503 877 1796 948 Evangelia

186 967 432 1023 quoque
479 956 738 1024 scriptum
771 970 892 1015 est:
931 961 1111 1028 Pueri,
1152 969 1386 1037 nunquid
1430 971 1627 1027 habetis
1671 975 1794 1042 pul-

188 1049 490 1100 mentum?
524 1048 718 1105 Mittite
759 1052 813 1104 in
845 1054 1110 1109 dexteram
1140 1071 1339 1127 partem
1378 1063 1544 1124 navis.
1579 1074 1628 1118 et
1659 1067 1798 1120 inre-
1840 1057 1843 1060 ’

175 1135 371 1188 .ssietis
396 1133 473 1200 “;
506 1145 560 1192 et
590 1137 784 1193 iterum
815 1159 829 1195 :
867 1141 1051 1198 Omnis
1080 1161 1208 1213 puer
1247 1165 1308 1202 ac
1339 1150 1673 1220 juvenculus,
1708 1157 1798 1225 qni

191 1229 380 1279 nescit
413 1228 566 1283 hodie
592 1231 782 1285 bonum
811 1247 875 1286 ac
920 1236 1134 1302 malum,
1164 1241 1262 1306 ipsi
1309 1243 1580 1300 intrabunt
1607 1248 1660 1302 in
1692 1256 1796 1302 ter-

192 1336 333 1373 ram
376 1321 562 1374 bonam
585 1321 662 1388 ⁶⁸;
695 1337 758 1377 ae
784 1339 998 1381 rursum
1027 1347 1040 1381 :
1079 1329 1244 1385 Omne
1274 1337 1620 1391 masculinum
1658 1341 1796 1409 quod

191 1413 381 1476 aperit
409 1413 634 1479 vulvam,
679 1429 917 1472 sanctum
960 1421 1233 1476 vocabitur
1254 1427 1321 1478 “.
1358 1427 1422 1481 Et
1466 1428 1518 1482 in
1554 1429 1794 1499 Evange-

190 1503 334 1558 lio:
376 1503 516 1560 Puer
557 1519 728 1563 autem
771 1511 914 1577 ibat,
954 1524 1000 1567 et
1047 1518 1338 1587 crescebat,
1385 1530 1434 1575 et
1490 1525 1794 1592 pro/iciel'at

192 1596 368 1660 apud.
417 1595 584 1651 Deum
622 1609 670 1652 et
713 1602 854 1668 apud
889 1602 1123 1660 homines
1150 1607 1215 1661 ".
1259 1609 1414 1666 Jesus
1456 1628 1668 1684 quoque
1702 1619 1798 1672 tui-

193 1684 384 1739 nister
425 1686 591 1758 Moysi
628 1689 841 1756 juvenis
876 1703 1028 1759 erat,
1073 1705 1127 1751 et
1161 1713 1262 1754 non
1319 1703 1697 1771 egrediebatur
1729 1709 1794 1762 de

195 1777 566 1833 tabernacqu
616 1779 730 1836 Dei.
782 1781 848 1837 Et
883 1785 949 1840 de
987 1786 1152 1842 David
1201 1784 1460 1858 scriptum
1515 1795 1785 1864 legimus:

1899 628 2006 682 quo
2053 617 2314 686 scriptum
2367 626 2498 671 est:
2550 617 2832 686 Memento,
2889 618 3130 689 Domine,
3169 621 3374 689 David,
3426 631 3475 676 et

1897 706 2064 765 omnis
2102 711 2518 763 mansuetudinis
2551 710 2662 778 ejus
2689 711 2754 764 θ’.
2793 711 2858 765 Ει
2902 711 3067 784 Moysi
3102 715 3168 768 de
3207 730 3312 783 quo
3345 714 3468 783 legi-

1901 804 2007 862 tur,
2033 801 2174 866 quod
2199 799 2362 854 fuerit
2399 811 2709 857 mansuetus
2739 819 2904 872 super
2931 820 3144 859 onmem
3177 815 3376 859 terram
3401 808 3470 862 “.

1898 888 1962 942 Et
2009 889 2267 946 Dominus
2304 892 2355 946 in
2389 894 2675 964 Evangelia
2703 890 2767 950 de
2814 896 3113 950 mansuetis
3143 913 3206 951 ac
3255 898 3472 952 mitibus

1897 981 2136 1052 loquitur
2174 1002 2185 1036 :
2225 983 2372 1038 Beati
2416 989 2674 1040 mansueti
2705 998 2752 1042 et
2799 989 2949 1042 mites
2996 991 3170 1052 corde,
3215 991 3464 1059 quoniam

1895 1073 1996 1141 ipsi
2051 1076 2382 1140 possidebunt
2439 1087 2631 1132 terram
2665 1079 2731 1133 ⁸⁷.
2779 1078 2981 1148 Magna:
3027 1081 3306 1149 sapientire
3349 1092 3467 1145 est,

1895 1167 2360 1222 mansuetudinem
2390 1170 2682 1238 possidere,
2713 1182 2769 1226 et
2809 1173 2997 1226 audire
3037 1189 3050 1226 :
3088 1171 3307 1239 Sapiens
3335 1183 3466 1237 esto,

1893 1252 1999 1322 ftli,
2038 1265 2090 1307 ut
2127 1255 2332 1310 lwtetnr
2364 1274 2454 1311 cor
2494 1275 2663 1312 meum
2687 1259 2766 1326 ‘3;
2799 1269 2852 1314 et
2892 1262 3084 1316 iterum
3115 1283 3128 1316 :
3166 1260 3468 1316 Imitatores

1894 1354 2054 1398 estote
2113 1346 2238 1411 Dei,
2273 1348 2375 1417 ﬁlii
2423 1350 2823 1416 cltarissimi";
2855 1359 2950 1406 et:
2998 1349 3178 1406 Estote
3219 1354 3464 1421 perfecti,

1893 1438 2026 1488 sicut
2053 1447 2098 1490 et
2139 1437 2300 1492 l’ater
2330 1451 2494 1494 vester
2518 1445 2604 1512 qui
2635 1445 2688 1496 in
2713 1445 2852 1498 cwlis
2882 1454 2978 1508 est,
3009 1445 3263 1513 perfectus
3289 1459 3361 1500 est
3385 1449 3462 1512 7°;

1893 1533 1949 1578 et
1982 1526 2148 1582 alibi:
2197 1529 2382 1584 Sancti
2422 1544 2602 1602 estote,
2638 1535 2884 1604 quoniam
2928 1553 3017 1596 eao
3059 1548 3270 1591 sanctus
3315 1556 3463 1606 sum,

1892 1619 2026 1672 dixit
2064 1619 2316 1685 Dominus
2343 1624 2410 1676 ⁷¹.

1963 1710 2073 1765 LV.
2119 1711 2249 1779 Quae
2278 1713 2514 1784 legentes
2555 1717 2881 1783 testimonia,
2928 1719 3256 1776 seminemus
3312 1723 3466 1777 nobis

1887 1797 2171 1865 justitiam,
2210 1812 2269 1856 ut
2321 1813 2583 1858 metamus
2629 1806 2861 1861 fructum
2907 1809 3051 1864 vitae.
3089 1810 3460 1868 Illutninemus

194 1864 362 1918 Puer
397 1869 521 1936 ﬂavi
562 1873 772 1936 coloris,
809 1873 1129 1945 elegantibus
1177 1883 1342 1936 oculis
1366 1883 1431 1939 ⁸⁸.
1475 1883 1786 1945 Timotheus
1821 1871 1863 1926 Β
1891 1864 2062 1944 lucem
2107 1891 2372 1958 scientizn,
2419 1894 2545 1963 quia
2599 1904 2806 1963 tempus
2844 1906 2926 1951 est
2960 1908 3016 1951 ut
3065 1914 3463 1968 cognoscamus

194 1969 430 2025 quoque
480 1959 654 2014 adhuc
709 1978 842 2032 puer
888 1977 944 2021 et
994 1969 1306 2026 adolescens
1359 1975 1529 2029 sacris
1585 1976 1785 2036 litteris

193 2047 456 2103 eruditus
488 2059 573 2104 est
595 2050 665 2116 δ’,
703 2065 760 2106 ut
795 2055 860 2109 ad
891 2056 1048 2111 Iidem
1091 2060 1301 2116 Domini
1348 2063 1632 2125 salvatoris
1674 2068 1791 2124 illa-

196 2153 332 2192 rum
359 2141 551 2196 semita
582 2147 906 2212 perveniret.
933 2148 999 2203 Et
1033 2150 1100 2206 de
1133 2152 1352 2210 Dauiele
1390 2159 1514 2225 quia
1545 2161 1786 2217 eruditus

192 2240 358 2295 erat,
404 2234 662 2301 scriptum
719 2236 962 2306 legimus,
1011 2243 1152 2311 quod
1195 2246 1274 2298 vir
1321 2247 1701 2306 desideriorum
1737 2254 1785 2285 '°

194 2313 508 2391 appellatus
559 2327 650 2382 sit.
702 2327 899 2399 Joseph
951 2347 1164 2404 quoque
1225 2346 1341 2391 erat
1395 2338 1782 2400 dilectissimus

194 2417 349 2482 patri
396 2431 496 2472 suo
521 2419 586 2487 ⁵¹,
627 2423 878 2490 quoniam
921 2423 1037 2492 ejus
1092 2427 1334 2497 imperiis
1379 2433 1682 2500 serviebat;
1731 2445 1786 2490 et

197 2507 397 2561 decem
427 2524 488 2564 ac
510 2520 717 2581 septem
744 2517 918 2570 adhuc
947 2528 1103 2572 natus
1129 2534 1318 2584 annos,
1351 2533 1614 2593 praecepta
1642 2525 1784 2582 illius

199 2598 384 2668 legem
422 2602 544 2658 vita:
570 2620 678 2659 sua:
708 2606 1097 2663 arbitrabatur.

277 2689 412 2747 LIII.
455 2692 521 2747 Et
555 2694 669 2750 haec
713 2707 905 2752 cuncta
957 2698 1231 2768 replicavi,
1267 2710 1321 2755 ul
1353 2713 1662 2759 sanctorum
1704 2706 1784 2762 vi-

199 2792 290 2837 tas
337 2784 780 2854 considerantes,
820 2806 922 2845 non
963 2793 1396 2863 circumferamur
1441 2798 1584 2851 omni
1631 2813 1781 2855 vento

196 2874 458 2929 doctrina:
483 2875 551 2942 “,
597 2880 691 2934 sed
725 2880 1052 2949 Iabor‘emus,
1093 2895 1147 2940 et
1179 2901 1364 2942 eorum
1413 2892 1782 2946 conversatio-

197 2979 328 3018 nem
365 2975 563 3023 nostrae
591 2969 716 3024 vitta
744 2974 1077 3041 propositum
1125 2977 1418 3035 habeamus
1445 2982 1773 3052 exemplum,

196 3066 263 3110 ut
304 3055 477 3112 simus
513 3059 740 3128 populus
778 3061 871 3118 Dei
912 3066 1218 3132 peculiaris.
1257 3067 1368 3125 Nec
1394 3074 1780 3129 contristamus

196 3146 462 3214 Spiritum
503 3161 773 3218 sanctum,
810 3154 862 3207 iu
899 3172 1005 3225 quo
1041 3160 1231 3229 signati
1260 3177 1447 3218 smnus
1474 3164 1524 3216 in
1556 3165 1642 3219 die
1681 3179 1765 3219 re-

197 3238 528 3308 demptionis
553 3242 634 3310 ⁵³;
673 3258 740 3300 ne
773 3245 922 3301 illum
966 3250 1372 3320 exstinguamus
1422 3256 1474 3310 iu
1525 3257 1676 3311 nobis
1700 3257 1774 3325 “;

195 3338 253 3383 et
283 3331 593 3400 prophetias
625 3349 730 3391 non
773 3346 1178 3397 contemnamus
1203 3343 1282 3410 '3;
1317 3359 1383 3400 ne
1426 3345 1653 3402 forsitan
1684 3364 1780 3403 vo-

198 3422 334 3478 lenti
379 3424 605 3494 Spiritui
635 3438 825 3483 sancto
859 3429 1104 3490 habitare
1133 3435 1186 3490 in
1229 3436 1400 3504 nobis,
1449 3447 1554 3494 neu
1589 3440 1778 3497 deum

195 3511 402 3567 locum.
436 3513 648 3570 Nullum
687 3518 850 3573 alium
897 3521 1182 3578 timeamus
1227 3536 1423 3594 praeter
1464 3529 1654 3596 Deum,
1685 3534 1776 3599 qui

198 3604 344 3657 ultor
367 3614 423 3658 et
438 3603 602 3672 judex
627 3617 708 3664 est
728 3623 952 3676 operum
983 3613 1336 3684 singulorum,
1363 3626 1563 3674 etcum
1587 3631 1776 3678 sancto

195 3702 424 3749 sanctus
461 3705 566 3762 est,
603 3707 658 3752 et
689 3713 812 3753 cum
845 3701 964 3756 viro
995 3703 1279 3761 innocente
1325 3707 1584 3766 innocens
1605 3711 1684 3776 ⁸⁶;
1723 3722 1779 3769 et

195 3782 369 3836 dicit:
408 3782 520 3853 Ego
561 3799 796 3842 amantes
836 3805 918 3844 me
955 3792 1137 3862 diligo,
1189 3803 1240 3847 et
1283 3796 1376 3864 qui
1420 3812 1498 3851 me
1545 3813 1774 3867 quwrent

196 3872 458 3928 invenient
488 3877 741 3944 gaudium
761 3877 839 3942 '7;
871 3890 926 3935 et
963 3882 1085 3937 alibi
1121 3883 1355 3953 loquitur
1387 3903 1409 3957 ε,
1434 3885 1496 3942 Si
1533 3889 1778 3944 ambula-

193 3965 378 4018 veritis
418 3979 600 4022 contra
630 3986 710 4024 me
741 3975 991 4040 perversi,
1029 3991 1121 4046 ego
1150 3977 1428 4035 ambulabo
1467 3990 1651 4036 contra
1687 3999 1776 4037 vos

192 4072 466 4124 perversus
491 4058 559 4112 ⁸⁸.

269 4148 401 4204 LIV.
440 4149 556 4205 Non
588 4153 884 4209 irascamur
920 4155 1180 4222 invicem;
1207 4159 1417 4216 etiamsi
1454 4162 1530 4215 ira
1565 4177 1661 4218 nos
1690 4165 1775 4218 vi-

192 4241 352 4303 cerit,
384 4257 489 4297 non
529 4258 814 4312 peccemus
841 4246 964 4301 irati
989 4249 1054 4314 ",
1087 4249 1216 4304 solis
1255 4252 1555 4307 occubitum
1590 4255 1762 4323 peni-

193 4333 363 4386 tentia
392 4347 829 4404 praeoccupantes
852 4339 918 4391 °°.
963 4338 1366 4397 Meminerimus
1409 4358 1529 4398 esse
1568 4359 1774 4412 prmce-

193 4433 369 4494 ptum,
392 4427 602 4494 quoties
626 4429 868 4497 peccauti
899 4430 950 4484 in
982 4446 1082 4488 nos
1108 4434 1385 4501 ignescere
1412 4434 1668 4490 debemus
1686 4436 1731 4468 “
1754 4455 1771 4504 ;

191 4523 250 4570 et
296 4530 493 4572 munus
522 4529 765 4574 nostrum
818 4522 1126 4592 relinquere
1166 4535 1290 4580 ante
1333 4526 1504 4580 altare
1526 4527 1592 4592 “,
1627 4530 1767 4598 quod

191 4622 536 4678 nequaquam
565 4612 879 4682 suscipitur,
908 4616 952 4670 si
1003 4631 1108 4670 non
1144 4615 1302 4671 fuerit
1335 4620 1774 4678 reconciliatione

191 4701 496 4770 placabile;
545 4711 603 4756 ut
643 4706 912 4772 possimus
963 4707 1146 4763 dicere
1179 4726 1192 4762 :
1229 4709 1443 4765 Dimitte
1491 4713 1638 4766 nobis
1678 4714 1770 4767 de-

190 4794 304 4847 bita
334 4804 546 4862 nostra,
590 4799 729 4850 sicut
766 4809 814 4853 et
861 4816 951 4854 nos
981 4801 1294 4857 dimittimus
1332 4805 1648 4860 debitoribus
1679 4822 1772 4859 no-

191 4885 320 4938 stris
343 4884 408 4936 ⁸³.
453 4883 517 4937 Et
559 4885 848 4955 Apostolus
886 4891 1140 4960 praecepit
1175 4908 1190 4944 :
1229 4889 1288 4946 Si
1329 4893 1443 4962 quis
1481 4893 1632 4947 liabet
1672 4896 1771 4947 ad-

193 4991 370 5029 versus
413 4977 639 5046 aliquem
685 4979 1088 5048 querimoniam,
1126 4982 1260 5036 sicut
1294 4993 1341 5037 et
1383 4982 1624 5038 Christus
1667 4986 1764 5040 do-

193 5066 334 5119 navit
364 5066 533 5134 nobis,
559 5070 633 5122 sic
666 5070 824 5138 facite
853 5071 920 5125 “.
956 5071 1138 5127 Simus
1166 5074 1412 5145 discipuli
1452 5084 1762 5130 mansuetu-

264 5243 310 5275 ⁸³
352 5243 526 5299 Eccle.
570 5263 679 5313 xtt,
717 5249 832 5304 I-7.

192 5311 281 5388 se.
380 5313 513 5388 __‘°__I
547 5311 673 5388 llt-g.
703 5335 809 5384 m,
845 5320 931 5373 η.

193 5381 282 5436 14.
378 5383 424 5415 ⁵³
466 5385 592 5441 ἰὶιῖιΙ.
626 5381 720 5443 30.
798 5381 875 5423 ’⁵⁸
913 5391 1152 5446 lThcss.
1204 5408 1255 5455 v,
1310 5395 1397 5450 19.

201 5455 472 5528 “vitia.
517 5457 606 5512 2i.
686 5462 747 5493 ·⁸⁹
782 5461 925 5515 Psal.
957 5479 1028 5528 tv,
1065 5462 1118 5517 5.

197 5535 271 5596 \_'t,
304 5523 372 5596 I2
394 5523 576 5596 LLuc.
601 5545 652 5582 XI
671 5571 686 5596 ,
714 5531 767 5586 4.

198 5591 251 5662 ι.
328 5594 374 5625 σθ
413 5593 607 5662 Ephcs.
647 5591 696 5662 ιι,
725 5603 775 5655 ι.

149 5733 161 5752 ’
195 5658 250 5719 7.
328 5664 376 5700 ⁷⁸
401 5665 421 5722 ι
450 5658 608 5723 Joau.
642 5658 714 5738 tv,
739 5672 832 5726 2I.

944 5250 990 5283 “
1027 5249 1182 5306 Joan.
1216 5269 1326 5316 ut,
1357 5256 1411 5322 5,
1445 5256 1497 5312 6.

1053 5323 1097 5354 "
1137 5324 1180 5377 ll
1212 5323 1350 5377 Tim.
1394 5343 1490 5390 Ill,
1532 5329 1619 5383 I5.

1230 5463 1274 5494 ‘°
1313 5465 1508 5532 Ephes.
1549 5483 1622 5531 tv,
1653 5466 1742 5520 26.

1609 5258 1654 5291 ⁸⁸
1685 5256 1838 5312 Deut.
1865 5271 1903 5319 ι,
1926 5254 2015 5312 39.

1697 5329 1741 5358 '°
1786 5328 1916 5380 Dan.
1969 5342 2021 5390 ιι,
2051 5325 2138 5380 25.
2217 5328 2260 5358 “
2302 5325 2437 5380 Gen.
2472 5341 2679 5387 xxxv",
2719 5326 2777 5390 2,
2805 5325 2860 5389 ’5,
2893 5324 2978 5378 14.
3055 5323 3101 5354 ⁵⁸
3142 5323 3336 5390 Ephcs.
3377 5337 3449 5384 Iv,

1518 5399 1564 5430 ⁵⁵
1607 5398 1733 5452 ibid.
1759 5396 1846 5450 20.

1821 5466 1861 5498 ⁸¹
1905 5465 2284 5537 Μξιιιιιηινιιι,
2314 5467 2374 5522 2i
2406 5479 2556 5537 seqq.

875 5532 920 5562 “
961 5532 1168 5587 Coloss.
1194 5548 1274 5591 ιιι.
1312 5537 1395 5591 l5.
1473 5537 1517 5570 ”
1561 5537 1702 5592 Psal.
1730 5551 1914 5599 cum,
1945 5536 1996 5589 l.

874 5603 921 5634 ⁷ο
965 5602 1149 5657 Matth.
1176 5619 1226 5669 ν,
1258 5605 1347 5660 48.
1424 5609 1466 5639 ⁷¹
1511 5607 1640 5662 Lev.
1668 5623 1740 5668 xu,
1779 5605 1868 5658 Μ.

926 5673 972 5706 ⁷⁸
1007 5667 1219 5730 I'Joan.
1247 5691 1327 5744 Ill,
1362 5678 1548 5733 l2-H.
1626 5677 1668 5710 ⁷⁷
1709 5667 1769 5731 Α(

1895 5693 1945 5739 x.
1978 5677 2066 5733 52.
2143 5677 2188 5710 ⁷⁸
2227 5677 2269 5730 ιι
2296 5667 2443 5756 Tim.
2473 5691 2546 5741 tv,
2574 5676 2606 5729 6
2633 5676 2687 5730 8.
2762 5673 2808 5705 "
2846 5667 3023 5729 Eccle.
3053 5686 3151 5759 xtl,
3185 5671 3274 5739 I5,
3305 5667 3394 5727 14.

1890 1980 2092 2044 Deum,
2141 1983 2308 2037 donec
2357 1984 2532 2037 veniat
2575 1984 2782 2041 fructus
2833 1987 3054 2056 iustitiae
3112 1990 3284 2045 nobis.
3326 1991 3462 2047 Ecce

1890 2088 2026 2130 nunc
2056 2084 2254 2142 tempus
2287 2075 2616 2143 ucceptabile,
2645 2087 2693 2130 et
2723 2079 2834 2132 dies
2878 2080 3066 2134 salutis
3096 2085 3162 2136 ⁷³.
3207 2083 3273 2137 Ει
3313 2097 3462 2148 vere,

1887 2165 2180 2218 secundum
2237 2167 2376 2234 quod
2416 2167 2672 2234 scriptqu
2718 2178 2844 2223 est:
2883 2169 3163 2226 Plenitudo
3209 2173 3338 2243 legis
3383 2183 3462 2234 est

1887 2254 2093 2308 dilectio
2113 2255 2180 2308 ⁷³.
2214 2253 2421 2310 Joanne
2467 2258 2519 2311 in
2565 2259 2677 2312 haec
2718 2259 2912 2314 eadem
2953 2262 3311 2318 concinente:
3346 2262 3462 2317 Hoc

1885 2356 2195 2414 praeceptum
2246 2349 2536 2414 accepimus
2575 2366 2607 2401 a
2656 2347 2844 2416 Patre,
2886 2360 2942 2404 ut
2981 2353 3216 2422 diligatis
3245 2354 3328 2416 jad
3377 2356 3464 2408 in-

1887 2439 2044 2492 vicem
2071 2437 2149 2501 7‘;
2191 2447 2246 2493 et
2281 2454 2295 2492 :
2329 2439 2432 2503 Qui
2476 2440 2647 2510 diligit
2687 2441 2884 2508 Deum,
2925 2444 3114 2513 diligat
3151 2454 3201 2500 et
3237 2446 3462 2514 fratrem

1885 2545 2039 2582 suum
2063 2530 2144 2593 7';
2176 2538 2272 2584 et:
2311 2528 2434 2583 Non
2469 2531 2601 2584 sicut
2637 2531 2789 2598 Cain,
2817 2536 2907 2600 qui
2950 2551 3016 2588 ea;
3053 2536 3281 2605 maligno
3311 2544 3460 2608 erat;

1883 2629 1929 2672 et
1981 2619 2163 2673 occidit
2218 2619 2438 2689 fratrem
2504 2638 2675 2678 suum.
2721 2621 2789 2676 Et
2853 2641 3014 2694 quare
3065 2627 3295 2681 occidit?
3335 2630 3452 2696 quit.

1883 2728 2045 2781 opera
2071 2713 2186 2782 ejus
2231 2713 2462 2782 maligna
2496 2725 2642 2768 erant
2662 2731 2684 2780 ;
2723 2715 2905 2784 fratris
2944 2728 3117 2772 autem
3147 2719 3258 2787 ejus
3299 2719 3458 2775 bona.

1885 2802 2009 2858 Non
2065 2805 2411 2869 admirentur,
2469 2805 2684 2873 fratres,
2723 2808 2770 2860 si
2821 2809 2988 2862 oderit
3041 2825 3133 2863 nos
3186 2814 3461 2874 mundus:

1883 2913 1975 2952 nos
2002 2899 2196 2952 scimus
2236 2900 2361 2968 quia
2409 2901 2746 2955 transivimus
2773 2901 2836 2954 de
2863 2911 3027 2955 morte
3071 2902 3138 2956 ad
3181 2903 3364 2970 vitam,
3395 2921 3457 2958 eo

1880 2987 2016 3054 quod
2045 2989 2328 3058 diligamus
2359 2987 2554 3056 fratres
2580 2989 2646 3043 ".
2698 2990 2838 3060 Ergo
2882 2990 3168 3062 diligamus
3209 3008 3308 3049 uos
3341 3009 3458 3048 ntu-

1884 3087 1992 3132 tuo.

1953 3168 2084 3223 LVI.
2127 3167 2339 3239 Loquar
2365 3170 2514 3224 aliud
2546 3171 2612 3225 ad
2648 3186 2744 3225 vos
2777 3172 3078 3237 audentius,
3116 3173 3209 3230 lilii
3252 3175 3460 3230 citaris-

1883 3259 2029 3315 simi.
2067 3260 2140 3314 Ex
2170 3275 2278 3328 quo
2307 3260 2537 3315 credidit
2570 3261 2698 3315 mihi
2735 3262 2874 3326 Deus
2902 3264 3330 3319 conversationis
3365 3281 3458 3319 ve-

1879 3360 2005 3402 sme
2053 3360 2109 3402 et
2137 3360 2335 3403 sancttc
2366 3350 2791 3406 conversationis
2833 3366 3069 3422 gregem,
3114 3370 3217 3408 non
3249 3354 3453 3408 cessavi

1878 3438 2133 3511 lact-ymis
2183 3455 2406 3497 monere
2449 3452 2503 3496 et
2546 3445 2740 3499 docere
2784 3445 3056 3514 singulos,
3099 3455 3154 3500 ut
3199 3446 3455 3508 placeatis

1883 3535 2026 3601 Deo;
2068 3553 2166 3591 nec
2205 3540 2446 3594 subiraxi
2483 3539 2699 3608 aliquod
2737 3544 2878 3610 quod
2918 3543 3067 3596 vobis
3096 3541 3225 3596 utile
3255 3543 3454 3596 sentie-

1877 3625 2022 3693 bam,
2055 3638 2110 3680 ut
2140 3643 2243 3682 non
2277 3631 2510 3684 dicerem
2539 3647 2552 3684 :
2595 3628 2656 3683 Et
2687 3648 2824 3685 nunc
2864 3631 3164 3685 commendo
3201 3647 3289 3685 vos
3324 3629 3453 3699 Deo,

1875 3729 1922 3772 et
1968 3720 2119 3774 verbo
2164 3722 2350 3789 gratia:
2391 3722 2536 3788 eius,
2580 3725 2673 3792 qui
2730 3732 2897 3790 potest
2936 3740 3024 3778 vos
3071 3723 3368 3791 mdiﬁcare,
3404 3731 3452 3775 et

1875 3809 2190 3866 darevobis
2239 3814 2600 3868 Itwreditatem
2656 3831 2774 3868 cum
2835 3815 3030 3869 sanctis
3070 3813 3138 3869 ⁷⁷.
3201 3813 3451 3884 Vigilate,

1876 3901 2022 3955 omni
2067 3903 2247 3958 studio
2293 3918 2535 3973 curaque
2589 3904 2898 3960 contendite
2933 3920 2998 3958 ne
3049 3901 3451 3966 obliviscamini

1876 3993 2134 4063 propositi
2178 3995 2379 4061 vestri;
2419 3995 2513 4050 sed
2567 3993 2786 4065 implete
2830 3991 2969 4062 quod
3011 4007 3104 4046 vos
3147 3991 3298 4047 scitis
3331 4001 3455 4044 esse

1876 4086 2162 4158 pollicitos.
2201 4085 2308 4156 Ego
2349 4088 2484 4141 enim
2525 4085 2643 4155 jam
2678 4085 2897 4148 delibor,
2926 4094 2973 4136 et
3005 4094 3204 4150 tempus
3249 4083 3453 4135 resolu-

1876 4179 2033 4232 tionis
2063 4193 2191 4232 mea:
2223 4178 2403 4242 adest;
2433 4179 2523 4242 qui
2558 4186 2821 4230 certamen
2849 4175 3036 4227 bonum
3062 4188 3128 4226 ea:
3166 4180 3312 4239 parte
3340 4185 3454 4223 cer-

1877 4271 2006 4334 tavi,
2037 4285 2254 4323 cursum
2283 4269 2659 4330 consummavi,
2700 4266 2857 4334 ﬁdem
2887 4263 3108 4317 servavi.
3150 4262 3228 4315 De
3265 4270 3451 4314 ca'tero

1877 4361 2109 4428 reposita
2137 4369 2212 4414 est
2249 4360 2376 4413 mihi
2404 4376 2596 4414 corona
2627 4359 2869 4430 justitiw,
2905 4372 3061 4425 quam
3100 4355 3280 4408 reddet
3323 4353 3450 4406 mihi

1876 4452 2129 4506 Dominus
2158 4451 2212 4504 in
2253 4451 2347 4504 illa
2382 4451 2466 4504 die
2499 4451 2676 4519 justus
2708 4449 2914 4520 judex:
2945 4463 3046 4500 non
3086 4445 3254 4500 solum
3291 4443 3444 4508 milii,

1805 4571 1850 4629 ο
1877 4543 1966 4597 sed
2000 4551 2045 4595 et
2095 4542 2330 4596 omnibus
2370 4541 2460 4611 qui
2505 4541 2796 4595 dilexerunt
2838 4538 3104 4609 justitiam
3147 4536 3366 4629 Aejus‘",
3399 4545 3453 4629 et

1876 4632 2054 4688 omnia
2090 4631 2267 4687 Patris
2299 4633 2548 4686 mandata
2580 4631 2839 4686 fecerunt.
2869 4627 3024 4684 Finis
3050 4627 3229 4683 verbi:
3258 4626 3452 4683 Omnia

1875 4723 2025 4787 audi,
2065 4721 2236 4775 Deum
2266 4722 2408 4785 time,
2435 4731 2482 4775 et
2515 4721 2763 4774 mandata
2786 4721 2900 4789 ejus
2924 4720 3163 4784 custodi;
3200 4719 3452 4789 quoniam

1875 4818 2043 4868 omnis
2081 4815 2275 4868 hoino:
2304 4816 2595 4868 universum
2625 4829 2751 4882 opus
2792 4812 2931 4867 Deus
2967 4815 3188 4868 adducet
3219 4815 3273 4867 in
3300 4812 3453 4882 judi-

1874 4905 2034 4972 cium,
2062 4907 2167 4961 sive
2197 4905 2409 4973 bonum,
2437 4908 2543 4960 sive
2571 4906 2766 4959 malum
2792 4907 2860 4959 sit
2887 4906 2954 4960 ".

2215 5038 2447 5112 Explicit
2489 5039 2739 5094 Doctrina
2767 5037 2826 5093 S.
2854 5037 3098 5093 Orsiesii.

2164 5256 2208 5288 "
2249 5255 2417 5310 Exod.
2444 5270 2561 5320 xm,
2590 5253 2653 5320 2;
2697 5253 2829 5310 Luc.
2857 5269 2915 5316 ll,
2947 5253 3038 5308 23.
3148 5253 3192 5284 ’⁷
3234 5251 3361 5305 Luc.
3391 5269 3449 5314 ιι,

1953 5389 2177 5450 “I’sal.
2228 5412 2359 5460 xvtt,
2400 5397 2491 5450 26.
2601 5396 2645 5427 ⁵⁷
2684 5389 2844 5449 PrOv.
2890 5409 3010 5458 vm,
3046 5392 3130 5445 l7.
3187 5389 3199 5390 ί
3237 5391 3282 5460 ⁸⁷
3320 5389 3448 5444 Lev.

2632 5466 2678 5496 ⁶²
2717 5465 2904 5518 Matth.
2934 5478 2984 5525 v,
3013 5461 3099 5515 24.
3173 5461 3218 5492 ⁸⁸
3260 5459 3448 5514 Matth.

2073 5536 2119 5567 “
2161 5529 2317 5590 Nunt.
2350 5553 2446 5603 xtl,
2603 5536 2646 5566 ⁸⁷
2685 5534 2872 5588 Matth.
2897 5549 2949 5603 ν2
2988 5533 3042 5585 4.
3082 5529 3162 5603 Α⁶ᾼ⁸
3197 5531 3360 5603 Prov.
3397 5545 3450 5593 κ,

1947 5607 1991 5636 ⁷³
2029 5603 2071 5658 Il
2101 5605 2307 5668 Cor.vt,
2334 5606 2387 5660 2.
2434 5599 2509 5638 ⁷⁷⁸
2551 5605 2704 5659 Rom.
2742 5619 2859 5668 xm,
2893 5601 2978 5656 I0.
3053 5601 3098 5634 ⁷⁵
3129 5600 3148 5655 ι
3187 5599 3341 5656 Joau.
3373 5615 3449 5666 ιν,
