3884 6268
292 686 391 763 ~L

412 327 518 384 893

1536 339 1812 397 PATRES
1848 338 2152 401 :EGYPTII
2190 334 2459 405 ειεῦιι
2499 350 2590 406 ιγ.

3551 368 3663 426 896

754 587 817 648 S.
869 586 1210 652 ORSIESII
1257 592 1366 654 DE
1408 595 1593 659 SEX
1644 598 2330 668 COGITATIONIBUS
2385 610 2874 677 SANCTORUM
2939 616 3331 685 LIBELLUS.

478 887 553 942 De
581 886 806 945 Domino
851 893 1091 963 cogitare
1131 897 1387 956 debemus
1410 940 1426 966 ,
1472 912 1530 957 nt
1568 906 1897 967 delectemur
1922 914 1977 969 in

409 976 500 1030 illo
526 993 777 1047 sperare,
816 984 880 1037 ad
912 1000 1034 1040 eum
1075 993 1391 1057 recordare,
1432 1004 1491 1050 ut
1535 998 1725 1056 beatus
1766 1003 1970 1060 David:

398 1064 597 1120 ερρυιί
626 1068 875 1125 homines
908 1074 1259 1132 consolantur
1293 1093 1353 1135 se
1407 1085 1645 1140 omnium
1690 1087 1975 1162 dolorum,

405 1163 632 1222 pergunt
678 1166 734 1209 et
775 1160 1120 1217 considerant
1170 1179 1369 1235 agnos,
1416 1178 1469 1223 et
1493 1174 1648 1240 equis
1693 1160 1983 1250 equitant,

404 1258 595 1298 aurum
642 1255 694 1299 et
727 1259 1013 1319 argentum
1048 1265 1310 1322 pensant,
1349 1260 1659 1319 hominibus
1702 1272 1966 1331 tradunt:

402 1331 517 1402 Ego
545 1346 717 1390 autem
749 1355 947 1394 memor
975 1343 1055 1411 [ui
1086 1345 1212 1411 Dei,
1238 1358 1288 1401 et
1321 1350 1605 1409 deleetatus
1632 1373 1748 1414 sum
1770 1402 1786 1430 ,
1815 1374 1863 1418 et
1892 1384 1976 1424 me

402 1426 630 1480 omnium
655 1429 1025 1487 adversitatum
1059 1437 1371 1493 consolabor
1394 1440 1461 1497 ³⁸.

472 1604 547 1660 De
576 1608 824 1675 passione
849 1611 1082 1683 Christi,
1117 1629 1174 1671 ut
1204 1621 1565 1682 sustineamus
1600 1645 1698 1703 pro
1725 1634 1851 1701 illo,
1885 1652 1973 1694 as-

400 1697 551 1751 sidue
583 1701 869 1769 cogitando
898 1713 1061 1775 atque
1102 1711 1383 1767 recolendo
1422 1716 1499 1789 i2)
1542 1697 1682 1792 quod
1723 1697 1971 1797 omnipo-

403 1797 521 1841 lens
567 1790 823 1847 Dominus
866 1808 930 1849 ac
972 1807 1204 1853 aeternus
1251 1801 1340 1857 Dei
1396 1790 1572 1868 Filius
1602 1790 1969 1876 descendit-de

2003 827 2050 884 Δ
2081 826 2304 882 nudabit
2332 844 2471 885 eam.
2509 830 2715 889 Caelum
2744 841 2799 889 et
2830 842 2974 891 terra
3018 839 3322 895 transibunt
3348 858 3364 907 ;
3409 852 3463 898 et
3494 860 3669 900 reve-

2081 915 2212 972 labit
2246 918 2510 979 Dominus
2547 923 2743 979 faciem
2769 926 2920 997 ejus,
2966 929 3018 983 td
3054 939 3138 985 est
3165 970 3181 996 ,
3206 934 3414 1001 aperiet
3450 945 3656 993 terram

2077 1017 2133 1062 et
2193 1012 2488 1079 precedent
2542 1017 2738 1071 mortui
2786 1018 2853 1073 de
2888 1016 3155 1088 sepulcris
3192 1024 3335 1091 suis,
3372 1036 3428 1081 et
3465 1031 3656 1085 omnia

2076 1111 2239 1167 opera
2293 1100 2567 1157 hominum
2624 1106 2974 1175 proferentur
3011 1109 3066 1164 in
3105 1110 3404 1180 publicum.
3447 1115 3657 1173 Omnes

2075 1201 2142 1241 ex
2181 1203 2337 1259 aequo
2379 1194 2603 1250 stabunt
2633 1209 2760 1253 ante
2795 1200 3028 1256 tribunal
3062 1202 3282 1258 Christi.
3311 1204 3465 1259 Nihil
3492 1222 3656 1276 oper-

2073 1288 2220 1347 tum,
2253 1284 2396 1350 quod
2423 1301 2526 1340 non
2567 1288 2880 1344 revelabitur
2912 1308 2934 1357 ;
2998 1308 3092 1347 nec
3146 1296 3442 1361 occultum,
3500 1302 3652 1368 quod

2074 1384 2179 1424 non
2219 1372 2415 1426 scietur
2452 1375 2518 1429 θ’.
2549 1376 2753 1435 Tamen
2796 1393 3017 1450 peccata
3047 1399 3166 1453 qua
3194 1396 3319 1440 ante
3344 1391 3649 1443 emendan-

2076 1467 2180 1525 tur,
2214 1463 2435 1520 sciendo
2481 1467 2532 1522 in
2558 1467 2764 1536 judicio
2791 1472 3104 1531 abscondet.
3152 1475 3208 1531 In
3257 1478 3351 1533 illa
3386 1479 3479 1534 die
3526 1497 3653 1535 ma-

2070 1564 2230 1620 gnam
2262 1553 2398 1609 iram
2430 1555 2526 1612 Dei
2560 1560 2743 1616 nullus
2785 1563 3069 1632 impiorum
3108 1568 3339 1636 evadet;
3388 1571 3511 1627 ideo
3556 1586 3652 1626 re-

2070 1643 2290 1698 cordari
2342 1656 2472 1703 ante
2522 1650 2812 1719 debemus,
2856 1656 2998 1723 quod
3040 1657 3228 1716 beatus
3277 1662 3442 1718 David
3470 1665 3647 1721 dicit:

2066 1729 2347 1790 Iucundus
2369 1738 2525 1793 homo
2555 1743 2611 1795 in
2636 1743 2719 1797 die
2752 1744 2944 1813 judieii
2961 1785 2978 1811 ,
3008 1750 3099 1816 qui
3126 1752 3399 1807 miseretur
3422 1764 3474 1808 et
3498 1772 3641 1808 com-

2067 1828 2293 1891 modat;
2337 1831 2553 1902 insuper
2589 1833 2816 1903 disponit
2855 1840 3088 1907 quotidie
3128 1859 3390 1898 sermones
3418 1863 3544 1902 suos
3586 1849 3647 1903 ire

2158 1876 2241 1880 η---
2274 1876 2288 1891 ,
2339 1876 2539 1902 παρ’.-.
2589 1876 2811 1903 -.-μνηιι
2855 1876 3085 1907 Ὶηνεσυιῠ
3128 1876 3389 1898 curuum”
3418 1876 3495 1901 ill

399 1876 509 1929 Illa
535 1877 792 1933 εωιοτιηιι
823 1882 1102 1940 θιιῖιυάίηθ
1125 1888 1175 1940 in
1207 1889 1498 1953 humanum
1524 1916 1721 1973 corpus
1739 1945 1754 1972 ,
1782 1907 1833 1960 in
1862 1922 1968 1976 quo
2060 1914 2264 1986 judicio
2292 1960 2307 1986 ,
2336 1923 2476 1989 quod
2501 1924 2557 1978 in
2584 1935 2832 1980 wlernum
2864 1944 2967 1981 non
2998 1935 3400 1988 commovebitur
3428 1937 3495 1993 ⁸².

399 1977 587 2021 sancto
622 1983 845 2039 corpore
880 1988 1092 2029 sursum
1126 1978 1177 2031 in
1208 2000 1421 2043 crucem
1459 1992 1698 2049 elevatus
1730 2010 1813 2051 est
1844 2001 1920 2068 ('5)
1948 2018 1962 2065 ;

399 2061 670 2113 revocavit
694 2077 760 2115 eo
785 2065 966 2118 omnia
1018 2079 1249 2136 superna
1306 2095 1465 2149 regna
1512 2086 1579 2139 ad
1626 2102 1810 2155 pacem
1862 2108 1961 2146 no-

398 2158 610 2214 stram;
650 2150 783 2207 fudit
809 2156 1103 2223 pretiosum
1149 2172 1460 2237 sanguinem
1506 2175 1557 2227 in
1608 2150 1804 2232 terram
1842 2197 1857 2246 ;
1894 2198 1959 2238 eo
1993 2169 2033 2223 Β
2072 2188 2123 2242 di

398 2241 553 2298 nobis
600 2246 945 2303 terrestribus
989 2270 1204 2314 sursum
1248 2262 1387 2315 viam
1431 2262 1592 2332 fecit,
1624 2278 1684 2322 ut
1713 2271 1965 2329 {iet-emus

399 2336 707 2407 angelorum
744 2340 911 2403 cives.

1143 2437 1228 2494 lli.

468 2510 546 2569 De
572 2516 700 2572 hora
732 2525 1025 2592 transitus,
1073 2539 1131 2584 ut
1177 2532 1347 2588 simus
1390 2538 1589 2605 parati.
1623 2539 1816 2598 Omnis
1856 2546 1960 2600 vita

396 2601 631 2663 hominis
649 2650 664 2675 ,
692 2614 869 2669 omnis
896 2617 1189 2687 sapientia,
1216 2601 1496 2682 meditatio
1524 2637 1606 2684 est
1639 2634 1827 2688 mortis
1847 2674 1862 2699 ,
1895 2636 1962 2692 de

395 2707 500 2760 qua
535 2710 641 2752 uno
668 2700 755 2756 die
784 2716 977 2759 omnes
1006 2709 1277 2779 sapientes
1306 2718 1653 2787 trepidabunt
1682 2722 1781 2794 (4).

1136 2801 1221 2856 IV.

462 2878 539 2937 De
565 2883 651 2939 die
668 2883 855 2952 iudicii
874 2928 889 2951 ,
921 2900 980 2945 ut
1001 2893 1264 2949 rationem
1292 2896 1599 2955 reddamus.
1632 2901 1855 2974 Magnus
1876 2917 1960 2963 est

393 2968 483 3025 ille
524 2972 641 3029 dies
682 2977 748 3031 ad
790 2980 1171 3050 cogitandum,
1217 2996 1273 3041 et
1310 2990 1587 3045 memoriae
1629 2968 1820 3064 dignus
1856 3013 1881 3061 ;‘
1902 2997 1955 3052 in

391 3075 496 3130 qua
523 3065 608 3120 die
644 3068 905 3126 Dominus
932 3071 1143 3145 franget
1165 3086 1469 3133 creaturam
1492 3122 1507 3147 ,
1536 3097 1693 3151 quam
1731 3084 1783 3139 in
1819 3089 1962 3156 prin-

390 3154 533 3222 cipio
578 3160 803 3216 creavit.
846 3162 985 3220 Ecce
1020 3166 1281 3224 Dominus
1318 3171 1600 3241 dissipabit
1638 3154 1867 3244 terram,
1907 3190 1962 3235 et

2824 2015 2885 2070 V.

2137 2096 2211 2153 De
2245 2098 2491 2167 inferno,
2544 2116 2601 2159 ut
2650 2108 2933 2165 timeamus
2966 2112 3233 2180 terribile,
3283 2116 3423 2183 quod
3468 2115 3647 2175 Isaias

2130 2189 2249 2245 xit:
2290 2189 2492 2247 Vermis
2530 2212 2708 2252 eorum
2752 2217 2855 2255 non
2903 2203 3144 2269 moritur,
3190 2217 3239 2258 et
3278 2208 3414 2277 ignis
3452 2226 3645 2264 eorum

2066 2295 2168 2333 non
2192 2284 2539 2350 exstinguitur
2560 2287 2626 2341 ⁸³.
2663 2290 2868 2347 Vermis
2892 2332 2909 2359 ,
2937 2293 2986 2348 id
3014 2304 3099 2350 est
3121 2333 3137 2359 ,
3165 2298 3494 2353 conscientia
3522 2339 3541 2363 ,
3573 2316 3647 2357 eo

2067 2370 2211 2437 quod
2244 2373 2457 2441 sciunt,
2489 2379 2632 2447 quod
2668 2383 2846 2435 meriti
2882 2385 3063 2440 omnia
3097 2387 3236 2443 mala
3266 2390 3564 2448 sustinent.

2816 2473 2901 2528 \"l.

2136 2553 2211 2609 De
2238 2556 2344 2610 vita
2378 2566 2581 2614 aeterna
2604 2599 2619 2627 ,
2654 2570 2710 2617 ιιι
2745 2565 3141 2637 desideremus,
3170 2570 3258 2627 ubi
3289 2573 3543 2643 gaudium
3584 2584 3642 2630 et

2071 2642 2312 2713 Izetitiam
2346 2646 2604 2704 tenebunt
2636 2655 2809 2708 sancti
2837 2694 2852 2720 ,
2883 2666 2939 2711 et
2970 2656 3136 2730 fugiet
3167 2659 3321 2717 dolor
3348 2671 3405 2718 et
3434 2674 3637 2720 metus.

2066 2732 2141 2788 De
2170 2735 2253 2789 his
2283 2751 2375 2791 sex
2422 2740 2839 2810 cogitationibus
2866 2747 3033 2805 vincit
3068 2752 3246 2807 anima
3280 2752 3413 2823 justi
3453 2755 3640 2812 inimi-

2065 2840 2188 2879 cum
2209 2866 2225 2891 ,
2267 2834 2323 2881 et
2361 2827 2446 2884 his
2478 2834 2784 2890 custoditur
2808 2852 2947 2909 sa'pe
2972 2847 3025 2895 et
3055 2842 3271 2899 assidue
3299 2845 3539 2913 cogitare
3566 2848 3641 2903 de

2067 2913 2290 2971 Domino
2310 2929 2360 2973 et
2384 2922 2652 2991 recolere,
2680 2937 2732 2981 et
2756 2945 2921 2998 super
2949 2934 3128 2987 omnia
3158 2935 3402 3007 diligere,
3427 2948 3487 2991 ut
3512 2949 3640 3009 post

2065 3007 2315 3063 sarculum
2349 3013 2400 3066 in
2428 3023 2684 3071 aeternum
2730 3033 2851 3074 eum
2879 3037 2998 3077 cum
3031 3026 3238 3097 angelis
3297 3036 3351 3082 et
3396 3031 3637 3084 archan-

2064 3098 2197 3167 gelis
2219 3108 2271 3155 et
2297 3116 2418 3157 cum
2443 3108 2693 3165 omnibus
2719 3114 2924 3169 sanctis
2949 3115 3175 3188 diligere
3201 3120 3509 3187 valeamus,
3532 3137 3641 3192 per

2065 3203 2187 3244 eum
2213 3192 2305 3260 qui
2334 3194 2465 3249 vivit
2485 3207 2539 3252 et
2568 3211 2753 3269 regnat
2778 3203 2831 3256 in
2854 3206 3050 3261 saecula
3073 3208 3415 3267 saeculorum.
3433 3213 3636 3268 Amen.

457 3268 504 3300 "
541 3267 683 3325 Psal.
717 3288 902 3341 Lxxvt,
932 3277 986 3333 4.
1063 3279 1105 3312 ⁸¹
1146 3280 1337 3341 Matth.
1368 3301 1401 3339 x
1423 3326 1439 3352 ,
1470 3286 1561 3342 26.
1638 3289 1683 3321 "
1720 3289 1863 3348 Psal.
1890 3310 2012 3361 cxi,
2046 3298 2112 3367 5,
2145 3301 2199 3359 6.
2274 3305 2321 3337 ⁸³
2361 3305 2465 3363 lsa.
2493 3267 2655 3381 LxVI,
2685 3314 2775 3371 Η.

580 3391 686 3471 iis.
720 3396 1064 3471 cogitandum
1099 3411 1264 3471 atque
1293 3406 1658 3465 recolendum.

418 3461 535 3581 I(3)
574 3460 675 3516 Ms.
725 3460 928 3536 in'quo
970 3460 1277 3528 sanctorum
1314 3491 1408 3530 cor
1448 3460 1662 3535 sursum
1700 3481 1752 3536 in
1797 3498 1957 3541 cruce

437 3544 645 3581 evatur.

382 3542 645 3586 elevatur.

2137 3421 2215 3504 (4)
2256 3424 2534 3504 Μεηνὶιε
2586 3429 2818 3488 hominis
2865 3436 3183 3504 sapientiam
3230 3440 3458 3494 mediam
3508 3457 3638 3501 esse

2062 3502 2326 3613 lmortem,
2359 3497 2423 3551 de
2458 3514 2564 3568 quo
2595 3516 2702 3556 uno
2733 3504 2824 3559 die
2852 3497 3041 3563 omnes
3073 3510 3346 3577 sapientes
3374 3497 3621 3581 trepida:

2102 3576 2169 3613 υΙΙ
2202 3603 2214 3613 .

2102 3576 2214 3615 Ulli.

391 3651 3615 3743 Ἥξει,

1612 3806 1782 3853 ANNO
1829 3810 2053 3858 DOMINI
2094 3814 2375 3865 CCCXLVU

1336 4039 1510 4219 s.
1606 3927 2681 4240 SEliAPION

738 4264 3097 4467 ‘THMUITANUSEPISCOPK’JS

1768 4612 2209 4692 ΝΟΤΙΤΙΑ

1214 4730 1536 4802 (ϐΑιιΑῖωη
1580 4737 1693 4797 Vet.
1726 4743 1877 4803 Patr.
1904 4748 2174 4814 Biblioth.,
2202 4757 2239 4805 ι.
2267 4747 2333 4816 ν,
2356 4747 2569 4821 Proleg.
2596 4756 2780 4824 p.1x.)

447 4920 492 4977 l.
518 4918 777 4992 Serapion
813 4922 1205 4996 Egyptius,vir
1221 4933 1520 4989 admirabili
1536 4940 1946 4999 vitwsanctimo-
1976 4953 2021 5012 (ζ
2054 4945 2239 5001 habuit
2301 4947 2654 5019 Serapionem
2708 4966 2935 5022 magnus
2982 4955 3252 5013 Antonius
3294 4959 3464 5015 abbas
3510 4976 3525 5011 :
3566 4961 3624 5018 ei

376 5012 464 5063 nia
497 5022 545 5065 et
580 5014 787 5067 dicendi
827 5017 977 5084 copia
1008 5021 1280 5086 pra’dilus,
1328 5032 1462 5078 teste
1509 5024 1812 5085 Sozomeno
1841 5034 1940 5105 (a),
2050 5037 2316 5108 siquidem
2357 5040 2595 5096 visiones
2632 5057 2757 5097 suas
2803 5042 3063 5101 enarrare
3105 5059 3497 5115 consueverat,
3563 5062 3626 5107 et

373 5102 513 5173 ἀνὴρ
541 5104 598 5166 ἐς
635 5102 702 5157 τὰ
736 5105 966 5175 μάλιστα
997 5108 1087 5163 τὸν
1134 5110 1247 5180 βίον
1288 5113 1572 5183 θεσπέσιος
1625 5123 1720 5176 καὶ
1763 5102 1943 5195 λέγείν

2081 5102 2290 5186 moriens
2312 5131 2561 5187 melotem
2591 5149 2752 5189 unam
2791 5136 3009 5206 reliquit
3037 5138 3132 5206 (c).
3167 5139 3296 5207 Ejus
3323 5141 3450 5195 item
3475 5144 3621 5196 ami-

372 5191 562 5257 δεινός,
608 5196 757 5264 prius
798 5201 1108 5256 monasticae
1150 5204 1446 5275 disciplina:
1480 5211 1675 5277 cultor,
1715 5191 1847 5284 quin
1888 5229 1942 5273 et
2048 5223 2174 5277 citia
2224 5221 2565 5279 familiariter
2606 5228 2861 5282 utebatur
2909 5228 3049 5283 idem
3095 5230 3456 5296 Athanasius,
3518 5237 3616 5303 qui

374 5285 662 5342 multorum
707 5290 917 5345 exstitit
962 5294 1352 5351 monachorum
1400 5300 1721 5372 ἡγούμενος,
1766 5322 1927 5375 quam
2045 5324 2101 5368 et
2124 5314 2222 5383 ipsi
2246 5316 2484 5383 quinque
2509 5315 2787 5387 inscripsit
2817 5318 3107 5387 epistolas,
3155 5323 3244 5375 ubi
3290 5322 3405 5391 ejus
3434 5323 3622 5379 laudes

370 5377 437 5429 ad
488 5377 780 5435 Ecclesiam
827 5380 1206 5441 Thmuitanam
1263 5393 1550 5459 regendam
1598 5407 1938 5465 evocaretur,
2045 5407 2243 5476 passim
2274 5406 2511 5463 celebrat
2535 5424 2598 5465 ac
2629 5411 2823 5466 merita
2854 5412 3087 5467 extollit.

371 5474 431 5520 ut
470 5468 661 5525 scribit
705 5483 926 5547 sanctus
968 5477 1301 5537 Athanasius
1329 5481 1426 5552 (b).
1457 5482 1623 5541 Multo
1661 5486 1716 5542 in
1764 5490 1940 5558 pretio
2046 5468 2064 5476 ’
2116 5494 2225 5550 Sub
2254 5495 2561 5553 Constantio
2616 5502 2847 5572 principe
2894 5503 3098 5558 Ariauo
3134 5504 3291 5558 etiam
3324 5506 3379 5559 in
3406 5505 3619 5561 confes-

441 5604 519 5747 (ag
562 5605 778 5667 Sozam.
816 5611 956 5669 "ist.
989 5615 1169 5677 eccles.
1200 5617 1292 5674 iib.
1327 5635 1401 5685 tv,
1427 5637 1547 5692 cap.
1569 5625 1621 5680 9.

442 5675 493 5743 (ὁ
538 5677 756 5747 Athan.
800 5680 951 5747 Epist
993 5690 1061 5741 ad
1103 5687 1381 5747 Dracont..
1408 5692 1434 5747 ξ
1465 5693 1519 5747 7.
1549 5695 1621 5747 Or

370 5675 756 5813 μερῖἓὸἷηη.
800 5680 951 5752 Epist
993 5690 1061 5741 ad
1103 5675 1434 5764 Dracont.,'§
1465 5675 1687 5767 7:6pp.
1725 5705 1855 5755 tom.
1894 5697 1934 5769 i,

2119 5636 2190 5707 (τ)
2220 5638 2405 5718 ωδεχ,
2427 5614 2632 5718 vq.__s.’
2652 5642 2842 5700 Anton.
2878 5642 2938 5717 ες
2968 5644 3067 5712 sa,
3100 5646 3191 5716 9|,
3223 5653 3355 5704 tom.
3387 5646 3429 5713 t,
3474 5656 3617 5718 part.

2049 5721 2108 5770 tt,
2145 5724 2264 5778 pag.
2304 5710 2429 5775 856,
2472 5712 2593 5766 861.
