3890 6274
215 364 330 422 89'!

1424 360 1484 422 5.
1521 355 1894 417 SERAPION.
1933 391 2004 404 —
2035 360 2334 421 NOTITIA.

3355 375 3459 434 803

147 458 169 466 Ν
197 483 369 535 sione
387 478 612 548 ineptus
641 474 742 545 fuit
767 474 1058 548 Serapion,
1091 476 1654 551 inquit'llieronymus
1677 479 1791 548 (a):
1824 482 1868 538 Α
1897 478 2167 550 simulque
2194 483 2359 536 lani-se
2389 493 2482 536 seu
2517 480 2772 538 Ecclesiae
2795 482 3173 542 Alexandrinae
3199 487 3460 556 regimine

199 569 310 639 qui
345 568 600 624 nimirum
622 583 760 622 unus
787 567 948 623 fuerit
990 583 1056 623 ex
1089 570 1154 624 iis
1182 569 1428 624 Patribus
1457 569 1792 626 Ssrdicensis
1817 583 1830 592 ‘

201 659 444 716 concilii
491 674 637 714 anno
690 657 800 713 547
855 664 1050 726 coacti,
1100 661 1193 729 qui
1242 659 1524 716 Athanasii
1570 675 1790 716 causam

201 752 476 807 adversus
506 737 741 806 Aribnos
770 751 1161 808 defendendam
1191 767 1516 822 suscepere;
1551 752 1792 822 adeoque

197 858 358 900 unus
383 857 451 897 ex
487 841 555 897 iis
591 841 913 898 orthodoxis
963 842 1301 912 prasulibus,
1331 842 1424 912 qui
1469 852 1692 914 urgente
1734 844 1788 896 in

198 933 405 1004 primis
447 931 682 1003 Georgio
723 932 976 989 Ecclesia:
1017 933 1398 989 Alexandrinae
1425 936 1694 1000 invasore,
1736 935 1788 988 in

195 1024 467 1080 exsilium
501 1024 607 1079 acti
663 1023 831 1078 fuisse
876 1034 1194 1084 noscuntur.
1249 1025 1368 1093 Quo
1411 1035 1593 1081 autem
1647 1040 1789 1080 anno

198 1131 524 1189 supremum
560 1117 702 1172 diem
750 1117 1011 1174 clauserit
1057 1117 1320 1189 Serapion
1347 1158 1363 1184 ,
1431 1119 1577 1175 baud
1631 1109 1790 1189 plane

197 1219 550 1280 compertum
589 1208 872 1265 habemus.
913 1210 1048 1266 illud
1091 1222 1299 1266 certum
1340 1211 1788 1282 exploratumque

193 1316 277 1356 ex
331 1300 626 1370 Epiphanio
649 1299 746 1372 (ὁ),
772 1300 1101 1357 Seleuciensi
1123 1301 1358 1357 concilio
1385 1317 1528 1357 anno
1548 1302 1653 1357 359
1695 1313 1786 1355 ce-

187 1391 426 1448 lebrato
455 1390 767 1448 interfuisse
795 1392 1146 1448 Ptolemaeum
1186 1394 1495 1464 episcopum
1515 1394 1786 1452 Thmueos

197 1482 606 1555 Augustonices
655 1497 750 1539 seu
789 1483 1223 1554 Augustanices,
1267 1494 1325 1539 ut
1358 1496 1640 1554 propterea
1684 1488 1784 1542 sub

198 1574 534 1631 Constantio
586 1574 828 1644 principe
874 1583 1000 1630 ante
1051 1575 1180 1630 illud
1232 1577 1542 1642 concilium,
1599 1576 1651 1631 id
1699 1587 1782 1633 est

197 1678 341 1723 ante
365 1681 564 1726 annum
595 1666 723 1732 3’59,
757 1681 788 1722 e
811 1667 918 1722 vita
957 1669 1258 1724 excessisse
1295 1668 1642 1739 Serapionem
1667 1679 1780 1725 sta-

199 1756 376 1812 tuerit
413 1756 656 1814 Valesius
688 1757 783 1826 (c).
807 1753 868 1812 In
899 1759 1058 1813 aliam
1088 1771 1266 1814 tamen
1295 1759 1618 1814 sententiam
1648 1760 1781 1814 abiit

197 1847 591 1905 Tillemontius
631 1824 751 1918 (di,
783 1851 875 1919 qui
927 1849 1096 1905 multo
1143 1850 1319 1905 serius
1382 1850 1500 1917 ejus
1549 1859 1781 1906 mortem
1814 1824 1858 1880 Β

197 1941 499 2011 contigisse
535 1941 798 1996 decernit.

277 2054 335 2108 ll.
381 2052 730 2122 Serapionem
781 2046 1142 2110 confessorem
1190 2054 1334 2109 inter
1381 2067 1477 2109 eos
1529 2051 1782 2108 Ecclesia:

197 2146 454 2200 doctores
488 2155 732 2201 recenset
762 2154 980 2202 sanctus
1011 2144 1374 2216 Hieronymus
1417 2145 1513 2216 (e),
1552 2144 1640 2214 qui
1669 2144 1784 2213 phi-

198 2236 536 2304 losophorum
578 2237 828 2290 doctrinis
855 2248 1009 2306 atque
1039 2235 1308 2290 sententiis
1341 2236 1397 2289 in
1424 2248 1626 2290 tantum
1661 2253 1782 2290 suos

199 2328 504 2382 resarciunt
539 2327 726 2393 libros,
771 2340 828 2381 ut
881 2328 1104 2395 nescias,
1157 2327 1372 2396 inquit,
1408 2326 1536 2397 quid
1579 2328 1633 2380 in
1679 2326 1782 2380 illis

198 2421 431 2485 primum
481 2417 739 2472 admirari
790 2417 1014 2484 debeas,
1062 2417 1411 2474 eruditionem
1460 2418 1662 2484 swculi,
1714 2435 1782 2472 an

199 2510 474 2562 scientiam
501 2507 921 2580 Scripturarum.
964 2509 1030 2564 Et
1076 2509 1200 2564 alibi
1249 2509 1314 2580 (ί)
1339 2527 1352 2562 :
1381 2509 1658 2580 Serapion,
1687 2510 1780 2575 ait,

203 2599 467 2656 Thmueos
494 2603 763 2673 episcopus
801 2602 864 2656 ob
905 2602 1217 2672 elegantiam
1253 2604 1452 2673 ingenii
1501 2619 1782 2673 cognomen

202 2690 540 2758 Scholastici,
596 2693 647 2746 id
685 2701 788 2758 est,
838 2693 939 2748 viri
998 2694 1192 2750 litteris
1237 2709 1302 2750 ac
1347 2694 1592 2749 doctrina
1640 2709 1779 2763 prae-

200 2781 424 2846 stantis,
471 2782 679 2838 meruit.
724 2781 930 2848 Quibus
973 2783 1222 2853 equidem
1283 2784 1524 2841 doctoris
1563 2785 1779 2840 maximi

203 2878 387 2933 verbis
416 2877 468 2932 in
505 2892 623 2934 eam
654 2878 868 2934 demum
904 2879 1228 2934 sententiam
1251 2879 1515 2944 adducor,
1543 2879 1777 2933 utfldem

203 2967 564 3022 adhibendam
591 2981 710 3023 esse
729 2981 982 3023 censeam
1018 2967 1263 3040 Philippo
1313 2967 1534 3037 Sidetas,
1566 2969 1658 3039 qui
1681 2968 1782 3023 Se-

221 3057 504 3126 rapionem
571 3065 693 3128 post
763 3056 1163 3129 Theognostum
1238 3058 1437 3113 schola:
1501 3057 1781 3128 praefuisse

1891 572 2161 637 abdicato,
2210 574 2590 630 cmnobiticam
2623 575 2840 630 vivendi
2869 577 3110 646 ‘forrnam
3143 579 3305 636 fuerit
3345 599 3459 637 sm-

1889 663 2100 734 plexus,
2148 680 2255 734 quo
2295 667 2546 721 nimirum
2604 669 2788 725 turbas
2828 669 2897 724 ab
2930 671 3059 725 Ario
3113 672 3165 728 in
3216 672 3461 734 Ecclesia

1889 757 2152 812 excitatas
2179 756 2489 826 ;declinaret
2517 770 2532 810 :
2559 760 2706 815 unde
2752 761 2819 815 ab
2861 760 3163 820 Athanasio
3207 765 3460 838 deinceps

1889 855 2164 912 evocatus,
2218 847 2287 902 ad
2317 845 2610 903 Ecclesiam
2645 848 3032 907 Thmuitanam
3076 857 3363 925 regendam
3391 859 3461 913 ah

1890 939 2006 1007 ipso
2039 935 2197 992 fuerit
2224 946 2441 993 evectus
2469 947 2586 1008 post
2616 940 2826 1005 Caium,
2879 942 2968 1011 qui
2999 943 3170 997 eidem
3207 945 3459 1003 Ecclesia:

1889 1028 2121 1098 praefuit,
2169 1028 2368 1098 quique
2407 1031 2611 1100 synodo
2659 1031 2872 1087 Nicena
2900 1031 3208 1091 interfuisse
3244 1052 3460 1108 compe-

1890 1121 2045 1173 ritur.

1956 1227 2043 1283 111.
2083 1227 2257 1298 Porro
2299 1244 2364 1285 ex
2405 1232 2472 1286 iis
2509 1246 2631 1301 qua:
2669 1232 2865 1288 litteris
2915 1238 3257 1309 consignavit
3298 1239 3458 1296 Sera-

1887 1317 2032 1386 pion,
2063 1334 2202 1373 unus
2239 1319 2486 1374 adversus
2519 1317 2995 1378 Manichwosliber
3022 1337 3263 1394 superat,
3297 1345 3455 1398 quem

1883 1409 2144 1479 egregium
2198 1409 2428 1478 appellat
2471 1409 2828 1482 Hieronymus
2885 1412 2983 1484 (lt).
3039 1413 3287 1486 Idemque
3324 1434 3460 1489 Opus

1885 1501 2067 1556 laudat
2123 1516 2337 1571 quoque
2375 1501 2597 1558 Photius
2641 1504 2694 1558 in
2727 1504 2984 1574 ,Epitome
3029 1508 3094 1562 de
3146 1508 3456 1566 Manicluet's

1885 1593 2320 1663 repullulantibus
2373 1594 2476 1667 (I);
2545 1597 2634 1651 ubi
2668 1598 2984 1666 scriptorem
3028 1610 3272 1656 nostrum
3317 1604 3458 1661 inter

1884 1685 2059 1742 claros
2098 1687 2242 1743 illius
2273 1689 2370 1743 aevi
2401 1689 2673 1744 antistites
2705 1687 2894 1756 refert,
2927 1690 3184 1764 Cyrillum
3226 1695 3457 1761 scilicet,

1885 1776 2260 1848 Epiphanium,
2326 1778 2508 1834 Titum
2568 1780 2911 1836 Bostrensem
2983 1783 3458 1852 Alexandrumque

1887 1867 2348 1940 Lycopolitanum,
2369 1871 2458 1941 qui
2487 1873 2750 1930 adversus
2781 1873 2988 1928 Manem
3007 1873 3236 1944 ejusque
3262 1890 3460 1944 sequa-

1886 1976 1976 2016 ces
2001 1962 2198 2032 Stylum
2232 1961 2524 2027 strinxere,
2551 1973 2608 2018 ut
2630 1964 2858 2019 advertit
2882 1965 2949 2020 cl.
2979 1964 3304 2035 Lequienius
3339 1967 3457 2037 (ut).

1886 2050 1984 2108 llic
2014 2065 2195 2108 autem
2213 2053 2414 2109 i’hotio
2449 2055 2646 2110 dicitur
2687 2066 2894 2124 auctor,
2943 2059 3232 2130 Σαραπίων
3280 2061 3309 2114 ὁ
3358 2059 3458 2131 τῆς

1883 2141 2172 2214 Θμούεωςο
2210 2153 2264 2198 et
2291 2143 2419 2198 alibi
2457 2144 2532 2216 (η)
2568 2146 2867 2218 Σεραπίων.
2916 2146 3008 2203 Sic
3038 2157 3092 2203 et
3120 2151 3291 2217 ipsum
3333 2148 3458 2203 sub-

1892 2236 2014 2290 inde
2062 2236 2296 2307 appellat
2332 2238 2639 2308 promiscue
2671 2251 2910 2309 gmagnus
2956 2241 3308 2295 Athanasius.
3349 2237 3455 2294 Sed

1885 2330 2017 2385 nihil
2045 2329 2209 2385 refert
2245 2347 2260 2384 :
2288 2346 2391 2386 vox
2423 2331 2567 2385 enim
2609 2331 2848 2403 Σέραπις
2881 2334 3020 2388 unde
3055 2348 3254 2389 nomen
3283 2333 3452 2388 dedu-

1882 2431 2049 2486 ctum,
2106 2422 2279 2492 inquit
2341 2421 2771 2478 Montfauconius
2818 2424 2918 2495 (0),
2982 2424 3238 2482 scribitur
3291 2424 3454 2480 etiam

1883 2515 2128 2587 Σάραπις
2181 2516 2321 2584 apud
2365 2517 2704 2573 Clementem
2741 2517 3161 2573 Alexandrinum
3194 2516 3276 2588 (p)
3325 2517 3454 2573 item

1883 2606 2020 2677 apud
2045 2605 2328 2674 Origenem
2365 2605 2437 2675 (q)
2483 2617 2538 2660 et
2568 2605 2692 2662 alibi
2727 2607 2928 2675 passim
2970 2605 3110 2674 apud
3141 2605 3452 2674 scriptores.

1952 2697 2135 2767 Neque
2163 2698 2250 2752 hic
2287 2696 2804 2766 prmtermittendum
2833 2711 3053 2750 aureum
3087 2699 3243 2764 plane
3288 2693 3454 2750 Sera-

1880 2789 2058 2859 pionis
2083 2788 2310 2854 dictum,
2344 2788 2488 2857 quod
2511 2803 2578 2842 ex
2611 2788 2838 2855 Evagrio
2860 2787 3048 2841 recitat
3069 2785 3322 2844 Socrates
3344 2786 3450 2858 (r):

1883 2877 2249 2948 Thmuitarum
2283 2876 2534 2932 Ecclesia:
2567 2877 2783 2945 angelus
2814 2876 3054 2947 Serapio,
3091 2878 3286 2947 inquit,
3321 2879 3455 2933 dice-

1883 2968 1992 3033 bat,
2017 2976 2239 3024 mentem
2285 2969 2492 3038 quidem
2519 2967 2775 3036 spiritalis
2817 2968 3047 3022 scientia
3076 2968 3268 3022 haustu
3305 2968 3454 3037 plene

1881 3059 2130 3130 purgari;
2178 3067 2354 3128 partes
2405 3066 2581 3112 autem
2644 3059 2838 3112 animle
2883 3057 2964 3110 ira
3029 3058 3450 3126 eﬂ'eruescentes,

203 3148 588 3204 Alexandrinae
615 3157 850 3205 testatur
882 3150 980 3223 (g).
1025 3149 1102 3202 Ad
1127 3164 1286 3219 quem
1316 3149 1492 3204 locum
1536 3147 1780 3202 Dodwel-
1807 3161 1852 3222 ο
1883 3153 2137 3207 charitate
2200 3153 2383 3206 sanari
2406 3165 2426 3204 :
2447 3168 2638 3220 pravas
2691 3167 2810 3206 vero
2865 3151 3178 3218 cupiditates
3237 3167 3355 3220 qua!
3396 3152 3453 3204 in

204 3237 294 3293 lus
343 3239 596 3295 observat
643 3239 746 3310 (lt),
777 3237 1088 3308 hujusmodi
1130 3237 1358 3308 Philippi
1408 3236 1772 3292 testimonium

212 3343 286 3384 ex
318 3344 386 3385 eo
409 3328 722 3386 confirmari
764 3344 943 3401 posse,
997 3329 1138 3401 quod
1181 3327 1514 3399 Epiphanius
1565 3327 1617 3382 in
1659 3327 1772 3381 Arii

201 3431 404 3476 exortu
434 3421 740 3492 complures
772 3421 1106 3478 Alexandria:
1137 3419 1408 3476 Ecclesias
1442 3418 1778 3489 presbyteris

202 3511 600 3569 Alexandrinis
625 3513 964 3568 concreditas
991 3512 1234 3568 nominet
1261 3510 1372 3583 (i),
1405 3523 1605 3580 easque
1636 3509 1778 3563 inter

205 3603 515 3670 Serapionis
569 3602 734 3660 etiam
797 3603 1088 3658 Ecclesium
1151 3608 1462 3666 enumeret,
1515 3613 1677 3669 quam
1729 3598 1776 3653 is

206 3695 463 3751 nimirum
510 3704 639 3752 tunc
681 3695 939 3766 temporis
977 3695 1424 3760 administrabat,
1463 3702 1522 3747 ut
1546 3691 1778 3762 proinde

207 3788 356 3843 inter
403 3785 635 3843 clericos
689 3785 942 3842 Ecclesia:
995 3785 1377 3842 Alexandrina:
1444 3787 1556 3854 jam
1619 3791 1775 3838 antea

204 3889 494 3950 cooptatus
518 3919 534 3944 ,
591 3879 788 3935 ibidem
834 3879 1028 3937 exinde
1066 3879 1122 3935 in
1172 3892 1397 3937 munere
1443 3877 1778 3935 cateclietico

207 3969 558 4043 Theognosto
589 3971 934 4027 successerit.

279 4081 407 4137 Haec
461 4091 640 4137 autem
690 4081 763 4135 ita
821 4080 1071 4153 componi
1130 4095 1288 4152 posse
1346 4079 1592 4137 duxerim
1659 4094 1775 4135 rum

210 4177 281 4230 lis
316 4188 436 4243 qua
461 4173 709 4242 superius
729 4173 796 4229 de
822 4173 1136 4243 Serapionis
1172 4173 1490 4228 monachatu
1519 4187 1584 4228 ex
1612 4170 1778 4226 Atba-

213 4267 371 4324 nasio
403 4265 462 4321 in'
507 4267 741 4322 medium
788 4266 1014 4332 adduxi,
1061 4273 1119 4320 ut
1141 4266 1314 4337 primo
1347 4265 1564 4333 quidem
1594 4263 1682 4319 ille
1710 4262 1777 4316 ad

219 4359 516 4416 catechetae
539 4371 735 4411 nmnus
767 4356 1080 4412 obeundum
1111 4355 1164 4410 in
1195 4354 1555 4410 Alexandrina
1595 4351 1779 4408 schola

1879 3243 2111 3296 animum
2151 3242 2403 3311 inﬂuunt,
2437 3242 2663 3296 coerceri
2699 3241 3036 3294 abstinentia.
3091 3239 3283 3309 Ἔλεγε
3317 3240 3376 3294 δὲ
3423 3241 3453 3293 ὁ

1879 3335 1981 3404 τῆς
2019 3334 2299 3405 Θμουῖτῶν
2332 3333 2660 3406 Ἐκκλησίας
2687 3332 2914 3401 ἄγγελος
2951 3332 3262 3404 Σαραπίων,
3309 3333 3390 3385 ὅτι
3424 3335 3454 3385 ὀ

1880 3418 2003 3483 νοῦς
2040 3420 2137 3490 μὲν
2171 3420 2425 3484 πεποκὼς
2442 3418 2812 3491 πνευματικὴν
2857 3419 3054 3488 γνῶσιν
3079 3418 3296 3484 τελείως
3318 3421 3452 3474 καθ-

1879 3506 2130 3576 αίρεταιο
2187 3505 2374 3579 ἀγάπη
2399 3507 2558 3560 ’δὲ’-τὰ
2593 3507 2988 3577 φλεγμαίνοντα
3032 3508 3194 3580 μόρια
3227 3508 3319 3562 τοῦ
3360 3509 3454 3563 θυ-

1884 3598 1986 3670 μοῦ
2015 3598 2342 3671 θεραπεύειο
2379 3599 2630 3672 πονηρὰς
2669 3599 2727 3652 δὲ
2763 3599 3057 3670 ἐπιθυμίας
3093 3601 3449 3672 ἐπιρρεούσας

1884 3692 2095 3762 ἵστησιν
2123 3691 2442 3763 ἐγκράτεια.
2468 3692 2639 3758 Quam
2673 3692 2886 3761 quidem
2917 3692 3088 3746 sancti
3135 3691 3307 3747 Patris
3332 3708 3454 3748 sen-

1884 3783 2105 3837 tentiam
2134 3795 2422 3854 propterea
2456 3785 2859 3854 descripsimus,
2903 3785 3044 3856 quod
3072 3784 3124 3840 in
3148 3785 3264 3855 ejus
3291 3801 3453 3855 opere

1881 3874 2178 3944 superstite
2200 3874 2448 3946 nuspiam
2476 3886 2745 3932 occurrat.

1958 3987 2155 4045 Verum
2187 3989 2232 4045 si
2257 3989 2478 4060 sapiens
2511 3989 2816 4058 hujusmodi
2868 3989 3107 4052 cﬂ'alum,
3159 3988 3453 4059 Serapione

1881 4080 2046 4153 plane
2083 4079 2496 4151 dignissimum,
2538 4080 2591 4134 in
2629 4080 2746 4148 ejus
2787 4081 2929 4135 libro
2987 4081 3229 4135 adversus
3277 4082 3452 4134 Mani-

1882 4173 2054 4228 clneos
2081 4173 2241 4228 hodie
2263 4187 2370 4227 non
2394 4179 2606 4238 exstat;
2651 4172 2703 4226 in
2737 4187 2803 4227 eo
2847 4180 2998 4228 certe
3043 4170 3145 4225 alia
3172 4169 3450 4237 complura

1883 4279 1942 4319 se
1971 4263 2165 4333 legisse
2209 4262 2493 4333 profitetur
2540 4261 2726 4316 Sixtus
2765 4260 3044 4323 Senensis,
3075 4275 3194 4329 quae
3247 4258 3448 4316 frustra

1884 4368 2028 4408 nunc
2082 4352 2347 4421 requiras,
2379 4360 2437 4406 ut
2479 4351 2706 4421 proinde
2753 4349 2921 4406 multo
2971 4349 3182 4404 auctius
3229 4347 3451 4418 hujusce

212 4450 378 4505 fuerit
438 4459 751 4518 assumptus
804 4449 1000 4505 saeculo
1058 4465 1120 4504 ιιι
1189 4447 1488 4512 desinente,
1540 4445 1654 4500 sive
1727 4459 1780 4501 tv
1812 4509 1851 4518 _
1884 4444 2064 4512 operis
2095 4443 2390 4514 exemplar,
2441 4457 2604 4514 quam
2640 4457 2745 4512 quo
2782 4442 2836 4496 in
2877 4441 3284 4512 praesentiarum
3316 4438 3451 4495 frui-

213 4544 467 4608 ineunte;
521 4509 641 4610 posi
667 4539 1068 4614 Theognostum
1113 4539 1343 4603 scilicet,
1385 4509 1483 4606 qui
1505 4537 1647 4593 circa
1686 4552 1782 4590 an-
1810 4509 1860 4569 θ
1886 4509 2009 4590 mur
2030 4535 2146 4591 sive
2167 4509 2358 4591 Graece
2382 4509 2497 4590 sive
2522 4509 2730 4597 Latine,
2758 4509 3155 4602 ipsevhabuisse
3171 4531 3450 4594 videatur;

213 4648 343 4690 num
366 4631 492 4698 282,
523 4630 665 4686 Caro
689 4629 1007 4701 imperante,
1037 4631 1293 4688 claruisse
1331 4629 1690 4692 existimatur,
1723 4635 1780 4682 ut

213 4724 342 4778 alibi
397 4721 634 4778 vidimus
666 4720 732 4793 (j)
769 4739 782 4776 :
813 4721 1006 4778 deinde
1042 4723 1496 4781 vcro.catechctae
1536 4733 1776 4782 munere,

313 4938 368 5004 a)
406 4935 628 4994 Hieron.
665 4936 741 4991 De
765 4937 864 4991 vir.
884 4934 1106 5004 illusl‘r._,
1137 4946 1258 5004 cap.
1284 4932 1376 4989 99.

313 5000 598 5077 bl’Epipb.
623 5005 762 5062 Hier.
791 5019 984 5077 Lxxttt,
1017 5000 1159 5077 §$li.

315 5078 360 5148 c)
401 5071 577 5148 galea.
606 5085 718 5148 no_t_.
750 5077 818 5129 ad
847 5071 1049 5148 Socrat.
1079 5071 1276 5148 lib.__t_t_r_,
1311 5087 1433 5142 cap.

287 5141 369 5218 (α’)
399 5146 612 5218 'Iillem.
652 5144 811 5218 Hem.
837 5147 964 5218 sccl.
1002 5141 1292 5218 tom:_\llll_,
1324 5141 1446 5218 pag.
1475 5142 1566 5196 45.

296 5210 368 5287 (ἡ
409 5212 630 5287 Hieron.
675 5215 833 5287 epist.
868 5214 956 5278 70,
990 5210 1186 5287 alii“,
1216 5215 1287 5267 ad
1321 5210 1572 5282 Magnum
1601 5224 1763 5280 orat.,

217 5279 370 5344 nut'n'.
401 5287 456 5352 4,
487 5284 620 5355 Opp.
651 5279 778 5340 toin.
808 5285 848 5350 l,
873 5299 995 5354 pag.
1023 5279 1145 5334 4Ξ7.

290 5357 354 5430 (Γ)
395 5350 469 5430 Id.
495 5350 700 5430 Iib.__D_e
722 5357 817 5409 uir.
847 5350 1202 5430 illnjtr.,cap_.

292 5421 368 5496 lg)
407 5426 546 5481 Phil.
578 5425 696 5480 Sid.
731 5428 894 5480 serui.
931 5424 1023 5487 24,
1056 5423 1196 5490 apud
1236 5423 1420 5478 Dodw.
1457 5421 1510 5478 in
1544 5423 1774 5494 append.

253 5498 286 5551 d
315 5498 531 5551 dissert.
566 5497 706 5551 Iren.
728 5513 846 5551 nati.
880 5493 1005 5551 488.

220 5507 286 5553 ad
315 5507 531 5552 dtssert.
566 5507 706 5552 Iren.
728 5513 846 5567 pag.
880 5507 1005 5551 s88.

293 5566 368 5638 (lt)
402 5564 592 5638 βοάν.
622 5567 661 5638 l.
693 5582 743 5622 c.
778 5582 897 5636 pag.
929 5564 1060 5638 512‘.

319 5637 358 5706 i)
401 5637 587 5705 Epiph.
621 5634 931 5694 Βᾶθι-(ιλιι.
967 5634 1070 5706 §‘2_.

331 5698 364 5776 ἵ)
405 5698 704 5776 Pi'olegom.
755 5709 822 5760 ad
860 5698 992 5760 tom:
1033 5703 1096 5759 Ill
1142 5701 1279 5758 Bibl.
1332 5698 1474 5767 PP.,
1525 5713 1646 5772 cap.
1685 5698 1777 5768 i9,

331 5817 347 5844 9

228 5776 260 5851 ς
290 5774 354 5844 Ξ,
377 5791 498 5847 pag.
534 5774 627 5830 50.

1884 4641 1950 4682 eo
1987 4627 2039 4682 in
2078 4627 2270 4697 primis
2311 4628 2527 4682 nomine
2573 4625 2715 4694 quod
2775 4623 2902 4678 illud
2955 4622 3270 4694 Serapionis
3315 4635 3456 4706 opus

1883 4719 2062 4789 ingens
2117 4734 2181 4772 ac
2231 4718 2609 4773 nobilissimum
2647 4725 2801 4772 vocet
2845 4713 2939 4785 (s),
2992 4707 3451 4785 quanquambazc

1955 4932 2031 5003 (lt)
2067 4930 2294 5003 Bieron.
2320 4931 2414 4987 lib.
2434 4931 2509 4986 De
2540 4933 2638 4987 vir.
2667 4930 2887 4996 illustr.,
2915 4947 3037 5003 cap.
3064 4932 3154 4987 99.

1956 5001 2020 5071 (Ι)
2062 5001 2220 5058 Phot.
2253 5002 2397 5060 Epit.
2440 5004 2504 5057 de
2530 5003 2708 5070 Mam,
2749 5005 2892 5073 apud
2935 5001 3252 5068 Montfauc.,
3304 5003 3444 5060 Bibl.

1883 5069 2073 5126 Coisl..
2105 5088 2225 5126 nae.
2261 5071 2387 5126 554.

1929 5088 2700 5212 ⁰¹;ξῑ·ιῗὲςῗ.;εὲξξῗὸτ.ςιηε.ε.,
2733 5150 2862 5196 ιοηι.
2896 5140 2959 5203 ιι.
2988 5156 3108 5210 ρης.
3143 5141 3265 5198 540.

1951 5144 2032 5352 gn)
2073 5211 2228 5266 Phot.
2260 5209 2398 5264 Bibl.
2428 5214 2551 5266 cod.
2578 5227 2776 5272 Lxxxv.
2813 5227 2936 5281 pag.
2961 5211 3088 5266 205.

1973 5279 2358 5352 o)il_ontfauc.
2403 5282 2471 5336 ad
2511 5281 2649 5351 Opp.
2699 5283 2898 5336 Athan.
2937 5291 3070 5337 tom.
3117 5280 3156 5346 Ι,
3193 5293 3265 5350 pa

1952 5279 2026 5352 (ο)
2068 5279 2358 5336 Montfauc.
2403 5282 2471 5336 ad
2511 5281 2649 5351 Opp.
2699 5279 2907 5336 Athan
2937 5291 3070 5337 tom.
3117 5280 3156 5346 Ι,
3193 5288 3332 5350 part.
3381 5294 3443 5344 ιι,

1951 5349 2156 5420 ειϐ90,
2183 5359 2294 5405 not.
2475 5418 2500 5420 _
3127 5417 3143 5420 Α

1956 5416 2032 5558 (μζ
2075 5421 2246 5475 Clem.
2279 5420 2435 5475 Alex.
2463 5418 2660 5475 Strom.
2691 5420 2788 5499 lib.
2822 5435 2860 5483 ι,
2893 5434 3012 5490 pag.
3048 5416 3172 5473 3‘22.

1953 5495 2022 5573 ('q‘
2067 5489 2290 5573 Qrigen.
2321 5501 2512 5573 contra
2549 5489 2808 5573 (ξειξλιὼ.
2845 5504 2898 5552 v,
2928 5487 3204 5573 pag-.354.

1954 5557 2027 5636 tr)
2065 5557 2277 5636 Sperat.
2312 5559 2616 5636 Hist.__e_ccl.
2646 5559 2738 5612 lib.
2770 5572 2847 5636 ιχ,
2883 5557 3128 5628 εθρζνὶό.
3159 5625 3256 5636 ω
3359 5624 3393 5636 η

1945 5625 2022 5701 (s)
2064 5628 2204 5684 Sixt.
2239 5631 2368 5692 Sen.
2397 5629 2539 5686 Bibl.
2571 5638 2741 5684 sanet.
2768 5628 2859 5684 lib.
2899 5625 2976 5698 ιν,
3000 5642 3124 5698 pag.
3159 5625 3286 5691 199,
3307 5625 3444 5684 edit.

1881 5697 2055 5755 Paris.
2087 5699 2245 5755 1610.

1879 5366 1946 5422 pa
