3884 6268
445 329 550 387 899

1538 328 1809 386 PA'IRES
1845 331 2148 390 )EGYPTII
2187 332 2459 396 SIECULI
2494 335 2581 393 IV.

3607 343 3711 399 900

443 454 610 509 verba
662 451 728 508 de
766 452 1035 509 rationum
1082 450 1318 523 pondere
1364 465 1426 505 ac
1475 452 1653 521 operis
1696 457 2020 524 praestantia
2055 465 2098 520 Λ
2127 469 2308 512 contra
2340 459 2678 525 Maniclueos,
2710 460 2862 530 cujus
2891 460 3206 530 principium
3242 471 3317 516 est
3350 477 3369 516 :
3399 479 3427 514 ι
3455 460 3708 518 Diss'olsit

445 544 746 613 Basnagius
792 545 1037 614 accipere
1090 542 1242 598 malit
1306 543 1404 613 (a).
1459 542 1594 597 Loca
1649 548 2024 602 tantummodo

445 639 749 694 excitamus
793 651 859 690 ex
893 635 1135 704 ejusdem
1197 635 1333 690 Sixti
1383 634 1640 691 Senensis
1695 637 2022 694 Bibliotheca

443 738 629 784 sancta
659 729 763 799 (b);
795 742 857 783 ea
887 727 1152 797 siquidem
1185 741 1330 781 nunc
1363 737 1620 782 excutere
1663 728 1806 783 haud
1841 739 2022 784 vacat.

444 821 501 876 In
524 823 718 892 quibus
753 831 929 875 tamen
957 819 1261 876 referendis
1292 820 1464 888 ipsum
1492 834 1728 888 errasse,
1757 829 1918 890 alque
1956 819 2024 874 ab

445 914 554 968 alio
583 914 846 982 scriptore
879 912 968 967 illa
993 926 1115 967 esse
1146 925 1205 967 se
1237 919 1539 965 mutuatum
1564 922 1749 966 censet
1777 911 2025 966 laudatus

443 1005 741 1073 Basnagius
772 1003 870 1075 lc).
902 1005 976 1059 De
1002 1004 1068 1058 iis
1098 1003 1313 1056 interim
1349 1001 1655 1057 Fabricium
1699 1002 1810 1072 (ά),
1841 1001 1936 1059 sed
1970 1003 2023 1056 in

451 1097 644 1165 primis
688 1094 944 1150 lluetium
970 1094 1039 1164 (e)
1083 1093 1367 1149 consulere
1396 1093 1538 1148 haud
1573 1094 1804 1148 otiosum
1840 1093 2020 1148 fuerit.

515 1187 605 1241 IV.
646 1185 763 1239 .Iam
800 1193 1070 1253 superest,
1121 1193 1180 1239 ut
1217 1184 1284 1246 de
1310 1183 1626 1252 Serapionis
1671 1183 1818 1238 edito
1850 1199 2023 1253 pauca

445 1281 712 1334 dicamus.
752 1277 881 1332 Illud
921 1277 1102 1346 itaque
1148 1277 1325 1346 primo
1363 1276 1582 1330 ineunte
1628 1275 1828 1331 saeculo
1859 1290 2024 1346 supe-

444 1370 589 1425 riore
637 1369 873 1439 vulgavit
917 1367 1183 1424 Henricus
1247 1367 1496 1422 Canisius
1539 1366 1607 1435 (1‘)
1657 1383 1723 1422 ex
1776 1369 2024 1423 versione

441 1462 718 1528 Fraucisci
752 1460 1042 1515 Turriaui:
1097 1459 1239 1514 unde
1282 1468 1466 1529 postea
1498 1459 1549 1513 in
1591 1459 1758 1514 variis
1797 1459 2023 1514 Patrum

439 1554 777 1608 Bibliotltecis
805 1566 1087 1607 excusum.
1136 1551 1322 1605 Graeca
1357 1565 1489 1605 vero
1527 1550 1669 1605 haud
1703 1551 1776 1604 ita
1817 1551 2021 1620 pridem

439 1645 608 1700 edidit
645 1644 698 1698 in
727 1659 825 1697 suo
871 1641 1137 1696 Thesauro
1172 1637 1462 1694 Canisiano
1511 1639 1806 1710 Basnagius
1842 1639 1919 1710 (g)
1953 1655 2020 1695 ex

440 1749 543 1787 nis.
571 1731 756 1787 codice
800 1729 1155 1784 llolsteniauo
1201 1728 1537 1783 bibliotheca:
1567 1727 1824 1784 Joanuea:
1855 1727 2021 1783 llam-

2125 565 2353 603 errorem
2393 553 2606 615 ueritas,
2635 571 2654 602 ι
2681 553 2736 606 in
2794 568 2896 621 quo
2947 555 3022 607 sic
3077 554 3150 606 ait
3187 569 3206 606 :
3237 570 3258 604 ι
3287 552 3514 619 Quando
3574 558 3715 609 enim

2125 639 2385 693 hominem
2422 641 2606 696 Iesum
2649 642 2820 706 uideo,
2859 643 3095 713 intelligo
3144 644 3318 713 qualis
3348 655 3472 698 est:
3494 648 3712 714 quando

2125 743 2298 786 autem
2324 733 2547 790 modum
2573 735 2916 802 contemplor,
2951 737 3190 788 admiror
3225 752 3386 803 neque
3430 753 3667 806 agnosco
3693 754 3712 791 :

2124 826 2344 878 mutatio
2398 826 2586 894 quippe
2625 826 3025 882 admirationem
3070 838 3305 896 prestat.
3353 826 3419 882 Et
3453 833 3704 886 assentire

2123 914 2330 984 quidem
2374 925 2589 971 mutatae
2620 934 2723 971 non
2756 928 2874 972 sunt
2907 934 2925 973 :
2957 930 3132 973 manet
3169 920 3305 973 enim
3339 935 3528 990 corpus
3549 961 3564 986 ,
3605 939 3711 976 non

2125 1007 2346 1062 alterum
2362 1009 2600 1078 e/I‘ectum
2630 1026 2648 1064 :
2679 1026 2842 1076 neque
2865 1012 3004 1065 enim
3033 1028 3221 1080 corpus
3245 1013 3301 1067 in
3331 1013 3711 1082 incorporeum

2126 1114 2336 1153 uersum
2356 1109 2430 1153 est
2455 1116 2472 1161 τ
2512 1117 2675 1168 neque
2701 1104 2904 1165 animo,
2935 1103 3102 1156 altera
3129 1119 3221 1170 per
3248 1106 3527 1159 essentiam
3549 1110 3717 1162 exsti-

2124 1190 2206 1254 tit,
2233 1189 2324 1242 sed
2357 1190 2684 1244 manentibus
2717 1193 2974 1258 essentiis,
3013 1194 3196 1247 studia
3238 1211 3339 1250 non
3373 1208 3710 1252 manserunt.

2131 1278 2472 1350 Nequaquam
2515 1283 2652 1336 enim
2683 1284 2987 1337 essentialia
3022 1294 3142 1338 sunt
3176 1273 3356 1340 studia
3387 1300 3409 1339 :
3437 1304 3560 1341 nam
3598 1306 3718 1342 ma-

2125 1379 2301 1424 nerent
2355 1386 2474 1423 cum
2517 1371 2778 1435 essentiis,
2818 1382 2864 1426 et
2907 1385 3011 1426 non
3067 1373 3420 1442 auferreatur.
3445 1395 3466 1430 ι
3502 1378 3570 1432 Et
3597 1379 3718 1435 haec

2125 1460 2340 1528 quidem
2370 1459 2682 1517 Facundus.
2708 1461 2806 1517 ’Λα
2833 1477 2992 1532 quem
3023 1463 3202 1520 locum
3241 1468 3423 1537 accipe
3453 1469 3715 1527 doctissi-

2125 1550 2200 1604 mi
2231 1550 2505 1607 Sirmondi
2538 1567 2850 1619 censuram,
2884 1556 3127 1611 auctoris
3156 1559 3334 1615 verbis
3363 1561 3672 1631 subiectam
3692 1581 3710 1618 :

2123 1640 2339 1697 Librum
2404 1656 2586 1699 contra
2639 1645 2984 1702 Manichteos.
3052 1647 3216 1703 Tituli
3263 1651 3446 1721 hujus,
3506 1653 3714 1724 inquit,

2122 1733 2200 1788 vel
2223 1737 2450 1802 exordii,
2489 1736 2666 1791 nullus
2691 1737 2844 1793 hodie
2873 1737 3006 1794 liber
3032 1749 3204 1795 exstat
3240 1743 3536 1798 Athanasii.
3565 1745 3718 1800 Con-

438 1825 744 1894 burgensis,
777 1821 933 1892 cujus
968 1821 1335 1891 apograpbum
1380 1822 1440 1873 D.
1489 1818 1683 1873 Joanni
1741 1820 2019 1876 Friderico
2053 1823 2094 1878 Β
2121 1827 2261 1895 gruit
2287 1839 2460 1882 autem
2501 1840 2548 1882 et
2585 1829 2770 1884 titulus
2805 1841 2852 1884 et
2892 1832 3190 1896 exordium,
3231 1834 3365 1888 libro
3401 1833 3716 1906 Serapionis

439 1913 753 1968 Wincklero
800 1921 1080 1982 acceptum
1124 1911 1311 1966 refert.
1346 1912 1521 1976 Atque
1557 1913 1696 1966 lianc
1730 1912 2022 1968 editionem

438 2004 796 2073 recognitam,
856 2001 1238 2070 nonnullisque
1291 2001 1766 2056 observationibus
1817 2004 2020 2057 instru-

437 2105 582 2149 ctam
651 2103 702 2149 et
778 2092 1012 2162 capitum
1075 2091 1425 2148 distinctione
1478 2103 1638 2163 atque
1687 2093 2020 2164 argumentis

435 2188 719 2241 adauctam
752 2187 890 2256 typis
918 2185 1173 2255 consigna
1187 2185 1384 2240 vimus.

507 2279 606 2333 Hic
633 2294 762 2332 vero
789 2292 955 2332 unum
1000 2277 1198 2331 addere
1223 2275 1447 2343 juverit,
1492 2276 1636 2346 quod
1684 2276 1840 2333 nobis
1884 2292 2018 2348 opus

436 2371 847 2425 recensentibus
889 2369 1114 2424 excidit.
1157 2368 1374 2424 Recitat
1417 2369 1671 2422 nimirum
1728 2368 2018 2426 Facundus

436 2463 846 2518 Ilermianensis
869 2461 946 2532 (It)
976 2461 1152 2516 locum
1189 2478 1256 2516 ex
1287 2461 1601 2532 Serapionis
1646 2461 1786 2518 libro
1820 2478 2013 2519 excer-

436 2568 587 2628 ptum
621 2555 703 2628 (i),
728 2569 887 2625 quem
925 2569 1206 2625 perperam
1229 2565 1415 2610 sancto
1444 2555 1739 2610 Athanasio
1770 2557 2014 2612 ascribit.

439 2645 616 2713 Ipsum
641 2643 925 2698 audiamus
957 2640 1213 2711 :Seripsit
1241 2643 1396 2696 etiam
1429 2642 1800 2717 (Athanasius)
1826 2644 2018 2700 librum

509 2799 586 2871 la)
626 2800 854 2871 Basnag.
885 2799 1147 2871 ad_Thes.
1183 2800 1364 2854 Canis.
1399 2809 1528 2854 tom.
1568 2799 1607 2863 l,
1638 2799 1876 2871 pag._37,
1911 2799 2018 2870 ξι.

507 2868 582 2942 (b)
623 2871 762 2925 Sixt.
793 2868 1099 2942 SenuBibl.
1130 2882 1300 2924 sanet.
1326 2871 1419 2925 lib.
1457 2886 1518 2935 tt,
1562 2885 1686 2939 pag.
1714 2868 1784 2924 86
1809 2879 1864 2924 et
1894 2868 2022 2938 {15,

437 2953 493 2996 et
520 2940 617 2994 lib.
649 2957 706 3003 v,
735 2957 855 3010 pag.
884 2940 1010 2995 581.

509 3010 579 3079 (c)
623 3010 850 3079 Basuag.
890 3011 924 3065 Ι.
951 3025 1000 3064 c.

500 3078 578 3153 (tl)
607 3078 834 3153 _F_‘abric’.
856 3080 1003 3153 liud.
1040 3097 1218 3146 apocr.
1273 3080 1348 3135 N.
1394 3079 1458 3136 Τ.
1503 3090 1633 3135 tom.
1663 3078 1706 3147 Ι,
1735 3095 1856 3150 pag.
1883 3081 1939 3147 5,
1969 3089 2025 3138 et

439 3149 574 3204 tom.
603 3149 670 3214 ll,
699 3165 820 3222 pag.
847 3149 952 3206 965
978 3165 1093 3220 seq.

2129 1918 2384 1974 Thmueos
2439 1922 2667 1990 episwpi
2715 1924 2974 1978 adversus
3021 1923 3386 1994 Manichaeos;
3441 1929 3497 1982 in
3541 1945 3720 1990 eoque

2123 2021 2242 2064 sunt
2274 2013 2425 2065 verba
2468 2028 2588 2081 qum
2639 2014 2827 2068 recitat
2867 2014 3178 2086 Facundus,
3209 2027 3259 2072 et
3310 2019 3492 2074 tribuit
3537 2022 3720 2075 Atha-

2123 2099 2293 2152 nasio.
2349 2097 2456 2153 Sed
2491 2099 2652 2154 leuior
2701 2100 2756 2154 in
2794 2104 3028 2158 auctoris
3076 2106 3286 2160 nomine
3325 2107 3474 2176 fraus
3516 2108 3716 2177 fuerit,

2121 2205 2278 2257 quam
2316 2190 2370 2243 in
2405 2191 2612 2246 nomine
2632 2191 2784 2259 Jesu,
2825 2195 2964 2264 quod
2993 2196 3079 2250 hic
3105 2213 3375 2268 perperam
3405 2201 3565 2256 verbis
3595 2203 3718 2256 illis

2123 2279 2384 2334 intextum
2404 2292 2502 2346 est,
2535 2299 2629 2336 nec
2653 2283 2844 2354 legitur
2862 2289 3004 2354 apud
3031 2287 3375 2358 Serapionem
3398 2308 3418 2347 :
3445 2295 3534 2362 qui
3547 2295 3620 2350 de
3641 2298 3660 2349 i
3685 2313 3720 2352 ι

2122 2373 2418 2430 hominibus
2441 2377 2572 2446 agit,
2601 2379 2692 2448 qui
2719 2395 2750 2433 a
2775 2383 2949 2450 pravis
2985 2383 3216 2438 moribus
3239 2387 3310 2439 ad
3341 2388 3553 2442 meliora
3595 2402 3721 2444 stu-

2124 2465 2214 2518 dia
2229 2472 2763 2540 convertuntur:quod
2786 2473 2850 2527 de
2873 2471 3085 2530 Christo
3111 2475 3333 2533 Domino
3349 2481 3575 2551 cogitare
3607 2485 3721 2538 ius.

2123 2558 2270 2640 pium
2295 2568 2389 2612 est.
2414 2558 2592 2624 Quare
2614 2561 2873 2619 Facundo
2901 2566 3173 2633 imposuit,
3194 2572 3282 2636 qui
3304 2572 3442 2627 hunc
3459 2574 3506 2628 ei
3526 2575 3718 2631 locum

2125 2649 2400 2718 suggessit.
2428 2649 2545 2707 Ilue
2577 2668 2752 2724 usque
2782 2655 2845 2710 V.
2876 2654 2939 2726 ῼ.
2970 2656 3076 2714 Sed
3106 2659 3174 2715 de
3202 2661 3289 2718 bis
3321 2662 3608 2722 hactenus.

2195 2803 2265 2896 te?
2307 2805 2468 2896 liuet.
2499 2807 2713 2896 O‘rigen.
2736 2812 2844 2896 ilib.
2873 2831 2934 2879 ιι,
2967 2824 3158 2896 quiest.
3195 2820 3249 2887 5,
3286 2819 3324 2896 §_
3347 2823 3580 2896 27,pag.
3615 2825 3715 2881 62.

2309 2877 2496 2963 gallis.
2526 2875 2707 2963 Aitiq.
2730 2881 2854 2963 legt.
2885 2875 3014 2963 tum.
3040 2887 3108 2954 V,
3135 2875 3259 2963 pag:
3286 2875 3328 2945 ι’1

2310 2945 2540 3034 Easuag:
2577 2945 2730 3034 Ihes.
2769 2951 2954 3034 (ignis.
2987 2945 3341 3034 tom'.'l,j)ag.
3367 2945 3632 3034 15am,

2299 3015 2769 3102 ‘It‘acuuilzollerm.
2796 3024 3001 3102 lib.__xt,
3025 3041 3155 3102 cap.
3176 3015 3240 3094 '2',
3277 3015 3558 3102 ﬁagii'liili.‘

2118 3084 2254 3224 pag)
2299 3087 2489 3209 ἓξτθρ.
2541 3089 2634 3149 lib.
2699 3095 2820 3148 adv.
2885 3084 3149 3165 Mattio/t2,
3201 3084 3556 3170 c'aﬁ."i7"e'i
3611 3106 3716 3172 ts.

467 3277 3686 3323 PM

1365 3386 1527 3624 s.
1628 3384 2763 3607 SERAPIONIS

1705 3681 2016 3741 EPISCOPI
2050 3685 2386 3751 THMUEOS
2746 3738 2748 3740 τ

1238 3853 1554 3932 .LIBER
1633 3855 2168 3938 ADVERSUS
2245 3867 2894 3953 MANICHIEOS.

1608 4097 1741 4155 CAP.
1776 4101 1818 4155 I.
1875 4101 2078 4162 Veritas
2104 4124 2332 4165 errorem
2355 4111 2533 4165 vincit.

506 4190 681 4248 Solvut
706 4202 950 4245 errorem
980 4197 1185 4244 veritas
1212 4195 1268 4244 et
1298 4189 1594 4261 exstinguit
1624 4189 1892 4246 fallaciam
1917 4238 1930 4258 ,
1963 4204 2018 4250 et
2045 4204 2086 4263 c

433 4284 614 4339 omnis
642 4278 910 4335 mendacii
944 4287 1121 4332 ortum
1166 4277 1441 4348 intercipit
1485 4292 1549 4333 ac
1595 4279 1868 4348 prohibet.
1904 4283 2015 4338 0b-

434 4386 710 4430 secremus
740 4371 907 4440 igitur
932 4369 1220 4424 Dominum
1249 4367 1432 4424 Iesum
1463 4369 1554 4440 qui
1583 4379 1668 4424 est
1693 4371 1892 4426 veritas
1911 4413 1925 4438 ,
1956 4381 2015 4428 ut

434 4464 703 4520 illuminet
731 4470 966 4516 mentem
1015 4469 1291 4526 nostram,
1321 4468 1382 4514 ut
1407 4475 1583 4531 neque
1611 4461 1821 4518 fallacia
1863 4480 2015 4520 men-

435 4564 543 4608 tem
575 4567 769 4623 capere
797 4554 971 4621 possit
1000 4566 1102 4606 nec
1132 4567 1288 4606 error
1322 4553 1585 4620 vincere;
1622 4569 1795 4624 neque
1834 4556 1879 4610 si
1919 4571 2011 4612 eeo

434 4647 579 4714 perit
607 4654 699 4697 aut
726 4643 956 4711 vicerit,
987 4644 1198 4698 Iit-mam
1229 4655 1283 4699 et
1312 4646 1563 4701 stabilem
1595 4648 1888 4704 victoriam
1919 4651 2015 4705 ob-

436 4739 626 4792 tineat.
680 4735 1029 4791 Solummodo
1071 4738 1216 4792 enim
1269 4739 1312 4794 si
1366 4742 1713 4810 apparuerit,
1742 4752 1795 4798 et
1836 4743 2016 4799 radios

435 4828 682 4882 veritatis
710 4842 822 4882 suae
855 4827 1134 4893 emiserit,
1172 4829 1439 4885 fallaciam
1471 4833 1688 4902 quidem
1740 4833 2013 4890 inductam

437 4918 756 4988 dissipabit,
787 4928 1019 4974 mentem
1048 4935 1176 4975 vero
1205 4932 1357 4977 extra
1380 4938 1622 4978 errorem
1649 4927 2011 4982 conservabit.

434 5009 553 5080 Ipse
586 5012 729 5064 enim
772 5009 1013 5067 clamat:
1047 5012 1162 5082 Ego
1189 5031 1307 5068 sum
1339 5020 1421 5069 uia
1443 5055 1458 5082 ,
1508 5020 1698 5072 veritas
1742 5029 1789 5071 et
1835 5021 1936 5072 vita
1970 5020 2010 5074 ³.

435 5099 552 5170 Ipse
583 5101 826 5171 praecipit
854 5118 867 5155 :
899 5102 1168 5158 Attendite
1207 5121 1239 5158 a
1272 5105 1422 5176 falsis
1457 5109 1719 5178 prapltetis
1741 5150 1756 5176 ,
1797 5110 1890 5179 qui
1932 5125 2014 5164 ue-

436 5194 585 5248 niunt
621 5192 691 5246 ad
724 5209 809 5246 vos
841 5193 897 5246 in
927 5197 1248 5250 uestimentis
1275 5199 1448 5251 ovium
1469 5237 1484 5262 ,
1522 5199 1661 5253 intus
1688 5211 1860 5253 autem
1891 5210 2012 5256 sunt

435 5284 545 5350 lupi
596 5301 812 5351 rapaces
850 5284 892 5338 ’.
930 5285 1065 5351 Quia
1098 5289 1242 5341 enim
1290 5289 1504 5344 illorum
1553 5291 1743 5345 modus
1786 5289 2012 5346 fraudu-

437 5375 614 5430 lentus
642 5387 760 5430 erat
791 5386 847 5432 et
886 5393 1066 5432 mores
1103 5380 1381 5448 simulati,
1413 5397 1521 5437 non
1553 5383 1751 5437 celavit
1779 5400 1873 5438 cos
1909 5381 2012 5438 Ve—

437 5467 600 5531 ritas,
653 5469 745 5522 sed
797 5469 1050 5535 nudavit;
1111 5486 1216 5524 non
1271 5472 1622 5539 permittens,
1668 5482 1728 5528 ut
1771 5475 1912 5543 quod
1958 5475 2010 5529 in

2203 4199 2442 4254 Ἐπιλύει
2487 4201 2586 4273 τὴν
2635 4201 2843 4275 πλάνην
2895 4203 2928 4275 ἡ
2979 4203 3204 4277 ἀλήθεια
3242 4207 3336 4262 καὶ
3363 4209 3583 4285 ἀναιρεῖ
3602 4215 3717 4290 τὴν

2115 4294 2354 4365 ἀπάτην,
2382 4294 2476 4348 καὶ
2507 4295 2614 4348 πᾶν
2650 4295 2846 4366 ψεῦδος
2889 4297 3174 4369 προελθεῖν
3213 4300 3312 4354 οὐκ
3343 4302 3426 4374 ἐᾷ.
3467 4304 3713 4362 ’ἰκετεῦ-

2118 4402 2300 4456 σωμεν
2328 4386 2421 4439 τὸν
2449 4384 2648 4458 Κύριον
2676 4385 2904 4458 Ἰησοῦν,
2937 4389 3197 4462 ἀλήθειαν
3230 4392 3388 4458 ὄντα,
3421 4394 3716 4468 ἐκλάμψαι

2114 4476 2214 4547 τὴν
2247 4476 2484 4531 διάνοιαν
2510 4477 2687 4549 ἡμῶν,
2722 4479 2808 4533 ἵνα
2845 4483 2983 4554 μήτε
3008 4483 3105 4555 τὴν
3136 4484 3372 4543 διάνοιαν
3401 4490 3713 4564 ἀναιρῆσπι

2115 4566 2298 4640 ἀπάτη
2333 4567 2572 4640 δυνηθῇ,
2621 4571 2654 4641 ἦ
2708 4575 2980 4645 κρατῆσαι
3036 4575 3211 4648 πλάνη
3269 4579 3494 4652 ἰσχύσῃο
3564 4586 3713 4654 μήτε

2115 4660 2355 4729 ᾑρηκυῖα
2379 4661 2473 4712 καὶ
2505 4665 2880 4734 κεκρατηκυῖα
2904 4663 3138 4736 ἔμμονον
3167 4667 3266 4739 τὴν
3291 4671 3559 4742 κράτησιν
3579 4673 3710 4749 ἔχῃ,

2114 4749 2291 4803 Μόνον
2320 4751 2429 4822 γὰρ
2453 4753 2641 4819 φανεὶς
2669 4755 2764 4806 καὶ
2791 4755 2890 4818 τὰς
2918 4757 3143 4823 ἀκτῖνας
3165 4759 3267 4831 τῆς
3299 4761 3560 4832 ἀληθείας
3577 4766 3716 4819 ἑαυ-

2113 4837 2208 4891 τοῦ
2241 4839 2544 4911 ἐκλάμψας,
2570 4843 2930 4899 ἀποσκεδάσει
2958 4846 3059 4918 μὲν
3090 4847 3189 4920 τὴν
3231 4852 3530 4924 γενομένην
3557 4856 3716 4912 ἀπά-

2113 4944 2234 4999 την,
2271 4927 2678 5005 ἀνεξαπάτητον
2703 4935 2758 4988 δὲ
2793 4935 3110 5010 διατηρήσει
3152 4941 3254 5013 τὴν
3295 4941 3555 5001 διάνοιαν.
3592 4930 3712 4999 Αὐ-

2112 5019 2204 5084 τὸς
2231 5023 2338 5094 γὰρ
2375 5024 2499 5096 βοᾷ·
2533 5026 2672 5097 Ἐγώ
2695 5031 2811 5097 εἰμι
2838 5030 2874 5097 ἡ
2911 5031 3051 5098 όὸὸς
3090 5035 3189 5088 καὶ
3224 5037 3262 5104 ἠ
3307 5017 3562 5102 ἀλήθεια
3604 5045 3710 5096 καὶ

2114 5112 2153 5180 ἡ
2185 5111 2317 5180 ζωή·
2344 5116 2505 5180 αὐτὸς
2531 5121 2922 5189 παραγγέλλει·
2944 5126 3284 5195 Προσέχετε
3313 5128 3552 5196 ἑαυτοῖς
3583 5133 3711 5185 ἀπὸ

2113 5202 2233 5257 τῶν
2262 5206 2797 5279 ψευδοπροφητῶν,
2827 5213 3046 5280 οἵτινες
3077 5217 3354 5284 ἔρχονται
3379 5218 3530 5286 πρὸς
3547 5218 3710 5286 ὑμᾶς

2113 5295 2185 5351 ἐν
2218 5299 2510 5369 ἐνδύμασι
2537 5303 2868 5372 προϐάτων,
2896 5306 3125 5362 ἔσωθεν
3149 5307 3218 5361 δέ
3245 5310 3367 5362 εισι
3394 5311 3577 5365 ,λύκοι
3599 5312 3677 5381 ᾶρ
3694 5344 3714 5356 ο

2115 5401 2318 5466 stay-ec.
2357 5390 2576 5464 Ἐπειδὴ
2625 5393 2726 5466 γὰρ
2770 5395 2997 5450 ἐκείνων
3046 5400 3518 5471 πεφενακισμένος
3561 5398 3634 5473 ἦν
3686 5410 3713 5460 ὁ

2115 5480 2332 5550 τρόπος,
2358 5483 2452 5536 καὶ
2474 5485 2856 5557 πεπλασμένον
2893 5489 2954 5541 τὸ
2981 5484 3111 5561 ἦθος
3131 5529 3146 5552 ,
3181 5492 3284 5544 οὐκ
3319 5490 3635 5564 ἐσιώπησεν
3681 5497 3709 5562 ἡ

417 5565 618 5629 [mente
643 5557 807 5623 latet,
837 5561 905 5614 ab
935 5576 1000 5616 oo
1039 5563 1181 5630 quod
1227 5563 1567 5619 extrinsecus
1612 5565 1796 5620 fictum
1836 5576 1891 5621 et
1933 5568 2007 5620 si-

2124 5573 2385 5644 Ἀλήθεια,
2419 5575 2532 5628 ἀλλ’
2566 5577 2850 5648 ἐγύμνωσε
2877 5582 2936 5634 τὸ
2955 5557 3162 5652 eam;
3189 5584 3290 5654 τῆς
3328 5557 3566 5651 διανοίας

437 5647 699 5703 mulatum
752 5661 834 5704 est
879 5661 1216 5721 tegatur:,ut
1249 5655 1360 5724 ipsa
1411 5654 1621 5711 fallacia
1665 5658 2004 5727 deprehensa

2124 5662 2408 5718 lu’msoOat
2453 5665 2556 5719 ὑπὸ
2597 5647 3117 5776 τοῦψπεπλασμενου
3151 5647 3706 5748 καὶ-ἐσχηματισμέ·

510 5803 528 5835 ¹
566 5803 719 5858 .Iuan.
758 5823 868 5865 xiv.
905 5809 957 5864 (i.
1033 5811 1054 5840 ’
1095 5809 1283 5866 Matth.
1321 5829 1383 5872 v.
1427 5813 1513 5869 ιδ.
