3884 6268
205 331 310 386 90!

1151 337 1212 390 ὃ.
1255 332 1661 389 SERAPIONIS
1699 333 1899 390 LIBER
1940 332 2100 392 AD".
2143 334 2590 392 MANICHEOS.

3372 340 3480 396 90!

206 458 302 496 νου
343 439 418 512 μὴ
445 441 783 512 ἐπιτρεψασα
801 484 815 507 ,
845 442 931 497 ἵνα
962 443 1286 516 κατάφωρος
1321 447 1588 518 γενομένη
1621 446 1800 500 αὐτῶν

1909 448 2121 501 inlirnta
2165 449 2255 502 fiat
2296 449 2347 502 in
2377 463 2563 504 eorum
2612 450 2948 520 argumentis
3012 448 3082 507 ita
3118 459 3177 508 ut
3206 454 3481 511 nemiuem

213 534 247 604 ἦ
276 531 458 602 ἀπάτη
499 533 731 605 ἀσθενὴς
773 535 997 606 γένηται
1022 537 1078 588 ὲν
1108 540 1225 600 ταῖς
1269 538 1662 608 ἐπιχειρήσεσι,
1695 555 1794 608 μη-

208 624 338 678 δένα
365 623 764 696 συλλαμϐάνειν
795 626 1090 698 δυναμένη.
1369 664 1372 667 -
1593 653 1606 660 ο·

1908 539 2122 594 irrt-tire
2161 549 2346 608 queat.

1376 720 1506 774 CAP.
1541 720 1607 774 ll.
1647 717 1795 773 Varii
1819 723 2015 786 gradus
2049 738 2310 777 errorum.

288 807 446 862 Ἐστι
492 807 592 878 μὲν
625 803 718 863 οὖν
748 809 978 880 ἡκακία
1016 809 1302 882 πολυειδὴς
1341 811 1434 865 καὶ
1475 809 1794 883 πολυσχιδὴς

210 902 356 954 κατὰ
409 900 696 971 διαφόρους
749 902 1044 973 ήπλωμένη
1095 900 1194 965 τάς
1241 903 1631 973 ἐπιχειρήσεις,
1685 902 1803 955 ἔνια.

208 994 322 1045 τῶν
353 993 552 1062 ἑαυτῆς
587 995 769 1063 μερῶν
805 993 1222 1064 βλαπτικὼτερα
1253 994 1346 1045 καὶ
1387 991 1803 1065 άναιρετικώτε-

213 1104 286 1157 ρα
308 1086 540 1155 Ἔχουσα.
565 1084 662 1137 Διὰ
691 1085 848 1137 τοῦτο
871 1085 990 1136 οὐδὲ
1017 1085 1084 1138 τά
1108 1085 1307 1154 ἥττονα
1337 1085 1661 1156 σιωπητέον,
1681 1083 1801 1136 οὐδὲ

209 1176 325 1231 τῶν
376 1175 634 1246 μειζόνων
681 1177 980 1246 ἀφεκτέον,
1027 1175 1236 1238 εἰδότας
1274 1175 1454 1239 τοῦτο,
1482 1176 1566 1228 ὄτι
1594 1176 1662 1229 τὰ
1705 1175 1802 1246 μὲν

212 1266 476 1321 ἐλάττονα
520 1267 683 1337 μόρια
720 1267 817 1336 τῆς
852 1266 1051 1328 κακίας
1081 1266 1420 1338 βραχυτέρας
1457 1266 1803 1330 ποιεῖταιτὰς

217 1359 440 1430 βλάϐας,
475 1359 541 1411 τά
575 1358 629 1411 δὲ
664 1356 886 1428 μείζονα
915 1358 1188 1427 μεγάλας·
1225 1363 1253 1412 ὁ
1282 1359 1390 1430 γάρ
1423 1357 1634 1429 μείζοσι
1665 1375 1804 1427 σφα-

214 1449 331 1512 λεὶς
361 1447 543 1519 μεῖζον
567 1451 660 1500 καὶ
689 1449 1031 1518 τιμωρεῖται·
1069 1448 1162 1500 καὶ
1191 1449 1220 1500 ὁ
1253 1448 1357 1501 ὑπὸ
1388 1449 1630 1518 μείζονος
1659 1449 1798 1501 άπα-

215 1539 403 1610 τηθεὶς
442 1537 665 1608 μείζονα
699 1539 793 1590 καὶ
827 1537 1180 1601 κολάζεται...

586 1649 676 1684 ται
701 1633 810 1704 γὰρ
837 1633 891 1683 αἱ
924 1631 1168 1684 ἀπάται..

215 1722 273 1776 δὲ
299 1721 395 1775 καὶ
419 1721 486 1775 τὰ
520 1722 698 1793 πλη...

219 1815 315 1867 καὶ
349 1814 625 1885 σταομίζω
656 1857 667 1869 .
681 1856 692 1868 .

219 1907 420 1960 δικά...

214 1999 422 2070 τίμα...

216 2091 337 2144 εἰ...

217 2184 566 2254 ἀστάθμητον
593 2185 676 2254 ἐᾷ,
718 2183 853 2238 ἀλλὰ
881 2184 974 2237 καὶ
997 2184 1096 2255 τὴν
1131 2183 1360 2238 ἑκάστου
1400 2182 1494 2236 τοῦ
1521 2182 1800 2254 ὴπατηκό·

212 2292 312 2338 τος
331 2275 580 2348 ἀπάτην,
621 2277 714 2330 καὶ
762 2275 854 2330 τοῦ
896 2276 1250 2348 ἠπατημένον
1297 2277 1396 2347 τὴν
1431 2273 1678 2328 εὐκολίαν
1706 2291 1800 2345 με-

214 2366 428 2444 τρήσας
459 2365 629 2438 ὁρίζει
667 2367 766 2437 τὴν
786 2367 1077 2439 τιμωρίαν.
1111 2365 1482 2420 Σπουδαστέον
1513 2361 1626 2430 οὖν,
1663 2368 1799 2435 μήτε

213 2456 296 2527 τῷ
328 2457 646 2529 βραχυτάτῳ
677 2458 969 2530 αἱρεῖσθαιο
1002 2459 1224 2530 καὶγὰρ
1251 2460 1284 2528 ὴ
1313 2457 1624 2529 βραχυτάτη
1655 2457 1800 2510 ἁπά-

214 2567 285 2620 τη
316 2551 606 2622 σπινθῆρος
627 2551 782 2623 δίκην
810 2551 944 2622 ὕλην
970 2550 1362 2622 παραλαϐοῦσα
1399 2549 1495 2622 τὴν
1524 2549 1797 2618 συγκατά·

1978 811 2070 868 Est
2099 815 2263 884 igitur
2291 815 2504 870 malitia
2535 816 2889 874 multiformis
2915 829 2971 874 et
3001 819 3356 891 multipartita
3384 863 3400 887 ,
3429 823 3480 877 in

1906 908 2083 961 varias
2115 909 2618 978 argumentationes
2647 910 2764 966 fusa
2785 950 2800 975 ,
2833 911 2989 980 cujus
3025 922 3207 982 partes
3235 915 3483 978 quaedam

1905 1000 2246 1054 nocentiores
2273 1009 2395 1053 sunt
2429 1009 2480 1055 et
2534 1003 2705 1068 magis
2748 1002 3064 1057 mortiferae.
3108 1003 3476 1070 Quamobrem

1906 1104 2078 1159 neque
2109 1091 2316 1144 minora
2349 1092 2580 1145 tacenda
2608 1101 2769 1156 sunt,
2802 1108 2980 1162 neque
3012 1083 3312 1162 majOribus
3356 1111 3484 1163 par-

1905 1183 2174 1246 cendum,
2231 1197 2353 1236 cum
2403 1184 2640 1238 sciamus
2692 1185 2927 1240 minores
2969 1187 3099 1255 quid
3149 1195 3328 1257 partes
3369 1187 3481 1239 vitii

1905 1272 2111 1326 minora
2156 1272 2351 1327 damna
2395 1288 2618 1341 parere,
2666 1275 2898 1344 majores
2948 1291 3076 1332 vero
3123 1293 3339 1346 magna.
3380 1276 3484 1342 Qui

1903 1363 2048 1416 cnim
2083 1363 2133 1417 in
2167 1365 2511 1433 gravioribus
2540 1366 2759 1430 labitur,
2804 1367 3147 1436 gravioribus
3178 1367 3351 1437 poenis
3383 1383 3482 1435 pu-

1905 1456 2092 1520 nitur;
2124 1465 2175 1510 et
2207 1456 2300 1526 qui
2333 1475 2361 1510 ιι
2395 1458 2602 1528 majore
2628 1460 2886 1528 deceptus
2923 1470 3043 1525 est,
3077 1460 3250 1528 majus
3281 1462 3484 1530 suppli—

1904 1547 2048 1598 cium
2083 1548 2335 1601 sustinet.
2370 1547 2749 1604 Ponderantur
2773 1551 2918 1604 enim
2966 1550 3235 1613 fallacia,
3279 1555 3480 1620 ponde-

1907 1647 2097 1690 rantur
2124 1637 2286 1692 etiam
2313 1649 2538 1707 peccata
2566 1657 2580 1705 ;
2611 1649 2665 1694 et
2693 1640 2787 1710 qui
2835 1642 3188 1710 poudcratur,
3218 1658 3318 1712 pro
3360 1658 3485 1710 gra-

1904 1730 2070 1784 vitate
2100 1733 2356 1800 ponderis
2404 1733 2732 1802 supplicium
2777 1743 3064 1804 reportat;
3107 1751 3281 1805 neque
3327 1737 3485 1804 quid-

1905 1836 2068 1888 quam
2099 1821 2187 1888 qui
2215 1821 2418 1889 judicat
2439 1862 2455 1886 ,
2487 1839 2590 1877 non
2625 1827 2982 1892 ponderatqu
3013 1825 3289 1896 relinquit.
3342 1826 3483 1892 Quin

1905 1913 2068 1966 etiam
2120 1914 2547 1984 uniuscujusque
2575 1917 2666 1984 qui
2697 1915 2887 1970 fefellit
2915 1916 3180 1971 fallaciam
3203 1959 3219 1984 ,
3248 1928 3302 1972 et
3341 1919 3482 1973 faci-

1907 2005 2114 2060 litatem
2157 2007 2274 2077 ejus
2317 2007 2408 2076 qui
2451 2007 2712 2077 deceptus
2759 2018 2844 2064 est
2892 2011 3215 2073 demensus.
3267 2027 3484 2080 pomum

1833 2123 1876 2178 Β
1908 2096 2173 2152 decernit.
2219 2099 2492 2165 Quocirca
2526 2099 2848 2154 studendum
2895 2110 3013 2163 est.
3051 2111 3109 2155 ut
3151 2116 3217 2156 ne
3263 2103 3484 2158 minima

1905 2189 2122 2256 quidem
2153 2189 2360 2244 fallacia
2390 2193 2698 2262 capiamur:
2729 2193 2993 2263 siquidem
3021 2197 3240 2251 minima
3268 2196 3482 2250 fallac'a

1907 2278 2084 2332 instar
2110 2280 2388 2343 scintillae,
2419 2291 2575 2334 nacta
2618 2284 2901 2336 materiam
2944 2287 3314 2340 asseusionem
3364 2286 3485 2338 ani-

1908 2383 2034 2428 mae,
2068 2367 2372 2422 incendium
2401 2387 2608 2439 magnae
2637 2371 2865 2426 ﬂamma:
2893 2373 3051 2428 t'mt'll
3080 2393 3094 2440 ;
3131 2376 3278 2429 multi
3307 2375 3484 2439 enim,

1905 2457 2170 2524 principio
2199 2474 2263 2514 ex
2295 2475 2460 2530 parvo
2505 2477 2692 2518 errore
2725 2474 2926 2534 erepto,
2957 2467 3007 2519 in
3037 2467 3256 2537 pelagus
3285 2469 3487 2522 erroris

1908 2550 2100 2618 dilapsi
2147 2564 2203 2605 et
2231 2553 2387 2608 ell'usi
2417 2565 2575 2610 sunt.

218 2641 370 2696 οεσιν
405 2645 503 2713 τῆς
539 2644 718 2714 ψυχῆς
757 2646 1002 2710 ἐξάπτει,
1037 2646 1132 2698 καὶ
1169 2645 1412 2717 μεγάλην
1460 2645 1635 2714 φλόγα
1705 2643 2132 2708 κατασκευάζει·
2177 2647 2366 2702 πολλοὶ
2415 2649 2525 2722 γάρ
2563 2649 2624 2716 ἐξ
2679 2650 2867 2722 ὀλίγης
2902 2653 3118 2724 ἀπάτης
3190 2623 3486 2726 ἀρξάμενοι

216 2737 300 2799 εἰς
331 2737 563 2805 πέλαγος
588 2736 802 2806 ἀπάτης
829 2735 1180 2807 ἐξεχύθησαν.

1225 2851 1356 2906 CAP.
1396 2849 1484 2905 lll.
1528 2848 1936 2904 Manicheismus
1959 2863 2107 2902 error
2128 2847 2459 2902 deterrimus.

288 2945 388 2997 Διά
410 2943 564 2998 τοῦτο
587 2944 955 3016 φροντιστέον,
985 2947 1122 3016 μήτε
1159 2948 1226 3016 τῇ
1270 2945 1582 3016 βραχυτάτῃ
1619 2945 1804 3017 ἀπάτῃ

216 3023 514 3109 αἱρεῖσθαι,
549 3037 752 3106 τειχίον
783 3039 850 3108 τῇ
871 3035 1016 3108 ψυχῇ
1053 3037 1335 3090 κάλλιστον
1365 3035 1804 3107 οἰκοδομοῦντας·

219 3130 311 3184 ἵνα
361 3130 499 3199 μήτε
537 3127 613 3198 τῷ
642 3127 847 3198 μείζονι
870 3127 1195 3199 αἰρεθῶμεν’
1222 3129 1250 3180 ὁ
1277 3127 1388 3200 γὰρ
1423 3128 1553 3198 περὶ
1577 3127 1645 3181 τά
1671 3127 1805 3199 βρα-

216 3221 428 3292 χύτατα
477 3218 698 3288 σφαλεὶς
743 3218 959 3272 πταίσει
1004 3219 1135 3272 ποτὲ
1171 3219 1265 3273 καὶ
1308 3220 1437 3291 περὶ
1469 3219 1538 3273 τά
1564 3219 1802 3290 μείζονα,

217 3315 316 3368 καὶ
340 3315 368 3367 ό
400 3312 566 3383 μηδὲν
595 3311 702 3364 τῶν
728 3309 943 3382 μικρῶν
976 3309 1286 3381 αἱρεθεὶς...

1235 3418 1438 3456 αναν...

569 3496 660 3548 τὸν
688 3496 785 3566 τὴν
809 3493 1108 3563 ἀσφάλειαν
1135 3495 1300 3549 καὶ...

649 3585 870 3657 μείζονα
899 3592 1106 3657 σχησεν
1138 3586 1322 3640 ἐπεὶ...

217 3679 372 3733 λύκοι
399 3679 584 3732 πολλοὶ
610 3677 844 3731 κώδια...

216 3773 653 3843 ἠμφιεσμένοι...

572 3882 710 3935 mur
741 3864 817 3935 μή
847 3880 966 3918 σι--ο

442 3973 472 4007 υ
505 3971 684 4018 τοις...

215 4043 421 4102 οὖσα...

220 4137 496 4208 μάχαιραν
533 4136 754 4199 σειέτω,
800 4135 1101 4205 ἀσφάλειαν
1149 4134 1410 4204 μυωμένη
1453 4135 1520 4205 τῇ
1575 4133 1800 4205 ποίμνῃ,

215 4227 497 4298 γυμνοῦσα
537 4227 593 4280 δὲ
638 4227 731 4280 καὶ
768 4226 866 4298 τὴν
913 4225 1254 4296 ἐπιχείρησιν
1291 4224 1400 4277 τῶν
1423 4223 1645 4296 θηρίων·
1694 4224 1802 4278 ἰδοὺ

215 4319 328 4389 γὰρ
350 4319 534 4372 πολλοί
566 4318 664 4389 μέν
687 4321 823 4371 εἰσιν
857 4320 905 4370 οἱ
940 4316 1316 4387 προελθόντες,
1367 4317 1461 4368 καὶ
1499 4309 1602 4368 ὧδε
1642 4315 1805 4368 κόικεί

215 4404 508 4470 πλάζονται
530 4445 544 4468 ,
581 4405 700 4458 ἀντὶ
730 4404 940 4458 κωδίων
961 4404 1024 4457 τὸ
1049 4404 1218 4474 ὄνομα
1242 4402 1335 4456 τοῦ
1363 4403 1599 4475 Χριστοῦ
1651 4421 1804 4474 περι-

216 4494 558 4565 ϐεϐλημένοι,
593 4497 686 4548 καὶ
705 4494 986 4566 λεγόμενοι
1015 4495 1113 4566 μὲν
1136 4495 1164 4547 ὃ
1201 4496 1274 4566 μὴ
1309 4496 1466 4559 εἰσὶν,
1489 4494 1642 4559 ὄντες
1688 4496 1744 4549 δὲ
1773 4496 1804 4548 ὂ

215 4583 473 4656 λέγεσθαι
499 4588 600 4641 οὐκ
627 4587 932 4658 ἀνέχονται·
983 4587 1119 4640 ἀλλὰ
1161 4587 1258 4658 τὴν
1287 4587 1492 4640 οἰκείαν
1540 4587 1802 4659 πονηρίαν

214 4676 582 4743 καλύπτοντες
619 4678 694 4750 τῷ
741 4680 982 4749 σχήματι
1018 4678 1112 4732 τοῦ
1156 4679 1441 4749 ὀνόματος,
1473 4679 1567 4732 καὶ
1607 4697 1802 4733 κοινω⁴

199 4766 433 4843 ,νοΰντες
464 4769 564 4841 μὲν
595 4769 671 4839 τῷ
700 4770 944 4840 ὀνόματι,
975 4770 1144 4841 ἄρδην
1168 4770 1224 4823 δὲ
1249 4769 1556 4842 διαφθεῖραι
1584 4769 1646 4824 τὸ
1687 4771 1804 4824 δνο-

217 4882 295 4936 μα
327 4863 418 4916 τοῦ
453 4863 686 4934 Χριστοῦ
712 4861 1122 4928 ἐσπουδακότες,
1151 4862 1291 4916 κατὰ
1341 4862 1438 4931 μὲν
1476 4861 1571 4915 τοῦ
1627 4863 1800 4932 Ἰησοῦ

213 4956 657 5027 στρατευόμενοι,
696 4955 902 5025 Ἰησοῦν
922 4955 978 5006 δὲ
1014 4954 1476 5025 ἐπικεκλημένοι·
1513 4954 1652 5025 αὕτη
1693 4956 1801 5026 γάρ

211 5051 416 5120 ἐστινὴ
451 5047 808 5119 χαλεπωτάτη
841 5046 1095 5118 πονηρία,
1129 5046 1210 5098 ὅτι
1247 5045 1494 5114 λέγονται
1531 5045 1594 5098 τὸ
1626 5044 1797 5116 ὄνομα

208 5141 306 5196 τοῦ
333 5139 594 5212 Χριστοῦ,
624 5137 845 5210 Χριστῷ
873 5136 1253 5207 πολεμοῦντεςο
1296 5136 1419 5189 ἐπεὶ
1457 5137 1566 5208 γὰρ
1605 5137 1798 5208 ὴτόνη-

212 5251 306 5298 σεν
334 5235 367 5304 ἡ
401 5233 638 5303 πονηρία
667 5231 928 5301 πολεμεῖν
955 5229 1092 5301 πρὸς
1119 5213 1271 5292 Θεὸν,
1299 5227 1566 5298 κέχρηται
1591 5227 1668 5298 τῷ
1689 5227 1799 5280 ὀνό·

212 5341 366 5395 ματι,
392 5324 478 5377 ἵνα
497 5326 562 5394 τῇ
589 5323 780 5394 χρήσει
805 5320 901 5374 τοῦ
931 5321 1192 5390 ὀνόματος
1225 5319 1402 5389 οῐησιν
1446 5317 1797 5388 ὲμποιήσασα

209 5414 323 5474 τοῖς
347 5409 598 5483 ἄφροσιν,
629 5413 704 5476 ὡς
729 5413 906 5464 οἰκεία
931 5409 1025 5463 τοῦ
1051 5406 1290 5480 Χριστοῦ
1311 5447 1325 5472 ,
1359 5401 1462 5458 ὦδε
1507 5406 1684 5468 κάκεῖ,
1719 5405 1796 5469 ὡς

213 5502 487 5572 βούλεται,
515 5502 822 5573 λυμάνηται
846 5499 1065 5570 τοὺςτῷ
1094 5499 1308 5569 Σωτῆρι
1341 5495 1791 5560 πεπιστευκότας·

209 5589 314 5648 ὦδε
348 5595 446 5658 μὲν
477 5594 826 5657 Οὐαλεντίνος
855 5591 1141 5664 προῆλθενο
1162 5585 1262 5644 ὦδε
1289 5590 1343 5642 δὲ
1370 5590 1650 5662 Μαρκίων·
1693 5583 1794 5644 ὧδε

321 5772 342 5808 ⁸
384 5773 580 5829 Elcch.
617 5788 726 5838 ut,
755 5773 843 5828 5'2.

1983 2944 2191 2998 Idcirco
2240 2941 2542 2996 curandum
2591 2947 2708 3006 est,
2759 2949 2818 2996 ut
2870 2957 2937 2998 ne
2981 2942 3208 2998 minimo
3262 2946 3481 3014 quidem

1911 3050 2097 3090 errore
2131 3033 2235 3086 labi
2281 3031 2596 3102 contingat;
2645 3033 3016 3103 pulcherrimo
3055 3035 3250 3090 animae
3281 3055 3485 3106 propu-

1911 3124 2141 3197 gnaculo
2176 3122 2479 3189 aedificato,
2528 3139 2596 3178 ne
2628 3123 2835 3192 majore
2867 3127 3170 3195 capiamur.
3205 3127 3305 3195 Qui
3341 3133 3486 3185 cnim

1912 3218 1967 3272 in
2009 3217 2189 3286 parvis
2223 3215 2424 3270 labitur
2456 3228 2643 3270 errore
2666 3255 2682 3281 ,
2721 3215 2934 3272 labetur
2958 3217 3249 3287 aliquando
3285 3219 3337 3273 in
3372 3236 3489 3274 ma-

1907 3307 2158 3376 joribus;
2191 3314 2243 3360 et
2276 3304 2366 3376 qui
2407 3318 2514 3358 non
2549 3313 2633 3358 est
2667 3304 2926 3360 seductus
2956 3321 2985 3360 a
3021 3307 3205 3376 parvis
3232 3349 3248 3373 ,
3277 3310 3382 3362 erit
3412 3312 3487 3364 ita

1911 3407 2101 3452 contra
2134 3396 2340 3466 majora
2371 3397 2612 3452 munitus
2641 3406 2696 3451 et
2743 3404 2891 3453 tutus
2914 3437 2928 3461 ,
2977 3407 3038 3454 ut
3071 3399 3119 3454 ei
3168 3400 3343 3454 resisti
3381 3418 3486 3455 non

1908 3491 2098 3559 possit.
2150 3487 2287 3555 Quia
2337 3489 2500 3560 igitur
2533 3491 2578 3544 si
2612 3489 2764 3544 multi
2816 3490 2925 3559 lupi
2975 3491 3141 3560 pelles
3172 3492 3353 3547 ovium
3401 3494 3486 3547 iu-

1910 3582 2060 3647 duti,
2097 3596 2310 3651 gregem
2343 3580 2693 3646 invaderent,
2742 3595 2849 3636 non
2897 3581 3087 3638 sileret
3131 3594 3335 3653 pastor,
3389 3587 3486 3639 sed

1830 3686 1872 3743 (ζ
1906 3673 2142 3744 gladium
2198 3673 2476 3738 vibraret,
2529 3683 2587 3728 ut
2637 3673 2690 3727 in
2741 3683 2855 3729 tuto
2893 3689 3114 3745 gregem
3157 3676 3483 3743 collocaret,

1909 3766 2116 3821 nudans
2144 3775 2198 3820 et
2225 3763 2560 3836 patefaciens
2592 3775 2846 3820 conatum
2876 3766 3136 3822 ferarum.
3162 3765 3303 3821 Ecce
3332 3767 3484 3821 multi

1906 3865 2030 3908 sunt
2060 3854 2152 3923 qui
2204 3853 2492 3919 exierunt,
2543 3863 2598 3908 et
2643 3854 2732 3909 hic
2785 3864 2948 3924 atque
2989 3854 3099 3910 illic
3129 3865 3352 3919 errant,
3385 3872 3486 3926 pro

1905 3943 2133 4012 pellibus
2164 3944 2347 3998 ovium
2395 3960 2590 4000 nomen
2635 3945 2841 4008 Christi
2886 3946 3095 4012 induti;
3129 3948 3219 4016 qui
3264 3961 3322 4001 se
3366 3948 3486 4016 qni-

1905 4037 2024 4090 dem
2060 4037 2247 4092 dicunt
2275 4040 2420 4107 quod
2452 4053 2558 4094 non
2594 4050 2760 4106 sunt;
2794 4044 2936 4108 quod
2970 4051 3149 4094 autem
3183 4049 3341 4106 sunt,
3379 4041 3483 4095 divi

1905 4127 2131 4190 nolunt,
2161 4129 2252 4182 sed
2281 4143 2435 4183 suam
2473 4129 2873 4198 improbitatem
2905 4132 3106 4184 amictu
3133 4133 3370 4186 nominis
3398 4137 3483 4183 tc-

1905 4228 2036 4287 gunt
2059 4235 2074 4284 ;
2102 4219 2191 4286 qui
2217 4234 2504 4273 commune
2527 4219 2746 4288 quidem
2779 4221 2978 4273 habent
3003 4233 3196 4274 nomen
3219 4262 3234 4284 ,
3266 4223 3487 4277 student

1905 4327 2032 4365 vero
2063 4321 2116 4364 ut
2149 4326 2341 4366 nomen
2372 4312 2575 4366 Christi
2608 4312 2849 4368 funditus
2879 4313 3136 4377 deleant;
3171 4317 3259 4383 qui
3294 4326 3480 4370 contra

1902 4401 2085 4458 Jesum
2120 4403 2389 4466 militant,
2419 4413 2469 4456 et
2500 4402 2681 4457 Jesnm
2709 4403 2976 4457 invocant.
3011 4403 3132 4458 Haec
3161 4414 3244 4459 est
3273 4405 3484 4458 dimtril-

1904 4493 2028 4547 lima
2055 4509 2294 4548 omnium
2329 4494 2670 4562 improbitas,
2703 4494 2918 4548 nomine
2944 4495 3145 4549 Chtisti
3179 4497 3475 4565 appellari,

1903 4591 1954 4638 et
1983 4581 2259 4637 Christum
2287 4597 2618 4653 oppugnare.
2639 4584 2852 4638 Etenim
2877 4585 3002 4654 quia
3025 4599 3129 4640 non
3159 4589 3332 4655 potuit
3360 4602 3482 4657 per-

1903 4676 2134 4731 versitas
2162 4684 2363 4729 contra
2403 4676 2568 4729 Deum
2602 4674 2799 4730 bellum
2842 4690 3066 4746 gerere,
3114 4691 3212 4732 usa
3258 4689 3342 4733 est
3387 4695 3484 4732 no-

1904 4767 2092 4831 mine,
2145 4775 2203 4821 ut
2253 4781 2352 4822 usu
2400 4766 2640 4822 nominis
2681 4767 2992 4837 opinionem
3052 4768 3484 4839 imprudentibus

1904 4859 2144 4930 injiciat,
2176 4867 2235 4914 ut
2261 4859 2418 4930 quasi
2449 4859 2652 4914 Christi
2687 4858 2969 4917 familiaris
3014 4860 3101 4915 hic
3149 4871 3205 4916 et
3247 4861 3356 4916 illic
3377 4901 3392 4926 ,
3425 4873 3483 4916 ιιι

1903 4950 2068 5016 libet,
2101 4966 2194 5007 eos
2223 4952 2314 5021 qui
2352 4953 2403 5006 in
2446 4951 2785 5007 Salvatorem
2840 4952 3227 5018 crediderunt,
3271 4954 3478 5022 perdat.

1827 5026 1876 5084 ι)
1904 5040 1998 5095 Sic
2035 5039 2348 5096 Valentinus
2393 5041 2602 5108 exivit,
2641 5042 2720 5097 sic
2760 5041 3036 5108 Marcion,
3081 5041 3160 5098 sic
3206 5042 3478 5108 Siziauus,

1907 5131 2122 5188 aliunde
2152 5147 2282 5188 vero
2311 5133 2476 5188 etiam
2519 5133 2777 5188 Phanius.
2823 5133 3103 5190 Postrema
3137 5135 3348 5189 abortio
3381 5136 3484 5188 im-

1905 5225 2234 5292 probitatis,
2267 5240 2390 5295 qua:
2418 5239 2608 5281 omnes
2641 5227 2870 5281 aliorum
2915 5227 3292 5297 improbitates
3331 5238 3484 5282 exte-

1906 5317 2092 5370 nuavit
2119 5326 2172 5371 et
2210 5316 2413 5385 majore
2456 5317 2802 5388 improbitate
2833 5319 3062 5374 aliorum
3112 5320 3486 5388 improhitaes

1907 5409 1960 5463 in
1995 5410 2245 5464 secundis
2282 5410 2498 5482 posuit,
2528 5411 2682 5465 furor
2715 5411 2993 5465 Manichaei
3024 5420 3150 5474 est;
3184 5418 3238 5464 et
3266 5413 3318 5463 in
3355 5426 3480 5479 pro-

1904 5501 2084 5569 phetis
2129 5504 2387 5573 scriptum
2435 5514 2559 5558 est:
2601 5501 2825 5570 Propter
2859 5503 3075 5555 nimiam
3112 5502 3482 5572 negligentiam

1907 5591 2274 5664 Hierusalem,
2314 5596 2608 5666 justi/Scuta
2655 5605 2730 5652 est
2775 5612 2838 5650 ex
2873 5605 2920 5650 te
2968 5593 3196 5650 Sodoma
3229 5595 3270 5652 ³.
3305 5594 3485 5651 Multa:
