3890 6274
420 361 530 412 892'-
1510 349 1786 408 PATRES
1820 350 2128 409 EGYPTII
2165 350 2437 410 SECULI
2478 350 2574 408 IV.
3580 347 3716 405 96$

416 473 650 544 quidem-
667 469 828 543 paulo
856 469 984 526 ante
1029 469 1312 542 opiniones
1340 470 1585 526 absurdae
1621 481 1675 525 et
1720 469 1867 524 falsa!
1895 485 1991 524 ex-

2100 472 2148 526 δὲ
2183 470 2422 534 Σιτιανός
2457 468 2553 540 (1)·
2604 462 2823 522 ἄλλοθεν
2861 466 2916 521 δὲ
2958 467 3053 521 καὶ
3096 465 3338 532 όΦάνιος
3363 466 3464 539 (ἓν
3497 468 3715 521 τελευ-

421 567 716 629 stiterunt,
744 578 863 634 qua:
905 579 1028 616 cum
1084 562 1452 634 magnitudine
1492 569 1671 633 prava:
1713 563 1984 632 Opiniunis

2100 563 2239 614 ταῖον
2262 561 2318 640 δε
2347 559 2604 629 ἐκτρωμα
2633 557 2733 627 τῆς
2761 557 3044 629 πονηρίας,
3078 558 3259 622 πάσας
3286 558 3384 622 τὰς
3407 557 3576 622 ἄλλας
3593 575 3718 611 πο-

417 659 831 713 Manicbzeorum
860 665 1206 725 comparatae,
1236 657 1526 712 moderata:
1551 667 1699 722 sunt,
1724 671 1846 710 cum
1879 657 1989 711 sint

2100 651 2286 722 νηρίας
2337 647 2708 713 ὲλαττὼσασα,
2765 647 2858 701 καὶ
2905 646 3109 718 μείζονι
3159 648 3396 719 πονηρίᾳ
3439 645 3537 709 τὰς
3580 647 3716 699 τῶν

415 748 614 818 alioqui
647 749 699 801 in
731 747 948 818 pelagus
981 747 1292 803 inundantis
1317 748 1600 818 pravitatis
1633 748 1915 804 deuterste.

2100 743 2268 798 ἄλλων
2299 740 2562 811 πονηρίας
2605 738 2863 810 δευτέρας
2899 737 3258 803 ἀποδείξασα,
3294 739 3328 808 ἡ
3359 736 3456 790 τοῦ
3509 739 3717 792 Μανι-

414 842 567 911 χαίου
611 841 843 912 προῆλθε
884 843 1069 911 μανία·
1125 843 1220 896 καὶ
1259 844 1316 896 ἐν
1349 843 1447 914 μὲν
1488 844 1600 908 τοῖς
1672 842 2027 915 προφητικοῖς
2065 839 2396 910 γέγραπται·
2424 835 2525 890 Διὰ
2586 835 2651 888 τὸ
2689 834 2852 888 πάνυ
2892 832 3259 903 ἠμεληκέναι
3300 834 3416 902 τὴν
3462 833 3715 902 Ἰερου-

414 936 640 1005 σαλὴμ,
669 937 977 1006 ἐδικαιώθη
1006 938 1240 1008 Σόδομα
1269 940 1338 993 ἐκ
1360 939 1499 994 σοῦ.
1538 940 1696 1010 Ἀρτι
1726 938 1783 991 δὲ
1809 937 1998 992 πολλαὶ
2030 936 2124 990 καὶ
2148 934 2338 988 ἄτοποι
2394 930 2541 997 δόξαι
2591 949 2656 984 πε
2670 929 3004 1001 πλανημέναι
3037 922 3193 983 οὖσαι
3231 928 3310 1001 τῷ
3335 928 3560 1001 μεγέθει
3591 927 3716 999 τῆς

413 1028 520 1082 τῶν
541 1027 861 1097 Μανιχαίων
895 1027 1234 1094 κακοδοξίας,
1268 1032 1758 1104 συμμεμέτρηνται
1779 1027 2004 1098 πελάγει
2039 1026 2237 1090 κακίας
2263 1024 2786 1095 κατακεκλυσμέναι.

1500 1183 1632 1238 CAP.
1663 1181 1755 1237 IV.
1789 1181 2044 1248 Quaenam
2071 1184 2136 1236 sit
2164 1183 2362 1250 peccati
2391 1189 2604 1234 natura.

485 1299 553 1354 Et
594 1304 653 1352 ut
692 1311 798 1352 non
851 1296 1050 1352 leviter
1105 1294 1334 1349 absurda
1395 1292 1645 1349 refellere
1700 1293 1982 1363 aggredia-

2161 1293 2272 1348 Καὶ
2298 1291 2385 1348 ἵνα
2413 1292 2486 1365 μὴ
2513 1291 2589 1356 ὡς
2631 1291 2822 1363 ἔτυχεν
2856 1291 3223 1364 ἐπιχειρῶμεν
3265 1294 3378 1357 τοῖς
3421 1292 3661 1360 ἀτόποις
3680 1335 3699 1362 ,

415 1405 557 1454 mur,
607 1396 661 1442 et
713 1387 1020 1442 nominibus
1066 1401 1252 1441 eorum
1314 1392 1520 1438 tantum
1575 1383 1655 1438 usi
1708 1385 1990 1438 videamur

2100 1371 2235 1458 μήτε
2267 1386 2404 1457 μόνα
2434 1385 2501 1439 τὰ
2543 1385 2784 1456 ὀνόματα
2824 1385 3002 1440 αὐτῶν
3034 1385 3285 1454 λέγοντες
3325 1385 3566 1458 δόξωμεν
3602 1387 3701 1442 δί-

417 1483 533 1537 sine
592 1479 944 1535 conclusione
998 1477 1323 1546 argumenti,
1370 1491 1490 1546 qua:
1542 1483 1626 1531 est
1679 1475 1990 1542 ἀπόδειξις,

2100 1492 2170 1545 χα
2205 1476 2531 1540 ἀποδείξεως
2573 1476 2665 1528 ὲπὶ
2706 1475 2805 1540 τὰς
2838 1475 3016 1539 αἰτίας
3054 1476 3231 1529 αὐτῶν
3279 1479 3494 1548 χωρεῖν,
3543 1478 3698 1549 φέρε

424 1573 492 1627 ad
521 1586 706 1626 eorum
761 1569 1136 1624 accusationes
1169 1570 1448 1634 accedere,
1490 1582 1610 1638 age,
1651 1566 1998 1622 conferamus

2103 1565 2195 1617 ἐπὶ
2228 1565 2318 1618 τὸν
2348 1565 2724 1619 ἀποδεικτικὸν
2753 1567 3090 1637 χωρήσωμεν
3114 1565 3268 1634 λόγον
3287 1608 3303 1632 ,
3347 1566 3432 1620 ἶνα
3461 1567 3553 1620 καὶ
3582 1567 3698 1629 τὰς

416 1679 514 1719 nos
546 1665 612 1717 ad
647 1664 909 1718 rationem
955 1661 1451 1727 demonstrantem,
1485 1668 1544 1716 ut
1582 1660 1795 1716 illorum
1843 1673 1998 1716 erro-

2107 1657 2330 1711 ἐκείνων
2380 1657 2589 1722 πλάνας
2618 1656 2891 1728 λύσωμεν,
2933 1658 3027 1712 καὶ
3058 1659 3157 1729 τὴν
3190 1658 3446 1730 ἀλήθειαν
3469 1661 3546 1722 εἰς
3581 1662 3694 1732 μέ-

415 1771 504 1811 rcs
534 1756 830 1818 solvamus,
857 1763 910 1808 ct
943 1754 1227 1809 veritatem
1258 1753 1311 1808 in
1340 1752 1576 1808 medium
1615 1754 1999 1823 producamus.

2103 1765 2195 1800 σον
2244 1748 2648 1820 προαγάγωμεν
2667 1788 2682 1803 .
2729 1749 2886 1803 Ἐστι
2913 1749 3011 1820 μὲν
3039 1745 3133 1804 οὖν
3168 1752 3200 1822 ἠ
3231 1752 3398 1805 κακία
3432 1752 3691 1819 ἀνούσιος

417 1848 512 1903 Est
549 1848 712 1916 igitur
747 1847 932 1900 vitium
963 1861 1156 1915 expers
1201 1847 1536 1912 substantizc,
1575 1854 1630 1901 et
1659 1861 1762 1900 non
1793 1859 1886 1916 per
1942 1860 2004 1900 se

2101 1840 2196 1891 καὶ
2219 1839 2609 1903 ἀνυπόστατος’
2637 1838 2835 1910 πρᾶξις
2859 1839 3058 1911 μᾶλλον
3101 1841 3134 1912 ἢ
3181 1842 3338 1894 ούσία
3383 1837 3537 1924 οὖσα,
3585 1845 3692 1897 καὶ

414 1938 725 2005 exsisteus;
753 1938 894 1993 actio
929 1937 1106 2006 potius
1134 1952 1295 2007 quam
1329 1938 1563 1992 essentia
1599 1938 1712 1991 sive
1745 1935 1998 1992 substan-

2100 1931 2297 2000 πρᾶξις
2320 1933 2385 1984 ὲκ
2404 1932 2773 2003 προαιρέσεως
2805 1931 3172 2002 συμϐαίνουσα
3212 1934 3340 2005 περὶ
3377 1935 3500 1998 τοὺς
3532 1953 3693 1990 νενο-

418 2029 524 2096 tia;
572 2037 628 2085 et
681 2029 823 2083 actio
873 2043 940 2084 ex
998 2029 1262 2084 electione
1312 2029 1662 2097 proficiscens
1712 2043 1899 2082 eormn
1943 2028 1998 2082 in

415 2120 614 2190 quibus
665 2119 861 2176 electio
903 2129 1166 2189 mgrotat;
1219 2129 1379 2189 atque
1424 2119 1588 2184 actio,
1633 2135 1752 2189 quae
1805 2119 2001 2174 accidit

413 2212 652 2281 quidem,
697 2210 855 2266 facile
885 2225 1013 2264 vero
1046 2211 1114 2265 ab
1155 2211 1219 2265 iis
1253 2212 1344 2280 qui
1376 2219 1773 2281 mgrotaverunt
1809 2213 1996 2267 absce-

416 2303 516 2358 dit.
557 2301 653 2356 Sin
691 2316 821 2356 vero
853 2300 1145 2356 accidisset
1185 2302 1423 2372 quidem,
1466 2303 1560 2358 sed
1594 2318 1699 2358 non
1738 2303 1996 2358 abscede-

415 2394 650 2458 ret,dici
703 2404 888 2465 posset
947 2410 1054 2449 non
1111 2410 1233 2449 esse
1286 2394 1504 2464 quidem
1556 2410 1650 2466 per
1693 2411 1752 2450 se
1786 2395 1998 2462 vitium,

415 2501 590 2555 neque
619 2500 778 2556 posse
823 2495 1002 2541 tamen
1037 2485 1397 2540 substantiam
1439 2500 1560 2540 esse
1603 2502 1836 2556 unquam
1872 2489 1996 2542 abs-

413 2590 520 2645 que
547 2577 700 2630 vitio.
736 2576 890 2643 Quod
917 2576 962 2630 si
993 2575 1191 2630 accidit
1212 2575 1429 2641 electio,
1459 2575 1618 2630 facile
1639 2586 1818 2648 autem
1847 2592 2000 2644 sepa-

416 2676 585 2733 ratur,
618 2678 678 2721 ut
719 2682 906 2722 rursus
939 2667 1082 2737 quod
1128 2667 1260 2720 vitio
1298 2665 1598 2735 subjectum
1632 2677 1770 2733 erat,
1807 2683 1998 2736 purum

415 2759 696 2824 reddatur,
722 2773 896 2827 neque
925 2758 1039 2812 vitii
1073 2757 1224 2828 signa
1267 2772 1332 2813 ac
1355 2759 1584 2828 vestigia
1613 2759 1804 2814 habeat
1830 2774 1845 2823 ;
1895 2758 2000 2813 erit

416 2847 613 2902 vitium
643 2862 816 2916 neque
855 2862 951 2916 per
979 2862 1039 2901 se
1075 2846 1230 2913 nihil,
1278 2861 1455 2917 neque
1481 2846 1685 2917 aliquid
1731 2848 1872 2918 quod
1904 2861 2000 2916 per

415 2953 474 2994 se
531 2953 653 2995 esse
705 2949 901 3009 queat,
943 2953 1120 3008 neque
1168 2938 1311 3009 quod
1367 2954 1580 3009 semper
1623 2939 1726 3004 sit;
1766 2939 1858 2994 sed
1901 2953 1999 3007 po-

419 3030 524 3085 tius
551 3029 786 3097 deletur,
817 3040 872 3084 et
893 3030 1020 3084 dum
1051 3028 1281 3095 deletur,
1315 3030 1663 3085 convincitur
1698 3046 1806 3086 non
1840 3044 2000 3100 posse

417 3136 514 3192 per
541 3136 602 3177 se
655 3136 795 3187 esse,
825 3131 879 3176 et
901 3123 1225 3193 quandoque
1276 3137 1383 3176 non
1425 3122 1612 3187 fuisse,
1653 3123 1782 3193 quin
1823 3123 2000 3193 potius

417 3212 578 3283 paulo
601 3222 731 3269 ante
762 3228 830 3268 ex
876 3213 1161 3269 electionis
1195 3213 1563 3268 im‘aletudine
1603 3214 1890 3282 prodiisse.

2101 2023 2336 2092 σηκότας
2378 2021 2474 2094 τὴν
2523 2023 2861 2095 προαίρεσιν·
2909 2024 3003 2077 καὶ
3055 2023 3252 2094 πρᾶξις
3300 2025 3686 2098 συμϐεϐηκυῖα

2102 2114 2221 2184 μὲν,
2259 2115 2454 2186 ῥαδίως
2501 2115 2558 2168 δὲ
2603 2115 2943 2187 χωριζομένη
2982 2115 3090 2169 ἀπὸ
3137 2117 3243 2170 τῶν
3286 2119 3684 2190 νενοσηκότων.

2100 2208 2164 2262 Ei
2197 2208 2252 2261 δὲ
2287 2207 2621 2281 συμῦεὸηκει
2659 2209 2778 2280 μὲν,
2811 2211 2912 2263 ούκ
2951 2209 3032 2263 ἔτι
3068 2210 3114 2264 δ’
3159 2209 3470 2282 ἐχωρίζετο,
3507 2205 3577 2281 ἦν
3603 2213 3684 2264 εἰ-

2099 2301 2242 2365 πεῖν,
2269 2298 2351 2352 ὅτι
2376 2298 2496 2352 καθ’
2529 2299 2725 2372 ἑαυτὴν
2767 2300 2864 2371 μὲν
2897 2299 2997 2353 ούκ
3039 2299 3152 2352 ἔστι
3188 2301 3376 2363 κακία,
3421 2300 3682 2354 οὐδέποτε

2098 2387 2155 2441 δὲ
2175 2387 2396 2443 δύναται
2429 2389 2586 2444 οὐσία
2611 2391 2739 2446 ἄνευ
2766 2390 2964 2456 κακίας
2991 2387 3150 2446 εἶναι.
3185 2392 3249 2448 Εἰ
3274 2393 3330 2446 δὲ
3367 2393 3432 2446 ἐκ
3473 2395 3682 2464 συμδε-

2099 2480 2328 2544 δηκότος
2352 2482 2449 2553 τὴν
2493 2483 2809 2557 προαίρεσιν
2853 2483 3000 2555 ἔσχε,
3034 2485 3231 2556 ῥᾳδίως
3258 2485 3572 2557 χωρίζεται,
3603 2485 3683 2550 ὡς

2101 2573 2260 2627 πάλιν
2282 2575 2343 2627 τὸ
2371 2573 2725 2646 ὑποκείμενον
2753 2575 2992 2648 καθαρὸν
3014 2575 3340 2649 ἀποδοθῆναι
3360 2618 3374 2645 ,
3405 2579 3499 2632 καὶ
3539 2579 3685 2651 μήτε

2100 2668 2302 2736 σημεῖα
2328 2665 2524 2731 κακίας
2547 2667 2709 2738 ἔχειν,
2742 2667 2946 2741 ἔσταιή
2973 2669 3173 2737 κακία,
3214 2667 3338 2722 οὔτε
3384 2668 3504 2726 καθ’
3545 2671 3682 2726 ἑαυ-

2097 2756 2196 2828 τὴν
2248 2757 2430 2821 οὐδὲν,
2499 2757 2620 2811 οὔτε
2669 2754 2806 2812 εἶναι
2849 2752 3161 2832 δυναμένη,
3219 2759 3344 2815 οὔτε
3394 2762 3481 2816 ἀεὶ
3521 2752 3685 2816 οὗσατ

2099 2851 2212 2905 ἀλλ’
2241 2850 2610 2923 ἀφανιζομένη
2633 2852 2726 2905 καὶ
2749 2851 3076 2925 ὲλεγχομένη
3119 2852 3198 2924 τῷ
3227 2854 3521 2925 ἀφανισμῷ
3538 2894 3556 2920 ,
3583 2855 3685 2910 καὶ

2103 2941 2176 3013 μὴ
2209 2938 2347 2996 εἶναι
2364 2942 2656 3014 δυναμένη·
2679 2945 2779 2998 οὐκ
2810 2941 2944 2998 οὖσα
2969 2945 3189 3016 δήποτε,
3222 2946 3337 2999 ἀλλ’
3361 2945 3588 3018 ἔναγχος
3616 2949 3683 3001 ἐκ

2099 3032 2469 3104 προαιρέσεως
2498 3035 2806 3106 νοσησάσης
2828 3034 3180 3104 προελθοῦσα.

1262 3365 1390 3422 (ἔην.
1429 3364 1491 3420 ν.
1530 3363 1840 3421 Substantia
1876 3365 2107 3437 corporis
2129 3373 2179 3420 et
2213 3367 2403 3420 anima:
2432 3381 2532 3420 non
2565 3377 2637 3419 est
2674 3367 2836 3418 mala.

487 3483 638 3551 Quod
685 3494 864 3541 autem
920 3500 1025 3542 non
1091 3487 1398 3556 reperiatur
1453 3489 1633 3543 anima
1700 3489 1994 3544 secundum

2172 3485 2296 3538 Ὀτι
2324 3483 2381 3537 δὲ
2407 3483 2507 3537 οὐκ
2535 3482 2648 3536 ἔστι
2688 3483 2808 3537 καθ’
2834 3481 3032 3554 ἑαυτὴν
3075 3483 3202 3538 ἰδεῖν
3244 3484 3423 3556 ψυχὴν
3446 3486 3676 3558 οὐσιὼδη

416 3568 780 3631 substantiam
831 3576 973 3631 mala
1022 3576 1100 3632 sic
1139 3586 1333 3632 natura
1380 3577 1541 3644 facta,
1587 3591 1762 3648 neque
1799 3591 1998 3646 corpus

421 3678 519 3733 per
581 3678 641 3718 se
693 3663 999 3719 substantia
1057 3665 1277 3732 malum,
1335 3676 1601 3720 testantur
1654 3665 1894 3720 rationes
1939 3674 1996 3718 et

417 3754 689 3809 actiones.
721 3753 936 3808 Etenim
979 3754 1025 3810 si
1058 3756 1411 3824 temperantia
1448 3756 1620 3811 virtus
1656 3764 1761 3821 est,
1789 3770 1996 3825 corpus

415 3859 547 3900 vero
575 3843 876 3899 substantia
913 3845 1145 3911 malum;
1195 3862 1298 3901 non
1327 3855 1509 3916 posset
1540 3847 1763 3917 reperiri
1799 3860 1997 3916 corpus

415 3941 748 4002 temperans,
780 3947 847 3986 ne
874 3947 1072 4001 corpus
1109 3935 1254 4003 quod
1303 3933 1602 3989 substantia
1647 3944 1803 4004 turpe
1832 3947 1886 3988 et
1916 3935 1998 3988 vi-

417 4023 611 4077 Iiosum
655 4029 759 4086 est,
813 4036 1010 4090 corpus
1064 4023 1282 4078 virtutis
1316 4023 1602 4078 efﬁciatur.
1658 4022 1792 4078 Cum
1850 4023 1994 4078 enim

416 4128 614 4182 corpus
653 4127 712 4167 se
744 4122 1030 4182 temperat,
1077 4127 1274 4181 corpus
1302 4114 1518 4168 virtutis
1570 4113 1768 4169 factum
1807 4124 1909 4178 est,
1940 4122 1998 4168 et

415 4217 611 4273 corpus
664 4203 884 4258 virtutis
933 4197 1149 4270 est;’ct
1191 4205 1316 4275 quia
1364 4220 1564 4277 corpus
1623 4205 1843 4260 virtutis
1889 4214 1994 4270 est,

415 4304 592 4366 patest
619 4309 741 4351 esse
770 4295 1047 4366 templum.
1087 4296 1150 4352 Si
1201 4299 1346 4353 enim
1382 4301 1542 4353 omne
1570 4313 1766 4368 corpus
1789 4297 1992 4352 libidini

415 4385 656 4440 deditum
679 4395 844 4451 esset,
891 4396 1079 4442 etnon
1119 4399 1299 4458 posset
1333 4389 1559 4458 reperiri
1586 4388 1640 4443 in
1675 4389 1992 4458 corporibus

418 4479 796 4546 temperantia,
819 4477 1186 4548 potuissemus
1203 4479 1502 4536 attribuere
1525 4481 1844 4536 substantiae
1875 4497 1995 4537 cor-

416 4581 607 4636 porum
630 4566 984 4624 substautiale
999 4569 1219 4624 malum.
1238 4571 1334 4628 Sin
1354 4585 1483 4627 vero
1503 4587 1676 4644 usque
1693 4588 1759 4627 eo
1783 4589 1996 4643 proces-

416 4663 856 4723 seruntcorpora,
880 4667 935 4711 et
951 4667 1230 4729 tantopere
1251 4660 1516 4716 honorata
1547 4673 1675 4717 sunt
1699 4677 1764 4719 ac
1785 4673 1990 4718 tantam

417 4745 828 4815 temperantiam
864 4747 1172 4815 induerunt,
1207 4761 1265 4806 ut
1290 4752 1482 4808 domus
1505 4755 1637 4809 ﬂant
1667 4755 1906 4812 auctoris
1933 4763 1990 4811 et

2099 3575 2296 3648 κακὴν,
2329 3574 2473 3629 οὕτω
2499 3577 2803 3646 πεφυκυῖαν
2845 3575 2939 3629 καὶ
2979 3572 3166 3639 οὖσαν,
3193 3576 3316 3630 οὔτε
3360 3577 3523 3652 σῶμα
3556 3580 3676 3632 καθ’

2098 3665 2259 3720 ἑαυτὸ
2283 3665 2537 3729 οὐσιῶδες
2569 3665 2734 3719 κακὸν
2758 3704 2771 3728 ,
2803 3666 3174 3738 μαρτυροῦσιν
3210 3669 3262 3720 οἱ
3295 3668 3444 3738 λόγοι
3486 3670 3582 3724 καὶ
3623 3671 3678 3724 αἱ

2099 3758 2344 3829 πράξεις.
2363 3758 2428 3812 Εἰ
2444 3757 2598 3829 γὰρὴ
2621 3757 2939 3830 σωφροσύνη
2963 3759 3060 3829 μὲν
3078 3760 3244 3831 ἀρετή
3269 3762 3406 3824 ἐστι,
3429 3761 3490 3814 τὸ
3507 3762 3563 3816 δὲ
3582 3761 3679 3815 σῶ-

2100 3867 2178 3920 μα
2196 3849 2452 3912 οὐσιῶδες
2467 3848 2655 3912 κακὸν,
2677 3849 2777 3902 οὐκ
2794 3848 2860 3903 ἂν
2885 3843 3054 3903 οἷόντε
3085 3846 3152 3922 ἦν
3175 3851 3334 3922 σῶμα
3361 3850 3579 3924 σῶφρον
3595 3854 3677 3906 εύο

2101 3941 2341 4013 ρεθῆναι·
2371 3942 2457 3995 ἵνα
2475 3941 2549 4014 μὴ
2570 3941 2750 4013 σῶμα,
2767 3943 2924 4013 οὐσίᾳ
2940 3942 2998 3995 ὃν
3018 3944 3260 4016 αἰσχρὸν,
3283 3943 3442 4015 σῶμα
3473 3943 3678 4018 ἀρετῆς

2096 4035 2473 4107 γένηταιοὸταν
2489 4034 2598 4105 γὰρ
2610 4038 2857 4106 σωφρονῇ
2872 4037 2934 4089 τὸ
2949 4036 3128 4106 σῶμα,
3145 4037 3302 4106 σῶμα
3317 4038 3543 4106 γέγονεν
3557 4040 3672 4110 ἁρε-

2097 4123 2196 4193 τῆς
2221 4124 2316 4176 καὶ
2335 4123 2496 4194 σῶμά
2521 4125 2665 4176 ἐστιν
2687 4124 2884 4194 ἀρετῆς
2903 4123 3000 4196 (5),
3024 4125 3244 4180 δύναται
3262 4122 3512 4181 εἶναικαὶ
3529 4127 3676 4189 ναός.

2096 4213 2159 4266 Et
2191 4213 2288 4284 μὲν
2315 4209 2408 4266 οὖν
2436 4215 2579 4267 ἆπαν
2612 4213 2770 4286 σῶμα
2800 4215 3055 4286 πορνικὸν
3090 4212 3178 4288 ἦν,
3196 4214 3290 4270 καὶ
3307 4217 3588 4288 ἀμήχανον
3607 4213 3678 4290 ἦν

2095 4303 2154 4357 ὲν
2177 4305 2421 4376 σώμασιν
2450 4305 2736 4378 εὑρεθῆναι
2762 4308 3135 4380 σωφροσύνην,
3167 4311 3235 4380 τῇ
3268 4309 3426 4381 οὐσίᾳ
3442 4309 3552 4363 τῶν
3573 4327 3677 4364 σω·

2098 4395 2284 4467 μάτων
2326 4397 2387 4452 τὸ
2422 4398 2679 4461 οὐσιῶδες
2713 4397 2882 4452 κακὸν
2932 4399 3222 4452 ἀποδοῦναι
3249 4398 3314 4453 ἂν
3341 4399 3678 4470 ἠδυνάμεθα.

2094 4489 2159 4543 Ei
2187 4489 2245 4543 δὲ
2269 4489 2360 4542 ἐπὶ
2400 4489 2650 4542 τοσοῦτον
2675 4489 2910 4562 προῆλθε
2954 4490 3023 4544 τὰ
3069 4489 3314 4561 σώματα,
3358 4492 3454 4545 καὶ
3502 4491 3678 4556 οὕτως

2091 4578 2400 4651 τετίμηται,
2427 4579 2523 4634 καὶ
2543 4581 2808 4652 τοσαύτην
2842 4584 3138 4653 ἠμφίεσται
3181 4581 3556 4654 σωφροσύνην,
3601 4584 3678 4648 ὡς

2093 4668 2270 4721 οἰκίαν
2305 4664 2444 4722 εἶναι
2469 4669 2560 4723 τοῦ
2600 4671 2960 4741 πεποιηκότος
2981 4712 2996 4737 ,
3044 4671 3120 4736 ὡς
3149 4675 3370 4742 ταμεῖον
3397 4668 3540 4726 εἶναι
3580 4673 3678 4726 τοῦ

2093 4755 2324 4828 Κυρίου,
2355 4757 2432 4822 ὡς
2459 4758 2708 4830 ἐνδημεῖν
2736 4760 2954 4831 Πατέρα
2987 4761 3080 4814 καὶ
3114 4761 3263 4825 Υίὸν,
3293 4761 3387 4814 καὶ
3407 4761 3509 4832 τὴν
3525 4761 3667 4833 ciam.

486 4988 563 5062 (Ι)
601 4989 892 5064 Σιτιᾳνός.
937 4985 1028 5064 C|._
1049 4985 1452 5064 .Wesselingius
1492 4986 1545 5064 in
1587 4986 1854 5064 Ρνοὸᾳὺὶι.
1887 4989 1980 5064 lib.
2017 4992 2324 5064 DOpltitaa,
2370 4998 2532 5053 verba
2589 4995 2720 5053 facit
2770 4997 3018 5054 Clemens
3065 4999 3463 5056 Menandri-ius
3515 5001 3672 5058 Stro-

413 5057 552 5130 sin'g.
575 5074 693 5129 cap.
719 5059 810 5130 28,
851 5072 970 5128 pag.
1000 5057 1125 5119 εις,
1157 5069 1302 5130 recte
1331 5057 1629 5130 conjecisse
1656 5059 1869 5114 videtur
1900 5063 1986 5117 hic

304 5143 316 5154 ·
414 5127 703 5201 legendum
730 5127 1016 5193 Τατιανός,
1055 5144 1212 5198 quem
1238 5127 1466 5201 plurima
1497 5143 1745 5201 errorum
1776 5131 1985 5186 semina

413 5195 541 5255 olim
588 5199 794 5254 sevisse
839 5195 1174 5269 compertum
1219 5195 1322 5252 est.
1379 5195 1566 5269 Neque
1621 5199 1766 5253 enim
1818 5202 1986 5269 (quod

417 5271 510 5340 alii
535 5266 1224 5340 existimarunt)iSerapion
1255 5269 1356 5321 hoc
1383 5267 1500 5340 loco
1524 5266 1875 5339 Srytbiannui
1903 5270 1986 5325 in-

411 5339 708 5419 dignam,“
731 5337 1286 5419 secta—Manicbaiczr
1336 5337 1689 5419 conditorem,
1740 5354 1861 5419 cum
1905 5341 1981 5394 nio

420 5406 618 5478 mirum
674 5406 732 5463 S.
783 5409 936 5463 Pater
985 5418 1300 5478 postremum
1351 5406 1643 5474 impietatis
1701 5408 1981 5478 abortum,

416 5476 856 5533 Maniclteismum
899 5477 1066 5531 fuisse
1097 5477 1320 5530 scribat.

483 5546 671 5617 (θλ,Ὀ
697 5546 936 5613 Φάνιος-
981 5543 1221 5615 ὐφιανοί
1263 5545 1540 5617 legendum
1574 5558 1757 5602 censet
1793 5547 1978 5605 lauda-

404 5615 502 5687 'lius
537 5615 944 5687 Wesseliugius,
979 5617 1016 5670 I.
1053 5633 1132 5678 c.,
1158 5629 1278 5686 pag.
1303 5615 1430 5678 248,
1456 5632 1575 5684 quae
1601 5617 1818 5687 quidem
1874 5635 1977 5676 vox

2087 5075 2217 5138 ιιιαι.
2253 5066 2346 5121 lib.
2381 5082 2496 5138 vn,
2544 5084 2668 5138 pag.
2702 5070 2827 5124 765.
2873 5068 2965 5123 \v'el
2995 5071 3038 5125 si
3085 5072 3279 5136 mavis,
3314 5086 3440 5135 cum
3483 5076 3674 5127 eodem

2087 5135 2206 5210 viro
2240 5137 2454 5210 erudito
2487 5135 2640 5210 legas
2671 5139 2702 5210 ό
2743 5139 3078 5210 Ἐπιφάνης·
3124 5135 3284 5209 quem
3329 5139 3675 5210 Carpocratis

2089 5204 2258 5259 ﬁlium
2287 5207 2452 5262 multa
2495 5204 2637 5263 inter
2665 5204 3012 5265 Christianos
3029 5204 3320 5267 innovasse
3344 5204 3502 5266 doc-el
3531 5213 3672 5268 idem

2087 5273 2556 5352 Clemenslib._ttt
2576 5315 2593 5344 ,
2619 5295 2740 5350 pag.
2770 5279 2898 5352 57H.
2929 5278 3328 5352 Utraquesane
3353 5280 3666 5350 conjectura

2131 5345 2428 5420 robabilior
2451 5349 2538 5420 illa
2569 5345 2714 5404 esse'
2732 5351 2964 5420 videtur,
2993 5345 3100 5420 qua
3133 5345 3492 5415 Marcianum,
3528 5353 3672 5406 cele-

2131 5419 2432 5490 remgapud
2489 5419 2780 5473 Eusebium
2828 5418 3163 5490 iDocetarum
3230 5420 3667 5490 primipilarem,

2090 5484 2375 5562 Serapioni
2415 5490 2804 5562 restituendum
2827 5489 3128 5562 Basnagius
3165 5484 3519 5562 existimavit.

2160 5555 2238 5626 (ὅ)
2279 5556 2381 5612 Hic
2427 5560 2690 5628 interpres
2739 5560 2935 5628 legisse
2991 5555 3203 5616 videtur
3246 5561 3300 5615 in
3336 5575 3438 5616 suo
3483 5575 3668 5616 exem-

2083 5625 2249 5703 plari,
2293 5625 2887 5703 xabértpibpﬁﬁﬁm
2941 5631 3143 5703 ἀρετῆς
3173 5649 3191 5703 f
3247 5644 3370 5703 qua:
3413 5630 3668 5688 librarius

405 5677 834 5772 ’ξιὲτέῐὲἒέίδάνιοξ
860 5677 1545 5772 |,i;t9ri§.,pétte'stingui",
1594 5677 1668 5770 tie
1711 5689 1977 5772 Qp’hiauis
2083 5677 3230 5772 si;sanesane;inguinis.“sanan.

412 5755 682 5811 btet-elicis
725 5758 817 5827 qui
873 5755 1204 5811 'l‘cttulliauo
1263 5770 1327 5811 ac
1376 5755 1676 5827 Epiphanio
1726 5755 1978 5816 dicuntur
