3890 6274
203 321 308 380 905

1114 319 1171 374 S.
1216 315 1622 375 SERAPIONIS
1656 309 1859 372 LIBER
1893 313 2051 372 ADV.
2091 315 2552 372 MANICHA‘ZOS..
2647 337 2654 346 -

3351 318 3455 376 906

197 457 284 496 σιν
319 437 428 492 τῶν
457 437 723 508 σωμάτων
752 435 1133 507 ἀποδέχεσθαιο
1160 433 1280 502 πῶς
1310 436 1411 489 οὑκ
1446 435 1648 500 ἄτοπος
1684 436 1778 490 καὶ
1807 485 1813 497 ,

1899 438 2140 494 :onciave
2163 437 2417 503 Domini,
2450 445 2511 490 ut
2539 433 2702 489 Pater
2738 442 2794 489 et
2823 433 2991 491 Filius
3017 435 3084 493 ad
3117 449 3181 493 ea
3205 436 3455 504 veniant,

197 527 404 598 γελοῖος
425 526 646 580 ἐκείνων
670 526 698 578 ὁ
720 523 876 593 λόγος
894 547 907 595 ;

1881 535 1936 580 et
1966 526 2019 580 in
2051 525 2132 583 eis
2166 527 2414 582 habitare
2443 525 2608 582 velint
2636 525 2691 590 ⁸,
2723 529 2990 596 quomodo
3017 543 3122 585 non
3156 537 3236 586 est
3264 529 3453 585 absur-

1881 617 2005 670 dum
2038 626 2093 673 et
2130 617 2415 673 ridiculum
2454 618 2598 688 quod
2635 616 2827 672 aiunt?

1243 699 1371 756 CAP.
1412 700 1498 755 Vl.
1531 700 1696 771 quue
1716 718 1782 756 ea:
1805 702 2094 773 Scripturis
2116 708 2394 777 probatur.

281 793 414 847 Ἰδοὺ
447 793 556 865 γάρ
605 793 735 846 ὅταν
775 792 875 863 μὲν
920 791 1128 856 Παῦλος
1173 791 1250 862 πῆ
1309 793 1408 862 μὲν
1447 791 1615 860 λέγει’
1655 795 1778 846 Οὐκ

147 889 149 891 ’
198 884 399 940 aiam-8
433 883 522 938 ὅτι
567 883 641 938 τὰ
683 883 928 954 σώματα
971 882 1138 952 ὑμῶν
1171 881 1320 949 ναὸς
1366 882 1472 937 τοῦ
1524 883 1596 936 ἐν
1637 883 1782 952 ὑμῖν

198 979 375 1048 ἁγίου
413 977 756 1045 Πνεύματός
786 977 957 1030 ἐστιν
981 992 1000 1040 ;
1030 978 1060 1029 ὁ
1086 975 1143 1028 δὲ
1177 975 1309 1038 Θεὸς
1334 974 1421 1028 διὰ
1449 973 1542 1028 τοῦ
1568 976 1781 1046 προφή-

198 1085 294 1122 του
321 1067 722 1139 ἐπαγγέλληται
748 1083 762 1098 °
795 1066 1124 1136 Ἐνοικήσω
1140 1067 1451 1132 ἐναύτοῖς,
1482 1065 1581 1119 καὶ
1601 1067 1778 1136 ἐμπε-

194 1159 530 1230 ριπατήσω,
565 1159 663 1213 καὶ
691 1157 904 1228 ἔσομαι
926 1155 1127 1212 αὐτῶν
1157 1157 1320 1224 Θεός⁹
1347 1157 1442 1211 καὶ
1471 1155 1647 1209 πείθει
1679 1157 1780 1229 τὴν

197 1251 460 1312 διάνοιαν,
497 1249 592 1304 καὶ
617 1252 730 1314 τοῖς
757 1249 970 1320 σώμασι
1004 1249 1271 1320 μαρτυρεῖ
1291 1264 1306 1280 °
1356 1248 1451 1300 καὶ
1477 1248 1538 1300 τὸ
1569 1247 1667 1318 μὲν
1691 1247 1782 1300 οὑ-

201 1340 398 1404 σιῶδες
425 1339 636 1407 ἐξωθεῖ,
661 1343 726 1411 τῇ
757 1339 814 1393 δὲ
840 1339 1037 1410 μελέτῃ
1076 1339 1139 1392 τὸ
1168 1339 1398 1410 πρᾶγμα
1437 1337 1778 1392 ἀποδίδωσιν·

199 1432 330 1484 ὅταν
354 1429 464 1502 γάρ
497 1431 530 1502 ή
564 1428 760 1501 μελέτη
793 1428 854 1481 τὸ
882 1427 1188 1500 ἐπιτήδειον
1223 1426 1323 1498 τῆς
1353 1427 1624 1490 πολιτείας
1649 1427 1785 1480 ἀπο-

199 1521 300 1592 δῷ,
331 1521 452 1575 τότε
478 1520 752 1592 ἡτοιαύτη
775 1519 1084 1590 κατασκευὴ
1116 1521 1174 1573 ἐν
1205 1521 1318 1583 τοῖς
1352 1517 1600 1590 σώμασιν
1649 1518 1784 1573 ἀπο-

1951 797 2089 854 Ecce
2124 801 2268 854 enim
2305 797 2504 854 Paulus
2561 798 2757 855 alicubi
2808 802 2924 855 ait:
2966 803 3043 856 An
3076 803 3287 858 nescitis
3317 803 3456 868 quod

1879 903 2096 956 corpora
2123 899 2290 942 uestra
2319 889 2566 960 templum
2589 891 2691 944 sint
2715 891 2945 960 Spiritus
2970 893 3137 946 sancti
3169 891 3454 946 habitantis

1881 979 1935 1032 in
1983 977 2190 1034 vobis"?
2235 979 2376 1035 Deus
2423 989 2601 1035 autem
2652 995 2749 1050 per
2792 982 3106 1051 prophetam
3152 983 3449 1053 promittit,

1882 1069 2134 1139 inquiens
2163 1087 2178 1124 :
2209 1069 2468 1124 Habitabo
2492 1069 2545 1126 in
2572 1071 2666 1136 eis,
2687 1081 2734 1126 et
2762 1071 3118 1140 inambulabo,
3139 1083 3186 1128 et
3208 1089 3295 1129 ero
3324 1074 3459 1143 ipso-

1882 1175 1996 1214 rum
2027 1160 2162 1216 Deus
2186 1162 2227 1216 '.
2263 1159 2386 1217 Haec
2414 1161 2698 1232 Scriptura
2728 1172 2782 1218 et
2813 1163 2975 1218 menti
3007 1163 3219 1229 suadet,
3249 1173 3305 1219 et
3333 1181 3457 1220 cor-

1882 1253 2100 1322 poribus
2133 1265 2440 1319 attestatur,
2484 1264 2538 1310 et
2565 1253 2916 1309 substantiaie
2963 1253 3160 1308 malum
3204 1253 3454 1324 expellit;

1881 1346 2118 1400 studium
2143 1361 2270 1402 vero
2292 1345 2522 1402 actionis
2551 1360 2661 1400 rem
2685 1344 2876 1401 efficit:
2907 1361 3026 1402 cum
3050 1346 3192 1402 enim
3215 1347 3457 1402 idoneam

1883 1430 2114 1495 vitam'et
2127 1444 2306 1508 aptam
2334 1436 2524 1502 reddit,
2553 1446 2681 1493 tunc
2704 1437 2826 1493 talis
2845 1437 3044 1494 fabrica
3065 1440 3118 1495 in
3141 1439 3459 1510 corporibus

1885 1527 2145 1594 redditur,
2171 1537 2228 1580 ut
2246 1528 2691 1599 possintcorpora
2713 1528 2933 1598 Spiritui
2951 1538 3139 1585 sancto
3165 1530 3455 1592 deservire,

199 1613 445 1678 δέδοται,
488 1614 562 1677 ὡς
605 1613 862 1668 δύνασθαι
897 1614 990 1666 καὶ
1026 1611 1097 1665 τὰ
1136 1610 1364 1682 σώματα
1391 1611 1682 1683 ὑπηρετεῖν
1713 1607 1792 1679 τῷ

1899 1616 2165 1672 deservire
2186 1616 2314 1672 item
2351 1619 2566 1672 rationi.
2589 1615 2866 1685 Quomodo
2885 1617 3045 1688 igitur
3075 1628 3249 1689 petest
3276 1617 3459 1688 lingua

201 1707 506 1778 Πνεύματι,
533 1707 824 1777 ὑπηρετεῖν
848 1704 903 1758 δέ
936 1705 1029 1758 καὶ
1059 1702 1136 1776 τῷ
1156 1703 1325 1774 λόγῳ.
1362 1702 1484 1766 Πῶς
1505 1697 1599 1755 οὖν
1625 1699 1786 1754 δύναο

199 1817 296 1855 ται
328 1801 362 1870 ἡ
389 1799 607 1868 γλῶσσα
644 1799 935 1871 ὑπηρετεῖν
958 1799 1066 1860 τοῖς
1104 1793 1468 1865 νενοημένοις;
1501 1793 1564 1846 Et
1585 1791 1693 1862 γὰρ
1719 1792 1786 1861 τῇ

201 1892 365 1965 οὐσίᾳ
385 1892 459 1963 (4)
491 1893 525 1962 ἡ
562 1890 782 1960 γλῶσσα
810 1889 976 1961 κακὴ,
1007 1887 1208 1957 ἀγαθὸς
1229 1887 1285 1940 δέ
1309 1888 1340 1940 ὁ
1375 1884 1519 1949 νοῦς,
1551 1884 1668 1948 πῶς
1697 1882 1790 1936 δύ-

203 1995 365 2040 ναται
397 1985 676 2037 κοινωνεῖν
702 1984 813 2046 τοῖς
842 1980 1214 2053 ἀκροωμένοις
1245 1980 1327 2042 εἰς
1359 1978 1474 2047 φῶς
1494 1977 1562 2032 τά
1596 1977 1788 2047 νοήμα-

201 2093 273 2132 τα
296 2077 385 2131 διὰ
404 2077 506 2147 τῆς
530 2075 824 2147 ἑρμηνείας
851 2074 1150 2145 προεξάγου
1161 2088 1255 2138 σας
1296 2070 1384 2135 Ὠς
1408 2068 1518 2142 γὰρ
1560 2071 1623 2122 ἐκ
1655 2085 1790 2139 πορ-

203 2169 359 2233 νείας
386 2169 448 2223 οὑ
474 2170 726 2237 γεννᾶται
759 2164 1104 2238 σωφροσύνη,
1127 2163 1299 2228 οὑτως
1317 2163 1416 2233 οὑχ
1434 2156 1546 2215 οἶόν
1565 2161 1625 2214 τέ
1645 2161 1792 2214 ἐστιν

202 2262 318 2317 ἀπὸ
348 2261 442 2316 τοῦ
471 2259 759 2324 ούσιὼδους
783 2257 952 2313 κακοῦ
982 2257 1202 2328 γνήσιόν
1235 2275 1287 2310 τι
1319 2254 1623 2329 προελθεῖν
1664 2254 1793 2307 ὅταν

203 2352 302 2410 οὖν
333 2354 562 2408 ἕκαστον
593 2352 702 2406 τῶν
739 2351 914 2423 μελῶν
951 2349 1286 2422 ἐπισκέπτῃ,
1323 2349 1424 2419 τὴν
1462 2346 1669 2423 ἀκοὴν,
1693 2345 1793 2412 τὰς

203 2445 384 2516 ὕψεις,
413 2444 513 2518 τὴν
544 2442 812 2513 γλῶτταν,
866 2443 935 2497 τὰ
975 2441 1111 2496 ἄλλα
1167 2439 1324 2511 μέλη,
1361 2439 1454 2492 καὶ
1495 2437 1610 2510 ἴδῃς
1652 2437 1792 2493 αὐτὰ

204 2537 420 2609 ὄργανα
450 2534 558 2590 τῶν
589 2534 926 2607 μαθημάτων
953 2531 1405 2603 γιγνόμενα,τότε
1432 2530 1494 2584 τὸ
1524 2531 1620 2601 μέν
1639 2531 1795 2601 σῶμα

206 2628 468 2702 ἀποδέξῃ,
496 2628 590 2682 καὶ
621 2627 682 2681 ού
713 2626 922 2699 μέμψῃ,
953 2623 1048 2678 καὶ
1081 2623 1200 2693 ὄψει
1232 2621 1370 2677 αύτά
1393 2624 1668 2694 ποιήματα
1697 2637 1795 2675 καε-

208 2721 357 2788 θαρά
373 2737 386 2751 °
411 2719 635 2792 βδελύξῃ
668 2719 724 2772 δέ
745 2717 837 2773 τὸν
855 2715 1144 2772 ἀπατεῶνα
1166 2714 1268 2784 τῆς
1294 2713 1550 2785 ἀληθείας
1577 2711 1790 2785 ἐχθρόν.

1891 1708 2142 1778 cogitatis
2174 1707 2481 1763 inservire?
2504 1705 2560 1763 Si
2597 1708 2742 1764 enim
2788 1707 2969 1777 lingua
3004 1707 3141 1763 mala
3170 1718 3274 1775 est,
3313 1721 3464 1763 mens

1889 1807 2069 1853 autem
2098 1799 2260 1865 bona,
2301 1800 2569 1870 quomodo
2602 1810 2779 1869 potest
2805 1799 3120 1856 societatem
3149 1814 3270 1854 cum
3317 1800 3464 1869 cogi-

1891 1890 2021 1945 tatis
2075 1890 2311 1956 habere,
2367 1892 2614 1946 notiones
2675 1891 2729 1946 in
2782 1892 2959 1947 lucem
3026 1889 3466 1962 interpretatione

1890 1982 2224 2054 proferens?
2280 1981 2434 2038 Sicut
2479 1982 2624 2038 enim
2675 1997 2744 2038 et
2790 1983 3014 2039 libidine
3069 1999 3176 2038 non
3231 1982 3467 2052 gignitur

1895 2076 2276 2146 temperantia,
2313 2076 2394 2132 sic
2420 2076 2535 2132 ﬁeri
2571 2092 2676 2132 non
2701 2085 2878 2146 potest
2912 2085 2969 2132 ut
2997 2091 3060 2132 ex
3094 2076 3236 2132 malo
3265 2090 3466 2132 secun-

1893 2168 2018 2220 dum
2066 2165 2424 2222 substantiam
2479 2165 2682 2236 aliquid
2735 2167 3020 2223 honestum
3069 2166 3460 2236 proﬁciscatur.

1893 2255 2026 2312 Cum
2065 2257 2231 2327 igitur
2277 2257 2488 2329 singula
2525 2257 2768 2313 membra
2818 2257 3275 2325 consideraveris,
3311 2255 3467 2311 audi-

1898 2356 2030 2414 tum,
2063 2358 2360 2418 aspectum,
2393 2349 2628 2419 linguam
2655 2391 2672 2416 ,
2709 2348 2812 2405 alia
2862 2348 3128 2416 membra,
3165 2357 3220 2406 et
3267 2349 3470 2405 videris

1897 2438 2034 2493 facta
2060 2453 2181 2496 esse
2203 2439 2558 2497 instrumenta
2588 2449 2999 2512 praeceptorum,
3023 2455 3143 2512 quae
3163 2441 3468 2509 didicimus,

1899 2541 2025 2588 tunc
2057 2547 2253 2602 corpus
2295 2534 2510 2604 quidem
2549 2533 2823 2599 laudabis,
2876 2543 2931 2590 et
2965 2547 3072 2590 non
3115 2533 3468 2604 vituperabis,

1899 2626 2214 2697 videbisque
2264 2625 2403 2682 facta
2451 2627 2566 2697 ipsa
2606 2641 2728 2684 esse
2775 2640 2907 2697 pura
2954 2641 3019 2682 ac
3053 2624 3282 2698 munda;
3313 2639 3472 2682 exse-

1896 2715 2141 2771 craberis
2177 2724 2357 2771 autem
2387 2716 2788 2772 fraudulentum
2816 2715 3062 2772 veritatis
3095 2715 3403 2774 inimicum.

910 2828 1039 2886 CAP.
1067 2825 1173 2884 νη.
1217 2820 1553 2880 Hanicltaica
1585 2825 1839 2880 sententia
1865 2827 1928 2881 de
1952 2843 2190 2898 corpore,
2216 2829 2493 2899 nugatoria
2513 2839 2562 2882 et
2592 2831 2765 2898 fatua.

283 2943 352 2999 Et
380 2942 438 2998 δὲ
477 2941 592 2996 ένια
630 2943 731 3013 μὲν
749 2939 858 2998 τῶν
886 2938 1153 3011 σωμάτων
1187 2938 1272 2992 ἀεὶ
1297 2937 1612 3008 ἐσωφρόνει,
1639 2936 1790 2990 οὐδέ-

211 3051 347 3088 ποτε
381 3030 840 3104 ἐρρᾳθυμηκότα,
881 3029 997 3084 ἔνια
1041 3029 1098 3083 δὲ
1135 3027 1223 3082 ἀεὶ
1267 3027 1595 3100 ἐρρᾳθύμει,
1639 3027 1792 3080 οὑδὲν

215 3125 404 3198 μόριον
453 3121 802 3194 σωφροσύνης
843 3121 1240 3192 ἀσπασάμενα·
1272 3116 1340 3191 ἦν
1383 3121 1579 3184 εἰπεῖν,
1619 3119 1700 3172 ὃτι
1734 3119 1792 3172 ἐν

210 3219 328 3281 τοῖς
377 3214 592 3286 σώμασι
635 3215 922 3285 γεγένηται
977 3211 1259 3284 μερισμὸς,
1310 3211 1405 3264 καὶ
1434 3210 1550 3264 ἔνια
1576 3209 1675 3284 μέν
1700 3207 1791 3263 οὑ-

213 3325 305 3360 πω
351 3305 449 3378 (5),
478 3305 594 3359 ἔνια
637 3305 694 3358 δέ
733 3304 875 3360 οὑτω
922 3306 1154 3374 πέφυκεο
1205 3305 1298 3358 καὶ
1339 3301 1557 3373 ἠσθένει
1602 3302 1700 3373 μὲν
1733 3303 1791 3356 ἐν

211 3398 390 3469 τούτῳ
435 3400 462 3452 ὁ
500 3397 656 3467 λόγος
688 3395 866 3452 αὑτῶν
889 3413 902 3427 ·
936 3395 1120 3450 οὐκέτι
1145 3394 1254 3468 γὰρ
1298 3394 1420 3449 καθ’
1453 3394 1589 3447 ὅλων
1616 3393 1796 3464 σωμά-

210 3508 324 3544 των
349 3490 594 3559 ἐγίγνετο
623 3489 803 3552 αὑτοῖς
836 3490 864 3541 ὁ
887 3488 1041 3556 λόγος
1063 3525 1080 3552 ,
1115 3489 1228 3557 είγε
1269 3487 1494 3560 τοιαύτῃ
1536 3485 1795 3540 ὑποθέσει

213 3581 478 3654 ἐχρῶντο.
509 3580 646 3634 Ἀλλ’
670 3579 879 3648 ἐγίνετο
903 3579 1061 3632 πάλιν
1098 3577 1319 3642 εὑκολος
1359 3581 1388 3632 ὁ
1436 3577 1656 3647 ἐλεγχος
1675 3617 1688 3640 ,
1713 3576 1796 3628 ὅτι

213 3674 347 3738 Πῶς
373 3668 484 3727 οἷόν
511 3690 570 3726 τε
588 3667 654 3744 ἦν
680 3671 788 3725 τῶν
813 3672 1079 3742 σωμάτων
1107 3671 1205 3742 τὴν
1232 3670 1398 3740 αὐτὴν
1435 3668 1668 3739 ἐχόντων
1702 3668 1796 3721 ού-

217 3765 363 3830 σίαν,
391 3762 485 3818 δύο
518 3762 706 3832 φύσεις
730 3761 978 3824 ἐναντίας
1008 3760 1116 3815 ἀπὸ
1147 3759 1246 3830 τῆς
1274 3758 1443 3828 αὐτῆς
1466 3757 1651 3822 οὑσίας
1667 3758 1796 3810 ὑπο·

220 3858 434 3928 στῆναι,
467 3855 561 3910 καὶ
580 3855 678 3926 τὴν
705 3851 872 3924 αὑτὴν
891 3851 1078 3905 οὐσίαν
1105 3849 1439 3922 διαιρεθῆναι
1481 3852 1561 3914 είς
1611 3849 1800 3919 φύσεις

217 3947 335 4012 δύο,
367 3946 455 4000 ἵνα
480 3945 540 3998 τὺ
578 3945 674 4016 μὲν
708 3944 766 3998 ἒν
807 3943 973 4015 μέρος
1004 3942 1090 3997 ἀεὶ
1113 3943 1299 4003 κακὸν,
1337 3941 1398 3995 τὸ
1419 3942 1475 3994 δὲ
1502 3941 1688 4013 ἕτερον
1711 3941 1801 3994 ἀεὶ

219 4037 410 4103 καλὸν,
458 4037 552 4090 καί
588 4036 674 4089 ἶνα
707 4033 916 4090 ἑαυτῶν
954 4034 1277 4088 ἀνεπίδεκτα.
1370 4034 1581 4096 ἑαυτοῖς
1631 4031 1802 4103 μαχό-

225 4146 365 4201 μενα
388 4169 403 4195 ,
447 4126 614 4182 ἐαυτά
656 4125 1002 4198 ἀναιροῦντα,
1045 4127 1102 4179 ἐν
1129 4127 1249 4189 ταῖς
1274 4122 1599 4195 γυμνασίαις
1636 4121 1805 4176 ἐαυτά

222 4218 692 4290 ἐνδιαφθείροντα,
737 4217 839 4289 τῆς
888 4218 1056 4289 αὑτῆς
1096 4216 1285 4282 οὑσίας
1335 4215 1588 4269 οὐδέποτε
1637 4217 1803 4288 ἑαυτῇ

225 4308 543 4382 μαχοίμένης
575 4309 670 4361 καὶ
716 4308 913 4380 ἑαυτὴν
944 4306 1303 4378 ἀναιρούσης;
1339 4306 1450 4359 Καὶ
1486 4304 1595 4357 τῶν
1631 4305 1806 4358 τοιού-

223 4417 336 4454 των
367 4399 644 4469 ζητήσεων
671 4397 988 4470 γινομένων,
1011 4395 1171 4462 ὕθλος
1191 4395 1286 4449 καὶ
1308 4397 1491 4468 μωρία
1512 4394 1674 4450 πάλιν
1701 4412 1804 4465 φα-

223 4489 450 4560 νήσεται
479 4487 655 4541 αὑτῶν
689 4489 722 4560 ἡ
752 4487 1030 4559 πρότασις.

1971 2939 2126 3008 Quod
2185 2941 2233 2997 si
2289 2956 2410 3013 quae
2471 2950 2652 3012 partes
2715 2942 2962 3012 corporis
3013 2957 3229 3013 semper
3289 2947 3474 2997 essent

1903 3040 2290 3101 temperantes,
2338 3047 2612 3104 nunquam
2641 3032 2697 3088 in
2743 3033 2993 3105 pigritia;
3027 3032 3147 3088 alia:
3179 3048 3306 3088 vero
3329 3046 3474 3088 sem-

1900 3134 1995 3190 per
2022 3120 2320 3192 pigrantes,
2353 3121 2558 3177 uullam
2604 3129 2813 3192 partem
2858 3123 3227 3193 temperantiae
3265 3121 3473 3193 ample-
3577 3105 3596 3118 ’

1896 3221 2137 3268 cientes:
2171 3213 2275 3268 dici
2313 3222 2515 3284 posset,
2547 3214 2871 3269 divisionem
2894 3229 3016 3270 esse
3047 3214 3100 3270 in
3129 3213 3470 3285 corporibus,

1893 3312 1948 3358 et
1978 3315 2162 3373 partes
2189 3306 2454 3374 quasdam
2484 3306 2565 3361 sic
2590 3314 2786 3361 natura
2819 3304 2992 3361 factas
3030 3321 3171 3373 esse,
3212 3305 3473 3377 quasdam

1896 3408 2025 3450 vero
2056 3395 2235 3465 aliter,
2282 3406 2534 3470 essetque
2582 3396 2634 3451 in
2667 3395 2772 3453 hoc
2813 3397 2957 3452 ratio
2993 3411 3182 3453 eorum
3217 3397 3428 3453 inﬁrma
3456 3416 3475 3452 :

1897 3500 2002 3539 non
2034 3485 2178 3540 enim
2219 3485 2332 3556 jam
2358 3487 2427 3542 de
2466 3489 2592 3541 totis
2623 3489 2942 3558 corporibus
2968 3502 3154 3544 eorum
3183 3488 3476 3559 disputatio

1898 3585 2066 3639 esset,
2103 3576 2147 3631 si
2182 3577 2272 3631 tali
2307 3577 2591 3646 bypothesi
2622 3587 2920 3634 uterentur.
2953 3576 3062 3634 Sed
3099 3577 3259 3634 facile
3286 3592 3476 3634 rursus

1901 3669 1982 3724 sic
2025 3669 2427 3744 redarguuntur
2461 3689 2475 3723 :
2529 3668 2810 3737 Quomodo
2845 3670 2988 3726 enim
3026 3679 3252 3742 possunt
3286 3684 3480 3742 corpo—

1901 3775 2019 3814 rum
2053 3759 2296 3830 ejusdem
2339 3761 2680 3828 substantiae,
2717 3762 2835 3818 dute
2863 3762 3152 3818 contraria:
3180 3771 3385 3819 natura:
3409 3763 3479 3820 ab

1899 3853 2087 3908 eadem
2133 3853 2434 3910 substantia
2477 3855 2796 3920 subsistere,
2834 3855 3134 3925 eademque
3181 3853 3480 3909 substantia

1901 3942 1957 3998 itt
2010 3953 2236 4000 naturas
2273 3946 2408 4002 duas
2455 3946 2656 4012 dividi,
2705 3955 2765 4001 ut
2813 3947 2929 4003 ha‘c
2977 3960 3100 4016 pars
3150 3944 3221 4000 sit
3266 3959 3481 4014 semper

1903 4034 2064 4099 mala,
2101 4034 2270 4091 altera
2300 4051 2428 4092 vero
2461 4049 2677 4108 semper
2719 4037 2892 4102 bona;
2934 4046 2988 4092 et
3035 4045 3096 4090 ut
3127 4050 3187 4091 se
3235 4034 3479 4103 recipere

1905 4138 2009 4178 non
2037 4125 2272 4194 possint,
2301 4140 2487 4182 secum
2518 4133 2776 4198 pugnent,
2810 4139 2840 4180 a
2880 4141 2940 4181 se
2965 4125 3256 4190 intereant,
3294 4123 3349 4178 in
3377 4137 3480 4178 usu

1905 4223 2073 4283 atque
2121 4215 2515 4271 exercitatione
2567 4231 2628 4272 se
2692 4215 3038 4279 interimant,
3098 4229 3222 4268 cum
3277 4211 3482 4281 alioqui

1905 4303 2206 4358 substantia
2258 4318 2534 4373 nunquam
2579 4317 2764 4360 secum
2818 4311 3039 4374 pugnet,
3083 4316 3248 4378 seque
3291 4299 3482 4358 tollat?

1907 4391 1962 4447 Si
1993 4392 2119 4448 talia
2156 4393 2516 4462 inquirantur,
2563 4409 2748 4452 rursus
2777 4394 3019 4466 ipsorum
3055 4391 3282 4466 quaestio
3309 4406 3484 4464 nuga-
3526 4408 3528 4410 ν

1908 4481 2048 4537 toria
2079 4491 2133 4538 et
2159 4483 2309 4538 fatua
2355 4487 2653 4556 apparebit.

1128 4577 1257 4633 Car.
1288 4575 1420 4633 VIII.
1453 4575 1602 4631 Idem
1631 4587 1991 4646 argumentum
2021 4575 2346 4646 persequitur
2370 4590 2576 4632 auctor.

295 4672 361 4726 Et
386 4670 442 4724 δὲ
475 4670 544 4724 τά
565 4671 662 4741 μὲν
689 4669 915 4742 σώματα
936 4669 1035 4739 οὑχ
1056 4668 1224 4732 οὑτως
1264 4667 1434 4732 ἐστὶν,
1457 4666 1580 4721 ούδέ
1608 4665 1677 4720 τὰ
1711 4665 1809 4736 μὲν

1983 4665 2080 4721 Sin
2122 4679 2251 4722 vero
2288 4681 2398 4721 non
2427 4666 2505 4722 sic
2539 4673 2667 4723 sunt
2702 4681 2954 4738 corpora,
2989 4679 3089 4722 nec
3121 4665 3226 4720 alia
3261 4664 3481 4736 quidem

154 4759 174 4770 ”
225 4764 316 4821 ἀεί
346 4764 460 4816 ἐστι
491 4761 764 4834 σώφρονα,
798 4760 868 4814 τά
896 4760 954 4815 δέ
987 4761 1075 4814 ἀεὶ
1105 4761 1322 4832 ῥᾴθυμα
1346 4775 1363 4793 ο
1398 4757 1534 4812 ἀλλά
1560 4757 1678 4822 δέος
1704 4757 1803 4829 μὲν

226 4855 348 4908 ἐστι
371 4852 498 4924 περὶ
511 4852 621 4905 τῶν
645 4851 958 4924 σωφρόνων,
990 4852 1196 4922 μήποτε
1226 4849 1653 4924 ρᾳθυμήσωσι...
1683 4849 1806 4920 ἡρέ-

227 4947 320 5017 θη,
357 4944 450 4998 καὶ
481 4943 642 4999 πάθει
678 4943 972 5014 ἐπιθυμίας
1008 4943 1378 5014 συμπέποται.
1402 4941 1593 5006 Ἐλπὶς
1625 4939 1805 4993 δὲ⁸καὶ

228 5038 363 5108 περὶ
382 5035 489 5089 τῶν
509 5036 720 5104 λάγνων
758 5036 851 5089 καὶ
876 5031 1186 5089 ἀκολάστων
1211 5035 1500 5105 σωμάτων,
1543 5033 1663 5088 ἐπεὶ
1683 5033 1806 5086 πολ-

228 5130 302 5184 λὰ
344 5127 452 5182 τῶν
491 5127 589 5198 ἤδη
627 5125 1056 5201 ρᾳθυμησάντων
1104 5113 1394 5197 σωμάτων,
1443 5123 1698 5180 τοσοῦτον
1729 5125 1808 5188 εἰς

231 5219 588 5292 σωφροσύνην
606 5218 950 5284 ἐπιδέδωκεν,
975 5218 1051 5282 ὡς
1077 5217 1210 5289 μηδὲ
1232 5220 1432 5289 σημεῖα
1450 5215 1551 5287 τῆς
1571 5208 1808 5280 παλαιᾶς

229 5309 528 5374 ἀκολασίας
549 5308 710 5381 ἔχειν,
742 5308 818 5372 ὡς
841 5307 930 5362 διὰ
963 5307 1240 5379 βελτίωσιν
1261 5307 1354 5362 καὶ
1375 5305 1612 5360 ἐπίδοσιν
1628 5305 1809 5360 πλείο-

231 5420 323 5469 να,
349 5403 529 5474 πάσης
559 5400 767 5474 ρυτίδος
798 5399 893 5455 καὶ
928 5399 1114 5454 σπίλου
1145 5397 1238 5452 τοῦ
1271 5397 1501 5452 παλαιοῦ
1540 5397 1805 5450 ἀπολελύ-

1909 4770 2124 4826 semper
2163 4766 2290 4812 sunt
2321 4757 2372 4812 in
2396 4757 2598 4812 virtute
2640 4756 3030 4828 temperantiae,
3061 4755 3166 4812 alia
3188 4770 3316 4812 vero
3342 4770 3486 4812 sem-

1912 4862 2006 4918 per
2039 4847 2091 4903 in
2129 4847 2382 4920 pigritia;
2433 4849 2529 4904 sed
2577 4858 2755 4904 metus
2804 4834 2994 4904 est'de
3030 4845 3480 4916 temperantibus,

1913 4955 1980 4996 ne
2009 4943 2228 5012 quando
2266 4950 2484 5011 propter
2514 4940 2892 5013 negligentiam
2925 4947 3230 5009 temperare
3266 4937 3484 5018 pigreu:

1915 5044 2042 5089 tur:
2075 5035 2240 5089 multa
2271 5036 2414 5090 enim
2455 5034 2566 5106 jam
2609 5048 2840 5105 corpora
2879 5033 2950 5090 ob
2988 5033 3246 5088 virtutem
3279 5041 3485 5099 tempe-

1913 5124 2102 5180 rantia:
2134 5125 2303 5190 clara,
2334 5133 2490 5194 capta
2530 5133 2678 5190 sunt,
2726 5133 2782 5178 et
2821 5137 2885 5178 ea
2911 5131 3075 5178 aestus
3109 5121 3350 5175 libidinis
3383 5123 3482 5175 ab-

1909 5217 2136 5272 sorbuit.
2171 5215 2278 5270 Sed
2309 5232 2495 5273 rursus
2522 5231 2646 5287 spes
2675 5225 2759 5272 est
2789 5215 2858 5271 de
2886 5213 3173 5284 impudicis
3212 5221 3268 5268 et
3296 5209 3482 5266 libidi-

1912 5308 2057 5362 nosis
2104 5308 2418 5377 corporibus
2460 5325 2476 5362 :
2520 5305 2788 5376 siquidem
2851 5304 3017 5360 multa
3078 5302 3191 5372 jam
3245 5315 3368 5372 qua
3424 5300 3480 5356 in

1910 5397 2126 5468 pigritia
2174 5408 2230 5453 et
2282 5399 2489 5470 ignavia
2545 5397 2785 5463 fuerunt,
2840 5403 3020 5452 tantos
3063 5406 3382 5466 prOgressus
3424 5392 3482 5450 in

308 5524 330 5553 ‘
355 5520 513 5576 Joan.
561 5536 672 5587 XIV,
705 5515 795 5575 25.
871 5520 894 5551 ⁸
924 5518 942 5574 Ι
971 5517 1098 5575 Cor.
1129 5533 1188 5574 ιιι
1212 5561 1227 5586 ,
1268 5517 1352 5574 16.
1429 5517 1450 5549 ⁸
1475 5515 1608 5573 Lev.
1641 5531 1801 5581 xxvr,

1899 5522 1940 5582 1;
1974 5517 2017 5572 ll
2059 5516 2188 5574 Cor.
2222 5533 2306 5584 rt,
2355 5518 2443 5573 16.

307 5633 384 5704 (ι)
430 5631 509 5702 Τῇ
533 5632 732 5698 οὐσίᾳ.
771 5629 895 5686 llzec
919 5646 1023 5686 non
1055 5629 1319 5754 expressit
1344 5629 1635 5698 interpres.

309 5705 388 5754 (Si
427 5702 578 5754 Leuit
622 5703 890 5754 interpres
917 5717 935 5754 ι
987 5702 1082 5754 καὶ
1147 5717 1234 5753 νια
1274 5699 1374 5754 μὲν
1415 5698 1578 5754 οὑτω.
1625 5698 1635 5750 l

309 5702 388 5778 (5)
427 5702 578 5774 Legit
622 5703 935 5770 interpres:
987 5702 1082 5755 καὶ

635 5795 910 5859 Panos.
967 5794 1086 5857 Gtt.
1133 5795 1264 5858 XL.

1147 5717 1234 5753 νια
1273 5699 1374 5772 μὲν
1415 5693 1578 5765 οὑτω,
1625 5695 1743 5753 ivra
1780 5697 1838 5751 δὲ
1895 5695 2039 5751 οὕτω
2069 5695 2297 5765 πέφυκε.
2340 5693 2494 5751 Entr.
2540 5693 2781 5751 ι’λταοι..

3101 5775 3178 5844 29

1897 5877 1940 5884 ο..-
