3890 6274
397 272 504 330 907

1492 264 1767 325 PATRES
1801 264 2104 325 ΑΞΟἮΡΤΙΙ
2143 266 2419 327 SECULI
2453 270 2548 328 Π.

3595 274 3610 289 1

3595 275 3610 289 Ι

3557 275 3668 333 9-8

397 383 728 443 continentia
761 381 1027 448 fecerunt,
1059 388 1118 435 ut
1149 393 1325 450 neque
1354 377 1507 449 signa
1550 379 1750 436 veteris
1791 380 1976 436 incon-

2078 379 2202 434 σθαι
2223 398 2235 411 ο
2262 381 2389 437 ὅταν
2419 380 2514 438 οὖν
2554 383 2686 456 λέγῃ
2719 383 2782 438 τὸ
2815 383 3164 455 Εὖαγγέλιον,
3198 384 3281 438 ὅτι
3316 387 3379 438 οι
3411 384 3668 442 τελῶναι

399 476 639 534 liuentia
673 475 964 537 retineant,
1003 480 1058 527 et
1081 472 1149 527 ab
1189 469 1335 525 omni
1378 484 1510 539 ruga
1551 480 1606 525 et
1640 471 1852 526 macula
1884 486 1977 525 ve-

400 577 516 623 tere
546 575 765 639 propter
792 563 1022 621 reditum
1071 560 1139 615 ad
1192 560 1471 615 meliorem
1527 560 1690 614 vitam
1744 561 1971 616 liberata

399 661 530 715 sint.
560 658 693 714 Cum
744 657 908 727 igitur
945 654 1022 709 ait
1060 651 1443 721 Evangeliutn,
1487 652 1652 721 quod,
1693 651 1973 705 Publiceni

399 760 448 807 et
492 751 787 805 meretrices
829 745 1128 816 praecedunt
1152 761 1241 799 vos
1275 743 1334 798 in
1375 732 1593 813 regnum
1622 742 1871 796 calorum
1913 742 1972 810 ';

398 852 606 898 etcum
654 839 902 895 Paulus:
956 836 1088 892 Fida
1133 835 1317 890 Rahab
1367 835 1616 889 meretrix
1663 848 1766 886 non
1816 832 1971 901 periit

401 949 522 989 cum
565 930 852 988 incredulis
905 929 962 997 ’ς
1022 928 1179 999 cuius
1241 926 1561 984 substantia:
1619 924 1704 980 vel
1761 933 1975 980 natura:

397 1033 556 1083 erant
580 1023 846 1094 corpora?
872 1018 928 1075 Si
960 1021 1102 1076 enim
1129 1020 1303 1084 bonae,
1335 1015 1606 1088 quomodo
1649 1014 1870 1070 fuerunt
1899 1015 1976 1084 pi-

401 1118 532 1191 grai
565 1116 620 1170 Si
649 1114 824 1180 malm,
845 1111 1118 1184 quomodo
1152 1108 1486 1180 temperata?
1513 1107 1569 1163 Si
1595 1121 1722 1162 vero
1749 1120 1780 1161 a
1811 1105 1976 1176 pigri-

400 1209 474 1264 tia
521 1209 587 1262 ad
637 1205 1046 1274 temperantiam
1088 1200 1347 1257 translata
1395 1207 1555 1266 sunt,
1598 1207 1654 1253 et
1682 1197 1974 1267 aliquando

399 1299 612 1371 quidem
654 1297 870 1352 fuerunt
900 1295 1073 1365 pigra,
1109 1292 1433 1363 quandoque
1463 1304 1592 1344 vero
1634 1296 1969 1358 temperata:

398 1402 453 1449 et
483 1399 772 1462 potuerunt
819 1387 1042 1458 pigrari,
1089 1394 1143 1439 et
1196 1391 1489 1453 potuerunt
1545 1390 1869 1451 temperare,
1919 1380 1971 1434 id

396 1484 540 1554 quod
596 1490 864 1538 testantur
928 1475 1297 1532 mutationes:
1345 1473 1521 1530 soluta
1578 1483 1665 1528 est
1731 1481 1970 1539 natura;

395 1584 610 1631 ostensa
652 1582 737 1627 est
785 1569 999 1632 electio,
1039 1577 1095 1623 et
1139 1583 1244 1620 non
1295 1575 1377 1620 est
1419 1577 1618 1634 corpus
1669 1564 1970 1619 substantia

2081 472 2181 526 καί
2223 473 2283 526 αἱ
2332 473 2549 540 πόρναι
2594 473 2970 544 προάγουσιν
3024 474 3181 546 ὑμᾶς
3212 477 3299 542 εις
3332 475 3449 545 τὴν
3483 477 3670 540 βασι-

2079 564 2256 618 λείαν
2271 562 2390 644 τῶν
2403 565 2694 633 οὐρανῶν·
2715 567 2842 620 ὅταν
2863 566 2995 638 λέγῃ
3013 567 3244 632 Παῦλος*
3263 569 3467 623 Πίστει
3494 570 3674 624 Ῥαὰὸ

2081 658 2119 725 ἡ
2152 656 2344 725 πόρνη
2369 657 2441 712 οὐ
2473 657 2868 713 συναπώλετο
2896 659 3024 726 τοῖς
3063 660 3432 727 ἀπειθήσασι
3453 676 3467 690 ·
3504 661 3669 724 ποίας

2079 747 2267 812 οὐσίας
2302 744 2372 820 ἦν
2414 749 2485 802 τά
2527 749 2836 822 σώματα,ἢ
2869 750 3114 822 φύσεωςς
3154 753 3218 805 Εί
3269 752 3370 823 μὲν
3411 753 3518 822 γὰρ
3561 752 3670 820 τῆς
3785 800 3791 808 .

2079 838 2309 912 ἀγαθῆς,
2335 840 2454 904 πῶς
2479 840 2809 913 ὲρῤᾳθύμει;
2841 843 2904 896 Ei
2927 843 2985 896 δὲ
3013 843 3114 914 τῆς
3134 843 3364 914 φαύλης,
3389 843 3508 907 πῶς
3522 845 3668 897 ὲσω-

2081 930 2386 1001 φρόνησεν;
2425 931 2489 984 Εί
2514 930 2571 984 δὲ
2600 932 2666 985 ὲκ
2719 932 2992 1003 ῥᾳθυμίας
3021 934 3114 986 ἐπὶ
3152 933 3502 1006 σωφροσύνην
3537 953 3668 1004 μετ-

2079 1020 2234 1092 έστη,
2267 1022 2362 1075 καὶ
2390 1022 2523 1076 ποτὲ
2561 1023 2658 1093 μὲν
2680 1019 2748 1094 ἦν
2783 1024 3021 1097 ῥᾴθυμα,
3051 1026 3181 1080 ποτὲ
3207 1025 3263 1078 δὲ
3290 1028 3666 1098 ἐσωφρόνησε,

2081 1111 2178 1165 καὶ
2201 1111 2444 1182 ἠδυνήθη
2476 1111 2760 1184 ῥᾳθυμεῖν,
2803 1114 2898 1168 καὶ⁵
2927 1113 3168 1186 ἠδυνήθη
3215 1117 3534 1186 σωφρονεῖν,
3567 1117 3668 1169 καὶ

2085 1202 2452 1276 μαρτυροῦσιν
2479 1205 2537 1256 αἱ
2568 1204 2861 1274 μεταϐολαί
2879 1222 2893 1238 ο
2923 1205 3140 1260 λέλυται
3169 1206 3202 1277 ἡ
3231 1205 3412 1274 φύσις
3436 1205 3592 1276 ὤφθη
3631 1208 3666 1277 ἠ

2076 1296 2428 1368 προαίρεσις⁸
2461 1298 2558 1352 καὶ
2594 1299 2694 1352 οὐκ
2731 1297 2848 1350 ἔστι
2890 1297 2954 1351 τὸ
2994 1297 3153 1368 σῶμα
3186 1297 3442 1362 οὐσιῶδες
3471 1299 3666 1364 κακὸν,

2076 1387 2279 1458 μᾶλλον
2309 1387 2367 1442 δὲ
2401 1389 2707 1462 ὑπηρετοῦν
2731 1392 2798 1460 τῇ
2827 1389 3167 1462 προαιρέσει,
3195 1390 3292 1443 καὶ
3316 1389 3500 1444 δοῦλον
3525 1407 3667 1463 προ-

2075 1478 2359 1549 αιρέσεως,
2399 1480 2459 1534 οὐ
2489 1481 2706 1551 φύσεως
2739 1480 3016 1554 ὑπάρχον,
3053 1483 3151 1537 καὶ
3185 1479 3346 1536 τοῦτο
3380 1481 3666 1552 ἐσόμενον,

2072 1566 2264 1640 ὃπερή
2302 1569 2623 1641 προαίρεσις
2649 1570 2996 1625 ἀποδίδωσιν.

395 1668 632 1733 malum;
667 1663 796 1735 quin
835 1661 1016 1731 potius
1047 1657 1300 1715 electioui
1349 1657 1685 1721 deserviens,
1735 1663 1791 1711 et
1843 1655 2095 1712 minister
2130 1656 2432 1727 electionis,
2489 1669 2543 1716 et
2589 1675 2696 1716 non
2743 1669 2972 1726 natum,
3018 1660 3179 1732 idque
3218 1659 3478 1730 futurum,
3518 1657 3665 1732 quod

393 1764 590 1819 electio
617 1760 822 1817 dederit
852 1766 912 1812 ut
938 1757 1033 1812 sit.

1421 1843 1551 1900 CAP.
1585 1841 1678 1898 IX.
1707 1841 1910 1910 Corpus
1943 1845 2178 1914 sequitur
2202 1851 2374 1896 motus
2399 1841 2612 1898 animis.

472 1947 605 2002 Cum
657 1945 800 2000 enim
847 1955 1036 2008 mens,
1077 1935 1380 2009 disciplinis
1423 1935 1734 2006 susceptis,
1779 1951 1966 1990 amore
2000 1945 2040 1999 Β

393 2033 797 2105 disciplinarum
830 2031 1002 2086 teucri
1045 2029 1246 2098 coepit,
1280 2035 1408 2082 tunc
1445 2039 1646 2096 corpus
1675 2039 1705 2078 a
1735 2026 1972 2082 motibus

391 2127 484 2200 qui
531 2125 761 2182 illiciunt
792 2132 848 2178 et
873 2127 1204 2194 provocant,
1249 2118 1488 2174 solutum
1532 2126 1586 2172 et
1613 2117 1961 2186 expeditum,

325 2271 327 2274 ι
394 2216 842 2288 tranquillitatem
888 2211 1067 2284 magni
1095 2211 1258 2278 facit,
1291 2218 1346 2265 et
1379 2208 1510 2278 quin
1541 2207 1846 2263 actionibus
1875 2208 1970 2262 de-

391 2309 638 2375 serviat,
671 2322 776 2363 non
811 2311 1093 2376 repugnat.
1127 2301 1262 2359 Cum
1295 2315 1426 2356 vero
1459 2298 1664 2354 desidia
1707 2309 1762 2353 et
1796 2297 1972 2352 molli-

391 2403 495 2458 ties
524 2401 763 2456 animum
793 2397 972 2465 illicit,
1004 2404 1060 2450 et
1101 2404 1355 2463 tanquam
1395 2391 1678 2448 dissolutio
1701 2400 1757 2446 et
1799 2389 1970 2446 molli-

392 2495 467 2549 tia
498 2492 692 2548 mentis
718 2489 934 2545 exsistit
959 2505 976 2556 ;
1007 2495 1138 2542 tunc
1176 2483 1514 2556 perturbatio
1544 2481 1756 2552 corpori
1795 2481 1967 2535 ascri-

389 2584 573 2652 bitur,
604 2591 660 2638 et
698 2579 831 2638 nihil
879 2577 1027 2634 aliud
1069 2579 1209 2631 inter
1246 2586 1540 2642 utrumque
1585 2572 1966 2628 intermedium

390 2675 675 2741 cernitur;
729 2681 920 2742 estque
947 2685 1134 2726 verum
1180 2667 1324 2738 quod
1368 2666 1633 2735 scriptum
1673 2674 1793 2720 est:
1831 2661 1968 2718 Ecce

387 2767 542 2841 posui
574 2781 751 2822 coram
787 2773 835 2818 te
861 2774 1080 2817 mortem
1115 2771 1162 2815 et
1191 2761 1350 2815 vitam
1378 2775 1397 2825 ,°
1446 2759 1577 2828 elige
1615 2757 1756 2827 quod
1801 2758 1875 2811 vis
1900 2755 1922 2787 ’
1950 2774 1963 2810 :

389 2869 454 2917 ut
477 2858 621 2930 quod
640 2857 846 2926 justum
874 2865 958 2910 est
977 2895 992 2918 ,
1020 2855 1108 2921 qui
1135 2852 1359 2923 elegerit
1388 2853 1454 2905 ad
1485 2853 1739 2906 utendum
1763 2889 1778 2914 ,
1809 2850 1875 2903 de
1902 2864 1968 2904 eo

390 2950 532 3005 ratio
563 2949 616 3005 in
651 2948 854 3020 judicio
876 2947 944 3001 ab
967 2961 1032 3002 eo
1075 2955 1389 3015 reposcatur
1411 2959 1425 3008 ;
1447 2952 1502 3000 et
1524 2958 1628 2998 non
1651 2951 1871 2997 coactus
1899 2939 1966 2995 ad

323 3088 342 3100 .
391 3040 616 3111 aliquid,
635 3037 981 3094 excusetvim
1008 3045 1061 3092 et
1085 3035 1462 3091 necessitatem
1489 3033 1542 3088 in
1570 3049 1636 3089 eo
1652 3033 1793 3103 quod
1819 3032 1961 3102 egit;

387 3147 567 3204 neque
612 3131 692 3188 sic
734 3141 934 3195 natus,
982 3138 1137 3184 extra
1189 3126 1466 3197 querelam
1514 3134 1568 3181 et
1614 3124 1826 3194 culpam
1861 3122 1960 3186 sit,

387 3227 512 3299 quia
545 3232 748 3280 naturae.
783 3233 1088 3292 repugnare
1118 3233 1223 3274 non
1256 3217 1451 3286 potuit.
1483 3215 1725 3286 Cumque
1756 3222 1966 3269 utrum-

2141 1935 2313 1989 Ὅταν
2350 1934 2456 2006 7&9
2505 1933 2700 2006 γνώμη
2751 1935 3049 2007 μαθήματα
3109 1935 3526 2008 παραλαϐοῦσα,
3579 1938 3666 2004 είς

2076 2025 2256 2098 ἔρωτα
2293 2025 2402 2080 τῶν
2451 2025 2792 2097 μαθημάτων
2817 2027 2968 2100 ἔλθῃ,
3004 2028 3124 2082 τότε
3150 2029 3248 2083 καὶ
3283 2028 3342 2082 τὺ
3369 2029 3528 2100 σῶμα
3548 2028 3662 2085 τῶν

2073 2116 2428 2188 ἑρεθιστικῶν
2486 2117 2801 2188 κινημάτων
2867 2117 3268 2190 ἀπολελυμένον
3337 2120 3661 2176 εὐστάθειαν

2071 2210 2238 2280 τιμᾷ,
2292 2209 2388 2263 καὶ
2429 2211 2496 2281 τῇ
2536 2210 2644 2264 τῶν
2679 2210 2930 2283 πράξεων
2973 2212 3249 2284 ὑπηρεσίᾳ
3279 2213 3340 2265 οὐ
3387 2213 3656 2284 μάχεταιο

2071 2298 2198 2352 ὅταν
2221 2299 2278 2352 δὲ
2301 2298 2668 2369 άμελετησίας
2698 2299 2793 2353 καὶ
2823 2300 3149 2370 χαυνότητος
3175 2301 3528 2374 ὲρεθιζούσης
3558 2305 3662 2377 τὴν

2069 2387 2342 2453 διάνοιαν,
2393 2382 2504 2442 οἷον
2551 2387 2769 2451 έκλυσις
2819 2387 2915 2441 καὶ
2965 2388 3232 2459 χαυνότης
3280 2391 3507 2460 γένηται
3559 2391 3661 2462 τῆς

2072 2477 2316 2549 γνώμης,
2350 2477 2474 2532 τότε
2496 2478 2576 2549 τῷ
2607 2477 2819 2550 σώματι
2846 2478 2908 2532 τὸ
2940 2477 3112 2541 πάθος
3139 2480 3526 2552 ἐπιγράφεται,
3563 2484 3662 2537 καὶ

2071 2569 2320 2639 φαίνεται
2381 2568 2624 2640 μεθόδιον
2676 2569 2959 2641 ἐκατέρου,
3016 2570 3168 2626 οὐδὲν
3219 2564 3404 2643 ἕτερον
3432 2573 3532 2626 ὀνο
3561 2575 3660 2629 καὶ

2069 2659 2268 2732 ἀληθές
2298 2661 2414 2714 ἐστι
2441 2660 2502 2714 τὸ
2527 2662 2932 2733 γεγραμμένον*
2980 2661 3135 2718 Ἰδοὺ
3184 2665 3370 2731 ἔθηκα
3397 2664 3661 2720 ἐνώπιόν

2069 2768 2186 2808 σου
2214 2751 2322 2806 τὸν
2351 2752 2612 2807 θάνατον
2639 2753 2742 2806 καὶ
2773 2754 2888 2822 τὴν
2911 2753 3083 2820 (mir
3103 2753 3344 2820 ἕκλεξαι
3376 2755 3410 2809 ὃ
3434 2755 3655 2823 θέλεις-ο

2070 2844 2158 2899 ἵνα
2192 2845 2290 2917 τὴν
2330 2844 2542 2916 αἵρεσιν
2589 2844 2768 2899 λαϐὼν
2803 2847 2832 2905 ό
2882 2847 3137 2917 πράττων
3160 2847 3395 2912 δικαίαν,
3420 2849 3519 2902 xui.
3556 2851 3659 2922 τὴν

2069 2935 2250 3007 κρίσιν
2275 2935 2598 3006 άπαιτῆται,
2632 2941 2727 2991 καὶ
2759 2938 2834 3009 μὴ
2861 2937 3001 3010 πρός
3029 2955 3085 2992 τι
3114 2937 3488 3010 βεϐιασμένος,
3513 2941 3654 2995 ἀπο-
3742 2988 3745 2989 ν

2065 3026 2252 3096 λογίαν
2273 3027 2372 3099 τὴν
2408 3027 2525 3098 βίαν
2564 3030 2658 3083 καὶ
2703 3029 2802 3100 τὴν
2857 3029 3106 3102 ἀνάγκην
3151 3031 3260 3084 τῶν
3310 3034 3658 3104 πραγμάτων

2067 3117 2186 3191 ἔχῃ,
2220 3119 2355 3190 μηδὲ
2379 3117 2525 3173 οὕτω
2566 3119 2825 3190 πεφυκὼς
2856 3122 3144 3192 ἄμεμπτος
3174 3126 3240 3195 τῇ
3281 3122 3441 3194 φύσει
3487 3127 3656 3197 μάχε-

2069 3207 2191 3262 σθαι
2221 3207 2296 3280 μὴ
2323 3209 2640 3280 δυνάμενοςο
2671 3211 2766 3265 καὶ
2803 3211 2901 3283 τὴν
2933 3213 3145 3285 αἵρεσιν
3190 3213 3455 3286 ἑκατέρου
3490 3214 3652 3286 ἔχων,

386 3293 494 3385 que
525 3312 576 3368 in
610 3313 876 3382 potestate
911 3307 1144 3374 habeat,,
1176 3317 1230 3361 et
1271 3307 1337 3360 ad
1367 3305 1672 3376 eligendum
1711 3303 1962 3359 dominus

2070 3299 2255 3371 κύριος
2285 3298 2362 3354 ὣν
2390 3302 2449 3355 ὲν
2492 3303 2612 3365 ταῖς
2642 3303 2977 3374 ἑπικρίσεσι,
3019 3304 3119 3375 τῆς
3156 3305 3366 3370 οἰκείας
3415 3305 3654 3378 κρίσεως

385 3404 494 3471 sit,
515 3403 699 3475 indicii
727 3402 928 3473 proprii
958 3401 1220 3456 rationem
1253 3399 1440 3454 reddat
1460 3435 1476 3461 ,
1498 3407 1550 3453 et
1576 3411 1635 3452 se
1661 3395 1915 3450 defendat
1944 3410 1956 3447 :

385 3498 529 3567 quod
552 3495 695 3551 enim
719 3494 915 3565 elegit,
940 3493 1128 3548 volens
1157 3489 1323 3562 elegit
1347 3510 1358 3546 :
1390 3489 1594 3544 idcirco
1622 3488 1686 3543 de
1710 3486 1960 3542 volunta-

385 3588 468 3643 rio
497 3587 762 3657 judicium
797 3586 980 3650 subit,
1017 3585 1108 3654 qui
1144 3583 1424 3638 voluntate
1457 3595 1551 3636 sua
1589 3595 1650 3636 se
1684 3579 1749 3632 ad
1787 3577 1963 3633 actio-

383 3694 508 3736 nem
539 3691 717 3733 rerum
749 3676 1053 3746 applicavit.
1083 3673 1141 3729 Si
1173 3673 1289 3728 hinc
1322 3679 1428 3728 non
1457 3671 1529 3726 ita
1556 3679 1678 3725 sunt
1707 3706 1723 3734 ,
1758 3669 1958 3721 frustra

381 3765 560 3825 sancti
617 3765 1060 3828 coronabuutur;
1114 3761 1315 3816 frustra
1370 3761 1496 3815 mali
1547 3758 1957 3821 cruciabuutur,

382 3859 430 3916 si
459 3855 693 3914 actionis
718 3869 880 3910 causa
911 3868 1017 3909 non
1049 3852 1340 3908 ascribitur
1366 3848 1713 3904 facientibus.

2067 3392 2167 3457 τὰς
2204 3392 2440 3456 εὐθύνας
2470 3393 2565 3447 καὶ
2589 3393 2694 3458 τὰς
2721 3394 3016 3463 ἀπολογίας
3043 3397 3358 3470 άπαιτῆται·
3383 3400 3414 3453 ὃ
3439 3400 3549 3472 7&9
3576 3401 3652 3455 εἴ·

2062 3483 2202 3550 λετο,
2238 3483 2380 3539 ἑκὼν
2409 3485 2602 3539 εἵλετο·
2636 3486 2733 3540 καὶ
2758 3486 2848 3541 διὰ
2883 3487 3041 3542 τοῦτο
3076 3490 3218 3570 ὑπέρ
3248 3508 3308 3545 τε
3344 3492 3455 3546 τῶν
3494 3495 3652 3548 ἑκου-

2064 3576 2195 3629 σίων
2216 3577 2502 3659 κρίνεται,
2543 3577 2750 3648 αἱρέσει
2787 3576 2894 3649 ibi;
2932 3582 3047 3642 τοῖς
3073 3582 3397 3654 πράγμασιν
3427 3584 3650 3639 ἐπιϐαλ-

2061 3664 2308 3737 λόμενος·
2333 3669 2381 3720 εἰ
2412 3667 2468 3720 δὲ
2498 3667 2572 3738 μή
2599 3685 2685 3736 γε,
2719 3668 2896 3740 μάτην
2913 3671 3006 3723 καὶ
3033 3672 3083 3724 οἱ
3115 3673 3258 3741 ἕιγιοι
3285 3675 3649 3746 ἐστεφανοῦν-

2058 3772 2140 3811 το’
2203 3758 2381 3830 μάτην
2424 3760 2518 3813 καὶ
2552 3760 2602 3814 oi
2644 3762 2807 3815 κακοὶ
2862 3763 3272 3833 ὲστρεόλοῦντο,
3323 3769 3372 3821 εί
3415 3769 3492 3840 μὴ
3537 3771 3648 3835 τοις

2060 3847 2394 3921 πράττουσιν
2427 3851 2460 3920 ἠ
2494 3850 2596 3921 τῆς
2614 3850 2866 3920 πράξεως
2897 3853 3046 3906 αίτὶα
3067 3854 3433 3928 ἐπεγράφετο.

1263 3943 1394 3998 CAP.
1426 3939 1496 3995 Χ.
1530 3939 1820 3997 Manichwi
1855 3941 1992 3997 male
2019 3943 2406 3997 ratiocinantur
2431 3942 2496 3997 de
2521 3959 2756 4011 corpore.

452 4041 594 4112 Quid
625 4040 790 4114 igitur
817 4035 1144 4096 Manichazos
1169 4038 1340 4094 movit
1368 4037 1435 4092 ad
1464 4036 1808 4093 inferendum
1836 4052 1959 4093 cor-

380 4134 604 4207 poribus
648 4133 1021 4190 accusationes
1057 4139 1112 4187 et
1148 4130 1611 4202 vituperationes,
1653 4145 1791 4201 quos
1841 4139 1956 4186 tum

380 4241 500 4297 quae
533 4223 734 4292 scripta
762 4230 927 4288 sunt,
958 4230 1072 4276 tum
1103 4235 1223 4291 qua
1250 4236 1280 4275 a
1311 4219 1506 4290 priscis
1535 4219 1712 4288 dicta,
1745 4220 1958 4276 abunde

381 4315 682 4374 accusant?
713 4312 1098 4384 Temperantia
1131 4311 1276 4367 enim
1307 4324 1430 4382 quae
1457 4310 1513 4365 in
1539 4311 1753 4367 actione
1782 4310 1956 4381 posita

297 4407 299 4409 ’
379 4415 465 4461 est
490 4448 505 4474 ,
541 4404 909 4460 testimonium
939 4402 1127 4458 tribuit
1172 4401 1388 4472 corpori
1426 4401 1770 4471 temperanti.
1809 4399 1958 4456 Scri-

378 4505 540 4566 ptura
575 4507 786 4562 autem,
823 4509 944 4564 qua:
976 4493 1213 4548 clamat:
1243 4491 1498 4547 Exltibete
1532 4508 1755 4561 corpora
1786 4504 1954 4548 uestra

377 4587 607 4642 .‘tostiam
631 4586 880 4640 viventem
903 4622 919 4648 ,
944 4581 1052 4636 Deo
1077 4582 1365 4651 placentem
1400 4582 1470 4651 ¹⁶,
1499 4582 1635 4638 satis
1663 4599 1955 4655 argumen-

378 4684 492 4732 tum
524 4673 835 4739 concludit;
867 4687 971 4727 nou
997 4675 1139 4726 enim
1169 4669 1314 4727 Deus
1349 4674 1494 4741 quod
1546 4688 1654 4730 non
1683 4683 1766 4730 est
1791 4689 1948 4729 suum

377 4765 640 4838 approbat
669 4773 722 4818 et
742 4763 1120 4832 amplectitur;
1149 4778 1325 4835 neque
1356 4765 1499 4834 quod
1529 4765 1598 4820 ab
1630 4765 1738 4822 alio
1765 4766 1950 4822 fictum

375 4869 429 4914 et
455 4855 762 4912 simulatum
788 4866 872 4910 est
893 4895 909 4920 ,
937 4855 1201 4924 requirit,
1230 4870 1299 4910 ne
1319 4856 1409 4926 qui
1441 4855 1576 4911 alios
1601 4855 1670 4912 de
1701 4856 1950 4912 violentia

376 4957 626 5013 accusat,
684 4947 798 5018 ipse
849 4945 1114 5002 violentus
1144 4947 1404 5013 exsistat;
1438 4955 1494 5002 et
1542 4961 1610 5001 ne
1651 4948 1779 5016 quid
1813 4947 1954 5003 desi-

377 5042 566 5108 deret,
599 5039 752 5110 quasi
791 5039 906 5110 ipse
939 5037 1122 5094 facere
1153 5053 1261 5094 non
1295 5039 1484 5110 possit.
1538 5037 1597 5094 Si
1645 5039 1788 5095 enim
1841 5039 1954 5094 vult

376 5132 430 5187 id
457 5131 603 5203 quod
638 5130 968 5185 honoratum
1000 5139 1120 5195 est,
1155 5139 1215 5184 ut
1245 5144 1472 5199 corpora
1498 5131 1612 5185 sint
1655 5130 1708 5186 in
1749 5129 1952 5186 virtute

377 5221 778 5294 temperantiae,
814 5222 1084 5291 quomodo
1106 5234 1214 5274 non
1247 5219 1377 5275 fecit
1407 5221 1548 5291 quod
1572 5219 1828 5276 volebat?
1855 5219 1950 5276 Sin

375 5326 505 5369 vero
533 5312 662 5370 fecit
693 5313 908 5382 quidem
935 5327 1042 5367 non
1073 5312 1220 5382 ipse,
1257 5311 1352 5367 sed
1385 5313 1467 5368 sic
1495 5301 1623 5368 sunt
1652 5319 1844 5367 natura
1868 5310 1948 5364 fa-

376 5416 464 5461 cta
497 5413 559 5461 ut
587 5416 775 5460 essent
816 5402 996 5469 mala;
1044 5401 1313 5472 quomodo
1357 5413 1608 5457 naturam
1653 5411 1952 5457 cornmuta-

374 5494 496 5560 vit,
533 5502 594 5548 ut
620 5507 727 5547 non
754 5492 987 5562 amplius
1032 5490 1295 5548 baberent
1336 5499 1592 5547 naturam
1637 5491 1947 5562 propriam,

431 5665 469 5708 ’ν
513 5671 704 5729 Matth.
746 5688 870 5739 ιιι,
912 5671 1000 5728 3i.

2135 4036 2307 4092 Πόθεν
2343 4033 2435 4092 οὖν
2478 4039 2828 4111 κεκινημένοι
2870 4041 3163 4112 Μανιχαῖοι
3217 4043 3473 4112 διαϐολάς
3506 4050 3651 4106 κατὰ

2061 4127 2172 4182 τῶν
2227 4129 2495 4200 σωμάτων
2531 4129 2932 4202 ὲπηνέγκαντο,
2966 4135 3033 4188 ὲκ
3077 4133 3188 4190 τῶν
3243 4141 3648 4211 γεγραμμένων

2063 4218 2158 4274 καὶ
2184 4221 2248 4272 ὲκ
2280 4220 2388 4273 τῶν
2415 4219 2660 4275 παλαιῶν
2689 4221 2884 4291 λογίων
2911 4227 3397 4299 κατηγορούμενοι;
3441 4229 3507 4284 Ἦ
3538 4233 3648 4305 γὰρ

2063 4311 2385 4385 σωφροσύνη
2420 4312 2620 4384 πρᾶξις
2642 4308 2796 4382 οὖσα,
2841 4323 3108 4389 μαρτυρεῖ
3137 4321 3264 4392 περὶ
3305 4320 3400 4375 τοῦ
3438 4323 3651 4396 σώφρο-

2062 4420 2152 4466 νος
2192 4404 2460 4474 σώματος.
2492 4405 2574 4458 Τὰ
2601 4405 2659 4459 δὲ
2679 4405 2836 4476 λόγια
2869 4407 3079 4478 βοῶντα
3107 4412 3202 4466 καὶ
3238 4413 3488 4482 λέγοντα,
3529 4421 3650 4472 Πα-

2052 4487 2402 4560 ραστήσατε
2426 4493 2499 4547 τὰ
2526 4493 2770 4564 σώματα
2808 4498 2976 4567 ὑμῶν
3012 4503 3234 4557 θυσίαν
3275 4503 3506 4570 ζῶσαν,
3543 4509 3647 4563 εὐ..

1985 4562 2030 4618 Ῑ)
2057 4580 2313 4651 άρεστον
2333 4583 2413 4650 τῷ
2442 4584 2582 4650 Θεῷ,
2611 4562 2806 4660 ίκανὴν
2827 4562 2926 4662 τὴν
2950 4591 3222 4659 ἀπόδειξιν
3250 4562 3648 4654 nominanda

2053 4671 2161 4742 7&9
2199 4672 2260 4725 τὸ
2295 4673 2370 4745 μὴ
2399 4674 2592 4728 ἑαυτοῦ
2619 4675 2831 4748 δέχεται
2863 4680 2892 4733 ό
2929 4680 3081 4747 Θεὸς,
3121 4683 3242 4737 οὐδὲ
3269 4683 3331 4738 τὸ
3360 4685 3453 4738 ὑπ’
3479 4685 3646 4742 ἄλλου

2054 4765 2436 4838 πεπλασμένον
2463 4767 2706 4836 ἀπαιτεῖ,
2737 4771 2823 4826 ἵνα
2874 4773 2950 4845 μὴ
2992 4773 3112 4845 βίαν
3142 4775 3325 4841 ἄλλοις
3366 4779 3642 4848 ἐγκαλῶν,

2053 4857 2216 4921 αὐτὸς
2240 4857 2410 4930 βίαιος
2444 4860 2690 4934 γένηταιο
2719 4864 2810 4918 καὶ
2838 4865 2924 4920 ἵνα
2959 4867 3035 4938 μὴ
3061 4866 3247 4940 ἕτερον
3274 4869 3541 4944 ἐπιθυμῇ,
3564 4873 3646 4938 ὼς

2053 4945 2216 5010 αὐτὸς
2243 4949 2467 5020 ποιῆσαι
2505 4950 2580 5022 μὴ
2611 4951 2930 5025 δυνάμενος·
2961 4957 3009 5010 εί
3039 4957 3150 5030 γὰρ
3193 4959 3372 5031 τίμιόν
3401 4962 3520 5016 ἐστι
3547 4963 3646 5018 καὶ

2057 5035 2304 5107 βούλεται
2353 5045 2652 5112 σωφρονεῖν
2688 5044 2757 5098 τὰ
2795 5043 3044 5117 σώματα,
3103 5049 3223 5114 πῶς
3264 5051 3366 5106 οὐκ
3411 5054 3586 5110 ἐποίει
3614 5053 3645 5106 ὃ

2055 5127 2345 5199 ἠϐούλετος
2373 5134 2423 5186 εί
2449 5132 2505 5187 δὲ
2533 5135 2803 5208 πεποίηκε
2834 5137 2935 5208 μὲν
2961 5139 3062 5193 οὐκ
3088 5140 3274 5207 αὐτὸς,
3291 5143 3435 5198 οὓτω
3459 5141 3518 5198 δὲ
3545 5148 3644 5202 πέ-

2057 5235 2250 5288 φυκεν,
2281 5221 2368 5276 ἵνα
2407 5224 2618 5296 πονηρὰ
2644 5221 2700 5298 ᾗ,
2720 5218 2854 5292 ⁴πῶς·
2889 5228 2985 5300 τὴν
3016 5229 3177 5300 φύσιν
3198 5232 3454 5304 ἦμειψεν,
3498 5235 3642 5292 ὥστε

2060 5312 2256 5384 μηκέτι
2277 5313 2376 5386 τὴν
2415 5315 2554 5371 ίδίαν
2590 5316 2755 5398 ἔχειν,
2787 5321 2928 5392 μήτε
2970 5317 3112 5376 εἶναι
3146 5327 3381 5398 πονηρὰ,
3424 5324 3562 5384 εἶναι
3583 5331 3642 5386 δὲ

2058 5402 2264 5474 σεμνάς
2291 5403 2355 5458 Ei
2379 5406 2437 5459 δὲ
2484 5406 2707 5463 δύναται
2746 5410 2908 5479 φύσις
2951 5412 3287 5487 ἁμειφθῆναι
3314 5457 3330 5484 ,
3393 5419 3512 5485 πῶς
3558 5421 3642 5476 ἐτι

2058 5493 2220 5562 φύσις
2248 5496 2396 5551 ἐστὶν
2419 5497 2814 5575 άλλαττομένη,
2845 5504 2944 5557 καὶ
2978 5503 3040 5558 τὸ
3081 5506 3324 5562 ἐναντίον
3355 5510 3520 5584 ἑαυτῇ
3551 5527 3642 5582 γι-

1092 5669 1299 5728 ‘Hebr.
1341 5687 1429 5738 ιι,
1459 5670 1549 5730 5t.
1628 5671 1649 5703 ’
1685 5670 1886 5728 ὅθι-ειη.
1928 5689 1980 5729 si

2094 5672 2167 5741 8;
2201 5672 2371 5732 Eccli.
2405 5691 2496 5746 xv,
2530 5677 2616 5733 18.
2698 5679 2748 5711 ⁸⁸
2787 5679 2948 5737 Rom;
2986 5696 3099 5749 xu,
3135 5681 3184 5736 l.
