3890 6274
199 308 314 362 909

1122 318 1179 375 S.
1223 317 1631 376 SERAPIONIS
1665 315 1868 375 LIBER
1903 316 2064 378 ιον.
2105 315 2548 376 ΜΑΝΙΕΗΕΟΞ.

3358 319 3462 378 οιο

197 420 466 493 γνομένη;
490 423 563 476 Τὸ
593 424 703 497 γὰρ
725 426 1013 501 δεχόμενον
1046 428 1288 497 ἀλλαγὰς
1336 431 1430 483 καὶ
1482 428 1785 501 μεταϐολὰς

1911 443 1987 485 nec
2020 438 2200 486 essent
2222 430 2391 496 mala,
2424 429 2517 486 sed
2543 435 2727 485 essent
2754 427 3027 486 honesta?
3071 428 3129 486 Si
3156 438 3337 487 autem
3368 446 3461 500 po.

198 512 383 566 οὐκέτι
410 516 538 578 τοὺς
560 516 715 587 ὅρους
745 519 845 590 τῆς
873 520 1088 589 φύσεως
1127 520 1361 591 δέχεται’
1402 520 1687 590 ἀμείϐεται
1727 518 1785 572 δὲ

194 607 262 658 τὸ
296 606 457 676 σῶμα
484 610 576 661 καὶ
607 610 1050 679 μεταλλάττεται,
1086 611 1181 666 καὶ
1210 611 1532 683 ρᾳθυμῆσαν
1574 626 1787 682 σωφρο-

200 699 311 749 νεῖν
344 699 439 752 καὶ
467 699 662 769 βοῶσιν
703 704 753 755 οἱ
798 702 964 771 λόγοι,
989 704 1169 768 τὸ,οὐ
1198 704 1587 771 πορνεύσειςο
1622 702 1787 773 βοῶσι

198 787 285 848 τὸ.
329 791 411 842 Οὐ
434 792 808 859 μοιχεύσεις·
840 792 914 846 τὸ
947 792 1224 864 ἐγχωροῦν
1255 794 1344 849 διὰ
1380 795 1480 866 τῆς
1509 808 1789 864 παραγγε-

199 880 328 945 λίας
354 883 725 953 ἀναιροῦντες’
752 886 847 938 καὶ
873 886 934 939 τὸ
957 886 1254 956 δυνάμενον
1276 885 1663 957 τελειωθῆναι,
1698 883 1786 938 διά

192 972 302 1041 τῆς
343 973 722 1043 παραινέσεως
761 975 1203 1040 ἀναστέλλοντες·
1240 976 1334 1031 καὶ
1365 976 1650 1046 σύμμαχον
1692 973 1785 1028 τὸν

192 1061 359 1131 λόγον
385 1067 452 1136 τῇ
476 1064 671 1138 γνώμῃ
696 1066 928 1131 διδόντες
948 1086 960 1098 ·
992 1069 1078 1122 ἵνα
1114 1070 1148 1139 ἡ
1182 1068 1390 1124 διάνοια
1421 1068 1666 1140 ῥέπουσα
1692 1066 1787 1120 καὶ

192 1154 262 1208 τὸ
289 1155 453 1225 σῶμα
474 1156 611 1227 πρὸς
629 1157 828 1229 ἀρετὴν
856 1158 1078 1232 ὲφέλκῃ.

1888 528 1995 575 test
2028 530 2220 576 natura
2262 521 2400 576 verti
2444 534 2507 576 ac
2553 519 2798 587 mutari,
2837 519 3108 591 quomodo
3150 531 3232 579 est
3271 528 3462 577 natura

1889 626 2010 681 qua:
2037 613 2295 677 variatur,
2326 622 2380 668 et
2417 614 2468 667 in
2500 612 2629 669 illud
2658 612 2853 669 transit
2899 611 3046 682 quod
3090 620 3176 669 est
3211 611 3291 669 illi
3330 626 3463 669 cons

1893 703 2163 758 trarium'l
2200 703 2353 770 Quod
2383 704 2529 759 enim
2552 705 2889 761 variationes
2916 714 2971 761 et
3006 704 3339 761 mutationes
3365 718 3462 760 ca-

1890 793 2008 865 pit,
2048 793 2287 849 nondum
2326 794 2527 850 ﬁnibus
2566 794 2925 865 terminisque
2962 803 3171 850 natura
3217 794 3462 851 contine-

1895 892 2002 939 tur.
2028 882 2271 939 Mutatur
2308 894 2486 940 autem
2534 900 2767 954 corpus,
2801 895 2857 940 et
2896 888 3179 954 variatur;
3221 894 3277 942 et
3317 887 3462 957 quod

1893 972 1997 1029 fuit
2036 974 2090 1029 in
2136 974 2350 1045 pigritia
2381 984 2437 1029 et
2483 974 2731 1045 ignavia,
2777 985 3067 1046 temperat.
3114 976 3181 1031 Et
3228 976 3466 1032 clamant

1892 1073 2159 1135 praecepta
2192 1080 2207 1117 :
2254 1062 2379 1117 Non
2409 1063 2753 1133 fornicaberis
2772 1079 2794 1129 ;
2823 1063 3100 1122 clamant:
3140 1063 3266 1120 Non
3303 1064 3463 1120 adul-

1896 1156 2134 1221 terabis;
2165 1162 2221 1211 et
2244 1156 2606 1225 praecipiendo
2632 1154 2826 1210 tollunt
2853 1153 3160 1211 facultatem
3187 1156 3462 1225 faciendi;

195 1256 256 1302 et
287 1250 432 1315 quod
463 1248 649 1318 perlici
680 1260 928 1319 poterat,
965 1251 1233 1307 hortando
1261 1251 1549 1316 cohibent,
1580 1260 1637 1306 et
1671 1249 2013 1321 adiungendo
2049 1251 2314 1306 rationem
2344 1249 2411 1304 ad
2444 1246 2740 1317 judicium,
2796 1256 2854 1303 ut
2902 1263 3056 1304 mens
3108 1249 3162 1304 in
3210 1249 3467 1308 virtutem

196 1357 471 1413 propensa
494 1386 510 1413 ,
542 1358 738 1416 corpus
769 1347 932 1402 etiam
965 1349 1031 1401 ad
1065 1347 1319 1402 virtutem
1347 1347 1607 1402 attrahat.
1684 1354 1699 1363 ‘

948 1442 1080 1497 CAP.
1122 1441 1217 1497 XI.
1251 1441 1488 1507 Corpora
1514 1452 1818 1496 sanctorum
1841 1439 2098 1496 divinitus
2119 1439 2386 1494 mirabilia
2410 1448 2717 1509 operantur.

272 1528 493 1599 Ἀμέλει
534 1528 628 1583 ἐπὶ
676 1529 930 1584 τοσοῦτον
989 1529 1226 1603 προῆλθε
1279 1532 1349 1586 τά
1405 1531 1631 1602 σώματα
1678 1532 1787 1586 τῶν

200 1618 401 1687 ἁγίων,
432 1619 509 1683 ὠς
535 1619 853 1691 τιμηθῆναι,
894 1621 988 1673 καὶ
1020 1621 1158 1691 μήτε
1182 1620 1315 1674 κενά
1350 1620 1603 1689 γενέσθαι
1629 1622 1784 1693 ὲνερς

1968 1530 2112 1586 Sane
2140 1530 2358 1599 quidem
2396 1545 2624 1601 corpora
2651 1539 2962 1586 sanctorum
3012 1540 3219 1587 tantum
3258 1532 3313 1588 in
3360 1532 3473 1588 vir-

1894 1629 2010 1676 tute
2038 1635 2324 1692 progressa
2368 1629 2523 1684 sunt,
2566 1631 2627 1676 ut
2671 1622 2936 1676 honorata
2968 1619 3212 1689 fuerint,
3262 1629 3317 1676 et
3358 1636 3467 1679 non

200 1706 383 1776 γεὶας,
412 1709 549 1778 μήτε
580 1708 860 1779 δυνάμεως
886 1707 1054 1773 θείας.
1090 1709 1302 1781 Νεκρδν
1333 1708 1508 1763 ἔκειτο
1535 1710 1598 1763 τὺ
1631 1710 1790 1779 σῶμα

1911 1708 2036 1763 'acta
2069 1723 2238 1764 vacua
2288 1709 2357 1765 ab
2403 1709 2719 1779 operatione
2744 1720 2801 1765 et
2843 1710 2893 1765 vi
2945 1711 3150 1766 divina.
3198 1710 3469 1767 Mortuum

198 1796 303 1851 τοῦ
338 1798 664 1866 Ἐλισσαίου,
698 1801 790 1855 καὶ
822 1800 1072 1871 κείμενον
1098 1801 1314 1874 νεκρὸν,
1348 1802 1538 1873 ἦγειρε
1562 1802 1753 1874 νεκρόν
1772 1819 1787 1834 ·

1887 1800 2105 1872 jacebat
2151 1815 2349 1871 corpus
2388 1800 2564 1857 Elisaei
2589 1840 2604 1865 ,
2640 1810 2846 1858 etcum
2881 1802 3093 1873 jaceret
3161 1812 3469 1871 mortuam,

200 1887 387 1942 ὲσόϐει
407 1890 495 1942 τὸν
521 1890 768 1967 θάνατον,
787 1890 1067 1962 ἐλεύθερον
1092 1890 1172 1963 (6)
1190 1892 1281 1945 τὸν
1312 1890 1676 1955 ἀποθανόντα,
1711 1892 1791 1955 εἰς

1911 1889 2174 1946 mscitavit
2229 1899 2497 1946 mortuum
2530 1891 2616 1957 “;
2664 1890 2869 1961 expulit
2927 1900 3180 1961 mortem,
3223 1892 3475 1949 liberavit

200 1978 418 2045 ζῶντας
439 1981 651 2052 ἔπεμψε
684 1983 776 2037 τὸν
801 1982 1094 2049 τεθνεῶτα,
1135 1983 1415 2056 προεξένει
1444 1982 1522 2054 τῷ
1563 2000 1792 2050 πεποιη-

205 2073 360 2144 μένῳ
401 2073 501 2138 τὴν
535 2073 771 2146 ἔγερσιν.
806 2075 870 2129 Ei
912 2074 969 2127 δὲ
1011 2074 1303 2145 Μανιχαϊοι
1326 2074 1463 2147 πρὸς
1492 2075 1656 2129 αὑτὸν
1694 2091 1792 2145 με·

205 2163 462 2233 μηνότες,
494 2164 588 2217 καὶ
618 2163 678 2216 τὸ
723 2163 900 2232 λόγιον
943 2163 1316 2230 διαϐάλλουσι,
1352 2166 1488 2237 μήτε
1509 2165 1603 2219 τὸν
1628 2166 1791 2236 νόμον

199 2253 511 2325 τιμῶντες’
546 2253 647 2307 κᾶν
685 2256 751 2308 ὲκ
793 2254 885 2308 τοῦ
922 2256 1269 2328 παραλλήλου
1312 2256 1789 2324 δυσωπείσθωσαν,

204 2345 318 2399 κᾶν
358 2346 391 2415 ή
434 2346 563 2398 σκιά
604 2346 812 2415 Πέτρου
836 2346 935 2417 τὴν
956 2347 1183 2420 γνώμην
1213 2348 1437 2402 ἐκείνων
1470 2347 1789 2419 αἱσχυνέτω*

206 2434 467 2506 σώματος
509 2434 618 2507 γὰρ
645 2431 712 2507 ἦν
745 2437 779 2506 ἠ
823 2435 971 2501 σκιά,
1012 2436 1109 2490 καὶ
1149 2437 1516 2509 ὲφαπτωμένη
1547 2437 1625 2508 (7)
1652 2436 1794 2491 κατὰ

203 2525 322 2578 τῶν
345 2525 711 2597 νενοσηκότων
734 2526 1026 2597 σωμάτων,
1060 2525 1305 2581 ἀπόλυτα
1332 2525 1400 2580 τά
1423 2524 1653 2597 σώματα
1685 2524 1794 2579 τῶν

204 2617 536 2689 νοσημάτων
563 2614 955 2681 κατεσκεύαζε.

1893 1982 1961 2036 ab
1981 1981 2153 2047 obitu,
2179 1981 2449 2037 revocavit
2468 1981 2533 2036 ad
2554 1981 2707 2037 vivos
2728 1982 2836 2037 vita
2858 1982 3189 2051 defunctum,
3215 1984 3473 2040 excitavit

1893 2087 1923 2126 a
1959 2071 2190 2128 mortuis
2220 2086 2419 2141 corpus
2451 2086 2481 2126 a
2509 2071 2621 2128 Deo
2654 2072 2881 2129 factum.
2915 2074 3069 2141 Quod
3099 2075 3143 2130 si
3187 2074 3471 2132 Manichai

1898 2171 2086 2219 contra
2112 2163 2224 2219 hoc
2270 2162 2548 2230 furentes,
2583 2164 2748 2219 etiam
2798 2163 3137 2234 Scripturam
3177 2173 3472 2232 accusant,

1898 2269 2075 2325 neque
2100 2255 2270 2324 legem
2301 2255 2573 2310 honorant
2598 2272 2612 2322 ;
2646 2255 2918 2311 deterreat
2953 2271 3045 2313 eos
3076 2258 3253 2313 simile
3281 2272 3467 2313 exem-

1900 2346 2045 2416 plum
2072 2362 2087 2414 ;
2126 2345 2288 2400 faciat
2321 2344 2511 2399 umbra
2541 2344 2684 2400 Petri
2719 2347 2786 2412 ",
2823 2354 2884 2401 ut
2912 2345 3060 2417 ipsos
3088 2347 3327 2416 pudeat:
3357 2358 3477 2400 um-

1902 2438 1997 2493 bra
2026 2439 2167 2493 enim
2197 2445 2318 2493 erat
2347 2437 2591 2507 corporis
2609 2477 2625 2504 ,
2651 2452 2772 2509 qua:
2801 2452 2924 2494 cum
2956 2452 3183 2507 corpora
3209 2452 3478 2510 aegrorum

1901 2528 2280 2595 inumbrabat,
2314 2543 2503 2586 eorum
2536 2530 2756 2586 morbos
2788 2528 3110 2599 depellebat.

1207 2712 1339 2771 CAP.
1371 2712 1489 2768 Xll.
1520 2711 1940 2767 Manichworum
1958 2717 2265 2778 argumenta
2290 2707 2488 2765 soluta.

286 2796 679 2855 Τοιούτων“οῦν
714 2800 886 2854 ὄντων
928 2801 1036 2856 τῶν
1072 2800 1467 2856 ἀποδεικτικῶν
1492 2801 1667 2870 λόγων
1705 2800 1799 2853 καὶ

212 2891 474 2963 τοιαύτης
499 2890 667 2963 οὔσης
694 2891 1078 2963 ἀποδεικτικῆς
1103 2892 1378 2965 πράξεως,
1408 2892 1526 2957 πῶς
1545 2894 1646 2945 οὐκ
1677 2892 1801 2945 ἀτο-

1976 2796 2111 2853 Cum
2144 2798 2280 2853 tales
2303 2812 2433 2866 ergo
2464 2797 2577 2852 sint
2600 2804 2796 2852 nostrae
2821 2794 3059 2853 rationes
3085 2794 3478 2853 demonstrati-

1907 2903 1985 2943 vae
2006 2927 2021 2952 ,
2048 2896 2102 2942 et
2135 2888 2258 2943 talis
2281 2887 2354 2943 sit
2384 2886 2532 2943 actio
2560 2887 2688 2941 item
2722 2886 3174 2953 demonstrativa,
3206 2885 3478 2956 quomodo

214 3001 313 3037 ποι
343 2981 409 3035 ἀν
434 2978 563 3047 εἷεν,
614 2982 811 3053 φράσει
865 2981 1038 3051 λόγων
1085 2983 1322 3055 ἁρμόσαι
1365 2982 1434 3036 τά
1480 2970 1799 3054 ἀνάρμοστα

1911 2994 2014 3035 non
2051 2980 2163 3034 sint
2202 2977 2459 3043 absurdi,
2505 2978 2599 3047 qui
2631 2993 2751 3047 qua:
2782 2977 2956 3048 aptari
2990 2986 3044 3033 et
3084 2976 3328 3047 colligari
3368 2991 3477 3033 non

216 3072 633 3137 ὲσπουδακότεςς
665 3073 802 3126 Φασὶ
832 3076 941 3144 γάρ
966 3074 1277 3144 Μανιχαῖοι·
1293 3103 1365 3113 -
1391 3072 1464 3125 Τὸ
1491 3072 1649 3142 σῶμα
1671 3073 1797 3141 ὲφο-

220 3167 463 3238 ρέσαμεν
513 3164 609 3218 τοῦ
668 3167 883 3220 Σατανᾶ
903 3209 917 3232 ,
967 3168 1000 3238 ή
1032 3167 1089 3219 δὲ
1118 3165 1266 3237 ψυχὴ
1300 3165 1397 3218 τοῦ
1428 3164 1585 3218 Θεοῦ·
1616 3167 1712 3219 καὶ⁹
1739 3164 1801 3218 τὸ

221 3258 323 3330 μὲν
352 3257 511 3329 σῶμα
532 3256 674 3311 οῦτω
698 3258 911 3328 πέφυκε
942 3259 1133 3325 κακὸν,
1170 3262 1234 3313 ὲκ
1261 3258 1431 3314 κακοῦ
1461 3257 1740 3331 προελθόψ
1764 3260 1797 3329 ἡ

215 3351 280 3404 δὲ
309 3349 456 3420 ψυχὴ
482 3349 691 3419 πέφυκε
720 3349 881 3421 καλὴ,
912 3350 977 3403 ὲκ
1004 3350 1169 3404 καλοῦ
1215 3350 1412 3421 ἔχουσα
1459 3350 1556 3421 τὴν
1590 3350 1764 3422 ἀρχήν
1785 3366 1799 3381 ·

217 3443 418 3498 οὐκοῦν
447 3443 539 3496 δύο
567 3444 845 3515 ἀρχαὶκαὶ
866 3444 959 3498 δύο
990 3444 1202 3498 οὐσίαι·
1236 3444 1329 3497 καὶ
1369 3443 1535 3513 ἀρχαὶ
1577 3440 1670 3494 δύο
1707 3456 1803 3508 γεο

218 3534 448 3603 γόνασιν
475 3534 665 3599 αἰτίαι,
697 3534 790 3586 καὶ
819 3535 851 3604 ἡ
895 3533 993 3604 μὲν
1024 3531 1272 3602 σώματος
1301 3530 1473 3585 κακοῦ
1496 3570 1510 3596 ,
1539 3533 1573 3602 ἡ
1603 3529 1661 3583 δὲ
1704 3529 1806 3599 ψυ-

220 3624 328 3695 χῆς
349 3624 577 3694 ἀγαθῆς.
606 3623 806 3696 Ἀγαθὴ
828 3620 970 3694 οῦνὴ
993 3623 1160 3694 ψυχὴ,
1190 3622 1424 3694 πονηρὸν
1451 3622 1507 3676 δὲ
1534 3621 1595 3674 τὸ
1624 3618 1804 3691 σῶμα.

221 3744 299 3756 -——
328 3716 436 3767 Kal.
468 3714 587 3779 πῶς
621 3715 782 3786 σῶμα
822 3714 921 3786 μὲν
945 3716 1234 3786 σωφρονεῖ,
1271 3713 1529 3777 πολλάκις
1560 3711 1617 3765 δὲ
1661 3710 1807 3782 ψυχὴ

227 3804 498 3877 ῥᾳθυμεῖς
532 3806 643 3860 Kal.
667 3805 783 3869 πῶς
816 3806 1074 3878 ἑκάτερον
1113 3807 1172 3859 ὲν
1206 3807 1272 3877 τῇ
1314 3805 1419 3876 ἰδίᾳ
1441 3804 1593 3871 τάξει
1613 3804 1675 3856 οὐ
1715 3802 1811 3874 μέ-

225 3910 343 3960 νει;
368 3894 461 3946 καὶ¹
488 3896 680 3963 γέγονε
706 3894 768 3948 τὸ
795 3895 1081 3963 ἀνάπαλιν,
1103 3895 1166 3948 τὸ
1198 3894 1295 3966 μὲν
1326 3893 1419 3948 τοῦ
1452 3891 1699 3947 διαϐόλου
1714 3889 1810 3944 τοῦ

226 3983 391 4048 Θεοῦ,
420 3985 482 4038 τὸ
517 3986 575 4039 δὲ
602 3986 696 4040 τοῦ
741 3986 874 4040 Θεοῦ
911 3984 1006 4041 τοῦ
1049 3986 1331 4041 διαϐόλου⁸
1383 3984 1478 4039 καὶ
1524 3983 1742 4038 λέλυται
1778 3983 1811 4054 ἠ

229 4076 605 4148 θρυλλουμένη
634 4076 822 4149 ἔχθρα·
852 4080 945 4133 καὶ
970 4078 1121 4149 φιλία
1147 4079 1336 4147 γέγονε
1357 4077 1451 4131 καὶ
1481 4075 1812 4148 σπονδὴ,τοῦ

234 4170 337 4241 μὲν
362 4168 494 4222 Θεοῦ
522 4169 619 4240 τὴν
651 4168 827 4240 ψυχὴν
858 4169 1275 4239 ἀποπέμποντος
1311 4168 1391 4239 τῷ
1420 4168 1674 4239 διαϐόλῳ,
1718 4164 1814 4220 τοῦ

232 4260 291 4312 δὲ
340 4259 583 4313 διαϐόλου
638 4260 699 4314 τὺ
752 4261 911 4332 σῶμα
952 4260 1541 4333 ἀντιπαραπέμποντος
1585 4258 1664 4329 τῷ
1695 4258 1816 4329 Θεῷ

1901 3076 2164 3139 possunt,
2198 3069 2382 3125 verbis
2416 3060 2606 3140 bptare
2638 3078 2693 3125 et
2720 3068 2979 3140 colligare
3020 3069 3280 3125 student?
3310 3068 3481 3125 Aiunt
3529 3064 3535 3071 ’

1900 3160 2046 3215 enim
2098 3159 2423 3217 Mauichaei:
2469 3189 2544 3202 —-
2580 3160 2791 3231 Corpus
2843 3159 3061 3216 Satanae
3107 3160 3480 3231 gestavimus,

1906 3250 2087 3305 anima
2122 3266 2255 3308 vero
2286 3252 2380 3307 Dei
2420 3262 2523 3307 est.
2559 3252 2638 3307 Ac
2675 3265 2872 3321 corpus
2905 3251 3124 3321 quidem
3165 3251 3247 3308 sic
3282 3259 3478 3306 natura

1904 3337 2108 3395 factum
2143 3349 2263 3406 est,
2297 3340 2498 3395 malum
2541 3354 2609 3397 ex
2657 3339 2841 3407 malo;
2881 3340 3063 3395 anima
3110 3354 3243 3396 vero
3285 3346 3485 3395 natura

1904 3428 2050 3485 facta
2088 3439 2174 3486 est
2217 3430 2390 3495 bona,
2432 3444 2498 3485 ex
2545 3429 2687 3484 bono
2736 3427 2998 3499 originem
3044 3428 3288 3483 trahens.
3340 3427 3485 3482 Sunt

1907 3522 2071 3593 igitur
2111 3521 2218 3576 duo
2265 3519 2567 3590 principia,
2613 3531 2671 3574 et
2716 3518 2836 3573 duae
2885 3518 3237 3585 substantiae;
3277 3526 3334 3573 et
3376 3517 3486 3573 duo

1909 3611 2176 3682 principia
2203 3620 2329 3667 sunt
2354 3619 2534 3666 causae
2553 3653 2568 3677 ,
2603 3608 2773 3665 altera
2803 3610 3021 3680 quidem
3048 3608 3294 3679 corporis
3322 3607 3451 3664 mali
3468 3647 3485 3671 .

1911 3701 2080 3757 altera
2110 3714 2238 3756 vero
2266 3701 2460 3756 animae
2492 3701 2663 3756 bonae.
2700 3699 2843 3755 Bona
2875 3700 3037 3771 igitur
3068 3707 3153 3756 est
3182 3699 3362 3755 anima
3384 3739 3400 3767 ,
3432 3706 3487 3755 et

1911 3807 2109 3862 corpus
2143 3792 2367 3849 malum.
2391 3823 2465 3833 —
2484 3793 2549 3847 Et
2575 3795 2846 3862 quomodo
2874 3805 3071 3862 corpus
3098 3791 3318 3861 quidem
3349 3799 3487 3847 tem-

1910 3898 2109 3953 perans
2166 3893 2289 3949 est,
2349 3884 2530 3938 anima
2584 3897 2714 3939 vero
2746 3896 2889 3952 smpe
2948 3882 3148 3953 pigra?
3204 3881 3486 3950 Quomodo

1915 3989 2205 4046 utrumque
2236 3991 2343 4031 non
2373 3983 2558 4030 manet
2586 3974 2641 4030 in
2668 3976 2859 4031 ordine
2890 3976 3029 4031 suo?
3056 3975 3151 4031 sed
3176 3984 3362 4031 contra
3388 3989 3489 4045 po.

1916 4069 2021 4124 tius
2046 4070 2189 4139 quod
2232 4078 2349 4123 erat
2390 4066 2621 4131 diaboli,
2677 4062 2738 4121 tit
2766 4066 2901 4133 Dei;
2934 4075 2991 4121 et
3023 4066 3167 4135 quod
3207 4067 3340 4132 Dei,
3373 4065 3487 4120 dia-

1916 4161 2070 4227 boli;
2106 4169 2162 4216 et
2195 4160 2457 4215 dissoluta
2489 4166 2573 4214 est
2612 4161 2827 4229 vulgata
2878 4158 3155 4212 inimicitia
3178 4199 3192 4223 ,
3242 4165 3295 4213 et
3346 4155 3489 4210 facta

1920 4252 2158 4306 amicitia
2193 4259 2249 4305 et
2278 4250 2456 4305 fmdus
2480 4288 2496 4315 ,
2530 4250 2640 4304 Deo
2673 4249 2909 4302 animam
2943 4248 3282 4315 dimittente,
3316 4257 3377 4301 ut
3409 4247 3491 4302 in-

237 4352 559 4423 ὺπηρετεῖν;
600 4352 862 4423 ὑπηρετεί
903 4352 1011 4424 γάρ
1042 4351 1371 4424 σωφρονοῦν⁸
1415 4352 1493 4421 i8)
1531 4351 1593 4405 τὸ
1622 4352 1679 4405 δὲ
1719 4350 1799 4404 τοῐ

1921 4344 2123 4400 serviat
2148 4342 2361 4397 diabolo
2385 4358 2400 4407 ;
2430 4351 2484 4395 et
2513 4348 2701 4396 contra
2728 4340 2943 4394 diabolo
2968 4353 3165 4409 corpus
3183 4378 3200 4403 ,
3231 4349 3292 4395 ut
3319 4339 3491 4395 inser-

232 4444 375 4507 ΔΘεοῦ
401 4445 480 4516 τῷ
506 4445 735 4515 διαϐόλῳ
758 4445 1041 4499 διακονεῖν·
1069 4446 1307 4500 διακονεῖ
1339 4443 1447 4516 γὰρ
1487 4441 1814 4507 ἀπιστοῦσα,

237 4536 336 4590 καὶ
357 4535 652 4607 βλάσφημα
688 4535 1058 4607 φθεγγομένη-

1922 4436 2034 4488 viat
2069 4433 2225 4487 Deo?
2253 4432 2481 4488 inservit
2511 4432 2655 4487 enim
2687 4430 2797 4485 Deo
2819 4468 2835 4496 ,
2867 4445 2991 4485 cum
3034 4440 3121 4485 est
3159 4437 3492 4500 temperans.

1926 4524 2038 4579 Iloc
2064 4532 2242 4577 autem
2278 4522 2372 4578 Dei
2400 4531 2514 4589 est,
2543 4524 2684 4578 sicut
2709 4538 2896 4577 rursus
2924 4522 3153 4577 inservit
3175 4522 3354 4577 anima
3375 4521 3491 4578 dia-

1921 4615 2065 4679 bolo,
2091 4628 2215 4670 cum
2249 4629 2354 4670 non
2395 4616 2604 4684 credit,
2636 4623 2693 4671 et
2720 4614 2958 4685 loquitur
2982 4614 3319 4685 blasphema.

1298 4735 1428 4792 Cu.
1463 4736 1601 4792 Xlll.
1628 4735 1712 4791 Ea;
1740 4735 1843 4805 ﬁlii
1875 4729 2081 4804 prodigi
2101 4729 2428 4798 paenitentia.

314 4834 442 4898 Πῶς
458 4828 552 4889 οῦν
582 4834 644 4888 ού
675 4833 819 4905 μέγα
849 4832 1146 4903 καγχάζειν
1182 4832 1276 4885 καὶ
1313 4830 1478 4902 γελᾷν
1519 4831 1639 4883 κατ’
1678 4829 1822 4882 ὲκεί-

243 4947 353 4984 νων
388 4929 512 4992 τοὺς
545 4929 837 4999 φρονίμους
864 4928 1150 5000 προσήκει,
1179 4925 1351 4990 οῦτως
1381 4925 1580 4979 ἄτοπον
1610 4925 1704 4977 καὶ
1723 4939 1819 4991 γε-

242 5020 386 5073 λοῖον
411 5018 585 5088 δόγμα
619 5017 953 5088 εἰσηγεῖσθαι
995 5016 1437 5081 ἑσπουδακότων;
1476 5016 1599 5067 Ὅτι
1638 5014 1694 5067 δὲ
1728 5010 1821 5065 καῖ

245 5112 380 5168 αὐτὸ
402 5112 463 5164 τὸ
493 5110 707 5178 λογικδν
735 5110 903 5181 ᾑρέθη
945 5110 1041 5180 μὲν
1084 5107 1384 5179 ἀφροσύνῃ,
1438 5104 1722 5175 δεδύνηται
1761 5102 1819 5157 δὲ

247 5203 412 5256 πάλιν
443 5201 728 5254 ἀπολιπεῖν
756 5202 854 5272 τὴν
877 5202 1181 5271 αἱρήσασαν
1218 5195 1528 5269 ἀφροσύνην
1546 5236 1561 5261 ,
1609 5195 1702 5248 καὶ
1728 5192 1815 5247 δύ-

246 5311 407 5349 ναται
447 5294 754 5356 ἀπολιπεῖν,
782 5292 1061 5363 αὐτάρκης
1089 5289 1359 5357 ἀπόδειξις
1391 5292 1425 5361 ἡ
1462 5287 1557 5341 τοῦ
1610 5286 1684 5357 (9}
1719 5303 1818 5338 πε-

250 5385 321 5456 ρι
339 5384 605 5455 νεωτέρου
635 5384 775 5448 υἱοῦ,
805 5386 839 5455 ἡ
864 5383 1016 5455 παρὰ
1033 5384 1198 5455 πατρὶ
1228 5382 1612 5453 ρᾳθυμήσασα.
1642 5379 1817 5433 Πατέ-

1995 4827 2283 4894 Quomodo‘
2304 4825 2469 4895 igitur
2512 4838 2619 4879 non
2662 4822 2858 4878 merito
2886 4831 3103 4878 moveat
3144 4822 3500 4894 prudentibus

1923 4919 2090 4974 risum
2148 4927 2203 4972 et
2253 4917 2550 4973 cachinnos
2585 4926 2695 4971 tam
2755 4916 3046 4971 absurdum
3101 4924 3156 4969 et
3214 4915 3499 4970 ridiculum

1924 5010 2161 5081 ipsorum
2181 5010 2373 5079 dogma
2388 5048 2404 5074 ,
2426 5008 2567 5077 quod
2591 5008 2933 5063 introducere
2949 5006 3272 5063 studuerunt
3294 5007 3317 5059 ?
3344 5007 3498 5073 Quod

1926 5112 2103 5157 autem
2134 5116 2197 5156 ea
2225 5101 2310 5156 vis
2335 5100 2638 5154 animorum
2666 5114 2784 5170 qua:
2816 5099 2990 5170 posita
3042 5109 3123 5154 est
3171 5098 3223 5153 in
3253 5100 3462 5153 ratione
3481 5135 3499 5161 ,

1924 5205 2079 5267 capta
2110 5206 2195 5251 est
2234 5195 2368 5249 vitio
2405 5194 2857 5262 intemperantiae,
2889 5193 3064 5263 potuit
3093 5202 3272 5246 autem
3313 5204 3501 5245 rursus

1926 5295 1981 5341 et
2010 5295 2185 5357 potest
2229 5286 2706 5356 intemperantiam
2752 5284 2901 5338 illam
2928 5298 3031 5353 qua
3059 5282 3365 5347 tenebatur,
3402 5283 3501 5337 de-

1926 5392 2144 5453 serere,
2196 5376 2333 5431 satis
2378 5376 2573 5446 probat
2620 5372 2709 5429 illa
2749 5373 2819 5429 de
2862 5373 2971 5428 lilio
3013 5371 3502 5429 adolescentiam"

324 5476 365 5506 ιι
409 5473 450 5526 ll
485 5472 618 5544 Rt-g.
658 5489 789 5539 xm,
822 5473 913 5528 2i.
991 5474 1033 5505 ¹³
1072 5477 1190 5527 Act.
1224 5487 1279 5537 v,
1309 5470 1398 5526 15.
1475 5468 1520 5502 ¹⁸
1553 5469 1685 5525 Luc.
1718 5484 1807 5535 xv,
1840 5467 1906 5523 l2
1942 5482 2064 5537 sqq.

327 5569 401 5637 (ϐ)
454 5569 818 5636 Ἐλεύθερον.
859 5566 1080 5638 Legisse
1112 5566 1325 5622 videtur
1358 5566 1625 5638 interpres
1661 5564 1820 5635 ἠλευ-

256 5642 440 5711 θέρου.
478 5640 630 5693 Enn.
666 5640 973 5711 Ρλτιιοι..Δ
1072 5708 1083 5711 _
1194 5670 1231 5711 η-
1352 5705 1364 5711 -
1620 5660 1623 5661 ,

328 5705 409 5782 (7)
459 5707 903 5779 Ἐφαπτωμένψ
950 5707 1030 5763 An
1069 5705 1436 5778 ιφαπλωμένη
1462 5748 1476 5774 ,
1517 5720 1615 5779 pro
1644 5707 1819 5777 ἑφαπ-

1917 5563 2191 5689 λουὲένηῖ
2221 5563 2380 5619 Eon.
2408 5562 2652 5620 ΡΑτιιοι..

1993 5636 2011 5689 t
2055 5636 2069 5689 l
2111 5633 2400 5689 Seauentia
2434 5649 2625 5689 manca

2111 5633 2400 5702 Sequentia
2434 5649 2625 5690 manca
2653 5647 2799 5696 sunt.

2015 5636 2048 5689 8
2111 5636 2400 5702 Sequentia
2434 5649 2569 5689 mam

1992 5636 2069 5775 δὲ
2112 5704 2286 5761 Locus
2323 5705 2569 5761 vitiosus.
