3890 6274
1463 284 1738 342 PATRES
1776 278 2078 348 ΕΟὙΡΤΙῙ
2117 279 2404 340 SECULI
2441 279 2534 337 iV.

3420 312 3433 323 .
3519 274 3641 330 9η

381 410 526 480 apud
547 414 753 478 patrem
791 403 1026 478 ignavia.
1050 399 1290 473 Reliquit
1312 407 1543 471 patrem.
1569 396 1840 470 profectus
1873 406 1958 454 est

2069 409 2127 465 pa
2155 391 2534 455 ἀπολέλοιπεν,
2563 387 2837 444 ἐστείλατο
2863 386 2961 457 τὴν
2992 385 3130 460 πρὸς
3155 383 3226 438 τά
3255 382 3404 480 πάθη
3427 383 3646 480 stis“-

380 502 454 558 ad
479 499 784 571 voluptates
801 538 821 565 ,
846 501 1216 560 commoratus
1245 492 1414 550 estin
1443 489 1656 546 luxuria
1684 505 1702 556 ;
1738 489 1950 546 tandem

379 591 544 650 rediit
586 589 656 648 ad
697 605 808 656 se,
829 586 1122 646 revertitur
1145 584 1215 642 ad
1249 591 1489 654 patrem,
1523 579 1748 636 dimittit
1779 578 1953 649 turpi-

2054 483 2203 556 μίαν,
2245 482 2566 555 ἐνεϐράδυνε
2613 483 2682 552 τῇ
2740 477 2967 550 ἀσωτία·
3019 476 3117 546 ὀψέ
3149 491 3278 530 ποτε
3309 471 3648 528 ἀντελάϐετο

2052 574 2268 638 ἐαυτοῦ,
2303 574 2613 628 παλινοστεῖ
2641 572 2780 644 πρὸς
2812 571 2904 624 τὸν
2956 570 3168 641 πατέρα
3203 569 3300 622 καὶ
3339 565 3644 636 παλινδροο

389 683 654 742 tudinem.
708 678 963 736 Procedit
994 676 1215 746 supplex
1248 674 1314 730 ad
1344 686 1532 742 preces
1555 710 1573 737 ,
1601 671 1951 738 consequitur

2069 668 2145 719 ιεῖ
2190 666 2323 736 (l0)'
2369 665 2561 734 ἀφίησι
2607 663 2676 718 τά
2726 661 2961 732 αἰσχράο
3011 660 3148 731 πρὸς
3193 659 3399 713 ἱκεσίαν
3441 658 3642 728 χωρεῖ·

386 772 643 836 veuiam;
675 777 940 840 praecepta
979 766 1126 822 enim
1167 763 1347 834 magni
1378 759 1542 826 pretii
1568 774 1688 828 quae
1720 758 1946 826 didicit,

384 861 582 934 obiecit
605 899 621 926 ,
651 859 847 928 quibus
873 857 1064 914 ﬂetum
1087 869 1250 924 quem
1281 862 1562 923 peccatum
1591 849 1769 919 parit,
1800 849 1948 936 dele-

385 948 498 1012 vit,
530 953 586 1001 et
611 944 980 1000 celebritatem
1008 941 1185 996 laetam
1220 939 1417 996 rationi
1445 947 1870 995 consentaneam
1897 945 1956 994 et

383 1037 615 1094 divinam
645 1050 744 1106 pro
769 1034 896 1090 ﬂetu
929 1032 1182 1090 reddidit.

2055 757 2314 826 τυγχάνει
2366 755 2785 825 συγχωρήσεως·
2830 750 3084 812 εῦστασις
3130 749 3239 820 γάρ
3297 748 3649 819 μαθημάτων

2059 847 2355 918 πολυτελὴς
2386 845 2676 916 γενομένη,
2709 844 2801 898 τὸν
2837 843 2938 914 μὲν
2973 841 3208 912 ὀδυρμὸν
3232 841 3331 912 τῆς
3357 840 3651 911 ἁμαρτιας

2060 939 2350 1010 άπήλειψε,
2387 939 2698 1009 πανήγυριν
2723 935 2780 990 δέ
2804 935 3028 1006 λογικὴν
3065 935 3161 989 καὶ
3187 934 3335 988 θείαν
3366 932 3652 987 necesse.

2061 1047 2178 1087 κεν.

1396 1118 1524 1176 Car.
1546 1117 1687 1178 XIV.
1717 1117 1801 1174 Ea:
1830 1115 1992 1174 Pauli
2020 1121 2240 1191 apostoli
2270 1118 2618 1173 conversione.

449 1215 649 1276 Nescio
676 1232 744 1273 an
772 1213 1087 1286 Apostolum
1112 1211 1492 1277 criminantur,
1527 1223 1584 1267 et
1611 1212 1664 1266 in
1697 1211 1958 1281 apostolis

381 1317 674 1365 numerant
695 1317 915 1378 propter
940 1320 1095 1361 nova.
1124 1304 1181 1359 Si
1209 1318 1346 1359 nova
1376 1303 1624 1367 laudant,
1650 1302 1778 1372 quid
1805 1302 1958 1358 aiunt

383 1400 452 1457 de
478 1413 545 1455 eo
566 1406 786 1469 propter
824 1407 1006 1452 vetera
1027 1435 1044 1462 ,
1085 1411 1193 1450 non
1221 1395 1366 1450 enim
1397 1395 1578 1464 priora
1608 1410 1729 1448 cum
1773 1405 1956 1464 poste-

382 1491 620 1550 rioribus
642 1489 986 1545 conveniunt.
1015 1487 1198 1557 Lupus
1222 1497 1342 1541 erat
1367 1485 1598 1550 Paulus,
1628 1496 1682 1540 et
1712 1497 1958 1555 repertus

383 1591 470 1639 est
496 1591 718 1654 pastor;
760 1580 1061 1647 mactabat,
1105 1586 1160 1634 et
1197 1578 1355 1633 hodie
1397 1587 1648 1643 scutum;
1701 1586 1958 1645 tanquam

2128 1214 2243 1266 οὐκ
2265 1206 2381 1266 οῖδα
2407 1213 2466 1265 δὲ
2494 1212 2544 1264 ει
2564 1210 2658 1264 καὶ
2697 1209 2790 1264 τὸν
2815 1209 3137 1264 Ἀπόστολον
3161 1208 3559 1274 διαϐάλλουσιν,
3605 1199 3646 1271 ἦ

2058 1303 2116 1355 ἐν
2147 1304 2258 1365 τοῖς
2300 1301 2616 1365 ἀποστόλοις
2638 1301 2799 1355 αὐτὸν
2847 1299 3156 1372 ἐγκρίνουσι
3202 1300 3293 1354 διὰ
3335 1300 3405 1355 τὰ
3430 1301 3548 1355 νέα.
3579 1301 3652 1354 El.

2063 1393 2161 1464 μὲν
2189 1394 2296 1462 γὰρ
2326 1393 2412 1447 διὰ
2441 1392 2509 1447 τὰ
2544 1392 2748 1446 παλαιὰ
2778 1393 3142 1455 διαϐάλλουσι,
3174 1393 3230 1446 τι
3250 1391 3433 1463 ἐροῦσι
3459 1391 3550 1445 διά
3571 1392 3653 1445 τὰ

2061 1487 2196 1552 νέα;
2232 1487 2372 1541 Εἰδέ
2395 1486 2462 1542 τὰ
2485 1487 2578 1540 νέα
2604 1485 2886 1540 ἐπαινοῦσι
2905 1527 2919 1550 ,
2947 1486 2998 1540 τι
3035 1502 3170 1554 φασι
3199 1486 3289 1540 διά
3309 1486 3377 1540 τὰ
3405 1484 3646 1548 παλαιάς

2062 1580 2123 1631 οὐ
2158 1580 2265 1649 γὰρ
2304 1578 2514 1649 συνῳδὰ
2544 1579 2612 1633 τά
2639 1578 2831 1649 πρῶτα
2859 1580 2970 1640 τοῖς
3010 1577 3282 1648 δευτέροις
3303 1593 3318 1606 ·
3347 1575 3508 1640 λύκος
3547 1571 3652 1648 ἦν,

383 1681 752 1745 propugnator
799 1669 1114 1740 sanguinem
1159 1669 1337 1740 gregis
1381 1668 1604 1724 fundere
1646 1669 1852 1732 voluit,
1899 1679 1960 1723 et

2069 1671 2158 1723 καὶ
2188 1669 2390 1740 ποιμὴν
2422 1669 2642 1740 εὑρέθηο
2675 1669 2915 1740 ἀναιρῶν
2940 1664 3028 1738 ἦν,
3060 1669 3155 1722 καὶ
3180 1669 3421 1738 σήμερον
3445 1667 3648 1733 ρπλον·

384 1766 452 1820 ad
474 1773 770 1821 extremum
795 1760 1045 1832 periculis
1067 1775 1124 1816 se
1145 1761 1355 1828 objicit.
1379 1769 1431 1816 et
1454 1761 1771 1830 sanguinem
1798 1775 1954 1815 suum

2069 1759 2141 1823 ὡς
2185 1760 2618 1830 ὑπερασπιστὴς,
2667 1759 2736 1813 τὰ
2783 1760 2990 1830 αἵματα
3033 1759 3132 1828 τῆς
3181 1758 3384 1828 ἀγέλης
3430 1758 3651 1828 ἐκχέειν

383 1852 709 1924 profundere
732 1851 956 1908 studuit.
987 1849 1105 1904 Non
1131 1852 1274 1916 enim
1303 1865 1494 1906 recens
1522 1863 1716 1915 natus,
1747 1860 1802 1906 et
1829 1867 1952 1906 cum

385 1943 572 2000 dolore
600 1935 788 2014 partus
819 1957 885 1998 ex
924 1951 1080 1998 utero
1104 1943 1316 2006 editus,
1347 1957 1517 2012 usque
1543 1943 1610 1997 ad
1637 1952 1848 2010 tempus
1876 1957 1961 1998 se-

384 2032 612 2102 pultum
644 2032 698 2086 in
728 2031 917 2086 eodem
947 2041 1090 2086 statu
1117 2031 1522 2100 perseveravit,
1544 2035 1636 2088 sed
1667 2032 1847 2102 putius
1869 2047 1962 2085 va~

390 2123 488 2177 riis
520 2121 915 2177 mutationibus
951 2135 1016 2176 ac
1042 2122 1492 2177 conversionibus
1524 2138 1652 2182 usus
1681 2131 1784 2178 est.
1822 2123 1960 2178 Fau-

389 2223 530 2269 stum
565 2213 780 2282 quidem
815 2199 979 2270 linem
1013 2223 1234 2278 nactus,
1284 2212 1407 2269 vita:
1450 2228 1579 2269 vero
1627 2215 1964 2272 institutione

387 2303 652 2373 superiori
680 2305 952 2359 contraria
980 2319 1129 2368 usus,
1158 2319 1266 2360 non
1292 2305 1596 2370 erubescit,
1623 2319 1797 2374 neque
1819 2315 1964 2359 tacet

387 2400 593 2446 vetera.
643 2389 881 2446 Laudem
929 2391 1052 2447 vitae
1097 2407 1248 2448 nova:
1294 2393 1502 2462 putavit
1529 2407 1687 2456 esse,
1719 2393 1863 2462 quod
1897 2408 1960 2447 ex

389 2492 542 2539 tanta
575 2483 936 2554 perversitate
965 2498 1218 2552 egressus
1239 2523 1258 2545 ,
1284 2483 1350 2536 ad
1379 2492 1584 2536 tantum
1617 2484 1828 2538 culmen
1856 2483 1962 2537 vir-

392 2573 523 2629 tutis
546 2587 794 2628 reversus
824 2585 926 2638 est,
954 2584 1007 2628 et
1031 2573 1260 2628 clamat:
1285 2571 1502 2642 Pwpter
1521 2577 1616 2628 hoc
1640 2572 1793 2628 Jews
1813 2574 1966 2629 Chri-

393 2673 502 2719 stus
533 2665 666 2720 venit
710 2664 764 2720 in
805 2667 1090 2728 mundum,
1120 2673 1174 2717 ut
1207 2676 1500 2731 peccatores
1544 2665 1718 2720 salvos
1747 2667 1962 2734 faceret,

389 2768 611 2825 quorum
658 2753 857 2822 primus
907 2768 999 2823 ego
1050 2769 1187 2811 sum.
1220 2751 1324 2807 Sed
1377 2753 1494 2806 ideo
1550 2755 1966 2810 misericordiam

392 2852 700 2900 consecutus
749 2859 894 2906 sum,
942 2852 996 2896 ut
1047 2843 1102 2895 in
1152 2857 1233 2894 me
1271 2843 1437 2908 primo
1485 2845 1772 2898 ostenderet
1809 2844 1966 2898 Iesus

389 2948 592 2986 omnem
637 2933 943 3002 patientiam
987 2932 1058 2986 ad
1114 2931 1539 3002 informationem
1593 2934 1836 3002 illorum,
1876 2935 1967 3005 qui

389 3021 640 3078 credituri
666 3032 786 3078 sunt
819 3021 894 3076 illi
925 3021 980 3078 in
1012 3021 1170 3075 vitam
1199 3029 1446 3076 aternam
1478 3021 1545 3078 “.

2066 1851 2403 1921 προῄρηται,
2438 1850 2530 1902 καὶ
2557 1848 2618 1904 τὸ
2646 1849 2946 1902 τελευταῖον
2969 1847 3286 1909 κινδυνεύει,
3308 1848 3478 1902 καὶτὸ
3502 1845 3651 1917 αἷμα

2059 1941 2120 1994 τὸ
2157 1941 2286 1995 ῐδιον
2319 1941 2532 2011 ἐκχέειν
2581 1941 2932 1994 ἐσπούδασεν.
2963 1940 3036 1993 Οὐ
3081 1940 3191 2010 γὰρ
3231 1938 3354 2010 ἄρτι
3405 1937 3648 2008 τεχθεὶς.

2061 2029 2157 2083 καὶ
2209 2029 2310 2099 τὴν
2336 2029 2500 2082 ὠδῖνα
2551 2029 2650 2099 τῆς
2703 2031 2916 2099 μήτρας
2950 2026 3232 2099 παρελθὼν
3263 2027 3454 2096 μέχρις
3495 2025 3652 2097 ὥρας

2059 2118 2153 2174 τοῦ
2188 2121 2470 2190 μνήματος
2502 2121 2531 2172 ό
2557 2119 2717 2183 αὐτὸς
2746 2118 3005 2173 διετέλει·
3043 2117 3179 2173 ἀλλὰ
3223 2117 3492 2189 κέχρηται
3520 2134 3652 2170 ποι-

2062 2211 2238 2274 κίλαις
2272 2211 2586 2280 διαλλαγαῖς
2619 2212 2712 2264 καὶ
2744 2210 3085 2281 μεταϐολαῖςο
3116 2211 3289 2263 αῖσιον
3317 2209 3422 2279 μὲν
3447 2208 3511 2263 τὸ
3556 2210 3654 2263 τέ-

2061 2302 2154 2367 λος
2205 2304 2526 2374 εὑράμενος,
2582 2303 2928 2374 παλιμφήμῳ
2973 2302 3029 2355 δέ
3077 2302 3420 2373 χρησάμενος
3450 2303 3518 2372 τῇ
3546 2302 3654 2372 νέᾳ

2062 2395 2322 2467 διαγωγῇ·
2353 2397 2566 2466 ἀμέλει,
2597 2397 2698 2450 οὑκ
2720 2395 2967 2467 ἐρυθριᾷ,
3000 2395 3061 2448 ού
3093 2394 3273 2466 σιωπᾷ
3318 2394 3388 2448 τὰ
3417 2394 3650 2448 τεαλαιάο

2065 2485 2338 2556 ἐγκώμιον
2367 2487 2461 2541 τοῦ
2500 2488 2619 2542 νέου
2651 2487 2765 2557 βίου
2793 2486 3097 2556 νενόμικεν,
3133 2484 3216 2537 ὅτι
3263 2485 3329 2538 ἐκ
3377 2483 3655 2555 τοσαύτης

2065 2576 2400 2647 φαυλότητος
2451 2575 2765 2647 παρελθὼν,
2817 2575 2909 2627 ἐπὶ
2952 2573 3285 2645 τηλικαύτην
3334 2573 3654 2646 ἀκρώρειαν

2063 2667 2163 2737 τῆς
2195 2667 2399 2737 ἀρετῆς
2429 2665 2746 2737 ἀνελήλυθε,
2775 2666 2868 2718 καὶ
2891 2664 2989 2736 βοᾷ
3009 2682 3022 2696 ·
3051 2666 3156 2719 Διὰ
3185 2664 3362 2718 τοῦτο
3405 2665 3653 2732 Ἰησοῦς

2065 2757 2317 2824 Χριστὸς
2343 2753 2530 2826 ἦλθεν
2565 2758 2653 2822 εις
2684 2755 2790 2808 τὸν
2818 2756 3050 2823 κόσμον
3067 2794 3083 2820 ,
3116 2753 3507 2824 ἁμαρτωλοὺς
3530 2753 3656 2808 σῶ-

2065 2863 2191 2910 σαι,
2227 2842 2316 2901 ὧν
2361 2848 2594 2916 πρῶτός
2621 2849 2738 2916 ειμι
2771 2845 2914 2914 ert-5'
2946 2846 3107 2902 ma
3130 2847 3230 2902 διὰ
3263 2845 3441 2901 τοῦτο
3461 2844 3654 2915 ἠλεή-

2067 2943 2200 3006 θην,
2229 2939 2331 2992 ἵνα
2365 2938 2706 3005 ἐνδείξηται
2739 2935 2979 3003 Ἰησοῦς
3008 2937 3080 2990 ἐν
3104 2937 3234 3007 ἐμοὶ
3260 2936 3376 3005 τὴν
3398 2935 3654 2991 ἅπασαν

2067 3024 2253 3079 αὐτοῦ
2267 3024 2702 3094 μακροθυμίαν,
2747 3020 2897 3089 πρὸς
2942 3024 3332 3080 ὑποτύπωσιν
3366 3020 3651 3092 τῶνμα-

1989 3129 2032 3186 c
2066 3117 2298 3168 λόντων
2314 3116 2644 3170 πιστεύειν.

1447 3223 1578 3280 CAP.
1617 3222 1735 3280 XV.
1757 3224 1994 3293 Apostoli
2019 3229 2250 3298 primum
2273 3241 2590 3298 peccatores.

459 3317 595 3375 Cum
651 3327 830 3374 autem
867 3317 1106 3375 chorum
1145 3317 1509 3387 apostolorum
1573 3320 1964 3385 contemplabi-

393 3424 536 3478 mur,
561 3409 913 3477 intelligemus
937 3424 1002 3464 ex
1033 3409 1402 3480 peccatoribus
1431 3419 1484 3462 et
1515 3408 1754 3478 profanis
1786 3410 1969 3463 homi-

394 3500 554 3560 nibus
582 3499 750 3558 fuisse
780 3499 1086 3566 collectum,
1135 3500 1225 3570 qui
1258 3500 1423 3554 multa
1450 3500 1578 3554 olim
1611 3510 1965 3569 peccaverant

393 3599 451 3646 et
476 3606 581 3647 non
603 3599 734 3648 sunt
754 3591 982 3661 amplius
1007 3605 1192 3648 errore
1222 3591 1388 3660 lapsi;
1423 3591 1476 3646 in
1508 3593 1702 3660 quibus
1724 3591 1830 3646 duo
1852 3591 1968 3646 fne-

397 3690 542 3748 runt,
569 3681 745 3751 lapsos
779 3681 966 3745 fuisse,
1000 3694 1055 3736 et
1089 3697 1195 3736 non
1219 3683 1330 3752 jam
1352 3683 1532 3752 lapsos
1554 3698 1694 3738 esse.
1748 3682 1899 3749 Quod
1921 3683 1968 3738 si

397 3771 536 3826 mala
593 3782 787 3826 natura
817 3772 1022 3841 praediti
1084 3770 1331 3838 fuissent,
1363 3787 1577 3840 semper
1612 3784 1964 3842 peccassent;

395 3876 607 3928 rursus,
656 3861 702 3916 si
739 3863 875 3915 bena
925 3871 1142 3924 natura,
1199 3876 1468 3930 nunquam
1516 3871 1834 3930 peccassent
1877 3863 1966 3917 :si

400 3967 528 4008 vero
560 3953 612 4006 in
648 3951 831 4006 multis
859 3950 1016 4020 lapsi,
1049 3961 1104 4005 et
1135 3966 1256 4005 cum
1301 3950 1463 4005 multa
1499 3959 1717 4020 peccata
1747 3951 1970 4004 commi-

397 4045 620 4109 sissent,
641 4057 707 4098 eo
731 4054 1018 4096 evaserunt
1049 4053 1105 4096 ut
1133 4058 1236 4096 non
1277 4052 1582 4110 peccarent,
1623 4053 1679 4096 et
1710 4042 1774 4094 ad
1806 4043 1967 4094 vitam

397 4134 468 4190 ab
503 4134 777 4190 erroribus
805 4132 1030 4188 liberam
1087 4133 1439 4197 devenerunt,
1474 4139 1684 4186 constat
1720 4139 1968 4186 naturam

398 4227 592 4280 animat
621 4223 777 4279 liberi
807 4222 1016 4277 arbitrii
1049 4237 1114 4276 ac
1140 4221 1432 4276 voluntatis
1466 4235 1609 4286 esse,
1639 4236 1744 4274 non
1765 4221 1832 4274 ad
1869 4221 1972 4276 all-

398 4316 532 4387 qnid
559 4325 753 4372 natura
778 4315 997 4379 factam,
1053 4315 1148 4368 sed
1181 4313 1444 4368 electione
1467 4315 1793 4368 mutationes
1815 4327 1974 4382 cape-

399 4422 496 4472 re;
527 4420 848 4475 quocunque
885 4405 1001 4459 vult
1046 4418 1106 4459 se
1129 4413 1340 4459 vertere
1368 4413 1420 4458 et
1453 4405 1652 4471 redire,
1680 4419 1789 4472 quo
1827 4403 1972 4458 redi-

399 4505 514 4554 tum
564 4497 750 4566 eligit;
788 4505 843 4551 et
889 4496 1156 4551 interdum
1207 4495 1287 4552 sic
1317 4495 1532 4565 degere,
1560 4494 1830 4549 interdum
1869 4495 1969 4558 sic,

2147 3323 2314 3378 Ὅταν
2341 3324 2398 3376 δέ
2435 3325 2532 3378 καὶ
2557 3327 2656 3397 τὴν
2686 3326 2905 3397 χορείαν
2943 3326 3053 3380 τῶν
3079 3325 3395 3382 ἀποστόλων
3427 3323 3652 3395 ῖδωμεν,

2066 3413 2126 3478 ἐξ
2151 3414 2493 3486 ἁμαρτωλῶν
2534 3415 2700 3488 αὐτὴν
2754 3415 3011 3487 εἰσόμεθα
3045 3416 3140 3470 καὶ
3169 3415 3410 3486 βεϐήλων
3437 3413 3655 3485 άνθρώ·

2067 3522 2208 3567 πων,
2247 3505 2342 3558 καὶ
2372 3505 2545 3560 πολλὰ
2572 3505 2632 3560 τὸ
2657 3505 2886 3560 παλαιὸν
2929 3506 3284 3568 ἐπταικότων,
3315 3505 3408 3560 καὶ
3449 3503 3657 3576 μηκέτι

2067 3596 2378 3666 σφαλεύτων
2408 3597 2452 3667 (1
2468 3599 2536 3668 l),
2561 3597 2744 3652 καὶτὰ
2767 3597 2862 3652 δύο
2884 3597 3211 3668 ἐσχηκότων,
3253 3595 3349 3650 καὶ
3374 3594 3445 3649 τὰ
3477 3593 3656 3648 πολλὰ

2073 3686 2360 3756 ἐσφάλθαι.
2415 3688 2479 3740 Et
2535 3688 2634 3758 μὲν
2672 3683 2765 3742 οῦν
2823 3688 3035 3757 φύσεως
3092 3681 3233 3759 ἦσαν
3293 3684 3508 3754 κακῆς,
3558 3685 3656 3738 άει

2065 3776 2305 3832 ἐπταιον·
2336 3780 2385 3831 ει
2410 3777 2466 3830 δὲ
2496 3777 2708 3848 φύσεως
2728 3778 2920 3849 καλῆς,
2947 3777 3200 3832 οὐδέποτε
3223 3776 3478 3831 ἐπταιον·
3509 3777 3562 3829 si
3589 3773 3657 3831 δι

2068 3868 2242 3923 πολλά
2283 3869 2602 3938 σφαλέντες,
2633 3872 2727 3924 καὶ
2762 3870 2970 3941 μεγάλα
2991 3869 3430 3941 άμαρτήσαντες,
3462 3867 3557 3920 ἐπὶ
3585 3865 3658 3922 τὸ

2071 3959 2146 4032 μὴ
2187 3961 2522 4031 ἁμαρτάνειν
2572 3961 2882 4027 ἐληλύθασι,
2935 3961 3029 4016 καὶ
3061 3963 3154 4014 ἐπὶ
3177 3961 3241 4014 τὸ
3287 3959 3528 4028 άσφαλὶς
3555 3957 3654 4029 βο-

2068 4051 2327 4104 ϐιωκέναι
2353 4047 2537 4122 ἦλθον,
2561 4051 2836 4106 δείκνυται
2858 4054 2887 4105 ό
2911 4053 3010 4122 τῆς
3047 4051 3228 4121 ψυχῆς
3248 4051 3372 4121 δρος
3393 4048 3655 4115 αὐτεξού-

2071 4158 2184 4204 σιος
2211 4140 2285 4194 ὢν
2315 4143 2410 4196 καὶ
2457 4142 2936 4214 αύτοπροαίρετος,
2974 4141 3049 4213 μὴ
3095 4142 3232 4212 πρός
3264 4157 3316 4194 τι
3363 4138 3651 4210 πεφυκὼς,

2069 4233 2388 4304 προαιρέσει
2417 4233 2472 4287 δὲ
2494 4233 2594 4304 τὴν
2623 4232 2925 4304 μεταϐολὴν
2961 4234 3300 4302 ποιούμενος,
3323 4231 3420 4284 καὶ
3456 4230 3655 4303 τρεπό-

2073 4340 2232 4394 μενος
2257 4324 2388 4377 ὃπου
2415 4325 2511 4378 καὶ
2541 4323 2808 4394 βούλεται,
2851 4324 2946 4378 καὶ
2969 4321 3370 4394 παλινδρομῶν,
3395 4321 3530 4374 ὅπου
3553 4320 3654 4374 καὶ

2071 4417 2416 4486 προαιρεῖται
2437 4429 2452 4445 ⁶
2487 4415 2581 4469 καὶ
2615 4415 2692 4485 πῆ
2729 4416 2848 4485 μὲν,
2881 4415 3022 4468 οὕτω
3043 4414 3267 4482 διάγων,
3301 4413 3378 4484 πῆ
3399 4411 3479 4475 δὲ,
3505 4411 3655 4466 οὕτω

2073 4508 2166 4560 καὶ
2203 4506 2348 4560 οὕτω
2406 4507 2608 4575 διάγων
2647 4507 2723 4571 ὡς
2755 4507 3034 4577 βούλεταιο
3098 4507 3194 4561 καὶ
3242 4505 3343 4576 τὴν
3391 4502 3654 4575 βούλησιν

397 4595 460 4642 ut
484 4587 617 4651 vult,
645 4587 851 4642 faciens
893 4587 1226 4652 voluntatem
1260 4601 1414 4641 suam
1466 4600 1708 4640 normam
1749 4599 1964 4640 suarum

2073 4597 2286 4661 ἐαυτοῦ,
2321 4599 2519 4653 κανόνα
2549 4598 2657 4652 τῶν
2699 4597 3042 4669 πραγμάτων
3073 4595 3266 4650 ἐαυτοῦ
3295 4593 3648 4664 ποιούμενοςο

401 4690 583 4732 rerum
621 4692 636 4731 :
666 4690 854 4730 norma
881 4675 1024 4730 enim
1052 4675 1282 4745 actionis
1319 4686 1401 4730 est
1429 4674 1674 4730 voluntas
1699 4676 1968 4732 facientis.

403 4764 463 4822 Si
492 4775 671 4822 autem
700 4780 818 4835 qua:
837 4767 1064 4820 oderant
1085 4765 1406 4831 dilexerunt,
1437 4773 1490 4820 et
1529 4780 1648 4834 qua:
1673 4765 1972 4824 dilexerant

401 4863 653 4922 oderunt,
679 4869 735 4914 et
786 4873 891 4912 non
922 4856 1020 4913 fuit
1046 4858 1308 4912 sententia
1358 4857 1462 4911 lixa
1511 4858 1564 4912 ln
1591 4859 1734 4923 odio,
1769 4859 1862 4914 sed
1889 4859 1973 4912 in-

403 4961 517 5006 star
547 4948 781 5004 volucris
803 4949 993 5003 leviter
1029 4964 1088 5004 se
1124 4947 1380 5004 transfert
1419 4961 1526 5017 quo
1554 4949 1845 5013 desiderat,
1881 4949 1970 5004 ubi

402 5048 487 5097 est
551 5039 782 5094 natura?
831 5036 1053 5108 Oportet
1101 5040 1243 5093 enim
1295 5047 1544 5094 naturam
1592 5052 1712 5106 quae
1759 5053 1974 5107 semper

403 5129 537 5192 odit,
563 5141 778 5196 semper
801 5126 925 5181 odio
953 5127 1155 5182 habere
1185 5127 1322 5196 quod
1354 5125 1498 5193 odit;
1532 5137 1586 5181 et
1611 5142 1728 5196 qua:
1756 5141 1972 5194 semper

405 5228 571 5282 amat,
627 5231 840 5286 semper
890 5231 1075 5272 amare
1126 5217 1266 5288 quod
1319 5216 1556 5282 amavit;
1609 5227 1665 5271 et
1714 5231 1818 5270 non
1859 5217 1971 5287 jam

401 5323 586 5366 σηιξη-ο
612 5323 732 5380 qua:
757 5309 879 5365 odio
911 5307 1119 5374 habuit,
1143 5321 1314 5378 neque
1337 5321 1457 5377 qua:
1491 5305 1692 5362 amavit
1721 5305 1845 5363 odio
1871 5306 1972 5363 ba-

474 5447 523 5483 “
559 5445 578 5501 ι
611 5444 753 5500 Tim.
789 5461 842 5511 ι,
877 5445 978 5512 15,
1018 5444 1104 5502 16.

475 5601 591 5744 μσς
624 5601 734 5656 Καὶ
756 5601 1159 5673 «adn-opoch.
1187 5600 1294 5658 Ista
1316 5601 1632 5658 exciderunt
1655 5600 1958 5670 interpreti.

505 5671 564 5725 tl
619 5673 997 5740 Σφαλεύτων.
1057 5673 1198 5744 Lege
1236 5671 1566 5744 σφαλέντων,
1596 5678 1652 5728 et
1671 5671 1810 5730 infra
1839 5687 1958 5742 σφα·

505 5671 591 5743 tl)
619 5671 997 5740 Σφαλεύτων.
1044 5671 1198 5744 Lege
1236 5671 1566 5744 σφαλέντων,
1596 5678 1652 5728 et
1671 5671 1810 5730 infra
1839 5687 1977 5742 σφα-

2070 4685 2247 4740 κανὼν
2275 4686 2384 4757 γάρ
2411 4685 2660 4758 πράξεως
2681 4687 2714 4757 ἡ
2738 4685 2988 4758 βούλησις
3012 4684 3105 4739 τοῦ
3127 4683 3492 4756 ἐργαζομένου
3520 4697 3656 4750 τυγο

2071 4773 2244 4843 χάνει.
2303 4775 2366 4828 Εἰ
2396 4774 2452 4828 δὲ
2475 4774 2511 4829 ά
2542 4776 2900 4847 μεμισήκασι,
2931 4774 3283 4845 πεφιλήκασι,
3309 4773 3402 4828 καὶ
3422 4773 3462 4828 ἃ
3483 4789 3650 4844 πεφι-

2071 4861 2290 4932 λήκασι,
2321 4867 2680 4934 μεμισήκασι,
2713 4866 2808 4918 καὶ
2827 4865 2888 4918 οῦ
2917 4865 3221 4936 πέπηγενὴ
3261 4863 3451 4936 γνώμη
3484 4864 3544 4918 ἐν
3569 4863 3652 4937 τῷ

2075 4952 2242 5024 μίσει,
2294 4953 2427 5008 ἀλλὰ
2481 4955 2684 5025 πτηνοῦ
2710 4956 2867 5027 δίκην
2901 4955 3118 5025 κούφως
3146 4954 3489 5027 μεθίσταται,
3515 4956 3650 5010 ὅπου

2074 5041 2166 5096 καὶ
2195 5041 2376 5096 ποθεῖ*
2414 5044 2515 5097 ποῦ
2549 5046 2582 5116 ἡ
2632 5046 2822 5116 φύσις;
2867 5049 2959 5101 Δεῖ
2985 5046 3094 5118 γὰρ
3129 5046 3227 5117 τὴν
3269 5046 3428 5116 φύσιν
3463 5045 3653 5117 μισοῦ-

2078 5145 2196 5192 σαν,
2231 5131 2318 5184 άεὶ
2347 5137 2524 5202 μισεῖν
2554 5134 2615 5187 τὸ
2653 5135 2900 5206 μισηθέν,
2932 5135 3023 5189 καὶ
3055 5135 3334 5204 φιλοῦσαν,
3365 5134 3451 5190 άεὶ
3479 5134 3652 5204 φιλεῖν

2076 5219 2137 5274 τὸ
2164 5220 2420 5292 φιληθέν·
2475 5225 2670 5297 μηκέτι
2705 5225 2773 5279 τά
2812 5225 3158 5299 μεμισημένα
3190 5228 3383 5297 φιλεῖν,
3422 5227 3555 5299 μηδὲ
3581 5225 3655 5281 τὰ

2077 5311 2426 5384 πεφιλημένα
2459 5319 2637 5386 μισεῖν
2657 5331 2672 5349 ο
2713 5317 2850 5372 ὅπου
2884 5316 2996 5387 γὰρ
3041 5317 3395 5374 ἀλλάττονται
3423 5319 3480 5372 αῖ
3512 5315 3654 5387 γνῶ-

2069 5597 2399 5728 1210
2420 5597 2740 5673 σφαλεύτες,
2765 5602 2908 5674 quod
2931 5604 3156 5664 verbum
3181 5612 3265 5664 est
3287 5603 3464 5664 nihili.
3487 5605 3647 5664 Eutr.
