  <div class='ocr_page' id='page_1' title='image "/cluster/home/n/w/nwhite01/storage/ocr_20150623/40/hvd.32044073501850/464.png"; bbox 0 0 3884 6268; ppageno 0'>
   <div class='ocr_carea' id='block_1_1' title="bbox 223 344 3506 424">
    <p class='ocr_par' dir='ltr' id='par_1_1' title="bbox 223 344 3506 424">
     <span class='ocr_line' id='line_1_1' title="bbox 223 344 3506 424; baseline -0.001 -3"><span class='ocrx_word' id='word_1_1' title='bbox 223 350 328 408; x_wconf 70' lang='grc'><strong>913</strong></span> <span class='ocrx_word' id='word_1_2' title='bbox 1146 361 1206 421; x_wconf 93' lang='lat' dir='ltr'><strong>s.</strong></span> <span class='ocrx_word' id='word_1_3' title='bbox 1253 361 1674 422; x_wconf 78' lang='lat' dir='ltr'><strong>SERAPIONIS</strong></span> <span class='ocrx_word' id='word_1_4' title='bbox 1709 361 1914 422; x_wconf 77' lang='lat' dir='ltr'><strong>uasa</strong></span> <span class='ocrx_word' id='word_1_5' title='bbox 1952 365 2116 424; x_wconf 73' lang='grc' dir='ltr'>[ιον.</span> <span class='ocrx_word' id='word_1_6' title='bbox 2155 362 2603 424; x_wconf 64' lang='lat' dir='ltr'><strong>nummos.</strong></span> <span class='ocrx_word' id='word_1_7' title='bbox 3399 344 3506 421; x_wconf 61' lang='lat' dir='ltr'><strong>at!</strong></span> 
     </span>
    </p>
   </div>
   <div class='ocr_carea' id='block_1_2' title="bbox 225 471 1822 554">
    <p class='ocr_par' dir='ltr' id='par_1_2' title="bbox 225 471 1822 554">
     <span class='ocr_line' id='line_1_2' title="bbox 225 471 1822 554; baseline 0.01 -33"><span class='ocrx_word' id='word_1_8' title='bbox 225 485 347 541; x_wconf 84' lang='grc' dir='ltr'>μαι.</span> <span class='ocrx_word' id='word_1_9' title='bbox 375 471 472 526; x_wconf 73' lang='grc' dir='ltr'>καὶ</span> <span class='ocrx_word' id='word_1_10' title='bbox 493 472 826 546; x_wconf 73' lang='grc' dir='ltr'><strong>τηλικαῦται</strong></span> <span class='ocrx_word' id='word_1_11' title='bbox 857 478 1035 547; x_wconf 79' lang='grc' dir='ltr'>φιλίαι</span> <span class='ocrx_word' id='word_1_12' title='bbox 1063 481 1323 548; x_wconf 75' lang='grc' dir='ltr'><strong>τοιαύτας</strong></span> <span class='ocrx_word' id='word_1_13' title='bbox 1353 481 1697 554; x_wconf 78' lang='grc' dir='ltr'>λαμϐάνουσι</span> <span class='ocrx_word' id='word_1_14' title='bbox 1721 480 1822 548; x_wconf 81' lang='grc' dir='ltr'>τὰς</span> 
     </span>
    </p>
   </div>
   <div class='ocr_carea' id='block_1_3' title="bbox 1911 471 3506 554">
    <p class='ocr_par' dir='ltr' id='par_1_3' title="bbox 1921 477 3506 542">
     <span class='ocr_line' id='line_1_3' title="bbox 1921 477 3506 542; baseline -0.003 -2"><span class='ocrx_word' id='word_1_15' title='bbox 1921 483 2071 540; x_wconf 88' lang='lat' dir='ltr'><strong>bere.</strong></span> <span class='ocrx_word' id='word_1_16' title='bbox 2093 482 2195 542; x_wconf 83' lang='lat' dir='ltr'><strong>Ubi</strong></span> <span class='ocrx_word' id='word_1_17' title='bbox 2213 491 2395 540; x_wconf 85' lang='lat' dir='ltr'><strong>autem</strong></span> <span class='ocrx_word' id='word_1_18' title='bbox 2412 481 2696 539; x_wconf 65' lang='lat' dir='ltr'><strong>sententiae</strong></span> <span class='ocrx_word' id='word_1_19' title='bbox 2711 488 2991 540; x_wconf 82' lang='lat' dir='ltr'><strong>mutantur</strong></span> <span class='ocrx_word' id='word_1_20' title='bbox 3002 488 3060 539; x_wconf 86' lang='lat' dir='ltr'><strong>et</strong></span> <span class='ocrx_word' id='word_1_21' title='bbox 3084 477 3506 539; x_wconf 73' lang='lat' dir='ltr'><strong>immutationes</strong></span> 
     </span>
    </p>
   </div>
   <div class='ocr_carea' id='block_1_4' title="bbox 227 563 1822 647">
    <p class='ocr_par' dir='ltr' id='par_1_4' title="bbox 227 563 1665 647">
     <span class='ocr_line' id='line_1_4' title="bbox 227 563 1665 647; baseline 0.017 -32"><span class='ocrx_word' id='word_1_22' title='bbox 227 563 550 636; x_wconf 78' lang='grc' dir='ltr'>μεταϐολάς,</span> <span class='ocrx_word' id='word_1_23' title='bbox 579 567 698 633; x_wconf 88' lang='grc' dir='ltr'><strong>πῶς</strong></span> <span class='ocrx_word' id='word_1_24' title='bbox 722 569 826 625; x_wconf 83' lang='grc' dir='ltr'><strong>οὐκ</strong></span> <span class='ocrx_word' id='word_1_25' title='bbox 851 569 919 627; x_wconf 74' lang='grc' dir='ltr'>ἂν</span> <span class='ocrx_word' id='word_1_26' title='bbox 949 572 1034 646; x_wconf 78' lang='grc' dir='ltr'><strong>ιῐη</strong></span> <span class='ocrx_word' id='word_1_27' title='bbox 1065 573 1273 645; x_wconf 74' lang='grc' dir='ltr'>ἅμιλλα</span> <span class='ocrx_word' id='word_1_28' title='bbox 1297 574 1358 628; x_wconf 81' lang='grc' dir='ltr'>τὸ</span> <span class='ocrx_word' id='word_1_29' title='bbox 1389 575 1665 647; x_wconf 69' lang='grc' dir='ltr'>πράγμαί</span> 
     </span>
    </p>
   </div>
   <div class='ocr_carea' id='block_1_5' title="bbox 1911 563 3508 647">
    <p class='ocr_par' dir='ltr' id='par_1_5' title="bbox 1911 567 3508 645">
     <span class='ocr_line' id='line_1_5' title="bbox 1911 567 3508 645; baseline -0.003 -17"><span class='ocrx_word' id='word_1_30' title='bbox 1911 572 2136 643; x_wconf 85' lang='lat' dir='ltr'><strong>capiunt</strong></span> <span class='ocrx_word' id='word_1_31' title='bbox 2163 572 2444 639; x_wconf 69' lang='lat' dir='ltr'><strong>amicitiae,</strong></span> <span class='ocrx_word' id='word_1_32' title='bbox 2461 572 2589 642; x_wconf 84' lang='lat' dir='ltr'><strong>quid</strong></span> <span class='ocrx_word' id='word_1_33' title='bbox 2606 571 2753 629; x_wconf 89' lang='lat' dir='ltr'><strong>aliud</strong></span> <span class='ocrx_word' id='word_1_34' title='bbox 2781 585 2872 630; x_wconf 86' lang='lat' dir='ltr'><strong>res</strong></span> <span class='ocrx_word' id='word_1_35' title='bbox 2896 580 2981 631; x_wconf 88' lang='lat' dir='ltr'><strong>est</strong></span> <span class='ocrx_word' id='word_1_36' title='bbox 3005 585 3169 645; x_wconf 85' lang='lat' dir='ltr'><strong>quam</strong></span> <span class='ocrx_word' id='word_1_37' title='bbox 3189 567 3508 628; x_wconf 69' lang='lat' dir='ltr'><strong>certamen?</strong></span> 
     </span>
    </p>
   </div>
   <div class='ocr_carea' id='block_1_6' title="bbox 1023 663 2702 734">
    <p class='ocr_par' dir='ltr' id='par_1_6' title="bbox 1023 663 2702 734">
     <span class='ocr_line' id='line_1_6' title="bbox 1023 663 2702 734; baseline 0.001 -14"><span class='ocrx_word' id='word_1_38' title='bbox 1023 663 1158 720; x_wconf 72' lang='lat' dir='ltr'><strong>Car.</strong></span> <span class='ocrx_word' id='word_1_39' title='bbox 1183 663 1326 721; x_wconf 78' lang='lat' dir='ltr'><strong>XVI.</strong></span> <span class='ocrx_word' id='word_1_40' title='bbox 1354 663 1667 722; x_wconf 70' lang='lat' dir='ltr'><strong>Substantia</strong></span> <span class='ocrx_word' id='word_1_41' title='bbox 1693 663 1879 720; x_wconf 83' lang='lat' dir='ltr'><strong>eadem</strong></span> <span class='ocrx_word' id='word_1_42' title='bbox 1904 674 2026 720; x_wconf 77' lang='lat' dir='ltr'><strong>ante</strong></span> <span class='ocrx_word' id='word_1_43' title='bbox 2061 673 2116 720; x_wconf 86' lang='lat' dir='ltr'><strong>et</strong></span> <span class='ocrx_word' id='word_1_44' title='bbox 2147 673 2264 734; x_wconf 79' lang='lat' dir='ltr'><strong>post</strong></span> <span class='ocrx_word' id='word_1_45' title='bbox 2294 664 2702 722; x_wconf 76' lang='lat' dir='ltr'><strong>conveniam.</strong></span> 
     </span>
    </p>
   </div>
   <div class='ocr_carea' id='block_1_7' title="bbox 186 751 1822 832">
    <p class='ocr_par' dir='ltr' id='par_1_7' title="bbox 186 751 1818 832">
     <span class='ocr_line' id='line_1_7' title="bbox 186 751 1818 832; baseline 0.004 -27"><span class='ocrx_word' id='word_1_46' title='bbox 186 765 189 768; x_wconf 82' lang='lat'>&#39;</span> <span class='ocrx_word' id='word_1_47' title='bbox 303 751 582 825; x_wconf 81' lang='grc' dir='ltr'>Ἐμισεῖτό</span> <span class='ocrx_word' id='word_1_48' title='bbox 632 773 764 812; x_wconf 88' lang='grc' dir='ltr'>ποτε</span> <span class='ocrx_word' id='word_1_49' title='bbox 815 759 846 813; x_wconf 99' lang='lat'><strong>6</strong></span> <span class='ocrx_word' id='word_1_50' title='bbox 883 759 1094 832; x_wconf 79' lang='grc' dir='ltr'>Ἰησοῦς</span> <span class='ocrx_word' id='word_1_51' title='bbox 1145 761 1253 816; x_wconf 82' lang='grc' dir='ltr'><strong>ὐπὸ</strong></span> <span class='ocrx_word' id='word_1_52' title='bbox 1302 760 1400 816; x_wconf 83' lang='grc' dir='ltr'>τοῦ</span> <span class='ocrx_word' id='word_1_53' title='bbox 1433 759 1674 824; x_wconf 85' lang='grc' dir='ltr'>Παύλου,</span> <span class='ocrx_word' id='word_1_54' title='bbox 1722 761 1818 814; x_wconf 59' lang='grc' dir='ltr'><strong>καλ⁸</strong></span> 
     </span>
    </p>
   </div>
   <div class='ocr_carea' id='block_1_8' title="bbox 1911 751 3505 832">
    <p class='ocr_par' dir='ltr' id='par_1_8' title="bbox 1995 755 3505 832">
     <span class='ocr_line' id='line_1_8' title="bbox 1995 755 3505 832; baseline -0.003 -16"><span class='ocrx_word' id='word_1_55' title='bbox 1995 759 2312 817; x_wconf 81' lang='lat' dir='ltr'><strong>Habebatur</strong></span> <span class='ocrx_word' id='word_1_56' title='bbox 2363 760 2654 832; x_wconf 80' lang='lat' dir='ltr'><strong>aliquando</strong></span> <span class='ocrx_word' id='word_1_57' title='bbox 2681 757 2842 817; x_wconf 84' lang='lat' dir='ltr'><strong>Jesus</strong></span> <span class='ocrx_word' id='word_1_58' title='bbox 2868 755 2992 816; x_wconf 81' lang='lat' dir='ltr'><strong>odio</strong></span> <span class='ocrx_word' id='word_1_59' title='bbox 3027 773 3056 816; x_wconf 83' lang='lat' dir='ltr'><strong>a</strong></span> <span class='ocrx_word' id='word_1_60' title='bbox 3085 756 3276 824; x_wconf 83' lang='lat' dir='ltr'><strong>Paulo,</strong></span> <span class='ocrx_word' id='word_1_61' title='bbox 3303 763 3360 813; x_wconf 88' lang='lat' dir='ltr'><strong>et</strong></span> <span class='ocrx_word' id='word_1_62' title='bbox 3390 768 3505 812; x_wconf 82' lang='lat' dir='ltr'><strong>ma-</strong></span> 
     </span>
    </p>
   </div>
   <div class='ocr_carea' id='block_1_9' title="bbox 226 841 1822 924">
    <p class='ocr_par' dir='ltr' id='par_1_9' title="bbox 226 841 1816 924">
     <span class='ocr_line' id='line_1_9' title="bbox 226 841 1816 924; baseline 0.006 -27"><span class='ocrx_word' id='word_1_63' title='bbox 226 841 366 899; x_wconf 75' lang='grc' dir='ltr'>πάνυ</span> <span class='ocrx_word' id='word_1_64' title='bbox 409 846 707 919; x_wconf 75' lang='grc' dir='ltr'>πεφίληται</span> <span class='ocrx_word' id='word_1_65' title='bbox 768 849 874 904; x_wconf 81' lang='grc' dir='ltr'><strong>ὑπὸ</strong></span> <span class='ocrx_word' id='word_1_66' title='bbox 924 850 1022 905; x_wconf 84' lang='grc' dir='ltr'>τοῦ</span> <span class='ocrx_word' id='word_1_67' title='bbox 1083 853 1452 924; x_wconf 78' lang='grc' dir='ltr'><strong>μεμισηκότος</strong></span> <span class='ocrx_word' id='word_1_68' title='bbox 1475 867 1490 884; x_wconf 93' lang='grc'><strong>·</strong></span> <span class='ocrx_word' id='word_1_69' title='bbox 1519 852 1754 921; x_wconf 77' lang='grc' dir='ltr'><strong>ἐφιλεῖτο</strong></span> <span class='ocrx_word' id='word_1_70' title='bbox 1780 849 1816 922; x_wconf 75' lang='grc' dir='ltr'><strong>ἠ</strong></span> 
     </span>
    </p>
   </div>
   <div class='ocr_carea' id='block_1_10' title="bbox 1911 841 3504 924">
    <p class='ocr_par' dir='ltr' id='par_1_10' title="bbox 1919 846 3504 923">
     <span class='ocr_line' id='line_1_10' title="bbox 1919 846 3504 923; baseline -0.005 -15"><span class='ocrx_word' id='word_1_71' title='bbox 1919 867 2158 923; x_wconf 86' lang='lat' dir='ltr'><strong>gnopere</strong></span> <span class='ocrx_word' id='word_1_72' title='bbox 2183 861 2398 909; x_wconf 85' lang='lat' dir='ltr'><strong>amatus</strong></span> <span class='ocrx_word' id='word_1_73' title='bbox 2427 861 2508 908; x_wconf 88' lang='lat' dir='ltr'><strong>est</strong></span> <span class='ocrx_word' id='word_1_74' title='bbox 2536 853 2606 908; x_wconf 89' lang='lat' dir='ltr'><strong>ab</strong></span> <span class='ocrx_word' id='word_1_75' title='bbox 2631 863 2700 909; x_wconf 89' lang='lat' dir='ltr'><strong>eo</strong></span> <span class='ocrx_word' id='word_1_76' title='bbox 2727 853 2818 922; x_wconf 86' lang='lat' dir='ltr'><strong>qui</strong></span> <span class='ocrx_word' id='word_1_77' title='bbox 2851 852 3064 908; x_wconf 87' lang='lat' dir='ltr'><strong>oderat.</strong></span> <span class='ocrx_word' id='word_1_78' title='bbox 3094 850 3394 906; x_wconf 81' lang='lat' dir='ltr'><strong>Amabatur</strong></span> <span class='ocrx_word' id='word_1_79' title='bbox 3423 846 3504 901; x_wconf 83' lang='lat' dir='ltr'><strong>la-</strong></span> 
     </span>
    </p>
   </div>
   <div class='ocr_carea' id='block_1_11' title="bbox 221 929 1822 1015">
    <p class='ocr_par' dir='ltr' id='par_1_11' title="bbox 221 929 1818 1015">
     <span class='ocr_line' id='line_1_11' title="bbox 221 929 1818 1015; baseline 0.005 -29"><span class='ocrx_word' id='word_1_80' title='bbox 221 929 448 1006; x_wconf 75' lang='grc' dir='ltr'>λῃστεία</span> <span class='ocrx_word' id='word_1_81' title='bbox 505 933 612 991; x_wconf 79' lang='grc' dir='ltr'>ὐπὸ</span> <span class='ocrx_word' id='word_1_82' title='bbox 632 937 727 992; x_wconf 80' lang='grc' dir='ltr'><strong>τού</strong></span> <span class='ocrx_word' id='word_1_83' title='bbox 770 940 992 1014; x_wconf 76' lang='grc' dir='ltr'>λῃστοῦ,</span> <span class='ocrx_word' id='word_1_84' title='bbox 1018 943 1111 996; x_wconf 82' lang='grc' dir='ltr'>καὶ</span> <span class='ocrx_word' id='word_1_85' title='bbox 1140 944 1382 1014; x_wconf 73' lang='grc' dir='ltr'><strong>ἐμισεῖτο</strong></span> <span class='ocrx_word' id='word_1_86' title='bbox 1411 945 1445 1015; x_wconf 78' lang='grc' dir='ltr'><strong>ὴ</strong></span> <span class='ocrx_word' id='word_1_87' title='bbox 1483 943 1651 1015; x_wconf 81' lang='grc' dir='ltr'>ἀρετή</span> <span class='ocrx_word' id='word_1_88' title='bbox 1673 959 1688 974; x_wconf 98' lang='grc'><strong>·</strong></span> <span class='ocrx_word' id='word_1_89' title='bbox 1721 941 1818 996; x_wconf 77' lang='grc' dir='ltr'>καὶ</span> 
     </span>
    </p>
   </div>
   <div class='ocr_carea' id='block_1_12' title="bbox 1911 929 3500 1015">
    <p class='ocr_par' dir='ltr' id='par_1_12' title="bbox 1918 941 3500 1006">
     <span class='ocr_line' id='line_1_12' title="bbox 1918 941 3500 1006; baseline -0.005 -8"><span class='ocrx_word' id='word_1_90' title='bbox 1918 943 2210 998; x_wconf 88' lang='lat' dir='ltr'><strong>trocinlum</strong></span> <span class='ocrx_word' id='word_1_91' title='bbox 2263 957 2294 996; x_wconf 89' lang='lat' dir='ltr'><strong>a</strong></span> <span class='ocrx_word' id='word_1_92' title='bbox 2321 941 2550 1006; x_wconf 84' lang='lat' dir='ltr'><strong>latrone,</strong></span> <span class='ocrx_word' id='word_1_93' title='bbox 2582 951 2638 998; x_wconf 91' lang='lat' dir='ltr'><strong>et</strong></span> <span class='ocrx_word' id='word_1_94' title='bbox 2682 941 2808 997; x_wconf 91' lang='lat' dir='ltr'><strong>odio</strong></span> <span class='ocrx_word' id='word_1_95' title='bbox 2829 951 2946 997; x_wconf 88' lang='lat' dir='ltr'><strong>erat</strong></span> <span class='ocrx_word' id='word_1_96' title='bbox 2977 941 3180 1005; x_wconf 75' lang='lat' dir='ltr'><strong>virtus;</strong></span> <span class='ocrx_word' id='word_1_97' title='bbox 3220 948 3268 992; x_wconf 91' lang='lat' dir='ltr'><strong>et</strong></span> <span class='ocrx_word' id='word_1_98' title='bbox 3295 945 3500 993; x_wconf 78' lang='lat' dir='ltr'><strong>tantam</strong></span> 
     </span>
    </p>
   </div>
   <div class='ocr_carea' id='block_1_13' title="bbox 219 1023 1822 1104">
    <p class='ocr_par' dir='ltr' id='par_1_13' title="bbox 219 1023 1815 1104">
     <span class='ocr_line' id='line_1_13' title="bbox 219 1023 1815 1104; baseline 0.005 -28"><span class='ocrx_word' id='word_1_99' title='bbox 219 1023 478 1080; x_wconf 81' lang='grc' dir='ltr'>τοσοῦτον</span> <span class='ocrx_word' id='word_1_100' title='bbox 527 1029 789 1102; x_wconf 78' lang='grc' dir='ltr'>μετετέθη</span> <span class='ocrx_word' id='word_1_101' title='bbox 844 1032 878 1102; x_wconf 79' lang='grc' dir='ltr'><strong>ἡ</strong></span> <span class='ocrx_word' id='word_1_102' title='bbox 931 1031 1162 1097; x_wconf 91' lang='grc' dir='ltr'>διάνοια,</span> <span class='ocrx_word' id='word_1_103' title='bbox 1214 1033 1290 1098; x_wconf 82' lang='grc' dir='ltr'>ὡς</span> <span class='ocrx_word' id='word_1_104' title='bbox 1333 1033 1703 1104; x_wconf 75' lang='grc' dir='ltr'>ύπερφιλῆσαι</span> <span class='ocrx_word' id='word_1_105' title='bbox 1753 1030 1815 1084; x_wconf 84' lang='grc' dir='ltr'>τὸ</span> 
     </span>
    </p>
   </div>
   <div class='ocr_carea' id='block_1_14' title="bbox 1911 1023 3499 1104">
    <p class='ocr_par' dir='ltr' id='par_1_14' title="bbox 1920 1030 3499 1103">
     <span class='ocr_line' id='line_1_14' title="bbox 1920 1030 3499 1103; baseline -0.004 -15"><span class='ocrx_word' id='word_1_106' title='bbox 1920 1034 2272 1090; x_wconf 87' lang='lat' dir='ltr'><strong>mutationem</strong></span> <span class='ocrx_word' id='word_1_107' title='bbox 2305 1049 2457 1089; x_wconf 85' lang='lat' dir='ltr'><strong>mens</strong></span> <span class='ocrx_word' id='word_1_108' title='bbox 2487 1033 2650 1103; x_wconf 89' lang='lat' dir='ltr'><strong>cepit,</strong></span> <span class='ocrx_word' id='word_1_109' title='bbox 2681 1043 2739 1087; x_wconf 92' lang='lat' dir='ltr'><strong>ut</strong></span> <span class='ocrx_word' id='word_1_110' title='bbox 2776 1032 2919 1103; x_wconf 88' lang='lat' dir='ltr'><strong>quod</strong></span> <span class='ocrx_word' id='word_1_111' title='bbox 2949 1031 3105 1086; x_wconf 89' lang='lat' dir='ltr'><strong>valde</strong></span> <span class='ocrx_word' id='word_1_112' title='bbox 3135 1030 3344 1093; x_wconf 84' lang='lat' dir='ltr'><strong>oderat,</strong></span> <span class='ocrx_word' id='word_1_113' title='bbox 3380 1041 3499 1082; x_wconf 87' lang='lat' dir='ltr'><strong>ma-</strong></span> 
     </span>
    </p>
   </div>
   <div class='ocr_carea' id='block_1_15' title="bbox 218 1115 1816 1199">
    <p class='ocr_par' dir='ltr' id='par_1_15' title="bbox 218 1115 1816 1199">
     <span class='ocr_line' id='line_1_15' title="bbox 218 1115 1816 1199; baseline 0.008 -31"><span class='ocrx_word' id='word_1_114' title='bbox 218 1115 366 1169; x_wconf 83' lang='grc' dir='ltr'>πάνυ</span> <span class='ocrx_word' id='word_1_115' title='bbox 406 1122 814 1192; x_wconf 84' lang='grc' dir='ltr'>μεμισημένον·</span> <span class='ocrx_word' id='word_1_116' title='bbox 869 1124 1029 1179; x_wconf 80' lang='grc' dir='ltr'>τοῦτο</span> <span class='ocrx_word' id='word_1_117' title='bbox 1050 1125 1160 1196; x_wconf 86' lang='grc' dir='ltr'><strong>γὰρ</strong></span> <span class='ocrx_word' id='word_1_118' title='bbox 1193 1125 1322 1180; x_wconf 77' lang='grc' dir='ltr'>ἴδιόν</span> <span class='ocrx_word' id='word_1_119' title='bbox 1351 1127 1467 1181; x_wconf 84' lang='grc' dir='ltr'>ὲστι</span> <span class='ocrx_word' id='word_1_120' title='bbox 1500 1125 1594 1180; x_wconf 82' lang='grc' dir='ltr'>τοῦ</span> <span class='ocrx_word' id='word_1_121' title='bbox 1623 1127 1816 1199; x_wconf 86' lang='grc' dir='ltr'>εὐαρέ-</span> 
     </span>
    </p>
   </div>
   <div class='ocr_carea' id='block_1_16' title="bbox 216 1211 1810 1293">
    <p class='ocr_par' dir='ltr' id='par_1_16' title="bbox 216 1211 1810 1293">
     <span class='ocr_line' id='line_1_16' title="bbox 216 1211 1810 1293; baseline 0.01 -33"><span class='ocrx_word' id='word_1_122' title='bbox 216 1225 340 1273; x_wconf 90' lang='grc' dir='ltr'>του,</span> <span class='ocrx_word' id='word_1_123' title='bbox 370 1211 595 1283; x_wconf 82' lang='grc' dir='ltr'>φιλῆσαι</span> <span class='ocrx_word' id='word_1_124' title='bbox 630 1215 730 1285; x_wconf 89' lang='grc' dir='ltr'>μὲν</span> <span class='ocrx_word' id='word_1_125' title='bbox 762 1215 826 1270; x_wconf 81' lang='grc' dir='ltr'>τὸ</span> <span class='ocrx_word' id='word_1_126' title='bbox 848 1219 1102 1290; x_wconf 85' lang='grc' dir='ltr'>μισηθὲν,</span> <span class='ocrx_word' id='word_1_127' title='bbox 1147 1223 1376 1290; x_wconf 76' lang='grc' dir='ltr'>μισῆσαι</span> <span class='ocrx_word' id='word_1_128' title='bbox 1397 1219 1454 1274; x_wconf 75' lang='grc' dir='ltr'>δὲ</span> <span class='ocrx_word' id='word_1_129' title='bbox 1480 1220 1542 1274; x_wconf 85' lang='grc' dir='ltr'><strong>τδ</strong></span> <span class='ocrx_word' id='word_1_130' title='bbox 1565 1219 1810 1293; x_wconf 81' lang='grc' dir='ltr'>φιληθέν.</span> 
     </span>
    </p>
   </div>
   <div class='ocr_carea' id='block_1_17' title="bbox 218 1300 1814 1385">
    <p class='ocr_par' dir='ltr' id='par_1_17' title="bbox 218 1300 1814 1385">
     <span class='ocr_line' id='line_1_17' title="bbox 218 1300 1814 1385; baseline 0.009 -32"><span class='ocrx_word' id='word_1_131' title='bbox 218 1300 416 1357; x_wconf 78' lang='grc' dir='ltr'>Πολλοὶ</span> <span class='ocrx_word' id='word_1_132' title='bbox 448 1304 558 1358; x_wconf 88' lang='grc' dir='ltr'>νέοι</span> <span class='ocrx_word' id='word_1_133' title='bbox 578 1306 730 1372; x_wconf 73' lang='grc' dir='ltr'>ὄντες</span> <span class='ocrx_word' id='word_1_134' title='bbox 748 1311 1084 1384; x_wconf 79' lang='grc' dir='ltr'>πεφιλήκασι</span> <span class='ocrx_word' id='word_1_135' title='bbox 1114 1311 1183 1365; x_wconf 83' lang='grc' dir='ltr'><strong>τὰ</strong></span> <span class='ocrx_word' id='word_1_136' title='bbox 1203 1312 1428 1383; x_wconf 78' lang='grc' dir='ltr'>αἰσχρά,</span> <span class='ocrx_word' id='word_1_137' title='bbox 1461 1312 1556 1366; x_wconf 79' lang='grc' dir='ltr'>καὶ</span> <span class='ocrx_word' id='word_1_138' title='bbox 1578 1315 1814 1385; x_wconf 81' lang='grc' dir='ltr'>μεμισή-</span> 
     </span>
    </p>
   </div>
   <div class='ocr_carea' id='block_1_18' title="bbox 217 1393 1814 1472">
    <p class='ocr_par' dir='ltr' id='par_1_18' title="bbox 217 1393 1814 1472">
     <span class='ocr_line' id='line_1_18' title="bbox 217 1393 1814 1472; baseline 0.006 -26"><span class='ocrx_word' id='word_1_139' title='bbox 217 1408 353 1446; x_wconf 83' lang='grc' dir='ltr'>κασι</span> <span class='ocrx_word' id='word_1_140' title='bbox 378 1393 448 1448; x_wconf 81' lang='grc' dir='ltr'><strong>τά</strong></span> <span class='ocrx_word' id='word_1_141' title='bbox 481 1397 687 1468; x_wconf 84' lang='grc' dir='ltr'>σεμνά·</span> <span class='ocrx_word' id='word_1_142' title='bbox 751 1400 849 1454; x_wconf 72' lang='grc' dir='ltr'>καὶ</span> <span class='ocrx_word' id='word_1_143' title='bbox 897 1403 1140 1472; x_wconf 81' lang='grc' dir='ltr'>σήμερον</span> <span class='ocrx_word' id='word_1_144' title='bbox 1198 1404 1257 1456; x_wconf 80' lang='grc' dir='ltr'>ὲν</span> <span class='ocrx_word' id='word_1_145' title='bbox 1290 1400 1491 1470; x_wconf 83' lang='grc' dir='ltr'>γνώσει</span> <span class='ocrx_word' id='word_1_146' title='bbox 1525 1403 1814 1471; x_wconf 83' lang='grc' dir='ltr'>γεγονότες</span> 
     </span>
    </p>
   </div>
   <div class='ocr_carea' id='block_1_19' title="bbox 213 1483 1812 1563">
    <p class='ocr_par' dir='ltr' id='par_1_19' title="bbox 213 1483 1812 1563">
     <span class='ocr_line' id='line_1_19' title="bbox 213 1483 1812 1563; baseline 0.006 -25"><span class='ocrx_word' id='word_1_147' title='bbox 213 1483 630 1558; x_wconf 73' lang='grc' dir='ltr'>διακέκρινται·</span> <span class='ocrx_word' id='word_1_148' title='bbox 689 1489 780 1545; x_wconf 83' lang='grc' dir='ltr'><strong>διὰ</strong></span> <span class='ocrx_word' id='word_1_149' title='bbox 810 1491 970 1546; x_wconf 82' lang='grc' dir='ltr'>τοῦτο</span> <span class='ocrx_word' id='word_1_150' title='bbox 1009 1494 1132 1548; x_wconf 73' lang='grc' dir='ltr'>οὐδὲ</span> <span class='ocrx_word' id='word_1_151' title='bbox 1194 1493 1686 1563; x_wconf 77' lang='grc' dir='ltr'>ὲπιγινώσκονται·</span> <span class='ocrx_word' id='word_1_152' title='bbox 1723 1495 1812 1549; x_wconf 82' lang='grc' dir='ltr'>διὰ</span> 
     </span>
    </p>
   </div>
   <div class='ocr_carea' id='block_1_20' title="bbox 213 1577 1811 1658">
    <p class='ocr_par' dir='ltr' id='par_1_20' title="bbox 213 1577 1811 1658">
     <span class='ocr_line' id='line_1_20' title="bbox 213 1577 1811 1658; baseline 0.006 -27"><span class='ocrx_word' id='word_1_153' title='bbox 213 1577 381 1633; x_wconf 78' lang='grc' dir='ltr'>τοῦτο</span> <span class='ocrx_word' id='word_1_154' title='bbox 407 1581 745 1650; x_wconf 80' lang='grc' dir='ltr'>ἠγωνίσαντο</span> <span class='ocrx_word' id='word_1_155' title='bbox 767 1585 980 1650; x_wconf 77' lang='grc' dir='ltr'>ἑαυτοῖς</span> <span class='ocrx_word' id='word_1_156' title='bbox 998 1603 1012 1616; x_wconf 92' lang='grc'><strong>·</strong></span> <span class='ocrx_word' id='word_1_157' title='bbox 1047 1586 1137 1640; x_wconf 79' lang='grc' dir='ltr'>διὰ</span> <span class='ocrx_word' id='word_1_158' title='bbox 1164 1585 1323 1640; x_wconf 83' lang='grc' dir='ltr'>τοῦτο</span> <span class='ocrx_word' id='word_1_159' title='bbox 1355 1587 1476 1642; x_wconf 77' lang='grc' dir='ltr'>οὐδὲ</span> <span class='ocrx_word' id='word_1_160' title='bbox 1504 1587 1689 1642; x_wconf 74' lang='grc' dir='ltr'>εἰκόνα</span> <span class='ocrx_word' id='word_1_161' title='bbox 1712 1587 1811 1658; x_wconf 81' lang='grc' dir='ltr'>τὴν</span> 
     </span>
    </p>
   </div>
   <div class='ocr_carea' id='block_1_21' title="bbox 214 1667 1812 1748">
    <p class='ocr_par' dir='ltr' id='par_1_21' title="bbox 214 1667 1812 1748">
     <span class='ocr_line' id='line_1_21' title="bbox 214 1667 1812 1748; baseline 0.006 -27"><span class='ocrx_word' id='word_1_162' title='bbox 214 1667 462 1724; x_wconf 78' lang='grc' dir='ltr'>παλαιὰν</span> <span class='ocrx_word' id='word_1_163' title='bbox 524 1671 901 1742; x_wconf 74' lang='grc' dir='ltr'>λαμϐάνουσι·</span> <span class='ocrx_word' id='word_1_164' title='bbox 959 1675 1138 1731; x_wconf 81' lang='grc' dir='ltr'>καίτοι</span> <span class='ocrx_word' id='word_1_165' title='bbox 1185 1673 1465 1748; x_wconf 81' lang='grc' dir='ltr'>ἄνθρωποι</span> <span class='ocrx_word' id='word_1_166' title='bbox 1516 1677 1612 1731; x_wconf 75' lang='grc' dir='ltr'>καὶ</span> <span class='ocrx_word' id='word_1_167' title='bbox 1657 1677 1812 1732; x_wconf 89' lang='grc' dir='ltr'>αὐτοί</span> 
     </span>
    </p>
   </div>
   <div class='ocr_carea' id='block_1_22' title="bbox 213 1761 1810 1842">
    <p class='ocr_par' dir='ltr' id='par_1_22' title="bbox 213 1761 1810 1842">
     <span class='ocr_line' id='line_1_22' title="bbox 213 1761 1810 1842; baseline 0.008 -29"><span class='ocrx_word' id='word_1_168' title='bbox 213 1761 381 1815; x_wconf 75' lang='lat' dir='ltr'><strong>slew.</strong></span> <span class='ocrx_word' id='word_1_169' title='bbox 436 1761 516 1818; x_wconf 91' lang='grc' dir='ltr'>Ού</span> <span class='ocrx_word' id='word_1_170' title='bbox 549 1765 644 1819; x_wconf 81' lang='grc' dir='ltr'>τοῦ</span> <span class='ocrx_word' id='word_1_171' title='bbox 687 1761 828 1822; x_wconf 76' lang='grc' dir='ltr'>εῖναι</span> <span class='ocrx_word' id='word_1_172' title='bbox 857 1767 1135 1839; x_wconf 76' lang='grc' dir='ltr'>ἄνθρωποι</span> <span class='ocrx_word' id='word_1_173' title='bbox 1175 1768 1511 1824; x_wconf 76' lang='grc' dir='ltr'>ἐπαύσαντο·</span> <span class='ocrx_word' id='word_1_174' title='bbox 1543 1770 1810 1842; x_wconf 79' lang='grc' dir='ltr'>μενούσης</span> 
     </span>
    </p>
   </div>
   <div class='ocr_carea' id='block_1_23' title="bbox 211 1852 1809 1934">
    <p class='ocr_par' dir='ltr' id='par_1_23' title="bbox 211 1852 1809 1934">
     <span class='ocr_line' id='line_1_23' title="bbox 211 1852 1809 1934; baseline 0.006 -28"><span class='ocrx_word' id='word_1_175' title='bbox 211 1852 322 1924; x_wconf 82' lang='grc' dir='ltr'><strong>τῆς</strong></span> <span class='ocrx_word' id='word_1_176' title='bbox 348 1853 562 1920; x_wconf 86' lang='grc' dir='ltr'>οὐσίας,</span> <span class='ocrx_word' id='word_1_177' title='bbox 615 1858 676 1911; x_wconf 85' lang='grc' dir='ltr'><strong>οὐ</strong></span> <span class='ocrx_word' id='word_1_178' title='bbox 714 1859 966 1930; x_wconf 82' lang='grc' dir='ltr'>μένουσιν</span> <span class='ocrx_word' id='word_1_179' title='bbox 994 1862 1042 1914; x_wconf 80' lang='lat' dir='ltr'><strong>oi</strong></span> <span class='ocrx_word' id='word_1_180' title='bbox 1079 1861 1292 1934; x_wconf 83' lang='grc' dir='ltr'>τρόποι.</span> <span class='ocrx_word' id='word_1_181' title='bbox 1328 1861 1394 1914; x_wconf 80' lang='grc' dir='ltr'>Δί</span> <span class='ocrx_word' id='word_1_182' title='bbox 1422 1862 1684 1916; x_wconf 88' lang='grc' dir='ltr'>οὐσίαιού</span> <span class='ocrx_word' id='word_1_183' title='bbox 1714 1861 1809 1916; x_wconf 75' lang='grc' dir='ltr'>λε-</span> 
     </span>
    </p>
   </div>
   <div class='ocr_carea' id='block_1_24' title="bbox 211 1943 1811 2026">
    <p class='ocr_par' dir='ltr' id='par_1_24' title="bbox 211 1943 1811 2026">
     <span class='ocr_line' id='line_1_24' title="bbox 211 1943 1811 2026; baseline 0.007 -28"><span class='ocrx_word' id='word_1_184' title='bbox 211 1943 427 2010; x_wconf 82' lang='grc' dir='ltr'>λυνται,</span> <span class='ocrx_word' id='word_1_185' title='bbox 457 1947 507 2000; x_wconf 82' lang='grc' dir='ltr'><strong>οι</strong></span> <span class='ocrx_word' id='word_1_186' title='bbox 555 1948 614 2002; x_wconf 74' lang='grc' dir='ltr'>δὲ</span> <span class='ocrx_word' id='word_1_187' title='bbox 642 1950 834 2021; x_wconf 80' lang='grc' dir='ltr'>τρόποι</span> <span class='ocrx_word' id='word_1_188' title='bbox 876 1950 1295 2007; x_wconf 76' lang='grc' dir='ltr'>καταλέλυνται·</span> <span class='ocrx_word' id='word_1_189' title='bbox 1326 1953 1458 2024; x_wconf 74' lang='grc' dir='ltr'>ἔστη</span> <span class='ocrx_word' id='word_1_190' title='bbox 1497 1953 1596 2025; x_wconf 78' lang='grc' dir='ltr'>μὲν</span> <span class='ocrx_word' id='word_1_191' title='bbox 1628 1954 1662 2026; x_wconf 76' lang='grc' dir='ltr'><strong>η</strong></span> <span class='ocrx_word' id='word_1_192' title='bbox 1688 1953 1811 2009; x_wconf 77' lang='grc' dir='ltr'>ἑκά-</span> 
     </span>
    </p>
   </div>
   <div class='ocr_carea' id='block_1_25' title="bbox 1916 1119 3500 1196">
    <p class='ocr_par' dir='ltr' id='par_1_25' title="bbox 1916 1119 3500 1196">
     <span class='ocr_line' id='line_1_25' title="bbox 1916 1119 3500 1196; baseline -0.001 -18"><span class='ocrx_word' id='word_1_193' title='bbox 1916 1140 2155 1195; x_wconf 89' lang='lat' dir='ltr'><strong>guopere</strong></span> <span class='ocrx_word' id='word_1_194' title='bbox 2213 1137 2443 1181; x_wconf 88' lang='lat' dir='ltr'><strong>amaret.</strong></span> <span class='ocrx_word' id='word_1_195' title='bbox 2507 1125 2618 1182; x_wconf 86' lang='lat' dir='ltr'><strong>Hoc</strong></span> <span class='ocrx_word' id='word_1_196' title='bbox 2645 1125 2791 1181; x_wconf 88' lang='lat' dir='ltr'><strong>enim</strong></span> <span class='ocrx_word' id='word_1_197' title='bbox 2821 1125 3095 1196; x_wconf 88' lang='lat' dir='ltr'><strong>proprium</strong></span> <span class='ocrx_word' id='word_1_198' title='bbox 3126 1131 3212 1179; x_wconf 88' lang='lat' dir='ltr'><strong>est</strong></span> <span class='ocrx_word' id='word_1_199' title='bbox 3259 1121 3379 1191; x_wconf 85' lang='lat' dir='ltr'><strong>ejus</strong></span> <span class='ocrx_word' id='word_1_200' title='bbox 3406 1119 3500 1192; x_wconf 93' lang='lat' dir='ltr'><strong>qui</strong></span> 
     </span>
    </p>
   </div>
   <div class='ocr_carea' id='block_1_26' title="bbox 1916 1212 3500 1286">
    <p class='ocr_par' dir='ltr' id='par_1_26' title="bbox 1916 1212 3500 1286">
     <span class='ocr_line' id='line_1_26' title="bbox 1916 1212 3500 1286; baseline -0.002 -15"><span class='ocrx_word' id='word_1_201' title='bbox 1916 1217 2100 1272; x_wconf 80' lang='lat' dir='ltr'><strong>studio</strong></span> <span class='ocrx_word' id='word_1_202' title='bbox 2135 1217 2352 1272; x_wconf 78' lang='lat' dir='ltr'><strong>virtutis</strong></span> <span class='ocrx_word' id='word_1_203' title='bbox 2404 1227 2638 1282; x_wconf 90' lang='lat' dir='ltr'><strong>tenetur,</strong></span> <span class='ocrx_word' id='word_1_204' title='bbox 2694 1231 2878 1271; x_wconf 85' lang='lat' dir='ltr'><strong>amare</strong></span> <span class='ocrx_word' id='word_1_205' title='bbox 2931 1216 3149 1286; x_wconf 78' lang='lat' dir='ltr'><strong>quidem</strong></span> <span class='ocrx_word' id='word_1_206' title='bbox 3188 1213 3332 1284; x_wconf 85' lang='lat' dir='ltr'><strong>quod</strong></span> <span class='ocrx_word' id='word_1_207' title='bbox 3372 1212 3500 1269; x_wconf 86' lang='lat' dir='ltr'><strong>odio</strong></span> 
     </span>
    </p>
   </div>
   <div class='ocr_carea' id='block_1_27' title="bbox 1913 1306 3500 1378">
    <p class='ocr_par' dir='ltr' id='par_1_27' title="bbox 1913 1306 3500 1378">
     <span class='ocr_line' id='line_1_27' title="bbox 1913 1306 3500 1378; baseline -0.003 -16"><span class='ocrx_word' id='word_1_208' title='bbox 1913 1317 2232 1378; x_wconf 88' lang='lat' dir='ltr'><strong>prosecutus</strong></span> <span class='ocrx_word' id='word_1_209' title='bbox 2288 1309 2486 1373; x_wconf 73' lang='lat' dir='ltr'><strong>fuerat,</strong></span> <span class='ocrx_word' id='word_1_210' title='bbox 2539 1317 2594 1364; x_wconf 88' lang='lat' dir='ltr'><strong>et</strong></span> <span class='ocrx_word' id='word_1_211' title='bbox 2631 1307 2755 1363; x_wconf 89' lang='lat' dir='ltr'><strong>odio</strong></span> <span class='ocrx_word' id='word_1_212' title='bbox 2779 1307 2979 1364; x_wconf 84' lang='lat' dir='ltr'><strong>habere</strong></span> <span class='ocrx_word' id='word_1_213' title='bbox 3007 1306 3150 1375; x_wconf 89' lang='lat' dir='ltr'><strong>quod</strong></span> <span class='ocrx_word' id='word_1_214' title='bbox 3178 1312 3500 1376; x_wconf 86' lang='lat' dir='ltr'><strong>prosecutus</strong></span> 
     </span>
    </p>
   </div>
   <div class='ocr_carea' id='block_1_28' title="bbox 1915 1396 3497 1467">
    <p class='ocr_par' dir='ltr' id='par_1_28' title="bbox 1915 1396 3497 1467">
     <span class='ocr_line' id='line_1_28' title="bbox 1915 1396 3497 1467; baseline -0.006 -13"><span class='ocrx_word' id='word_1_215' title='bbox 1915 1414 2121 1454; x_wconf 87' lang='lat' dir='ltr'><strong>amore.</strong></span> <span class='ocrx_word' id='word_1_216' title='bbox 2139 1399 2278 1467; x_wconf 83' lang='lat' dir='ltr'><strong>Quin</strong></span> <span class='ocrx_word' id='word_1_217' title='bbox 2301 1399 2408 1454; x_wconf 91' lang='lat' dir='ltr'><strong>imo</strong></span> <span class='ocrx_word' id='word_1_218' title='bbox 2428 1397 2802 1453; x_wconf 84' lang='lat' dir='ltr'><strong>adolescentes</strong></span> <span class='ocrx_word' id='word_1_219' title='bbox 2828 1397 3130 1464; x_wconf 73' lang='lat' dir='ltr'><strong>voluptates</strong></span> <span class='ocrx_word' id='word_1_220' title='bbox 3149 1396 3497 1461; x_wconf 82' lang='lat' dir='ltr'><strong>adamarunt,</strong></span> 
     </span>
    </p>
   </div>
   <div class='ocr_carea' id='block_1_29' title="bbox 1913 1485 3499 1545">
    <p class='ocr_par' dir='ltr' id='par_1_29' title="bbox 1913 1485 3499 1545">
     <span class='ocr_line' id='line_1_29' title="bbox 1913 1485 3499 1545; baseline -0.002 -3"><span class='ocrx_word' id='word_1_221' title='bbox 1913 1498 1966 1542; x_wconf 91' lang='lat' dir='ltr'><strong>et</strong></span> <span class='ocrx_word' id='word_1_222' title='bbox 2009 1489 2234 1544; x_wconf 87' lang='lat' dir='ltr'><strong>honesta</strong></span> <span class='ocrx_word' id='word_1_223' title='bbox 2276 1488 2406 1544; x_wconf 82' lang='lat' dir='ltr'><strong>odio</strong></span> <span class='ocrx_word' id='word_1_224' title='bbox 2467 1488 2796 1545; x_wconf 84' lang='lat' dir='ltr'><strong>habuerunt.</strong></span> <span class='ocrx_word' id='word_1_225' title='bbox 2861 1485 3035 1541; x_wconf 76' lang='lat' dir='ltr'><strong>Hodie</strong></span> <span class='ocrx_word' id='word_1_226' title='bbox 3083 1485 3358 1541; x_wconf 80' lang='lat' dir='ltr'><strong>cernimus</strong></span> <span class='ocrx_word' id='word_1_227' title='bbox 3402 1495 3499 1539; x_wconf 80' lang='lat' dir='ltr'><strong>eos</strong></span> 
     </span>
    </p>
   </div>
   <div class='ocr_carea' id='block_1_30' title="bbox 1910 1574 3499 1648">
    <p class='ocr_par' dir='ltr' id='par_1_30' title="bbox 1910 1574 3499 1648">
     <span class='ocr_line' id='line_1_30' title="bbox 1910 1574 3499 1648; baseline -0.004 -15"><span class='ocrx_word' id='word_1_228' title='bbox 1910 1591 2032 1633; x_wconf 79' lang='lat' dir='ltr'><strong>esse</strong></span> <span class='ocrx_word' id='word_1_229' title='bbox 2054 1578 2106 1632; x_wconf 89' lang='lat' dir='ltr'><strong>in</strong></span> <span class='ocrx_word' id='word_1_230' title='bbox 2135 1578 2361 1633; x_wconf 86' lang='lat' dir='ltr'><strong>scientia</strong></span> <span class='ocrx_word' id='word_1_231' title='bbox 2391 1586 2448 1632; x_wconf 93' lang='lat' dir='ltr'><strong>et</strong></span> <span class='ocrx_word' id='word_1_232' title='bbox 2479 1576 2817 1648; x_wconf 90' lang='lat' dir='ltr'><strong>cognitione;</strong></span> <span class='ocrx_word' id='word_1_233' title='bbox 2843 1574 3046 1631; x_wconf 88' lang='lat' dir='ltr'><strong>idcirco</strong></span> <span class='ocrx_word' id='word_1_234' title='bbox 3075 1586 3176 1630; x_wconf 92' lang='lat' dir='ltr'><strong>nec</strong></span> <span class='ocrx_word' id='word_1_235' title='bbox 3193 1585 3499 1643; x_wconf 84' lang='lat' dir='ltr'><strong>agnoscun-</strong></span> 
     </span>
    </p>
   </div>
   <div class='ocr_carea' id='block_1_31' title="bbox 1912 1660 3501 1734">
    <p class='ocr_par' dir='ltr' id='par_1_31' title="bbox 1912 1660 3501 1734">
     <span class='ocr_line' id='line_1_31' title="bbox 1912 1660 3501 1734; baseline -0.006 -10"><span class='ocrx_word' id='word_1_236' title='bbox 1912 1677 2043 1734; x_wconf 85' lang='lat' dir='ltr'><strong>tur;</strong></span> <span class='ocrx_word' id='word_1_237' title='bbox 2087 1669 2290 1724; x_wconf 85' lang='lat' dir='ltr'><strong>idcirco</strong></span> <span class='ocrx_word' id='word_1_238' title='bbox 2315 1683 2500 1725; x_wconf 91' lang='lat' dir='ltr'><strong>secum</strong></span> <span class='ocrx_word' id='word_1_239' title='bbox 2539 1675 2920 1732; x_wconf 90' lang='lat' dir='ltr'><strong>certaverunt;</strong></span> <span class='ocrx_word' id='word_1_240' title='bbox 2950 1664 3151 1720; x_wconf 89' lang='lat' dir='ltr'><strong>idcirco</strong></span> <span class='ocrx_word' id='word_1_241' title='bbox 3179 1677 3280 1719; x_wconf 87' lang='lat' dir='ltr'><strong>nec</strong></span> <span class='ocrx_word' id='word_1_242' title='bbox 3309 1660 3501 1733; x_wconf 76' lang='lat' dir='ltr'><strong>imagi-</strong></span> 
     </span>
    </p>
   </div>
   <div class='ocr_carea' id='block_1_32' title="bbox 1911 1754 3497 1822">
    <p class='ocr_par' dir='ltr' id='par_1_32' title="bbox 1911 1754 3497 1822">
     <span class='ocr_line' id='line_1_32' title="bbox 1911 1754 3497 1822; baseline -0.006 -6"><span class='ocrx_word' id='word_1_243' title='bbox 1911 1776 2036 1816; x_wconf 87' lang='lat' dir='ltr'><strong>nem</strong></span> <span class='ocrx_word' id='word_1_244' title='bbox 2067 1771 2303 1817; x_wconf 79' lang='lat' dir='ltr'><strong>veterem</strong></span> <span class='ocrx_word' id='word_1_245' title='bbox 2350 1769 2615 1816; x_wconf 89' lang='lat' dir='ltr'><strong>sumunt:</strong></span> <span class='ocrx_word' id='word_1_246' title='bbox 2649 1767 2705 1814; x_wconf 88' lang='lat' dir='ltr'><strong>at</strong></span> <span class='ocrx_word' id='word_1_247' title='bbox 2739 1759 2986 1816; x_wconf 79' lang='lat' dir='ltr'><strong>homines</strong></span> <span class='ocrx_word' id='word_1_248' title='bbox 3038 1766 3187 1822; x_wconf 83' lang='lat' dir='ltr'><strong>sunt,</strong></span> <span class='ocrx_word' id='word_1_249' title='bbox 3232 1764 3287 1812; x_wconf 85' lang='lat' dir='ltr'><strong>et</strong></span> <span class='ocrx_word' id='word_1_250' title='bbox 3331 1754 3497 1809; x_wconf 85' lang='lat' dir='ltr'><strong>iidem</strong></span> 
     </span>
    </p>
   </div>
   <div class='ocr_carea' id='block_1_33' title="bbox 1909 1844 3496 1915">
    <p class='ocr_par' dir='ltr' id='par_1_33' title="bbox 1909 1844 3496 1915">
     <span class='ocr_line' id='line_1_33' title="bbox 1909 1844 3496 1915; baseline -0.004 -8"><span class='ocrx_word' id='word_1_251' title='bbox 1909 1860 2056 1907; x_wconf 85' lang='lat' dir='ltr'><strong>sunt.</strong></span> <span class='ocrx_word' id='word_1_252' title='bbox 2081 1849 2198 1906; x_wconf 79' lang='lat' dir='ltr'><strong>Non</strong></span> <span class='ocrx_word' id='word_1_253' title='bbox 2226 1849 2506 1907; x_wconf 86' lang='lat' dir='ltr'><strong>desierunt</strong></span> <span class='ocrx_word' id='word_1_254' title='bbox 2531 1861 2656 1907; x_wconf 85' lang='lat' dir='ltr'><strong>esse</strong></span> <span class='ocrx_word' id='word_1_255' title='bbox 2687 1850 2970 1915; x_wconf 83' lang='lat' dir='ltr'><strong>homines;</strong></span> <span class='ocrx_word' id='word_1_256' title='bbox 3007 1857 3261 1904; x_wconf 88' lang='lat' dir='ltr'><strong>manente</strong></span> <span class='ocrx_word' id='word_1_257' title='bbox 3293 1844 3496 1914; x_wconf 84' lang='lat' dir='ltr'><strong>alioqui</strong></span> 
     </span>
    </p>
   </div>
   <div class='ocr_carea' id='block_1_34' title="bbox 1909 1935 3496 2006">
    <p class='ocr_par' dir='ltr' id='par_1_34' title="bbox 1909 1935 3496 2006">
     <span class='ocr_line' id='line_1_34' title="bbox 1909 1935 3496 2006; baseline -0.004 -11"><span class='ocrx_word' id='word_1_258' title='bbox 1909 1939 2235 2006; x_wconf 80' lang='lat' dir='ltr'><strong>substantia,</strong></span> <span class='ocrx_word' id='word_1_259' title='bbox 2290 1955 2396 1996; x_wconf 89' lang='lat' dir='ltr'><strong>non</strong></span> <span class='ocrx_word' id='word_1_260' title='bbox 2455 1947 2679 1997; x_wconf 85' lang='lat' dir='ltr'><strong>manent</strong></span> <span class='ocrx_word' id='word_1_261' title='bbox 2734 1952 2934 1996; x_wconf 90' lang='lat' dir='ltr'><strong>mores.</strong></span> <span class='ocrx_word' id='word_1_262' title='bbox 2997 1935 3328 1994; x_wconf 66' lang='lat' dir='ltr'><strong>Substantias</strong></span> <span class='ocrx_word' id='word_1_263' title='bbox 3389 1947 3496 1989; x_wconf 90' lang='lat' dir='ltr'><strong>non</strong></span> 
     </span>
    </p>
   </div>
   <div class='ocr_carea' id='block_1_35' title="bbox 213 2025 1822 2114">
    <p class='ocr_par' dir='ltr' id='par_1_35' title="bbox 213 2025 1810 2114">
     <span class='ocr_line' id='line_1_35' title="bbox 213 2025 1810 2114; baseline 0.008 -27"><span class='ocrx_word' id='word_1_264' title='bbox 213 2049 349 2088; x_wconf 77' lang='grc' dir='ltr'>στου</span> <span class='ocrx_word' id='word_1_265' title='bbox 369 2034 550 2100; x_wconf 87' lang='grc' dir='ltr'>οὐσία,</span> <span class='ocrx_word' id='word_1_266' title='bbox 576 2038 610 2109; x_wconf 80' lang='grc' dir='ltr'><strong>ἡ</strong></span> <span class='ocrx_word' id='word_1_267' title='bbox 634 2037 729 2092; x_wconf 81' lang='grc' dir='ltr'>τοῦ</span> <span class='ocrx_word' id='word_1_268' title='bbox 765 2039 1054 2113; x_wconf 76' lang='grc' dir='ltr'>ἀνθρώπου</span> <span class='ocrx_word' id='word_1_269' title='bbox 1077 2041 1235 2098; x_wconf 87' lang='grc' dir='ltr'>οὐσία</span> <span class='ocrx_word' id='word_1_270' title='bbox 1253 2060 1267 2074; x_wconf 94' lang='grc'><strong>·</strong></span> <span class='ocrx_word' id='word_1_271' title='bbox 1307 2042 1420 2098; x_wconf 78' lang='grc' dir='ltr'>ἀλλ’</span> <span class='ocrx_word' id='word_1_272' title='bbox 1454 2025 1810 2114; x_wconf 15' lang='grc' dir='ltr'>οὐκέτιίγνωο</span> 
     </span>
    </p>
   </div>
   <div class='ocr_carea' id='block_1_36' title="bbox 1911 2025 3495 2114">
    <p class='ocr_par' dir='ltr' id='par_1_36' title="bbox 1911 2025 3495 2098">
     <span class='ocr_line' id='line_1_36' title="bbox 1911 2025 3495 2098; baseline -0.004 -10"><span class='ocrx_word' id='word_1_273' title='bbox 1911 2041 2038 2088; x_wconf 86' lang='lat' dir='ltr'><strong>sunt</strong></span> <span class='ocrx_word' id='word_1_274' title='bbox 2059 2032 2272 2097; x_wconf 70' lang='lat' dir='ltr'><strong>solatur,</strong></span> <span class='ocrx_word' id='word_1_275' title='bbox 2297 2046 2476 2087; x_wconf 80' lang='lat' dir='ltr'><strong>mores</strong></span> <span class='ocrx_word' id='word_1_276' title='bbox 2499 2031 2696 2088; x_wconf 81' lang='lat' dir='ltr'><strong>sublati</strong></span> <span class='ocrx_word' id='word_1_277' title='bbox 2722 2041 2868 2088; x_wconf 90' lang='lat' dir='ltr'><strong>sunt.</strong></span> <span class='ocrx_word' id='word_1_278' title='bbox 2902 2028 3336 2098; x_wconf 81' lang='lat' dir='ltr'><strong>Uniuscujusque</strong></span> <span class='ocrx_word' id='word_1_279' title='bbox 3365 2025 3495 2082; x_wconf 87' lang='lat' dir='ltr'><strong>sub-</strong></span> 
     </span>
    </p>
   </div>
   <div class='ocr_carea' id='block_1_37' title="bbox 213 2117 1822 2206">
    <p class='ocr_par' dir='ltr' id='par_1_37' title="bbox 213 2124 1810 2206">
     <span class='ocr_line' id='line_1_37' title="bbox 213 2124 1810 2206; baseline 0.001 -18"><span class='ocrx_word' id='word_1_280' title='bbox 213 2124 361 2195; x_wconf 73' lang='grc' dir='ltr'><strong>Ριξω</strong></span> <span class='ocrx_word' id='word_1_281' title='bbox 387 2125 478 2180; x_wconf 76' lang='grc' dir='ltr'>τὸν</span> <span class='ocrx_word' id='word_1_282' title='bbox 504 2128 791 2200; x_wconf 75' lang='grc' dir='ltr'>ἄνθρωπον</span> <span class='ocrx_word' id='word_1_283' title='bbox 815 2147 827 2162; x_wconf 98' lang='grc'><strong>·</strong></span> <span class='ocrx_word' id='word_1_284' title='bbox 890 2131 1090 2204; x_wconf 83' lang='grc' dir='ltr'>πόρνος</span> <span class='ocrx_word' id='word_1_285' title='bbox 1117 2128 1208 2204; x_wconf 75' lang='grc' dir='ltr'>ἦν,</span> <span class='ocrx_word' id='word_1_286' title='bbox 1265 2135 1360 2188; x_wconf 74' lang='grc' dir='ltr'>καὶ</span> <span class='ocrx_word' id='word_1_287' title='bbox 1390 2135 1623 2206; x_wconf 83' lang='grc' dir='ltr'>σώφρων</span> <span class='ocrx_word' id='word_1_288' title='bbox 1651 2135 1810 2204; x_wconf 81' lang='grc' dir='ltr'>γέγο-</span> 
     </span>
    </p>
   </div>
   <div class='ocr_carea' id='block_1_38' title="bbox 1911 2117 3492 2206">
    <p class='ocr_par' dir='ltr' id='par_1_38' title="bbox 1912 2117 3492 2187">
     <span class='ocr_line' id='line_1_38' title="bbox 1912 2117 3492 2187; baseline -0.004 -8"><span class='ocrx_word' id='word_1_289' title='bbox 1912 2123 2113 2179; x_wconf 86' lang='lat' dir='ltr'><strong>stantia</strong></span> <span class='ocrx_word' id='word_1_290' title='bbox 2156 2124 2370 2179; x_wconf 79' lang='lat' dir='ltr'><strong>exstitit</strong></span> <span class='ocrx_word' id='word_1_291' title='bbox 2420 2123 2658 2179; x_wconf 78' lang='lat' dir='ltr'><strong>hominis</strong></span> <span class='ocrx_word' id='word_1_292' title='bbox 2709 2123 3048 2187; x_wconf 81' lang='lat' dir='ltr'><strong>substantia;</strong></span> <span class='ocrx_word' id='word_1_293' title='bbox 3105 2119 3200 2177; x_wconf 81' lang='lat' dir='ltr'><strong>sed</strong></span> <span class='ocrx_word' id='word_1_294' title='bbox 3230 2133 3339 2176; x_wconf 86' lang='lat' dir='ltr'><strong>non</strong></span> <span class='ocrx_word' id='word_1_295' title='bbox 3378 2117 3492 2185; x_wconf 75' lang='lat' dir='ltr'><strong>jam</strong></span> 
     </span>
    </p>
   </div>
   <div class='ocr_carea' id='block_1_39' title="bbox 211 2215 1806 2296">
    <p class='ocr_par' dir='ltr' id='par_1_39' title="bbox 211 2215 1806 2296">
     <span class='ocr_line' id='line_1_39' title="bbox 211 2215 1806 2296; baseline 0.008 -28"><span class='ocrx_word' id='word_1_296' title='bbox 211 2231 312 2270; x_wconf 83' lang='grc' dir='ltr'><strong>νεν</strong></span> <span class='ocrx_word' id='word_1_297' title='bbox 331 2231 348 2246; x_wconf 89' lang='grc'><strong>·</strong></span> <span class='ocrx_word' id='word_1_298' title='bbox 371 2216 555 2290; x_wconf 71' lang='grc' dir='ltr'>ἇρπαξ</span> <span class='ocrx_word' id='word_1_299' title='bbox 581 2215 671 2292; x_wconf 83' lang='grc' dir='ltr'>ἧν,</span> <span class='ocrx_word' id='word_1_300' title='bbox 711 2223 805 2276; x_wconf 69' lang='grc' dir='ltr'><strong>κα)⁸</strong></span> <span class='ocrx_word' id='word_1_301' title='bbox 829 2223 923 2276; x_wconf 83' lang='grc' dir='ltr'>τὸν</span> <span class='ocrx_word' id='word_1_302' title='bbox 945 2225 1294 2295; x_wconf 82' lang='grc' dir='ltr'>εὐεργετικὸν</span> <span class='ocrx_word' id='word_1_303' title='bbox 1312 2226 1622 2296; x_wconf 82' lang='grc' dir='ltr'>μεμίμηται</span> <span class='ocrx_word' id='word_1_304' title='bbox 1657 2226 1771 2296; x_wconf 88' lang='grc' dir='ltr'>βίον</span> <span class='ocrx_word' id='word_1_305' title='bbox 1791 2242 1806 2258; x_wconf 95' lang='grc'><strong>·</strong></span> 
     </span>
    </p>
   </div>
   <div class='ocr_carea' id='block_1_40' title="bbox 208 2308 1811 2389">
    <p class='ocr_par' dir='ltr' id='par_1_40' title="bbox 208 2308 1811 2389">
     <span class='ocr_line' id='line_1_40' title="bbox 208 2308 1811 2389; baseline 0.006 -27"><span class='ocrx_word' id='word_1_306' title='bbox 208 2308 280 2363; x_wconf 81' lang='grc' dir='ltr'><strong>οὐ</strong></span> <span class='ocrx_word' id='word_1_307' title='bbox 310 2309 406 2364; x_wconf 77' lang='grc' dir='ltr'>τὸν</span> <span class='ocrx_word' id='word_1_308' title='bbox 431 2313 761 2386; x_wconf 79' lang='grc' dir='ltr'>χαρακτῆρα</span> <span class='ocrx_word' id='word_1_309' title='bbox 789 2314 887 2368; x_wconf 83' lang='grc' dir='ltr'>τοῦ</span> <span class='ocrx_word' id='word_1_310' title='bbox 914 2316 1207 2388; x_wconf 83' lang='grc' dir='ltr'>προσώπου</span> <span class='ocrx_word' id='word_1_311' title='bbox 1238 2315 1452 2382; x_wconf 80' lang='grc' dir='ltr'>λέλυκε,</span> <span class='ocrx_word' id='word_1_312' title='bbox 1485 2318 1637 2388; x_wconf 75' lang='grc' dir='ltr'>μένει</span> <span class='ocrx_word' id='word_1_313' title='bbox 1661 2319 1690 2370; x_wconf 88' lang='lat'><strong>6</strong></span> <span class='ocrx_word' id='word_1_314' title='bbox 1710 2318 1811 2389; x_wconf 84' lang='grc' dir='ltr'>τῆς</span> 
     </span>
    </p>
   </div>
   <div class='ocr_carea' id='block_1_41' title="bbox 207 2397 1812 2565">
    <p class='ocr_par' dir='ltr' id='par_1_41' title="bbox 207 2397 1812 2565">
     <span class='ocr_line' id='line_1_41' title="bbox 207 2397 1812 2565; baseline 0.006 -111"><span class='ocrx_word' id='word_1_315' title='bbox 207 2397 397 2565; x_wconf 51' lang='lat' dir='ltr'><strong>gitur;</strong></span> <span class='ocrx_word' id='word_1_316' title='bbox 449 2406 770 2478; x_wconf 79' lang='grc' dir='ltr'>χαρακτήρ·</span> <span class='ocrx_word' id='word_1_317' title='bbox 837 2406 899 2461; x_wconf 88' lang='grc' dir='ltr'><strong>οὐ</strong></span> <span class='ocrx_word' id='word_1_318' title='bbox 971 2407 1072 2479; x_wconf 79' lang='grc' dir='ltr'><strong>τὴν</strong></span> <span class='ocrx_word' id='word_1_319' title='bbox 1115 2406 1240 2477; x_wconf 75' lang='grc' dir='ltr'>δψιν</span> <span class='ocrx_word' id='word_1_320' title='bbox 1290 2408 1392 2478; x_wconf 81' lang='grc' dir='ltr'>τῆς</span> <span class='ocrx_word' id='word_1_321' title='bbox 1449 2409 1669 2478; x_wconf 76' lang='grc' dir='ltr'>φύσεως</span> <span class='ocrx_word' id='word_1_322' title='bbox 1715 2408 1812 2464; x_wconf 80' lang='grc' dir='ltr'>άν-</span> 
     </span>
     <span class='ocr_line' id='line_1_42' title="bbox 255 2507 446 2565; baseline 0.047 -19"><span class='ocrx_word' id='word_1_323' title='bbox 255 2507 446 2565; x_wconf 73' lang='grc' dir='ltr'>ρηκεν.</span> 
     </span>
    </p>
   </div>
   <div class='ocr_carea' id='block_1_42' title="bbox 1915 2210 3486 2284">
    <p class='ocr_par' dir='ltr' id='par_1_42' title="bbox 1915 2210 3486 2284">
     <span class='ocr_line' id='line_1_43' title="bbox 1915 2210 3486 2284; baseline -0.004 -14"><span class='ocrx_word' id='word_1_324' title='bbox 1915 2215 2188 2270; x_wconf 83' lang='lat' dir='ltr'><strong>hominem</strong></span> <span class='ocrx_word' id='word_1_325' title='bbox 2221 2227 2478 2284; x_wconf 77' lang='lat' dir='ltr'><strong>agnosco.</strong></span> <span class='ocrx_word' id='word_1_326' title='bbox 2538 2213 2667 2268; x_wconf 82' lang='lat' dir='ltr'><strong>Erat</strong></span> <span class='ocrx_word' id='word_1_327' title='bbox 2713 2212 3051 2276; x_wconf 78' lang='lat' dir='ltr'><strong>libidinosus,</strong></span> <span class='ocrx_word' id='word_1_328' title='bbox 3107 2220 3165 2268; x_wconf 87' lang='lat' dir='ltr'><strong>et</strong></span> <span class='ocrx_word' id='word_1_329' title='bbox 3196 2210 3373 2266; x_wconf 78' lang='lat' dir='ltr'><strong>factus</strong></span> <span class='ocrx_word' id='word_1_330' title='bbox 3409 2211 3486 2264; x_wconf 86' lang='lat' dir='ltr'><strong>est</strong></span> 
     </span>
    </p>
   </div>
   <div class='ocr_carea' id='block_1_43' title="bbox 1913 2301 3486 2378">
    <p class='ocr_par' dir='ltr' id='par_1_43' title="bbox 1913 2301 3486 2378">
     <span class='ocr_line' id='line_1_44' title="bbox 1913 2301 3486 2378; baseline -0.003 -17"><span class='ocrx_word' id='word_1_331' title='bbox 1913 2306 2161 2378; x_wconf 87' lang='lat' dir='ltr'><strong>pudicus.</strong></span> <span class='ocrx_word' id='word_1_332' title='bbox 2196 2305 2362 2360; x_wconf 81' lang='lat' dir='ltr'><strong>Latro</strong></span> <span class='ocrx_word' id='word_1_333' title='bbox 2409 2314 2549 2371; x_wconf 85' lang='lat' dir='ltr'><strong>erat,</strong></span> <span class='ocrx_word' id='word_1_334' title='bbox 2579 2317 2637 2360; x_wconf 86' lang='lat' dir='ltr'><strong>et</strong></span> <span class='ocrx_word' id='word_1_335' title='bbox 2665 2307 2832 2360; x_wconf 91' lang='lat' dir='ltr'><strong>vitam</strong></span> <span class='ocrx_word' id='word_1_336' title='bbox 2888 2304 3105 2374; x_wconf 88' lang='lat' dir='ltr'><strong>benigni</strong></span> <span class='ocrx_word' id='word_1_337' title='bbox 3154 2312 3212 2358; x_wconf 86' lang='lat' dir='ltr'><strong>et</strong></span> <span class='ocrx_word' id='word_1_338' title='bbox 3261 2301 3486 2359; x_wconf 73' lang='lat' dir='ltr'><strong>beueld</strong></span> 
     </span>
    </p>
   </div>
   <div class='ocr_carea' id='block_1_44' title="bbox 1916 2393 3490 2466">
    <p class='ocr_par' dir='ltr' id='par_1_44' title="bbox 1916 2393 3490 2466">
     <span class='ocr_line' id='line_1_45' title="bbox 1916 2393 3490 2466; baseline -0.005 -13"><span class='ocrx_word' id='word_1_339' title='bbox 1916 2397 2164 2453; x_wconf 79' lang='lat' dir='ltr'><strong>imitatus</strong></span> <span class='ocrx_word' id='word_1_340' title='bbox 2189 2404 2291 2452; x_wconf 88' lang='lat' dir='ltr'><strong>est.</strong></span> <span class='ocrx_word' id='word_1_341' title='bbox 2324 2394 2440 2451; x_wconf 77' lang='lat' dir='ltr'><strong>Non</strong></span> <span class='ocrx_word' id='word_1_342' title='bbox 2469 2395 2694 2466; x_wconf 79' lang='lat' dir='ltr'><strong>ﬁguram</strong></span> <span class='ocrx_word' id='word_1_343' title='bbox 2739 2409 2984 2465; x_wconf 70' lang='lat' dir='ltr'><strong>personae</strong></span> <span class='ocrx_word' id='word_1_344' title='bbox 3017 2393 3247 2458; x_wconf 86' lang='lat' dir='ltr'><strong>delevit;</strong></span> <span class='ocrx_word' id='word_1_345' title='bbox 3282 2397 3490 2463; x_wconf 82' lang='lat' dir='ltr'><strong>perma-</strong></span> 
     </span>
    </p>
   </div>
   <div class='ocr_carea' id='block_1_45' title="bbox 1917 2486 3492 2560">
    <p class='ocr_par' dir='ltr' id='par_1_45' title="bbox 1917 2486 3492 2560">
     <span class='ocr_line' id='line_1_46' title="bbox 1917 2486 3492 2560; baseline -0.004 -14"><span class='ocrx_word' id='word_1_346' title='bbox 1917 2499 2050 2546; x_wconf 86' lang='lat' dir='ltr'><strong>nent</strong></span> <span class='ocrx_word' id='word_1_347' title='bbox 2087 2489 2414 2545; x_wconf 85' lang='lat' dir='ltr'><strong>lineamenta</strong></span> <span class='ocrx_word' id='word_1_348' title='bbox 2464 2498 2753 2560; x_wconf 88' lang='lat' dir='ltr'><strong>aspectus;</strong></span> <span class='ocrx_word' id='word_1_349' title='bbox 2805 2502 2913 2544; x_wconf 83' lang='lat' dir='ltr'><strong>non</strong></span> <span class='ocrx_word' id='word_1_350' title='bbox 2961 2486 3190 2544; x_wconf 84' lang='lat' dir='ltr'><strong>abstulit</strong></span> <span class='ocrx_word' id='word_1_351' title='bbox 3208 2493 3492 2557; x_wconf 77' lang='lat' dir='ltr'><strong>aspectum</strong></span> 
     </span>
    </p>
   </div>
   <div class='ocr_carea' id='block_1_46' title="bbox 1905 2591 2135 2638">
    <p class='ocr_par' dir='ltr' id='par_1_46' title="bbox 1905 2591 2135 2638">
     <span class='ocr_line' id='line_1_47' title="bbox 1905 2591 2135 2638; baseline 0.004 -1"><span class='ocrx_word' id='word_1_352' title='bbox 1905 2591 2135 2638; x_wconf 65' lang='lat' dir='ltr'><strong>natura.</strong></span> 
     </span>
    </p>
   </div>
   <div class='ocr_carea' id='block_1_47' title="bbox 1279 2699 2430 2768">
    <p class='ocr_par' dir='ltr' id='par_1_47' title="bbox 1279 2699 2430 2768">
     <span class='ocr_line' id='line_1_48' title="bbox 1279 2699 2430 2768; baseline -0.007 -7"><span class='ocrx_word' id='word_1_353' title='bbox 1279 2704 1407 2762; x_wconf 68' lang='lat' dir='ltr'><strong>CAP.</strong></span> <span class='ocrx_word' id='word_1_354' title='bbox 1439 2703 1606 2760; x_wconf 72' lang='lat' dir='ltr'><strong>XVII.</strong></span> <span class='ocrx_word' id='word_1_355' title='bbox 1647 2703 1809 2759; x_wconf 75' lang='lat' dir='ltr'><strong>Modo</strong></span> <span class='ocrx_word' id='word_1_356' title='bbox 1842 2700 1984 2756; x_wconf 81' lang='lat' dir='ltr'><strong>dicta</strong></span> <span class='ocrx_word' id='word_1_357' title='bbox 2024 2699 2430 2768; x_wconf 72' lang='lat' dir='ltr'><strong>conﬁrmantur.</strong></span> 
     </span>
    </p>
   </div>
   <div class='ocr_carea' id='block_1_48' title="bbox 288 2780 1812 2867">
    <p class='ocr_par' dir='ltr' id='par_1_48' title="bbox 288 2780 1812 2867">
     <span class='ocr_line' id='line_1_49' title="bbox 288 2780 1812 2867; baseline 0.015 -30"><span class='ocrx_word' id='word_1_358' title='bbox 288 2780 463 2839; x_wconf 86' lang='grc' dir='ltr'>Ὅταν</span> <span class='ocrx_word' id='word_1_359' title='bbox 517 2788 616 2860; x_wconf 81' lang='grc' dir='ltr'>μὲν</span> <span class='ocrx_word' id='word_1_360' title='bbox 670 2791 759 2846; x_wconf 85' lang='grc' dir='ltr'>τὸν</span> <span class='ocrx_word' id='word_1_361' title='bbox 807 2791 1094 2866; x_wconf 75' lang='grc' dir='ltr'>ἄνθρωπον</span> <span class='ocrx_word' id='word_1_362' title='bbox 1132 2796 1246 2863; x_wconf 81' lang='grc' dir='ltr'>ίδω,</span> <span class='ocrx_word' id='word_1_363' title='bbox 1309 2797 1658 2867; x_wconf 77' lang='grc' dir='ltr'>ὲπιγινώσκω</span> <span class='ocrx_word' id='word_1_364' title='bbox 1699 2791 1812 2860; x_wconf 72' lang='grc' dir='ltr'>οἷός</span> 
     </span>
    </p>
   </div>
   <div class='ocr_carea' id='block_1_49' title="bbox 165 2869 1809 2959">
    <p class='ocr_par' dir='ltr' id='par_1_49' title="bbox 165 2869 1809 2959">
     <span class='ocr_line' id='line_1_50' title="bbox 165 2869 1809 2959; baseline 0.01 -34"><span class='ocrx_word' id='word_1_365' title='bbox 165 2879 168 2884; x_wconf 86' lang='grc'><em>’</em></span> <span class='ocrx_word' id='word_1_366' title='bbox 213 2872 399 2928; x_wconf 65' lang='grc' dir='ltr'>ἐστιν·</span> <span class='ocrx_word' id='word_1_367' title='bbox 432 2875 562 2932; x_wconf 79' lang='grc' dir='ltr'>ὅταν</span> <span class='ocrx_word' id='word_1_368' title='bbox 585 2879 643 2934; x_wconf 82' lang='grc' dir='ltr'>δὲ</span> <span class='ocrx_word' id='word_1_369' title='bbox 671 2881 764 2936; x_wconf 85' lang='grc' dir='ltr'>τὸν</span> <span class='ocrx_word' id='word_1_370' title='bbox 789 2869 990 2954; x_wconf 73' lang='grc' dir='ltr'>τρόπον</span> <span class='ocrx_word' id='word_1_371' title='bbox 1012 2885 1295 2959; x_wconf 80' lang='grc' dir='ltr'>θεωρήσω,</span> <span class='ocrx_word' id='word_1_372' title='bbox 1333 2886 1641 2959; x_wconf 78' lang='grc' dir='ltr'>ξενίξομαι·</span> <span class='ocrx_word' id='word_1_373' title='bbox 1678 2887 1809 2941; x_wconf 81' lang='grc' dir='ltr'>οὐκ·</span> 
     </span>
    </p>
   </div>
   <div class='ocr_carea' id='block_1_50' title="bbox 213 2964 1811 3051">
    <p class='ocr_par' dir='ltr' id='par_1_50' title="bbox 213 2964 1811 3051">
     <span class='ocr_line' id='line_1_51' title="bbox 213 2964 1811 3051; baseline 0.011 -33"><span class='ocrx_word' id='word_1_374' title='bbox 213 2964 304 3019; x_wconf 79' lang='grc' dir='ltr'>ἐτι</span> <span class='ocrx_word' id='word_1_375' title='bbox 357 2970 644 3042; x_wconf 84' lang='grc' dir='ltr'>γνωρίζω·</span> <span class='ocrx_word' id='word_1_376' title='bbox 694 2975 726 3046; x_wconf 82' lang='grc' dir='ltr'>ἠ</span> <span class='ocrx_word' id='word_1_377' title='bbox 791 2975 1100 3051; x_wconf 77' lang='grc' dir='ltr'>μεταλλαγὴ</span> <span class='ocrx_word' id='word_1_378' title='bbox 1139 2978 1228 3032; x_wconf 76' lang='grc' dir='ltr'><strong>τὸν</strong></span> <span class='ocrx_word' id='word_1_379' title='bbox 1278 2979 1532 3050; x_wconf 82' lang='grc' dir='ltr'>ξενισμὸν</span> <span class='ocrx_word' id='word_1_380' title='bbox 1575 2978 1811 3050; x_wconf 85' lang='grc' dir='ltr'>δεδώρη-</span> 
     </span>
    </p>
   </div>
   <div class='ocr_carea' id='block_1_51' title="bbox 211 3058 1807 3140">
    <p class='ocr_par' dir='ltr' id='par_1_51' title="bbox 211 3058 1807 3140">
     <span class='ocr_line' id='line_1_52' title="bbox 211 3058 1807 3140; baseline 0.007 -31"><span class='ocrx_word' id='word_1_381' title='bbox 211 3071 332 3111; x_wconf 83' lang='grc' dir='ltr'>ται.</span> <span class='ocrx_word' id='word_1_382' title='bbox 388 3058 499 3112; x_wconf 78' lang='grc' dir='ltr'><strong>Καὶ</strong></span> <span class='ocrx_word' id='word_1_383' title='bbox 545 3061 602 3115; x_wconf 75' lang='grc' dir='ltr'>αἱ</span> <span class='ocrx_word' id='word_1_384' title='bbox 633 3061 731 3132; x_wconf 82' lang='grc' dir='ltr'>μὲν</span> <span class='ocrx_word' id='word_1_385' title='bbox 765 3063 942 3118; x_wconf 90' lang='grc' dir='ltr'>οὐσίαι</span> <span class='ocrx_word' id='word_1_386' title='bbox 972 3065 1073 3120; x_wconf 90' lang='grc' dir='ltr'><strong>οὐκ</strong></span> <span class='ocrx_word' id='word_1_387' title='bbox 1100 3065 1452 3138; x_wconf 70' lang='grc' dir='ltr'>ἠλλάγησαν·</span> <span class='ocrx_word' id='word_1_388' title='bbox 1511 3067 1660 3138; x_wconf 88' lang='grc' dir='ltr'>μένει</span> <span class='ocrx_word' id='word_1_389' title='bbox 1695 3070 1807 3140; x_wconf 84' lang='grc' dir='ltr'>γὰρ</span> 
     </span>
    </p>
   </div>
   <div class='ocr_carea' id='block_1_52' title="bbox 211 3145 1806 3230">
    <p class='ocr_par' dir='ltr' id='par_1_52' title="bbox 211 3145 1806 3230">
     <span class='ocr_line' id='line_1_53' title="bbox 211 3145 1806 3230; baseline 0.007 -29"><span class='ocrx_word' id='word_1_390' title='bbox 211 3145 281 3202; x_wconf 82' lang='grc' dir='ltr'>τὸ</span> <span class='ocrx_word' id='word_1_391' title='bbox 304 3148 486 3222; x_wconf 89' lang='grc' dir='ltr'>σῶμα,</span> <span class='ocrx_word' id='word_1_392' title='bbox 514 3153 612 3224; x_wconf 90' lang='grc' dir='ltr'><strong>οὐχ</strong></span> <span class='ocrx_word' id='word_1_393' title='bbox 645 3155 830 3228; x_wconf 72' lang='grc' dir='ltr'>ἕτερον</span> <span class='ocrx_word' id='word_1_394' title='bbox 853 3158 1076 3227; x_wconf 81' lang='grc' dir='ltr'>γεγονός</span> <span class='ocrx_word' id='word_1_395' title='bbox 1096 3173 1110 3188; x_wconf 95' lang='grc'><strong>·</strong></span> <span class='ocrx_word' id='word_1_396' title='bbox 1141 3157 1267 3211; x_wconf 79' lang='grc' dir='ltr'>οὗτε</span> <span class='ocrx_word' id='word_1_397' title='bbox 1300 3158 1410 3230; x_wconf 81' lang='grc' dir='ltr'><strong>γάρ</strong></span> <span class='ocrx_word' id='word_1_398' title='bbox 1444 3158 1506 3211; x_wconf 80' lang='grc' dir='ltr'>τὸ</span> <span class='ocrx_word' id='word_1_399' title='bbox 1534 3158 1692 3229; x_wconf 90' lang='grc' dir='ltr'>σῶμα</span> <span class='ocrx_word' id='word_1_400' title='bbox 1724 3161 1806 3223; x_wconf 82' lang='grc' dir='ltr'><strong>εις</strong></span> 
     </span>
    </p>
   </div>
   <div class='ocr_carea' id='block_1_53' title="bbox 211 3237 1805 3324">
    <p class='ocr_par' dir='ltr' id='par_1_53' title="bbox 211 3237 1805 3324">
     <span class='ocr_line' id='line_1_54' title="bbox 211 3237 1805 3324; baseline 0.006 -32"><span class='ocrx_word' id='word_1_401' title='bbox 211 3237 282 3293; x_wconf 75' lang='grc' dir='ltr'>τὸ</span> <span class='ocrx_word' id='word_1_402' title='bbox 309 3240 602 3314; x_wconf 78' lang='grc' dir='ltr'>ἀσώματον</span> <span class='ocrx_word' id='word_1_403' title='bbox 638 3247 898 3319; x_wconf 73' lang='grc' dir='ltr'>μετετέθη</span> <span class='ocrx_word' id='word_1_404' title='bbox 921 3263 936 3280; x_wconf 94' lang='grc'><strong>·</strong></span> <span class='ocrx_word' id='word_1_405' title='bbox 966 3248 1090 3302; x_wconf 82' lang='grc' dir='ltr'>οὐτε</span> <span class='ocrx_word' id='word_1_406' title='bbox 1116 3251 1147 3320; x_wconf 78' lang='grc' dir='ltr'>ἡ</span> <span class='ocrx_word' id='word_1_407' title='bbox 1176 3249 1320 3322; x_wconf 79' lang='grc' dir='ltr'>ψυχὴ</span> <span class='ocrx_word' id='word_1_408' title='bbox 1362 3251 1524 3324; x_wconf 78' lang='grc' dir='ltr'>ἑτέρα</span> <span class='ocrx_word' id='word_1_409' title='bbox 1544 3253 1610 3322; x_wconf 78' lang='grc' dir='ltr'>τῇ</span> <span class='ocrx_word' id='word_1_410' title='bbox 1645 3250 1805 3323; x_wconf 73' lang='grc' dir='ltr'>οὐσίᾳ</span> 
     </span>
    </p>
   </div>
   <div class='ocr_carea' id='block_1_54' title="bbox 212 3329 1806 3416">
    <p class='ocr_par' dir='ltr' id='par_1_54' title="bbox 212 3329 1806 3416">
     <span class='ocr_line' id='line_1_55' title="bbox 212 3329 1806 3416; baseline 0.009 -33"><span class='ocrx_word' id='word_1_411' title='bbox 212 3329 466 3402; x_wconf 75' lang='grc' dir='ltr'>ὑπῆρξεν</span> <span class='ocrx_word' id='word_1_412' title='bbox 488 3351 502 3365; x_wconf 98' lang='grc'><strong>·</strong></span> <span class='ocrx_word' id='word_1_413' title='bbox 533 3336 669 3390; x_wconf 84' lang='grc' dir='ltr'>ἀλλὰ</span> <span class='ocrx_word' id='word_1_414' title='bbox 712 3340 988 3410; x_wconf 82' lang='grc' dir='ltr'>μενουσῶν</span> <span class='ocrx_word' id='word_1_415' title='bbox 1019 3339 1129 3396; x_wconf 91' lang='grc' dir='ltr'><strong>τῶν</strong></span> <span class='ocrx_word' id='word_1_416' title='bbox 1161 3341 1380 3408; x_wconf 81' lang='grc' dir='ltr'>οὐσιῶν,</span> <span class='ocrx_word' id='word_1_417' title='bbox 1415 3342 1486 3397; x_wconf 82' lang='grc' dir='ltr'><strong>τά</strong></span> <span class='ocrx_word' id='word_1_418' title='bbox 1524 3342 1806 3416; x_wconf 70' lang='grc' dir='ltr'>ἐπιτηδεύ-</span> 
     </span>
    </p>
   </div>
   <div class='ocr_carea' id='block_1_55' title="bbox 215 3424 729 3497">
    <p class='ocr_par' dir='ltr' id='par_1_55' title="bbox 215 3424 729 3497">
     <span class='ocr_line' id='line_1_56' title="bbox 215 3424 729 3497; baseline 0.016 -22"><span class='ocrx_word' id='word_1_419' title='bbox 215 3436 369 3494; x_wconf 81' lang='grc' dir='ltr'>ματα</span> <span class='ocrx_word' id='word_1_420' title='bbox 399 3424 500 3479; x_wconf 87' lang='grc' dir='ltr'><strong>οὐκ</strong></span> <span class='ocrx_word' id='word_1_421' title='bbox 526 3426 729 3497; x_wconf 75' lang='grc' dir='ltr'>ἔμεινε.</span> 
     </span>
    </p>
   </div>
   <div class='ocr_carea' id='block_1_56' title="bbox 1985 2788 3492 2861">
    <p class='ocr_par' dir='ltr' id='par_1_56' title="bbox 1985 2788 3492 2861">
     <span class='ocr_line' id='line_1_57' title="bbox 1985 2788 3492 2861; baseline -0.004 -14"><span class='ocrx_word' id='word_1_422' title='bbox 1985 2792 2117 2847; x_wconf 88' lang='lat' dir='ltr'><strong>Cum</strong></span> <span class='ocrx_word' id='word_1_423' title='bbox 2179 2791 2451 2846; x_wconf 88' lang='lat' dir='ltr'><strong>hominem</strong></span> <span class='ocrx_word' id='word_1_424' title='bbox 2501 2788 2677 2856; x_wconf 80' lang='lat' dir='ltr'><strong>video,</strong></span> <span class='ocrx_word' id='word_1_425' title='bbox 2714 2803 2949 2860; x_wconf 82' lang='lat' dir='ltr'><strong>agnosco</strong></span> <span class='ocrx_word' id='word_1_426' title='bbox 2997 2788 3172 2861; x_wconf 85' lang='lat' dir='ltr'><strong>qualis</strong></span> <span class='ocrx_word' id='word_1_427' title='bbox 3219 2795 3335 2853; x_wconf 76' lang='lat' dir='ltr'><strong>eSt;</strong></span> <span class='ocrx_word' id='word_1_428' title='bbox 3369 2801 3492 2842; x_wconf 85' lang='lat' dir='ltr'><strong>cum</strong></span> 
     </span>
    </p>
   </div>
   <div class='ocr_carea' id='block_1_57' title="bbox 1911 2874 3494 2950">
    <p class='ocr_par' dir='ltr' id='par_1_57' title="bbox 1911 2874 3494 2950">
     <span class='ocr_line' id='line_1_58' title="bbox 1911 2874 3494 2950; baseline -0.007 -13"><span class='ocrx_word' id='word_1_429' title='bbox 1911 2897 2046 2938; x_wconf 89' lang='lat' dir='ltr'><strong>vero</strong></span> <span class='ocrx_word' id='word_1_430' title='bbox 2075 2894 2252 2935; x_wconf 89' lang='lat' dir='ltr'><strong>mores</strong></span> <span class='ocrx_word' id='word_1_431' title='bbox 2280 2877 2635 2950; x_wconf 84' lang='lat' dir='ltr'><strong>contemplor,</strong></span> <span class='ocrx_word' id='word_1_432' title='bbox 2659 2877 2919 2942; x_wconf 82' lang='lat' dir='ltr'><strong>admiror,</strong></span> <span class='ocrx_word' id='word_1_433' title='bbox 2950 2891 3054 2931; x_wconf 92' lang='lat' dir='ltr'><strong>non</strong></span> <span class='ocrx_word' id='word_1_434' title='bbox 3079 2874 3310 2945; x_wconf 83' lang='lat' dir='ltr'><strong>amplius</strong></span> <span class='ocrx_word' id='word_1_435' title='bbox 3335 2887 3494 2944; x_wconf 81' lang='lat' dir='ltr'><strong>agno-</strong></span> 
     </span>
    </p>
   </div>
   <div class='ocr_carea' id='block_1_58' title="bbox 1911 2965 3494 3030">
    <p class='ocr_par' dir='ltr' id='par_1_58' title="bbox 1911 2965 3494 3030">
     <span class='ocr_line' id='line_1_59' title="bbox 1911 2965 3494 3030; baseline -0.005 0"><span class='ocrx_word' id='word_1_436' title='bbox 1911 2988 2028 3030; x_wconf 89' lang='lat' dir='ltr'><strong>sco.</strong></span> <span class='ocrx_word' id='word_1_437' title='bbox 2073 2972 2283 3027; x_wconf 80' lang='lat' dir='ltr'><strong>Moram</strong></span> <span class='ocrx_word' id='word_1_438' title='bbox 2319 2970 2605 3027; x_wconf 81' lang='lat' dir='ltr'><strong>translatio</strong></span> <span class='ocrx_word' id='word_1_439' title='bbox 2667 2968 3082 3025; x_wconf 87' lang='lat' dir='ltr'><strong>admirationem</strong></span> <span class='ocrx_word' id='word_1_440' title='bbox 3115 2967 3313 3023; x_wconf 87' lang='lat' dir='ltr'><strong>attulit.</strong></span> <span class='ocrx_word' id='word_1_441' title='bbox 3351 2965 3494 3022; x_wconf 85' lang='lat' dir='ltr'><strong>Sub-</strong></span> 
     </span>
    </p>
   </div>
   <div class='ocr_carea' id='block_1_59' title="bbox 1909 3056 3491 3133">
    <p class='ocr_par' dir='ltr' id='par_1_59' title="bbox 1909 3056 3491 3133">
     <span class='ocr_line' id='line_1_60' title="bbox 1909 3056 3491 3133; baseline -0.007 -11"><span class='ocrx_word' id='word_1_442' title='bbox 1909 3067 2122 3122; x_wconf 75' lang='lat' dir='ltr'><strong>stautia:</strong></span> <span class='ocrx_word' id='word_1_443' title='bbox 2150 3064 2366 3133; x_wconf 83' lang='lat' dir='ltr'><strong>quidem</strong></span> <span class='ocrx_word' id='word_1_444' title='bbox 2420 3077 2525 3118; x_wconf 89' lang='lat' dir='ltr'><strong>non</strong></span> <span class='ocrx_word' id='word_1_445' title='bbox 2556 3070 2685 3118; x_wconf 90' lang='lat' dir='ltr'><strong>sunt</strong></span> <span class='ocrx_word' id='word_1_446' title='bbox 2726 3071 2980 3127; x_wconf 84' lang='lat' dir='ltr'><strong>mutatae;</strong></span> <span class='ocrx_word' id='word_1_447' title='bbox 3030 3073 3228 3132; x_wconf 87' lang='lat' dir='ltr'><strong>corpus</strong></span> <span class='ocrx_word' id='word_1_448' title='bbox 3253 3057 3397 3114; x_wconf 83' lang='lat' dir='ltr'><strong>enim</strong></span> <span class='ocrx_word' id='word_1_449' title='bbox 3433 3056 3491 3112; x_wconf 91' lang='lat' dir='ltr'><strong>in</strong></span> 
     </span>
    </p>
   </div>
   <div class='ocr_carea' id='block_1_60' title="bbox 1907 3151 3493 3227">
    <p class='ocr_par' dir='ltr' id='par_1_60' title="bbox 1907 3151 3493 3227">
     <span class='ocr_line' id='line_1_61' title="bbox 1907 3151 3493 3227; baseline -0.005 -14"><span class='ocrx_word' id='word_1_450' title='bbox 1907 3157 2208 3213; x_wconf 87' lang='lat' dir='ltr'><strong>substantia</strong></span> <span class='ocrx_word' id='word_1_451' title='bbox 2237 3156 2481 3226; x_wconf 88' lang='lat' dir='ltr'><strong>corporis</strong></span> <span class='ocrx_word' id='word_1_452' title='bbox 2534 3162 2864 3227; x_wconf 81' lang='lat' dir='ltr'><strong>perseverat.</strong></span> <span class='ocrx_word' id='word_1_453' title='bbox 2916 3153 3034 3210; x_wconf 83' lang='lat' dir='ltr'><strong>Non</strong></span> <span class='ocrx_word' id='word_1_454' title='bbox 3065 3153 3212 3208; x_wconf 89' lang='lat' dir='ltr'><strong>aliud</strong></span> <span class='ocrx_word' id='word_1_455' title='bbox 3245 3151 3444 3207; x_wconf 82' lang='lat' dir='ltr'><strong>factum</strong></span> <span class='ocrx_word' id='word_1_456' title='bbox 3472 3166 3493 3216; x_wconf 88' lang='lat'><strong>;</strong></span> 
     </span>
    </p>
   </div>
   <div class='ocr_carea' id='block_1_61' title="bbox 1912 3246 3488 3322">
    <p class='ocr_par' dir='ltr' id='par_1_61' title="bbox 1912 3246 3488 3322">
     <span class='ocr_line' id='line_1_62' title="bbox 1912 3246 3488 3322; baseline -0.006 -15"><span class='ocrx_word' id='word_1_457' title='bbox 1912 3267 2014 3308; x_wconf 88' lang='lat' dir='ltr'><strong>nec</strong></span> <span class='ocrx_word' id='word_1_458' title='bbox 2064 3253 2207 3306; x_wconf 82' lang='lat' dir='ltr'><strong>enim</strong></span> <span class='ocrx_word' id='word_1_459' title='bbox 2237 3266 2434 3322; x_wconf 89' lang='lat' dir='ltr'><strong>corpus</strong></span> <span class='ocrx_word' id='word_1_460' title='bbox 2487 3251 2539 3304; x_wconf 90' lang='lat' dir='ltr'><strong>in</strong></span> <span class='ocrx_word' id='word_1_461' title='bbox 2605 3249 2985 3320; x_wconf 88' lang='lat' dir='ltr'><strong>incorporeum</strong></span> <span class='ocrx_word' id='word_1_462' title='bbox 3033 3246 3350 3302; x_wconf 86' lang='lat' dir='ltr'><strong>translatum</strong></span> <span class='ocrx_word' id='word_1_463' title='bbox 3385 3253 3488 3312; x_wconf 88' lang='lat' dir='ltr'><strong>est,</strong></span> 
     </span>
    </p>
   </div>
   <div class='ocr_carea' id='block_1_62' title="bbox 1913 3337 3492 3408">
    <p class='ocr_par' dir='ltr' id='par_1_62' title="bbox 1913 3337 3492 3408">
     <span class='ocr_line' id='line_1_63' title="bbox 1913 3337 3492 3408; baseline -0.002 -10"><span class='ocrx_word' id='word_1_464' title='bbox 1913 3357 2012 3398; x_wconf 90' lang='lat' dir='ltr'><strong>nec</strong></span> <span class='ocrx_word' id='word_1_465' title='bbox 2038 3344 2218 3396; x_wconf 89' lang='lat' dir='ltr'><strong>anima</strong></span> <span class='ocrx_word' id='word_1_466' title='bbox 2253 3342 2355 3397; x_wconf 88' lang='lat' dir='ltr'><strong>alia</strong></span> <span class='ocrx_word' id='word_1_467' title='bbox 2382 3341 2590 3396; x_wconf 73' lang='lat' dir='ltr'><strong>exstitit</strong></span> <span class='ocrx_word' id='word_1_468' title='bbox 2619 3341 2913 3396; x_wconf 87' lang='lat' dir='ltr'><strong>secundum</strong></span> <span class='ocrx_word' id='word_1_469' title='bbox 2937 3337 3294 3395; x_wconf 86' lang='lat' dir='ltr'><strong>substantiam</strong></span> <span class='ocrx_word' id='word_1_470' title='bbox 3319 3354 3334 3391; x_wconf 89' lang='lat'><strong>:</strong></span> <span class='ocrx_word' id='word_1_471' title='bbox 3362 3337 3492 3408; x_wconf 77' lang='lat' dir='ltr'><strong>quin</strong></span> 
     </span>
    </p>
   </div>
   <div class='ocr_carea' id='block_1_63' title="bbox 1911 3430 3494 3504">
    <p class='ocr_par' dir='ltr' id='par_1_63' title="bbox 1911 3430 3494 3504">
     <span class='ocr_line' id='line_1_64' title="bbox 1911 3430 3494 3504; baseline -0.004 -17"><span class='ocrx_word' id='word_1_472' title='bbox 1911 3433 2092 3504; x_wconf 88' lang='lat' dir='ltr'><strong>potius</strong></span> <span class='ocrx_word' id='word_1_473' title='bbox 2151 3432 2495 3488; x_wconf 87' lang='lat' dir='ltr'><strong>manentibus</strong></span> <span class='ocrx_word' id='word_1_474' title='bbox 2517 3430 2858 3499; x_wconf 84' lang='lat' dir='ltr'><strong>substantiis,</strong></span> <span class='ocrx_word' id='word_1_475' title='bbox 2915 3445 3022 3486; x_wconf 93' lang='lat' dir='ltr'><strong>non</strong></span> <span class='ocrx_word' id='word_1_476' title='bbox 3077 3434 3494 3501; x_wconf 72' lang='lat' dir='ltr'><strong>permanserunt</strong></span> 
     </span>
    </p>
   </div>
   <div class='ocr_carea' id='block_1_64' title="bbox 1912 3524 2113 3579">
    <p class='ocr_par' dir='ltr' id='par_1_64' title="bbox 1912 3524 2113 3579">
     <span class='ocr_line' id='line_1_65' title="bbox 1912 3524 2113 3579; baseline -0.005 0"><span class='ocrx_word' id='word_1_477' title='bbox 1912 3524 2113 3579; x_wconf 89' lang='lat' dir='ltr'><strong>studia.</strong></span> 
     </span>
    </p>
   </div>
   <div class='ocr_carea' id='block_1_65' title="bbox 1102 3612 2587 3685">
    <p class='ocr_par' dir='ltr' id='par_1_65' title="bbox 1102 3612 2587 3685">
     <span class='ocr_line' id='line_1_66' title="bbox 1102 3612 2587 3685; baseline 0 -15"><span class='ocrx_word' id='word_1_478' title='bbox 1102 3613 1235 3670; x_wconf 73' lang='lat' dir='ltr'><strong>CAP.</strong></span> <span class='ocrx_word' id='word_1_479' title='bbox 1269 3612 1458 3669; x_wconf 81' lang='lat' dir='ltr'><strong>XVIII.</strong></span> <span class='ocrx_word' id='word_1_480' title='bbox 1501 3613 1649 3670; x_wconf 84' lang='lat' dir='ltr'><strong>Idem</strong></span> <span class='ocrx_word' id='word_1_481' title='bbox 1687 3625 2051 3685; x_wconf 82' lang='lat' dir='ltr'><strong>argumentum</strong></span> <span class='ocrx_word' id='word_1_482' title='bbox 2093 3631 2275 3670; x_wconf 89' lang='lat' dir='ltr'><strong>rursus</strong></span> <span class='ocrx_word' id='word_1_483' title='bbox 2305 3623 2587 3670; x_wconf 81' lang='lat' dir='ltr'><strong>astruttur.</strong></span> 
     </span>
    </p>
   </div>
   <div class='ocr_carea' id='block_1_66' title="bbox 177 3696 1822 3788">
    <p class='ocr_par' dir='ltr' id='par_1_66' title="bbox 177 3696 1811 3782">
     <span class='ocr_line' id='line_1_67' title="bbox 177 3696 1811 3782; baseline 0.005 -26"><span class='ocrx_word' id='word_1_484' title='bbox 177 3731 206 3756; x_wconf 77' lang='grc' dir='ltr'><strong><em>ο</em></strong></span> <span class='ocrx_word' id='word_1_485' title='bbox 289 3703 358 3758; x_wconf 86' lang='grc' dir='ltr'>Τί</span> <span class='ocrx_word' id='word_1_486' title='bbox 387 3696 482 3762; x_wconf 76' lang='grc' dir='ltr'>οὖν</span> <span class='ocrx_word' id='word_1_487' title='bbox 529 3705 795 3778; x_wconf 73' lang='grc' dir='ltr'>ὲροῦμενς</span> <span class='ocrx_word' id='word_1_488' title='bbox 826 3709 875 3763; x_wconf 83' lang='grc' dir='ltr'><strong>εί</strong></span> <span class='ocrx_word' id='word_1_489' title='bbox 921 3710 1198 3782; x_wconf 85' lang='grc' dir='ltr'>μενουσῶν</span> <span class='ocrx_word' id='word_1_490' title='bbox 1228 3710 1338 3765; x_wconf 90' lang='grc' dir='ltr'><strong>τῶν</strong></span> <span class='ocrx_word' id='word_1_491' title='bbox 1365 3711 1561 3765; x_wconf 77' lang='grc' dir='ltr'>οὐσιῶν</span> <span class='ocrx_word' id='word_1_492' title='bbox 1592 3709 1660 3764; x_wconf 82' lang='grc' dir='ltr'>τὰ</span> <span class='ocrx_word' id='word_1_493' title='bbox 1692 3709 1811 3764; x_wconf 85' lang='grc' dir='ltr'>ὲπι-</span> 
     </span>
    </p>
   </div>
   <div class='ocr_carea' id='block_1_67' title="bbox 1911 3696 3494 3788">
    <p class='ocr_par' dir='ltr' id='par_1_67' title="bbox 1984 3705 3494 3788">
     <span class='ocr_line' id='line_1_68' title="bbox 1984 3705 3494 3788; baseline -0.002 -23"><span class='ocrx_word' id='word_1_494' title='bbox 1984 3710 2124 3776; x_wconf 81' lang='lat' dir='ltr'><strong>Quid</strong></span> <span class='ocrx_word' id='word_1_495' title='bbox 2180 3711 2346 3782; x_wconf 79' lang='lat' dir='ltr'><strong>igitur</strong></span> <span class='ocrx_word' id='word_1_496' title='bbox 2376 3709 2661 3767; x_wconf 81' lang='lat' dir='ltr'><strong>dicemus?</strong></span> <span class='ocrx_word' id='word_1_497' title='bbox 2692 3709 2738 3766; x_wconf 88' lang='lat' dir='ltr'><strong>si</strong></span> <span class='ocrx_word' id='word_1_498' title='bbox 2777 3708 3131 3788; x_wconf 80' lang='lat' dir='ltr'><strong>manentibus</strong></span> <span class='ocrx_word' id='word_1_499' title='bbox 3174 3705 3494 3765; x_wconf 85' lang='lat' dir='ltr'><strong>substantiis</strong></span> 
     </span>
    </p>
   </div>
   <div class='ocr_carea' id='block_1_68' title="bbox 211 3793 1804 3873">
    <p class='ocr_par' dir='ltr' id='par_1_68' title="bbox 211 3793 1804 3873">
     <span class='ocr_line' id='line_1_69' title="bbox 211 3793 1804 3873; baseline 0.003 -24"><span class='ocrx_word' id='word_1_500' title='bbox 211 3793 533 3868; x_wconf 83' lang='grc' dir='ltr'>τηδεύματα</span> <span class='ocrx_word' id='word_1_501' title='bbox 565 3799 668 3853; x_wconf 90' lang='grc' dir='ltr'><strong>οὐκ</strong></span> <span class='ocrx_word' id='word_1_502' title='bbox 702 3799 938 3870; x_wconf 76' lang='grc' dir='ltr'>ἔμεινεν,</span> <span class='ocrx_word' id='word_1_503' title='bbox 974 3801 1158 3856; x_wconf 81' lang='grc' dir='ltr'>οὐκέτι</span> <span class='ocrx_word' id='word_1_504' title='bbox 1209 3800 1440 3873; x_wconf 86' lang='grc' dir='ltr'>οὐσιώδη</span> <span class='ocrx_word' id='word_1_505' title='bbox 1476 3801 1546 3854; x_wconf 83' lang='grc' dir='ltr'>τὰ</span> <span class='ocrx_word' id='word_1_506' title='bbox 1609 3800 1804 3872; x_wconf 78' lang='grc' dir='ltr'>ἐπιτη-</span> 
     </span>
    </p>
   </div>
   <div class='ocr_carea' id='block_1_69' title="bbox 210 3887 1800 3968">
    <p class='ocr_par' dir='ltr' id='par_1_69' title="bbox 210 3887 1800 3968">
     <span class='ocr_line' id='line_1_70' title="bbox 210 3887 1800 3968; baseline 0.003 -26"><span class='ocrx_word' id='word_1_507' title='bbox 210 3887 496 3961; x_wconf 84' lang='grc' dir='ltr'>δεύματα·</span> <span class='ocrx_word' id='word_1_508' title='bbox 525 3887 562 3964; x_wconf 78' lang='grc' dir='ltr'>ἦ</span> <span class='ocrx_word' id='word_1_509' title='bbox 625 3893 734 3966; x_wconf 77' lang='grc' dir='ltr'><strong>γὰρ</strong></span> <span class='ocrx_word' id='word_1_510' title='bbox 801 3895 867 3949; x_wconf 76' lang='grc' dir='ltr'>ἂν</span> <span class='ocrx_word' id='word_1_511' title='bbox 913 3897 1008 3951; x_wconf 72' lang='grc' dir='ltr'>καὶ</span> <span class='ocrx_word' id='word_1_512' title='bbox 1057 3896 1336 3968; x_wconf 85' lang='grc' dir='ltr'>συνέμεινε</span> <span class='ocrx_word' id='word_1_513' title='bbox 1397 3897 1518 3958; x_wconf 86' lang='grc' dir='ltr'>ταῖς</span> <span class='ocrx_word' id='word_1_514' title='bbox 1568 3894 1800 3960; x_wconf 78' lang='grc' dir='ltr'>οὐσίαις,</span> 
     </span>
    </p>
   </div>
   <div class='ocr_carea' id='block_1_70' title="bbox 210 3981 1802 4058">
    <p class='ocr_par' dir='ltr' id='par_1_70' title="bbox 210 3981 1802 4058">
     <span class='ocr_line' id='line_1_71' title="bbox 210 3981 1802 4058; baseline 0.002 -24"><span class='ocrx_word' id='word_1_515' title='bbox 210 3981 311 4035; x_wconf 74' lang='grc' dir='ltr'><strong>καὶ</strong></span> <span class='ocrx_word' id='word_1_516' title='bbox 341 3982 441 4036; x_wconf 83' lang='grc' dir='ltr'><strong>οὐκ</strong></span> <span class='ocrx_word' id='word_1_517' title='bbox 475 3983 541 4037; x_wconf 76' lang='grc' dir='ltr'>ἂν</span> <span class='ocrx_word' id='word_1_518' title='bbox 573 3985 976 4056; x_wconf 80' lang='grc' dir='ltr'>ἀπηλλάττοντο</span> <span class='ocrx_word' id='word_1_519' title='bbox 999 4005 1013 4020; x_wconf 98' lang='grc'><strong>·</strong></span> <span class='ocrx_word' id='word_1_520' title='bbox 1051 3988 1178 4042; x_wconf 81' lang='grc' dir='ltr'>εἰδὲ</span> <span class='ocrx_word' id='word_1_521' title='bbox 1217 3987 1557 4058; x_wconf 86' lang='grc' dir='ltr'>μεμενήκασι</span> <span class='ocrx_word' id='word_1_522' title='bbox 1619 3983 1720 4056; x_wconf 77' lang='grc' dir='ltr'>μὲν</span> <span class='ocrx_word' id='word_1_523' title='bbox 1745 3984 1802 4037; x_wconf 72' lang='grc' dir='ltr'>αἱ</span> 
     </span>
    </p>
   </div>
   <div class='ocr_carea' id='block_1_71' title="bbox 209 4072 1799 4150">
    <p class='ocr_par' dir='ltr' id='par_1_71' title="bbox 209 4072 1799 4150">
     <span class='ocr_line' id='line_1_72' title="bbox 209 4072 1799 4150; baseline 0.002 -23"><span class='ocrx_word' id='word_1_524' title='bbox 209 4072 414 4140; x_wconf 82' lang='grc' dir='ltr'>οὐσίαι,</span> <span class='ocrx_word' id='word_1_525' title='bbox 476 4076 538 4128; x_wconf 87' lang='grc' dir='ltr'><strong>οὐ</strong></span> <span class='ocrx_word' id='word_1_526' title='bbox 591 4079 931 4150; x_wconf 78' lang='grc' dir='ltr'>μεμενήκασι</span> <span class='ocrx_word' id='word_1_527' title='bbox 968 4080 1025 4133; x_wconf 84' lang='grc' dir='ltr'>δὲ</span> <span class='ocrx_word' id='word_1_528' title='bbox 1078 4079 1147 4134; x_wconf 75' lang='grc' dir='ltr'><strong>τὰ</strong></span> <span class='ocrx_word' id='word_1_529' title='bbox 1195 4077 1630 4149; x_wconf 82' lang='grc' dir='ltr'>ἐπιτηδεύματα,</span> <span class='ocrx_word' id='word_1_530' title='bbox 1684 4076 1799 4130; x_wconf 83' lang='grc' dir='ltr'>ἀλλ’</span> 
     </span>
    </p>
   </div>
   <div class='ocr_carea' id='block_1_72' title="bbox 211 4165 1798 4243">
    <p class='ocr_par' dir='ltr' id='par_1_72' title="bbox 211 4165 1798 4243">
     <span class='ocr_line' id='line_1_73' title="bbox 211 4165 1798 4243; baseline 0.002 -23"><span class='ocrx_word' id='word_1_531' title='bbox 211 4165 494 4239; x_wconf 72' lang='grc' dir='ltr'>ὀφθαλμὸς</span> <span class='ocrx_word' id='word_1_532' title='bbox 527 4169 556 4221; x_wconf 89' lang='lat'><strong>6</strong></span> <span class='ocrx_word' id='word_1_533' title='bbox 601 4170 771 4222; x_wconf 86' lang='grc' dir='ltr'>πάλαι</span> <span class='ocrx_word' id='word_1_534' title='bbox 815 4172 1138 4243; x_wconf 81' lang='grc' dir='ltr'>αἱρούμενος</span> <span class='ocrx_word' id='word_1_535' title='bbox 1173 4173 1239 4242; x_wconf 79' lang='grc' dir='ltr'>τῇ</span> <span class='ocrx_word' id='word_1_536' title='bbox 1281 4171 1441 4242; x_wconf 80' lang='grc' dir='ltr'>ἡδονῇ</span> <span class='ocrx_word' id='word_1_537' title='bbox 1493 4169 1798 4224; x_wconf 68' lang='grc' dir='ltr'>ἀντικλεὶἘα</span> 
     </span>
    </p>
   </div>
   <div class='ocr_carea' id='block_1_73' title="bbox 209 4253 1801 4335">
    <p class='ocr_par' dir='ltr' id='par_1_73' title="bbox 209 4253 1801 4335">
     <span class='ocr_line' id='line_1_74' title="bbox 209 4253 1801 4335; baseline 0.003 -24"><span class='ocrx_word' id='word_1_538' title='bbox 209 4257 315 4329; x_wconf 80' lang='grc' dir='ltr'><strong>τὴν</strong></span> <span class='ocrx_word' id='word_1_539' title='bbox 337 4253 692 4331; x_wconf 77' lang='grc' dir='ltr'>σωφροσύνην</span> <span class='ocrx_word' id='word_1_540' title='bbox 715 4261 907 4333; x_wconf 80' lang='grc' dir='ltr'>ἔσχεν·</span> <span class='ocrx_word' id='word_1_541' title='bbox 960 4265 994 4335; x_wconf 76' lang='grc' dir='ltr'><strong>ἡ</strong></span> <span class='ocrx_word' id='word_1_542' title='bbox 1019 4263 1076 4316; x_wconf 83' lang='grc' dir='ltr'>δὲ</span> <span class='ocrx_word' id='word_1_543' title='bbox 1109 4261 1331 4332; x_wconf 88' lang='grc' dir='ltr'>γλῶσσα</span> <span class='ocrx_word' id='word_1_544' title='bbox 1369 4263 1403 4334; x_wconf 80' lang='grc' dir='ltr'>ἡ</span> <span class='ocrx_word' id='word_1_545' title='bbox 1457 4263 1626 4316; x_wconf 80' lang='grc' dir='ltr'>πάλαι</span> <span class='ocrx_word' id='word_1_546' title='bbox 1671 4263 1801 4334; x_wconf 90' lang='grc' dir='ltr'>πρό-</span> 
     </span>
    </p>
   </div>
   <div class='ocr_carea' id='block_1_74' title="bbox 211 4350 1794 4422">
    <p class='ocr_par' dir='ltr' id='par_1_74' title="bbox 211 4350 1794 4422">
     <span class='ocr_line' id='line_1_75' title="bbox 211 4350 1794 4422; baseline 0.004 -23"><span class='ocrx_word' id='word_1_547' title='bbox 211 4363 397 4419; x_wconf 82' lang='grc' dir='ltr'>χειρος</span> <span class='ocrx_word' id='word_1_548' title='bbox 414 4350 508 4402; x_wconf 76' lang='grc' dir='ltr'><strong>καὶ</strong></span> <span class='ocrx_word' id='word_1_549' title='bbox 532 4350 847 4422; x_wconf 78' lang='grc' dir='ltr'>πρόϐουλος,</span> <span class='ocrx_word' id='word_1_550' title='bbox 866 4353 959 4406; x_wconf 80' lang='grc' dir='ltr'>καὶ</span> <span class='ocrx_word' id='word_1_551' title='bbox 984 4351 1093 4406; x_wconf 90' lang='grc' dir='ltr'><strong>τῶν</strong></span> <span class='ocrx_word' id='word_1_552' title='bbox 1117 4350 1324 4422; x_wconf 87' lang='grc' dir='ltr'>βουλῶν</span> <span class='ocrx_word' id='word_1_553' title='bbox 1347 4351 1794 4422; x_wconf 86' lang='grc' dir='ltr'>προεπαγομένη,</span> 
     </span>
    </p>
   </div>
   <div class='ocr_carea' id='block_1_75' title="bbox 211 4441 1794 4515">
    <p class='ocr_par' dir='ltr' id='par_1_75' title="bbox 211 4441 1794 4515">
     <span class='ocr_line' id='line_1_76' title="bbox 211 4441 1794 4515; baseline -0.001 -18"><span class='ocrx_word' id='word_1_554' title='bbox 211 4441 340 4512; x_wconf 76' lang='grc' dir='ltr'>ἄρτι</span> <span class='ocrx_word' id='word_1_555' title='bbox 379 4441 580 4514; x_wconf 82' lang='grc' dir='ltr'>χαλινῷ</span> <span class='ocrx_word' id='word_1_556' title='bbox 607 4443 874 4511; x_wconf 80' lang='grc' dir='ltr'>πείθεται,</span> <span class='ocrx_word' id='word_1_557' title='bbox 911 4445 1006 4499; x_wconf 78' lang='grc' dir='ltr'><strong>καὶ</strong></span> <span class='ocrx_word' id='word_1_558' title='bbox 1042 4443 1322 4513; x_wconf 81' lang='grc' dir='ltr'>ὁμολογεῖ,</span> <span class='ocrx_word' id='word_1_559' title='bbox 1347 4442 1446 4496; x_wconf 73' lang='grc' dir='ltr'>καὶ</span> <span class='ocrx_word' id='word_1_560' title='bbox 1480 4441 1550 4496; x_wconf 81' lang='grc' dir='ltr'>τὰ</span> <span class='ocrx_word' id='word_1_561' title='bbox 1577 4442 1794 4515; x_wconf 77' lang='grc' dir='ltr'>ἀσφαλῆ</span> 
     </span>
    </p>
   </div>
   <div class='ocr_carea' id='block_1_76' title="bbox 213 4531 1794 4607">
    <p class='ocr_par' dir='ltr' id='par_1_76' title="bbox 213 4531 1794 4607">
     <span class='ocr_line' id='line_1_77' title="bbox 213 4531 1794 4607; baseline 0.003 -23"><span class='ocrx_word' id='word_1_562' title='bbox 213 4531 546 4602; x_wconf 81' lang='grc' dir='ltr'>φθέγγεται·</span> <span class='ocrx_word' id='word_1_563' title='bbox 605 4534 666 4588; x_wconf 79' lang='grc' dir='ltr'>τὸ</span> <span class='ocrx_word' id='word_1_564' title='bbox 724 4533 781 4588; x_wconf 84' lang='grc' dir='ltr'>δὲ</span> <span class='ocrx_word' id='word_1_565' title='bbox 825 4535 985 4607; x_wconf 89' lang='grc' dir='ltr'>σῶμα</span> <span class='ocrx_word' id='word_1_566' title='bbox 1035 4533 1506 4605; x_wconf 83' lang='grc' dir='ltr'>ὲκδεδιαιτημένον</span> <span class='ocrx_word' id='word_1_567' title='bbox 1537 4532 1648 4605; x_wconf 64' lang='grc' dir='ltr'><strong>ΜΩ)</strong></span> <span class='ocrx_word' id='word_1_568' title='bbox 1670 4535 1794 4606; x_wconf 76' lang='grc' dir='ltr'>ἄρτι</span> 
     </span>
    </p>
   </div>
   <div class='ocr_carea' id='block_1_77' title="bbox 161 4619 1795 4696">
    <p class='ocr_par' dir='ltr' id='par_1_77' title="bbox 161 4619 1795 4696">
     <span class='ocr_line' id='line_1_78' title="bbox 161 4619 1795 4696; baseline 0.002 -21"><span class='ocrx_word' id='word_1_569' title='bbox 161 4627 168 4631; x_wconf 85' lang='grc'><em>’</em></span> <span class='ocrx_word' id='word_1_570' title='bbox 209 4625 414 4694; x_wconf 59' lang='grc' dir='ltr'><strong>⁴ᾕρεμεῖ</strong></span> <span class='ocrx_word' id='word_1_571' title='bbox 461 4625 554 4678; x_wconf 79' lang='grc' dir='ltr'>καὶ</span> <span class='ocrx_word' id='word_1_572' title='bbox 584 4625 908 4696; x_wconf 83' lang='grc' dir='ltr'>συνεστάλη,</span> <span class='ocrx_word' id='word_1_573' title='bbox 937 4627 1029 4680; x_wconf 70' lang='grc' dir='ltr'>καὶ</span> <span class='ocrx_word' id='word_1_574' title='bbox 1048 4624 1234 4679; x_wconf 79' lang='grc' dir='ltr'>λοιπὸν</span> <span class='ocrx_word' id='word_1_575' title='bbox 1261 4627 1563 4696; x_wconf 84' lang='grc' dir='ltr'>σωφρονεῖ·</span> <span class='ocrx_word' id='word_1_576' title='bbox 1604 4624 1704 4678; x_wconf 90' lang='grc' dir='ltr'><strong>οὐκ</strong></span> <span class='ocrx_word' id='word_1_577' title='bbox 1725 4619 1795 4696; x_wconf 78' lang='grc' dir='ltr'>ἦν</span> 
     </span>
    </p>
   </div>
   <div class='ocr_carea' id='block_1_78' title="bbox 209 4715 1793 4789">
    <p class='ocr_par' dir='ltr' id='par_1_78' title="bbox 209 4715 1793 4789">
     <span class='ocr_line' id='line_1_79' title="bbox 209 4715 1793 4789; baseline 0.001 -21"><span class='ocrx_word' id='word_1_578' title='bbox 209 4715 376 4785; x_wconf 76' lang='grc' dir='ltr'>φύσις</span> <span class='ocrx_word' id='word_1_579' title='bbox 417 4715 512 4770; x_wconf 80' lang='grc' dir='ltr'><strong>τοῦ</strong></span> <span class='ocrx_word' id='word_1_580' title='bbox 545 4717 824 4788; x_wconf 76' lang='grc' dir='ltr'>ὀφθαλμοῦ</span> <span class='ocrx_word' id='word_1_581' title='bbox 859 4717 1056 4789; x_wconf 70' lang='grc' dir='ltr'>ὄρεξις,</span> <span class='ocrx_word' id='word_1_582' title='bbox 1098 4715 1222 4770; x_wconf 79' lang='grc' dir='ltr'>οὐτε</span> <span class='ocrx_word' id='word_1_583' title='bbox 1275 4716 1524 4788; x_wconf 84' lang='grc' dir='ltr'>γλώττης</span> <span class='ocrx_word' id='word_1_584' title='bbox 1582 4715 1793 4788; x_wconf 79' lang='grc' dir='ltr'>προπέ-</span> 
     </span>
    </p>
   </div>
   <div class='ocr_carea' id='block_1_79' title="bbox 206 4806 1794 4882">
    <p class='ocr_par' dir='ltr' id='par_1_79' title="bbox 206 4806 1794 4882">
     <span class='ocr_line' id='line_1_80' title="bbox 206 4806 1794 4882; baseline 0.001 -21"><span class='ocrx_word' id='word_1_585' title='bbox 206 4825 351 4872; x_wconf 90' lang='grc' dir='ltr'>τεια,</span> <span class='ocrx_word' id='word_1_586' title='bbox 379 4806 503 4862; x_wconf 80' lang='grc' dir='ltr'>οὐτε</span> <span class='ocrx_word' id='word_1_587' title='bbox 534 4807 784 4880; x_wconf 87' lang='grc' dir='ltr'>σώματος</span> <span class='ocrx_word' id='word_1_588' title='bbox 813 4812 845 4882; x_wconf 78' lang='grc' dir='ltr'><strong>ὴ</strong></span> <span class='ocrx_word' id='word_1_589' title='bbox 877 4809 1137 4882; x_wconf 75' lang='grc' dir='ltr'>ῥᾳθυμία·</span> <span class='ocrx_word' id='word_1_590' title='bbox 1172 4809 1232 4864; x_wconf 92' lang='grc' dir='ltr'><strong>οὐ</strong></span> <span class='ocrx_word' id='word_1_591' title='bbox 1265 4810 1377 4881; x_wconf 70' lang='lat' dir='ltr'><strong>(IS)</strong></span> <span class='ocrx_word' id='word_1_592' title='bbox 1407 4809 1465 4864; x_wconf 83' lang='grc' dir='ltr'>δὲ</span> <span class='ocrx_word' id='word_1_593' title='bbox 1495 4812 1608 4874; x_wconf 86' lang='grc' dir='ltr'>τοῖς</span> <span class='ocrx_word' id='word_1_594' title='bbox 1642 4826 1794 4879; x_wconf 81' lang='grc' dir='ltr'>φυσι-</span> 
     </span>
    </p>
   </div>
   <div class='ocr_carea' id='block_1_80' title="bbox 208 4901 1793 4974">
    <p class='ocr_par' dir='ltr' id='par_1_80' title="bbox 208 4901 1793 4974">
     <span class='ocr_line' id='line_1_81' title="bbox 208 4901 1793 4974; baseline 0.002 -21"><span class='ocrx_word' id='word_1_595' title='bbox 208 4902 328 4962; x_wconf 85' lang='grc' dir='ltr'>κοῖς</span> <span class='ocrx_word' id='word_1_596' title='bbox 355 4901 642 4972; x_wconf 76' lang='grc' dir='ltr'>ἐπιστῆναι</span> <span class='ocrx_word' id='word_1_597' title='bbox 675 4901 776 4966; x_wconf 88' lang='grc' dir='ltr'>δεῖ,</span> <span class='ocrx_word' id='word_1_598' title='bbox 809 4905 906 4956; x_wconf 78' lang='grc' dir='ltr'><strong>καὶ</strong></span> <span class='ocrx_word' id='word_1_599' title='bbox 931 4901 1103 4956; x_wconf 82' lang='grc' dir='ltr'>ταῦτα</span> <span class='ocrx_word' id='word_1_600' title='bbox 1129 4902 1204 4974; x_wconf 75' lang='grc' dir='ltr'>μὴ</span> <span class='ocrx_word' id='word_1_601' title='bbox 1232 4903 1543 4974; x_wconf 85' lang='grc' dir='ltr'>σιωπῆσαι·</span> <span class='ocrx_word' id='word_1_602' title='bbox 1593 4901 1793 4971; x_wconf 81' lang='grc' dir='ltr'>ὀφθαλ-</span> 
     </span>
    </p>
   </div>
   <div class='ocr_carea' id='block_1_81' title="bbox 210 4988 1791 5066">
    <p class='ocr_par' dir='ltr' id='par_1_81' title="bbox 210 4988 1791 5066">
     <span class='ocr_line' id='line_1_82' title="bbox 210 4988 1791 5066; baseline 0.002 -21"><span class='ocrx_word' id='word_1_603' title='bbox 210 4992 316 5064; x_wconf 85' lang='grc' dir='ltr'>μοῦ</span> <span class='ocrx_word' id='word_1_604' title='bbox 342 4988 410 5064; x_wconf 84' lang='grc' dir='ltr'>ἦν</span> <span class='ocrx_word' id='word_1_605' title='bbox 435 4995 495 5048; x_wconf 76' lang='grc' dir='ltr'>τὸ</span> <span class='ocrx_word' id='word_1_606' title='bbox 525 4993 761 5064; x_wconf 86' lang='grc' dir='ltr'>βλέπειν,</span> <span class='ocrx_word' id='word_1_607' title='bbox 817 4995 877 5048; x_wconf 87' lang='grc' dir='ltr'><strong>οὐ</strong></span> <span class='ocrx_word' id='word_1_608' title='bbox 899 4995 960 5048; x_wconf 84' lang='grc' dir='ltr'>τὸ</span> <span class='ocrx_word' id='word_1_609' title='bbox 998 4994 1115 5059; x_wconf 89' lang='grc' dir='ltr'><strong>πῶς</strong></span> <span class='ocrx_word' id='word_1_610' title='bbox 1139 4994 1358 5066; x_wconf 84' lang='grc' dir='ltr'>βλέπειν</span> <span class='ocrx_word' id='word_1_611' title='bbox 1385 5011 1398 5026; x_wconf 99' lang='grc'><strong>·</strong></span> <span class='ocrx_word' id='word_1_612' title='bbox 1429 4995 1525 5050; x_wconf 74' lang='grc' dir='ltr'>καὶ</span> <span class='ocrx_word' id='word_1_613' title='bbox 1547 4993 1791 5066; x_wconf 88' lang='grc' dir='ltr'>γλώττης</span> 
     </span>
    </p>
   </div>
   <div class='ocr_carea' id='block_1_82' title="bbox 1911 3800 3491 3874">
    <p class='ocr_par' dir='ltr' id='par_1_82' title="bbox 1911 3800 3491 3874">
     <span class='ocr_line' id='line_1_83' title="bbox 1911 3800 3491 3874; baseline -0.004 -14"><span class='ocrx_word' id='word_1_614' title='bbox 1911 3819 2019 3860; x_wconf 88' lang='lat' dir='ltr'><strong>non</strong></span> <span class='ocrx_word' id='word_1_615' title='bbox 2055 3814 2471 3874; x_wconf 89' lang='lat' dir='ltr'><strong>permanserunt</strong></span> <span class='ocrx_word' id='word_1_616' title='bbox 2501 3803 2699 3870; x_wconf 89' lang='lat' dir='ltr'><strong>studia,</strong></span> <span class='ocrx_word' id='word_1_617' title='bbox 2741 3819 2846 3860; x_wconf 93' lang='lat' dir='ltr'><strong>non</strong></span> <span class='ocrx_word' id='word_1_618' title='bbox 2887 3803 3071 3859; x_wconf 89' lang='lat' dir='ltr'><strong>insunt</strong></span> <span class='ocrx_word' id='word_1_619' title='bbox 3108 3806 3162 3858; x_wconf 88' lang='lat' dir='ltr'><strong>in</strong></span> <span class='ocrx_word' id='word_1_620' title='bbox 3188 3800 3491 3858; x_wconf 82' lang='lat' dir='ltr'><strong>substantia</strong></span> 
     </span>
    </p>
   </div>
   <div class='ocr_carea' id='block_1_83' title="bbox 1909 3891 3490 3960">
    <p class='ocr_par' dir='ltr' id='par_1_83' title="bbox 1909 3891 3490 3960">
     <span class='ocr_line' id='line_1_84' title="bbox 1909 3891 3490 3960; baseline -0.004 -8"><span class='ocrx_word' id='word_1_621' title='bbox 1909 3895 2110 3952; x_wconf 91' lang='lat' dir='ltr'><strong>studia.</strong></span> <span class='ocrx_word' id='word_1_622' title='bbox 2172 3895 2230 3952; x_wconf 92' lang='lat' dir='ltr'><strong>Si</strong></span> <span class='ocrx_word' id='word_1_623' title='bbox 2266 3899 2412 3952; x_wconf 89' lang='lat' dir='ltr'><strong>enim</strong></span> <span class='ocrx_word' id='word_1_624' title='bbox 2454 3897 2507 3952; x_wconf 93' lang='lat' dir='ltr'><strong>iu</strong></span> <span class='ocrx_word' id='word_1_625' title='bbox 2535 3897 2836 3953; x_wconf 88' lang='lat' dir='ltr'><strong>substantia</strong></span> <span class='ocrx_word' id='word_1_626' title='bbox 2885 3895 3144 3960; x_wconf 74' lang='lat' dir='ltr'><strong>inessent,</strong></span> <span class='ocrx_word' id='word_1_627' title='bbox 3185 3891 3345 3951; x_wconf 89' lang='lat' dir='ltr'><strong>simul</strong></span> <span class='ocrx_word' id='word_1_628' title='bbox 3368 3907 3490 3947; x_wconf 86' lang='lat' dir='ltr'><strong>cum</strong></span> 
     </span>
    </p>
   </div>
   <div class='ocr_carea' id='block_1_84' title="bbox 1907 3982 3493 4056">
    <p class='ocr_par' dir='ltr' id='par_1_84' title="bbox 1907 3982 3493 4056">
     <span class='ocr_line' id='line_1_85' title="bbox 1907 3982 3493 4056; baseline 0 -18"><span class='ocrx_word' id='word_1_629' title='bbox 1907 3985 2226 4041; x_wconf 87' lang='lat' dir='ltr'><strong>substantiis</strong></span> <span class='ocrx_word' id='word_1_630' title='bbox 2263 3995 2670 4056; x_wconf 83' lang='lat' dir='ltr'><strong>permanerent,</strong></span> <span class='ocrx_word' id='word_1_631' title='bbox 2701 3994 2756 4041; x_wconf 90' lang='lat' dir='ltr'><strong>et</strong></span> <span class='ocrx_word' id='word_1_632' title='bbox 2808 3999 2916 4040; x_wconf 92' lang='lat' dir='ltr'><strong>non</strong></span> <span class='ocrx_word' id='word_1_633' title='bbox 2949 3993 3309 4040; x_wconf 88' lang='lat' dir='ltr'><strong>mutarentur.</strong></span> <span class='ocrx_word' id='word_1_634' title='bbox 3335 3982 3493 4052; x_wconf 85' lang='lat' dir='ltr'><strong>Quod</strong></span> 
     </span>
    </p>
   </div>
   <div class='ocr_carea' id='block_1_85' title="bbox 1906 4077 3488 4149">
    <p class='ocr_par' dir='ltr' id='par_1_85' title="bbox 1906 4077 3488 4149">
     <span class='ocr_line' id='line_1_86' title="bbox 1906 4077 3488 4149; baseline -0.002 -17"><span class='ocrx_word' id='word_1_635' title='bbox 1906 4077 1952 4132; x_wconf 88' lang='lat' dir='ltr'><strong>si</strong></span> <span class='ocrx_word' id='word_1_636' title='bbox 1992 4077 2308 4133; x_wconf 61' lang='lat' dir='ltr'><strong>substantia}</strong></span> <span class='ocrx_word' id='word_1_637' title='bbox 2359 4077 2413 4132; x_wconf 92' lang='lat' dir='ltr'><strong>in</strong></span> <span class='ocrx_word' id='word_1_638' title='bbox 2471 4088 2661 4133; x_wconf 85' lang='lat' dir='ltr'><strong>natura</strong></span> <span class='ocrx_word' id='word_1_639' title='bbox 2695 4093 2792 4133; x_wconf 90' lang='lat' dir='ltr'><strong>sua</strong></span> <span class='ocrx_word' id='word_1_640' title='bbox 2819 4084 3325 4149; x_wconf 88' lang='lat' dir='ltr'><strong>perseveraverunt,</strong></span> <span class='ocrx_word' id='word_1_641' title='bbox 3380 4091 3488 4132; x_wconf 91' lang='lat' dir='ltr'><strong>non</strong></span> 
     </span>
    </p>
   </div>
   <div class='ocr_carea' id='block_1_86' title="bbox 1907 4166 3491 4238">
    <p class='ocr_par' dir='ltr' id='par_1_86' title="bbox 1907 4166 3491 4238">
     <span class='ocr_line' id='line_1_87' title="bbox 1907 4166 3491 4238; baseline -0.001 -15"><span class='ocrx_word' id='word_1_642' title='bbox 1907 4179 2087 4223; x_wconf 88' lang='lat' dir='ltr'><strong>autem</strong></span> <span class='ocrx_word' id='word_1_643' title='bbox 2113 4180 2595 4237; x_wconf 76' lang='lat' dir='ltr'><strong>perseveraverant</strong></span> <span class='ocrx_word' id='word_1_644' title='bbox 2624 4170 2822 4237; x_wconf 89' lang='lat' dir='ltr'><strong>studia,</strong></span> <span class='ocrx_word' id='word_1_645' title='bbox 2849 4169 2942 4224; x_wconf 89' lang='lat' dir='ltr'><strong>sed</strong></span> <span class='ocrx_word' id='word_1_646' title='bbox 2981 4168 3159 4238; x_wconf 90' lang='lat' dir='ltr'><strong>potius</strong></span> <span class='ocrx_word' id='word_1_647' title='bbox 3183 4166 3373 4223; x_wconf 86' lang='lat' dir='ltr'><strong>oculus</strong></span> <span class='ocrx_word' id='word_1_648' title='bbox 3397 4166 3491 4238; x_wconf 91' lang='lat' dir='ltr'><strong>qui</strong></span> 
     </span>
    </p>
   </div>
   <div class='ocr_carea' id='block_1_87' title="bbox 1903 4259 3493 4331">
    <p class='ocr_par' dir='ltr' id='par_1_87' title="bbox 1903 4259 3493 4331">
     <span class='ocr_line' id='line_1_88' title="bbox 1903 4259 3493 4331; baseline 0.001 -16"><span class='ocrx_word' id='word_1_649' title='bbox 1903 4260 2031 4315; x_wconf 86' lang='lat' dir='ltr'><strong>olim</strong></span> <span class='ocrx_word' id='word_1_650' title='bbox 2059 4259 2327 4331; x_wconf 81' lang='lat' dir='ltr'><strong>voluptate</strong></span> <span class='ocrx_word' id='word_1_651' title='bbox 2357 4260 2688 4329; x_wconf 85' lang='lat' dir='ltr'><strong>capiebatur,</strong></span> <span class='ocrx_word' id='word_1_652' title='bbox 2709 4259 3119 4330; x_wconf 84' lang='lat' dir='ltr'><strong>temperantiam</strong></span> <span class='ocrx_word' id='word_1_653' title='bbox 3135 4273 3234 4330; x_wconf 91' lang='lat' dir='ltr'><strong>pro</strong></span> <span class='ocrx_word' id='word_1_654' title='bbox 3253 4259 3493 4316; x_wconf 88' lang='lat' dir='ltr'><strong>claustro</strong></span> 
     </span>
    </p>
   </div>
   <div class='ocr_carea' id='block_1_88' title="bbox 1904 4347 3491 4421">
    <p class='ocr_par' dir='ltr' id='par_1_88' title="bbox 1904 4347 3491 4421">
     <span class='ocr_line' id='line_1_89' title="bbox 1904 4347 3491 4421; baseline 0.001 -17"><span class='ocrx_word' id='word_1_655' title='bbox 1904 4349 2132 4414; x_wconf 88' lang='lat' dir='ltr'><strong>habuit;</strong></span> <span class='ocrx_word' id='word_1_656' title='bbox 2177 4350 2357 4420; x_wconf 88' lang='lat' dir='ltr'><strong>lingua</strong></span> <span class='ocrx_word' id='word_1_657' title='bbox 2411 4365 2532 4420; x_wconf 71' lang='lat' dir='ltr'><strong>quae</strong></span> <span class='ocrx_word' id='word_1_658' title='bbox 2584 4350 2713 4407; x_wconf 91' lang='lat' dir='ltr'><strong>olim</strong></span> <span class='ocrx_word' id='word_1_659' title='bbox 2746 4359 2989 4420; x_wconf 88' lang='lat' dir='ltr'><strong>prompta</strong></span> <span class='ocrx_word' id='word_1_660' title='bbox 3015 4359 3070 4406; x_wconf 89' lang='lat' dir='ltr'><strong>et</strong></span> <span class='ocrx_word' id='word_1_661' title='bbox 3103 4362 3342 4421; x_wconf 66' lang='lat' dir='ltr'><strong>praeceps</strong></span> <span class='ocrx_word' id='word_1_662' title='bbox 3390 4347 3491 4405; x_wconf 79' lang='lat' dir='ltr'><strong>fuit</strong></span> 
     </span>
    </p>
   </div>
   <div class='ocr_carea' id='block_1_89' title="bbox 1902 4443 3491 4514">
    <p class='ocr_par' dir='ltr' id='par_1_89' title="bbox 1902 4443 3491 4514">
     <span class='ocr_line' id='line_1_90' title="bbox 1902 4443 3491 4514; baseline 0.002 -19"><span class='ocrx_word' id='word_1_663' title='bbox 1902 4451 1955 4495; x_wconf 91' lang='lat' dir='ltr'><strong>et</strong></span> <span class='ocrx_word' id='word_1_664' title='bbox 1972 4443 2192 4498; x_wconf 88' lang='lat' dir='ltr'><strong>consilia</strong></span> <span class='ocrx_word' id='word_1_665' title='bbox 2213 4457 2570 4513; x_wconf 75' lang='lat' dir='ltr'><strong>pnecurrens,</strong></span> <span class='ocrx_word' id='word_1_666' title='bbox 2589 4443 2699 4514; x_wconf 86' lang='lat' dir='ltr'><strong>jam</strong></span> <span class='ocrx_word' id='word_1_667' title='bbox 2726 4443 2879 4500; x_wconf 82' lang='lat' dir='ltr'><strong>freno</strong></span> <span class='ocrx_word' id='word_1_668' title='bbox 2903 4443 3128 4498; x_wconf 86' lang='lat' dir='ltr'><strong>rationis</strong></span> <span class='ocrx_word' id='word_1_669' title='bbox 3152 4443 3491 4514; x_wconf 88' lang='lat' dir='ltr'><strong>obtemperat</strong></span> 
     </span>
    </p>
   </div>
   <div class='ocr_carea' id='block_1_90' title="bbox 1901 4533 3489 4608">
    <p class='ocr_par' dir='ltr' id='par_1_90' title="bbox 1901 4533 3489 4608">
     <span class='ocr_line' id='line_1_91' title="bbox 1901 4533 3489 4608; baseline 0.001 -17"><span class='ocrx_word' id='word_1_670' title='bbox 1901 4545 1956 4591; x_wconf 91' lang='lat' dir='ltr'><strong>et</strong></span> <span class='ocrx_word' id='word_1_671' title='bbox 1983 4535 2291 4604; x_wconf 78' lang='lat' dir='ltr'><strong>conﬁtetur,</strong></span> <span class='ocrx_word' id='word_1_672' title='bbox 2321 4546 2376 4592; x_wconf 91' lang='lat' dir='ltr'><strong>et</strong></span> <span class='ocrx_word' id='word_1_673' title='bbox 2403 4553 2522 4608; x_wconf 71' lang='lat' dir='ltr'><strong>quae</strong></span> <span class='ocrx_word' id='word_1_674' title='bbox 2553 4551 2738 4592; x_wconf 86' lang='lat' dir='ltr'><strong>errore</strong></span> <span class='ocrx_word' id='word_1_675' title='bbox 2767 4543 2972 4600; x_wconf 86' lang='lat' dir='ltr'><strong>carent,</strong></span> <span class='ocrx_word' id='word_1_676' title='bbox 2993 4533 3264 4606; x_wconf 89' lang='lat' dir='ltr'><strong>loquitur;</strong></span> <span class='ocrx_word' id='word_1_677' title='bbox 3291 4547 3489 4608; x_wconf 85' lang='lat' dir='ltr'><strong>corpus</strong></span> 
     </span>
    </p>
   </div>
   <div class='ocr_carea' id='block_1_91' title="bbox 1907 4627 3483 4699">
    <p class='ocr_par' dir='ltr' id='par_1_91' title="bbox 1907 4627 3483 4699">
     <span class='ocr_line' id='line_1_92' title="bbox 1907 4627 3483 4699; baseline 0 -17"><span class='ocrx_word' id='word_1_678' title='bbox 1907 4643 2039 4683; x_wconf 89' lang='lat' dir='ltr'><strong>vero</strong></span> <span class='ocrx_word' id='word_1_679' title='bbox 2069 4627 2229 4699; x_wconf 84' lang='lat' dir='ltr'><strong>paulo</strong></span> <span class='ocrx_word' id='word_1_680' title='bbox 2256 4638 2381 4684; x_wconf 85' lang='lat' dir='ltr'><strong>ante</strong></span> <span class='ocrx_word' id='word_1_681' title='bbox 2400 4637 2518 4685; x_wconf 88' lang='lat' dir='ltr'><strong>erat</strong></span> <span class='ocrx_word' id='word_1_682' title='bbox 2553 4629 2602 4682; x_wconf 91' lang='lat' dir='ltr'><strong>in</strong></span> <span class='ocrx_word' id='word_1_683' title='bbox 2631 4637 2795 4692; x_wconf 90' lang='lat' dir='ltr'><strong>metu,</strong></span> <span class='ocrx_word' id='word_1_684' title='bbox 2825 4627 3172 4699; x_wconf 88' lang='lat' dir='ltr'><strong>quiescebat;</strong></span> <span class='ocrx_word' id='word_1_685' title='bbox 3201 4636 3316 4685; x_wconf 72' lang='lat' dir='ltr'><strong>erat</strong></span> <span class='ocrx_word' id='word_1_686' title='bbox 3351 4643 3483 4685; x_wconf 82' lang='lat' dir='ltr'><strong>con-</strong></span> 
     </span>
    </p>
   </div>
   <div class='ocr_carea' id='block_1_92' title="bbox 1903 4720 3485 4793">
    <p class='ocr_par' dir='ltr' id='par_1_92' title="bbox 1903 4720 3485 4793">
     <span class='ocr_line' id='line_1_93' title="bbox 1903 4720 3485 4793; baseline 0.001 -19"><span class='ocrx_word' id='word_1_687' title='bbox 1903 4730 2154 4784; x_wconf 90' lang='lat' dir='ltr'><strong>tractum,</strong></span> <span class='ocrx_word' id='word_1_688' title='bbox 2179 4730 2234 4776; x_wconf 91' lang='lat' dir='ltr'><strong>et</strong></span> <span class='ocrx_word' id='word_1_689' title='bbox 2263 4730 2447 4790; x_wconf 88' lang='lat' dir='ltr'><strong>postea</strong></span> <span class='ocrx_word' id='word_1_690' title='bbox 2479 4729 2774 4792; x_wconf 90' lang='lat' dir='ltr'><strong>temperate</strong></span> <span class='ocrx_word' id='word_1_691' title='bbox 2790 4720 2922 4776; x_wconf 83' lang='lat' dir='ltr'><strong>vivit</strong></span> <span class='ocrx_word' id='word_1_692' title='bbox 2941 4739 2954 4776; x_wconf 87' lang='lat'><strong>:</strong></span> <span class='ocrx_word' id='word_1_693' title='bbox 2974 4723 3218 4793; x_wconf 86' lang='lat' dir='ltr'><strong>sequitur</strong></span> <span class='ocrx_word' id='word_1_694' title='bbox 3233 4729 3485 4777; x_wconf 86' lang='lat' dir='ltr'><strong>naturam</strong></span> 
     </span>
    </p>
   </div>
   <div class='ocr_carea' id='block_1_93' title="bbox 1898 4811 3488 4884">
    <p class='ocr_par' dir='ltr' id='par_1_93' title="bbox 1898 4811 3488 4884">
     <span class='ocr_line' id='line_1_94' title="bbox 1898 4811 3488 4884; baseline 0 -18"><span class='ocrx_word' id='word_1_695' title='bbox 1898 4811 2037 4866; x_wconf 88' lang='lat' dir='ltr'><strong>oculi</strong></span> <span class='ocrx_word' id='word_1_696' title='bbox 2071 4826 2176 4867; x_wconf 89' lang='lat' dir='ltr'><strong>non</strong></span> <span class='ocrx_word' id='word_1_697' title='bbox 2203 4826 2324 4868; x_wconf 90' lang='lat' dir='ltr'><strong>esse</strong></span> <span class='ocrx_word' id='word_1_698' title='bbox 2343 4813 2663 4883; x_wconf 89' lang='lat' dir='ltr'><strong>appetitum,</strong></span> <span class='ocrx_word' id='word_1_699' title='bbox 2690 4827 2864 4883; x_wconf 86' lang='lat' dir='ltr'><strong>neque</strong></span> <span class='ocrx_word' id='word_1_700' title='bbox 2892 4811 3086 4881; x_wconf 65' lang='lat' dir='ltr'><strong>lingua</strong></span> <span class='ocrx_word' id='word_1_701' title='bbox 3113 4819 3362 4868; x_wconf 85' lang='lat' dir='ltr'><strong>naturam</strong></span> <span class='ocrx_word' id='word_1_702' title='bbox 3393 4826 3488 4884; x_wconf 90' lang='lat' dir='ltr'><strong>pe-</strong></span> 
     </span>
    </p>
   </div>
   <div class='ocr_carea' id='block_1_94' title="bbox 1901 4898 3492 4973">
    <p class='ocr_par' dir='ltr' id='par_1_94' title="bbox 1901 4898 3492 4973">
     <span class='ocr_line' id='line_1_95' title="bbox 1901 4898 3492 4973; baseline 0.002 -20"><span class='ocrx_word' id='word_1_703' title='bbox 1901 4903 2205 4966; x_wconf 88' lang='lat' dir='ltr'><strong>tulantiam,</strong></span> <span class='ocrx_word' id='word_1_704' title='bbox 2233 4911 2406 4972; x_wconf 88' lang='lat' dir='ltr'><strong>neque</strong></span> <span class='ocrx_word' id='word_1_705' title='bbox 2435 4901 2678 4973; x_wconf 77' lang='lat' dir='ltr'><strong>corporis</strong></span> <span class='ocrx_word' id='word_1_706' title='bbox 2696 4912 2940 4956; x_wconf 89' lang='lat' dir='ltr'><strong>naturam</strong></span> <span class='ocrx_word' id='word_1_707' title='bbox 2960 4898 3231 4972; x_wconf 85' lang='lat' dir='ltr'><strong>pigritiam</strong></span> <span class='ocrx_word' id='word_1_708' title='bbox 3252 4911 3308 4957; x_wconf 88' lang='lat' dir='ltr'><strong>et</strong></span> <span class='ocrx_word' id='word_1_709' title='bbox 3338 4901 3492 4972; x_wconf 78' lang='lat' dir='ltr'><strong>igna-</strong></span> 
     </span>
    </p>
   </div>
   <div class='ocr_carea' id='block_1_95' title="bbox 1898 4991 3489 5072">
    <p class='ocr_par' dir='ltr' id='par_1_95' title="bbox 1898 4991 3489 5072">
     <span class='ocr_line' id='line_1_96' title="bbox 1898 4991 3489 5072; baseline 0.004 -29"><span class='ocrx_word' id='word_1_710' title='bbox 1898 4992 2063 5046; x_wconf 88' lang='lat' dir='ltr'><strong>viam.</strong></span> <span class='ocrx_word' id='word_1_711' title='bbox 2083 4991 2234 5060; x_wconf 86' lang='lat' dir='ltr'><strong>Quod</strong></span> <span class='ocrx_word' id='word_1_712' title='bbox 2259 4993 2302 5048; x_wconf 90' lang='lat' dir='ltr'><strong>si</strong></span> <span class='ocrx_word' id='word_1_713' title='bbox 2321 5002 2530 5063; x_wconf 88' lang='lat' dir='ltr'><strong>oportet</strong></span> <span class='ocrx_word' id='word_1_714' title='bbox 2548 4993 2599 5048; x_wconf 93' lang='lat' dir='ltr'><strong>iu</strong></span> <span class='ocrx_word' id='word_1_715' title='bbox 2624 4992 2955 5049; x_wconf 88' lang='lat' dir='ltr'><strong>naturalibus</strong></span> <span class='ocrx_word' id='word_1_716' title='bbox 2961 4991 3287 5072; x_wconf 79' lang='lat' dir='ltr'><strong>persistere,</strong></span> <span class='ocrx_word' id='word_1_717' title='bbox 3305 5001 3360 5048; x_wconf 91' lang='lat' dir='ltr'><strong>et</strong></span> <span class='ocrx_word' id='word_1_718' title='bbox 3381 5007 3489 5050; x_wconf 91' lang='lat' dir='ltr'><strong>non</strong></span> 
     </span>
    </p>
   </div>
   <div class='ocr_carea' id='block_1_96' title="bbox 204 5073 1822 5161">
    <p class='ocr_par' dir='ltr' id='par_1_96' title="bbox 204 5079 1793 5161">
     <span class='ocr_line' id='line_1_97' title="bbox 204 5079 1793 5161; baseline 0.006 -26"><span class='ocrx_word' id='word_1_719' title='bbox 204 5079 277 5156; x_wconf 81' lang='grc' dir='ltr'>ἦν</span> <span class='ocrx_word' id='word_1_720' title='bbox 302 5083 483 5138; x_wconf 85' lang='grc' dir='ltr'>λαλεῖν</span> <span class='ocrx_word' id='word_1_721' title='bbox 507 5087 622 5158; x_wconf 69' lang='grc'><strong>(14)</strong></span> <span class='ocrx_word' id='word_1_722' title='bbox 641 5104 654 5117; x_wconf 91' lang='grc'><strong>·</strong></span> <span class='ocrx_word' id='word_1_723' title='bbox 687 5090 720 5158; x_wconf 81' lang='grc' dir='ltr'>ή</span> <span class='ocrx_word' id='word_1_724' title='bbox 755 5088 863 5158; x_wconf 83' lang='grc' dir='ltr'><strong>γὰρ</strong></span> <span class='ocrx_word' id='word_1_725' title='bbox 892 5088 1116 5160; x_wconf 87' lang='grc' dir='ltr'>ποιότης</span> <span class='ocrx_word' id='word_1_726' title='bbox 1143 5087 1250 5141; x_wconf 90' lang='grc' dir='ltr'><strong>τῶν</strong></span> <span class='ocrx_word' id='word_1_727' title='bbox 1290 5089 1612 5160; x_wconf 79' lang='grc' dir='ltr'>κινημάτων</span> <span class='ocrx_word' id='word_1_728' title='bbox 1636 5089 1692 5142; x_wconf 81' lang='grc' dir='ltr'>ὲν</span> <span class='ocrx_word' id='word_1_729' title='bbox 1726 5091 1793 5161; x_wconf 79' lang='grc' dir='ltr'>τῇ</span> 
     </span>
    </p>
   </div>
   <div class='ocr_carea' id='block_1_97' title="bbox 1911 5073 3488 5161">
    <p class='ocr_par' dir='ltr' id='par_1_97' title="bbox 1911 5073 3488 5152">
     <span class='ocr_line' id='line_1_98' title="bbox 1911 5073 3488 5152; baseline 0.002 -18"><span class='ocrx_word' id='word_1_730' title='bbox 1911 5082 2014 5137; x_wconf 65' lang='lat' dir='ltr'><strong>haec</strong></span> <span class='ocrx_word' id='word_1_731' title='bbox 2040 5092 2238 5150; x_wconf 87' lang='lat' dir='ltr'><strong>tacere,</strong></span> <span class='ocrx_word' id='word_1_732' title='bbox 2261 5083 2400 5138; x_wconf 90' lang='lat' dir='ltr'><strong>oculi</strong></span> <span class='ocrx_word' id='word_1_733' title='bbox 2435 5093 2552 5136; x_wconf 84' lang='lat' dir='ltr'><strong>erat</strong></span> <span class='ocrx_word' id='word_1_734' title='bbox 2585 5083 2784 5149; x_wconf 84' lang='lat' dir='ltr'><strong>videro,</strong></span> <span class='ocrx_word' id='word_1_735' title='bbox 2815 5097 2921 5138; x_wconf 90' lang='lat' dir='ltr'><strong>non</strong></span> <span class='ocrx_word' id='word_1_736' title='bbox 2951 5073 3219 5152; x_wconf 84' lang='lat' dir='ltr'><strong>quomodo</strong></span> <span class='ocrx_word' id='word_1_737' title='bbox 3247 5083 3488 5149; x_wconf 88' lang='lat' dir='ltr'><strong>videret;</strong></span> 
     </span>
    </p>
   </div>
   <div class='ocr_carea' id='block_1_98' title="bbox 209 5174 1796 5249">
    <p class='ocr_par' dir='ltr' id='par_1_98' title="bbox 209 5174 1796 5249">
     <span class='ocr_line' id='line_1_99' title="bbox 209 5174 1796 5249; baseline 0.003 -21"><span class='ocrx_word' id='word_1_738' title='bbox 209 5174 528 5246; x_wconf 83' lang='grc' dir='ltr'>προαιρέσει</span> <span class='ocrx_word' id='word_1_739' title='bbox 579 5179 794 5230; x_wconf 88' lang='grc' dir='ltr'>κεῖται·</span> <span class='ocrx_word' id='word_1_740' title='bbox 841 5179 875 5248; x_wconf 78' lang='grc' dir='ltr'>ἡ</span> <span class='ocrx_word' id='word_1_741' title='bbox 925 5177 982 5230; x_wconf 82' lang='grc' dir='ltr'>δὲ</span> <span class='ocrx_word' id='word_1_742' title='bbox 1024 5175 1168 5249; x_wconf 81' lang='grc' dir='ltr'>άπλὴ</span> <span class='ocrx_word' id='word_1_743' title='bbox 1221 5178 1317 5230; x_wconf 74' lang='grc' dir='ltr'>καὶ</span> <span class='ocrx_word' id='word_1_744' title='bbox 1379 5177 1658 5241; x_wconf 81' lang='grc' dir='ltr'>ἀκίνδυνος</span> <span class='ocrx_word' id='word_1_745' title='bbox 1691 5178 1796 5232; x_wconf 86' lang='grc' dir='ltr'><strong>τῶν</strong></span> 
     </span>
    </p>
   </div>
   <div class='ocr_carea' id='block_1_99' title="bbox 208 5261 1798 5336">
    <p class='ocr_par' dir='ltr' id='par_1_99' title="bbox 208 5261 1798 5336">
     <span class='ocr_line' id='line_1_100' title="bbox 208 5261 1798 5336; baseline 0.005 -24"><span class='ocrx_word' id='word_1_746' title='bbox 208 5261 552 5332; x_wconf 85' lang='grc' dir='ltr'>πραγμάτων</span> <span class='ocrx_word' id='word_1_747' title='bbox 578 5263 794 5336; x_wconf 88' lang='grc' dir='ltr'>κίνησις</span> <span class='ocrx_word' id='word_1_748' title='bbox 818 5267 933 5328; x_wconf 85' lang='grc' dir='ltr'>τοῖς</span> <span class='ocrx_word' id='word_1_749' title='bbox 963 5264 1184 5334; x_wconf 86' lang='grc' dir='ltr'>μέλεσιν</span> <span class='ocrx_word' id='word_1_750' title='bbox 1206 5264 1553 5320; x_wconf 83' lang='grc' dir='ltr'>ἀποδέδοται·</span> <span class='ocrx_word' id='word_1_751' title='bbox 1578 5266 1798 5320; x_wconf 84' lang='grc' dir='ltr'>ἀκίνδυ-</span> 
     </span>
    </p>
   </div>
   <div class='ocr_carea' id='block_1_100' title="bbox 207 5348 1796 5429">
    <p class='ocr_par' dir='ltr' id='par_1_100' title="bbox 207 5348 1796 5429">
     <span class='ocr_line' id='line_1_101' title="bbox 207 5348 1796 5429; baseline 0.004 -23"><span class='ocrx_word' id='word_1_752' title='bbox 207 5368 298 5416; x_wconf 89' lang='grc' dir='ltr'><strong>νος</strong></span> <span class='ocrx_word' id='word_1_753' title='bbox 329 5348 423 5407; x_wconf 81' lang='grc' dir='ltr'>οὖν</span> <span class='ocrx_word' id='word_1_754' title='bbox 450 5355 486 5424; x_wconf 82' lang='grc' dir='ltr'>ή</span> <span class='ocrx_word' id='word_1_755' title='bbox 518 5353 662 5426; x_wconf 86' lang='grc' dir='ltr'>άπλῆ</span> <span class='ocrx_word' id='word_1_756' title='bbox 715 5356 957 5427; x_wconf 82' lang='grc' dir='ltr'>κίνησις·</span> <span class='ocrx_word' id='word_1_757' title='bbox 989 5355 1184 5428; x_wconf 77' lang='grc' dir='ltr'>ἄδηλος</span> <span class='ocrx_word' id='word_1_758' title='bbox 1218 5356 1274 5410; x_wconf 78' lang='grc' dir='ltr'>δὲ</span> <span class='ocrx_word' id='word_1_759' title='bbox 1312 5357 1345 5428; x_wconf 83' lang='grc' dir='ltr'>ἡ</span> <span class='ocrx_word' id='word_1_760' title='bbox 1372 5356 1674 5429; x_wconf 76' lang='grc' dir='ltr'>μεταϐολή·</span> <span class='ocrx_word' id='word_1_761' title='bbox 1702 5357 1796 5412; x_wconf 76' lang='grc' dir='ltr'>καὶ</span> 
     </span>
    </p>
   </div>
   <div class='ocr_carea' id='block_1_101' title="bbox 207 5440 1791 5520">
    <p class='ocr_par' dir='ltr' id='par_1_101' title="bbox 207 5440 1791 5520">
     <span class='ocr_line' id='line_1_102' title="bbox 207 5440 1791 5520; baseline 0.006 -26"><span class='ocrx_word' id='word_1_762' title='bbox 207 5440 436 5513; x_wconf 89' lang='grc' dir='ltr'>γνώμης</span> <span class='ocrx_word' id='word_1_763' title='bbox 461 5442 561 5514; x_wconf 82' lang='grc' dir='ltr'>μὲν</span> <span class='ocrx_word' id='word_1_764' title='bbox 585 5443 682 5497; x_wconf 76' lang='grc' dir='ltr'>καὶ</span> <span class='ocrx_word' id='word_1_765' title='bbox 713 5444 1075 5516; x_wconf 88' lang='grc' dir='ltr'>μαθημάτων,</span> <span class='ocrx_word' id='word_1_766' title='bbox 1111 5445 1432 5517; x_wconf 74' lang='grc' dir='ltr'>ἡγουμένων</span> <span class='ocrx_word' id='word_1_767' title='bbox 1465 5444 1575 5500; x_wconf 84' lang='grc' dir='ltr'><strong>τῶν</strong></span> <span class='ocrx_word' id='word_1_768' title='bbox 1604 5447 1791 5520; x_wconf 84' lang='grc' dir='ltr'>ὀμμά-</span> 
     </span>
    </p>
   </div>
   <div class='ocr_carea' id='block_1_102' title="bbox 283 5579 1809 5655">
    <p class='ocr_par' dir='ltr' id='par_1_102' title="bbox 283 5579 1809 5655">
     <span class='ocr_line' id='line_1_103' title="bbox 283 5579 1809 5655; baseline 0.003 -19"><span class='ocrx_word' id='word_1_769' title='bbox 283 5579 398 5655; x_wconf 68' lang='grc' dir='ltr'>(ιε)</span> <span class='ocrx_word' id='word_1_770' title='bbox 427 5581 499 5638; x_wconf 84' lang='grc' dir='ltr'><strong>Τὸ</strong></span> <span class='ocrx_word' id='word_1_771' title='bbox 527 5581 599 5636; x_wconf 80' lang='grc' dir='ltr'>δὲ</span> <span class='ocrx_word' id='word_1_772' title='bbox 626 5582 799 5654; x_wconf 83' lang='grc' dir='ltr'>σῶμα</span> <span class='ocrx_word' id='word_1_773' title='bbox 821 5583 1018 5642; x_wconf 58' lang='grc' dir='ltr'>ἐκδῶ.</span> <span class='ocrx_word' id='word_1_774' title='bbox 1051 5583 1222 5641; x_wconf 83' lang='lat' dir='ltr'><strong>Vertit</strong></span> <span class='ocrx_word' id='word_1_775' title='bbox 1244 5584 1544 5655; x_wconf 85' lang='lat' dir='ltr'><strong>Basnagins</strong></span> <span class='ocrx_word' id='word_1_776' title='bbox 1577 5603 1592 5640; x_wconf 89' lang='lat'><strong>:</strong></span> <span class='ocrx_word' id='word_1_777' title='bbox 1623 5601 1809 5654; x_wconf 82' lang='lat' dir='ltr'><strong>corpus</strong></span> 
     </span>
    </p>
   </div>
   <div class='ocr_carea' id='block_1_103' title="bbox 210 5651 1874 5726">
    <p class='ocr_par' dir='ltr' id='par_1_103' title="bbox 210 5651 1874 5726">
     <span class='ocr_line' id='line_1_104' title="bbox 210 5651 1874 5726; baseline 0.004 -22"><span class='ocrx_word' id='word_1_778' title='bbox 210 5651 484 5707; x_wconf 69' lang='lat' dir='ltr'><strong>luxuriose</strong></span> <span class='ocrx_word' id='word_1_779' title='bbox 512 5655 682 5708; x_wconf 78' lang='lat' dir='ltr'><strong>vivens</strong></span> <span class='ocrx_word' id='word_1_780' title='bbox 713 5651 989 5726; x_wconf 73' lang='lat' dir='ltr'><strong>novissime</strong></span> <span class='ocrx_word' id='word_1_781' title='bbox 1021 5657 1236 5724; x_wconf 80' lang='lat' dir='ltr'><strong>quiescit</strong></span> <span class='ocrx_word' id='word_1_782' title='bbox 1268 5671 1288 5710; x_wconf 89' lang='lat'><strong><em>:</em></strong></span> <span class='ocrx_word' id='word_1_783' title='bbox 1316 5651 1556 5710; x_wconf 64' lang='lat' dir='ltr'><strong>timidum</strong></span> <span class='ocrx_word' id='word_1_784' title='bbox 1593 5651 1790 5726; x_wconf 77' lang='lat' dir='ltr'><strong>[artum</strong></span> <span class='ocrx_word' id='word_1_785' title='bbox 1868 5675 1874 5683; x_wconf 95' lang='grc'><strong>·</strong></span> 
     </span>
    </p>
   </div>
   <div class='ocr_carea' id='block_1_104' title="bbox 214 5725 1792 5795">
    <p class='ocr_par' dir='ltr' id='par_1_104' title="bbox 214 5725 1792 5795">
     <span class='ocr_line' id='line_1_105' title="bbox 214 5725 1792 5795; baseline 0.004 -23"><span class='ocrx_word' id='word_1_786' title='bbox 214 5729 312 5795; x_wconf 53' lang='grc' dir='ltr'>εει,</span> <span class='ocrx_word' id='word_1_787' title='bbox 344 5731 392 5795; x_wconf 77' lang='lat' dir='ltr'><strong>et</strong></span> <span class='ocrx_word' id='word_1_788' title='bbox 427 5733 612 5795; x_wconf 81' lang='lat' dir='ltr'><strong>postea</strong></span> <span class='ocrx_word' id='word_1_789' title='bbox 648 5725 766 5795; x_wconf 73' lang='lat' dir='ltr'><strong>vivit</strong></span> <span class='ocrx_word' id='word_1_790' title='bbox 799 5735 1101 5793; x_wconf 82' lang='lat' dir='ltr'><strong>temperate.</strong></span> <span class='ocrx_word' id='word_1_791' title='bbox 1152 5727 1421 5794; x_wconf 81' lang='lat' dir='ltr'><strong>lnterpres</strong></span> <span class='ocrx_word' id='word_1_792' title='bbox 1465 5725 1648 5781; x_wconf 77' lang='lat' dir='ltr'><strong>noster</strong></span> <span class='ocrx_word' id='word_1_793' title='bbox 1695 5742 1792 5795; x_wconf 90' lang='lat' dir='ltr'><strong>pro</strong></span> 
     </span>
    </p>
   </div>
   <div class='ocr_carea' id='block_1_105' title="bbox 217 5789 1792 5870">
    <p class='ocr_par' dir='ltr' id='par_1_105' title="bbox 217 5789 1792 5870">
     <span class='ocr_line' id='line_1_106' title="bbox 217 5789 1792 5870; baseline 0.004 -26"><span class='ocrx_word' id='word_1_794' title='bbox 217 5789 681 5866; x_wconf 67' lang='grc' dir='ltr'>ικδεδιητημένον</span> <span class='ocrx_word' id='word_1_795' title='bbox 735 5789 932 5868; x_wconf 78' lang='lat' dir='ltr'><strong>legisse</strong></span> <span class='ocrx_word' id='word_1_796' title='bbox 982 5797 1192 5854; x_wconf 86' lang='lat' dir='ltr'><strong>videtur</strong></span> <span class='ocrx_word' id='word_1_797' title='bbox 1224 5815 1238 5852; x_wconf 88' lang='lat'><strong>:</strong></span> <span class='ocrx_word' id='word_1_798' title='bbox 1267 5789 1486 5862; x_wconf 75' lang='grc' dir='ltr'>ἐδεδίει,</span> <span class='ocrx_word' id='word_1_799' title='bbox 1533 5789 1792 5870; x_wconf 73' lang='grc' dir='ltr'>τήμερον.</span> 
     </span>
    </p>
   </div>
   <div class='ocr_carea' id='block_1_106' title="bbox 1903 5173 3491 5246">
    <p class='ocr_par' dir='ltr' id='par_1_106' title="bbox 1903 5173 3491 5246">
     <span class='ocr_line' id='line_1_107' title="bbox 1903 5173 3491 5246; baseline 0 -18"><span class='ocrx_word' id='word_1_800' title='bbox 1903 5185 1956 5229; x_wconf 84' lang='lat' dir='ltr'><strong>et</strong></span> <span class='ocrx_word' id='word_1_801' title='bbox 1981 5175 2173 5244; x_wconf 68' lang='lat' dir='ltr'><strong>linguae</strong></span> <span class='ocrx_word' id='word_1_802' title='bbox 2200 5177 2324 5229; x_wconf 88' lang='lat' dir='ltr'><strong>item</strong></span> <span class='ocrx_word' id='word_1_803' title='bbox 2351 5175 2517 5243; x_wconf 87' lang='lat' dir='ltr'><strong>loqui,</strong></span> <span class='ocrx_word' id='word_1_804' title='bbox 2547 5189 2650 5229; x_wconf 89' lang='lat' dir='ltr'><strong>nou</strong></span> <span class='ocrx_word' id='word_1_805' title='bbox 2674 5176 2942 5246; x_wconf 86' lang='lat' dir='ltr'><strong>quomodo</strong></span> <span class='ocrx_word' id='word_1_806' title='bbox 2966 5173 3280 5244; x_wconf 90' lang='lat' dir='ltr'><strong>loqueretur</strong></span> <span class='ocrx_word' id='word_1_807' title='bbox 3305 5192 3320 5229; x_wconf 88' lang='lat'><strong>:</strong></span> <span class='ocrx_word' id='word_1_808' title='bbox 3353 5189 3491 5244; x_wconf 78' lang='lat' dir='ltr'><strong>qua-</strong></span> 
     </span>
    </p>
   </div>
   <div class='ocr_carea' id='block_1_107' title="bbox 1904 5261 3487 5336">
    <p class='ocr_par' dir='ltr' id='par_1_107' title="bbox 1904 5261 3487 5336">
     <span class='ocr_line' id='line_1_108' title="bbox 1904 5261 3487 5336; baseline 0 -19"><span class='ocrx_word' id='word_1_809' title='bbox 1904 5263 2027 5319; x_wconf 84' lang='lat' dir='ltr'><strong>litas</strong></span> <span class='ocrx_word' id='word_1_810' title='bbox 2056 5265 2200 5318; x_wconf 87' lang='lat' dir='ltr'><strong>enim</strong></span> <span class='ocrx_word' id='word_1_811' title='bbox 2250 5274 2493 5319; x_wconf 81' lang='lat' dir='ltr'><strong>motuum</strong></span> <span class='ocrx_word' id='word_1_812' title='bbox 2529 5266 2701 5336; x_wconf 85' lang='lat' dir='ltr'><strong>posita</strong></span> <span class='ocrx_word' id='word_1_813' title='bbox 2732 5275 2814 5320; x_wconf 85' lang='lat' dir='ltr'><strong>est</strong></span> <span class='ocrx_word' id='word_1_814' title='bbox 2845 5264 2898 5318; x_wconf 91' lang='lat' dir='ltr'><strong>in</strong></span> <span class='ocrx_word' id='word_1_815' title='bbox 2929 5263 3217 5320; x_wconf 87' lang='lat' dir='ltr'><strong>electione.</strong></span> <span class='ocrx_word' id='word_1_816' title='bbox 3244 5261 3487 5333; x_wconf 73' lang='lat' dir='ltr'><strong>Simplex</strong></span> 
     </span>
    </p>
   </div>
   <div class='ocr_carea' id='block_1_108' title="bbox 1903 5352 3491 5425">
    <p class='ocr_par' dir='ltr' id='par_1_108' title="bbox 1903 5352 3491 5425">
     <span class='ocr_line' id='line_1_109' title="bbox 1903 5352 3491 5425; baseline -0.001 -17"><span class='ocrx_word' id='word_1_817' title='bbox 1903 5365 2106 5422; x_wconf 85' lang='lat' dir='ltr'><strong>autem,</strong></span> <span class='ocrx_word' id='word_1_818' title='bbox 2132 5365 2187 5411; x_wconf 80' lang='lat' dir='ltr'><strong>et</strong></span> <span class='ocrx_word' id='word_1_819' title='bbox 2210 5370 2312 5410; x_wconf 90' lang='lat' dir='ltr'><strong>non</strong></span> <span class='ocrx_word' id='word_1_820' title='bbox 2334 5356 2631 5425; x_wconf 83' lang='lat' dir='ltr'><strong>periculosa</strong></span> <span class='ocrx_word' id='word_1_821' title='bbox 2663 5371 2841 5410; x_wconf 89' lang='lat' dir='ltr'><strong>rerum</strong></span> <span class='ocrx_word' id='word_1_822' title='bbox 2861 5354 3027 5412; x_wconf 89' lang='lat' dir='ltr'><strong>motio</strong></span> <span class='ocrx_word' id='word_1_823' title='bbox 3051 5352 3310 5410; x_wconf 85' lang='lat' dir='ltr'><strong>membris</strong></span> <span class='ocrx_word' id='word_1_824' title='bbox 3335 5352 3491 5409; x_wconf 84' lang='lat' dir='ltr'><strong>attri-</strong></span> 
     </span>
    </p>
   </div>
   <div class='ocr_carea' id='block_1_109' title="bbox 1903 5443 3485 5518">
    <p class='ocr_par' dir='ltr' id='par_1_109' title="bbox 1903 5443 3485 5518">
     <span class='ocr_line' id='line_1_110' title="bbox 1903 5443 3485 5518; baseline -0.003 -14"><span class='ocrx_word' id='word_1_825' title='bbox 1903 5449 2104 5504; x_wconf 88' lang='lat' dir='ltr'><strong>buitur.</strong></span> <span class='ocrx_word' id='word_1_826' title='bbox 2136 5448 2379 5504; x_wconf 86' lang='lat' dir='ltr'><strong>Periculo</strong></span> <span class='ocrx_word' id='word_1_827' title='bbox 2404 5448 2566 5518; x_wconf 88' lang='lat' dir='ltr'><strong>igitur</strong></span> <span class='ocrx_word' id='word_1_828' title='bbox 2589 5457 2742 5504; x_wconf 84' lang='lat' dir='ltr'><strong>vacat</strong></span> <span class='ocrx_word' id='word_1_829' title='bbox 2767 5445 2995 5518; x_wconf 77' lang='lat' dir='ltr'><strong>simplex</strong></span> <span class='ocrx_word' id='word_1_830' title='bbox 3029 5453 3242 5514; x_wconf 87' lang='lat' dir='ltr'><strong>motus;</strong></span> <span class='ocrx_word' id='word_1_831' title='bbox 3282 5443 3485 5506; x_wconf 71' lang='lat' dir='ltr'><strong>incerta</strong></span> 
     </span>
    </p>
   </div>
   <div class='ocr_carea' id='block_1_110' title="bbox 1921 5577 3336 5652">
    <p class='ocr_par' dir='ltr' id='par_1_110' title="bbox 1921 5577 3336 5652">
     <span class='ocr_line' id='line_1_111' title="bbox 1921 5577 3336 5652; baseline -0.003 -11"><span class='ocrx_word' id='word_1_832' title='bbox 1921 5584 2047 5641; x_wconf 72' lang='lat' dir='ltr'><strong>Inde</strong></span> <span class='ocrx_word' id='word_1_833' title='bbox 2076 5584 2251 5640; x_wconf 78' lang='lat' dir='ltr'><strong>hiulca</strong></span> <span class='ocrx_word' id='word_1_834' title='bbox 2290 5584 2577 5639; x_wconf 79' lang='lat' dir='ltr'><strong>admodum</strong></span> <span class='ocrx_word' id='word_1_835' title='bbox 2609 5591 2697 5638; x_wconf 90' lang='lat' dir='ltr'><strong>est</strong></span> <span class='ocrx_word' id='word_1_836' title='bbox 2719 5580 3094 5652; x_wconf 80' lang='lat' dir='ltr'><strong>interpretatio</strong></span> <span class='ocrx_word' id='word_1_837' title='bbox 3122 5577 3336 5637; x_wconf 83' lang='lat' dir='ltr'><strong>Latina.</strong></span> 
     </span>
    </p>
   </div>
   <div class='ocr_carea' id='block_1_111' title="bbox 1975 5653 3099 5728">
    <p class='ocr_par' dir='ltr' id='par_1_111' title="bbox 1975 5653 3099 5728">
     <span class='ocr_line' id='line_1_112' title="bbox 1975 5653 3099 5728; baseline -0.006 -16"><span class='ocrx_word' id='word_1_838' title='bbox 1975 5655 2090 5728; x_wconf 74' lang='grc'><strong>(13)</strong></span> <span class='ocrx_word' id='word_1_839' title='bbox 2122 5658 2225 5711; x_wconf 87' lang='grc' dir='ltr'><strong>Οὺ.</strong></span> <span class='ocrx_word' id='word_1_840' title='bbox 2261 5657 2324 5728; x_wconf 58' lang='grc' dir='ltr'><strong>ιιι</strong></span> <span class='ocrx_word' id='word_1_841' title='bbox 2352 5655 2557 5728; x_wconf 59' lang='lat' dir='ltr'><strong>legisse</strong></span> <span class='ocrx_word' id='word_1_842' title='bbox 2579 5654 2790 5708; x_wconf 85' lang='lat' dir='ltr'><strong>videtur</strong></span> <span class='ocrx_word' id='word_1_843' title='bbox 2814 5653 3099 5728; x_wconf 64' lang='lat' dir='ltr'><strong>interpres.</strong></span> 
     </span>
    </p>
   </div>
   <div class='ocr_carea' id='block_1_112' title="bbox 1975 5719 3490 5798">
    <p class='ocr_par' dir='ltr' id='par_1_112' title="bbox 1975 5719 3490 5798">
     <span class='ocr_line' id='line_1_113' title="bbox 1975 5719 3490 5798; baseline -0.003 -16"><span class='ocrx_word' id='word_1_844' title='bbox 1975 5719 2092 5798; x_wconf 74' lang='grc' dir='ltr'><strong>(Η)</strong></span> <span class='ocrx_word' id='word_1_845' title='bbox 2123 5724 2367 5798; x_wconf 68' lang='grc' dir='ltr'>Λαλεῖν.</span> <span class='ocrx_word' id='word_1_846' title='bbox 2386 5722 2515 5798; x_wconf 70' lang='lat' dir='ltr'><strong>Post</strong></span> <span class='ocrx_word' id='word_1_847' title='bbox 2547 5725 2684 5798; x_wconf 79' lang='lat' dir='ltr'><strong>hanc</strong></span> <span class='ocrx_word' id='word_1_848' title='bbox 2711 5736 2920 5798; x_wconf 70' lang='lat' dir='ltr'><strong>vocent,</strong></span> <span class='ocrx_word' id='word_1_849' title='bbox 2952 5719 3056 5781; x_wconf 81' lang='lat' dir='ltr'><strong>ista</strong></span> <span class='ocrx_word' id='word_1_850' title='bbox 3085 5721 3251 5777; x_wconf 85' lang='lat' dir='ltr'><strong>etiam</strong></span> <span class='ocrx_word' id='word_1_851' title='bbox 3298 5719 3490 5792; x_wconf 73' lang='lat' dir='ltr'><strong>legerit</strong></span> 
     </span>
    </p>
   </div>
   <div class='ocr_carea' id='block_1_113' title="bbox 1903 5791 3568 5869">
    <p class='ocr_par' dir='ltr' id='par_1_113' title="bbox 1903 5791 3568 5869">
     <span class='ocr_line' id='line_1_114' title="bbox 1903 5791 3568 5869; baseline -0.004 -16"><span class='ocrx_word' id='word_1_852' title='bbox 1903 5791 2169 5869; x_wconf 76' lang='lat' dir='ltr'><strong>interpres</strong></span> <span class='ocrx_word' id='word_1_853' title='bbox 2205 5817 2217 5852; x_wconf 90' lang='lat'><strong>:</strong></span> <span class='ocrx_word' id='word_1_854' title='bbox 2251 5796 2311 5850; x_wconf 83' lang='grc' dir='ltr'><strong>οὐ</strong></span> <span class='ocrx_word' id='word_1_855' title='bbox 2351 5795 2412 5848; x_wconf 76' lang='grc' dir='ltr'>τὸ</span> <span class='ocrx_word' id='word_1_856' title='bbox 2439 5793 2555 5860; x_wconf 82' lang='grc' dir='ltr'><strong>πῶς</strong></span> <span class='ocrx_word' id='word_1_857' title='bbox 2588 5791 2787 5854; x_wconf 72' lang='grc' dir='ltr'>λαλεῖν.</span> <span class='ocrx_word' id='word_1_858' title='bbox 3356 5791 3367 5792; x_wconf 30' lang='grc' dir='ltr'><strong>ί</strong></span> <span class='ocrx_word' id='word_1_859' title='bbox 3557 5798 3568 5805; x_wconf 84' lang='grc'><em>’</em></span> 
     </span>
    </p>
   </div>
  </div>
