3890 6274
461 407 568 465 MS

1562 406 1841 467 PATRES
1876 408 2179 467 EGYPTII
2219 409 2493 469 SECULI
2532 410 2622 468 iV.

3624 412 3742 469 916

459 538 591 581 vero
616 531 703 581 est
732 521 961 579 mutatio
995 540 1010 578 :
1040 536 1104 579 ac
1124 520 1385 595 iudicium
1421 525 1639 595 quidem
1677 536 1733 583 et
1758 526 2037 599 disciplina

2157 544 2272 595 ιων,
2324 527 2476 595 δεξιά
2529 519 2769 583 καῖθεία
2798 527 3003 599 βλέψις,
3036 526 3197 600 μέχρι
3240 528 3350 583 τῶν
3386 527 3745 593 ἀξιωθέντων

459 616 904 689 praeceptionum,
936 630 1060 672 cum
1085 624 1344 687 tanquam
1375 620 1541 675 duces
1562 620 1735 675 oculis
1776 628 2039 691 praeeunt,

462 718 645 764 rectus
676 716 729 767 et
779 709 993 765 divinus
1047 717 1133 764 est
1193 719 1463 780 aspectus,
1519 726 1692 783 usque
1730 714 1795 767 ad
1830 728 1891 768 ea
1922 727 2044 783 qua:

463 809 684 869 aspectu
716 800 873 871 digna
896 809 1022 856 sunt
1047 810 1353 870 porrectus.
1394 802 1527 859 Cum
1563 818 1692 860 vero
1718 805 2042 875 negligentia

464 891 795 958 dominatur,
856 902 1042 962 turpes
1097 902 1152 950 et
1203 892 1397 951 fucata:
1446 906 1573 951 sunt
1610 911 1719 953 res.
1755 896 1848 953 Sic
1875 897 2038 952 etiam

465 998 664 1053 corpus
693 1024 711 1052 ,
770 988 849 1043 sic
895 1003 1057 1044 omne
1114 988 1417 1044 membrum
1464 988 1731 1044 actionem
1790 989 2039 1053 honorat,

466 1075 740 1132 actionem
772 1078 1037 1135 imitatur.
1070 1080 1279 1135 Bonum
1318 1090 1402 1137 est
1430 1081 1572 1150 quod
1600 1079 1891 1135 formatum
1920 1090 2040 1146 est;

463 1177 640 1238 potest
670 1171 813 1225 enim
862 1171 1135 1226 deservire
1178 1172 1384 1226 virtuti.
1442 1171 1659 1227 Sanctm
1686 1180 1812 1226 sunt
1862 1171 2037 1239 leges;

466 1270 661 1315 curant
683 1265 824 1317 enim
855 1272 915 1317 ut
941 1263 1268 1334 diligentiam
1303 1262 1555 1318 adhibeat
1581 1264 1723 1334 quod
1751 1263 2039 1319 formatum

464 1359 569 1406 est.
617 1349 784 1407 Misce
811 1366 934 1405 cum
962 1350 1287 1407 formatione
1329 1352 1523 1422 legem,
1558 1361 1614 1407 et
1666 1352 1875 1407 videbis
1899 1354 2041 1422 quod

465 1438 759 1495 formatum
789 1451 895 1507 est,
925 1442 1336 1497 similitudinem
1366 1440 1482 1509 ejus
1532 1442 1623 1511 qui
1663 1441 1919 1498 formavit
1952 1442 2047 1497 ba-

463 1531 618 1597 bere,
650 1533 1055 1602 imitabiturque
1081 1549 1202 1589 eum
1226 1550 1241 1599 ;
1296 1532 1378 1588 sin
1402 1549 1530 1589 vero
1558 1534 1822 1589 formatus
1852 1550 1931 1603 es,
1956 1536 2048 1592 sed

464 1622 791 1681 lineamenta
823 1625 1165 1682 formationis
1187 1642 1294 1681 non
1325 1626 1505 1683 reddis
1530 1626 1782 1693 formato,
1816 1626 1930 1683 fere
1952 1643 2049 1685 ac-

2143 622 2491 695 ἐκτεινομένη
2517 640 2530 653 ·
2596 622 2869 695 ῥᾳθυμίας
2922 623 2980 678 δέ
3018 623 3348 696 κρατούσης,
3400 622 3610 693 αἰσχρὰ
3644 622 3747 674 καὶ

2144 712 2371 783 κίϐδηλα
2409 714 2481 767 τά
2513 714 2817 785 πράγματα
2838 729 2855 746 ·
2913 712 3057 767 οὑτω
3112 714 3207 768 καὶ
3236 713 3413 785 σῶμα,
3447 713 3593 767 οὕτω
3642 711 3748 764 καὶ

2144 807 2253 860 πᾶν
2289 805 2450 875 μέλος
2481 806 2581 877 τὴν
2603 805 2800 878 πρᾶξιν
2828 808 2985 877 τιμᾷ,
3025 805 3125 877 τὴν
3160 805 3419 877 πρόθεσιν
3455 807 3742 877 μιμεῖται.

2142 896 2322 950 Καλὸν
2369 896 2431 950 τὺ
2476 895 2891 967 πεπλασμένον·
2938 896 3158 951 δύναται
3215 895 3325 966 γὰρ
3384 894 3747 967 ὑπηρετῆσαι

2142 993 2343 1062 άρετῇ·
2378 992 2514 1061 ίερο)⁵
2544 992 2593 1044 oi
2617 991 2769 1062 νόμοι
2790 1006 2805 1019 ·
2844 989 3195 1061 ἐπιμέλονται
3226 987 3336 1060 γὰρ
3372 987 3473 1058 τῆς
3510 986 3746 1056 μελείας

2142 1081 2237 1136 τοῦ
2287 1082 2695 1153 πεπλασμένου.
2735 1082 2908 1147 Μίξον
2956 1084 3023 1153 τῇ
3052 1082 3248 1135 πλάσει
3296 1080 3389 1133 τὸν
3416 1079 3604 1149 νόμον,
3641 1077 3749 1131 καὶ

2142 1172 2264 1243 ὄψει
2311 1173 2374 1226 τὸ
2410 1172 2811 1243 πεπλασμένον,
2842 1172 3019 1236 ἐοικὸς
3043 1172 3121 1243 τῷ
3168 1170 3493 1237 πεπλακότι,
3514 1170 3614 1223 καὶ
3648 1186 3749 1239 μι-

2148 1266 2379 1336 μήσεται
2402 1264 2494 1317 τὸν
2527 1264 2875 1318 πεπλακότα·
2906 1265 2955 1318 εί
2977 1264 3033 1317 δὲ
3055 1263 3154 1337 τὴν
3186 1263 3381 1318 πλάσιν
3409 1262 3577 1333 ἔχεις,
3607 1261 3750 1323 τοὺς

2143 1357 2201 1411 δὲ
2231 1357 2427 1427 νόμους
2452 1355 2588 1427 (l5),
2619 1359 2974 1427 χαρακτῆρας
3005 1355 3167 1419 ὄντας
3197 1356 3299 1426 τῆς
3332 1353 3607 1415 πλάσεως,
3636 1352 3749 1404 οὐκ

2143 1446 2409 1510 ἀποδίδως
2461 1445 2538 1517 τῷ
2580 1446 2966 1517 πεποιημένῳ,
3026 1444 3355 1507 κινδυνεύεις
3402 1443 3748 1512 κατηγορεῖν

2144 1537 2391 1608 διαϐολῇ,
2443 1535 2690 1608 ὑϐρίζειν
2717 1535 2893 1590 δοκῶν
2938 1535 3000 1590 τὸ
3036 1534 3431 1605 πεποιημένον·
3472 1530 3635 1603 ὕϐριν
3659 1530 3747 1600 τῷ

2148 1631 2480 1701 πεποιηκότι
2514 1630 2745 1704 ἐργάζῃ.

466 1730 630 1773 cusas
670 1725 726 1773 et
775 1718 1126 1773 calumniaris
1175 1726 1491 1785 auctorem;
1533 1727 1589 1774 et
1622 1732 1748 1775 cum
1794 1720 2000 1776 videris
2028 1722 2457 1779 contumeliosus
2507 1737 2628 1778 esse
2672 1722 2726 1776 in
2772 1720 2826 1777 id
2880 1723 3023 1792 quod
3070 1720 3269 1776 factum
3314 1728 3417 1785 est,
3446 1726 3745 1774 contume-

466 1808 596 1865 liam
622 1810 791 1866 infers
817 1810 866 1867 ei
893 1810 988 1881 qui
1014 1798 1164 1866 fecit.

1347 1880 1477 1937 CAP.
1512 1878 1657 1936 XIX.
1696 1880 1915 1938 Muralis
1954 1882 2204 1946 moribus,
2233 1878 2408 1933 animo
2433 1893 2535 1931 non
2564 1885 2819 1931 mutatur.

537 1974 983 2046 Quandoquidem
1014 1990 1144 2031 vero
1178 1974 1356 2046 aliqua
1386 1984 1469 2031 est
1492 1976 1686 2031 animae
1711 1976 2033 2041 substantia,
2071 1985 2110 2039 Β

466 2073 522 2121 et
557 2079 665 2121 non
715 2074 800 2121 est
846 2066 1021 2122 soluta
1078 2079 1255 2135 neque
1304 2064 1543 2121 solvetur
1566 2066 1865 2122 substantia
1894 2066 2046 2137 ejus;

469 2169 611 2227 saepe
632 2167 809 2213 autem
836 2157 998 2214 soluti
1025 2166 1082 2212 et
1110 2156 1308 2212 sublati
1337 2166 1463 2213 sunt
1490 2172 1671 2214 mores
1699 2174 1714 2213 :
1746 2157 1876 2228 quid
1902 2159 2046 2230 quod

467 2246 603 2301 solvi
630 2256 825 2316 potest,
870 2255 1131 2316 tanquam
1164 2246 1298 2303 solvi
1329 2261 1437 2302 non
1467 2248 1660 2318 possit,
1690 2247 2050 2304 substantiaie

468 2350 589 2393 esse
615 2338 930 2393 confiteris?
955 2335 1091 2392 Sunt
1112 2351 1485 2407 sarpenumero
1516 2338 1709 2392 animae
1736 2346 1908 2407 capta:
1937 2337 2051 2407 qui-

469 2427 593 2483 dem
633 2427 1018 2496 imprudentia,
1052 2438 1237 2497 postea
1271 2442 1399 2484 vero
1424 2429 1762 2498 prudentiam
1787 2428 2050 2498 amplexa!

468 2527 617 2577 sunt.
674 2518 743 2574 Et
793 2534 982 2575 rursus
1033 2533 1177 2588 saepe
1204 2520 1488 2590 prudentia
1518 2519 1774 2585 illustres,
1808 2521 2051 2590 quando-

469 2624 578 2680 que
633 2609 688 2664 iu
748 2607 1162 2679 imprudentiam
1209 2609 1538 2664 ceciderunt.
1602 2607 1756 2679 Saepe
1807 2609 2047 2664 audisti:

472 2697 647 2753 Homo
680 2715 797 2753 cum
828 2698 883 2751 in
914 2698 1109 2751 honore
1129 2707 1281 2763 esset,
1305 2714 1409 2752 non
1447 2698 1698 2753 intellexit
1723 2717 1742 2765 ;
1770 2715 2049 2767 compara-

471 2801 556 2846 tus
581 2799 657 2845 est
700 2789 954 2858 jumentis
1009 2789 1400 2858 insipientibus,
1454 2800 1501 2846 et
1528 2791 1716 2846 similis
1771 2791 1941 2860 [actus
1974 2802 2050 2846 est

470 2882 579 2936 illis
603 2882 666 2938 ".
696 2880 963 2936 Clamavit
987 2879 1150 2936 etiam
1174 2880 1370 2937 Paulus
1402 2900 1416 2936 :
1457 2879 1634 2936 Stulta
1671 2883 1855 2937 mundi
1899 2882 2051 2954 elegit

470 2972 638 3038 Deus,
668 2980 726 3026 ut
752 2972 1007 3039 sapientes
1028 2972 1368 3041 confunderet
1398 2972 1462 3026 ”.
1491 2972 1658 3044 igitur
1690 2973 1781 3043 qui
1803 2982 1959 3027 erant
1996 2975 2049 3028 in

471 3060 721 3127 stultitia,
744 3060 808 3116 ad
834 3062 1178 3133 prudentiam
1212 3062 1658 3131 devenerunt;et
1680 3064 1775 3133 qui
1810 3073 1965 3118 erant
1995 3064 2049 3119 in

471 3152 777 3223 prudentia,
810 3153 877 3207 ad
918 3151 1199 3208 stultitiam
1234 3169 1250 3208 :
1289 3160 1345 3208 et
1364 3153 1623 3224 segnities
1645 3153 1863 3224 quidem
1894 3168 2049 3209 men-

475 3250 582 3296 tem
612 3242 756 3312 cepit
794 3241 1113 3313 aegritudine
1144 3242 1442 3311 prudentia:
1484 3254 1722 3313 captam,
1767 3242 2049 3312 disciplina

474 3347 606 3388 vero
653 3344 890 3387 mentem
952 3333 1295 3403 insipientem
1349 3333 1719 3405 recuperavit,
1769 3342 1823 3389 et
1884 3322 2124 3404 ejectaC

475 3424 798 3498 aegritudine
822 3424 1201 3493 imprudentiae
1229 3424 1504 3495 propriam
1532 3426 1890 3481 valetudinem
1926 3426 2053 3480 red-

476 3517 633 3573 didit.
666 3515 811 3572 Vitia
852 3531 984 3587 ergo
1027 3525 1083 3573 et
1122 3517 1354 3573 virtutes
1384 3518 1710 3573 mutationes
1758 3527 2051 3587 ceperunt;

475 3610 780 3679 comparari
811 3617 1059 3679 possunt,
1094 3616 1150 3663 et
1172 3609 1370 3664 amitti.
1405 3608 1604 3676 Habes,
1640 3618 1695 3664 et
1718 3624 1822 3663 non
1849 3609 2052 3675 habes;

477 3686 757 3764 invenisti,
791 3708 846 3755 et
888 3698 1157 3766 amisisti;
1223 3698 1390 3756 babes
1423 3700 1569 3769 quod
1625 3699 1900 3766 invenisti,
1949 3716 2055 3755 non

480 3788 649 3843 babes
675 3788 823 3857 quod
849 3788 1118 3855 amisisti;
1150 3788 1290 3844 inter
1308 3803 1402 3844 eos
1424 3790 1515 3859 qui
1547 3791 1824 3845 inveniunt
1852 3800 1907 3846 et
1931 3805 2054 3860 per-

479 3878 752 3944 diderunt,
798 3880 1125 3936 numeraris.
1180 3880 1340 3936 Aliud
1374 3890 1456 3936 est
1512 3883 1653 3953 quod
1700 3882 1968 3937 invenitur
2004 3892 2058 3937 et

479 3970 787 4037 amittitur;
819 3972 923 4026 hoc
952 3971 1097 4026 enim
1151 3980 1235 4028 est
1262 3972 1433 4027 virtus
1462 3981 1513 4027 et
1564 3972 1771 4027 vitium.
1801 3972 1902 4040 Qui
1930 3987 2058 4027 vero

480 4063 685 4119 invenit
704 4072 759 4117 et
786 4063 980 4133 perdit,
1025 4062 1071 4118 is
1094 4072 1179 4119 est
1226 4062 1319 4133 qui
1370 4063 1557 4118 virtuti
1599 4072 1654 4118 et
1681 4063 1809 4117 vitio
1838 4078 2056 4133 operam

480 4156 592 4212 dat.
617 4155 683 4211 Et
713 4155 902 4209 vitium
920 4154 1138 4225 quidem
1169 4153 1339 4221 nihil;
1367 4155 1586 4225 proprie
1614 4154 1756 4209 enim
1782 4154 1911 4210 nihil
1941 4164 2071 4221 est;

480 4263 589 4304 non
617 4248 760 4304 enim
790 4257 968 4318 potest
1003 4260 1098 4318 per
1131 4260 1191 4303 se
1219 4260 1340 4301 esse
1372 4245 1587 4300 vitium.
1612 4245 1896 4301 Actionem
1929 4262 2059 4302 vero

480 4341 709 4398 mollitie
729 4339 1030 4397 affectionis
1058 4337 1471 4401 consistentem,
1515 4346 1570 4391 et
1593 4337 1770 4391 studio
1798 4335 2057 4393 consultae

480 4432 779 4489 voluntatis
806 4434 1186 4497 intereuntem,
1216 4443 1369 4485 sume
1394 4428 1601 4485 scilicet
1636 4443 1701 4483 ex
1730 4427 1793 4481 iis
1822 4442 1940 4497 qum
1964 4429 2057 4482 ad-

483 4522 785 4588 discuntur,
815 4532 866 4577 et
899 4538 965 4578 ex
1006 4521 1244 4577 motibus
1278 4518 1564 4577 considera
1594 4533 1712 4587 quae
1738 4516 1870 4573 foris
1897 4527 2055 4582 sunt;

483 4613 851 4684 contemplare
881 4627 1000 4682 quae
1030 4612 1213 4677 intus;
1249 4610 1495 4681 perspice
1531 4608 1906 4677 cogitationes,
1935 4622 2055 4663 cum

481 4703 654 4760 sentis
703 4702 979 4758 turbidum
1039 4708 1245 4756 motum
1294 4708 1350 4754 et
1399 4698 1687 4755 tumultum
1732 4699 2055 4768 quemdam;

481 4809 603 4851 cum
631 4792 875 4864 voluptas
906 4791 1103 4858 titillat,
1132 4806 1255 4847 cum
1305 4791 1418 4862 jam
1443 4793 1525 4847 sic
1587 4791 1641 4845 in
1673 4791 1913 4861 periculo
1940 4806 2059 4845 ver-

480 4899 631 4951 sans,
663 4884 953 4954 praesentia
997 4892 1053 4939 et
1079 4882 1330 4952 praesidio
1376 4898 1558 4953 parva:
1582 4883 1878 4950 disciplina:
1906 4891 2057 4938 tran-

481 4974 807 5045 quillitatem
839 4982 896 5029 et
938 4972 1161 5028 multam
1186 4972 1551 5029 constantiam
1586 4972 1639 5026 in
1663 4974 1841 5026 anima
1874 4973 2055 5039 vides;

478 5067 646 5138 tdque
694 5066 755 5122 iit
806 5066 859 5121 in
917 5065 1131 5133 eodem,
1185 5080 1360 5136 neque
1392 5065 1563 5122 multo
1604 5065 1890 5121 intervallo
1926 5076 2059 5120 tem-

479 5160 667 5230 poris,
723 5159 853 5231 quin
909 5158 1087 5228 potius
1151 5173 1521 5229 saepenumero
1588 5167 1784 5229 puncto
1848 5167 2056 5231 tempo-

482 5266 580 5309 ΠΒ.

2221 1971 2440 2044 Ἐπειδὴ
2483 1971 2541 2025 δὲ
2586 1972 2681 2025 καὶ
2712 1974 2780 2042 τῇ
2813 1970 2957 2042 ψυχῇ
2997 1969 3111 2024 ἐστι
3136 1986 3222 2034 τις
3276 1969 3603 2031 ὑπόστασις,
3638 1968 3737 2022 καὶ

2152 2066 2213 2120 οὑ
2236 2065 2454 2119 λέλυται
2494 2064 2663 2134 αὑτῆς
2688 2066 2722 2133 ἡ
2750 2063 3071 2127 ὑπόστασις,
3107 2063 3228 2116 ούδέ
3251 2061 3575 2133 λυθήσεται·
3610 2060 3745 2113 πολ-

2150 2158 2309 2221 λάκις
2334 2156 2390 2210 δέ
2432 2156 2649 2209 λύονται
2680 2156 2729 2207 oi
2777 2156 2991 2227 τρόποι,
3022 2155 3118 2209 καὶ
3158 2155 3411 2209 δύνανται
3462 2152 3740 2221 λυθῆναι·

2149 2248 2203 2301 τί
2223 2249 2299 2311 ὡς
2336 2247 2410 2318 μὴ
2454 2245 2751 2315 δυνάμενον
2794 2244 3021 2314 λυθῆναι
3049 2243 3111 2296 τὸ
3147 2235 3444 2313 δυνάμενον
3488 2240 3744 2311 λυθῆναι,

2150 2337 2407 2400 οὐσιῶδες
2457 2336 2771 2406 ὁμολογείς;
2800 2336 2920 2388 Elei.
2947 2335 3117 2405 ψυχαὶ
3151 2334 3410 2397 πολλάκις
3434 2333 3537 2404 μὲν
3565 2332 3747 2403 ἀφρο-

2154 2428 2288 2500 σύνῃ
2312 2426 2634 2498 αίρεθείσαι,
2671 2425 2897 2497 ὕστερον
2928 2427 2984 2480 δέ
3012 2427 3326 2499 φρονήσεως
3353 2425 3563 2496 ἥψαντο
3586 2442 3601 2454 ·
3648 2423 3749 2477 καὶ

2154 2519 2416 2583 πολλάκις
2466 2519 2869 2590 διαπρέπουσαι
2922 2522 2981 2573 ἐν
3014 2521 3307 2592 φρονήσει·
3351 2518 3582 2589 ὕστερόν
3613 2532 3747 2569 ποτε

2151 2614 2231 2676 είς
2255 2610 2567 2683 ἀφροσύνην
2619 2609 2963 2665 πεπτώκασι.
3004 2611 3271 2675 Πολλάκις
3299 2612 3574 2681 ἡκούσας·
3616 2609 3747 2661 Ἀν-

2152 2707 2384 2771 θρωπος
2424 2700 2494 2754 ἐν
2524 2698 2664 2771 τιμῇ
2706 2700 2792 2753 ὦν
2818 2702 2891 2755 οὐ
2920 2699 3188 2769 συνῆκε·
3229 2694 3745 2767 παρασυνεϐλήθη

2152 2792 2277 2860 τοῖς
2306 2793 2558 2860 κτήνεσι
2600 2790 2724 2857 τοῖς
2753 2790 3052 2858 ἀνοήτοις,
3084 2790 3183 2845 καὶ
3210 2789 3475 2860 ὡμοιώθη
3510 2786 3744 2851 αὐτοῖς.

2166 2884 2391 2954 Ἐϐόησε
2417 2884 2474 2936 δὲ
2504 2884 2598 2937 καὶ
2628 2882 2874 2946 Παῦλος·
2924 2881 3005 2936 Τὰ
3028 2881 3197 2952 μωρὰ
3226 2881 3333 2935 τοῦ
3380 2880 3618 2949 κόσμου
3647 2878 3748 2943 ἐξ·

2158 2974 2411 3040 ελέξατο
2439 2976 2472 3028 ό
2514 2973 2679 3040 Θεὸς,
2721 2974 2823 3027 ινα
2871 2974 3245 3043 καταισχύνῃ
3288 2971 3432 3037 τοὺς
3482 2970 3744 3038 σοφούς.

2153 3065 2387 3130 Οὐκοῦν,
2450 3067 2497 3118 οἱ
2530 3064 2594 3117 ἐκ
2624 3062 2836 3139 μωρίας
2890 3064 2986 3116 ἐπὶ
3011 3055 3110 3134 τὴν
3140 3062 3399 3133 φρόνησιν
3425 3058 3745 3131 ἐληλύθασι,

2154 3158 2251 3212 καὶ
2296 3158 2361 3212 ἐκ
2404 3157 2719 3228 φρονήσεως
2747 3157 2840 3210 ἐπὶ
2867 3156 2965 3227 τὴν
2993 3142 3226 3227 μωρίαν,
3253 3153 3348 3208 καὶ
3374 3151 3618 3224 ῥᾳθυμία
3645 3150 3749 3222 μὲν

2155 3251 2253 3323 τὴν
2276 3249 2501 3321 γνώμην
2549 3244 2682 3317 εἷλε,
2735 3248 2876 3319 νόσῳ
2904 3249 3222 3320 φρονήσεως
3266 3244 3599 3317 αἱρεθεῖσαν,
3639 3245 3748 3315 μά-

2158 3342 2314 3413 θησις
2339 3343 2395 3395 δέ
2434 3339 2659 3412 γνώμην
2686 3341 3062 3413 άφραίνουσαν
3097 3337 3493 3411 παραλαϐοῦσα
3512 3338 3749 3405 ἀνεκτή-

2156 3454 2308 3498 σατο.
2346 3436 2443 3507 τὴν
2476 3435 2628 3490 νόσον
2676 3435 2778 3507 τῆς
2811 3436 3122 3506 ἀφροσύνης
3176 3432 3445 3499 ἐξώσασα,
3506 3432 3605 3483 καὶ
3648 3429 3750 3500 τὴν

2156 3527 2344 3597 ὑγείαν
2368 3528 2673 3582 ἀποδέδωκε
2704 3527 2919 3598 κυρίαν.
2952 3525 3397 3596 Μεταϐἐϐληνται
3437 3519 3533 3576 οὖν
3557 3524 3618 3575 αί
3647 3539 3749 3576 κα-

2156 3617 2273 3671 κίαι
2327 3617 2422 3671 καὶ
2458 3618 2515 3670 αί
2570 3617 2795 3689 άρεταί·
2854 3617 2949 3671 καὶ
3002 3617 3221 3687 κτηταὶ,
3273 3618 3369 3669 καὶ
3419 3614 3746 3685 άπόκτητοι.

2162 3710 2369 3779 Ἔχεις,
2400 3711 2502 3762 οὐκ
2528 3708 2673 3779 ἔχεις
2698 3726 2711 3739 ·
2740 3703 2920 3782 εὗρες,
2951 3708 3043 3762 καὶ
3090 3706 3472 3770 ἀπολώλεκας·
3514 3705 3749 3786 ﬁxam}

2157 3795 2345 3873 εὗρες·
2374 3800 2475 3853 οὑκ
2507 3799 2669 3869 ἔχεις,
2704 3800 2733 3852 ὃ
2764 3798 3147 3863 ἀπολώλεκας·
3188 3802 3246 3852 ἐν
3306 3801 3419 3862 τοῖς
3461 3798 3749 3869 εὑρίσκουο

2158 3908 2265 3955 σιν,
2305 3892 2337 3962 ἢ
2365 3891 2734 3946 ἀπολωλεκόσι
2767 3893 2949 3965 κρίνῃ.
2982 3891 3209 3962 Ἕτερον
3252 3891 3308 3943 δὲ
3334 3889 3395 3943 τὸ
3422 3890 3749 3960 εὑρισκόμε-

2158 4000 2246 4037 νον
2281 3983 2377 4036 καὶ
2410 3984 2471 4036 τὸ
2504 3984 2873 4055 ἀπολλύμενον
2894 3999 2908 4014 ·
2964 3983 3059 4037 καὶ
3109 3983 3172 4036 τὸ
3203 3982 3324 4054 μὲν,
3372 3983 3405 4053 ἡ
3443 3981 3615 4053 ἀρετὴ
3636 4020 3653 4044 ,
3684 3979 3749 4034 τὺ

2156 4074 2235 4140 δέ,
2264 4078 2293 4129 ὁ
2324 4076 2493 4129 ποιῶν
2516 4092 2529 4105 ·
2559 4078 2653 4131 καὶ
2676 4077 2736 4130 τὸ
2768 4077 2889 4148 μὲν,
2924 4077 2957 4147 ἠ
2987 4076 3177 4140 κακία,
3210 4076 3272 4129 τὸ
3301 4075 3376 4139 δὲ,
3409 4074 3744 4145 όπράττων·

2160 4166 2338 4221 καὶτὸ
2370 4166 2492 4238 μὲν,
2514 4168 2548 4237 ἡ
2578 4166 2769 4230 κακία,
2824 4165 3007 4219 οὐδέν·
3056 4165 3203 4230 ίδίως
3257 4166 3364 4237 γάρ
3386 4164 3538 4217 οὐδέν
3558 4181 3571 4196 ·
3616 4166 3751 4219 ὑπό-

2160 4276 2349 4313 στασιν
2383 4259 2489 4333 γὰρ
2525 4259 2721 4324 κακίας
2743 4260 2922 4333 εὑρεῖν
2954 4259 3234 4329 ἀμήχανον
3256 4275 3269 4289 ·
3301 4256 3500 4329 πρᾶξιν
3539 4258 3599 4311 δὲ
3623 4275 3745 4329 χαι-

2158 4351 2341 4422 νότητι
2382 4352 2501 4423 (sic)
2551 4356 2864 4423 φρονήσεως
2904 4350 3359 4421 ὑφιστανομένην,
3404 4350 3500 4404 καὶ
3544 4350 3747 4421 μελέτῃ

2160 4442 2532 4513 προαιρέσεως
2549 4442 2966 4517 ἀναιρουμένην,
2989 4442 3179 4513 άμὲλει
3195 4442 3260 4495 ἐκ
3278 4441 3386 4495 τῶν
3407 4440 3747 4513 μαθημάτων

2159 4533 2425 4604 λάμϐανε,
2470 4536 2565 4588 καὶ
2590 4537 2655 4589 ἐκ
2692 4534 2800 4588 τῶν
2830 4534 3151 4605 κινημάτων
3169 4551 3182 4564 ·
3208 4533 3500 4603 ἐπίσκεψαι
3522 4533 3593 4586 τά
3613 4532 3746 4598 ἔξω·

2162 4623 2356 4695 θεώρει
2395 4625 2463 4678 τά
2496 4625 2603 4679 ἔσω
2621 4642 2633 4655 ·
2661 4626 2999 4695 κατανόησον
3026 4625 3126 4689 τὰς
3161 4625 3397 4689 διανοίας
3416 4642 3429 4655 ·
3458 4626 3589 4678 ὅταν
3617 4626 3749 4678 ὑπο-

2168 4714 2359 4787 μείνῃς
2381 4714 2639 4786 τάραχον,
2675 4716 2803 4769 ὅταν
2865 4715 3089 4786 θόρυϐόν
3115 4732 3258 4780 τινα,
3288 4716 3416 4769 ὅταν
3436 4714 3747 4785 γαργαλίζῃ

2162 4806 2350 4877 ἡδονῇ,
2392 4807 2519 4861 ὅταν
2573 4806 2652 4859 ἐτι
2679 4807 2823 4861 οὕτω
2864 4805 3189 4859 κινδυνεύων
3216 4806 3398 4875 ὀλίγου
3425 4806 3748 4883 μαθήματος

2166 4898 2507 4964 ἐπιστάντος,
2542 4900 2784 4971 γαλήνην
2802 4900 2918 4973 ίδῃς
2947 4901 3005 4952 ἐν
3036 4902 3104 4971 τῇ
3132 4898 3278 4970 ψυχῇ
3306 4900 3399 4952 καὶ
3426 4898 3750 4953 εὐστάθειαν

2167 4989 2390 5060 πολλὴν,
2425 4991 2520 5046 καὶ
2568 4990 2743 5045 ταῦτα
2783 4992 2843 5043 ἐν
2888 4988 3106 5060 ταυτῷ·
3165 4991 3303 5060 μήτε
3334 4988 3530 5043 πολλοῦ
3553 4990 3747 5061 χρόνου

2168 5079 2627 5151 παρεληλυθότος,
2666 5080 2803 5135 ἀλλὰ
2849 5081 3111 5146 πολλάκις
3143 5081 3204 5134 ἐν
3232 5081 3311 5153 τῷ
3352 5082 3627 5155 άκαριαίῳ
3655 5082 3747 5135 τοῦ

2165 5170 2405 5226 τοιούτου
2432 5173 2826 5245 πραττομένου.

1516 5320 1647 5376 CAP.
1672 5318 1792 5375 XX.
1831 5318 2198 5389 Conﬁrmatur
2219 5330 2402 5384 eadem
2433 5332 2694 5385 doctrina.

553 5411 627 5470 At
657 5427 799 5486 saepe
830 5429 952 5471 cum
988 5414 1168 5470 anima
1192 5414 1396 5484 aliquid
1433 5423 1588 5485 turpe
1618 5415 1838 5484 appetit,
1868 5426 1924 5471 et
1952 5426 2065 5470 sta-

485 5503 585 5560 tim
633 5519 694 5562 se
743 5504 963 5562 cohibet
1013 5514 1070 5561 et
1122 5505 1460 5562 sedationem
1498 5506 1918 5574 perturbationis
1958 5508 2061 5564 sibi

483 5595 663 5665 silert,
688 5610 756 5654 ac
788 5598 1051 5655 continuo
1075 5611 1197 5669 qua
1222 5598 1290 5655 ad
1320 5597 1733 5669 temperantiam
1767 5600 2058 5669 pertinent,

555 5691 602 5724 ¹⁸
633 5691 780 5752 Psai.
804 5697 997 5761 sum,
1030 5692 1120 5760 13,
1147 5691 1238 5748 2i.
1270 5693 1316 5725 ¹⁶
1340 5691 1359 5748 Ι
1388 5691 1513 5750 Cor.
1541 5707 1579 5759 i,
1607 5691 1698 5747 27.

2238 5424 2349 5478 Καὶ
2383 5426 2641 5491 πολλάκις
2688 5428 2943 5500 ὁρμώσης
2971 5431 3077 5513 ,τῆς
3107 5430 3287 5502 ψυχῆς
3334 5430 3429 5483 ἐπ)⁸
3463 5429 3635 5493 πάθος
3664 5432 3746 5483 ai-

2170 5514 2361 5585 σχρόν·
2396 5518 2741 5590 παραχρῆμα
2785 5520 2843 5574 δὲ
2879 5521 3272 5595 συστελλούσης
3311 5520 3404 5573 καὶ
3438 5520 3746 5590 καθησυχα-

2168 5602 2391 5679 ξούσης,
2427 5609 2521 5663 καὶ
2549 5608 2712 5673 εὐθὺς
2743 5610 2814 5665 τά
2846 5610 3101 5683 σώφρονα
3128 5610 3628 5681 ἀναγινωσκούσης,
3658 5610 3745 5663 καὶ

554 5778 861 5867 “5)!on
879 5780 950 5835 δὲ
990 5783 1250 5867 νόμους..
1272 5784 1378 5865 sed
1421 5783 1555 5854 leges
1592 5796 1684 5867 aut
1711 5788 1933 5867 uirtutes
1953 5805 2067 5857 quae

2180 5787 2272 5845 Sic
2309 5791 2480 5867 reddit
2512 5792 2807 5865 Basnagius
2836 5792 2937 5851 ista
2962 5794 3087 5859 τοὺς
3105 5792 3176 5847 ’δέ
3208 5793 3426 5865 νόμους,
3460 5810 3580 5867 qum
3608 5797 3745 5865 fuge-

484 5858 606 5907 sttnt
650 5850 976 5910 characteres
1035 5850 1390 5923 fbmationis,
1449 5850 1552 5912 non
1594 5855 1769 5914 reddis
1806 5850 2058 5928 formula.

2168 5870 2295 5916 runt
2328 5862 2699 5932 interpretem.
