3890 6274
264 409 372 466 917

1193 424 1251 482 S.
1293 425 1711 486 SERAPIONIS
1748 431 1951 487 LIBER
1993 434 2149 489 ADV.
2191 434 2638 494 SIANICIIAIOS.

3417 445 3516 501 9l8

261 528 360 582 τοῦ
389 529 630 585 τοιούτου
664 529 1067 608 πραττομένου,
1107 541 1226 607 πῶς
1251 546 1352 599 οὐκ
1389 545 1505 601 ἔστι
1539 546 1725 619 θαῦμα
1751 549 1848 604 λα-

1964 553 2112 622 ;egit;
2154 569 2275 608 cum
2317 554 2441 620 hoc,
2479 555 2723 625 inquam,
2759 556 2837 620 fit,
2881 559 3150 626 quomodo
3183 573 3286 612 non
3316 570 3400 614 est
3429 562 3525 616 ad-

201 619 224 699 ξ
263 623 415 686 θείνς
467 620 586 687 πῶς
614 623 715 678 οὐκ
763 625 908 681 ἐστιν
949 630 1143 696 εἰπεῖν,
1175 633 1257 687 ὅτι
1299 635 1453 690 οὐδὲν
1496 637 1624 693 ῐδιον
1651 639 1844 710 αὐτῆς,

261 711 381 804 ἀλλ’
415 712 750 770 ίδιοποιεῖται
798 718 830 790 ἡ
867 718 1013 792 ψυχὴ
1064 722 1201 795 πρὸς
1233 725 1262 779 ὃ
1297 726 1544 797 βούλεται
1592 731 1848 804 ίδιοποιη-

261 802 450 870 θεῖσας
490 807 585 859 καὶ
608 807 760 863 οὐδὲν
794 811 900 864 τῶν
936 815 1176 886 αἰσχρῶν
1199 817 1320 872 καθ’
1347 820 1506 874 ἑαυτό
1534 823 1699 890 ἐστιν,
1731 802 1846 878 ἀλλ’

261 891 406 950 εἶναι
438 897 604 963 δοκεῖ,
639 901 728 954 ὅτε
758 905 823 974 τῇ
855 905 1032 976 ἐννοίᾳ
1057 907 1420 975 φαντάζεται·
1449 912 1549 966 οὐκ
1579 913 1726 967 ἔστιν
1753 911 1847 970 οὖν

261 988 388 1042 καθ’
427 990 598 1046 ἑαυτά
634 992 703 1047 τὰ
735 995 956 1068 αἰσχρὰ,
989 998 1125 1053 ἀλλά
1155 1003 1274 1065 ταῖς
1306 1003 1725 1070 άποκλινούσαις
1753 1009 1849 1062 καὶ

259 1080 706 1155 ἀπορρεπούσαις
727 1086 984 1154 διανοίαις
1007 1090 1104 1156 τὰς
1134 1095 1424 1161 συστάσεις
1449 1097 1690 1168 δέχεται·
1723 1098 1848 1154 ὅθεν

260 1171 361 1224 καὶ
395 1173 796 1246 παιδευτηρίων
834 1177 1047 1250 ἐδεήθη,
1103 1181 1305 1256 ἀκόνην
1353 1187 1448 1239 καὶ
1491 1186 1850 1259 λαμπρότητα

262 1260 406 1331 πρὸς
451 1263 849 1335 παιδευτηρίων
895 1267 1243 1340 λαμϐάνουσα
1265 1289 1280 1304 ·
1325 1274 1448 1329 ὅθεν
1503 1276 1761 1341 πολλάκις
1813 1278 1848 1350 ἡ

261 1351 404 1422 αὐτὴ
455 1354 619 1426 ἑαυτῇ
659 1355 976 1426 φθέγγεται,
1028 1361 1228 1436 ἑαυτὴν
1283 1365 1642 1438 διεγείρουσα,
1700 1366 1731 1438 ἢ
1781 1367 1848 1420 δι’

265 1440 455 1512 ἑτέρου
489 1442 876 1519 διανεσταμένη
911 1449 1130 1504 ἀκούει·
1162 1454 1414 1524 Εὐλόγει
1446 1456 1485 1523 ἡ
1519 1454 1690 1524 ψυχή
1728 1473 1850 1525 μου

262 1532 375 1586 τὸν
405 1535 646 1604 Κύριον,
680 1540 782 1596 καί
823 1540 1022 1598 πάντα
1061 1544 1134 1598 τὰ
1163 1546 1338 1614 ἐντός
1381 1566 1500 1618 μου
1551 1548 1621 1603 τὸ
1665 1548 1851 1618 ὄνομα

261 1624 334 1679 τὸ
365 1625 536 1695 ἄτιον
565 1623 788 1684 αὐτοῦ·
813 1633 928 1700 καὶ,
951 1634 1114 1691 Αἴνει
1153 1638 1192 1706 ἠ
1221 1639 1390 1708 ψυχή
1413 1658 1532 1709 μου
1592 1640 1700 1695 τὸν
1732 1643 1850 1696 Κύ-

252 1730 416 1782 ριον.
448 1717 518 1769 Ἢ
549 1718 658 1791 γὰρ
685 1724 733 1775 oi
761 1723 1119 1796 διεγείροντες
1146 1728 1242 1782 καὶ⁹
1274 1729 1654 1796 διανιστῶντες
1705 1731 1852 1801 λόγοι

263 1804 348 1859 ἐτι
377 1807 754 1883 ἀνδρειοτέραν
786 1815 953 1888 αὐτὴν
983 1819 1412 1885 κατεσκεύασαν,
1440 1822 1475 1894 ἢ
1498 1823 1561 1876 ἐκ
1587 1821 1679 1876 τοῦ
1712 1840 1856 1894 παρ-

1953 644 2296 699 mirandum?
2328 647 2601 715 quomodo
2647 662 2750 702 non
2781 657 2866 703 est
2907 649 3214 714 dicendum,
3241 649 3374 705 nihil
3405 665 3528 706 esse

1954 736 2230 805 proprium
2281 736 2516 791 animae?
2547 737 2640 793 sed
2691 739 2871 806 potius
2919 740 3194 809 proprium
3235 741 3304 796 ab
3343 744 3524 798 anima

1955 827 2070 883 ﬁeri
2100 828 2151 882 id
2179 829 2244 882 ad
2272 829 2416 898 quod
2451 845 2511 884 se
2541 829 2656 883 vult
2702 832 2992 900 applicare,
3017 833 3328 904 nullamque
3358 835 3543 908 turpi-p

1956 919 2192 974 tudinem
2248 934 2343 989 per
2391 935 2451 975 se
2497 935 2638 984 esse,
2689 923 2932 992 quinimo
2988 933 3118 979 tunc
3160 925 3334 981 videri
3382 941 3544 989 esse.‘

1953 1023 2079 1063 cum
2112 1009 2438 1079 cogitatione
2465 1008 2702 1081 fingitur.
2729 1011 2844 1066 Non
2875 1024 2999 1067 sunt
3031 1014 3192 1084 igitur
3224 1015 3398 1084 turpia
3433 1029 3530 1084 per

1953 1113 2050 1168 se;
2084 1102 2178 1157 sed
2210 1115 2331 1156 cum
2367 1118 2522 1160 mens
2553 1103 2618 1158 ad
2650 1119 2713 1160 ea
2751 1103 2990 1173 deﬂexit,
3027 1116 3082 1161 et
3108 1106 3248 1162 facta
3284 1115 3368 1162 est
3403 1123 3532 1178 pro-

1955 1205 2143 1260 pensa,
2181 1202 2306 1248 tunc
2341 1193 2662 1248 consistunt.
2715 1193 2865 1250 Unde
2912 1197 3112 1251 scholis
3149 1197 3379 1270 iudiguit
3411 1199 3531 1253 ani-

1956 1298 2066 1349 ma,
2113 1299 2140 1338 a
2186 1285 2382 1354 quibus
2416 1301 2642 1341 acumen
2693 1296 2747 1340 et
2790 1287 3130 1354 splendorem
3177 1297 3416 1358 caperet.
3452 1289 3530 1344 Es

1955 1389 2062 1445 quo
2094 1375 2153 1429 fit
2187 1384 2244 1429 ut
2273 1389 2426 1444 'stepe
2455 1391 2638 1431 secum
2677 1377 2926 1446 loquatur
2953 1393 3012 1432 se
3053 1379 3226 1448 ipsam
3261 1380 3527 1443 excitans,

1956 1477 2050 1520 aut
2076 1464 2144 1520 ab
2169 1465 2273 1519 alio
2300 1466 2530 1520 excitata
2557 1466 2706 1520 audit
2733 1482 2748 1518 :
2774 1464 3020 1534 Benedic,
3051 1469 3230 1522 anima
3257 1485 3393 1532 mea,
3423 1468 3534 1522 Da-

1957 1558 2122 1619 mina,
2159 1565 2210 1610 et
2252 1558 2429 1611 omnia
2467 1574 2584 1628 qua:
2621 1558 2764 1610 intra
2810 1573 2890 1612 me
2924 1566 3069 1624 sunt,
3117 1559 3313 1613 nomini
3347 1568 3531 1614 saneto

1955 1647 2008 1717 ej
2044 1645 2148 1711 δί’,
2173 1657 2225 1700 et
2246 1664 2260 1700 :
2281 1645 2682 1706 Lauda.anima
2711 1661 2845 1709 mea,
2876 1646 3156 1700 Dominum
3174 1647 3362 1702 “.Aut
3387 1648 3529 1704 enim

1958 1736 2260 1792 rationibus
2303 1737 2540 1792 excitata
2578 1748 2632 1793 et
2677 1746 2967 1800 commota,
3017 1736 3206 1793 fortior
3253 1737 3393 1792 facta
3427 1748 3530 1802 est,

1957 1837 2051 1882 aut
2098 1828 2320 1884 alterius
2368 1828 2570 1883 monita
2601 1827 2898 1898 perfectum
2942 1836 3140 1882 statum
3183 1827 3232 1883 ei
3265 1827 3530 1882 tribuunt.

259 1895 544 1988 αινούντος
582 1901 852 1971 γινόμενοι
911 1907 1011 1978 τὴν
1061 1908 1251 1964 στάσιν
1315 1909 1413 1982 τὴν
1457 1910 1672 1965 τελείαν
1709 1912 1848 1983 αὐτῇ

1964 1917 2162 1988 Samius
2185 1933 2312 1973 vero
2342 1932 2401 1973 se
2427 1920 2492 1974 ad
2523 1895 2912 1988 turpitudinem
2947 1919 3136 1974 incitat
3170 1927 3224 1974 et
3255 1920 3526 1985 hortatur,

261 1987 614 2060 χαρίζονται·
653 1992 913 2060 πολλάκις
942 1997 1000 2051 δὲ
1030 2000 1127 2054 καὶ
1155 2000 1411 2072 διεγείρει
1436 2002 1638 2076 ἑαυτὴν
1666 2002 1760 2056 ἐπὶ
1786 2001 1851 2056 τὸ

1964 2021 2008 2064 et
2031 1987 2152 2078 qua:
2180 2019 2307 2064 sunt
2337 2009 2590 2075 absurda,
2613 1987 2713 2065 sibi
2744 1995 3013 2076 concedit,
3043 2016 3097 2066 et
3123 2009 3324 2066 clamat
3355 2031 3368 2065 :
3399 2010 3532 2065 Ani-

260 2078 507 2150 αίσχρδν,
562 2082 656 2135 καὶ
702 2083 840 2156 πρὸς
877 2087 1201 2159 παραίνεσιν
1247 2091 1448 2162 ἑαυτῆς
1497 2093 1704 2164 χωρεῖ·
1755 2089 1851 2144 καὶ

260 2169 440 2237 ἄλλως
454 2171 523 2227 τά
541 2173 716 2228 ἄτοπα
737 2176 903 2250 ἑαυτῇ
925 2179 1278 2255 χαριζομένη,
1296 2183 1390 2237 καὶ
1407 2181 1588 2253 βοῶσα
1608 2199 1621 2215 ·
1651 2181 1848 2252 Ψυχὴ,

260 2261 425 2332 ἔχεις
451 2264 645 2335 ἀγαθὰ
678 2268 924 2338 κείμενα
969 2274 1062 2341 εις
1092 2272 1199 2344 ἐτη
1246 2276 1475 2331 πολλά·
1517 2275 1691 2348 φάγε,
1728 2276 1848 2341 πίεν

260 2354 615 2426 εὐφραίνου.

1957 2117 2066 2166 ma,
2112 2100 2272 2155 habes
2317 2102 2454 2157 bona
2500 2103 2672 2172 posita
2722 2106 2778 2157 in
2824 2101 3019 2158 multos
3069 2116 3272 2168 annos;
3302 2100 3532 2168 comede,

1957 2193 2092 2260 bibe,
2121 2193 2302 2248 thare
2321 2193 2387 2248 ".

1274 2454 1405 2510 Car.
1428 2455 1572 2512 XXI.
1595 2458 1675 2512 An
1694 2455 1890 2527 duplex
1909 2450 2089 2506 anima
2117 2449 2184 2505 sit
2209 2449 2264 2504 in
2286 2448 2514 2506 homine.

333 2539 447 2595 Καὶ
478 2540 527 2595 el
563 2543 661 2615 μὲν
691 2545 749 2599 ai
796 2543 867 2598 τὰ
906 2543 1084 2599 ἄτοπα
1115 2546 1337 2612 ἑαυταῖς
1383 2549 1721 2622 παρέχουσαι
1747 2547 1851 2619 ψυ-

262 2629 380 2698 χαὶ,
401 2630 586 2703 ιτεραι
611 2631 772 2706 ἦσαν,
799 2634 897 2688 καὶ
926 2635 1048 2688 καθ’
1076 2637 1275 2702 ἑαυτὰς
1302 2633 1468 2710 ἦσαν,
1499 2639 1674 2693 ἀλλων
1697 2638 1755 2692 δὲ
1783 2636 1852 2692 τὰ

261 2718 539 2794 σώφρονα,
577 2720 648 2796 ἦν
694 2727 870 2780 εἰπεῖν
900 2725 996 2780 δύο
1033 2727 1166 2800 γένη
1199 2727 1419 2800 ψυχῶν·
1465 2730 1560 2784 καὶ
1593 2729 1851 2799 λέγοντας

261 2811 444 2881 τοῦτο,
493 2817 655 2871 πάλιν
703 2818 870 2891 γελᾷν
889 2835 903 2850 ·
941 2820 1036 2874 καὶ
1083 2820 1352 2875 δυσωπεῖν
1384 2821 1490 2876 ἔδει
1519 2821 1616 2894 τὴν
1650 2821 1852 2876 ἀτοπον

261 2904 374 2959 τῶν
418 2907 735 2980 Μανιχαίων
773 2909 953 2976 δόξαν,
1003 2911 1092 2965 δτι
1138 2912 1236 2983 τὴν
1273 2913 1474 2984 μανίαν
1521 2914 1602 2978 είς
1647 2911 1741 2968 δύο
1769 2911 1859 2966 τέ-

267 3013 460 3066 μνουσι
492 3001 584 3054 καὶ
613 3000 903 3072 διαιροῦσι,
925 3002 1018 3056 καὶ
1041 3002 1112 3056 τὰ
1142 3002 1356 3067 ἑαυτοῖς
1381 3005 1660 3076 μαχόμενα
1692 3003 1859 3076 φθεγ-

263 3087 510 3160 γόμενοι,
541 3093 635 3146 καὶ
665 3095 799 3164 μηδὲ
830 3096 930 3166 τῆς
957 3095 1162 3149 ἀτόπου
1188 3094 1369 3150 αὐτῶν
1399 3096 1558 3167 δόξης
1584 3096 1683 3168 τὴν
1713 3114 1852 3168 συμ-

264 3182 473 3250 φωνίαν
504 3163 791 3255 τιμῶντες.
925 3187 982 3241 δὲ
1018 3189 1073 3241 αἱ
1102 3186 1264 3241 αὐταί
1291 3189 1419 3251 εἰσι,
1448 3163 1544 3241 καὶ
1577 3163 1702 3260 ἄρτι
1728 3191 1762 3258 ἠ
1786 3163 1854 3242 τά
1881 3163 1928 3225 (ἶ

264 3274 443 3328 ἄτοπα
475 3277 640 3349 ἑαυτῇ
683 3279 1058 3350 παραινέσασα
1108 3277 1458 3351 παραινέσειέ
1503 3295 1634 3332 ποτε
1685 3279 1851 3351 ἑαυτῇ

263 3361 337 3416 τά
361 3361 535 3435 τίμια.
570 3365 665 3420 καὶ
708 3369 742 3438 ἡ
781 3367 907 3439 ἄρτι
942 3368 1078 3440 πρὸς
1117 3369 1187 3422 τά
1231 3367 1406 3440 σεμνὰ
1435 3367 1636 3440 ἑαυτὴν
1659 3368 1855 3438 διεγεί-

268 3471 462 3526 ρουσα,
497 3461 627 3513 ποτὲ
666 3460 918 3536 πρὸςτά
951 3461 1153 3533 αἰσχρά
1183 3462 1382 3533 ἑαυτὴν
1420 3459 1724 3532 ὲκπέμψει·
1759 3461 1856 3516 καὶ

266 3548 304 3619 ἡ
359 3549 491 3603 ποτὲ
543 3551 756 3622 σεμνῶν
813 3553 1244 3622 ἀντι-ποιηθεῖσα,
1299 3555 1397 3608 καὶ
1450 3553 1731 3622 τιμήσασα
1789 3553 1859 3607 τὰ

269 3639 465 3708 σεμνὰ,
497 3640 627 3694 ποτὲ
672 3641 811 3696 αὐτὰ
845 3641 1231 3698 ἀπολέλοιπεν·
1285 3640 1608 3714 αὐθαίρετος
1648 3643 1713 3696 ὲκ
1757 3642 1858 3716 τῆς

271 3731 578 3805 μεταϐολῆς
605 3733 1014 3808 ἐλεγχθήσεται.

2029 2541 2087 2597 Si
2121 2542 2317 2597 animae
2341 2557 2460 2612 qua:
2495 2542 2598 2599 sibi
2643 2554 2936 2615 suggerunt
2966 2546 3273 2613 inhonesta,
3304 2542 3424 2600 alize
3443 2556 3535 2602 es-

1955 2642 2098 2696 sent,
2149 2647 2213 2688 ac
2259 2646 2355 2702 per
2383 2646 2442 2688 se
2471 2640 2693 2702 essent;
2725 2633 2845 2690 alia:
2882 2648 3034 2703 vero,
3073 2649 3195 2706 quae
3221 2633 3454 2692 honesta
3482 2645 3539 2692 et

1959 2730 2274 2791 temperata,
2309 2721 2415 2775 dici
2448 2731 2631 2793 posset
2660 2735 2782 2778 esse
2821 2722 2929 2779 duo
2971 2735 3168 2793 genera
3197 2723 3534 2791 animarum;

1956 2821 2010 2870 et
2046 2827 2236 2868 rursus
2265 2827 2360 2868 eos
2382 2814 2474 2882 qui
2501 2814 2602 2870 hoc
2630 2814 2895 2880 dicerent,
2923 2813 3255 2882 rideremus;
3285 2823 3540 2886 essetque

1959 2907 2110 2961 valde
2146 2905 2454 2976 pudendum
2501 2905 2771 2975 opinionis
2809 2905 3253 2971 Manichaeorum,
3285 2907 3427 2974 quod
3455 2906 3540 2960 in-

1958 2994 2172 3050 saniam
2207 2995 2261 3050 in
2293 2995 2401 3050 duo
2447 3009 2646 3066 genera
2689 2996 2957 3063 dividunt,
2998 2997 3090 3068 qui
3129 3007 3184 3053 et
3239 2997 3342 3053 sibi
3379 3012 3540 3067 repu-

1959 3087 2181 3159 gnantia
2228 3086 2540 3156 loquuntur,
2572 3094 2626 3142 et
2680 3101 2785 3143 non
2820 3095 3004 3143 tenent
3033 3102 3154 3142 cum
3188 3087 3396 3144 honore
3421 3089 3539 3160 opi-

1961 3182 2137 3238 nionis
2183 3195 2296 3236 suae
2337 3181 2586 3237 absurdae
2614 3180 3048 3236 consensionem.
3085 3177 3235 3246 Quod
3262 3181 3308 3237 si
3333 3181 3536 3237 eaedem

1959 3283 2086 3329 sunt
2125 3272 2341 3339 animae,
2389 3280 2446 3328 et
2493 3271 2673 3327 anima
2705 3285 2824 3340 qua:
2869 3270 3030 3342 paulo
3071 3280 3197 3328 ante
3228 3271 3404 3344 turpia
3436 3271 3541 3328 sibi

1959 3367 2241 3432 suadebat,
2276 3367 2523 3423 suadebit
2563 3367 2666 3422 sibi
2712 3366 3003 3436 aliquando
3037 3368 3301 3434 honesta;
3338 3375 3393 3456 et
3419 3381 3541 3456 quas

1960 3456 2121 3526 paulo
2153 3465 2279 3514 ante
2324 3456 2391 3512 ad
2428 3457 2766 3513 honestatem
2807 3469 2868 3511 se
2893 3456 3186 3521 excitabat,
3217 3455 3542 3526 quandoQue

1959 3564 2018 3604 se
2057 3550 2112 3605 in
2142 3549 2529 3621 turpitudinem
2567 3547 2850 3620 projiciet;
2888 3557 2944 3604 et
2976 3563 3096 3618 qua:
3126 3548 3416 3618 aliquando
3445 3547 3543 3602 bo-

1962 3651 2114 3696 nesta
2149 3641 2395 3709 amplexa
2443 3651 2528 3695 est
2567 3648 2623 3694 et
2670 3640 2874 3694 honore
2905 3647 3215 3710 prosecuta,
3250 3637 3542 3709 aliquando

1961 3731 2049 3786 illa
2082 3733 2344 3798 deseruit,
2373 3729 2488 3800 ipsa
2517 3729 2820 3784 mutatione
2846 3728 3204 3784 convincetur
3234 3727 3418 3784 liberae
3443 3741 3543 3782 vo-

1965 3820 2188 3877 luutatis
2217 3834 2357 3877 esse.

908 3919 1038 3976 Car.
1063 3919 1227 3975 XXII.
1258 3918 1472 3984 Demos,
1500 3915 1644 3973 Giezi
1666 3929 1718 3974 et
1741 3917 1914 3976 Iudas
1946 3919 2206 3992 proditor,
2228 3919 2284 3975 in
2306 3933 2597 3988 exempmm
2624 3918 2899 3988 propositi.

341 4009 532 4082 Δημᾶς
555 4003 626 4082 ἦν
657 4009 793 4082 μετά
821 4009 1058 4077 Παύλου,
1087 4010 1264 4082 τιμῶν
1285 4009 1386 4082 τὴν
1419 4009 1634 4064 Παύλου
1665 4026 1858 4064 συνου-

245 4099 418 4156 ’σίαν.
459 4099 659 4174 ᾙρέϐη
693 4105 760 4174 τῇ
808 4102 904 4156 τοῦ
944 4101 1191 4156 διαϐόλου
1235 4101 1538 4173 ἐπιθυμίᾳ·
1573 4100 1728 4172 ἠφίει
1757 4100 1860 4173 τὴν

270 4191 637 4264 ἀποστολικὴν
683 4193 999 4247 συνουσίαν·
1039 4193 1134 4247 καὶ
1171 4193 1348 4264 φυγὰς
1391 4193 1682 4266 γενόμενος
1723 4192 1861 4265 πρὸς

269 4282 372 4354 τὴν
421 4285 516 4339 τοῦ
563 4285 770 4358 κόσμου
813 4284 970 4350 δόξαν
1027 4286 1318 4356 ἠπείγετο·
1374 4285 1576 4355 Δημᾶς
1633 4284 1744 4356 γάρ
1783 4302 1862 4356 με

2033 4011 2163 4065 Erat
2193 4009 2391 4066 Demas
2427 4025 2549 4066 cum
2582 4009 2767 4075 Paulo,
2800 4025 2923 4066 cum
2957 4011 3400 4068 consuetudinem
3427 4011 3544 4082 ejus

1961 4111 2017 4159 et
2052 4102 2474 4158 fainiliaritatem
2525 4103 2706 4174 magni
2740 4101 2992 4158 faciebat.
3045 4103 3246 4174 Captus
3269 4111 3356 4159 est
3393 4104 3544 4174 cupi-

1963 4195 2131 4251 ditate
2176 4195 2470 4260 diabolica,
2517 4194 2733 4264 reliquit
2786 4195 3234 4250 consuetudinem
3265 4194 3540 4262 Apostoli;

1964 4297 2017 4343 et
2047 4286 2222 4343 factus
2270 4286 2546 4363 fugitivus,
2593 4289 2659 4341 ad
2709 4285 2934 4356 gloriam
2962 4284 3142 4340 saeculi
3169 4277 3494 4354 properabat
3523 4301 3538 4340 :

269 4376 682 4448 dmum",
713 4381 1036 4450 ἀγαπήσας
1065 4382 1173 4435 τὸν
1199 4378 1317 4434 νῦν
1345 4376 1551 4444 αἰῶνα,
1585 4377 1686 4432 καὶ
1721 4377 1854 4431 ἐπο-

1969 4376 2182 4436 Demas.
2215 4375 2412 4444 inquit,
2451 4389 2532 4442 me
2555 4373 2784 4442 reliquit,
2817 4373 3043 4444 diligens
3069 4372 3165 4425 hoc
3187 4371 3462 4437 naculum,
3491 4382 3544 4428 et

264 4469 456 4540 ρεύθη
481 4471 569 4537 εις
585 4473 1068 4542 Θεσσαλονίκην.
1113 4468 1424 4525 Ἠκολούθει
1456 4467 1584 4522 ποτὲ
1617 4467 1711 4521 καὶ
1740 4467 1861 4521 Γιε-

272 4562 342 4637 ζὴ
373 4563 454 4637 τῷ
479 4565 790 4638 Ἐλισσαίῳ,
832 4565 927 4619 καὶ
967 4567 1048 4628 είς
1076 4563 1382 4634 ὑπηρεσίαν
1419 4563 1733 4634 ὲμετρεῖτο·
1763 4560 1861 4614 καὶ

272 4655 538 4726 φανείσης
579 4656 863 4728 εὐκαιρίας
913 4655 1215 4727 χρημάτων
1249 4654 1399 4724 ἠφίει
1452 4653 1552 4725 μὲν
1583 4653 1654 4707 τὰ
1705 4652 1857 4709 θεῖα·

271 4748 534 4820 χρήματα
577 4747 636 4801 δὲ
674 4746 854 4801 λαϐὼν
903 4745 1206 4803 ἀντεπώλει
1241 4746 1342 4818 τὴν
1374 4745 1584 4799 οἰκείαν
1633 4742 1859 4816 γνώμην

271 4839 340 4907 τῇ
369 4836 583 4908 εὑρέσει
611 4836 719 4892 τῶν
747 4837 1068 4910 χρημάτων.
1114 4836 1316 4900 Ἰούδας
1347 4837 1405 4889 ὲν
1430 4834 1749 4898 ἀποστόλοις
1782 4831 1860 4888 ὣν

274 4928 511 5000 ἐφόϐησε
540 4947 671 4984 ποτε
711 4932 1002 5003 πυρετοὺς,
1035 4927 1477 5003 ὲστρατηλάτησε
1504 4926 1644 4981 κατὰ
1674 4925 1862 4996 δαιμό-

276 5035 402 5083 νων,
434 5013 515 5084 εἷς
544 5015 613 5092 ἦν
644 5021 754 5074 τῶν
781 5021 1068 5090 λεγόντων,
1108 5022 1305 5089 Κύριε,
1346 5017 1477 5073 ιδοὺ
1504 5016 1702 5072 καὶτὰ
1731 5015 1860 5069 δαι-

278 5109 453 5178 μόνια
507 5111 652 5179 ἡμῖν
708 5112 1147 5168 ὑποτάσσεται·
1201 5111 1299 5166 καὶ
1346 5113 1375 5164 ὁ
1431 5109 1669 5180 μάστιγα
1718 5105 1863 5162 κατά

277 5200 550 5271 δαιμόνων
611 5203 860 5275 κινήσας,
911 5204 1094 5275 μικρῷ
1145 5201 1356 5274 τροφίῳ
1408 5199 1652 5272 αἱρεθεὶς
1699 5199 1863 5269 ὴγκιο

279 5290 540 5362 στρεύετο
565 5291 670 5348 ύπδ
699 5295 800 5365 τῆς
821 5293 1138 5364 ἔπιθυμίας.
1159 5293 1270 5346 Καὶ
1297 5285 1443 5346 οὗτοι
1477 5290 1576 5361 μὲν
1608 5287 1860 5353 τοιοῦτοι,

275 5381 379 5434 οὐκ
403 5381 469 5434 ὲκ
497 5380 600 5453 τῆς
630 5381 886 5453 τοιαύτης
911 5381 1220 5453 μετουσίας,
1255 5381 1335 5444 είς
1365 5379 1465 5451 τὴν
1494 5380 1601 5433 τῶν
1622 5377 1864 5451 αἰσχρῶν

277 5473 470 5530 οὐσίαν
500 5474 956 5547 μεταϐεϐηκότες.

1964 4466 2224 4534 profectus
2253 4475 2327 4519 est
2354 4464 2778 4519 Thessalonicam
2792 4463 2862 4518 ”.
2893 4462 3233 4535 Sequebatur
3253 4461 3544 4532 aliquando

1963 4555 2111 4612 Giezi
2147 4553 2418 4623 Elisarum,
2445 4563 2500 4610 et
2529 4553 2600 4610 ad
2628 4553 3032 4610 inserviendum
3053 4555 3102 4610 ei
3132 4569 3192 4610 se
3215 4561 3546 4625 attempera-

1963 4649 2089 4715 bat;
2139 4656 2195 4702 at
2244 4654 2463 4702 ostensa
2516 4645 2920 4717 opportunitate
2971 4645 3205 4702 habendi
3260 4647 3542 4717 pecunias,

1962 4738 2168 4793 dimisit
2199 4737 2403 4803 divina,
2438 4745 2492 4792 et
2534 4738 2770 4807 acoeptis
2808 4737 3064 4798 nummis.
3115 4747 3351 4793 mentem
3391 4753 3544 4794 suam

1965 4828 2209 4885 vendidit
2265 4837 2321 4883 et
2369 4828 2614 4900 pecuniis
2666 4828 2869 4882 addixit
2898 4828 2965 4883 ".
3024 4828 3190 4886 ludas
3233 4843 3263 4883 e
3319 4844 3547 4884 numero

1967 4921 2333 4991 apostolorum
2378 4899 2526 4984 erat,
2560 4917 2862 4989 expellebat
2888 4918 3178 4988 aliquando
3210 4918 3410 4986 febres,
3440 4923 3544 4976 ml-

1971 5011 2145 5066 litavit
2182 5020 2371 5067 contra
2421 5011 2714 5078 daemones,
2762 5024 2902 5066 unus
2942 5018 3060 5065 erat
3094 5025 3162 5065 ex
3211 5010 3279 5064 iis
3312 5011 3402 5080 qui
3432 5013 3546 5066 aie-

1969 5101 2100 5156 bant
2131 5123 2144 5157 :
2175 5101 2418 5167 Domine,
2462 5116 2578 5155 ecce
2618 5099 2880 5154 dwmonia
2911 5099 3267 5172 subjiciuntur
3293 5099 3437 5153 nobis
3459 5101 3544 5166 ¹²;

1968 5200 2023 5248 et
2054 5192 2145 5262 qui
2178 5191 2448 5247 daemones
2476 5188 2802 5252 verberavit,
2853 5189 3013 5258 paulo
3042 5197 3164 5259 post
3207 5189 3367 5242 hamo
3394 5187 3548 5256 cupi-

1971 5286 2156 5340 ditatis
2198 5293 2391 5354 captus
2435 5289 2541 5338 est.
2581 5283 2756 5352 Atque
2795 5280 2849 5334 hi
2893 5280 3108 5352 quidem
3147 5278 3281 5336 tales
3331 5277 3550 5334 fuerunt

1972 5377 2386 5450 participatione
2420 5375 2605 5431 liberae
2654 5374 2950 5430 voluntatis
2988 5374 3056 5430 ad
3083 5388 3179 5430 res
3213 5381 3397 5443 turpes
3438 5384 3549 5431 tra-

1971 5469 2137 5527 ducﬁ.

1329 5589 1458 5646 Car.
1487 5587 1678 5645 XXIII.
1717 5587 1866 5644 Petri
1897 5587 2075 5658 lapsus
2095 5595 2143 5642 et
2164 5585 2489 5654 prrnitentia.

351 5686 419 5740 Τί
447 5687 505 5743 δέ
536 5707 671 5763 φησι
703 5691 833 5764 περὶ
867 5689 962 5746 τοῦ
988 5689 1196 5762 Πέτρου
1225 5689 1259 5760 ἢ
1304 5687 1509 5760 Θωμᾶς
1556 5687 1706 5750 ὅστις
1733 5687 1864 5740 ποτὲ

281 5891 314 5931 ⁸
358 5804 568 5932 ἾἹΡεοΙ.
594 5825 688 5877 cu,
720 5811 772 5866 1.
852 5811 896 5844 ⁸⁸
921 5810 1066 5867 Psal.
1089 5825 1250 5877 εχιτ,
1271 5807 1328 5864 2.
1411 5809 1455 5841 "
1480 5808 1610 5865 Luc.
1641 5823 1736 5873 XII.
1767 5807 1852 5862 19-

1958 5807 2008 5838 “
2034 5803 2078 5862 ιι
2104 5801 2246 5858 Tim.
2272 5817 2347 5870 tv,
2387 5802 2444 5859 9.

2042 5683 2180 5751 Quid
2209 5684 2278 5738 de
2308 5681 2467 5737 Petro
2493 5689 2548 5737 et
2580 5679 2785 5736 Thema
2829 5679 3065 5736 dicitur?
3107 5679 3236 5735 Erat
3263 5679 3553 5750 aliquando

2555 5797 2704 5855 “IV
2743 5799 2876 5873 Reg.
2916 5814 2971 5868 ν,
3003 5798 3224 5871 2Usqq.
3271 5815 3274 5818 '
3341 5797 3384 5829 "
3420 5795 3585 5894 Luca
