3884 6268
397 354 504 411 919

1492 353 1769 412 PATRES
1807 354 2109 412 EGYPTII
2146 353 2420 414 SECULI
2455 353 2544 412 IV.

3566 353 3682 408 929

400 471 639 541 piscator
678 468 892 538 Petrus,
923 476 978 525 et
1025 466 1198 523 malus
1239 474 1388 532 eral;
1417 481 1521 522 non
1549 469 1694 523 enim
1723 479 1842 525 erat
1869 485 1966 526 es-
1997 476 2002 531 ;

2107 469 2253 533 ηλιεὺς
2287 463 2377 541 ἦν,
2408 470 2503 522 καὶ
2529 469 2699 533 κακὸς
2734 463 2803 542 ἦν
2822 486 2836 500 ο
2868 466 2992 524 οὗτε
3021 466 3131 539 γὰρ
3165 469 3560 542 ἀναμάρτητος
3583 464 3680 540 ἦν,

401 579 528 634 pera
557 553 790 636 peccati,
818 563 982 618 homo
1012 559 1276 631 siquidem
1309 569 1447 616 erat.
1474 559 1711 630 Reliquit
1744 575 1975 631 sagenas

403 663 459 714 et
488 657 686 726 pisces,
719 669 774 712 et
815 652 1022 710 relictis
1054 655 1308 708 omnibus
1345 653 1692 723 sequebatur,
1718 663 1774 708 ut
1802 652 1974 708 solum

404 750 590 806 Iesum
618 749 878 814 haberet;
909 755 963 802 et
992 744 1200 800 relictis
1223 745 1434 814 primis,
1460 759 1565 800 non
1589 745 1858 800 desiderio
1878 758 1978 799 suo

405 839 718 900 frustratus.
765 839 967 908 reperit
1013 837 1156 906 quod
1184 836 1456 906 quaesivit,
1484 847 1538 891 et
1566 851 1630 892 eo
1659 852 1833 906 usque
1862 851 1983 905 pro—

407 945 626 1001 gressus
654 938 761 995 est,
811 937 870 984 ut
914 928 1131 983 audiret
1161 945 1176 983 :
1205 925 1284 980 Tu
1311 942 1364 982 es
1399 925 1583 982 Simon
1611 925 1757 996 ﬁlius
1783 925 1938 980 Iona:
1960 939 1979 978 :

408 1033 464 1076 tu
489 1021 748 1076 vocaberis
761 1018 962 1085 Cepltas
974 1020 1043 1085 ¹⁸;
1071 1017 1214 1089 quod
1245 1032 1438 1072 nomen
1461 1014 1981 1087 signiﬁcatPetrum;

406 1127 468 1171 ut
513 1114 763 1170 audiret:
793 1113 908 1167 Tibi
952 1111 1090 1166 dabo
1142 1113 1314 1166 claves
1361 1112 1504 1180 regni
1546 1109 1885 1174 calorum“;
1924 1118 1986 1162 ut

408 1204 774 1261 testimonium
801 1203 851 1258 ei
879 1203 1208 1259 tribueretur
1233 1219 1246 1258 :
1272 1199 1410 1255 Caro
1437 1209 1485 1254 et
1515 1200 1729 1270 sanguis
1769 1215 1870 1252 non
1900 1215 1982 1253 re-

409 1295 592 1350 uelauit
645 1294 763 1359 tibi,
813 1293 905 1348 sed
963 1291 1127 1347 Pater
1176 1307 1340 1355 meus,
1381 1290 1470 1360 qui
1523 1300 1598 1344 est
1651 1289 1706 1342 in
1756 1288 1980 1342 coriis”.

409 1385 603 1442 Postea
633 1385 816 1456 lapsus
848 1392 932 1441 est
975 1384 1029 1439 in
1073 1383 1238 1437 verbo
1268 1381 1562 1451 petulanti;
1590 1391 1787 1435 etcum
1818 1379 1884 1433 ad
1910 1382 1986 1434 in-

412 1479 742 1550 crepandum
774 1476 1150 1549 processisset,
1183 1489 1283 1530 nec
1325 1476 1394 1529 ab
1419 1474 1790 1544 increpatione
1830 1473 1980 1543 fuge-

413 1577 518 1637 ret,
543 1567 781 1624 audivit:
813 1564 953 1622 Vade
980 1577 1090 1635 post
1119 1581 1220 1630 me,
1251 1562 1485 1629 Salano;
1517 1563 1824 1618 scandalum
1851 1563 1982 1618 mihi

411 1677 485 1725 es,
514 1661 638 1731 quia
661 1675 762 1714 non
789 1658 932 1728 sapis
958 1673 1076 1729 qua:
1101 1656 1194 1711 Dei
1220 1657 1466 1720 sunt,sed
1487 1672 1604 1726 qua:
1628 1655 1898 1709 hominum
1918 1655 1987 1710 ".

418 1750 581 1806 Paulo
633 1759 760 1805 ante
807 1748 988 1804 claves
1017 1739 1323 1818 acceperat,
1355 1755 1406 1801 et
1433 1744 1593 1801 Pater
1618 1746 1674 1800 in
1707 1759 1774 1800 eo
1806 1745 1990 1815 loque-

2083 561 2367 630 ἄνθρωπος
2398 561 2507 634 γὰρ
2544 556 2613 632 ἦν
2635 579 2649 592 '
2701 561 2796 616 καὶ
2832 560 3051 633 κληθεὶς
3096 561 3247 632 ἠφίει
3292 561 3394 626 τὰς
3424 562 3685 631 σαγήναις

2085 655 2180 708 καὶ
2203 655 2330 717 τοὺς
2359 653 2568 725 ίχθύας,
2587 644 2870 724 ἠκολούθει
2902 653 2959 708 δὲ
2987 653 3166 708 πάντα
3185 654 3365 724 ἀφεὶς,
3386 653 3474 708 ῐνα
3505 655 3684 723 μόνον

2084 747 2184 821 ἔχῃ
2210 747 2300 802 τὸν
2337 745 2543 818 Ἰησοῦν
2566 765 2578 776 ·
2614 747 2709 800 καὶ
2733 746 2806 800 τὰ
2835 747 3027 819 πρῶτα
3058 745 3358 810 ἀπολιπὼν,
3383 747 3484 800 οὐκ
3510 748 3682 799 ἐστι·

2086 839 2228 911 ρήθη
2266 839 2358 891 τοῦ
2386 837 2716 908 ποθουμένου
2735 855 2749 868 ο
2781 833 2906 908 εὗρε
2932 837 3042 909 γὰρ
3073 837 3134 890 τὸ
3166 837 3422 908 ζητηθὲν,
3451 837 3552 891 καὶ
3582 837 3685 890 ἐπὶ

2087 929 2353 1001 τοσαύτην
2375 930 2488 996 ἕξιν
2513 927 2896 1002 προελήλυθεν,
2913 928 2987 993 ώς
3003 927 3232 982 ἀκοῦσαι
3251 943 3264 954 ·
3298 928 3381 982 Σὺ
3402 923 3462 982 εἶ
3474 928 3690 996 Σίμων

2089 1021 2123 1074 δ
2147 1021 2273 1086 υίὸς
2318 1016 2503 1074 Ἰωνᾶ·
2539 1019 2620 1073 σὺ
2653 1017 2933 1086 κληθήσῃ
2965 1015 3195 1087 Κηφᾶς,
3238 1014 3268 1069 6
3309 1014 3689 1088 ἑρμηνεύεται

2090 1109 2346 1178 Πέτρος·
2378 1109 2455 1174 ὡς
2495 1109 2749 1172 ἀκοῦσαι,
2779 1108 2957 1163 Δώσω
2996 1124 3116 1172 σοι,
3147 1110 3354 1179 Πέτρε,
3383 1109 3490 1176 τὰς
3513 1109 3694 1163 κλεῖ-

2091 1198 2203 1265 δας
2228 1197 2337 1266 τῆς
2362 1199 2684 1266 βασιλείας
2713 1199 2834 1254 τῶν
2873 1199 3176 1270 οὐρανῶν·
3206 1200 3284 1263 ὼς
3316 1199 3693 1273 μρτυρηθῆο

2095 1311 2204 1357 ναι,
2236 1293 2396 1362 Σὰρξ
2441 1293 2538 1347 καί
2577 1289 2722 1363 αἷμα
2763 1296 2876 1348 οὐκ
2925 1292 3288 1362 ἀπεκάλυψέ
3318 1308 3439 1354 σοι.
3472 1293 3624 1348 ἀλλ’
3656 1295 3695 1347 ὀ

2094 1384 2296 1454 Πατήρ
2315 1403 2434 1455 μου
2460 1385 2491 1438 ὁ
2521 1383 2815 1454 οὐράνιος.
2849 1384 3113 1455 ’Υστερον
3147 1385 3476 1456 προπετείας
3502 1384 3694 1456 ᾑρέθη

2099 1477 2335 1548 ῥήματι·
2372 1476 2638 1548 καὶπρὸς
2678 1479 2744 1548 τῇ
2795 1477 3051 1548 ἐπιτιμία
3089 1476 3400 1546 γενόμενος,
3440 1479 3538 1530 καὶ
3587 1477 3696 1548 τὴν

2095 1561 2379 1636 ἐπιτιμίαν
2399 1563 2474 1636 μὴ
2499 1563 2736 1634 φεύγων,
2757 1565 2988 1636 ἤκουσεν
3011 1581 3024 1595 ο
3058 1565 3288 1636 ’Υπαγιε
3316 1567 3511 1620 ὀπίσω
3531 1584 3695 1636 μου,

2104 1654 2361 1719 Σατανᾶ,
2386 1654 2734 1710 σκάνδαλόν
2751 1673 2870 1726 μου
2897 1652 2970 1720 εἴ,
2999 1655 3088 1710 ὅτι
3117 1659 3190 1712 οὐ
3215 1657 3456 1726 φρονεῖς
3475 1659 3550 1712 τὰ
3582 1657 3699 1712 τοῦ

2101 1748 2273 1813 Θεοῦ,
2302 1746 2462 1802 ἀλλὰ
2489 1747 2562 1802 τὰ
2590 1747 2707 1802 τῶν
2737 1745 3064 1816 ἀνθρώπων
3081 1765 3097 1780 ο
3133 1749 3227 1802 καὶ
3259 1749 3384 1822 ἄρτι
3412 1750 3515 1822 μὲν
3534 1751 3701 1805 κλεῖ-

413 1841 604 1908 batur;
649 1840 843 1896 Petrus
877 1854 972 1911 pro
1014 1840 1236 1895 Simone
1273 1838 1611 1909 appellatus;
1651 1840 1746 1892 sed
1779 1853 1877 1907 pro
1907 1853 1988 1893 re-

2107 1842 2186 1904 ῑας
2230 1838 2477 1912 οὐρανῶν
2525 1838 2770 1909 ἐδέχετο·
2814 1839 3008 1912 Πατὴρ
3049 1839 3108 1892 ὲν
3151 1840 3301 1910 αὐτῷ
3346 1840 3694 1911 ἐφθέγγετο·

415 1932 794 1990 muneratione
864 1931 1285 2000 increpationem
1350 1931 1533 2002 elegit.
1605 1930 1992 1986 Verumtamen

416 2024 559 2080 facta
590 2033 675 2080 est
697 2022 848 2093 lapso
884 2022 1174 2088 medicina,
1194 2029 1250 2077 et
1278 2020 1454 2077 factus
1482 2028 1566 2076 est
1594 2020 1822 2086 melior;
1853 2017 1995 2074 facta

418 2124 502 2172 est
532 2115 829 2185 increpatio
875 2114 1087 2170 Domini
1124 2113 1534 2177 remedium,‘et
1573 2126 1726 2166 mens
1756 2111 2000 2166 curatio-

419 2221 544 2261 nem
576 2205 822 2277 amplexa
853 2213 958 2272 est,
981 2215 1036 2258 et
1061 2219 1289 2276 magnus
1315 2218 1379 2258 ac
1400 2193 1614 2258 divinus
1642 2200 1996 2269 eratPetrus;

419 2307 476 2355 et
502 2297 595 2367 qui
645 2297 856 2368 lapsum
899 2305 1209 2364 curaverat,
1261 2293 1394 2350 nihil
1437 2293 1622 2349 damni
1661 2292 1715 2348 in
1752 2308 1818 2348 eo
1854 2292 2000 2363 quod

420 2389 572 2462 prius
601 2389 806 2446 dictum
837 2398 945 2455 est,
975 2387 1201 2444 fecerat.
1241 2385 1311 2444 Ut
1340 2396 1520 2443 autem
1549 2386 1808 2454 Dominus
1840 2384 2003 2440 tradi-

423 2490 510 2537 tus
546 2486 653 2545 est,
685 2487 743 2535 et
769 2479 1064 2535 ducebatur
1092 2478 1159 2532 ad
1186 2478 1384 2533 atrium
1432 2476 1724 2548 pontiﬁcis,
1764 2475 2003 2545 prodidit

421 2586 503 2638 se,
536 2571 716 2628 timori
743 2570 1028 2628 succubuit
1059 2571 1152 2628 ille
1187 2569 1344 2626 fortis
1391 2569 1618 2635 Petrus;
1657 2569 2003 2625 tremefactus

422 2673 507 2721 est
567 2663 660 2735 qui
689 2663 870 2720 claves
905 2671 1226 2733 acceperat;
1257 2660 1552 2734 periculum
1595 2660 1713 2726 fuit,
1751 2675 1816 2715 ne
1847 2669 2000 2716 extra

419 2755 640 2829 ianuam
664 2755 910 2816 veritatis
952 2769 1138 2811 verum
1179 2753 1408 2811 diceret.
1443 2747 1748 2808 Periculum
1779 2750 1900 2816 fuit,
1937 2767 2005 2807 ne

424 2863 485 2904 se
526 2860 652 2907 vere
701 2846 904 2903 faceret
933 2845 1243 2909 anathema,
1269 2857 1393 2898 cum
1447 2841 1692 2898 munitus
1726 2849 1810 2895 est
1863 2838 2000 2909 (l6).

425 2937 737 2996 Esinanivit
764 2946 1026 3005 mentem,
1059 2937 1152 3006 qui
1201 2936 1392 3007 plenus
1417 2941 1566 3001 erat;
1600 2931 1670 2986 ab
1695 2945 1802 2984 una
1829 2929 2003 3000 puella

424 3034 604 3090 victus
628 3040 731 3098 est,
773 3029 1021 3086 ancillam
1056 3029 1270 3095 metuit,
1317 3041 1425 3082 non
1471 3023 1645 3096 potuit
1673 3038 1843 3080 serva:
1873 3022 2010 3079 resi-

425 3133 589 3182 stere.
622 3121 830 3181 Cecidit
855 3121 1144 3178 formidine
1183 3127 1561 3175 consternatus
1613 3115 1704 3173 ille
1740 3116 1795 3171 in
1840 3117 2005 3171 Deum

2096 1932 2320 2004 Πέτρος,
2355 1931 2477 1985 ἀντὶ
2503 1930 2744 2002 Σίμωνος
2763 1946 2776 1959 '
2807 1929 2931 1983 ἀντὶ
2961 1929 3018 1983 δὲ
3055 1931 3403 2003 πράγματος,
3437 1934 3703 2005 ῥήματος

2095 2022 2378 2104 ἐπιτιμίας
2419 2023 2637 2094 ᾑρεῖτοο
2669 2022 2782 2076 ἀλλ’
2825 2020 3171 2094 ἐθεραπεύθη
3192 2023 3276 2084 ,τὸ
3327 2024 3584 2094 πταῖσμα
3628 2027 3699 2094 τῇ

2099 2113 2406 2186 βελτιώσει·
2459 2115 2554 2167 καὶ
2580 2115 2613 2185 ή
2645 2115 2895 2186 ἐπιτιμία
2926 2115 3219 2186 φάρμακον
3251 2114 3492 2182 ὲγίνετοο
3527 2115 3635 2167 καὶ
3665 2115 3702 2184 ἠ

2097 2206 2291 2279 γνώμη
2324 2207 2422 2278 τῆς
2449 2206 2749 2280 θεραπείας
2774 2208 2953 2280 εἴχετο
2968 2225 2982 2240 ο
3006 2209 3101 2263 καὶ
3125 2208 3297 2280 μέγας
3312 2203 3380 2280 ἦν
3403 2207 3497 2263 καὶ
3520 2207 3702 2272 θεῖος,

2098 2297 2444 2370 θεραπεύσας
2473 2297 2574 2369 μὲν
2605 2297 2664 2352 τὸ
2691 2301 2960 2370 πταῖσμα,
2993 2299 3156 2370 μηδὲν
3178 2299 3235 2353 δὲ
3258 2297 3560 2372 ζημιωθεὶς
3585 2299 3706 2352 ἀπὸ

2097 2391 2192 2446 τοῦ
2241 2392 2665 2466 προῃρημένου⁹
2701 2391 2778 2457 ὡς
2825 2391 2882 2446 δὲ
2929 2393 2958 2445 6
3006 2390 3213 2464 Κύριος
3258 2373 3558 2464 παρεδόθη,
3600 2391 3705 2445 καὶ

2100 2483 2265 2556 ἤγετο
2289 2485 2381 2538 ἐπὶ
2409 2483 2507 2556 τὴν
2535 2483 2704 2556 αὐλὴν
2730 2483 2823 2537 τοῦ
2848 2484 3172 2556 ἀρχιερέως,
3198 2483 3461 2556 ἠλέγχθη,
3487 2483 3707 2536 ἐδυσω-

2102 2577 2248 2649 πηθη
2283 2579 2311 2630 6
2334 2575 2548 2641 εὔτονος
2571 2577 2779 2649 Πέτρος
2797 2592 2811 2606 ⁸
2839 2577 3113 2631 σέσεισται
3133 2577 3162 2629 6
3178 2576 3276 2641 τὰς
3297 2576 3510 2641 κλεῖδας
3529 2575 3701 2646 ἔχωνο

2103 2666 2475 2738 ἐκινδύνευσεν
2496 2667 2601 2736 έξω
2623 2667 2734 2720 τῶν
2759 2665 2939 2739 θυρῶν
2967 2666 3068 2738 τῆς
3095 2667 3356 2739 ἀληθείας
3382 2666 3703 2738 ἀληθεύεινο

2105 2757 2339 2813 ὲκένωσε
2384 2759 2484 2830 τὴν
2531 2757 2758 2831 γνώμην
2806 2760 2836 2812 6
2881 2758 3341 2830 πεπληρωμένοςο
3377 2756 3484 2813 ὑπὸ
3524 2757 3706 2831 κόρης

2109 2855 2240 2924 μιᾶς
2291 2851 2604 2924 νενίκηταιο
2659 2853 2950 2925 παιδίσκην
2995 2851 3339 2923 πεφόϐηται·
3375 2850 3704 2922 ἁντωπῆσαι

2107 2946 2245 3020 πρὸς
2275 2945 2470 3017 δούλην
2495 2945 2554 2998 ού
2579 2943 2862 3015 δεδύνηται
2884 2961 2898 2975 ·
2931 2942 3191 2996 πέπτωκε
3215 2943 3285 3012 τῇ
3313 2939 3487 3013 δειλία
3514 2942 3543 2994 6
3573 2939 3704 2993 θεο-

2109 3037 2294 3108 σεόὴς,
2327 3038 2356 3090 6
2402 3035 2676 3107 θεοφιλὴς,
2711 3039 2740 3090 6
2769 3035 2839 3090 τὰ
2883 3033 3122 3104 ἐπιφανῆ
3166 3031 3474 3103 γινώσκων,
3506 3033 3536 3085 6
3562 3032 3706 3085 αύτο

2109 3127 2282 3200 ὀπτης
2321 3125 2416 3180 τοῦ
2450 3125 2681 3196 Κυρίου.
2727 3123 2838 3179 Καὶ
2882 3123 3055 3178 ταῦτα
3087 3121 3253 3192 λέγω,
3285 3121 3385 3192 οὐχ
3417 3120 3508 3174 ῐνα
3550 3138 3690 3174 κατ-

425 3217 570 3290 pius,
607 3214 696 3272 ille
739 3214 848 3271 Deo
897 3214 1120 3277 chartis,
1167 3210 1259 3266 ille
1293 3210 1385 3282 qui
1428 3208 1519 3265 illa
1560 3209 1793 3278 insignia
1833 3207 2002 3270 novit,

2111 3219 2296 3293 ηγορῶ
2319 3234 2334 3249 ο
2375 3217 2624 3271 πείθεται
2652 3216 2762 3288 γὰρ
2793 3217 2876 3270 ὅτι
2902 3215 3073 3272 ταῦτα
3101 3214 3268 3279 λαλῶ,
3296 3214 3385 3268 ἵνα
3424 3213 3504 3285 μὴ
3542 3230 3708 3268 συκο-

427 3309 519 3380 qui
550 3307 837 3363 Dominum
868 3305 1024 3362 vidit.
1048 3304 1182 3361 Cum
1208 3303 1324 3358 haec
1357 3301 1501 3368 dico,
1533 3315 1642 3356 non
1672 3312 1731 3355 ut
1759 3315 1881 3356 eum
1913 3313 2006 3355 ac-

429 3413 638 3467 cusem,
664 3397 818 3464 dico;
849 3395 1073 3454 conlidit
1104 3394 1248 3451 enim
1275 3409 1360 3450 me
1389 3395 1504 3450 haec
1531 3392 1732 3458 dicere,
1774 3399 1834 3446 ut
1865 3389 2009 3446 veri-

431 3502 517 3548 tas
539 3490 867 3548 calumniam
894 3504 1001 3544 non
1029 3487 1253 3556 subeat;
1289 3501 1388 3557 pro
1415 3484 1733 3542 defensione
1760 3480 2010 3537 veritatis

429 3581 652 3653 loquor;
703 3593 920 3637 servum
963 3577 1207 3634 veritatis
1255 3576 1508 3640 adliibeo,
1555 3588 1625 3630 ne
1668 3572 2008 3628 metulacium

433 3673 648 3738 vincat;
677 3671 988 3726 ministrum
1022 3667 1268 3724 veritatis
1297 3666 1562 3738 produco,
1585 3673 1643 3721 ut
1673 3665 1801 3735 quia
1827 3663 2013 3717 volunt

431 3761 711 3820 Ilauicbaei
739 3770 962 3818 naturas
985 3775 1107 3817 esse
1148 3760 1204 3815 in
1237 3759 1414 3830 culpa,
1443 3768 1498 3816 et
1525 3759 1580 3813 in
1607 3767 1814 3813 natura:
1847 3757 2012 3810 ratio-

433 3870 559 3912 ncm
586 3852 888 3922 insaniunt,
919 3851 1114 3907 Petrus
1140 3865 1170 3905 a
1199 3865 1286 3906 me
1319 3849 1617 3919 productus
1644 3859 1725 3904 est
1759 3859 1817 3902 ut
1851 3859 2012 3902 natu-

435 3961 556 4004 ram
579 3944 938 4001 demonstret.
967 3942 1346 3998 Demonstrant
1369 3942 1512 3996 enim
1546 3940 1726 3994 multm
1751 3940 1867 4010 ejus
1897 3956 2013 3993 mn—

439 4037 675 4094 tatioucs
719 4047 806 4102 ea,
853 4047 974 4105 quae
1018 4031 1185 4087 libera
1214 4032 1460 4086 voluntas
1491 4029 1705 4098 eﬂecit;
1736 4041 1791 4086 et
1816 4044 2014 4084 evane-

435 4136 553 4187 scet
577 4135 730 4184 ortus
754 4139 962 4192 rumor,
1001 4123 1274 4196 siquidem
1303 4121 1476 4178 libera
1518 4121 1767 4177 voluntas
1794 4123 2014 4192 prannia

432 4207 888 4292 judicii'conﬂcit.
917 4215 1196 4274 Electione
1221 4215 1364 4271 enim
1391 4213 1468 4286 (id
1490 4223 1594 4279 est,
1618 4215 1824 4269 ratione
1846 4224 1900 4269 et
1921 4229 2012 4270 vo-

436 4311 668 4382 luntate)
695 4308 948 4376 vivimus,
982 4305 1235 4364 electioni
1265 4318 1607 4361 reservamus
1641 4302 1836 4359 ofﬁcia.

2113 3310 2360 3382 φαντηθῇ
2389 3311 2424 3381 ἡ
2461 3309 2688 3380 ἀλήθεια
2706 3325 2722 3340 ο
2755 3308 2897 3382 ὑπὲρ
2941 3307 3201 3379 ἀληθείας
3228 3306 3541 3377 φθέγγομαι
3565 3322 3580 3334 ο
3609 3306 3708 3358 καὶ

2111 3402 2203 3456 τὸν
2231 3400 2416 3455 δοῦλον
2443 3399 2542 3471 τῆς
2568 3399 2825 3470 ἀληθείας
2855 3399 3182 3472 παραφέρω,
3208 3399 3297 3454 ἵνα
3317 3397 3378 3452 τὸ
3397 3397 3595 3468 ψεῦδος
3629 3398 3706 3469 μὴ

2115 3495 2349 3566 νικήσῃ·
2389 3492 2481 3546 τὸν
2527 3491 2808 3564 ὑπηρέτην
2858 3491 2961 3561 τῆς
3011 3490 3270 3561 ἀληθείας
3309 3490 3702 3562 προσκομίζω·

2115 3587 2303 3659 ἐπειδὴ
2358 3586 2468 3658 γὰρ
2513 3584 2794 3657 βούλονται
2831 3585 3023 3656 φύσεις
3065 3577 3228 3648 εἶναι,
3275 3583 3371 3637 καὶ
3416 3584 3707 3655 μαίνονται

2117 3683 2198 3743 εἰς
2223 3679 2315 3733 τὸν
2347 3680 2476 3752 περὶ
2505 3678 2719 3748 φύσεως
2761 3677 2942 3746 λόγον,
2977 3677 3069 3730 τὸν
3098 3676 3305 3747 Πέτρον
3333 3673 3706 3746 προσκεκόμμ

2119 3790 2222 3837 κα,
2257 3773 2344 3826 ῐνα
2393 3770 2554 3842 φύσις
2594 3769 2862 3840 ὲλεγχθῇ’
2902 3766 3207 3823 δεικνύουσι
3261 3764 3368 3836 γὰρ
3407 3767 3461 3818 αἱ
3509 3763 3710 3817 πολλαὶ

2125 3863 2418 3935 μεταϐολαὶ
2451 3863 2514 3916 τὸ
2565 3864 2628 3916 ὲκ
2670 3861 3041 3934 προαιρέσεως
3081 3855 3514 3928 ἀποτελεσμένον
3535 3872 3549 3885 ·
3611 3855 3709 3909 καὶ

2116 3958 2347 4028 ἀργήσει
2383 3956 2412 4008 ὀ
2450 3954 2676 4026 θρύλλος
2705 3954 2802 4024 τῆς
2831 3951 3222 4025 προαιρέσεως,
3250 3947 3322 4002 τὰ
3347 3946 3579 4028 βραδεῖα
3605 3945 3709 4016 τῆς

2117 4049 2353 4123 κρίσεως
2379 4046 2641 4118 τελούσης
2663 4063 2679 4078 ο
2715 4045 3032 4118 προαιρέσει
3064 4042 3175 4115 γὰρ
3200 4027 3424 4114 ζῶμεν(
3447 4039 3710 4111 προαιρέ-

2120 4157 2204 4194 σει
2232 4140 2295 4194 τδ
2328 4140 2663 4214 κατόρθωμα
2699 4136 3092 4210 ταμιευόμεθα.

1423 4395 1556 4453 CAP.
1581 4393 1773 4452 XXIV.
1807 4394 2110 4454 Revelanda
2141 4413 2442 4456 sanctorum
2467 4411 2701 4471 peccata.

506 4497 719 4557 ideirco
747 4495 998 4564 formido,
1027 4509 1097 4551 ne
1140 4493 1194 4550 in
1238 4491 1562 4566 negligentia
1597 4493 1788 4558 simus,
1815 4492 1859 4548 si
1889 4493 2002 4564 quit

2194 4498 2285 4551 Διὸ
2319 4495 2520 4560 δειλώ,
2576 4496 2651 4568 μὴ
2693 4493 3031 4566 αἱρεθῶμεν’
3081 4493 3272 4566 ἀμέλει
3304 4492 3391 4548 ἀεί
3423 4509 3478 4547 τι
3514 4488 3710 4546 πονοῦ-

439 4591 772 4658 laboramus,
797 4596 860 4643 ut
887 4601 1011 4643 cum
1042 4601 1149 4642 non
1179 4585 1430 4640 videmur
1458 4585 1651 4640 muniti
1688 4598 1831 4652 esse,
1859 4583 2016 4640 dere-

441 4693 605 4755 pcnte
651 4691 872 4752 propter
915 4678 1295 4750 negligentiam
1323 4677 1376 4732 in
1413 4675 1687 4732 interitum
1735 4677 2016 4732 cedamus.

441 4775 672 4846 Propter
702 4787 801 4830 nos
832 4772 1001 4829 dicit:
1027 4771 1242 4841 Castigo
1277 4785 1467 4838 corpus
1506 4785 1678 4824 meum
1700 4777 1746 4822 et
1771 4769 1826 4824 in
1858 4769 2020 4823 serui-

445 4877 608 4923 tutem
635 4865 833 4935 redigo,
865 4880 928 4918 ne
957 4879 1076 4917 curn
1107 4863 1229 4917 aliis
1250 4860 1671 4932 pra'dicaverim,
1707 4861 1816 4929 ipse
1839 4875 2020 4929 repro-

432 4961 539 5014 «bus
577 4956 771 5029 eﬂiciar
784 4957 852 5010 "'.
889 4955 1177 5010 Rationem
1200 4955 1266 5010 de
1293 4953 1522 5021 reprobo
1555 4964 1764 5016 metuo;
1788 4968 2023 5023 agnosco

445 5050 590 5122 quod
625 5058 711 5105 est
739 5049 794 5105 in
817 5047 1086 5104 electione
1111 5045 1376 5100 lubricum
1404 5055 1458 5102 et
1484 5059 1761 5115 praeceps;
1797 5045 2023 5116 diligen-

445 5143 519 5198 tia
543 5149 597 5196 et
617 5137 963 5195 accuratioue
985 5135 1380 5207 proclivitatem
1403 5136 1734 5208 praemunio;
1766 5135 1915 5206 sepio
1939 5134 2022 5190 l'a-

444 5234 706 5292 cilitatem
753 5231 936 5286 libera:
974 5227 1267 5284 voluntatis
1296 5227 1484 5284 labore
1510 5227 1898 5283 meditationis.
1928 5226 2026 5282 At-

444 5341 550 5398 que
591 5327 706 5382 banc
750 5323 970 5395 quidem
1015 5319 1210 5377 Petrus
1253 5329 1310 5378 et
1341 5320 1600 5394 loquitur,
1645 5330 1699 5378 et
1731 5319 1942 5385 scribit,
1969 5329 2028 5376 et

446 5420 646 5491 gaudet
672 5417 816 5489 quod
838 5425 896 5472 et
919 5422 1140 5486 peccata
1167 5414 1338 5486 ipsius
1365 5425 1423 5471 et
1449 5415 1680 5471 virtutes
1708 5415 1820 5471 sint
1845 5414 2028 5483 expla-

2123 4607 2244 4662 μεν,
2269 4590 2356 4644 ἵνα
2383 4588 2460 4661 μὴ
2484 4587 2764 4651 δοκοῦντες
2795 4585 3150 4657 ὴσφαλίσθαι,
3178 4585 3460 4656 αἰφνιδίως
3481 4584 3552 4637 δι’
3574 4583 3715 4654 ἁμέ-

2121 4682 2271 4736 λειαν
2313 4684 2402 4751 ,είς
2451 4680 2673 4752 ὄλεθρον
2704 4679 2981 4750 πέσωμεν.
3021 4680 3100 4732 Δι’
3136 4679 3285 4750 ἡμᾶς
3317 4677 3490 4746 λέγει,
3536 4676 3698 4729 ’Υπο

2123 4775 2304 4838 πιάζω
2329 4793 2450 4846 μου
2482 4774 2550 4829 τὸ
2579 4773 2753 4844 σῶμα
2791 4771 2891 4827 καί
2929 4767 3289 4839 δουλαγωγῶ
3307 4808 3322 4833 ,
3344 4767 3583 4838 μήποτε
3607 4765 3714 4820 ἆλ-

2123 4870 2258 4934 λοις
2285 4866 2573 4936 κηρύξας,
2613 4864 2796 4931 αὐτὸς
2839 4860 3126 4932 ἀδόκιμος
3153 4860 3434 4930 γένωμαι’
3467 4857 3560 4910 τὸν
3587 4857 3716 4928 περὶ

2129 4959 2390 5030 ἁδοκίμου
2437 4957 2709 5029 φοὸοἰμαι
2753 4955 2934 5026 λόγον,
2966 4955 3028 5009 τὺ
3068 4951 3352 5022 ὀλισθηρὸν
3385 4949 3487 5019 τῆς
3518 4965 3718 5020 προαιο

2133 5048 2334 5120 ρέσεως
2361 5047 2644 5118 γινώσκων
2663 5063 2678 5078 ο
2722 5042 3092 5117 ἀσφαλίζομαι
3123 5043 3190 5113 τῇ
3217 5037 3504 5111 ἐπιμελείᾳ
3526 5037 3593 5090 τὸ
3626 5036 3718 5091 εύ-

2131 5139 2287 5194 κολον
2305 5156 2321 5174 ο
2348 5138 2569 5212 τειχίζω
2593 5139 2655 5192 τὸ
2673 5137 2775 5209 τῆς
2801 5134 3174 5208 προαιρέσεως
3201 5131 3441 5202 εὐμαρὲς
3468 5128 3548 5200 τῷ
3575 5129 3719 5199 πόνῳ

2129 5224 2532 5302 τῆςμελέτης.
2582 5230 2691 5283 Καὶ
2719 5225 2892 5282 ταῦτα
2925 5226 3023 5298 μὲν
3069 5227 3098 5278 6
3136 5222 3364 5294 Πέτρος,
3412 5221 3508 5274 καὶ⁵
3543 5219 3716 5283 λαλεῖ,

2133 5325 2227 5378 καὶ
2272 5323 2496 5396 γράφει,
2541 5322 2635 5376 καὶ
2663 5320 2874 5393 χαίρει·
2925 5319 3016 5372 ἴνα
3046 5316 3142 5370 καὶ
3170 5313 3240 5369 τὰ
3267 5312 3592 5384 πταίσματα
3620 5311 3688 5366 αύ

2133 5418 2252 5481 τοῦ,
2283 5416 2380 5469 καὶ
2406 5413 2478 5468 τὰ
2534 5412 2939 5485 κατορθώματα
2973 5407 3140 5464 αὑτοῦ
3173 5405 3462 5477 είσήγησις
3493 5403 3605 5456 τῶν
3637 5403 3724 5457 66-

447 5510 597 5566 natio
621 5510 956 5581 dogmatum.
1005 5507 1090 5566 0b
1133 5507 1278 5565 hanc
1312 5521 1532 5564 causam
1559 5515 1786 5578 peccata
1812 5513 2002 5562 sancto

2135 5506 2363 5578 γμάτων
2390 5505 2654 5580 τυγχάνῃ.
2673 5505 2771 5558 Διὰ
2811 5501 3078 5556 τοῦτοκαὶ
3097 5499 3165 5554 τὰ
3201 5495 3310 5550 τῶν
3339 5494 3511 5565 ἁγίων
3540 5496 3723 5567 ἁμαρ⁴

526 5641 750 5700 "Joan.
791 5659 832 5712 t,
872 5643 963 5702 42.
1041 5643 1090 5677 ⁸⁵
1114 5641 1309 5699 Matth.
1339 5657 1452 5708 XVI,
1481 5640 1568 5696 i9.
1645 5640 1691 5673 "
1718 5639 1849 5695 ibid.
1881 5638 1968 5695 i7.
2045 5637 2092 5670 ⁸⁸
2115 5635 2248 5692 ibid.
2272 5633 2364 5694 25.
2440 5635 2486 5666 ”
2513 5632 2679 5689 lCor.
2707 5648 2784 5695 Ix,
2805 5631 2898 5685 27.

521 5775 640 5850 (ιε)
680 5777 990 5836 Periculum
1014 5776 1439 5850 [ait—munitus
1466 5785 1566 5834 est.
1595 5773 1722 5834 liae
1755 5776 1946 5836 desunt
1970 5776 2024 5832 in
2062 5781 2230 5842 textu,
2262 5786 2384 5845 qua
2405 5770 2608 5828 librarii
2639 5770 2724 5828 vel
2751 5769 3107 5842 esscriptoris
3130 5769 3257 5837 vitio
3284 5768 3611 5827 exciderint.
