3884 6268
205 393 307 452 921

1133 398 1194 455 S.
1232 399 1640 458 SERAPIO‘NIS
1678 401 1887 458 LIBER
1922 403 2082 462 ADV.
2125 403 2568 463 MANICIIEOS.

3374 402 3488 459 “23

203 511 429 580 τήματα
471 507 792 581 λελάληταιο
839 509 892 565 τί
942 509 1051 583 γὰρ
1103 512 1292 568 ἐλύπει
1341 513 1685 587 σιωπηθῆναι
1733 515 1795 569 τὸ

1909 533 2017 572 rum
2035 520 2243 589 prodita
2262 528 2409 578 sunt.
2425 519 2564 586 Quid
2579 521 2724 573 enim
2742 516 2823 572 eis
2839 515 3064 581 doleret,
3079 531 3124 572 st
3146 530 3335 573 eorum
3358 531 3489 588 pec-

207 603 494 673 πταϊσμα;
533 602 618 665 τίς
656 605 686 657 ὁ
726 604 990 674 γράφωνς
1024 605 1088 658 οὐ
1116 605 1226 678 7&9
1264 607 1314 660 οί
1345 607 1540 677 φαῦλοι
1567 608 1803 678 κατηγό-

209 709 387 764 ρησαν
409 693 519 747 τῶν
547 693 769 762 καλῶν;
811 696 871 748 ού
908 695 1063 751 καλοὶ
1095 696 1153 752 δὲ
1195 697 1267 752 τὰ
1293 699 1401 753 τῶν
1433 699 1614 754 καλῶν
1640 700 1802 753 πταί-

209 800 398 855 σματα
427 785 797 857 ὲξηγήσαντος
838 784 1020 859 ἓτεροι
1053 787 1111 842 δὲ
1147 789 1242 843 καὶ
1272 791 1342 844 τὰ
1371 791 1611 859 ὲαυτῶν;
1655 791 1803 845 Παῦ-

207 877 302 941 λος
349 877 418 930 τὰ
466 877 660 931 ἑαυτοῦ
681 895 696 910 σ
741 878 997 950 Ἰωάννης
1021 880 1091 934 τά
1135 880 1342 954 Πέτρου
1364 899 1378 914 °
1423 877 1543 936 εἶτα
1589 883 1761 950 Θωμᾶ
1783 901 1798 913 ο

205 968 485 1033 ἔτεροςτά
507 970 713 1042 ἑτέρου.
734 971 798 1026 ΕΞ
818 970 918 1041 μὲν
937 971 1046 1042 γὰρ
1067 972 1260 1042 φαῦλοι
1303 976 1350 1028 oi
1371 975 1803 1047 κατηγοροῦντες

207 1054 372 1130 ἦσαν,
421 1059 500 1130 τῷ
536 1060 682 1131 μίσει
726 1060 1138 1133 ὲπεκαλοῦμενο
1195 1063 1291 1118 καὶ
1339 1063 1430 1118 τὸν
1474 1065 1667 1133 φθόιον
1709 1063 1804 1118 καὶ

209 1153 311 1223 τὴν
359 1151 658 1222 βασκανίαν
704 1154 1090 1226 ἑμεμφόμεθα,
1136 1156 1217 1210 ὅτι
1265 1159 1329 1209 ὲκ
1385 1157 1686 1228 μισούντων
1733 1157 1804 1211 τά

212 1242 435 1296 τοιαῦτα
466 1245 798 1317 προεφέρετο
823 1249 1067 1318 ῥήματα.
1113 1248 1178 1302 El
1207 1247 1263 1301 δὲ
1295 1249 1449 1303 αύτολ⁸
1475 1250 1544 1303 τά
1570 1250 1800 1318 ἑαυτῶν,

211 1334 244 1404 ἦ
274 1333 430 1387 καλοὶ
473 1334 580 1388 τῶν
613 1336 795 1388 καλῶν
824 1339 1078 1409 εἰρήκασι
1109 1343 1566 1411 κατηγορήματα,
1602 1343 1803 1410 μᾶλλον

210 1424 267 1478 δὲ
293 1425 354 1478 τὸ
379 1425 608 1496 Πνεῦμα
632 1427 693 1480 τὸ
739 1427 892 1496 ἁγιον
937 1429 998 1481 τὸ
1028 1431 1083 1482 ὲν
1113 1434 1224 1493 τοῖς
1263 1432 1438 1499 ἁγίοις
1473 1424 1766 1506 λελαληκός
1787 1448 1799 1462 ·

211 1516 307 1567 καὶ
337 1515 365 1566 ό
393 1513 594 1587 Κύριος
619 1516 778 1580 αὐτὸς
807 1515 877 1570 τά
908 1516 1016 1570 τῶν
1040 1517 1243 1572 δούλων
1273 1520 1468 1575 ἑαυτοῦ
1497 1520 1805 1594 ἐξηγήσατο

214 1605 554 1677 πταίσματα,
586 1606 680 1661 καὶ
718 1608 779 1661 οὑ
811 1607 1152 1680 σεσιώπηκεο
1184 1610 1248 1664 τὸ
1279 1613 1452 1666 αῐτιον
1501 1611 1800 1686 ζητοῦμενο

210 1699 273 1750 οὐ
306 1697 416 1768 γὰρ
445 1698 531 1750 ἵνα
557 1698 888 1770 διαϐληθῶσι
923 1700 1275 1772 λελάληνταιο
1304 1702 1671 1773 ὲκϐεϐλὴκασι
1693 1705 1803 1777 γὰρ

212 1789 469 1861 διαϐολήν
491 1806 504 1818 ·
536 1789 650 1843 ἀλλ’
682 1790 768 1844 ἵνα
801 1789 876 1863 μὴ
912 1791 1021 1846 τῶν
1049 1794 1467 1865 ἁμαρτημάτων
1501 1796 1804 1864 σιωπηθένο

1905 621 2023 666 cata
2054 615 2214 666 tacita
2244 611 2510 666 fuissent?
2536 608 2667 677 Quis
2691 609 2778 664 illa
2825 609 3086 679 scripsit?
3112 623 3181 662 an
3211 607 3335 661 mali
3381 621 3487 662 non

1903 711 2302 756 accusaverunt
2332 701 2539 757 bonos?
2568 716 2634 756 an
2666 701 2792 758 boni
2825 709 3045 770 peccata
3079 699 3346 754 bonorum
3379 713 3488 754 non

1905 792 2299 848 narraverunt?
2336 793 2425 848 alii
2472 808 2600 849 vero
2649 793 2786 849 sua?
2833 791 3032 847 Paulus
3084 807 3211 856 sua;
3251 789 3489 847 Joannes

1904 879 2048 935 Petri
2091 892 2334 950 peccata,
2379 881 2575 937 deinde
2609 880 2852 948 Thon‘iaz,
2878 891 2934 937 et
2960 877 3098 936 alius
3137 882 3395 935 aliorum.
3428 879 3488 934 Si

1905 973 2049 1027 enim
2084 973 2210 1027 mali
2241 982 2611 1038 accusassent,
2649 973 3174 1042 reprehenderemus
3197 973 3404 1036 odium,
3430 978 3488 1026 et

1904 1065 1972 1120 de
2003 1065 2293 1119 invidentia
2340 1074 2504 1133 atque
2547 1066 2718 1120 livore
2766 1079 3142 1135 quereremur,
3193 1063 3335 1132 quod
3381 1062 3486 1118 ista

1905 1158 2157 1212 dixerunt
2193 1158 2284 1227 qui
2329 1157 2578 1212 oderant.
2627 1158 2721 1212 Sin
2779 1173 2912 1212 vero
2951 1157 3050 1226 ipsi
3082 1172 3205 1220 sua,
3237 1163 3332 1208 aut
3356 1154 3483 1208 boni

1905 1251 2168 1305 honorum
2219 1250 2401 1318 lapsus
2439 1250 2810 1320 prodiderunt,
2857 1249 2985 1317 quin
3021 1248 3202 1319 potius
3249 1245 3488 1316 Spiritus

1904 1354 2126 1398 sanctus
2167 1344 2257 1412 qui
2292 1343 2345 1396 in
2376 1342 2580 1397 sanctis
2605 1342 2817 1397 locutus
2843 1350 2952 1406 est,
2983 1350 3038 1396 et
3082 1341 3195 1410 ipse
3226 1338 3486 1394 Dominus

1905 1435 2096 1488 delicta
2140 1448 2419 1488 servorum
2469 1449 2690 1490 suorum
2738 1433 3008 1502 exposuit,
3032 1440 3088 1487 et
3127 1447 3230 1486 non
3267 1430 3487 1486 silentio

1904 1526 2300 1591 dissimulavit;
2332 1541 2551 1580 causam
2580 1526 2895 1594 qnterimus.
2926 1521 3039 1576 Non
3069 1522 3213 1578 enim
3243 1536 3306 1577 ea
3334 1521 3487 1577 dixe-

1905 1621 2051 1678 ‘runt,
2086 1625 2144 1669 nt
2179 1616 2622 1678 criminarentur,
2655 1613 3092 1668 criminationem
3122 1612 3268 1665 enim
3312 1610 3488 1679 eiece-

1905 1715 2029 1760 runt
2053 1715 2106 1760 et
2157 1705 2544 1774 repudiarunt;
2593 1705 2688 1759 sed
2723 1704 2768 1758 si
2814 1702 3028 1756 illorum
3073 1710 3292 1772 peccata
3321 1699 3486 1755 tacita

1908 1797 2154 1860 fuissent,
2205 1794 2370 1850 fuisse
2421 1805 2613 1850 natura
2646 1810 2675 1848 a
2707 1794 2948 1864 peccatis
2994 1792 3203 1848 alienos
3244 1791 3486 1860 suspicio

209 1897 319 1933 των
349 1859 725 1953 ἀναμάρτητοι
747 1859 845 1954 τήν
864 1859 1030 1953 ῥύσιν
1053 1859 1444 1954 ὑπο-βοηθῶσιν.
1479 1884 1648 1956 ’Υπὲρ
1669 1859 1798 1957 ἀλη-

1909 1898 2068 1945 esset.
2114 1888 2220 1944 Pro
2262 1889 2493 1944 veritate
2546 1889 2712 1958 igitur
2753 1897 3180 1943 commemorata
3232 1895 3378 1949 sunt,
3431 1891 3490 1940 οι

210 1972 365 2037 θείας
397 1974 573 2027 τοίνυν
607 1974 635 2026 ό
674 1972 850 2039 λόγος’
877 1973 968 2029 καὶ
1000 1976 1358 2047 πταισμάτων
1396 1975 1647 2048 διήγησις
1669 1977 1802 2048 ἁλή-

214 2065 370 2121 θειαν
393 2067 719 2136 εἰσηγεῖται.

1907 1979 2150 2034 narratio
2182 1987 2526 2048 peccatorum
2557 1977 2840 2032 veritatem
2871 1976 3028 2030 docet
3056 1984 3114 2030 et
3143 1963 3423 2044 explanat.

1265 2157 1394 2214 CAP.
1425 2156 1594 2212 XXV.
1621 2157 1791 2213 Nemo
1812 2167 2181 2230 perlerttonem
2201 2156 2435 2225 attingit.

281 2250 460 2303 Ὢτοῦ
491 2250 682 2304 καινοῦ
709 2249 1027 2321 θαύματοςι
1062 2251 1384 2323 ἐγράφησαν
1427 2253 1481 2305 αἱ
1531 2251 1798 2323 ἁμαρτίαι

206 2343 318 2395 τῶν
345 2343 539 2410 ἁγίων,
573 2342 710 2412 ἴναή
737 2341 964 2413 ἀλήθεια
996 2341 1213 2413 γνωσθῇ
1231 2359 1244 2372 ο
1275 2344 1356 2397 ὅτι
1383 2344 1445 2396 ὲκ
1475 2342 1573 2396 τῶν
1600 2343 1800 2414 ὁμοίων

209 2434 430 2504 φύντες,
456 2433 554 2486 καὶ
579 2433 783 2504 ὁμοίως
815 2432 1036 2504 φύντες,
1062 2435 1230 2506 ἀρετῇ
1264 2435 1326 2488 τὸ
1357 2434 1543 2506 μεῖζον
1569 2435 1798 2506 εἰλήφα-

212 2541 317 2588 σιν,
349 2524 411 2577 οὐ
445 2525 605 2593 φύσει
630 2525 975 2596 νικήσαντες,
1013 2525 1128 2578 ἀλλ’
1162 2527 1330 2598 ἀρετῇ
1373 2526 1792 2598 διαπρέψαντες.

211 2617 276 2670 EI
337 2616 395 2669 δὲ
429 2617 582 2688 παρὰ
612 2615 692 2688 τῷ
731 2616 925 2689 Πέτρῳ
964 2615 1060 2670 ’καὶ
1101 2618 1215 2681 τοῖς
1245 2616 1426 2679 ἄλλοις
1453 2617 1794 2685 ἀποστόλοις,

207 2707 309 2778 ούχ
343 2711 376 2778 ἡ
417 2707 598 2777 φύσις,
649 2707 764 2761 ἀλλ’
799 2710 833 2780 ή
876 2709 1198 2780 προαίρεσις
1236 2708 1296 2761 τὸ
1335 2707 1610 2779 ὁριστικδν
1650 2707 1797 2780 ἔχει,

210 2799 366 2872 παρὰ
405 2800 547 2854 τίσιν
593 2799 828 2871 εὖρομεν
863 2801 1252 2872 ἀναμάρτητον
1285 2801 1384 2872 τὴν
1431 2798 1626 2870 φύσιν,
1663 2802 1798 2855 ὅπου

211 2890 365 2962 παρὰ
415 2894 532 2950 τοῖς
573 2892 895 2956 ἀποστόλοις
936 2895 1034 2962 ούχ
1076 2890 1353 2963 εὖρομεν;
1407 2892 1518 2944 Ποῦ
1567 2892 1800 2962 ἰχνεύειν

209 2983 587 3054 δυνησόμεθας
626 2985 824 3056 Μάτην
861 2985 933 3038 τά
985 2985 1062 3055 μὴ
1107 2984 1239 3038 ὂντα
1293 2983 1798 3055 περιεργαζόμεθα.

1974 2251 2018 2307 Ο
2056 2268 2166 2305 rem
2195 2261 2537 2303 communem
2581 2244 2922 2300 mirabilem!
2954 2243 3168 2312 Scripta
3196 2252 3324 2298 sunt
3356 2257 3487 2300 san-

1901 2352 2112 2400 ctorum
2146 2348 2395 2410 peccata,
2428 2347 2485 2391 ιιι
2515 2336 2720 2391 sciatur
2747 2334 2985 2401 veritas;
3017 2334 3160 2404 quod
3198 2348 3267 2389 ex
3292 2334 3487 2390 simili—

1900 2437 2000 2491 bus
2035 2435 2143 2490 nati
2184 2441 2237 2488 et
2275 2429 2524 2487 similiter
2559 2427 2698 2492 orti,
2743 2426 2923 2484 studio
2973 2425 3191 2482 virtutis
3223 2425 3490 2482 excellue-

1895 2538 2046 2591 runt,
2082 2525 2171 2596 qui
2209 2540 2315 2579 non
2359 2532 2552 2576 natura
2588 2521 2858 2584 vicerunt,
2905 2519 3001 2574 sed
3032 2519 3234 2574 virtute
3275 2518 3491 2575 clarue-

1899 2629 2046 2675 runt.
2078 2616 2231 2684 Qnod
2273 2613 2318 2670 si
2363 2612 2507 2682 apud
2542 2612 2765 2665 Petrum
2794 2619 2849 2664 et
2904 2609 3041 2665 alios
3083 2607 3356 2680 apostolos
3381 2623 3486 2664 non

1901 2720 2094 2766 natura
2117 2748 2132 2773 ,
2181 2705 2274 2762 sed
2297 2704 2468 2760 libera
2501 2703 2754 2757 voluntas
2785 2702 3040 2756 virtutem
3086 2700 3308 2765 delinit,
3345 2701 3490 2770 apud

1901 2816 2163 2873 quosnam
2207 2807 2457 2852 naturam
2498 2794 2704 2864 peccati
2750 2799 3028 2862 expertem
3083 2790 3331 2845 invenire
3361 2802 3489 2860 pos-

1899 2905 2109 2954 sumus,
2143 2887 2186 2941 si
2211 2885 2350 2954 apud
2374 2883 2648 2952 apostolos
2678 2895 2783 2936 non
2815 2877 3129 2949 potuimus?
3179 2875 3282 2932 Ubi
3335 2877 3490 2930 inda-

1902 2996 2032 3050 gare
2075 2976 2413 3048 poterimus?
2456 2974 2680 3032 Frustra
2743 2981 2798 3026 et
2862 2986 2999 3026 vane
3039 2986 3158 3040 qua:
3211 2983 3315 3023 non
3363 2977 3491 3022 sunt

224 3073 356 3127 Ἰδοὺ
384 3074 476 3127 τὸν
510 3075 716 3146 Πέτρον
751 3075 972 3147 ἐρωτῶ*
1006 3075 1116 3129 ἰδοὺ
1161 3075 1252 3128 τὸν
1289 3076 1492 3146 Θωμᾶν
1524 3073 1762 3141 ἐξετάζω
1785 3091 1800 3106 ο

1909 3071 2122 3126 curiose
2151 3065 2499 3136 inquirimus.
2531 3063 2608 3118 En
2640 3063 2858 3118 Petrum
2893 3062 3202 3130 interrogo;
3245 3075 3311 3114 en
3335 3058 3487 3112 Tho-

209 3165 274 3219 ού
311 3166 383 3219 τὰ
418 3168 624 3222 παλαιὰ
658 3168 835 3233 λαλῶ,
864 3169 924 3221 ού
959 3167 1288 3240 μνημονεύω
1327 3168 1420 3221 τοῦ
1443 3168 1608 3222 Δαϐίδ
1631 3185 1644 3198 ο
1683 3167 1803 3222 καί·

212 3274 365 3326 τοιγε
409 3259 770 3330 μνημονεύειν
799 3259 1059 3328 ὤφειλονσ
1110 3259 1195 3312 ἴνα
1235 3259 1330 3328 ἀφ’
1367 3253 1440 3311 ὧν
1480 3257 1802 3327 ἀγνοοῦντες

210 3346 464 3419 εὔχονται
480 3349 580 3412 τὰς
594 3351 932 3422 κατηγορίας
953 3349 1191 3404 λάϐωσιν
1212 3367 1225 3379 ·
1251 3351 1337 3404 ἴνα
1357 3350 1449 3419 ἀφ’
1477 3343 1555 3404 ὧν
1583 3349 1796 3418 φιλολο-

209 3435 393 3506 γοῦσι,
426 3439 519 3493 τὸν
554 3440 774 3510 ἔλεγχον
803 3440 1026 3511 σχῶσιν.
1045 3441 1260 3512 Ἐπειδὴ
1279 3441 1387 3511 γὰρ
1402 3441 1471 3493 τὰ
1487 3441 1797 3509 Εύαγγέλια

213 3530 586 3604 μεμελέτηται
622 3533 829 3598 αὐτοῖς,
868 3534 932 3586 ἐκ
956 3532 1064 3586 τῶν
1081 3533 1431 3601 Εὑαγγελίων
1451 3532 1757 3604 προηνέχθη
1772 3533 1800 3585 ὁ

207 3623 452 3692 ἐλεγχος.
485 3623 586 3676 Διά
611 3623 772 3677 τοῦτο
796 3623 906 3695 7&9
938 3623 1034 3676 καὶ
1048 3623 1248 3694 ἄνομον
1271 3622 1493 3677 λαλοῦσι
1507 3624 1600 3677 τὸν
1617 3624 1800 3693 νόμον,

211 3713 289 3786 μὴ
312 3715 752 3784 φιλολογοῦντες⁸
787 3716 876 3770 διὰ
908 3715 1068 3769 τοῦτο
1091 3714 1216 3768 οὔτε
1238 3717 1547 3788 ἐπιστήμην
1577 3715 1671 3769 τοῦ
1698 3716 1803 3768 Εὑ-

209 3809 466 3877 αγγελίου
495 3809 698 3882 ἔχουσι,
717 3811 817 3881 τὴν
832 3808 938 3862 τῶν
955 3808 1304 3878 Εὐαγγελίων
1324 3809 1497 3882 ἀρχὴν
1529 3809 1602 3881 μή
1625 3826 1807 3881 παρα·

210 3898 466 3967 λαϐόντες
487 3919 502 3933 °
542 3902 715 3972 Ἀρχὴ
739 3901 844 3957 τοῦ
885 3903 931 3956 Ε
935 3899 1256 3972 ὺαγγελίου
1273 3899 1479 3970 Ἰησοῦ
1500 3900 1760 3969 Χριστοῦ
1781 3917 1796 3932 ·

209 3989 397 4054 καθὼς
433 3991 745 4063 γέγραπται
787 3993 844 4046 ἐν
867 3991 1072 4062 Ἰεσαῖᾳ
1114 3989 1193 4060 τῷ
1225 3993 1498 4063 προφήτῃο
1534 3991 1656 4059 Τὴν
1699 3988 1807 4060 (17)

209 4081 409 4150 ἀρχὴν
441 4081 560 4137 τῶν
587 4083 952 4154 μαθημάτων
976 4079 1374 4150 ἐκϐεϐλήκασι
1408 4081 1482 4152 τῇ
1507 4066 1665 4151 ἀρχῆ
1696 4079 1812 4134 τῶν

211 4173 323 4244 τῆς
374 4177 668 4246 πονηρίας
691 4175 897 4232 ἱστῶν.

1909 3180 2049 3217 mam
2073 3161 2325 3224 excutio;
2358 3175 2464 3233 n_on
2501 3156 2692 3226 loquor
2717 3165 2899 3208 vetera
2929 3170 2945 3219 ;
2987 3167 3092 3206 non
3119 3162 3489 3207 commemoro

1908 3255 2097 3316 David,
2132 3251 2344 3307 tametsi
2373 3251 2618 3314 debeam,
2649 3260 2708 3301 ut
2738 3247 2987 3314 aquibus
3013 3253 3202 3314 optant
3233 3243 3490 3312 ignoran-

1906 3353 2008 3406 tes,
2041 3342 2163 3395 inde
2192 3338 2572 3396 accusatiOnes
2602 3335 2814 3400 ferant;
2847 3343 2906 3388 ut
2937 3333 3002 3387 de
3029 3332 3230 3402 quibus
3259 3332 3490 3388 libenter

1904 3435 2210 3496 disserunt,
2253 3432 2320 3484 ab
2353 3429 2461 3483 illis
2493 3429 2913 3497 redarguantur.
2944 3425 3081 3491 Quia
3127 3422 3271 3479 enim
3305 3423 3489 3477 Evan-

1906 3527 2060 3597 geliis
2078 3524 2422 3584 studuerunt,
2438 3535 2505 3574 ex
2530 3518 2838 3586 Evangeliis
2857 3515 3182 3585 protulimus
3204 3512 3344 3567 unde
3359 3527 3491 3566 con-

1907 3622 2212 3674 vincantur.
2247 3615 2455 3670 Idcirco
2481 3615 2624 3670 enim
2667 3613 2842 3682 legem
2868 3612 2986 3666 sine
3027 3610 3146 3681 lege
3175 3609 3488 3678 loquuntur,

1914 3713 1989 3784 μὴ
2027 3709 2478 3781 φιλολογοῦντεςς
2515 3707 2718 3760 idcirco
2745 3705 3030 3759 scientiam
3076 3701 3492 3770 Evangeliorum

1913 3821 2019 3860 non
2055 3813 2259 3868 tenent,
2301 3801 2392 3870 qui
2435 3799 2650 3854 initimn
2689 3796 3100 3867 Evangeliorum
3143 3810 3250 3850 non
3302 3805 3491 3850 susce-

1915 3905 2108 3966 perunt
2142 3912 2156 3949 :
2191 3891 2411 3947 Initium
2447 3890 2718 3962 Evangelii
2740 3889 2866 3944 Jesu
2899 3887 3140 3952 Christi;
3175 3886 3315 3943 sicut
3354 3885 3494 3939 scri-

1916 3999 2066 4058 ptum
2091 3997 2176 4042 est
2215 3987 2266 4040 in
2304 3983 2436 4039 Isaia
2465 3966 2774 4053 propheta:
2811 3978 2884 4034 Hi
2913 3979 3229 4048 principium
3257 3975 3493 4045 discipli-

1920 4096 2107 4134 narum
2161 4079 2561 4142 repudiaverunt
2613 4075 2754 4144 facto
2799 4073 3058 4142 principio
3098 4070 3342 4133 telarum,
3375 4082 3494 4138 quae

1921 4172 1978 4225 in
2012 4169 2217 4223 malitia
2243 4171 2305 4222 ab
2334 4169 2462 4237 ipsis
2483 4175 2750 4221 texuntur.

1298 4265 1430 4322 CAP.
1453 4261 1645 4318 XXVI.
1673 4262 1750 4317 De
1779 4273 2080 4316 sanctorum
2111 4257 2447 4312 excellentia.

293 4367 356 4420 '0
380 4360 480 4435 τὴν
507 4359 827 4432 εὐεργεσίαν
851 4357 1018 4413 αὑτοῦ
1041 4357 1414 4431 ἀποκρύπτων
1443 4358 1502 4408 ὲν
1537 4357 1602 4425 τῇ
1633 4353 1800 4424 ψυχῇ,

1977 4349 2080 4414 Qui
2115 4345 2439 4417 beneﬁcium
2487 4356 2647 4398 suum
2693 4339 2748 4394 in
2781 4337 2964 4393 anima
3010 4336 3282 4404 recondit,
3318 4336 3406 4392 hic
3445 4335 3494 4392 si

209 4457 368 4522 οὗτος
405 4455 499 4510 ὲάν
543 4452 770 4524 είσϐάλῃ
814 4453 908 4505 καὶ
960 4451 1186 4522 γένηται
1234 4449 1416 4513 ἔνδον,
1468 4444 1804 4516 πανηγύρεις

211 4556 357 4609 θεῖαι
388 4550 482 4605 καὶ
506 4547 856 4619 ἱεροπρεπεῖς
881 4543 1293 4606 ἀποτελοῦνται,
1313 4539 1482 4612 χωροὶ
1507 4536 1804 4608 λαληθῆναι

215 4645 294 4717 μὴ
318 4641 628 4711 δυνάμενοι,
648 4634 884 4706 θυμηδία
907 4637 1084 4705 σιωπῇ
1106 4631 1443 4703 τετιμημένη
1469 4646 1483 4661 ο
1511 4627 1672 4690 εὐθὺς
1697 4625 1806 4696 7&9

97 4781 104 4786 .
213 4734 432 4791 ἀνέλκει
478 4730 575 4803 τὴν
621 4728 898 4790 διάνοιαν,
939 4727 1034 4779 καί
1074 4726 1266 4794 πτεροῖ
1309 4723 1409 4793 τὴν
1449 4719 1628 4790 ψυχὴν
1655 4759 1670 4783 ,
1715 4723 1808 4769 καὶ

215 4824 518 4900 μετάρσιον
551 4819 724 4890 αὐτὴν
772 4817 909 4890 πρὸς
954 4816 1025 4869 τὰ
1053 4815 1342 4886 κρείττονα
1385 4807 1804 4872 κατασκευάζει.

224 4917 466 4990 Ἀμέλει,
489 4914 584 4968 ὲὰν
608 4929 692 4972 τις
718 4912 926 4965 ἐκεῖνον
956 4908 1062 4982 ἴδῃ,
1091 4908 1276 4962 ούκὲτι
1310 4905 1445 4977 πρὸς
1475 4902 1666 4956 ἑαυτὸν
1685 4899 1808 4970 βλέ-

209 5008 346 5079 ψει,
394 5006 532 5061 ἁλλά
579 5003 656 5075 τῷ
706 5001 1038 5075 θεωρηθέντι
1083 4999 1270 5054 κάλλει
1324 4995 1802 5065 καταπλήττεται·

211 5099 394 5153 πάντα
419 5094 629 5164 ἀκαλλῆ
653 5095 889 5164 ἡγεῖται.
927 5089 1027 5144 Διά
1073 5091 1172 5161 τὴν
1222 5087 1431 5142 ἐκείνου
1473 5083 1804 5154 εὐπρέπειαν

213 5191 338 5262 βοᾷ·
356 5187 696 5254 Ματαιότης
714 5183 1130 5254 ματαιότητος.
1149 5179 1222 5234 τὰ
1246 5177 1442 5232 πάντα
1451 5175 1801 5246 ματαιότης’

214 5281 315 5354 βοᾷ
336 5298 349 5313 ο
387 5279 593 5336 Πάντα
632 5277 891 5348 ἠγιοῦμαι
917 5276 1220 5335 σκύϐαλα,
1263 5273 1363 5325 ἵνα
1395 5270 1656 5338 Χριστὸν
1680 5283 1810 5334 κερ-

211 5373 403 5441 δήσω.
451 5372 577 5426 Ἐὰν
603 5371 648 5425 δ’
678 5371 792 5442 ’ἄρα
821 5363 978 5432 οὗτος
1010 5365 1205 5439 κρούη,
1235 5365 1331 5417 καὶ
1354 5361 1593 5434 βραδύνῃ
1619 5360 1654 5430 ἡ
1696 5357 1812 5410 διά-

212 5484 335 5530 νοια
378 5465 474 5520 καὶ
507 5464 661 5534 ὒπνῳ
697 5464 990 5534 χρήσηται,
1031 5459 1125 5514 καὶ
1157 5456 1251 5511 τοῦ
1277 5454 1505 5527 βράδους
1534 5451 1684 5504 αἰτία
1712 5448 1804 5518 γέ-

214 5574 399 5628 νηται,
425 5556 619 5630 ἀφίησι
640 5555 846 5626 φωνὴν,
887 5551 1170 5616 Ἀνοιξόν
1189 5566 1314 5619 μοι,
1357 5541 1592 5613 ἀδελφή
1633 5558 1754 5612 μου
1781 5582 1798 5609 ,

289 5689 338 5724 ³⁸
372 5688 551 5745 Eecle.
580 5702 620 5754 ι,
649 5688 707 5753 2.
784 5687 830 5720 ⁸⁸
873 5684 1108 5755 Philipp.
1151 5699 1236 5748 ιιι,
1273 5680 1327 5736 8.

1913 4437 2242 4510 ingrediatur
2275 4446 2332 4490 et
2362 4435 2509 4489 intus
2533 4433 2624 4496 sit,
2665 4431 2831 4485 divini
2865 4436 3162 4484 conventus
3195 4427 3330 4482 llunt
3350 4428 3402 4484 in
3427 4443 3490 4482 ea

1910 4539 1966 4586 et
1999 4526 2346 4585 celebritates
2364 4540 2485 4596 quae
2511 4533 2728 4580 sanctos
2756 4524 2968 4588 decent,
2995 4529 3050 4575 et
3083 4519 3236 4574 ebori
3259 4519 3356 4589 qui
3375 4533 3492 4574 ser-

1915 4635 2077 4676 mone
2106 4617 2338 4688 exprimi
2369 4631 2474 4670 non
2509 4623 2760 4685 possunt,
2784 4621 2940 4682 grato
2974 4609 3156 4663 animo
3179 4617 3235 4663 et
3274 4608 3494 4664 silentio

1918 4712 2242 4768 honoratur.
2275 4707 2470 4762 Statim
2509 4705 2653 4760 enim
2694 4703 2798 4758 iste
2840 4707 3075 4755 mentem
3117 4697 3298 4766 erigit,
3329 4707 3492 4767 atque

1912 4804 2146 4856 animam
2189 4797 2363 4853 reddit
2403 4795 2698 4866 aligeram,
2731 4801 2789 4848 et
2830 4789 3117 4845 sublimem
3153 4787 3219 4840 ad
3265 4785 3494 4842 meliora

1909 4894 2091 4950 eﬂicit.
2127 4891 2272 4949 Sane
2296 4888 2534 4960 quidem,
2567 4886 2611 4941 si
2641 4884 2766 4955 quis
2798 4882 2947 4937 illum
2978 4881 3204 4945 videret,
3244 4894 3351 4934 non
3377 4878 3496 4950 jam

1913 5002 1971 5043 se
2024 4986 2199 5055 ipsum
2249 4981 2538 5053 aspiceret,
2567 4977 2659 5034 sed
2684 4973 3140 5047 pulchritudinem
3171 4987 3332 5042 quam
3357 4985 3490 5026 cono

1910 5077 2282 5148 templaretur,
2310 5075 2751 5143 obstupesceret;
2778 5076 2973 5124 caetera
3005 5065 3187 5120 omnia
3213 5063 3355 5120 foeda
3382 5061 3495 5118 du-

1909 5180 2075 5226 ceret.
2107 5169 2333 5239 Propter
2365 5165 2506 5221 illius
2535 5165 2784 5218 decorem
2818 5160 3052 5215 cIamat:
3091 5155 3312 5211 Vanitas
3339 5153 3494 5208 vani-

1920 5275 2086 5318 tatum
2111 5271 2158 5316 et
2188 5260 2365 5313 omnia
2395 5257 2599 5310 vanitas
2621 5255 2687 5322 ";
2726 5253 2918 5322 Omnia
2950 5249 3192 5304 existimo
3221 5255 3496 5309 stercora,

1919 5367 1975 5410 ut
2010 5352 2279 5410 Christum
2311 5349 2640 5419 lucrifaciam
2678 5347 2747 5401 ’⁸.
2780 5346 2837 5401 Si
2874 5358 3004 5399 vero
3049 5340 3136 5394 hic
3173 5338 3386 5407 pulset,
3429 5344 3487 5392 et

1912 5461 2067 5502 mens
2084 5453 2374 5501 cunctetur
2394 5457 2458 5498 ac
2486 5454 2678 5496 somno
2707 5453 2767 5494 se
2795 5437 2978 5500 dedat,
3015 5434 3191 5500 sitque
3232 5429 3347 5498 ipse
3378 5437 3492 5482 tar-

1909 5539 2094 5596 ditatis
2141 5551 2342 5602 causa,
2394 5533 2593 5590 emittit
2631 5544 2816 5588 vocem
2863 5544 2878 5582 :
2918 5523 3088 5597 Aperi
3135 5521 3288 5590 mihi,
3338 5533 3494 5576 soror

295 5835 406 5909 (I7)
463 5835 580 5906 Τὴν
618 5835 755 5906 ὰρχ.
802 5835 974 5890 Locus
1010 5842 1293 5889 contextus
1339 5831 1548 5886 videtur
1585 5843 1650 5883 cx
1684 5826 1788 5881 lsa.

1909 5865 1934 5890 ι,
1975 5822 2030 5887 ι,
2056 5820 2108 5878 6.
