3872 6278
467 389 572 445 925
1562 389 1834 446 PATRES
1872 388 2173 447 EGYPTII
2209 390 2476 450 SECULI
2519 391 2606 445 IV.
3633 383 3744 438 9'24

459 518 597 566 mea,
622 517 836 568 sponsa.
864 519 1109 573 quoniam
1147 516 1300 573 caput
1347 523 1514 561 meum
1544 507 1811 576 impletum
1841 505 1935 560 est‘
1948 522 1988 558 rt

2211 508 2376 577 ξομφη,
2418 508 2512 561 ὅτι
2548 509 2588 575 ἠ
2630 501 2864 573 κεφαλή
2903 519 3028 571 μου
3063 496 3416 566 ἐνεπλήσθη
3463 493 3740 563 δρόσου,

457 608 544 656 re,
594 601 642 646 et
680 593 910 646 cincinni
943 595 1042 646 mei
1085 597 1244 664 guttis
1290 598 1454 650 noctis
1485 597 1556 651 ⁸⁸.
1598 597 1721 652 Htec
1763 595 1936 660 dicit,
1978 611 1986 647 l

2213 597 2250 650 tl
2280 599 2335 651 οί
2361 595 2702 665 ,βόστρυχοί
2735 611 2855 663 μου
2892 590 3173 661 ψεκὰὃων
3210 587 3431 653 νυκτός
3455 604 3471 618 ο
3505 585 3604 638 ἵνα.
3641 584 3742 654 τὴν

456 684 751 738 amicitiam
796 683 1060 749 declaret,
1105 697 1159 740 et
1189 701 1375 741 curam
1416 689 1694 758 providam
1736 688 1985 758 signiﬁcet

2212 685 2331 740 λίαν
2382 686 2554 757 δείξῃ,
2607 683 2703 738 καὶ
2739 683 2838 752 τὴν
2868 679 3194 752 κηδεμονίαν
3233 675 3487 750 σημάνῃ’
3520 676 3614 729 δτι
3646 675 3741 728 καὶ

454 785 510 829 et
546 776 687 843 quod
713 776 848 830 ratio
886 777 1103 830 exclusa
1131 779 1354 840 tolerat;
1388 790 1590 834 etcum
1625 777 1756 833 foris
1777 789 1880 841 est,
1912 794 1983 832 sn:

2210 777 2578 847 τοκλειόμενος
2604 776 2634 828 ό
2665 775 2822 844 λόγος
2847 773 3123 844 ἀνέχεται,
3162 770 3258 824 καὶ
3295 768 3401 834 ἔξω
3427 767 3506 821 ὢν
3537 767 3739 838 φέρειο

455 868 593 922 tinet
619 907 632 930 ,
684 877 739 922 et
779 884 885 922 non
930 869 1154 933 recedit,
1191 871 1362 925 donec
1407 870 1662 925 continua
1695 869 1984 938 petitiottet

2209 867 2240 920 tt
2285 869 2386 922 ούκ
2415 868 2708 936 ἀφίσταται
2740 866 2844 929 ἕως
2867 865 2932 919 ἂν
2953 867 3020 936 τῇ
3054 860 3302 932 συνεχείᾳ
3327 861 3426 929 τῆς
3459 860 3738 930 αἰτήσεως

455 958 612 1027 pulsu
661 959 896 1032 seipsam
948 975 1101 1016 mens
1129 962 1378 1030 aperiat,
1421 961 1666 1030 praebens
1705 961 1880 1016 locum
1917 976 1984 1030 pu

2212 959 2239 1012 ,ἱ
2278 959 2380 1029 τῆς
2411 958 2687 1030 κρούσεως
2707 953 3201 1024 ὑπανοίξειὲαυτὴν
3235 953 3269 1005 Ἰτ
3300 951 3534 1019 διάνοια,
3567 950 3741 1004 τόπον

452 1051 613 1106 santi.

2143 1050 2224 1122 τῷ
2253 1052 2505 1122 κρούοντι
2532 1049 2867 1122 παρέχουσα.

1500 1141 1634 1198 Car.
1666 1141 1884 1196 XXVII.
1908 1142 2057 1195 Artes
2082 1140 2706 1210 pseudo-prophetarum.

527 1231 884 1289 Circumeunt
914 1243 1090 1288 autem
1117 1235 1569 1304 prmstigiatores,
1601 1243 1656 1288 et
1686 1235 2035 1303 pseudo-pro-

2212 1229 2599 1302 Περιέρχονται
2640 1228 2697 1282 δὲ
2736 1227 2830 1280 καὶ⁹
2857 1228 2906 1280 οἱ
2938 1225 3138 1297 γόητες
3161 1241 3175 1255 ο
3213 1224 3308 1277 καὶ
3341 1225 3388 1277 οἱ
3423 1222 3741 1293 ψευδοπρο·

449 1322 630 1391 ριιειαι
657 1339 719 1376 ac
755 1325 1182 1393 pseudo-Christi
1204 1365 1218 1389 ,
1262 1325 1456 1394 partim
1506 1325 1802 1394 pulsantes,
1837 1327 1972 1394 parti

2208 1339 2329 1393 ιται,
2359 1322 2456 1374 καὶ
2488 1323 2536 1373 οἱ
2565 1319 2965 1390 ψευδόχριστοι,
2990 1318 3066 1388 πῆ
3094 1317 3192 1388 μὲν
3223 1316 3540 1387 κρούοντες,
3573 1317 3657 1388 πῆ
3683 1317 3737 1369 δὲ

449 1414 758 1479 fodientes;
786 1430 850 1470 ac
877 1416 1031 1484 pnlsu
1059 1415 1274 1484 quidem
1319 1416 1566 1470 molliore
1595 1426 1829 1480 utentes,
1857 1425 1913 1470 et
1947 1433 1978 1466 ν

2209 1414 2455 1477 ύττοντες
2474 1428 2486 1442 ·
2515 1414 2610 1467 καὶ
2637 1411 2714 1482 τῷ
2747 1411 2848 1482 μὲν
2877 1408 3182 1483 κρούσματι
3207 1407 3556 1481 ἀπαλωτὲρῳ
3586 1406 3738 1479 χρώ-

452 1518 573 1557 rum
609 1504 820 1574 pulsum
868 1504 1166 1568 imitantes,
1199 1512 1258 1556 ut
1297 1502 1650 1558 similitudine
1693 1501 1878 1571 pulsus
1923 1501 1974 1555 fu

2205 1523 2314 1570 :vot,
2343 1507 2438 1559 καὶ
2470 1504 2800 1576 μιμούμενοι
2822 1503 2919 1574 τὴν
2948 1503 3126 1572 ἀληθῆ
3161 1501 3385 1572 κροῦσιν
3408 1539 3424 1564 ,
3468 1501 3550 1564 ὡς
3589 1501 3734 1570 τάχα

453 1603 600 1650 tasse
649 1611 802 1651 mens
854 1595 1097 1665 decepta,
1146 1606 1402 1665 tanquam
1446 1595 1746 1650 domestico
1792 1603 1847 1648 et
1904 1605 1982 1648 non

2232 1598 2509 1668 ὁμοιότητι
2533 1597 2632 1668 τῆς
2664 1596 2942 1668 κρούσεως
2963 1595 3307 1666 ἀπατηθεῖσα
3333 1595 3366 1665 ή
3390 1592 3630 1658 διάνοια,
3661 1592 3734 1656 ὡς

448 1687 693 1756 aperiat;
735 1686 826 1756 qui
869 1701 972 1741 non
1004 1694 1258 1742 recusant
1285 1686 1523 1756 parietes
1546 1683 1892 1750 labefactare,
1923 1684 1977 1738 in

2203 1685 2323 1757 ιιείῳ
2344 1687 2438 1738 καὶ
2469 1687 2732 1756 γνωρίμῳ
2765 1686 3035 1758 ύπανοίγῃ
3054 1702 3069 1718 ο
3105 1685 3165 1737 ού
3205 1682 3646 1755 παραιτούμενοι
3678 1682 3732 1736 δὲ

451 1779 670 1832 student
693 1777 998 1847 perfodere,
1028 1787 1086 1832 ut
1115 1788 1209 1831 aut
1237 1792 1332 1846 per
1363 1775 1634 1830 fallaciam
1662 1787 1754 1830 aut
1778 1790 1874 1845 per
1921 1776 1980 1830 vi:

2202 1777 2262 1830 δὲ
2283 1777 2344 1830 τὸ
2377 1780 2769 1848 τοιχωρυχεῖν,
2811 1775 2949 1830 ἀλλά
2982 1777 3076 1830 καὶ
3122 1775 3420 1847 διορύττειν
3456 1775 3731 1828 ἐσπουδα-

451 1877 665 1921 mentes
695 1867 941 1936 capiant;
977 1878 1031 1922 et
1053 1881 1185 1922 vero
1221 1866 1358 1921 alios
1380 1865 1598 1933 quidem
1638 1864 1710 1929 vi,
1743 1864 1876 1919 alios
1901 1879 1980 1933 pr:

2198 1867 2316 1931 ἱτες,
2353 1867 2441 1921 ἴνα
2473 1868 2506 1938 ἢ
2543 1868 2730 1940 ἀπάτῃ
2761 1867 2794 1938 ἢ
2833 1866 2924 1938 βίᾳ
2963 1866 3260 1920 δελεάσωσι
3298 1865 3400 1930 τάς
3442 1865 3727 1928 διανοίας·

450 1959 627 2027 stigiis
669 1958 1031 2014 fraudulentis
1060 1958 1386 2014 fefellerunt.
1415 1956 1778 2024 Quamobrem
1810 1956 1978 2026 sapiet

2202 1955 2328 2010 ιέλει
2355 1958 2482 2020 τοὺς
2509 1957 2608 2026 μὲν
2636 1956 2728 2028 βίᾳ
2753 1953 2922 2020 εἷλον,
2963 1957 3090 2020 τοὺς
3126 1956 3184 2009 δὲ
3219 1955 3404 2027 ἀπάτῃ
3429 1953 3731 2024 γεγοητεύ-

453 2058 536 2104 tes
560 2062 613 2104 et
643 2051 854 2106 honesti
885 2052 1138 2106 custodes
1161 2051 1396 2105 clavium
1433 2049 1714 2103 scientiam
1747 2063 1869 2103 cum
1898 2049 1982 2118 vig

2202 2064 2288 2103 Lat.
2323 2047 2423 2101 Διά
2461 2047 2621 2101 τοῦτο
2655 2050 2705 2101 οἱ
2740 2047 2896 2118 σοφοὶ⁸
2935 2048 3032 2101 καὶ
3075 2047 3266 2118 σεμνοὶ⁵
3301 2046 3731 2116 κλειδοφύλακες

452 2139 616 2195 lantia
662 2141 926 2206 miscent,
963 2149 1022 2195 ut
1061 2141 1188 2210 quia
1217 2141 1458 2211 vigilant,
1509 2154 1615 2194 non
1655 2139 1981 2208 perfodiantt

2195 2155 2310 2202 τες,
2341 2139 2654 2210 ἐπιστήμην
2685 2138 2824 2210 μετά
2866 2138 2961 2192 τοῦ
3003 2138 3278 2210 γρητόρου
3307 2137 3689 2209 κερασάμενοι
3712 2150 3724 2162 ·

452 2231 714 2301 parietes;
739 2233 863 2302 quia
899 2232 1172 2302 sapientes
1194 2242 1342 2296 sunt,
1374 2247 1479 2286 non
1499 2229 1791 2297 fallantur;
1817 2231 1981 2301 sapiet

2201 2229 2226 2283 ἀ
2253 2230 2313 2282 τὸ
2338 2204 2662 2302 ἐγρηγορεῗν
2687 2204 2960 2284 ὀὐδέποτε
2983 2204 3352 2302 διορύττονται
3376 2204 3392 2260 ί
3422 2228 3515 2282 διά
3531 2204 3605 2282 δὲ
3633 2230 3730 2300 τὴν

451 2323 528 2376 tia
566 2324 710 2380 enim
749 2339 855 2378 non
882 2323 1086 2394 praebet
1111 2323 1287 2379 locum
1333 2320 1642 2392 praestigiis,
1687 2336 1861 2392 neque
1898 2323 1980 2393 vig

2199 2323 2474 2394 ειστήμην,
2504 2323 2764 2378 οὐδέποτε
2795 2323 3111 2378 ἀπατῶνται
3131 2339 3146 2354 ο
3186 2321 3468 2392 ἐπιστήμη
3497 2321 3604 2392 μὲν
3625 2321 3728 2391 γὰρ

451 2411 617 2467 lantia
662 2414 1109 2483 perfodientibus.
1141 2413 1404 2482 Quocirca
1435 2414 1649 2469 honesti
1698 2424 1752 2468 et
1792 2415 1980 2470 honest

2199 2417 2204 2486 ᾗ
2240 2415 2496 2487 γοητείᾳ,
2547 2416 2886 2488 γρηγόρησις
2915 2415 2973 2468 δὲ
3008 2414 3172 2469 τόπον
3202 2416 3314 2478 τοῖς
3352 2413 3728 2485 διορύττουσιν

451 2501 543 2572 qui
604 2521 836 2570 sumus,
883 2516 1092 2560 mentes
1138 2514 1351 2560 nostras
1413 2505 1563 2560 clave
1616 2505 1980 2561 custodiamus

2200 2539 2201 2542 η
2231 2505 2435 2565 δίδωσι.
2463 2507 2666 2561 Τούτου
2690 2507 2849 2578 χάριν
2877 2507 2928 2560 οἱ
2953 2507 3144 2578 σεμνοὶ
3173 2506 3267 2560 καὶ
3293 2506 3491 2576 σεμναὶ
3520 2505 3729 2559 κλειδο-

389 2655 392 2657 ,
450 2596 674 2650 scientia
705 2595 920 2664 quidem
952 2595 1196 2651 fraudem
1224 2597 1526 2663 vincentes,
1565 2595 1744 2667 vigilia
1776 2610 1904 2652 vero

2198 2597 2540 2670 ›λακήσωμεν
2567 2598 2774 2654 ἑαυτῶν
2798 2598 2897 2664 τάς
2911 2597 3170 2663 διανοίας,
3192 2599 3472 2669 ἐπιστήμῃ
3505 2597 3611 2668 μὲν
3633 2599 3727 2668 τὴν

450 2685 553 2754 ipsi
581 2699 613 2740 a
637 2685 944 2756 direptione
967 2696 1269 2744 servantes.
1481 2692 1487 2698 ‘

2193 2691 2359 2762 νεάτην
2390 2691 2673 2759 νικῶντες,
2719 2695 2788 2765 τῇ
2818 2693 2876 2748 δὲ
2903 2693 3246 2765 γρηγορήσει
3272 2691 3336 2746 τὸ
3361 2691 3563 2747 ἄσυλον
3598 2695 3722 2747 ἑαυ-

2139 2785 2255 2847 τοῖς
2283 2784 2731 2856 μνηστευόμενοι.
2789 2803 2801 2813 “

519 2881 568 2914 ³⁸
605 2883 764 2938 Cant.
793 2900 844 2950 v,
872 2885 927 2940 ‘2.

685 3179 1184 3258 MONITUM
1248 3181 1354 3262 ΙΝ
1403 3181 2024 3277 SEQUENTEM
2068 3183 2146 3261 S-
2193 3183 2814 3266 SERAPIONIS
2861 3184 3482 3265 EPISTOLAM.
3577 3195 3588 3205 ‘

1385 3357 1611 3430 (Angela
1638 3358 1768 3426 ΜΑι,
1793 3358 2018 3416 Classici
2060 3368 2320 3426 auctores,
2347 3371 2384 3416 t.
2421 3360 2481 3428 V,
2519 3377 2572 3432 p.
2607 3363 2759 3432 564.)

516 3654 772 3708 Sanctum
808 3652 1181 3720 Serapionem,
1211 3654 1483 3708 Tlnnneos
1507 3654 1558 3708 in
1593 3652 1826 3723 Egypto
1847 3653 2182 3723 episcopum.
2222 3657 2799 3723 prmter‘snperstttem
2829 3651 3076 3723 adversus
3101 3648 3420 3706 Maniclncos
3452 3650 3710 3713 libellum,

444 3723 688 3792 epistolas
722 3723 884 3775 etiam
922 3719 1075 3792 utiles
1103 3725 1170 3776 ad
1205 3726 1434 3778 diversos
1463 3719 1767 3792 scripsisse,
1803 3719 1992 3778 narrat
2025 3719 2382 3792 Hieronymus
2411 3720 2489 3776 De
2515 3719 2611 3792 uir.
2637 3721 2740 3785 ill.,
2765 3735 2887 3792 cap.
2914 3719 3002 3775 99.
3029 3720 3230 3792 Harum
3258 3737 3381 3776 cum
3405 3723 3549 3776 nulla
3576 3726 3712 3778 diem

444 3736 688 3792 epistolas
722 3736 884 3775 etiam
922 3736 1075 3776 untes
1103 3736 1170 3776 aa
1205 3736 1434 3778 diversos
1463 3739 1767 3792 SCI‘IpSISSe,
1803 3736 1992 3778 narrat
2025 3736 2382 3792 Hieronymus
2411 3736 2489 3776 ue
2515 3739 2611 3776 uir.
2637 3736 2740 3785 ιιι,
2765 3736 2887 3842 (δερ.
2914 3736 3002 3775 au.
3029 3736 3230 3775 narum
3258 3737 3381 3776 cum
3405 3736 3549 3776 nulla
3576 3736 3712 3778 diem

444 3793 648 3855 tulerit,
687 3807 790 3863 una
822 3806 992 3858 nuper
1027 3791 1081 3844 in
1116 3803 1300 3848 vetere
1333 3793 1595 3848 Vaticano
1620 3795 1831 3857 codice,
1864 3795 1957 3863 qui
1988 3793 2118 3863 olim
2146 3792 2197 3863 in
2232 3793 2561 3863 monasterio
2583 3791 3069 3863 Cryptteguerrata:
3097 3790 3218 3863 luit.
3251 3792 3382 3863 mihi
3413 3807 3547 3863 sese
3564 3794 3716 3848 obtu-

443 3863 528 3925 lit,
589 3861 936 3930 quarlibrnm
981 3874 1160 3914 meum
1195 3878 1291 3916 ceu
1332 3863 1599 3930 gemmula
1647 3859 2057 3929 exornonuis
2111 3861 2256 3924 enim
2311 3862 2453 3915 beati
2509 3862 2630 3925 viri,
2661 3859 2764 3928 qui
2805 3860 3004 3914 Christi
3059 3859 3401 3915 confessione
3443 3861 3712 3924 int-latuit,

443 3929 726 4002 Athanasii
766 3929 1067 4002 et_Atttottii
1093 3930 1270 4001 Magni
1311 3929 1550 4002 amicitia
1581 3930 1784 3995 floruit,
1817 3948 1845 3984 a
1871 3948 1979 4002 quo
2019 3940 2296 4002 postremo
2328 3933 2494 4002 etiam
2527 3932 2756 3986 meloten
2775 3929 3057 4002 supremis
3089 3931 3283 4002 tabulis
3325 3933 3582 3985 donatam
3624 3933 3712 3987 ba-

446 4001 580 4064 buit,
611 4014 768 4071 quem
795 3997 1157 4071 Hieronymus
1185 3997 1274 4054 ὀί)
1315 4001 1637 4071 elegantiam
1671 4001 1869 4070 ingenii
1890 3997 2212 4071 'cognomen
2250 4000 2572 4056 Scholastici
2617 3997 2880 4071 interfuisse
2912 3999 3062 4071 dicit,
3095 4001 3239 4068 quis,
3273 4001 3514 4070 inquam,
3556 4003 3714 4057 breve

447 4073 574 4127 licet
609 4067 920 4138 epistolium
960 4067 1063 4121 nan
1103 4071 1328 4126 libenter
1355 4067 1533 4137 legati
1571 4067 1783 4126 Utinam
1819 4086 1948 4126 vero
1980 4067 2150 4140 codex
2189 4071 2383 4138 aliquis
2410 4080 2652 4140 emergat
2682 4067 2900 4140 alicubi,
2929 4069 3022 4137 qui
3055 4071 3136 4124 vel
3177 4067 3375 4125 amissa
3406 4067 3712 4140 Serapionis

442 4141 653 4262 scri'ptal
670 4140 944 4263 popiosins
978 4143 1247 4205 restituat,
1278 4141 1363 4196 vel
1397 4140 1586 4196 saltem
1615 4141 1732 4211 ejus
1757 4143 2006 4196 adversus
2042 4137 2364 4196 Maniclueos
2403 4137 2721 4206 tractatum,
2749 4137 2841 4208 qui
2873 4138 2926 4192 in
2961 4140 3290 4196 cditiouibus
3322 4140 3460 4207 biat,
3489 4137 3712 4197 feliciter

442 4226 542 4263 oxu
565 4226 625 4263 ea
1993 4258 2000 4263 .

441 4219 653 4280 expleat

511 4427 694 4482 Sancti
727 4426 1030 4504 Serapionis
1067 4431 1293 4504 episcopi
1328 4429 1586 4487 Thmueos
1618 4434 1835 4502 epistola
1887 4437 1956 4488 ad

2178 4434 2248 4490 οὗ
2293 4433 2468 4504 ἁγίου
2515 4433 2887 4504 Σεραπίωγος
2911 4433 3249 4504 ἐπισκόπου
3284 4433 3558 4502 Θμούεως
3592 4412 3707 4487 ἐπι-

899 4498 1202 4554 Eudoxium
1236 4503 1554 4570 episcopatus.
1647 4498 1656 4502 ⁷
2062 4498 2096 4504 ⁷
2341 4498 2352 4504 ’
2377 4519 2428 4558 στ

2062 4498 2096 4504 ⁷
2341 4498 2352 4504 ’
2377 4498 2751 4572 στολῆπρὸς
2773 4498 2968 4568 Εύδόξ
2977 4520 3069 4556 ιον
3105 4498 3464 4557 ἐπίσκοπον.

509 4588 588 4644 Ne
632 4589 877 4644 dolorum
921 4605 1087 4646 causa
1119 4605 1372 4657 intereas,
1403 4594 1496 4647 sed
1535 4593 1636 4646 fide
1679 4610 1803 4666 erga
1848 4596 2010 4650 Deum

2190 4596 2283 4667 Μὴ
2327 4596 2526 4667 ἀθύμει
2581 4597 2830 4666 πάσχων,
2864 4596 2978 4650 ἀλλ’
3005 4595 3233 4666 εύθύμει
3263 4594 3537 4649 πιστεύων
3573 4594 3709 4665 (18)·

436 4689 653 4735 servata
682 4681 896 4749 lauare;
957 4696 1131 4752 neque
1163 4683 1344 4738 animo
1384 4685 1637 4740 concidas
1682 4687 1805 4756 quia
1839 4703 1965 4758 σεεν(

2172 4689 2216 4742 tl.
2250 4689 2326 4760 μὴ
2362 4688 2674 4743 κατάπιπτε
2721 4689 2914 4752 νοσῶν,
2954 4687 3067 4741 ἀλλ’
3096 4687 3305 4741 εὐτόνει
3350 4685 3428 4758 μὴ
3457 4684 3701 4758 ἁμαρτά-

439 4777 546 4833 tas,
607 4770 701 4825 sed
751 4781 868 4825 esto
916 4771 1095 4827 alacer
1137 4773 1262 4842 quia
1319 4775 1476 4844 culpa
1533 4790 1710 4830 cares.
1771 4777 1968 4833 Morbut

2178 4799 2247 4836 ον·
2293 4782 2389 4834 καὶ
2437 4781 2513 4853 μή
2559 4779 2748 4852 νόμιζε
2792 4779 3036 4852 χαλεπὴν
3082 4780 3182 4848 τὴν
3211 4780 3386 4844 νόσον,
3434 4781 3573 4852 μόνη
3607 4777 3707 4849 γὰρ

434 4874 798 4914 aerumnosum
847 4875 914 4915 ne
954 4874 1132 4931 putes,
1169 4862 1280 4917 sola
1331 4866 1474 4918 enim
1511 4880 1811 4921 aerumnosa
1858 4869 1963 4938 cull

2178 4873 2338 4945 ιλεπὴ
2374 4875 2408 4944 ή
2449 4874 2717 4944 ἁμαρτία·
2765 4872 2826 4926 τὸ
2879 4872 2978 4943 μὲν
3013 4871 3122 4945 γὰρ
3172 4871 3490 4944 ἀσθενῆσαι.
3537 4871 3707 4926 κοινὸν

434 4959 555 5015 est;
604 4967 838 5021 namque
883 4963 940 5006 ut
987 4962 1252 5022 aegrotent
1288 4957 1528 5025 quidem,
1585 4958 1740 5015 bonis
1777 4975 1963 5030 arque;

2179 4967 2224 5018 ιὶ
2256 4965 2438 5019 καλῶν
2469 4965 2564 5018 καὶ
2593 4963 2780 5018 κακῶν
2801 4962 3029 5035 ἀνδρῶν,
3058 4964 3118 5018 τὸ
3149 4963 3206 5017 δὲ
3234 4962 3554 5034 άμαρτῆσαι
3586 4963 3708 5016 ῑδιον

437 5043 594 5098 malis
627 5045 922 5116 contingit;
957 5060 1180 5114 peccare
1231 5058 1410 5104 autem
1471 5049 1840 5118 improborum
1895 5069 1966 5121 pri

2177 5056 2235 5108 ὒν
2269 5056 2490 5126 φαύλων
2529 5055 2764 5127 δρῶμεν·
2802 5055 2896 5108 καὶ
2927 5057 2956 5108 ό
2989 5054 3088 5125 μὲν
3117 5053 3310 5117 νοσῶν,
3359 5051 3475 5124 ἅμα
3517 5052 3596 5122 τῷ
3622 5051 3706 5104 θα·

436 5137 614 5206 prium
640 5151 761 5192 esse
787 5138 1046 5192 videmus.
1075 5139 1294 5208 Insuper
1317 5139 1434 5208 ejus
1465 5143 1555 5210 qtti
1595 5153 1841 5211 aegrotat,
1871 5159 1965 5198 con

2176 5147 2274 5218 'mp
2332 5147 2427 5200 καὶ
2483 5149 2583 5219 τὴν
2631 5148 2785 5200 νόσον
2841 5143 3388 5215 συναποθνήσκουσαν
3418 5143 3552 5213 ἔχει,
3594 5143 3623 5194 ό
3658 5140 3705 5192 δὲ

437 5227 667 5282 moritur
697 5229 750 5283 in
783 5239 956 5284 morte
983 5229 1244 5297 morbus;
1283 5244 1539 5301 peccator
1560 5245 1683 5302 post
1715 5235 1875 5289 l'nnus
1898 5251 1966 5304 qu

2174 5241 2458 5311 μαρτήσας
2512 5239 2609 5294 καὶ
2664 5240 2803 5310 μετά
2851 5238 2913 5291 τὸ
2960 5236 3149 5308 μνῆμα
3181 5236 3408 5308 εὑρήσει
3459 5236 3579 5288 ἐκεῖ
3615 5233 3703 5302 τὴν

436 5333 541 5388 que
587 5330 866 5380 peccatum
905 5336 1060 5376 suum
1111 5322 1162 5376 in
1227 5323 1474 5397 sepulcro
1533 5324 1790 5382 inveniet.
1848 5324 1965 5395 Usql

2175 5332 2430 5404 μαρτίαν·
2465 5332 2627 5404 μέχρι
2661 5347 2724 5400 γε
2761 5330 2854 5385 τοῦ
2889 5331 3172 5402 μνήματος
3202 5329 3419 5406 ζσταται
3463 5327 3501 5398 ή
3536 5326 3699 5388 νόσος,

504 5481 618 5557 (18)
645 5481 931 5557 _S_cr_iptatn_
964 5494 1187 5557 apparet
1239 5485 1379 5557 hanc
1416 5483 1697 5552 epistolam
1738 5499 1778 5557 ag
1803 5484 2018 5557 confes-
2123 5498 2304 5542 utrum
2345 5489 2622 5544 Endoxins
2649 5489 2740 5544 ille
2767 5489 2859 5553 sit,
2888 5487 3247 5543 Germaniciaa
3279 5487 3533 5557 primum.
3559 5483 3700 5538 dein-

433 5564 559 5632 σοι-ο
586 5553 707 5605 fidei
745 5553 1045 5632 serapione
1073 5555 1873 5632 ad.cortl'essoretti_a:qtte_lidei
1911 5555 2019 5609 Eu-
2124 5559 2190 5613 de
2231 5560 2554 5625 Antiochiae,
2584 5560 2818 5632 denique
2859 5559 2965 5614 ΕΡ.
2995 5553 3302 5632 episcopus,
3339 5553 3565 5632 deﬁnire
3603 5566 3697 5608 non

434 5623 676 5700 doxium.
719 5624 808 5691 qui
839 5635 958 5692 post
988 5625 1271 5700 retn‘bene
1296 5634 1496 5700 gestam
1532 5623 1584 5700 ip
1615 5625 2021 5700 tno_rbutn_pas-
2124 5632 2324 5700 ausim,
2359 5623 2655 5700 praesertim
2687 5623 2816 5698 quia
2850 5623 3137 5697 praedictus
3171 5623 3698 5700 Eudoxius‘aliqnan-

433 5691 602 5744 sionis
639 5705 750 5746 suae
792 5691 954 5747 causa
988 5694 1242 5768 incidisse
1261 5691 1499 5768 videtur.
1539 5691 2014 5768 thuidemA'ria-
2124 5699 2211 5752 din
2261 5691 2491 5768 Arianns
2533 5698 2652 5754 fuit.
2689 5691 2794 5754 Sed
2847 5691 3026 5754 tamen
3063 5700 3108 5754 is
3140 5711 3293 5768 mque
3342 5712 3409 5750 ac
3449 5691 3695 5750 Serapion

435 5772 657 5840 norum.
694 5771 756 5814 ut
784 5772 936 5840 puto,
971 5765 1229 5840 adversus
1260 5765 1560 5840 Ecclesiam
1587 5767 2017 5840 perseeutignem
2124 5770 2223 5824 sub
2245 5767 2560 5826 Constantio
2582 5771 2709 5840 imp.
2738 5769 2894 5828 vixit.

438 5827 676 5883 nondum
703 5827 942 5886 sedata’tn
972 5833 1159 5898 fuisse,
1199 5834 1441 5903 epistola:
1473 5827 1600 5892 linis
1625 5834 1818 5891 innuit.
1849 5834 2019 5893 Porro
