3872 6278
224 397 348 455 99.5

1255 406 1313 463 S.
1353 407 1761 468 SERAPIONIS
1801 413 2021 471 EI’IST.
2061 417 2154 470 Al)
2192 414 2502 473 MONACH.
2549 468 2558 474 .

3414 409 3521 470 9’58

229 510 382 583 μετὰ
415 510 474 566 δὲ
510 510 572 565 τὺ
602 515 792 586 μνῆμα
826 516 1081 587 ἐπιϐῆναι
1124 516 1204 588 τῷ
1243 517 1527 591 τεθνηκότι
1568 522 1631 576 οὐ
1671 522 1830 576 δύνα-

1933 525 2002 578 ad
2042 526 2351 596 sepulcrum
2396 527 2649 594 morbus;
2683 523 2911 580 ulterius
2951 521 3099 578 enim
3146 535 3346 578 vexare
3397 537 3514 579 mo-

223 619 351 659 ταν
376 605 411 674 ἠ
445 604 490 657 δ’
525 605 770 676 ἁμαρτία
796 609 911 670 τοῖς
940 607 1040 676 μὲν
1067 607 1232 672 ζῶσιν
1271 610 1579 680 ὲμφωλεύει
1609 613 1704 668 καὶ
1732 615 1826 682 ὲγ-

225 693 493 764 κρύπτει,
525 695 584 746 ὲν
617 693 674 746 δὲ
706 696 822 758 τοῖς
861 694 1146 767 τεθνηκόσι
1183 695 1343 749 πλέον
1373 697 1687 764 ἐξάπτεται,
1734 701 1829 754 καὶ

222 784 338 856 τὴν
364 785 563 856 ἑαυτῆς
588 784 763 854 φλόγα
797 785 1153 848 ἐνδείκνυται,
1186 787 1281 840 καὶ
1312 787 1404 840 τὸν
1432 788 1830 859 ἁμαρτήσαντα

223 877 582 947 τιμωρεῖται,
650 876 840 930 Ταῦτά
906 895 989 931 σοι
1054 879 1418 950 γεγράφηκα,
1485 879 1829 934 ποθεινότατε

225 964 460 1035 ἀδελφὲ,
525 967 612 1021 ἴνα
668 967 744 1039 μὴ
801 969 941 1023 πάνυ
994 969 1232 1043 ἀθυμῇς,
1287 972 1344 1023 ὲν
1398 971 1620 1042 Χριστῷ
1673 989 1832 1025 σεαυ-

197 1049 332 1109 ’τδν
356 1057 648 1130 διατηρῶνο
676 1058 769 1113 τοῦ
800 1059 916 1131 βίου
947 1060 1056 1131 (l9)
1079 1061 1178 1126 τὰς
1206 1061 1498 1133 συγχύσεις
1520 1063 1706 1134 φέρειν
1729 1063 1828 1129 δεῖ,

227 1149 338 1202 καὶ
367 1151 494 1214 τοὺς
524 1150 786 1222 θορύϐους
812 1151 1104 1221 βαστάζειν
1145 1156 1432 1225 προσήκει,
1467 1155 1561 1209 καὶ
1594 1156 1732 1226 πρὸς
1769 1155 1832 1208 τὸ

227 1240 395 1304 τέλος
433 1241 676 1312 βλέπειν,
710 1243 805 1297 καὶ
837 1243 1059 1310 εἰδέναι,
1089 1246 1172 1299 ὅτι
1193 1247 1220 1299 ὁ
1240 1245 1373 1310 Θεὸς
1403 1247 1700 1308 ἐπιστατεῖ,
1737 1247 1833 1301 καὶ

227 1331 420 1401 ὀλίγον
445 1333 686 1398 ἐπανεὶς,
723 1333 884 1388 πάλιν
909 1335 1252 1408 ἡγεμονεύειθ
1288 1337 1383 1390 καὶ
1413 1336 1592 1406 ὀλίγον
1623 1355 1834 1408 συγχω-

235 1423 376 1496 ρῶν,
432 1425 597 1478 πάλιν
659 1429 1003 1499 προΐσταται,
1060 1430 1154 1482 καὶ
1213 1428 1468 1482 οὐδέποτε
1509 1431 1541 1501 ἡ
1604 1430 1833 1503 Ἐκκλη-

233 1513 335 1566 σία
388 1515 880 1586 καταλιμπάνεταυ
939 1517 1063 1570 οὐδὲ
1113 1517 1222 1589 γὰρ
1283 1517 1451 1571 πύλαι
1509 1519 1638 1590 ᾅδου
1703 1537 1835 1573 κατ-

1932 616 2162 671 rientem
2208 620 2412 688 nequit.
2451 618 2740 672 Peccatum
2786 617 3026 670 viventes
3065 615 3322 670 insidiose
3356 615 3521 671 veluti

1932 721 1998 760 ac
2044 705 2278 762 latenter
2325 716 2596 778 occupat;
2642 715 3014 762 verumtamen
3059 704 3114 759 in
3166 706 3521 761 morientibus

1933 797 2106 867 magis
2140 800 2480 866 accenditur,
2511 808 2566 854 et
2598 813 2754 853 suam
2789 797 3060 852 ﬂammam
3091 796 3314 862 exserit,
3341 811 3522 850 reum-

1936 901 2042 956 que
2079 889 2252 958 punit.
2302 889 2427 944 Haec
2462 890 2582 953 tibi,
2611 888 2932 944 charissime
2970 888 3156 950 frater,
3198 886 3412 956 scripsi,
3453 901 3521 939 ne

1933 977 2154 1031 mmrori
2197 980 2542 1045 succumhas,
2599 982 2693 1035 sed
2753 988 2915 1036 temet
2955 979 3007 1034 in
3045 976 3264 1037 Christo
3322 976 3520 1032 conﬁr-

1934 1083 2068 1123 mes.
2106 1068 2243 1124 Vitaa
2274 1070 2434 1138 hujus
2473 1065 2912 1140 perturbationes
2939 1080 3102 1139 atque
3134 1067 3390 1123 tumultus
3411 1068 3520 1122 for-

1934 1159 2062 1213 titer
2108 1161 2216 1230 pati
2258 1172 2490 1232 oportet,
2536 1164 2694 1218 tinem
2743 1163 2858 1230 ejus
2902 1172 3171 1232 spectare,
3215 1167 3270 1215 et
3315 1161 3383 1215 de
3423 1158 3518 1214 Dei

1933 1251 2270 1320 providentia
2317 1253 2578 1323 cogitare,
2615 1253 2706 1323 qui
2746 1253 2958 1307 etiamsi
2990 1267 3281 1322 parumper
3307 1251 3518 1306 videtur

1935 1343 2232 1409 remittere,
2273 1353 2510 1399 attamen
2557 1344 2984 1414 gubernaculum
3019 1358 3140 1397 mox
3175 1341 3423 1406 resumit,
3462 1351 3520 1397 et

1935 1442 2056 1501 post
2078 1431 2292 1487 brevem
2321 1435 2487 1490 veluti
2523 1434 3030 1496 dissimulationem.
3056 1450 3244 1490 rursus
3267 1434 3520 1489 defensor

1935 1525 2109 1590 adest,
2146 1539 2318 1593 neque
2352 1543 2593 1596 unquam
2627 1527 2866 1583 Ecclesia
2906 1528 2975 1582 ab
3005 1540 3071 1581 eo
3101 1525 3404 1589 deseritur;
3440 1531 3521 1577 et-

236 1604 554 1675 ισχύσουσιν
608 1607 798 1677 αὐτῆς.
849 1608 964 1678 Τῆς
1012 1609 1111 1681 σῆς
1151 1605 1245 1664 οὖν
1282 1609 1486 1680 ἀρετῆς
1530 1610 1629 1682 τὴν
1657 1610 1831 1665 διάθε-

1934 1615 2078 1669 enim
2129 1626 2299 1685 portae
2346 1619 2502 1674 inferi
2545 1621 2807 1676 adversus
2843 1634 2962 1676 eam
2996 1633 3099 1674 non
3133 1616 3516 1687 praevalebunt.

234 1714 330 1751 σιν
377 1698 588 1753 δείκνυε
640 1699 720 1772 τῷ
770 1703 1130 1775 παντεπόπτῃ
1187 1702 1327 1774 Θεῷ,
1383 1705 1468 1758 ἵνα
1515 1704 1716 1777 δυνηθῇ
1775 1707 1831 1759 ὲν

1935 1706 2066 1761 Tua:
2091 1707 2253 1777 igitur
2283 1709 2500 1768 virtutis
2530 1715 2767 1785 vigorem
2794 1711 3114 1768 omnituenti
3149 1709 3258 1764 Deo
3297 1709 3520 1764 demon-

233 1788 410 1841 πᾶσιν
442 1788 768 1860 εὐδοκιμεῖνο
800 1792 961 1862 ἡμεῖς
1007 1791 1064 1845 δὲ
1099 1792 1325 1847 καλέσαι
1373 1811 1431 1847 σε
1474 1793 1592 1864 (20)
1634 1795 1735 1848 οὐκ
1767 1793 1831 1849 ἂν

1937 1810 2068 1871 stra,
2094 1817 2153 1861 ut
2176 1809 2412 1878 undique
2441 1807 2686 1877 egregius
2710 1819 2831 1861 esse
2865 1802 3116 1857 videaris.
3139 1801 3248 1856 Nos
3272 1811 3450 1856 tamen
3470 1809 3521 1855 te

235 1878 620 1951 ἑπασχόμεθα,
692 1880 782 1936 ἴνα
851 1882 926 1955 μὴ
993 1883 1234 1956 δόξωμεν
1295 1886 1396 1957 τῆς
1454 1887 1662 1951 πόλεως
1723 1887 1829 1957 ἀφ-

1937 1891 2042 1950 huc
2073 1914 2270 1954 vocare.
2299 1899 2442 1955 haud
2471 1899 2616 1970 passi
2656 1913 2867 1962 sumus,
2899 1910 2966 1951 ne
2990 1909 3053 1950 ex
3081 1895 3215 1951 urbe
3243 1893 3522 1949 abstrahe-

239 1971 426 2042 ιστᾷν.

1938 2001 1996 2041 re
2019 1989 2349 2047 videremur.

629 2063 815 2152 αὐτοῦ.
848 2063 954 2121 Sed
977 2080 1200 2137 prorsus
1229 2067 1310 2124 vel
1341 2067 1457 2138 βίου
1481 2066 1826 2125 scribendum

2006 2079 2121 2152 (20)
2160 2081 2294 2137 Cod.
2328 2080 2640 2135 καλέσεσαι.

236 2140 362 2187 erat
397 2134 477 2188 vel
498 2134 705 2205 κόσμου
719 2179 732 2189 .

417 2421 926 2505 MONITUM
969 2425 1081 2506 IN
1129 2426 1722 2506 EPISTOLAM
1766 2429 1901 2506 AD
1941 2428 2504 2510 MONACHOS
2546 2426 3334 2509 ALEXANDBINOS

1335 2607 1487 2680 (ΜΑΙ,
1530 2607 1782 2679 Spicileg.
1828 2606 2005 2675 Rom.,
2045 2606 2135 2677 Ν,
2175 2625 2230 2680 p.
2272 2609 2412 2679 xu.)

1839 2777 1910 2791 _

320 2893 638 2966 Serapionis
680 2896 917 2968 episcopi
953 2897 1195 2971 Egyptii
1230 2899 1486 2956 ineditam
1522 2902 1806 2973 epistolam
1844 2911 1973 2958 ante
2005 2903 2104 2957 hos
2138 2917 2309 2958 annos
2341 2902 2588 2973 impressi
2617 2903 2670 2957 in
2698 2916 2818 2956 meo
2848 2899 3199 2957 Classicorum
3237 2902 3527 2954 Aacwmm

247 2986 526 3041 volumine
559 2988 766 3057 quinto,
795 3005 955 3046 unam
977 3007 1043 3048 ex
1070 2992 1136 3047 iis
1159 2993 1406 3049 videlicet
1435 3009 1570 3065 quas
1601 3007 1825 3051 sanctus
1856 2997 2211 3068 Hieronymus
2234 2995 2311 3051 De
2335 2997 2434 3052 vir.
2463 2997 2544 3051 ill.
2575 3011 2696 3065 cap.
2728 2997 2818 3061 99,
2855 2996 2923 3050 ah
2947 2995 3036 3050 illo
3062 2994 3290 3065 scriptas
3315 3002 3521 3048 narrat.

245 3077 404 3133 Nunc
429 3093 558 3136 ecce
593 3080 818 3136 alteram
853 3082 1022 3139 multo
1052 3083 1397 3154 prolixiorem
1426 3086 1667 3158 ejusdem
1699 3089 2002 3157 epistolam,
2041 3089 2163 3143 libri
2197 3088 2389 3154 instar,
2416 3087 2483 3142 ad
2519 3087 2815 3142 monachos
2849 3084 3245 3140 Alexandrinos
3265 3083 3524 3154 scriptam

249 3171 422 3226 codex
447 3170 570 3224 Vat.
595 3169 701 3226 459
732 3171 946 3238 obtulit,
976 3173 1190 3245 plenam
1219 3190 1445 3231 summae
1467 3176 1706 3246 pietatis,
1739 3192 1863 3232 cum
1896 3178 2090 3249 insigni
2123 3178 2278 3232 laude
2310 3193 2375 3232 ac
2402 3178 2767 3246 descriptione
2799 3178 3108 3231 monasticae
3140 3175 3518 3246 professionis,

247 3273 306 3319 et
337 3279 460 3320 cum
492 3274 803 3320 sanctorum
829 3266 922 3336 qui
952 3268 1099 3324 circa
1134 3269 1352 3324 Antonii
1380 3270 1766 3339 Athanasiique
1801 3279 2041 3339 tempora
2068 3270 2300 3325 ﬂoruere
2332 3270 2571 3324 virorum
2600 3269 3134 3323 commemoratione.
3174 3267 3433 3337 Equidem
3471 3270 3518 3322 si

251 3367 362 3412 tam
393 3358 591 3412 bonum
633 3366 849 3427 tamque
888 3359 1020 3415 utile
1061 3362 1322 3432 scriptum
1371 3363 1510 3432 apud
1558 3376 1642 3417 me
1681 3363 2039 3427 continerem,
2082 3362 2222 3416 male
2249 3362 2314 3416 de
2340 3360 2544 3416 Gracis
2576 3360 2770 3416 litteris
2800 3371 2853 3415 et
2891 3360 2958 3415 de
2992 3361 3193 3430 pietate
3215 3357 3522 3414 Christiana

245 3464 510 3518 mererer,
556 3466 656 3506 nec
688 3452 976 3519 quisquam
1026 3453 1273 3520 miretur,
1329 3453 1470 3524 quod
1521 3453 1573 3507 in
1622 3453 1776 3507 titulo
1804 3453 2086 3523 episcopus
2134 3463 2341 3507 tantum
2396 3453 2606 3507 dicatur
2648 3452 2736 3507 hic
2785 3451 3072 3522 Serapion,
3118 3450 3322 3506 omisso
3373 3449 3524 3504 urbis

246 3542 522 3599 Thmueos
553 3546 849 3614 vocabulo;
885 3547 988 3601 hoc
1027 3546 1171 3601 enim
1203 3547 1256 3600 in
1291 3545 1564 3601 nonnullis
1591 3561 1802 3614 quoque
1831 3547 2114 3602 codicibus
2141 3548 2324 3617 operis
2352 3545 2668 3617 Serapionis
2696 3557 2877 3600 contra
2905 3544 3232 3601 Manichwos
3261 3543 3522 3600 usuveni-

246 3649 331 3700 re,
363 3633 476 3703 iam
510 3651 610 3691 nos
633 3639 844 3692 monuit
873 3638 926 3693 in
966 3639 1238 3694 adnotatis
1265 3639 1332 3694 ad
1364 3638 1753 3708 Hieronymum
1786 3637 2090 3692 Fabricius.
2114 3637 2324 3708 Reapse
2349 3638 2786 3707 antiquissimum
2823 3653 2942 3694 esse
2973 3639 3116 3694 hunc
3152 3636 3391 3708 epistolae
3421 3651 3522 3690 auo

244 3738 453 3784 ctorem
477 3729 852 3800 Serapionem,
884 3747 989 3788 non
1022 3735 1253 3802 aliquem
1287 3748 1353 3788 ex
1389 3733 1728 3805 homonymis
1755 3732 1914 3804 paulo
1946 3733 2361 3798 recentioribus,
2395 3743 2609 3788 constat
2647 3749 2711 3790 ex
2744 3744 3017 3805 postremo
3047 3734 3306 3804 capitulo,
3351 3732 3439 3788 ubi
3481 3733 3525 3786 is

248 3823 543 3894 alloquitur
564 3826 810 3883 viventes
845 3829 1162 3892 monachos,
1193 3843 1330 3898 quos
1361 3829 1491 3884 dicit
1526 3843 1648 3883 cum
1671 3829 1906 3894 Alnune,
1946 3826 2154 3884 Joanne
2179 3827 2524 3898 Macarioque
2553 3838 2817 3894 versatos,
2842 3829 2932 3898 qui
2972 3829 3164 3898 partim
3201 3837 3325 3880 ante
3351 3826 3522 3893 ipsum

248 3915 501 3987 Magnum
530 3917 827 3974 Antonium
861 3919 968 3974 vita
1000 3929 1377 3976 excesserunt.
1405 3919 1667 3992 Serapion
1704 3920 1874 3976 abbas
1904 3919 2144 3989 loquitur
2173 3920 2312 3989 apud
2335 3918 2658 3976 Cassianum
2693 3919 2978 3975 collatione
3004 3935 3060 3984 Il,
3096 3934 3214 3990 cap.
3248 3918 3339 3982 ll,
3363 3926 3413 3971 et
3447 3923 3518 3969 to-

249 4020 307 4065 ta
331 4011 457 4067 coll.
485 4027 539 4066 v.
570 4010 794 4068 Videtur
816 4021 994 4067 autem
1024 4013 1187 4078 idem,
1216 4013 1309 4083 qui
1331 4013 1617 4070 Arsenoita
1643 4013 1906 4085 Serapion
1930 4012 2242 4086 presbyter,
2267 4024 2324 4069 et
2344 4012 2798 4068 monasteriorum
2820 4013 3109 4068 multorum
3140 4026 3357 4082 parens,
3387 4006 3524 4078 apud

248 4101 550 4159 Palladium
574 4102 717 4159 Hist.
747 4105 909 4158 Laus.
941 4119 1063 4174 cap.
1094 4104 1184 4158 76.

1236 4366 1378 4421 ΤΟΥ
1415 4363 1964 4420 ΜΛΚΔΡΙΩΤΔΤΟΥ
2001 4362 2127 4417 ΚΑΙ
2167 4359 2554 4415 ΟΣΙΩΤΑΤΟΥ

745 4530 1881 4652 ΣΕΡΑΠΙΩΝΟΣ
1963 4525 3036 4643 ΕΠΙΣΚΟΠΟΥ

1028 4754 1598 4846 ΕΠΙΣΤΟΛΗ
1639 4751 1931 4842 ΠΡΟΣ
1969 4749 2748 4892 ΜΟΝΛΖΟΝΤΑΣ.

1381 5065 1772 5123 BEATISSIMI
1814 5065 1905 5122 ET
1943 5062 2382 5120 SANCTISSIMI

889 5153 1981 5364 SERAPIONIS
2089 5239 2920 5355 EPISCOPI

1196 5480 1700 5562 EPISTOLA
1783 5479 1915 5556 AD
1993 5475 2580 5556 MONACHOS.

326 5769 407 5824 A'.
455 5770 776 5841 ’Δγαπητοὶ,
810 5769 1021 5824 ἐπαινῶ
1058 5765 1216 5839 ὒμῶν
1246 5769 1340 5822 τὸν
1382 5767 1567 5832 πόθον,
1599 5768 1693 5822 καὶ
1735 5786 1831 5839 μα-

2020 5763 2062 5818 1.
2104 5761 2311 5828 Laudo,
2363 5756 2689 5820 charissimi,
2727 5764 2959 5811 vestram
3005 5749 3365 5814 devotionem,
3410 5744 3530 5801 feli-

253 5857 466 5932 καρίζω
507 5860 599 5915 τὸν
639 5839 773 5932 βίον,
826 5855 871 5918 ὦ
917 5861 1175 5934 μακάριοι
1214 5860 1332 5933 Θεῷ
1366 5860 1707 5933 μονάζοντες,
1756 5863 1831 5915 ὅτι

1944 5874 2170 5930 cemque
2204 5851 2508 5926 depraedico
2551 5859 2786 5906 vestram
2836 5847 3024 5912 vitam,
3074 5861 3106 5902 o
3137 5843 3280 5900 beati
3324 5841 3380 5900 in
3418 5839 3530 5896 Deo
