  <div class='ocr_page' id='page_1' title='image "/cluster/home/n/w/nwhite01/storage/ocr_20150623/40/hvd.32044073501850/471.png"; bbox 0 0 3872 6278; ppageno 0'>
   <div class='ocr_carea' id='block_1_1' title="bbox 417 373 527 429">
    <p class='ocr_par' dir='ltr' id='par_1_1' title="bbox 417 373 527 429">
     <span class='ocr_line' id='line_1_1' title="bbox 417 373 527 429; baseline -0.036 0"><span class='ocrx_word' id='word_1_1' title='bbox 417 373 527 429; x_wconf 71' lang='lat'><strong>927</strong></span> 
     </span>
    </p>
   </div>
   <div class='ocr_carea' id='block_1_2' title="bbox 1529 375 2581 434">
    <p class='ocr_par' dir='ltr' id='par_1_2' title="bbox 1529 375 2581 434">
     <span class='ocr_line' id='line_1_2' title="bbox 1529 375 2581 434; baseline 0.001 -2"><span class='ocrx_word' id='word_1_2' title='bbox 1529 375 1806 434; x_wconf 76' lang='lat' dir='ltr'><strong>PATRES</strong></span> <span class='ocrx_word' id='word_1_3' title='bbox 1842 377 2142 434; x_wconf 67' lang='lat' dir='ltr'><strong>EGYPTII</strong></span> <span class='ocrx_word' id='word_1_4' title='bbox 2187 376 2455 434; x_wconf 65' lang='lat' dir='ltr'><strong>SECULI</strong></span> <span class='ocrx_word' id='word_1_5' title='bbox 2495 376 2581 433; x_wconf 83' lang='lat' dir='ltr'><strong>IV.</strong></span> 
     </span>
    </p>
   </div>
   <div class='ocr_carea' id='block_1_3' title="bbox 3591 373 3712 430">
    <p class='ocr_par' dir='ltr' id='par_1_3' title="bbox 3591 373 3712 430">
     <span class='ocr_line' id='line_1_3' title="bbox 3591 373 3712 430; baseline -0.017 0"><span class='ocrx_word' id='word_1_6' title='bbox 3591 373 3712 430; x_wconf 67' lang='lat'><strong>928</strong></span> 
     </span>
    </p>
   </div>
   <div class='ocr_carea' id='block_1_4' title="bbox 421 466 2003 545">
    <p class='ocr_par' dir='ltr' id='par_1_4' title="bbox 421 468 2000 540">
     <span class='ocr_line' id='line_1_4' title="bbox 421 468 2000 540; baseline 0.004 -18"><span class='ocrx_word' id='word_1_7' title='bbox 421 468 694 534; x_wconf 84' lang='lat' dir='ltr'><strong>monachi,</strong></span> <span class='ocrx_word' id='word_1_8' title='bbox 730 469 856 540; x_wconf 84' lang='lat' dir='ltr'><strong>quia</strong></span> <span class='ocrx_word' id='word_1_9' title='bbox 881 470 1155 526; x_wconf 85' lang='lat' dir='ltr'><strong>communi</strong></span> <span class='ocrx_word' id='word_1_10' title='bbox 1184 484 1309 526; x_wconf 93' lang='lat' dir='ltr'><strong>cum</strong></span> <span class='ocrx_word' id='word_1_11' title='bbox 1344 472 1555 526; x_wconf 68' lang='lat' dir='ltr'><strong>cmteris</strong></span> <span class='ocrx_word' id='word_1_12' title='bbox 1578 473 1883 527; x_wconf 85' lang='lat' dir='ltr'><strong>hominibus</strong></span> <span class='ocrx_word' id='word_1_13' title='bbox 1907 489 2000 528; x_wconf 84' lang='lat' dir='ltr'><strong>na-</strong></span> 
     </span>
    </p>
   </div>
   <div class='ocr_carea' id='block_1_5' title="bbox 2108 466 3712 545">
    <p class='ocr_par' dir='ltr' id='par_1_5' title="bbox 2108 466 3712 545">
     <span class='ocr_line' id='line_1_5' title="bbox 2108 466 3712 545; baseline -0.004 -18"><span class='ocrx_word' id='word_1_14' title='bbox 2108 473 2290 545; x_wconf 81' lang='grc' dir='ltr'>κοινὴν</span> <span class='ocrx_word' id='word_1_15' title='bbox 2319 473 2536 544; x_wconf 74' lang='grc' dir='ltr'>ἔχοντες</span> <span class='ocrx_word' id='word_1_16' title='bbox 2567 471 2666 544; x_wconf 77' lang='grc' dir='ltr'>τὴν</span> <span class='ocrx_word' id='word_1_17' title='bbox 2703 469 2865 541; x_wconf 76' lang='grc' dir='ltr'>φύσιν</span> <span class='ocrx_word' id='word_1_18' title='bbox 2897 471 3063 526; x_wconf 75' lang='grc' dir='ltr'>πᾶσιν</span> <span class='ocrx_word' id='word_1_19' title='bbox 3106 468 3440 542; x_wconf 83' lang='grc' dir='ltr'>ἀνθρώποις.</span> <span class='ocrx_word' id='word_1_20' title='bbox 3477 466 3540 521; x_wconf 81' lang='grc' dir='ltr'>οὐ</span> <span class='ocrx_word' id='word_1_21' title='bbox 3583 483 3712 521; x_wconf 79' lang='grc' dir='ltr'>κοι-</span> 
     </span>
    </p>
   </div>
   <div class='ocr_carea' id='block_1_6' title="bbox 419 561 2005 631">
    <p class='ocr_par' dir='ltr' id='par_1_6' title="bbox 419 561 2005 631">
     <span class='ocr_line' id='line_1_6' title="bbox 419 561 2005 631; baseline 0.003 -18"><span class='ocrx_word' id='word_1_22' title='bbox 419 572 538 613; x_wconf 85' lang='lat' dir='ltr'><strong>tura</strong></span> <span class='ocrx_word' id='word_1_23' title='bbox 571 561 801 627; x_wconf 66' lang='lat' dir='ltr'><strong>praediti.</strong></span> <span class='ocrx_word' id='word_1_24' title='bbox 835 576 939 614; x_wconf 92' lang='lat' dir='ltr'><strong>non</strong></span> <span class='ocrx_word' id='word_1_25' title='bbox 971 561 1108 615; x_wconf 89' lang='lat' dir='ltr'><strong>idem</strong></span> <span class='ocrx_word' id='word_1_26' title='bbox 1139 563 1468 631; x_wconf 83' lang='lat' dir='ltr'><strong>propositum</strong></span> <span class='ocrx_word' id='word_1_27' title='bbox 1497 562 1725 626; x_wconf 75' lang='lat' dir='ltr'><strong>habetis,</strong></span> <span class='ocrx_word' id='word_1_28' title='bbox 1755 563 1861 617; x_wconf 91' lang='lat' dir='ltr'><strong>imo</strong></span> <span class='ocrx_word' id='word_1_29' title='bbox 1893 578 2005 617; x_wconf 86' lang='lat' dir='ltr'><strong>ma-</strong></span> 
     </span>
    </p>
   </div>
   <div class='ocr_carea' id='block_1_7' title="bbox 421 653 2006 724">
    <p class='ocr_par' dir='ltr' id='par_1_7' title="bbox 421 653 2006 724">
     <span class='ocr_line' id='line_1_7' title="bbox 421 653 2006 724; baseline 0.006 -21"><span class='ocrx_word' id='word_1_30' title='bbox 421 667 583 724; x_wconf 76' lang='lat' dir='ltr'><strong>gnum</strong></span> <span class='ocrx_word' id='word_1_31' title='bbox 640 653 770 722; x_wconf 90' lang='lat' dir='ltr'><strong>quid</strong></span> <span class='ocrx_word' id='word_1_32' title='bbox 813 662 1142 722; x_wconf 77' lang='lat' dir='ltr'><strong>spectantes,</strong></span> <span class='ocrx_word' id='word_1_33' title='bbox 1173 654 1239 708; x_wconf 89' lang='lat' dir='ltr'><strong>ad</strong></span> <span class='ocrx_word' id='word_1_34' title='bbox 1279 655 1530 710; x_wconf 74' lang='lat' dir='ltr'><strong>caelestes</strong></span> <span class='ocrx_word' id='word_1_35' title='bbox 1560 655 1702 724; x_wconf 84' lang='lat' dir='ltr'><strong>ipsas</strong></span> <span class='ocrx_word' id='word_1_36' title='bbox 1738 655 2006 712; x_wconf 77' lang='lat' dir='ltr'><strong>stationes</strong></span> 
     </span>
    </p>
   </div>
   <div class='ocr_carea' id='block_1_8' title="bbox 421 744 2005 810">
    <p class='ocr_par' dir='ltr' id='par_1_8' title="bbox 421 744 2005 810">
     <span class='ocr_line' id='line_1_8' title="bbox 421 744 2005 810; baseline 0 -8"><span class='ocrx_word' id='word_1_37' title='bbox 421 745 618 802; x_wconf 83' lang='lat' dir='ltr'><strong>mentis</strong></span> <span class='ocrx_word' id='word_1_38' title='bbox 671 744 833 800; x_wconf 84' lang='lat' dir='ltr'><strong>veluti</strong></span> <span class='ocrx_word' id='word_1_39' title='bbox 883 745 996 800; x_wconf 84' lang='lat' dir='ltr'><strong>alas</strong></span> <span class='ocrx_word' id='word_1_40' title='bbox 1055 745 1355 810; x_wconf 89' lang='lat' dir='ltr'><strong>iutcnditis,</strong></span> <span class='ocrx_word' id='word_1_41' title='bbox 1408 755 1466 798; x_wconf 89' lang='lat' dir='ltr'><strong>ut</strong></span> <span class='ocrx_word' id='word_1_42' title='bbox 1511 746 1748 800; x_wconf 81' lang='lat' dir='ltr'><strong>indidem</strong></span> <span class='ocrx_word' id='word_1_43' title='bbox 1807 745 2005 802; x_wconf 67' lang='lat' dir='ltr'><strong>divinae</strong></span> 
     </span>
    </p>
   </div>
   <div class='ocr_carea' id='block_1_9' title="bbox 419 836 2002 908">
    <p class='ocr_par' dir='ltr' id='par_1_9' title="bbox 419 836 2002 908">
     <span class='ocr_line' id='line_1_9' title="bbox 419 836 2002 908; baseline 0.001 -17"><span class='ocrx_word' id='word_1_44' title='bbox 419 837 718 907; x_wconf 67' lang='lat' dir='ltr'><strong>disciplina:</strong></span> <span class='ocrx_word' id='word_1_45' title='bbox 749 836 1035 891; x_wconf 83' lang='lat' dir='ltr'><strong>utilitatem</strong></span> <span class='ocrx_word' id='word_1_46' title='bbox 1073 837 1405 904; x_wconf 82' lang='lat' dir='ltr'><strong>haurientes,</strong></span> <span class='ocrx_word' id='word_1_47' title='bbox 1449 838 1668 908; x_wconf 87' lang='lat' dir='ltr'><strong>paribus</strong></span> <span class='ocrx_word' id='word_1_48' title='bbox 1713 854 1834 893; x_wconf 91' lang='lat' dir='ltr'><strong>cum</strong></span> <span class='ocrx_word' id='word_1_49' title='bbox 1873 839 2002 892; x_wconf 80' lang='lat' dir='ltr'><strong>bea-</strong></span> 
     </span>
    </p>
   </div>
   <div class='ocr_carea' id='block_1_10' title="bbox 423 929 1997 999">
    <p class='ocr_par' dir='ltr' id='par_1_10' title="bbox 423 929 1997 999">
     <span class='ocr_line' id='line_1_10' title="bbox 423 929 1997 999; baseline 0 -17"><span class='ocrx_word' id='word_1_50' title='bbox 423 930 490 984; x_wconf 90' lang='lat' dir='ltr'><strong>tis</strong></span> <span class='ocrx_word' id='word_1_51' title='bbox 520 930 725 998; x_wconf 86' lang='lat' dir='ltr'><strong>angclis</strong></span> <span class='ocrx_word' id='word_1_52' title='bbox 759 929 1000 984; x_wconf 82' lang='lat' dir='ltr'><strong>moribus</strong></span> <span class='ocrx_word' id='word_1_53' title='bbox 1043 930 1185 993; x_wconf 80' lang='lat' dir='ltr'><strong>sitis,</strong></span> <span class='ocrx_word' id='word_1_54' title='bbox 1225 945 1453 999; x_wconf 86' lang='lat' dir='ltr'><strong>quorum</strong></span> <span class='ocrx_word' id='word_1_55' title='bbox 1500 945 1594 985; x_wconf 88' lang='lat' dir='ltr'><strong>vos</strong></span> <span class='ocrx_word' id='word_1_56' title='bbox 1640 929 1809 999; x_wconf 78' lang='lat' dir='ltr'><strong>gloria</strong></span> <span class='ocrx_word' id='word_1_57' title='bbox 1851 929 1997 984; x_wconf 81' lang='lat' dir='ltr'><strong>exci-</strong></span> 
     </span>
    </p>
   </div>
   <div class='ocr_carea' id='block_1_11' title="bbox 419 1020 2004 1088">
    <p class='ocr_par' dir='ltr' id='par_1_11' title="bbox 419 1020 2004 1088">
     <span class='ocr_line' id='line_1_11' title="bbox 419 1020 2004 1088; baseline 0.006 -21"><span class='ocrx_word' id='word_1_58' title='bbox 419 1020 550 1088; x_wconf 83' lang='lat' dir='ltr'><strong>piet,</strong></span> <span class='ocrx_word' id='word_1_59' title='bbox 587 1031 640 1074; x_wconf 90' lang='lat' dir='ltr'><strong>et</strong></span> <span class='ocrx_word' id='word_1_60' title='bbox 668 1021 893 1074; x_wconf 82' lang='lat' dir='ltr'><strong>felicitas</strong></span> <span class='ocrx_word' id='word_1_61' title='bbox 921 1031 1218 1088; x_wconf 79' lang='lat' dir='ltr'><strong>exspectat.</strong></span> <span class='ocrx_word' id='word_1_62' title='bbox 1257 1022 1464 1076; x_wconf 83' lang='lat' dir='ltr'><strong>Etenim</strong></span> <span class='ocrx_word' id='word_1_63' title='bbox 1493 1038 1614 1076; x_wconf 89' lang='lat' dir='ltr'><strong>cum</strong></span> <span class='ocrx_word' id='word_1_64' title='bbox 1642 1023 1890 1077; x_wconf 84' lang='lat' dir='ltr'><strong>homines</strong></span> <span class='ocrx_word' id='word_1_65' title='bbox 1930 1023 2004 1076; x_wconf 87' lang='lat' dir='ltr'><strong>si-</strong></span> 
     </span>
    </p>
   </div>
   <div class='ocr_carea' id='block_1_12' title="bbox 421 1112 2000 1184">
    <p class='ocr_par' dir='ltr' id='par_1_12' title="bbox 421 1112 2000 1184">
     <span class='ocr_line' id='line_1_12' title="bbox 421 1112 2000 1184; baseline 0.002 -19"><span class='ocrx_word' id='word_1_66' title='bbox 421 1112 490 1166; x_wconf 87' lang='lat' dir='ltr'><strong>tis</strong></span> <span class='ocrx_word' id='word_1_67' title='bbox 539 1124 703 1180; x_wconf 90' lang='lat' dir='ltr'><strong>atque</strong></span> <span class='ocrx_word' id='word_1_68' title='bbox 743 1128 806 1165; x_wconf 83' lang='lat' dir='ltr'><strong>ex</strong></span> <span class='ocrx_word' id='word_1_69' title='bbox 856 1112 1163 1165; x_wconf 89' lang='lat' dir='ltr'><strong>hominibus</strong></span> <span class='ocrx_word' id='word_1_70' title='bbox 1197 1113 1325 1176; x_wconf 89' lang='lat' dir='ltr'><strong>orti,</strong></span> <span class='ocrx_word' id='word_1_71' title='bbox 1369 1113 1618 1167; x_wconf 81' lang='lat' dir='ltr'><strong>humanis</strong></span> <span class='ocrx_word' id='word_1_72' title='bbox 1663 1129 2000 1184; x_wconf 78' lang='lat' dir='ltr'><strong>nequaquam</strong></span> 
     </span>
    </p>
   </div>
   <div class='ocr_carea' id='block_1_13' title="bbox 420 1201 2000 1272">
    <p class='ocr_par' dir='ltr' id='par_1_13' title="bbox 420 1201 2000 1272">
     <span class='ocr_line' id='line_1_13' title="bbox 420 1201 2000 1272; baseline 0.001 -17"><span class='ocrx_word' id='word_1_73' title='bbox 420 1201 836 1271; x_wconf 76' lang='lat' dir='ltr'><strong>Cogitationibus</strong></span> <span class='ocrx_word' id='word_1_74' title='bbox 873 1201 1234 1267; x_wconf 84' lang='lat' dir='ltr'><strong>abducimini;</strong></span> <span class='ocrx_word' id='word_1_75' title='bbox 1274 1217 1444 1271; x_wconf 82' lang='lat' dir='ltr'><strong>neque</strong></span> <span class='ocrx_word' id='word_1_76' title='bbox 1487 1203 1745 1272; x_wconf 83' lang='lat' dir='ltr'><strong>quidquid</strong></span> <span class='ocrx_word' id='word_1_77' title='bbox 1790 1204 2000 1257; x_wconf 86' lang='lat' dir='ltr'><strong>mortali</strong></span> 
     </span>
    </p>
   </div>
   <div class='ocr_carea' id='block_1_14' title="bbox 418 1293 2000 1364">
    <p class='ocr_par' dir='ltr' id='par_1_14' title="bbox 418 1293 2000 1364">
     <span class='ocr_line' id='line_1_14' title="bbox 418 1293 2000 1364; baseline 0.004 -18"><span class='ocrx_word' id='word_1_78' title='bbox 418 1293 543 1347; x_wconf 70' lang='lat' dir='ltr'><strong>vita:</strong></span> <span class='ocrx_word' id='word_1_79' title='bbox 581 1294 792 1347; x_wconf 87' lang='lat' dir='ltr'><strong>videtur</strong></span> <span class='ocrx_word' id='word_1_80' title='bbox 829 1293 1084 1363; x_wconf 77' lang='lat' dir='ltr'><strong>Optabile,</strong></span> <span class='ocrx_word' id='word_1_81' title='bbox 1130 1305 1366 1348; x_wconf 75' lang='lat' dir='ltr'><strong>vestrum</strong></span> <span class='ocrx_word' id='word_1_82' title='bbox 1399 1309 1524 1364; x_wconf 87' lang='lat' dir='ltr'><strong>erga</strong></span> <span class='ocrx_word' id='word_1_83' title='bbox 1568 1295 1732 1350; x_wconf 88' lang='lat' dir='ltr'><strong>Deum</strong></span> <span class='ocrx_word' id='word_1_84' title='bbox 1765 1296 2000 1352; x_wconf 86' lang='lat' dir='ltr'><strong>studium</strong></span> 
     </span>
    </p>
   </div>
   <div class='ocr_carea' id='block_1_15' title="bbox 420 1381 1998 1456">
    <p class='ocr_par' dir='ltr' id='par_1_15' title="bbox 420 1381 1998 1456">
     <span class='ocr_line' id='line_1_15' title="bbox 420 1381 1998 1456; baseline 0.005 -22"><span class='ocrx_word' id='word_1_85' title='bbox 420 1381 740 1439; x_wconf 83' lang='lat' dir='ltr'><strong>imminuere</strong></span> <span class='ocrx_word' id='word_1_86' title='bbox 801 1384 967 1438; x_wconf 86' lang='lat' dir='ltr'><strong>valuit</strong></span> <span class='ocrx_word' id='word_1_87' title='bbox 1009 1399 1024 1436; x_wconf 89' lang='lat'><strong>:</strong></span> <span class='ocrx_word' id='word_1_88' title='bbox 1063 1385 1260 1454; x_wconf 84' lang='lat' dir='ltr'><strong>quippe</strong></span> <span class='ocrx_word' id='word_1_89' title='bbox 1327 1387 1580 1440; x_wconf 78' lang='lat' dir='ltr'><strong>oninibus</strong></span> <span class='ocrx_word' id='word_1_90' title='bbox 1653 1387 1769 1441; x_wconf 89' lang='lat' dir='ltr'><strong>vale</strong></span> <span class='ocrx_word' id='word_1_91' title='bbox 1834 1388 1998 1456; x_wconf 89' lang='lat' dir='ltr'><strong>dicto,</strong></span> 
     </span>
    </p>
   </div>
   <div class='ocr_carea' id='block_1_16' title="bbox 419 1474 1997 1546">
    <p class='ocr_par' dir='ltr' id='par_1_16' title="bbox 419 1474 1997 1546">
     <span class='ocr_line' id='line_1_16' title="bbox 419 1474 1997 1546; baseline 0.003 -20"><span class='ocrx_word' id='word_1_92' title='bbox 419 1489 585 1530; x_wconf 85' lang='lat' dir='ltr'><strong>unum</strong></span> <span class='ocrx_word' id='word_1_93' title='bbox 634 1474 891 1542; x_wconf 79' lang='lat' dir='ltr'><strong>spectatis</strong></span> <span class='ocrx_word' id='word_1_94' title='bbox 941 1489 1186 1542; x_wconf 88' lang='lat' dir='ltr'><strong>scopum,</strong></span> <span class='ocrx_word' id='word_1_95' title='bbox 1231 1486 1290 1532; x_wconf 86' lang='lat' dir='ltr'><strong>ut</strong></span> <span class='ocrx_word' id='word_1_96' title='bbox 1319 1475 1426 1531; x_wconf 79' lang='lat' dir='ltr'><strong>Deo</strong></span> <span class='ocrx_word' id='word_1_97' title='bbox 1465 1477 1672 1534; x_wconf 84' lang='lat' dir='ltr'><strong>scilicet</strong></span> <span class='ocrx_word' id='word_1_98' title='bbox 1719 1478 1997 1546; x_wconf 80' lang='lat' dir='ltr'><strong>placeatis.</strong></span> 
     </span>
    </p>
   </div>
   <div class='ocr_carea' id='block_1_17' title="bbox 419 1560 2000 1640">
    <p class='ocr_par' dir='ltr' id='par_1_17' title="bbox 419 1560 2000 1640">
     <span class='ocr_line' id='line_1_17' title="bbox 419 1560 2000 1640; baseline 0.005 -24"><span class='ocrx_word' id='word_1_99' title='bbox 419 1560 603 1633; x_wconf 82' lang='lat' dir='ltr'><strong>Itaque</strong></span> <span class='ocrx_word' id='word_1_100' title='bbox 657 1566 784 1618; x_wconf 90' lang='lat' dir='ltr'><strong>b0ni</strong></span> <span class='ocrx_word' id='word_1_101' title='bbox 843 1565 1050 1619; x_wconf 90' lang='lat' dir='ltr'><strong>consilii</strong></span> <span class='ocrx_word' id='word_1_102' title='bbox 1104 1565 1267 1620; x_wconf 87' lang='lat' dir='ltr'><strong>vestri</strong></span> <span class='ocrx_word' id='word_1_103' title='bbox 1315 1578 1598 1637; x_wconf 86' lang='lat' dir='ltr'><strong>susceptus</strong></span> <span class='ocrx_word' id='word_1_104' title='bbox 1645 1568 1798 1624; x_wconf 88' lang='lat' dir='ltr'><strong>labor</strong></span> <span class='ocrx_word' id='word_1_105' title='bbox 1857 1569 2000 1640; x_wconf 84' lang='lat' dir='ltr'><strong>apud</strong></span> 
     </span>
    </p>
   </div>
   <div class='ocr_carea' id='block_1_18' title="bbox 417 1654 2000 1731">
    <p class='ocr_par' dir='ltr' id='par_1_18' title="bbox 417 1654 2000 1731">
     <span class='ocr_line' id='line_1_18' title="bbox 417 1654 2000 1731; baseline 0.005 -23"><span class='ocrx_word' id='word_1_106' title='bbox 417 1669 608 1712; x_wconf 85' lang='lat' dir='ltr'><strong>Omnes</strong></span> <span class='ocrx_word' id='word_1_107' title='bbox 655 1654 1029 1726; x_wconf 86' lang='lat' dir='ltr'><strong>l&#39;amigerntur.</strong></span> <span class='ocrx_word' id='word_1_108' title='bbox 1070 1655 1321 1712; x_wconf 77' lang='lat' dir='ltr'><strong>Proiecto</strong></span> <span class='ocrx_word' id='word_1_109' title='bbox 1361 1674 1463 1714; x_wconf 91' lang='lat' dir='ltr'><strong>nec</strong></span> <span class='ocrx_word' id='word_1_110' title='bbox 1491 1673 1652 1728; x_wconf 91' lang='lat' dir='ltr'><strong>opum</strong></span> <span class='ocrx_word' id='word_1_111' title='bbox 1685 1661 1861 1731; x_wconf 82' lang='lat' dir='ltr'><strong>copia,</strong></span> <span class='ocrx_word' id='word_1_112' title='bbox 1901 1677 2000 1717; x_wconf 83' lang='lat' dir='ltr'><strong>nec</strong></span> 
     </span>
    </p>
   </div>
   <div class='ocr_carea' id='block_1_19' title="bbox 417 1743 1998 1821">
    <p class='ocr_par' dir='ltr' id='par_1_19' title="bbox 417 1743 1998 1821">
     <span class='ocr_line' id='line_1_19' title="bbox 417 1743 1998 1821; baseline 0.006 -25"><span class='ocrx_word' id='word_1_113' title='bbox 417 1743 719 1798; x_wconf 84' lang='lat' dir='ltr'><strong>oblaturum</strong></span> <span class='ocrx_word' id='word_1_114' title='bbox 767 1760 1050 1801; x_wconf 91' lang='lat' dir='ltr'><strong>munerum</strong></span> <span class='ocrx_word' id='word_1_115' title='bbox 1102 1748 1486 1816; x_wconf 87' lang='lat' dir='ltr'><strong>promissiones</strong></span> <span class='ocrx_word' id='word_1_116' title='bbox 1525 1750 1799 1821; x_wconf 81' lang='lat' dir='ltr'><strong>egregiam</strong></span> <span class='ocrx_word' id='word_1_117' title='bbox 1857 1752 1998 1806; x_wconf 85' lang='lat' dir='ltr'><strong>hanc</strong></span> 
     </span>
    </p>
   </div>
   <div class='ocr_carea' id='block_1_20' title="bbox 418 1832 2071 1912">
    <p class='ocr_par' dir='ltr' id='par_1_20' title="bbox 418 1832 2071 1912">
     <span class='ocr_line' id='line_1_20' title="bbox 418 1832 2071 1912; baseline 0.008 -26"><span class='ocrx_word' id='word_1_118' title='bbox 418 1835 575 1890; x_wconf 83' lang='lat' dir='ltr'><strong>vobis</strong></span> <span class='ocrx_word' id='word_1_119' title='bbox 628 1836 967 1891; x_wconf 85' lang='lat' dir='ltr'><strong>devotionem</strong></span> <span class='ocrx_word' id='word_1_120' title='bbox 1014 1838 1393 1904; x_wconf 89' lang='lat' dir='ltr'><strong>conciliarunt,</strong></span> <span class='ocrx_word' id='word_1_121' title='bbox 1443 1841 1535 1895; x_wconf 87' lang='lat' dir='ltr'><strong>sed</strong></span> <span class='ocrx_word' id='word_1_122' title='bbox 1597 1842 1681 1912; x_wconf 89' lang='lat' dir='ltr'><strong>pia</strong></span> <span class='ocrx_word' id='word_1_123' title='bbox 1740 1843 1894 1908; x_wconf 81' lang='lat' dir='ltr'><strong>ildes,</strong></span> <span class='ocrx_word' id='word_1_124' title='bbox 1943 1832 2071 1900; x_wconf 79' lang='lat' dir='ltr'><strong>etB</strong></span> 
     </span>
    </p>
   </div>
   <div class='ocr_carea' id='block_1_21' title="bbox 420 1931 2002 2005">
    <p class='ocr_par' dir='ltr' id='par_1_21' title="bbox 420 1931 2002 2005">
     <span class='ocr_line' id='line_1_21' title="bbox 420 1931 2002 2005; baseline 0.008 -27"><span class='ocrx_word' id='word_1_125' title='bbox 420 1943 574 1982; x_wconf 88' lang='lat' dir='ltr'><strong>mens</strong></span> <span class='ocrx_word' id='word_1_126' title='bbox 611 1943 794 1984; x_wconf 87' lang='lat' dir='ltr'><strong>amore</strong></span> <span class='ocrx_word' id='word_1_127' title='bbox 822 1944 1104 1996; x_wconf 82' lang='lat' dir='ltr'><strong>succensa,</strong></span> <span class='ocrx_word' id='word_1_128' title='bbox 1139 1948 1245 1986; x_wconf 92' lang='lat' dir='ltr'><strong>non</strong></span> <span class='ocrx_word' id='word_1_129' title='bbox 1279 1932 1398 1988; x_wconf 88' lang='lat' dir='ltr'><strong>sine</strong></span> <span class='ocrx_word' id='word_1_130' title='bbox 1428 1931 1521 1988; x_wconf 89' lang='lat' dir='ltr'><strong>Dei</strong></span> <span class='ocrx_word' id='word_1_131' title='bbox 1545 1933 1851 1990; x_wconf 87' lang='lat' dir='ltr'><strong>Servatoris</strong></span> <span class='ocrx_word' id='word_1_132' title='bbox 1879 1951 2002 2005; x_wconf 85' lang='lat' dir='ltr'><strong>gra-</strong></span> 
     </span>
    </p>
   </div>
   <div class='ocr_carea' id='block_1_22' title="bbox 419 2019 2000 2096">
    <p class='ocr_par' dir='ltr' id='par_1_22' title="bbox 419 2019 2000 2096">
     <span class='ocr_line' id='line_1_22' title="bbox 419 2019 2000 2096; baseline 0.004 -23"><span class='ocrx_word' id='word_1_133' title='bbox 419 2019 494 2073; x_wconf 83' lang='lat' dir='ltr'><strong>tia</strong></span> <span class='ocrx_word' id='word_1_134' title='bbox 541 2029 595 2074; x_wconf 91' lang='lat' dir='ltr'><strong>et</strong></span> <span class='ocrx_word' id='word_1_135' title='bbox 641 2021 860 2091; x_wconf 83' lang='lat' dir='ltr'><strong>placito.</strong></span> <span class='ocrx_word' id='word_1_136' title='bbox 914 2022 1176 2093; x_wconf 84' lang='lat' dir='ltr'><strong>Optabilis</strong></span> <span class='ocrx_word' id='word_1_137' title='bbox 1217 2024 1374 2092; x_wconf 86' lang='lat' dir='ltr'><strong>hujus</strong></span> <span class='ocrx_word' id='word_1_138' title='bbox 1411 2023 1694 2094; x_wconf 89' lang='lat' dir='ltr'><strong>sanctique</strong></span> <span class='ocrx_word' id='word_1_139' title='bbox 1741 2026 2000 2096; x_wconf 85' lang='lat' dir='ltr'><strong>propositi</strong></span> 
     </span>
    </p>
   </div>
   <div class='ocr_carea' id='block_1_23' title="bbox 365 2113 2000 2184">
    <p class='ocr_par' dir='ltr' id='par_1_23' title="bbox 365 2113 2000 2184">
     <span class='ocr_line' id='line_1_23' title="bbox 365 2113 2000 2184; baseline 0.006 -23"><span class='ocrx_word' id='word_1_140' title='bbox 365 2149 370 2152; x_wconf 88' lang='lat'><strong>.</strong></span> <span class='ocrx_word' id='word_1_141' title='bbox 420 2120 614 2164; x_wconf 81' lang='lat' dir='ltr'><strong>auctor</strong></span> <span class='ocrx_word' id='word_1_142' title='bbox 656 2113 808 2166; x_wconf 83' lang='lat' dir='ltr'><strong>vobis</strong></span> <span class='ocrx_word' id='word_1_143' title='bbox 849 2123 952 2178; x_wconf 89' lang='lat' dir='ltr'><strong>est,</strong></span> <span class='ocrx_word' id='word_1_144' title='bbox 993 2114 1098 2168; x_wconf 67' lang='lat' dir='ltr'><strong>dus</strong></span> <span class='ocrx_word' id='word_1_145' title='bbox 1136 2123 1188 2168; x_wconf 89' lang='lat' dir='ltr'><strong>et</strong></span> <span class='ocrx_word' id='word_1_146' title='bbox 1225 2114 1495 2184; x_wconf 79' lang='lat' dir='ltr'><strong>perfector</strong></span> <span class='ocrx_word' id='word_1_147' title='bbox 1539 2113 1696 2170; x_wconf 73' lang='lat' dir='ltr'><strong>Iesus</strong></span> <span class='ocrx_word' id='word_1_148' title='bbox 1732 2115 2000 2183; x_wconf 83' lang='lat' dir='ltr'><strong>Christus,</strong></span> 
     </span>
    </p>
   </div>
   <div class='ocr_carea' id='block_1_24' title="bbox 419 2201 2005 2277">
    <p class='ocr_par' dir='ltr' id='par_1_24' title="bbox 419 2201 2005 2277">
     <span class='ocr_line' id='line_1_24' title="bbox 419 2201 2005 2277; baseline 0.006 -24"><span class='ocrx_word' id='word_1_149' title='bbox 419 2201 512 2269; x_wconf 83' lang='lat' dir='ltr'><strong>qui</strong></span> <span class='ocrx_word' id='word_1_150' title='bbox 547 2202 709 2256; x_wconf 88' lang='lat' dir='ltr'><strong>etiam</strong></span> <span class='ocrx_word' id='word_1_151' title='bbox 755 2203 906 2260; x_wconf 82' lang='lat' dir='ltr'><strong>vobis</strong></span> <span class='ocrx_word' id='word_1_152' title='bbox 938 2205 1219 2263; x_wconf 85' lang='lat' dir='ltr'><strong>monachis</strong></span> <span class='ocrx_word' id='word_1_153' title='bbox 1267 2205 1581 2275; x_wconf 83' lang='lat' dir='ltr'><strong>patientiam</strong></span> <span class='ocrx_word' id='word_1_154' title='bbox 1632 2208 2005 2277; x_wconf 84' lang='lat' dir='ltr'><strong>optimumque</strong></span> 
     </span>
    </p>
   </div>
   <div class='ocr_carea' id='block_1_25' title="bbox 421 2293 2004 2366">
    <p class='ocr_par' dir='ltr' id='par_1_25' title="bbox 421 2293 2004 2366">
     <span class='ocr_line' id='line_1_25' title="bbox 421 2293 2004 2366; baseline 0.006 -21"><span class='ocrx_word' id='word_1_155' title='bbox 421 2293 582 2348; x_wconf 79' lang='lat' dir='ltr'><strong>tinem</strong></span> <span class='ocrx_word' id='word_1_156' title='bbox 621 2297 921 2363; x_wconf 68' lang='lat' dir='ltr'><strong>praestabit,</strong></span> <span class='ocrx_word' id='word_1_157' title='bbox 963 2297 1162 2366; x_wconf 85' lang='lat' dir='ltr'><strong>quique</strong></span> <span class='ocrx_word' id='word_1_158' title='bbox 1191 2313 1250 2354; x_wconf 90' lang='lat' dir='ltr'><strong>se</strong></span> <span class='ocrx_word' id='word_1_159' title='bbox 1291 2299 1543 2354; x_wconf 88' lang='lat' dir='ltr'><strong>omnibus</strong></span> <span class='ocrx_word' id='word_1_160' title='bbox 1575 2299 1740 2355; x_wconf 86' lang='lat' dir='ltr'><strong>salvis</strong></span> <span class='ocrx_word' id='word_1_161' title='bbox 1764 2314 1886 2357; x_wconf 62' lang='lat' dir='ltr'><strong>esse</strong></span> <span class='ocrx_word' id='word_1_162' title='bbox 1910 2314 2004 2355; x_wconf 85' lang='lat' dir='ltr'><strong>vo-</strong></span> 
     </span>
    </p>
   </div>
   <div class='ocr_carea' id='block_1_26' title="bbox 419 2383 2004 2460">
    <p class='ocr_par' dir='ltr' id='par_1_26' title="bbox 419 2383 2004 2460">
     <span class='ocr_line' id='line_1_26' title="bbox 419 2383 2004 2460; baseline 0.007 -24"><span class='ocrx_word' id='word_1_163' title='bbox 419 2383 656 2438; x_wconf 88' lang='lat' dir='ltr'><strong>lentibus</strong></span> <span class='ocrx_word' id='word_1_164' title='bbox 695 2399 938 2456; x_wconf 84' lang='lat' dir='ltr'><strong>paratam</strong></span> <span class='ocrx_word' id='word_1_165' title='bbox 985 2389 1232 2443; x_wconf 84' lang='lat' dir='ltr'><strong>semitam</strong></span> <span class='ocrx_word' id='word_1_166' title='bbox 1269 2390 1503 2458; x_wconf 63' lang='lat' dir='ltr'><strong>prebet;</strong></span> <span class='ocrx_word' id='word_1_167' title='bbox 1539 2406 1701 2460; x_wconf 88' lang='lat' dir='ltr'><strong>quam</strong></span> <span class='ocrx_word' id='word_1_168' title='bbox 1739 2405 1862 2446; x_wconf 91' lang='lat' dir='ltr'><strong>cum</strong></span> <span class='ocrx_word' id='word_1_169' title='bbox 1907 2407 2004 2447; x_wconf 89' lang='lat' dir='ltr'><strong>vos</strong></span> 
     </span>
    </p>
   </div>
   <div class='ocr_carea' id='block_1_27' title="bbox 418 2475 2004 2551">
    <p class='ocr_par' dir='ltr' id='par_1_27' title="bbox 418 2475 2004 2551">
     <span class='ocr_line' id='line_1_27' title="bbox 418 2475 2004 2551; baseline 0.007 -23"><span class='ocrx_word' id='word_1_170' title='bbox 418 2477 487 2530; x_wconf 86' lang='lat' dir='ltr'><strong>ab</strong></span> <span class='ocrx_word' id='word_1_171' title='bbox 530 2475 684 2531; x_wconf 90' lang='lat' dir='ltr'><strong>initio</strong></span> <span class='ocrx_word' id='word_1_172' title='bbox 735 2481 1010 2533; x_wconf 85' lang='lat' dir='ltr'><strong>terendam</strong></span> <span class='ocrx_word' id='word_1_173' title='bbox 1062 2481 1434 2551; x_wconf 89' lang='lat' dir='ltr'><strong>susceperitis,</strong></span> <span class='ocrx_word' id='word_1_174' title='bbox 1480 2482 1733 2537; x_wconf 89' lang='lat' dir='ltr'><strong>comitem</strong></span> <span class='ocrx_word' id='word_1_175' title='bbox 1791 2482 2004 2540; x_wconf 86' lang='lat' dir='ltr'><strong>habetis</strong></span> 
     </span>
    </p>
   </div>
   <div class='ocr_carea' id='block_1_28' title="bbox 419 2567 2002 2642">
    <p class='ocr_par' dir='ltr' id='par_1_28' title="bbox 419 2567 2002 2642">
     <span class='ocr_line' id='line_1_28' title="bbox 419 2567 2002 2642; baseline 0.006 -22"><span class='ocrx_word' id='word_1_176' title='bbox 419 2567 700 2622; x_wconf 88' lang='lat' dir='ltr'><strong>Dominum</strong></span> <span class='ocrx_word' id='word_1_177' title='bbox 729 2568 1072 2626; x_wconf 86' lang='lat' dir='ltr'><strong>Servatorem</strong></span> <span class='ocrx_word' id='word_1_178' title='bbox 1099 2572 1190 2642; x_wconf 89' lang='lat' dir='ltr'><strong>qui</strong></span> <span class='ocrx_word' id='word_1_179' title='bbox 1220 2573 1296 2627; x_wconf 88' lang='lat' dir='ltr'><strong>ait</strong></span> <span class='ocrx_word' id='word_1_180' title='bbox 1327 2587 1343 2627; x_wconf 90' lang='lat'><strong>:</strong></span> <span class='ocrx_word' id='word_1_181' title='bbox 1369 2571 1495 2628; x_wconf 81' lang='lat' dir='ltr'><strong>Non</strong></span> <span class='ocrx_word' id='word_1_182' title='bbox 1519 2583 1570 2629; x_wconf 69' lang='lat' dir='ltr'><strong>te</strong></span> <span class='ocrx_word' id='word_1_183' title='bbox 1591 2574 1890 2642; x_wconf 76' lang='lat' dir='ltr'><strong>dimittam,</strong></span> <span class='ocrx_word' id='word_1_184' title='bbox 1916 2591 2002 2630; x_wconf 84' lang='lat' dir='ltr'><strong>ue-</strong></span> 
     </span>
    </p>
   </div>
   <div class='ocr_carea' id='block_1_29' title="bbox 417 2663 884 2731">
    <p class='ocr_par' dir='ltr' id='par_1_29' title="bbox 417 2663 884 2731">
     <span class='ocr_line' id='line_1_29' title="bbox 417 2663 884 2731; baseline 0.011 -17"><span class='ocrx_word' id='word_1_185' title='bbox 417 2677 515 2731; x_wconf 86' lang='lat' dir='ltr'><strong>que</strong></span> <span class='ocrx_word' id='word_1_186' title='bbox 549 2673 597 2716; x_wconf 88' lang='lat' dir='ltr'><strong>te</strong></span> <span class='ocrx_word' id='word_1_187' title='bbox 627 2663 884 2719; x_wconf 76' lang='lat' dir='ltr'><strong>deseram.</strong></span> 
     </span>
    </p>
   </div>
   <div class='ocr_carea' id='block_1_30' title="bbox 489 2753 2003 2827">
    <p class='ocr_par' dir='ltr' id='par_1_30' title="bbox 489 2753 2003 2827">
     <span class='ocr_line' id='line_1_30' title="bbox 489 2753 2003 2827; baseline 0.003 -20"><span class='ocrx_word' id='word_1_188' title='bbox 489 2753 552 2807; x_wconf 93' lang='lat' dir='ltr'><strong>ll.</strong></span> <span class='ocrx_word' id='word_1_189' title='bbox 595 2753 782 2823; x_wconf 81' lang='lat' dir='ltr'><strong>Itaque</strong></span> <span class='ocrx_word' id='word_1_190' title='bbox 810 2755 1066 2823; x_wconf 71' lang='lat' dir='ltr'><strong>praesidio</strong></span> <span class='ocrx_word' id='word_1_191' title='bbox 1099 2755 1216 2826; x_wconf 83' lang='lat' dir='ltr'><strong>ejus</strong></span> <span class='ocrx_word' id='word_1_192' title='bbox 1245 2755 1400 2812; x_wconf 80' lang='lat' dir='ltr'><strong>fretis</strong></span> <span class='ocrx_word' id='word_1_193' title='bbox 1423 2755 1624 2812; x_wconf 87' lang='lat' dir='ltr'><strong>nullum</strong></span> <span class='ocrx_word' id='word_1_194' title='bbox 1653 2758 1804 2814; x_wconf 81' lang='lat' dir='ltr'><strong>vobis</strong></span> <span class='ocrx_word' id='word_1_195' title='bbox 1833 2758 2003 2827; x_wconf 79' lang='lat' dir='ltr'><strong>impe-</strong></span> 
     </span>
    </p>
   </div>
   <div class='ocr_carea' id='block_1_31' title="bbox 421 2844 2002 2921">
    <p class='ocr_par' dir='ltr' id='par_1_31' title="bbox 421 2844 2002 2921">
     <span class='ocr_line' id='line_1_31' title="bbox 421 2844 2002 2921; baseline 0.006 -24"><span class='ocrx_word' id='word_1_196' title='bbox 421 2844 718 2900; x_wconf 85' lang='lat' dir='ltr'><strong>dimentum</strong></span> <span class='ocrx_word' id='word_1_197' title='bbox 747 2848 1040 2917; x_wconf 72' lang='lat' dir='ltr'><strong>pmcidere</strong></span> <span class='ocrx_word' id='word_1_198' title='bbox 1069 2849 1242 2917; x_wconf 91' lang='lat' dir='ltr'><strong>potuit</strong></span> <span class='ocrx_word' id='word_1_199' title='bbox 1269 2848 1491 2904; x_wconf 73' lang='lat' dir='ltr'><strong>cmleste</strong></span> <span class='ocrx_word' id='word_1_200' title='bbox 1515 2851 1871 2921; x_wconf 88' lang='lat' dir='ltr'><strong>propositum,</strong></span> <span class='ocrx_word' id='word_1_201' title='bbox 1895 2866 2002 2906; x_wconf 89' lang='lat' dir='ltr'><strong>non</strong></span> 
     </span>
    </p>
   </div>
   <div class='ocr_carea' id='block_1_32' title="bbox 418 2937 2002 3011">
    <p class='ocr_par' dir='ltr' id='par_1_32' title="bbox 418 2937 2002 3011">
     <span class='ocr_line' id='line_1_32' title="bbox 418 2937 2002 3011; baseline 0.004 -21"><span class='ocrx_word' id='word_1_202' title='bbox 418 2937 725 2992; x_wconf 71' lang='lat' dir='ltr'><strong>divitiarum</strong></span> <span class='ocrx_word' id='word_1_203' title='bbox 764 2939 1052 3010; x_wconf 85' lang='lat' dir='ltr'><strong>cupiditas,</strong></span> <span class='ocrx_word' id='word_1_204' title='bbox 1095 2956 1199 2995; x_wconf 92' lang='lat' dir='ltr'><strong>non</strong></span> <span class='ocrx_word' id='word_1_205' title='bbox 1252 2951 1536 3011; x_wconf 88' lang='lat' dir='ltr'><strong>parentum</strong></span> <span class='ocrx_word' id='word_1_206' title='bbox 1581 2943 1858 3008; x_wconf 84' lang='lat' dir='ltr'><strong>memoria,</strong></span> <span class='ocrx_word' id='word_1_207' title='bbox 1897 2959 2002 2997; x_wconf 91' lang='lat' dir='ltr'><strong>non</strong></span> 
     </span>
    </p>
   </div>
   <div class='ocr_carea' id='block_1_33' title="bbox 419 3029 2006 3101">
    <p class='ocr_par' dir='ltr' id='par_1_33' title="bbox 419 3029 2006 3101">
     <span class='ocr_line' id='line_1_33' title="bbox 419 3029 2006 3101; baseline 0.002 -20"><span class='ocrx_word' id='word_1_208' title='bbox 419 3029 842 3100; x_wconf 90' lang='lat' dir='ltr'><strong>propinquorum</strong></span> <span class='ocrx_word' id='word_1_209' title='bbox 894 3033 1258 3098; x_wconf 73' lang='lat' dir='ltr'><strong>luereditzites,</strong></span> <span class='ocrx_word' id='word_1_210' title='bbox 1301 3047 1405 3088; x_wconf 90' lang='lat' dir='ltr'><strong>non</strong></span> <span class='ocrx_word' id='word_1_211' title='bbox 1439 3032 1670 3088; x_wconf 80' lang='lat' dir='ltr'><strong>fratrum</strong></span> <span class='ocrx_word' id='word_1_212' title='bbox 1720 3048 2006 3101; x_wconf 84' lang='lat' dir='ltr'><strong>germanu-</strong></span> 
     </span>
    </p>
   </div>
   <div class='ocr_carea' id='block_1_34' title="bbox 419 3120 2005 3192">
    <p class='ocr_par' dir='ltr' id='par_1_34' title="bbox 419 3120 2005 3192">
     <span class='ocr_line' id='line_1_34' title="bbox 419 3120 2005 3192; baseline 0.004 -21"><span class='ocrx_word' id='word_1_213' title='bbox 419 3133 538 3172; x_wconf 89' lang='lat' dir='ltr'><strong>rum</strong></span> <span class='ocrx_word' id='word_1_214' title='bbox 573 3120 870 3184; x_wconf 87' lang='lat' dir='ltr'><strong>convictus,</strong></span> <span class='ocrx_word' id='word_1_215' title='bbox 901 3135 1007 3176; x_wconf 90' lang='lat' dir='ltr'><strong>non</strong></span> <span class='ocrx_word' id='word_1_216' title='bbox 1044 3132 1396 3192; x_wconf 82' lang='lat' dir='ltr'><strong>cognatorum</strong></span> <span class='ocrx_word' id='word_1_217' title='bbox 1442 3121 1690 3191; x_wconf 79' lang='lat' dir='ltr'><strong>aﬂ‘ectus,</strong></span> <span class='ocrx_word' id='word_1_218' title='bbox 1718 3140 1823 3180; x_wconf 89' lang='lat' dir='ltr'><strong>non</strong></span> <span class='ocrx_word' id='word_1_219' title='bbox 1875 3124 2005 3179; x_wconf 88' lang='lat' dir='ltr'><strong>deli-</strong></span> 
     </span>
    </p>
   </div>
   <div class='ocr_carea' id='block_1_35' title="bbox 2107 559 3712 637">
    <p class='ocr_par' dir='ltr' id='par_1_35' title="bbox 2107 559 3712 637">
     <span class='ocr_line' id='line_1_35' title="bbox 2107 559 3712 637; baseline -0.005 -19"><span class='ocrx_word' id='word_1_220' title='bbox 2107 564 2205 636; x_wconf 79' lang='grc' dir='ltr'>νὴν</span> <span class='ocrx_word' id='word_1_221' title='bbox 2243 563 2521 637; x_wconf 78' lang='grc' dir='ltr'><strong>πρόθεσιν,</strong></span> <span class='ocrx_word' id='word_1_222' title='bbox 2569 562 2706 617; x_wconf 87' lang='grc' dir='ltr'><strong>ἀλλά</strong></span> <span class='ocrx_word' id='word_1_223' title='bbox 2749 561 2860 635; x_wconf 81' lang='grc' dir='ltr'><strong>γὰρ</strong></span> <span class='ocrx_word' id='word_1_224' title='bbox 2897 562 2991 617; x_wconf 76' lang='grc' dir='ltr'><strong>καὶ</strong></span> <span class='ocrx_word' id='word_1_225' title='bbox 3034 559 3176 633; x_wconf 85' lang='grc' dir='ltr'>μέγα</span> <span class='ocrx_word' id='word_1_226' title='bbox 3213 578 3268 615; x_wconf 85' lang='grc' dir='ltr'><strong>τι</strong></span> <span class='ocrx_word' id='word_1_227' title='bbox 3298 559 3712 632; x_wconf 79' lang='grc' dir='ltr'>φρονήσαντες,</span> 
     </span>
    </p>
   </div>
   <div class='ocr_carea' id='block_1_36' title="bbox 2106 651 3714 730">
    <p class='ocr_par' dir='ltr' id='par_1_36' title="bbox 2106 651 3714 730">
     <span class='ocr_line' id='line_1_36' title="bbox 2106 651 3714 730; baseline -0.004 -20"><span class='ocrx_word' id='word_1_228' title='bbox 2106 655 2245 730; x_wconf 90' lang='grc' dir='ltr'>πρὸς</span> <span class='ocrx_word' id='word_1_229' title='bbox 2287 655 2458 719; x_wconf 76' lang='grc' dir='ltr'>αὐτὰς</span> <span class='ocrx_word' id='word_1_230' title='bbox 2500 654 2785 728; x_wconf 77' lang='grc' dir='ltr'><strong>οὐρανίους</strong></span> <span class='ocrx_word' id='word_1_231' title='bbox 2822 654 2990 727; x_wconf 83' lang='grc' dir='ltr'>μονὰς</span> <span class='ocrx_word' id='word_1_232' title='bbox 3013 653 3105 708; x_wconf 87' lang='grc' dir='ltr'><strong>τὸν</strong></span> <span class='ocrx_word' id='word_1_233' title='bbox 3129 651 3255 708; x_wconf 81' lang='grc' dir='ltr'>νοῦν</span> <span class='ocrx_word' id='word_1_234' title='bbox 3287 651 3501 707; x_wconf 79' lang='grc' dir='ltr'><strong>ἑαυτῶν</strong></span> <span class='ocrx_word' id='word_1_235' title='bbox 3537 653 3714 705; x_wconf 70' lang='grc' dir='ltr'>ἐπτε-</span> 
     </span>
    </p>
   </div>
   <div class='ocr_carea' id='block_1_37' title="bbox 2107 743 3714 822">
    <p class='ocr_par' dir='ltr' id='par_1_37' title="bbox 2107 743 3714 822">
     <span class='ocr_line' id='line_1_37' title="bbox 2107 743 3714 822; baseline -0.003 -21"><span class='ocrx_word' id='word_1_236' title='bbox 2107 747 2342 822; x_wconf 85' lang='grc' dir='ltr'>ρὼσατε,</span> <span class='ocrx_word' id='word_1_237' title='bbox 2389 749 2476 802; x_wconf 81' lang='grc' dir='ltr'>ἵνα</span> <span class='ocrx_word' id='word_1_238' title='bbox 2522 747 2631 802; x_wconf 82' lang='grc' dir='ltr'><strong>τῶν</strong></span> <span class='ocrx_word' id='word_1_239' title='bbox 2677 749 2858 801; x_wconf 75' lang='grc' dir='ltr'>ἐκεῖσε</span> <span class='ocrx_word' id='word_1_240' title='bbox 2903 745 3063 800; x_wconf 80' lang='grc' dir='ltr'><strong>θείων</strong></span> <span class='ocrx_word' id='word_1_241' title='bbox 3095 745 3484 817; x_wconf 74' lang='grc' dir='ltr'><strong>παιδευμάτων</strong></span> <span class='ocrx_word' id='word_1_242' title='bbox 3527 743 3714 798; x_wconf 79' lang='grc' dir='ltr'>πολυ-</span> 
     </span>
    </p>
   </div>
   <div class='ocr_carea' id='block_1_38' title="bbox 2105 834 3714 911">
    <p class='ocr_par' dir='ltr' id='par_1_38' title="bbox 2105 834 3714 911">
     <span class='ocr_line' id='line_1_38' title="bbox 2105 834 3714 911; baseline -0.004 -18"><span class='ocrx_word' id='word_1_243' title='bbox 2105 841 2594 911; x_wconf 83' lang='grc' dir='ltr'>πραγμονήσαντες</span> <span class='ocrx_word' id='word_1_244' title='bbox 2633 836 2732 909; x_wconf 78' lang='grc' dir='ltr'>τὴν</span> <span class='ocrx_word' id='word_1_245' title='bbox 2776 835 3062 905; x_wconf 79' lang='grc' dir='ltr'>ὠφέλειαν,</span> <span class='ocrx_word' id='word_1_246' title='bbox 3105 836 3400 909; x_wconf 84' lang='grc' dir='ltr'>δμότροποι</span> <span class='ocrx_word' id='word_1_247' title='bbox 3442 834 3555 890; x_wconf 85' lang='grc' dir='ltr'><strong>τῶν</strong></span> <span class='ocrx_word' id='word_1_248' title='bbox 3596 851 3714 906; x_wconf 83' lang='grc' dir='ltr'>μα-</span> 
     </span>
    </p>
   </div>
   <div class='ocr_carea' id='block_1_39' title="bbox 2104 922 3709 1004">
    <p class='ocr_par' dir='ltr' id='par_1_39' title="bbox 2104 922 3709 1004">
     <span class='ocr_line' id='line_1_39' title="bbox 2104 922 3709 1004; baseline -0.005 -17"><span class='ocrx_word' id='word_1_249' title='bbox 2104 931 2314 1004; x_wconf 87' lang='grc' dir='ltr'>καρίων</span> <span class='ocrx_word' id='word_1_250' title='bbox 2349 930 2595 1000; x_wconf 81' lang='grc' dir='ltr'>ἀγγέλων</span> <span class='ocrx_word' id='word_1_251' title='bbox 2633 929 2916 1000; x_wconf 78' lang='grc' dir='ltr'><strong>εὑρεθῆτε,</strong></span> <span class='ocrx_word' id='word_1_252' title='bbox 2950 922 3025 983; x_wconf 83' lang='grc' dir='ltr'>ὧν</span> <span class='ocrx_word' id='word_1_253' title='bbox 3050 931 3084 1000; x_wconf 80' lang='grc' dir='ltr'><strong>ή</strong></span> <span class='ocrx_word' id='word_1_254' title='bbox 3115 928 3243 993; x_wconf 74' lang='grc' dir='ltr'>δόξα</span> <span class='ocrx_word' id='word_1_255' title='bbox 3290 928 3436 999; x_wconf 75' lang='grc' dir='ltr'>ὑμᾶς</span> <span class='ocrx_word' id='word_1_256' title='bbox 3467 927 3709 997; x_wconf 78' lang='grc' dir='ltr'>ἐκδέχε-</span> 
     </span>
    </p>
   </div>
   <div class='ocr_carea' id='block_1_40' title="bbox 2102 1018 3711 1092">
    <p class='ocr_par' dir='ltr' id='par_1_40' title="bbox 2102 1018 3711 1092">
     <span class='ocr_line' id='line_1_40' title="bbox 2102 1018 3711 1092; baseline -0.005 -15"><span class='ocrx_word' id='word_1_257' title='bbox 2102 1041 2192 1077; x_wconf 87' lang='grc' dir='ltr'><strong>ται</strong></span> <span class='ocrx_word' id='word_1_258' title='bbox 2226 1023 2319 1077; x_wconf 81' lang='grc' dir='ltr'><strong>καὶ</strong></span> <span class='ocrx_word' id='word_1_259' title='bbox 2346 1021 2685 1092; x_wconf 85' lang='grc' dir='ltr'>μακαριότης</span> <span class='ocrx_word' id='word_1_260' title='bbox 2733 1022 3038 1092; x_wconf 88' lang='grc' dir='ltr'>περιμένει·</span> <span class='ocrx_word' id='word_1_261' title='bbox 3075 1019 3353 1092; x_wconf 74' lang='grc' dir='ltr'>ἄνθρωποι</span> <span class='ocrx_word' id='word_1_262' title='bbox 3395 1019 3509 1090; x_wconf 79' lang='lat'><strong>1&amp;9</strong></span> <span class='ocrx_word' id='word_1_263' title='bbox 3537 1018 3711 1081; x_wconf 75' lang='grc' dir='ltr'>ὄντες</span> 
     </span>
    </p>
   </div>
   <div class='ocr_carea' id='block_1_41' title="bbox 2104 1111 3712 1187">
    <p class='ocr_par' dir='ltr' id='par_1_41' title="bbox 2104 1111 3712 1187">
     <span class='ocr_line' id='line_1_41' title="bbox 2104 1111 3712 1187; baseline -0.002 -19"><span class='ocrx_word' id='word_1_264' title='bbox 2104 1114 2199 1168; x_wconf 74' lang='grc' dir='ltr'>καὶ</span> <span class='ocrx_word' id='word_1_265' title='bbox 2241 1114 2299 1182; x_wconf 80' lang='grc' dir='ltr'>ἐξ</span> <span class='ocrx_word' id='word_1_266' title='bbox 2331 1113 2632 1187; x_wconf 82' lang='grc' dir='ltr'>ἀνθρώπων</span> <span class='ocrx_word' id='word_1_267' title='bbox 2679 1112 3051 1184; x_wconf 82' lang='grc' dir='ltr'><strong>προελθόντες,</strong></span> <span class='ocrx_word' id='word_1_268' title='bbox 3080 1114 3142 1166; x_wconf 86' lang='grc' dir='ltr'><strong>ού</strong></span> <span class='ocrx_word' id='word_1_269' title='bbox 3183 1115 3294 1177; x_wconf 85' lang='grc' dir='ltr'>τοῖς</span> <span class='ocrx_word' id='word_1_270' title='bbox 3322 1111 3712 1183; x_wconf 78' lang='grc' dir='ltr'><strong>ἀνθρωπίνοις</strong></span> 
     </span>
    </p>
   </div>
   <div class='ocr_carea' id='block_1_42' title="bbox 2101 1203 3708 1276">
    <p class='ocr_par' dir='ltr' id='par_1_42' title="bbox 2101 1203 3708 1276">
     <span class='ocr_line' id='line_1_42' title="bbox 2101 1203 3708 1276; baseline -0.002 -16"><span class='ocrx_word' id='word_1_271' title='bbox 2101 1205 2580 1276; x_wconf 84' lang='grc' dir='ltr'>συγκατηνέχθητε</span> <span class='ocrx_word' id='word_1_272' title='bbox 2603 1207 2900 1275; x_wconf 85' lang='grc' dir='ltr'>λογισμοῖς,</span> <span class='ocrx_word' id='word_1_273' title='bbox 2924 1204 3044 1258; x_wconf 77' lang='grc' dir='ltr'><strong>ούδέ</strong></span> <span class='ocrx_word' id='word_1_274' title='bbox 3067 1204 3137 1257; x_wconf 81' lang='grc' dir='ltr'><strong>τά</strong></span> <span class='ocrx_word' id='word_1_275' title='bbox 3160 1203 3419 1258; x_wconf 77' lang='grc' dir='ltr'>δοκοῦντα</span> <span class='ocrx_word' id='word_1_276' title='bbox 3444 1203 3542 1257; x_wconf 80' lang='grc' dir='ltr'><strong>τοῦ</strong></span> <span class='ocrx_word' id='word_1_277' title='bbox 3577 1203 3708 1274; x_wconf 84' lang='grc' dir='ltr'>βίου</span> 
     </span>
    </p>
   </div>
   <div class='ocr_carea' id='block_1_43' title="bbox 2104 1292 3708 1370">
    <p class='ocr_par' dir='ltr' id='par_1_43' title="bbox 2104 1292 3708 1370">
     <span class='ocr_line' id='line_1_43' title="bbox 2104 1292 3708 1370; baseline -0.003 -19"><span class='ocrx_word' id='word_1_278' title='bbox 2104 1297 2334 1352; x_wconf 77' lang='grc' dir='ltr'>ποθεινὰ</span> <span class='ocrx_word' id='word_1_279' title='bbox 2358 1296 2683 1370; x_wconf 82' lang='grc' dir='ltr'>πράγματα,</span> <span class='ocrx_word' id='word_1_280' title='bbox 2709 1294 2804 1350; x_wconf 80' lang='grc' dir='ltr'>τοῦ</span> <span class='ocrx_word' id='word_1_281' title='bbox 2828 1296 2906 1361; x_wconf 82' lang='grc' dir='ltr'><strong>είς</strong></span> <span class='ocrx_word' id='word_1_282' title='bbox 2929 1294 3063 1348; x_wconf 84' lang='grc' dir='ltr'>Θεὸν</span> <span class='ocrx_word' id='word_1_283' title='bbox 3083 1294 3238 1366; x_wconf 81' lang='grc' dir='ltr'>ὑμῶν</span> <span class='ocrx_word' id='word_1_284' title='bbox 3256 1294 3420 1348; x_wconf 85' lang='grc' dir='ltr'>πόθου</span> <span class='ocrx_word' id='word_1_285' title='bbox 3451 1292 3708 1348; x_wconf 81' lang='grc' dir='ltr'>ἐλαττῶ-</span> 
     </span>
    </p>
   </div>
   <div class='ocr_carea' id='block_1_44' title="bbox 2104 1387 3704 1461">
    <p class='ocr_par' dir='ltr' id='par_1_44' title="bbox 2104 1387 3704 1461">
     <span class='ocr_line' id='line_1_44' title="bbox 2104 1387 3704 1461; baseline -0.003 -17"><span class='ocrx_word' id='word_1_286' title='bbox 2104 1407 2194 1444; x_wconf 90' lang='grc' dir='ltr'><strong>σαι</strong></span> <span class='ocrx_word' id='word_1_287' title='bbox 2222 1391 2313 1444; x_wconf 90' lang='grc' dir='ltr'><strong>τὸν</strong></span> <span class='ocrx_word' id='word_1_288' title='bbox 2349 1389 2501 1444; x_wconf 87' lang='grc' dir='ltr'>τόνον</span> <span class='ocrx_word' id='word_1_289' title='bbox 2527 1388 2862 1461; x_wconf 80' lang='grc' dir='ltr'><strong>δεδύνηνται·</strong></span> <span class='ocrx_word' id='word_1_290' title='bbox 2893 1389 3028 1442; x_wconf 77' lang='grc' dir='ltr'>πᾶσι</span> <span class='ocrx_word' id='word_1_291' title='bbox 3059 1387 3116 1442; x_wconf 84' lang='grc' dir='ltr'><strong>δέ</strong></span> <span class='ocrx_word' id='word_1_292' title='bbox 3150 1387 3300 1452; x_wconf 71' lang='grc' dir='ltr'>ἅπαξ</span> <span class='ocrx_word' id='word_1_293' title='bbox 3334 1387 3527 1450; x_wconf 80' lang='grc' dir='ltr'>ἁπλῶς</span> <span class='ocrx_word' id='word_1_294' title='bbox 3552 1387 3704 1441; x_wconf 72' lang='grc' dir='ltr'>ἀπο-</span> 
     </span>
    </p>
   </div>
   <div class='ocr_carea' id='block_1_45' title="bbox 2101 1475 3704 1552">
    <p class='ocr_par' dir='ltr' id='par_1_45' title="bbox 2101 1475 3704 1552">
     <span class='ocr_line' id='line_1_45' title="bbox 2101 1475 3704 1552; baseline -0.001 -17"><span class='ocrx_word' id='word_1_295' title='bbox 2101 1481 2419 1552; x_wconf 78' lang='grc' dir='ltr'>ταξάμενοι,</span> <span class='ocrx_word' id='word_1_296' title='bbox 2459 1481 2555 1535; x_wconf 74' lang='grc' dir='ltr'><strong>ἱνα</strong></span> <span class='ocrx_word' id='word_1_297' title='bbox 2595 1481 2799 1535; x_wconf 88' lang='grc' dir='ltr'>σκοπὸν</span> <span class='ocrx_word' id='word_1_298' title='bbox 2849 1479 3003 1550; x_wconf 74' lang='grc' dir='ltr'>ἔχετε</span> <span class='ocrx_word' id='word_1_299' title='bbox 3063 1479 3125 1532; x_wconf 88' lang='grc' dir='ltr'><strong>τὸ</strong></span> <span class='ocrx_word' id='word_1_300' title='bbox 3156 1479 3354 1550; x_wconf 79' lang='grc' dir='ltr'><strong>ἀρέσαι</strong></span> <span class='ocrx_word' id='word_1_301' title='bbox 3398 1477 3541 1549; x_wconf 82' lang='grc' dir='ltr'>Θεῷ.</span> <span class='ocrx_word' id='word_1_302' title='bbox 3580 1475 3704 1533; x_wconf 76' lang='grc' dir='ltr'><strong>Καὶ</strong></span> 
     </span>
    </p>
   </div>
   <div class='ocr_carea' id='block_1_46' title="bbox 2099 1571 3702 1647">
    <p class='ocr_par' dir='ltr' id='par_1_46' title="bbox 2099 1571 3702 1647">
     <span class='ocr_line' id='line_1_46' title="bbox 2099 1571 3702 1647; baseline -0.002 -18"><span class='ocrx_word' id='word_1_303' title='bbox 2099 1577 2200 1647; x_wconf 87' lang='grc' dir='ltr'><strong>τῆς</strong></span> <span class='ocrx_word' id='word_1_304' title='bbox 2233 1575 2508 1647; x_wconf 78' lang='grc' dir='ltr'><strong>ὑμετέρας</strong></span> <span class='ocrx_word' id='word_1_305' title='bbox 2535 1574 2940 1646; x_wconf 80' lang='grc' dir='ltr'>εὐδοκιμήσεως</span> <span class='ocrx_word' id='word_1_306' title='bbox 2961 1575 2991 1628; x_wconf 99' lang='lat'><strong>6</strong></span> <span class='ocrx_word' id='word_1_307' title='bbox 3020 1571 3171 1641; x_wconf 83' lang='grc' dir='ltr'>ἀγὼν</span> <span class='ocrx_word' id='word_1_308' title='bbox 3205 1573 3340 1626; x_wconf 79' lang='grc' dir='ltr'>πᾶσι</span> <span class='ocrx_word' id='word_1_309' title='bbox 3372 1571 3702 1644; x_wconf 77' lang='grc' dir='ltr'>λελάληται·</span> 
     </span>
    </p>
   </div>
   <div class='ocr_carea' id='block_1_47' title="bbox 2099 1661 3698 1740">
    <p class='ocr_par' dir='ltr' id='par_1_47' title="bbox 2099 1661 3698 1740">
     <span class='ocr_line' id='line_1_47' title="bbox 2099 1661 3698 1740; baseline -0.004 -18"><span class='ocrx_word' id='word_1_310' title='bbox 2099 1669 2160 1722; x_wconf 82' lang='grc' dir='ltr'><strong>ού</strong></span> <span class='ocrx_word' id='word_1_311' title='bbox 2189 1667 2490 1740; x_wconf 79' lang='grc' dir='ltr'>χρημάτων</span> <span class='ocrx_word' id='word_1_312' title='bbox 2519 1667 2663 1738; x_wconf 78' lang='grc' dir='ltr'>ὑμᾶς</span> <span class='ocrx_word' id='word_1_313' title='bbox 2691 1665 2996 1737; x_wconf 87' lang='grc' dir='ltr'>περιουσία,</span> <span class='ocrx_word' id='word_1_314' title='bbox 3023 1663 3145 1718; x_wconf 81' lang='grc' dir='ltr'>οὐδὲ</span> <span class='ocrx_word' id='word_1_315' title='bbox 3178 1662 3560 1736; x_wconf 77' lang='grc' dir='ltr'>προκειμένων</span> <span class='ocrx_word' id='word_1_316' title='bbox 3588 1661 3698 1716; x_wconf 81' lang='grc' dir='ltr'><strong>δώ-</strong></span> 
     </span>
    </p>
   </div>
   <div class='ocr_carea' id='block_1_48' title="bbox 2102 1753 3704 1834">
    <p class='ocr_par' dir='ltr' id='par_1_48' title="bbox 2102 1753 3704 1834">
     <span class='ocr_line' id='line_1_48' title="bbox 2102 1753 3704 1834; baseline -0.006 -19"><span class='ocrx_word' id='word_1_317' title='bbox 2102 1779 2211 1834; x_wconf 90' lang='grc' dir='ltr'>ρων</span> <span class='ocrx_word' id='word_1_318' title='bbox 2240 1760 2567 1830; x_wconf 78' lang='grc' dir='ltr'>ἐπαγγελίαι</span> <span class='ocrx_word' id='word_1_319' title='bbox 2611 1759 2704 1813; x_wconf 88' lang='grc' dir='ltr'><strong>τὸν</strong></span> <span class='ocrx_word' id='word_1_320' title='bbox 2747 1757 2951 1827; x_wconf 89' lang='grc' dir='ltr'>ἀγαθὸν</span> <span class='ocrx_word' id='word_1_321' title='bbox 2978 1757 3108 1828; x_wconf 78' lang='grc' dir='ltr'>ὑμῖν</span> <span class='ocrx_word' id='word_1_322' title='bbox 3137 1754 3327 1810; x_wconf 80' lang='grc' dir='ltr'>τοῦτον</span> <span class='ocrx_word' id='word_1_323' title='bbox 3360 1753 3529 1808; x_wconf 81' lang='grc' dir='ltr'>πόθον</span> <span class='ocrx_word' id='word_1_324' title='bbox 3559 1771 3704 1826; x_wconf 81' lang='grc' dir='ltr'>προ-</span> 
     </span>
    </p>
   </div>
   <div class='ocr_carea' id='block_1_49' title="bbox 2099 1845 3699 1924">
    <p class='ocr_par' dir='ltr' id='par_1_49' title="bbox 2099 1845 3699 1924">
     <span class='ocr_line' id='line_1_49' title="bbox 2099 1845 3699 1924; baseline -0.006 -18"><span class='ocrx_word' id='word_1_325' title='bbox 2099 1852 2383 1924; x_wconf 77' lang='grc' dir='ltr'>εξένησαν,</span> <span class='ocrx_word' id='word_1_326' title='bbox 2416 1851 2554 1906; x_wconf 79' lang='grc' dir='ltr'><strong>ἀλλά</strong></span> <span class='ocrx_word' id='word_1_327' title='bbox 2581 1851 2766 1916; x_wconf 82' lang='grc' dir='ltr'>πίστις</span> <span class='ocrx_word' id='word_1_328' title='bbox 2791 1848 3022 1920; x_wconf 76' lang='grc' dir='ltr'>εὐσεϐὴς</span> <span class='ocrx_word' id='word_1_329' title='bbox 3048 1847 3146 1902; x_wconf 59' lang='grc' dir='ltr'><strong>καὶ⁹</strong></span> <span class='ocrx_word' id='word_1_330' title='bbox 3175 1846 3386 1900; x_wconf 64' lang='grc' dir='ltr'>διάνοια</span> <span class='ocrx_word' id='word_1_331' title='bbox 3411 1845 3699 1918; x_wconf 81' lang='grc' dir='ltr'>ἐρωμένη,</span> 
     </span>
    </p>
   </div>
   <div class='ocr_carea' id='block_1_50' title="bbox 2101 1935 3703 2016">
    <p class='ocr_par' dir='ltr' id='par_1_50' title="bbox 2101 1935 3703 2016">
     <span class='ocr_line' id='line_1_50' title="bbox 2101 1935 3703 2016; baseline -0.004 -18"><span class='ocrx_word' id='word_1_332' title='bbox 2101 1945 2238 1999; x_wconf 87' lang='grc' dir='ltr'>Θεοῦ</span> <span class='ocrx_word' id='word_1_333' title='bbox 2279 1945 2530 2016; x_wconf 79' lang='grc' dir='ltr'>Σωτῆρος</span> <span class='ocrx_word' id='word_1_334' title='bbox 2563 1939 2981 2014; x_wconf 75' lang='grc' dir='ltr'>μεσιτεύσαντος</span> <span class='ocrx_word' id='word_1_335' title='bbox 3019 1940 3115 1994; x_wconf 74' lang='grc' dir='ltr'>καὶ</span> <span class='ocrx_word' id='word_1_336' title='bbox 3151 1939 3566 2009; x_wconf 83' lang='grc' dir='ltr'>εύδοκήσαντος·</span> <span class='ocrx_word' id='word_1_337' title='bbox 3597 1935 3703 2006; x_wconf 76' lang='grc' dir='ltr'><strong>τῆς</strong></span> 
     </span>
    </p>
   </div>
   <div class='ocr_carea' id='block_1_51' title="bbox 2097 2026 3705 2103">
    <p class='ocr_par' dir='ltr' id='par_1_51' title="bbox 2097 2026 3705 2103">
     <span class='ocr_line' id='line_1_51' title="bbox 2097 2026 3705 2103; baseline -0.007 -13"><span class='ocrx_word' id='word_1_338' title='bbox 2097 2034 2465 2096; x_wconf 86' lang='grc' dir='ltr'>ἀποδεκταίας</span> <span class='ocrx_word' id='word_1_339' title='bbox 2490 2031 2694 2103; x_wconf 79' lang='grc' dir='ltr'>ταύτης</span> <span class='ocrx_word' id='word_1_340' title='bbox 2719 2031 2816 2088; x_wconf 75' lang='grc' dir='ltr'>καὶ</span> <span class='ocrx_word' id='word_1_341' title='bbox 2839 2026 3449 2103; x_wconf 21' lang='grc' dir='ltr'>ἀγαθῆςκπροαιρέσειικ</span> <span class='ocrx_word' id='word_1_342' title='bbox 3477 2027 3508 2079; x_wconf 88' lang='lat'><strong>6</strong></span> <span class='ocrx_word' id='word_1_343' title='bbox 3535 2039 3705 2096; x_wconf 80' lang='grc' dir='ltr'>χορηο</span> 
     </span>
    </p>
   </div>
   <div class='ocr_carea' id='block_1_52' title="bbox 2100 2117 3704 2198">
    <p class='ocr_par' dir='ltr' id='par_1_52' title="bbox 2100 2117 3704 2198">
     <span class='ocr_line' id='line_1_52' title="bbox 2100 2117 3704 2198; baseline -0.009 -17"><span class='ocrx_word' id='word_1_344' title='bbox 2100 2128 2197 2198; x_wconf 86' lang='grc' dir='ltr'><strong>γὸς</strong></span> <span class='ocrx_word' id='word_1_345' title='bbox 2218 2127 2508 2196; x_wconf 89' lang='grc' dir='ltr'>γενόμενος</span> <span class='ocrx_word' id='word_1_346' title='bbox 2542 2125 2636 2178; x_wconf 78' lang='grc' dir='ltr'>καὶ</span> <span class='ocrx_word' id='word_1_347' title='bbox 2666 2123 2908 2194; x_wconf 86' lang='grc' dir='ltr'>ἀρχηγὸς</span> <span class='ocrx_word' id='word_1_348' title='bbox 2936 2122 3031 2177; x_wconf 78' lang='grc' dir='ltr'>καὶ</span> <span class='ocrx_word' id='word_1_349' title='bbox 3049 2118 3368 2191; x_wconf 78' lang='grc' dir='ltr'>τελειωτὴς,</span> <span class='ocrx_word' id='word_1_350' title='bbox 3397 2117 3547 2171; x_wconf 71' lang='grc' dir='ltr'>ἐστιν</span> <span class='ocrx_word' id='word_1_351' title='bbox 3592 2117 3704 2186; x_wconf 76' lang='grc' dir='ltr'><strong>ἰη-</strong></span> 
     </span>
    </p>
   </div>
   <div class='ocr_carea' id='block_1_53' title="bbox 2102 2207 3701 2287">
    <p class='ocr_par' dir='ltr' id='par_1_53' title="bbox 2102 2207 3701 2287">
     <span class='ocr_line' id='line_1_53' title="bbox 2102 2207 3701 2287; baseline -0.007 -16"><span class='ocrx_word' id='word_1_352' title='bbox 2102 2217 2230 2281; x_wconf 82' lang='grc' dir='ltr'>σοῦς</span> <span class='ocrx_word' id='word_1_353' title='bbox 2257 2219 2286 2270; x_wconf 89' lang='lat'><strong>6</strong></span> <span class='ocrx_word' id='word_1_354' title='bbox 2313 2216 2572 2287; x_wconf 79' lang='grc' dir='ltr'>Χριστὸς,</span> <span class='ocrx_word' id='word_1_355' title='bbox 2592 2217 2620 2270; x_wconf 98' lang='lat'><strong>6</strong></span> <span class='ocrx_word' id='word_1_356' title='bbox 2645 2216 2740 2269; x_wconf 78' lang='grc' dir='ltr'><strong>καὶ</strong></span> <span class='ocrx_word' id='word_1_357' title='bbox 2762 2215 2892 2286; x_wconf 80' lang='grc' dir='ltr'>ὑμῖν</span> <span class='ocrx_word' id='word_1_358' title='bbox 2915 2215 3030 2276; x_wconf 82' lang='grc' dir='ltr'>τοῖς</span> <span class='ocrx_word' id='word_1_359' title='bbox 3057 2211 3381 2283; x_wconf 75' lang='grc' dir='ltr'>μονάζουσιν</span> <span class='ocrx_word' id='word_1_360' title='bbox 3410 2207 3701 2279; x_wconf 64' lang='grc' dir='ltr'>ὑπομονὴν</span> 
     </span>
    </p>
   </div>
   <div class='ocr_carea' id='block_1_54' title="bbox 2100 2293 3703 2378">
    <p class='ocr_par' dir='ltr' id='par_1_54' title="bbox 2100 2293 3703 2378">
     <span class='ocr_line' id='line_1_54' title="bbox 2100 2293 3703 2378; baseline -0.007 -18"><span class='ocrx_word' id='word_1_361' title='bbox 2100 2309 2196 2361; x_wconf 75' lang='grc' dir='ltr'><strong>καὶ</strong></span> <span class='ocrx_word' id='word_1_362' title='bbox 2228 2306 2463 2378; x_wconf 89' lang='grc' dir='ltr'>χρηστὸν</span> <span class='ocrx_word' id='word_1_363' title='bbox 2485 2305 2637 2368; x_wconf 82' lang='grc' dir='ltr'>τέλος</span> <span class='ocrx_word' id='word_1_364' title='bbox 2662 2304 2861 2369; x_wconf 83' lang='grc' dir='ltr'>διδοὺς,</span> <span class='ocrx_word' id='word_1_365' title='bbox 2891 2303 2985 2356; x_wconf 78' lang='grc' dir='ltr'>καὶ</span> <span class='ocrx_word' id='word_1_366' title='bbox 3011 2302 3145 2354; x_wconf 80' lang='grc' dir='ltr'>πᾶσι</span> <span class='ocrx_word' id='word_1_367' title='bbox 3170 2300 3284 2362; x_wconf 76' lang='grc' dir='ltr'>τοῖς</span> <span class='ocrx_word' id='word_1_368' title='bbox 3311 2297 3558 2352; x_wconf 90' lang='grc' dir='ltr'>ἐθέλουσι</span> <span class='ocrx_word' id='word_1_369' title='bbox 3592 2293 3703 2349; x_wconf 79' lang='grc' dir='ltr'>σώ-</span> 
     </span>
    </p>
   </div>
   <div class='ocr_carea' id='block_1_55' title="bbox 2101 2390 3703 2469">
    <p class='ocr_par' dir='ltr' id='par_1_55' title="bbox 2101 2390 3703 2469">
     <span class='ocr_line' id='line_1_55' title="bbox 2101 2390 3703 2469; baseline -0.007 -17"><span class='ocrx_word' id='word_1_370' title='bbox 2101 2397 2292 2464; x_wconf 80' lang='grc' dir='ltr'>ζεσθαι</span> <span class='ocrx_word' id='word_1_371' title='bbox 2327 2397 2520 2469; x_wconf 77' lang='grc' dir='ltr'>ἑτοίμη</span> <span class='ocrx_word' id='word_1_372' title='bbox 2558 2396 2677 2460; x_wconf 83' lang='grc' dir='ltr'>ὁδὸς</span> <span class='ocrx_word' id='word_1_373' title='bbox 2721 2395 3130 2465; x_wconf 74' lang='grc' dir='ltr'>εὑρισκόμενος·</span> <span class='ocrx_word' id='word_1_374' title='bbox 3169 2391 3361 2462; x_wconf 76' lang='grc' dir='ltr'>ἥντινα</span> <span class='ocrx_word' id='word_1_375' title='bbox 3403 2390 3559 2460; x_wconf 78' lang='grc' dir='ltr'><strong>παρά</strong></span> <span class='ocrx_word' id='word_1_376' title='bbox 3597 2391 3703 2460; x_wconf 78' lang='grc' dir='ltr'>τὴν</span> 
     </span>
    </p>
   </div>
   <div class='ocr_carea' id='block_1_56' title="bbox 2100 2477 3702 2562">
    <p class='ocr_par' dir='ltr' id='par_1_56' title="bbox 2100 2477 3702 2562">
     <span class='ocr_line' id='line_1_56' title="bbox 2100 2477 3702 2562; baseline -0.006 -19"><span class='ocrx_word' id='word_1_377' title='bbox 2100 2489 2274 2562; x_wconf 82' lang='grc' dir='ltr'>ἀρχὴν</span> <span class='ocrx_word' id='word_1_378' title='bbox 2323 2487 2770 2561; x_wconf 81' lang='grc' dir='ltr'>προθυμηθέντες</span> <span class='ocrx_word' id='word_1_379' title='bbox 2811 2485 3050 2549; x_wconf 80' lang='grc' dir='ltr'>ὁδεῦσαι,</span> <span class='ocrx_word' id='word_1_380' title='bbox 3107 2477 3485 2553; x_wconf 84' lang='grc' dir='ltr'>συνοδοιπόρον</span> <span class='ocrx_word' id='word_1_381' title='bbox 3540 2480 3702 2550; x_wconf 74' lang='grc' dir='ltr'>ἔχετε</span> 
     </span>
    </p>
   </div>
   <div class='ocr_carea' id='block_1_57' title="bbox 2099 2571 3699 2652">
    <p class='ocr_par' dir='ltr' id='par_1_57' title="bbox 2099 2571 3699 2652">
     <span class='ocr_line' id='line_1_57' title="bbox 2099 2571 3699 2652; baseline -0.007 -16"><span class='ocrx_word' id='word_1_382' title='bbox 2099 2581 2189 2636; x_wconf 91' lang='grc' dir='ltr'><strong>τὸν</strong></span> <span class='ocrx_word' id='word_1_383' title='bbox 2209 2582 2437 2652; x_wconf 80' lang='grc' dir='ltr'>Σωτῆρα</span> <span class='ocrx_word' id='word_1_384' title='bbox 2460 2580 2664 2652; x_wconf 79' lang='grc' dir='ltr'>Κύριον</span> <span class='ocrx_word' id='word_1_385' title='bbox 2695 2578 2942 2648; x_wconf 80' lang='grc' dir='ltr'>λέγοντα,</span> <span class='ocrx_word' id='word_1_386' title='bbox 2966 2578 3048 2631; x_wconf 86' lang='grc' dir='ltr'><strong>Οὐ</strong></span> <span class='ocrx_word' id='word_1_387' title='bbox 3069 2575 3154 2646; x_wconf 80' lang='grc' dir='ltr'>μή</span> <span class='ocrx_word' id='word_1_388' title='bbox 3177 2589 3252 2629; x_wconf 80' lang='grc' dir='ltr'><strong>σε</strong></span> <span class='ocrx_word' id='word_1_389' title='bbox 3278 2573 3404 2629; x_wconf 79' lang='grc' dir='ltr'>ἀνῶ</span> <span class='ocrx_word' id='word_1_390' title='bbox 3433 2571 3585 2628; x_wconf 79' lang='grc' dir='ltr'>οὐδὲ</span> <span class='ocrx_word' id='word_1_391' title='bbox 3608 2571 3699 2643; x_wconf 76' lang='grc' dir='ltr'><strong><em>μή</em></strong></span> 
     </span>
    </p>
   </div>
   <div class='ocr_carea' id='block_1_58' title="bbox 2100 2673 2637 2743">
    <p class='ocr_par' dir='ltr' id='par_1_58' title="bbox 2100 2673 2637 2743">
     <span class='ocr_line' id='line_1_58' title="bbox 2100 2673 2637 2743; baseline -0.004 -17"><span class='ocrx_word' id='word_1_392' title='bbox 2100 2689 2176 2726; x_wconf 83' lang='grc' dir='ltr'><strong>σε</strong></span> <span class='ocrx_word' id='word_1_393' title='bbox 2203 2673 2637 2743; x_wconf 77' lang='grc' dir='ltr'>ἐγκαταλείπω.</span> 
     </span>
    </p>
   </div>
   <div class='ocr_carea' id='block_1_59' title="bbox 2173 2754 3701 2833">
    <p class='ocr_par' dir='ltr' id='par_1_59' title="bbox 2173 2754 3701 2833">
     <span class='ocr_line' id='line_1_59' title="bbox 2173 2754 3701 2833; baseline -0.006 -18"><span class='ocrx_word' id='word_1_394' title='bbox 2173 2763 2247 2818; x_wconf 89' lang='lat' dir='ltr'><strong>B&#39;.</strong></span> <span class='ocrx_word' id='word_1_395' title='bbox 2279 2762 2380 2816; x_wconf 87' lang='grc' dir='ltr'>Διά</span> <span class='ocrx_word' id='word_1_396' title='bbox 2411 2762 2521 2833; x_wconf 90' lang='lat'><strong>1&amp;9</strong></span> <span class='ocrx_word' id='word_1_397' title='bbox 2558 2762 2740 2826; x_wconf 83' lang='grc' dir='ltr'>αὐτὸν,</span> <span class='ocrx_word' id='word_1_398' title='bbox 2778 2758 3038 2832; x_wconf 86' lang='grc' dir='ltr'>ἐμπόδιον</span> <span class='ocrx_word' id='word_1_399' title='bbox 3087 2755 3239 2811; x_wconf 77' lang='grc' dir='ltr'>οὐδὲν</span> <span class='ocrx_word' id='word_1_400' title='bbox 3287 2755 3391 2827; x_wconf 82' lang='grc' dir='ltr'>τὴν</span> <span class='ocrx_word' id='word_1_401' title='bbox 3439 2754 3701 2825; x_wconf 79' lang='grc' dir='ltr'>οὐράνιον</span> 
     </span>
    </p>
   </div>
   <div class='ocr_carea' id='block_1_60' title="bbox 2101 2846 3699 2925">
    <p class='ocr_par' dir='ltr' id='par_1_60' title="bbox 2101 2846 3699 2925">
     <span class='ocr_line' id='line_1_60' title="bbox 2101 2846 3699 2925; baseline -0.006 -18"><span class='ocrx_word' id='word_1_402' title='bbox 2101 2853 2256 2925; x_wconf 80' lang='grc' dir='ltr'>ὑμῶν</span> <span class='ocrx_word' id='word_1_403' title='bbox 2289 2853 2520 2924; x_wconf 76' lang='grc' dir='ltr'><strong>ἐκκόψαι</strong></span> <span class='ocrx_word' id='word_1_404' title='bbox 2549 2852 2808 2925; x_wconf 88' lang='grc' dir='ltr'>πρόθεσιν</span> <span class='ocrx_word' id='word_1_405' title='bbox 2827 2849 3132 2920; x_wconf 84' lang='grc' dir='ltr'>δεδύνηται,</span> <span class='ocrx_word' id='word_1_406' title='bbox 3165 2848 3228 2901; x_wconf 86' lang='grc' dir='ltr'><strong>ού</strong></span> <span class='ocrx_word' id='word_1_407' title='bbox 3259 2846 3564 2919; x_wconf 82' lang='grc' dir='ltr'>χρημάτων</span> <span class='ocrx_word' id='word_1_408' title='bbox 3597 2846 3699 2898; x_wconf 88' lang='grc' dir='ltr'>πό-</span> 
     </span>
    </p>
   </div>
   <div class='ocr_carea' id='block_1_61' title="bbox 2102 2937 3699 3016">
    <p class='ocr_par' dir='ltr' id='par_1_61' title="bbox 2102 2937 3699 3016">
     <span class='ocr_line' id='line_1_61' title="bbox 2102 2937 3699 3016; baseline -0.007 -16"><span class='ocrx_word' id='word_1_409' title='bbox 2102 2945 2214 3010; x_wconf 86' lang='grc' dir='ltr'>θος,</span> <span class='ocrx_word' id='word_1_410' title='bbox 2244 2946 2305 3000; x_wconf 81' lang='grc' dir='ltr'>οὐ</span> <span class='ocrx_word' id='word_1_411' title='bbox 2336 2946 2522 3016; x_wconf 71' lang='grc' dir='ltr'>μνήμη</span> <span class='ocrx_word' id='word_1_412' title='bbox 2544 2943 2766 3014; x_wconf 80' lang='grc' dir='ltr'>γονέων,</span> <span class='ocrx_word' id='word_1_413' title='bbox 2791 2942 2911 2996; x_wconf 78' lang='grc' dir='ltr'><strong>ούδέ</strong></span> <span class='ocrx_word' id='word_1_414' title='bbox 2931 2941 3065 3015; x_wconf 90' lang='grc' dir='ltr'>πρὸς</span> <span class='ocrx_word' id='word_1_415' title='bbox 3088 2939 3280 3009; x_wconf 79' lang='grc' dir='ltr'>γένους</span> <span class='ocrx_word' id='word_1_416' title='bbox 3311 2937 3699 3009; x_wconf 85' lang='grc' dir='ltr'>κληρονομίαι,</span> 
     </span>
    </p>
   </div>
   <div class='ocr_carea' id='block_1_62' title="bbox 2102 3026 3702 3105">
    <p class='ocr_par' dir='ltr' id='par_1_62' title="bbox 2102 3026 3702 3105">
     <span class='ocr_line' id='line_1_62' title="bbox 2102 3026 3702 3105; baseline -0.005 -15"><span class='ocrx_word' id='word_1_417' title='bbox 2102 3037 2226 3091; x_wconf 80' lang='grc' dir='ltr'>οὑδέ</span> <span class='ocrx_word' id='word_1_418' title='bbox 2266 3035 2512 3105; x_wconf 79' lang='grc' dir='ltr'>ἀδελφῶν</span> <span class='ocrx_word' id='word_1_419' title='bbox 2547 3033 2843 3099; x_wconf 87' lang='grc' dir='ltr'>συνουσίαι,</span> <span class='ocrx_word' id='word_1_420' title='bbox 2895 3032 2960 3086; x_wconf 84' lang='grc' dir='ltr'><strong>ού</strong></span> <span class='ocrx_word' id='word_1_421' title='bbox 3001 3028 3280 3101; x_wconf 83' lang='grc' dir='ltr'>συγγενῶν</span> <span class='ocrx_word' id='word_1_422' title='bbox 3308 3028 3608 3093; x_wconf 86' lang='grc' dir='ltr'>διαθέσεις,</span> <span class='ocrx_word' id='word_1_423' title='bbox 3638 3026 3702 3082; x_wconf 74' lang='grc' dir='ltr'>οὐ</span> 
     </span>
    </p>
   </div>
   <div class='ocr_carea' id='block_1_63' title="bbox 2103 3119 3701 3202">
    <p class='ocr_par' dir='ltr' id='par_1_63' title="bbox 2103 3119 3701 3202">
     <span class='ocr_line' id='line_1_63' title="bbox 2103 3119 3701 3202; baseline -0.008 -18"><span class='ocrx_word' id='word_1_424' title='bbox 2103 3129 2326 3202; x_wconf 79' lang='grc' dir='ltr'>τρυφαὶ,</span> <span class='ocrx_word' id='word_1_425' title='bbox 2367 3129 2461 3182; x_wconf 74' lang='grc' dir='ltr'><strong>καὶ</strong></span> <span class='ocrx_word' id='word_1_426' title='bbox 2493 3127 2714 3198; x_wconf 73' lang='grc' dir='ltr'>λουτρὰ,</span> <span class='ocrx_word' id='word_1_427' title='bbox 2745 3127 2839 3180; x_wconf 74' lang='grc' dir='ltr'><strong>καὶ</strong></span> <span class='ocrx_word' id='word_1_428' title='bbox 2869 3125 3045 3192; x_wconf 89' lang='grc' dir='ltr'>πότοι,</span> <span class='ocrx_word' id='word_1_429' title='bbox 3081 3123 3144 3178; x_wconf 79' lang='grc' dir='ltr'>οὗ</span> <span class='ocrx_word' id='word_1_430' title='bbox 3183 3121 3355 3192; x_wconf 81' lang='grc' dir='ltr'>φίλων</span> <span class='ocrx_word' id='word_1_431' title='bbox 3385 3119 3701 3202; x_wconf 81' lang='grc' dir='ltr'>συντυχίαι,</span> 
     </span>
    </p>
   </div>
   <div class='ocr_carea' id='block_1_64' title="bbox 417 3198 2003 3291">
    <p class='ocr_par' dir='ltr' id='par_1_64' title="bbox 417 3211 2000 3282">
     <span class='ocr_line' id='line_1_64' title="bbox 417 3211 2000 3282; baseline 0.003 -18"><span class='ocrx_word' id='word_1_432' title='bbox 417 3211 531 3277; x_wconf 73' lang='lat' dir='ltr'><strong>ciae,</strong></span> <span class='ocrx_word' id='word_1_433' title='bbox 559 3226 662 3264; x_wconf 89' lang='lat' dir='ltr'><strong>non</strong></span> <span class='ocrx_word' id='word_1_434' title='bbox 697 3212 908 3279; x_wconf 89' lang='lat' dir='ltr'><strong>balnea,</strong></span> <span class='ocrx_word' id='word_1_435' title='bbox 935 3228 1040 3268; x_wconf 93' lang='lat' dir='ltr'><strong>non</strong></span> <span class='ocrx_word' id='word_1_436' title='bbox 1083 3216 1529 3282; x_wconf 86' lang='lat' dir='ltr'><strong>compotationes,</strong></span> <span class='ocrx_word' id='word_1_437' title='bbox 1563 3230 1669 3271; x_wconf 93' lang='lat' dir='ltr'><strong>non</strong></span> <span class='ocrx_word' id='word_1_438' title='bbox 1707 3217 2000 3272; x_wconf 87' lang='lat' dir='ltr'><strong>amicorum</strong></span> 
     </span>
    </p>
   </div>
   <div class='ocr_carea' id='block_1_65' title="bbox 2108 3198 3707 3291">
    <p class='ocr_par' dir='ltr' id='par_1_65' title="bbox 2108 3198 3707 3291">
     <span class='ocr_line' id='line_1_65' title="bbox 2108 3198 3707 3291; baseline -0.008 -16"><span class='ocrx_word' id='word_1_439' title='bbox 2108 3198 2167 3275; x_wconf 74' lang='grc' dir='ltr'><strong>ού</strong></span> <span class='ocrx_word' id='word_1_440' title='bbox 2207 3198 2471 3291; x_wconf 75' lang='grc' dir='ltr'>κοσμικαὶ</span> <span class='ocrx_word' id='word_1_441' title='bbox 2511 3218 2678 3284; x_wconf 76' lang='grc' dir='ltr'>δόξαι,</span> <span class='ocrx_word' id='word_1_442' title='bbox 2723 3216 2859 3271; x_wconf 85' lang='grc' dir='ltr'><strong>ἀλλά</strong></span> <span class='ocrx_word' id='word_1_443' title='bbox 2889 3215 3069 3269; x_wconf 85' lang='grc' dir='ltr'>πάντα</span> <span class='ocrx_word' id='word_1_444' title='bbox 3108 3213 3207 3286; x_wconf 77' lang='grc' dir='ltr'>μὲν</span> <span class='ocrx_word' id='word_1_445' title='bbox 3247 3199 3707 3284; x_wconf 75' lang='grc' dir='ltr'>ὑπερφρονήσανο</span> 
     </span>
    </p>
   </div>
   <div class='ocr_carea' id='block_1_66' title="bbox 415 3303 2009 3374">
    <p class='ocr_par' dir='ltr' id='par_1_66' title="bbox 415 3303 2009 3374">
     <span class='ocr_line' id='line_1_66' title="bbox 415 3303 2009 3374; baseline 0.006 -19"><span class='ocrx_word' id='word_1_446' title='bbox 415 3303 846 3369; x_wconf 85' lang='lat' dir='ltr'><strong>occursationes,</strong></span> <span class='ocrx_word' id='word_1_447' title='bbox 903 3321 1008 3359; x_wconf 89' lang='lat' dir='ltr'><strong>nou</strong></span> <span class='ocrx_word' id='word_1_448' title='bbox 1052 3305 1309 3360; x_wconf 89' lang='lat' dir='ltr'><strong>mundani</strong></span> <span class='ocrx_word' id='word_1_449' title='bbox 1347 3306 1624 3374; x_wconf 86' lang='lat' dir='ltr'><strong>honores;</strong></span> <span class='ocrx_word' id='word_1_450' title='bbox 1670 3323 1857 3362; x_wconf 89' lang='lat' dir='ltr'><strong>verum</strong></span> <span class='ocrx_word' id='word_1_451' title='bbox 1896 3309 2009 3364; x_wconf 59' lang='lat' dir='ltr'><strong>haec</strong></span> 
     </span>
    </p>
   </div>
   <div class='ocr_carea' id='block_1_67' title="bbox 415 3392 2006 3467">
    <p class='ocr_par' dir='ltr' id='par_1_67' title="bbox 415 3392 2006 3467">
     <span class='ocr_line' id='line_1_67' title="bbox 415 3392 2006 3467; baseline 0.006 -23"><span class='ocrx_word' id='word_1_452' title='bbox 415 3392 596 3445; x_wconf 87' lang='lat' dir='ltr'><strong>omnia</strong></span> <span class='ocrx_word' id='word_1_453' title='bbox 643 3403 1068 3460; x_wconf 90' lang='lat' dir='ltr'><strong>contemnentes,</strong></span> <span class='ocrx_word' id='word_1_454' title='bbox 1117 3395 1248 3467; x_wconf 85' lang='lat' dir='ltr'><strong>ipsis</strong></span> <span class='ocrx_word' id='word_1_455' title='bbox 1302 3396 1516 3452; x_wconf 88' lang='lat' dir='ltr'><strong>actibus</strong></span> <span class='ocrx_word' id='word_1_456' title='bbox 1575 3397 1824 3453; x_wconf 88' lang='lat' dir='ltr'><strong>clamatis</strong></span> <span class='ocrx_word' id='word_1_457' title='bbox 1865 3400 2006 3467; x_wconf 88' lang='lat' dir='ltr'><strong>quod</strong></span> 
     </span>
    </p>
   </div>
   <div class='ocr_carea' id='block_1_68' title="bbox 416 3483 2007 3554">
    <p class='ocr_par' dir='ltr' id='par_1_68' title="bbox 416 3483 2007 3554">
     <span class='ocr_line' id='line_1_68' title="bbox 416 3483 2007 3554; baseline 0.004 -18"><span class='ocrx_word' id='word_1_458' title='bbox 416 3484 704 3551; x_wconf 79' lang='lat' dir='ltr'><strong>Apostolus</strong></span> <span class='ocrx_word' id='word_1_459' title='bbox 729 3483 858 3538; x_wconf 79' lang='lat' dir='ltr'><strong>dixit</strong></span> <span class='ocrx_word' id='word_1_460' title='bbox 885 3499 896 3536; x_wconf 93' lang='lat'>:</span> <span class='ocrx_word' id='word_1_461' title='bbox 926 3483 1115 3539; x_wconf 84' lang='lat' dir='ltr'><strong>Omnia</strong></span> <span class='ocrx_word' id='word_1_462' title='bbox 1141 3488 1372 3541; x_wconf 81' lang='lat' dir='ltr'><strong>arbitror</strong></span> <span class='ocrx_word' id='word_1_463' title='bbox 1391 3498 1640 3554; x_wconf 84' lang='lat' dir='ltr'><strong>stercora,</strong></span> <span class='ocrx_word' id='word_1_464' title='bbox 1664 3499 1716 3541; x_wconf 90' lang='lat' dir='ltr'><strong>ut</strong></span> <span class='ocrx_word' id='word_1_465' title='bbox 1742 3487 2007 3543; x_wconf 79' lang='lat' dir='ltr'><strong>Christum</strong></span> 
     </span>
    </p>
   </div>
   <div class='ocr_carea' id='block_1_69' title="bbox 417 3575 2011 3649">
    <p class='ocr_par' dir='ltr' id='par_1_69' title="bbox 417 3575 2011 3649">
     <span class='ocr_line' id='line_1_69' title="bbox 417 3575 2011 3649; baseline 0.004 -21"><span class='ocrx_word' id='word_1_466' title='bbox 417 3575 750 3646; x_wconf 72' lang='lat' dir='ltr'><strong>lucrifaciam</strong></span> <span class='ocrx_word' id='word_1_467' title='bbox 781 3577 848 3631; x_wconf 84' lang='grc'><strong>³¹.</strong></span> <span class='ocrx_word' id='word_1_468' title='bbox 880 3575 1086 3633; x_wconf 84' lang='lat' dir='ltr'><strong>Idcirco</strong></span> <span class='ocrx_word' id='word_1_469' title='bbox 1119 3589 1174 3634; x_wconf 90' lang='lat' dir='ltr'><strong>et</strong></span> <span class='ocrx_word' id='word_1_470' title='bbox 1205 3582 1476 3636; x_wconf 86' lang='lat' dir='ltr'><strong>desertum</strong></span> <span class='ocrx_word' id='word_1_471' title='bbox 1509 3581 1763 3644; x_wconf 89' lang='lat' dir='ltr'><strong>incolitis,</strong></span> <span class='ocrx_word' id='word_1_472' title='bbox 1791 3592 1844 3635; x_wconf 84' lang='lat' dir='ltr'><strong>et</strong></span> <span class='ocrx_word' id='word_1_473' title='bbox 1873 3581 2011 3649; x_wconf 88' lang='lat' dir='ltr'><strong>jeju-</strong></span> 
     </span>
    </p>
   </div>
   <div class='ocr_carea' id='block_1_70' title="bbox 421 3668 2009 3742">
    <p class='ocr_par' dir='ltr' id='par_1_70' title="bbox 421 3668 2009 3742">
     <span class='ocr_line' id='line_1_70' title="bbox 421 3668 2009 3742; baseline 0.004 -22"><span class='ocrx_word' id='word_1_474' title='bbox 421 3668 562 3729; x_wconf 87' lang='lat' dir='ltr'><strong>mis,</strong></span> <span class='ocrx_word' id='word_1_475' title='bbox 627 3669 792 3722; x_wconf 88' lang='lat' dir='ltr'><strong>castis</strong></span> <span class='ocrx_word' id='word_1_476' title='bbox 852 3670 1368 3736; x_wconf 75' lang='lat' dir='ltr'><strong>exercitationibus,</strong></span> <span class='ocrx_word' id='word_1_477' title='bbox 1430 3673 1688 3742; x_wconf 91' lang='lat' dir='ltr'><strong>purisque</strong></span> <span class='ocrx_word' id='word_1_478' title='bbox 1757 3674 2009 3742; x_wconf 88' lang='lat' dir='ltr'><strong>precibus</strong></span> 
     </span>
    </p>
   </div>
   <div class='ocr_carea' id='block_1_71' title="bbox 422 3757 2010 3831">
    <p class='ocr_par' dir='ltr' id='par_1_71' title="bbox 422 3757 2010 3831">
     <span class='ocr_line' id='line_1_71' title="bbox 422 3757 2010 3831; baseline 0.003 -19"><span class='ocrx_word' id='word_1_479' title='bbox 422 3757 590 3813; x_wconf 78' lang='lat' dir='ltr'><strong>Deum</strong></span> <span class='ocrx_word' id='word_1_480' title='bbox 634 3761 883 3829; x_wconf 85' lang='lat' dir='ltr'><strong>placatis.</strong></span> <span class='ocrx_word' id='word_1_481' title='bbox 915 3761 1102 3816; x_wconf 82' lang='lat' dir='ltr'><strong>Nullus</strong></span> <span class='ocrx_word' id='word_1_482' title='bbox 1128 3763 1349 3818; x_wconf 89' lang='lat' dir='ltr'><strong>omnino</strong></span> <span class='ocrx_word' id='word_1_483' title='bbox 1375 3763 1484 3831; x_wconf 88' lang='lat' dir='ltr'><strong>jam</strong></span> <span class='ocrx_word' id='word_1_484' title='bbox 1521 3780 1550 3818; x_wconf 89' lang='lat' dir='ltr'><strong>a</strong></span> <span class='ocrx_word' id='word_1_485' title='bbox 1580 3765 1730 3819; x_wconf 88' lang='lat' dir='ltr'><strong>vobis</strong></span> <span class='ocrx_word' id='word_1_486' title='bbox 1770 3779 1860 3818; x_wconf 81' lang='lat' dir='ltr'><strong>rex</strong></span> <span class='ocrx_word' id='word_1_487' title='bbox 1903 3776 2010 3818; x_wconf 86' lang='lat' dir='ltr'><strong>ter-</strong></span> 
     </span>
    </p>
   </div>
   <div class='ocr_carea' id='block_1_72' title="bbox 430 3850 2008 3923">
    <p class='ocr_par' dir='ltr' id='par_1_72' title="bbox 430 3850 2008 3923">
     <span class='ocr_line' id='line_1_72' title="bbox 430 3850 2008 3923; baseline 0.002 -21"><span class='ocrx_word' id='word_1_488' title='bbox 430 3863 592 3903; x_wconf 90' lang='lat' dir='ltr'><strong>renus</strong></span> <span class='ocrx_word' id='word_1_489' title='bbox 624 3850 865 3914; x_wconf 91' lang='lat' dir='ltr'><strong>timetur,</strong></span> <span class='ocrx_word' id='word_1_490' title='bbox 901 3853 982 3906; x_wconf 87' lang='lat' dir='ltr'><strong>vel</strong></span> <span class='ocrx_word' id='word_1_491' title='bbox 1015 3853 1290 3923; x_wconf 90' lang='lat' dir='ltr'><strong>princeps,</strong></span> <span class='ocrx_word' id='word_1_492' title='bbox 1323 3853 1403 3906; x_wconf 91' lang='lat' dir='ltr'><strong>vel</strong></span> <span class='ocrx_word' id='word_1_493' title='bbox 1427 3853 1613 3921; x_wconf 77' lang='lat' dir='ltr'><strong>judex,</strong></span> <span class='ocrx_word' id='word_1_494' title='bbox 1651 3863 1744 3906; x_wconf 91' lang='lat' dir='ltr'><strong>aut</strong></span> <span class='ocrx_word' id='word_1_495' title='bbox 1789 3867 2008 3922; x_wconf 69' lang='lat' dir='ltr'><strong>praeses,</strong></span> 
     </span>
    </p>
   </div>
   <div class='ocr_carea' id='block_1_73' title="bbox 420 3941 2010 4012">
    <p class='ocr_par' dir='ltr' id='par_1_73' title="bbox 420 3941 2010 4012">
     <span class='ocr_line' id='line_1_73' title="bbox 420 3941 2010 4012; baseline 0.001 -18"><span class='ocrx_word' id='word_1_496' title='bbox 420 3941 504 3994; x_wconf 89' lang='lat' dir='ltr'><strong>vel</strong></span> <span class='ocrx_word' id='word_1_497' title='bbox 532 3941 781 4008; x_wconf 67' lang='lat' dir='ltr'><strong>quaelibet</strong></span> <span class='ocrx_word' id='word_1_498' title='bbox 803 3943 905 3995; x_wconf 86' lang='lat' dir='ltr'><strong>alia</strong></span> <span class='ocrx_word' id='word_1_499' title='bbox 936 3954 1203 4012; x_wconf 80' lang='lat' dir='ltr'><strong>potestas:</strong></span> <span class='ocrx_word' id='word_1_500' title='bbox 1225 3941 1384 3998; x_wconf 77' lang='lat' dir='ltr'><strong>Iusto</strong></span> <span class='ocrx_word' id='word_1_501' title='bbox 1411 3945 1554 3998; x_wconf 88' lang='lat' dir='ltr'><strong>enim</strong></span> <span class='ocrx_word' id='word_1_502' title='bbox 1595 3960 1696 3997; x_wconf 81' lang='lat' dir='ltr'><strong>non</strong></span> <span class='ocrx_word' id='word_1_503' title='bbox 1726 3955 1799 3997; x_wconf 84' lang='lat' dir='ltr'><strong>est</strong></span> <span class='ocrx_word' id='word_1_504' title='bbox 1839 3945 2010 4012; x_wconf 84' lang='lat' dir='ltr'><strong>posita</strong></span> 
     </span>
    </p>
   </div>
   <div class='ocr_carea' id='block_1_74' title="bbox 421 4033 2008 4105">
    <p class='ocr_par' dir='ltr' id='par_1_74' title="bbox 421 4033 2008 4105">
     <span class='ocr_line' id='line_1_74' title="bbox 421 4033 2008 4105; baseline 0.002 -19"><span class='ocrx_word' id='word_1_505' title='bbox 421 4033 526 4096; x_wconf 75' lang='lat' dir='ltr'><strong>lex,</strong></span> <span class='ocrx_word' id='word_1_506' title='bbox 555 4036 645 4087; x_wconf 87' lang='lat' dir='ltr'><strong>sed</strong></span> <span class='ocrx_word' id='word_1_507' title='bbox 677 4036 889 4104; x_wconf 86' lang='lat' dir='ltr'><strong>injustis</strong></span> <span class='ocrx_word' id='word_1_508' title='bbox 919 4046 966 4088; x_wconf 86' lang='lat' dir='ltr'><strong>et</strong></span> <span class='ocrx_word' id='word_1_509' title='bbox 1003 4036 1416 4103; x_wconf 82' lang='lat' dir='ltr'><strong>calcitraatibus,</strong></span> <span class='ocrx_word' id='word_1_510' title='bbox 1449 4037 1757 4105; x_wconf 73' lang='lat' dir='ltr'><strong>irreligiosi:</strong></span> <span class='ocrx_word' id='word_1_511' title='bbox 1799 4046 1850 4090; x_wconf 79' lang='lat' dir='ltr'><strong>et</strong></span> <span class='ocrx_word' id='word_1_512' title='bbox 1888 4053 2008 4105; x_wconf 84' lang='lat' dir='ltr'><strong>pec-</strong></span> 
     </span>
    </p>
   </div>
   <div class='ocr_carea' id='block_1_75' title="bbox 419 4128 2012 4197">
    <p class='ocr_par' dir='ltr' id='par_1_75' title="bbox 419 4128 2012 4197">
     <span class='ocr_line' id='line_1_75' title="bbox 419 4128 2012 4197; baseline 0 -17"><span class='ocrx_word' id='word_1_513' title='bbox 419 4128 707 4192; x_wconf 84' lang='lat' dir='ltr'><strong>catoribus,</strong></span> <span class='ocrx_word' id='word_1_514' title='bbox 749 4129 1054 4195; x_wconf 81' lang='lat' dir='ltr'><strong>parricidis,</strong></span> <span class='ocrx_word' id='word_1_515' title='bbox 1089 4129 1384 4192; x_wconf 75' lang='lat' dir='ltr'><strong>homicidia,</strong></span> <span class='ocrx_word' id='word_1_516' title='bbox 1428 4128 1857 4197; x_wconf 78' lang='lat' dir='ltr'><strong>fomicaloribus,</strong></span> <span class='ocrx_word' id='word_1_517' title='bbox 1898 4145 2012 4180; x_wconf 86' lang='lat' dir='ltr'><strong>ma-</strong></span> 
     </span>
    </p>
   </div>
   <div class='ocr_carea' id='block_1_76' title="bbox 418 4219 2008 4292">
    <p class='ocr_par' dir='ltr' id='par_1_76' title="bbox 418 4219 2008 4292">
     <span class='ocr_line' id='line_1_76' title="bbox 418 4219 2008 4292; baseline 0.001 -19"><span class='ocrx_word' id='word_1_518' title='bbox 418 4219 682 4274; x_wconf 82' lang='lat' dir='ltr'><strong>sculorum</strong></span> <span class='ocrx_word' id='word_1_519' title='bbox 710 4222 1149 4286; x_wconf 84' lang='lat' dir='ltr'><strong>concubitoribus,</strong></span> <span class='ocrx_word' id='word_1_520' title='bbox 1167 4222 1413 4290; x_wconf 83' lang='lat' dir='ltr'><strong>perjuris,</strong></span> <span class='ocrx_word' id='word_1_521' title='bbox 1443 4233 1490 4277; x_wconf 81' lang='lat' dir='ltr'><strong>et</strong></span> <span class='ocrx_word' id='word_1_522' title='bbox 1520 4223 1565 4276; x_wconf 87' lang='lat' dir='ltr'><strong>si</strong></span> <span class='ocrx_word' id='word_1_523' title='bbox 1587 4223 1714 4292; x_wconf 84' lang='lat' dir='ltr'><strong>quid</strong></span> <span class='ocrx_word' id='word_1_524' title='bbox 1745 4222 1893 4275; x_wconf 78' lang='lat' dir='ltr'><strong>aliud</strong></span> <span class='ocrx_word' id='word_1_525' title='bbox 1918 4240 2008 4275; x_wconf 88' lang='lat' dir='ltr'><strong>sa-</strong></span> 
     </span>
    </p>
   </div>
   <div class='ocr_carea' id='block_1_77' title="bbox 419 4311 2012 4382">
    <p class='ocr_par' dir='ltr' id='par_1_77' title="bbox 419 4311 2012 4382">
     <span class='ocr_line' id='line_1_77' title="bbox 419 4311 2012 4382; baseline 0.003 -20"><span class='ocrx_word' id='word_1_526' title='bbox 419 4325 500 4364; x_wconf 79' lang='lat' dir='ltr'><strong>me</strong></span> <span class='ocrx_word' id='word_1_527' title='bbox 522 4311 774 4366; x_wconf 71' lang='lat' dir='ltr'><strong>doctrina:</strong></span> <span class='ocrx_word' id='word_1_528' title='bbox 799 4313 1192 4380; x_wconf 78' lang='lat' dir='ltr'><strong>adversatur“;</strong></span> <span class='ocrx_word' id='word_1_529' title='bbox 1221 4313 1422 4367; x_wconf 87' lang='lat' dir='ltr'><strong>etenim</strong></span> <span class='ocrx_word' id='word_1_530' title='bbox 1452 4313 1724 4382; x_wconf 89' lang='lat' dir='ltr'><strong>principes</strong></span> <span class='ocrx_word' id='word_1_531' title='bbox 1753 4330 1855 4366; x_wconf 90' lang='lat' dir='ltr'><strong>non</strong></span> <span class='ocrx_word' id='word_1_532' title='bbox 1885 4322 2012 4368; x_wconf 84' lang='lat' dir='ltr'><strong>sunt</strong></span> 
     </span>
    </p>
   </div>
   <div class='ocr_carea' id='block_1_78' title="bbox 417 4401 2007 4474">
    <p class='ocr_par' dir='ltr' id='par_1_78' title="bbox 417 4401 2007 4474">
     <span class='ocr_line' id='line_1_78' title="bbox 417 4401 2007 4474; baseline 0.001 -19"><span class='ocrx_word' id='word_1_533' title='bbox 417 4403 611 4456; x_wconf 76' lang='lat' dir='ltr'><strong>terrori</strong></span> <span class='ocrx_word' id='word_1_534' title='bbox 655 4403 813 4467; x_wconf 91' lang='lat' dir='ltr'><strong>bene,</strong></span> <span class='ocrx_word' id='word_1_535' title='bbox 843 4403 937 4457; x_wconf 90' lang='lat' dir='ltr'><strong>sed</strong></span> <span class='ocrx_word' id='word_1_536' title='bbox 971 4403 1214 4473; x_wconf 89' lang='lat' dir='ltr'><strong>improbe</strong></span> <span class='ocrx_word' id='word_1_537' title='bbox 1243 4402 1546 4474; x_wconf 80' lang='lat' dir='ltr'><strong>agentibus.</strong></span> <span class='ocrx_word' id='word_1_538' title='bbox 1582 4401 1898 4472; x_wconf 74' lang='lat' dir='ltr'><strong>Rursusque</strong></span> <span class='ocrx_word' id='word_1_539' title='bbox 1932 4402 2007 4456; x_wconf 87' lang='lat' dir='ltr'><strong>ait</strong></span> 
     </span>
    </p>
   </div>
   <div class='ocr_carea' id='block_1_79' title="bbox 420 4493 2082 4594">
    <p class='ocr_par' dir='ltr' id='par_1_79' title="bbox 420 4493 2082 4594">
     <span class='ocr_line' id='line_1_79' title="bbox 420 4493 2082 4594; baseline 0.001 -47"><span class='ocrx_word' id='word_1_540' title='bbox 420 4493 742 4563; x_wconf 85' lang='lat' dir='ltr'><strong>Scriptura:</strong></span> <span class='ocrx_word' id='word_1_541' title='bbox 789 4493 876 4548; x_wconf 84' lang='lat' dir='ltr'><strong>Vis</strong></span> <span class='ocrx_word' id='word_1_542' title='bbox 916 4505 1222 4565; x_wconf 81' lang='lat' dir='ltr'><strong>potestatem</strong></span> <span class='ocrx_word' id='word_1_543' title='bbox 1265 4495 1478 4549; x_wconf 82' lang='lat' dir='ltr'><strong>minime</strong></span> <span class='ocrx_word' id='word_1_544' title='bbox 1505 4494 1836 4563; x_wconf 73' lang='lat' dir='ltr'><strong>formidare?</strong></span> <span class='ocrx_word' id='word_1_545' title='bbox 1869 4505 2007 4549; x_wconf 85' lang='lat' dir='ltr'><strong>recte</strong></span> <span class='ocrx_word' id='word_1_546' title='bbox 2038 4535 2082 4594; x_wconf 67' lang='grc' dir='ltr'><strong>υ</strong></span> 
     </span>
    </p>
   </div>
   <div class='ocr_carea' id='block_1_80' title="bbox 416 4585 2004 4656">
    <p class='ocr_par' dir='ltr' id='par_1_80' title="bbox 416 4585 2004 4656">
     <span class='ocr_line' id='line_1_80' title="bbox 416 4585 2004 4656; baseline 0 -17"><span class='ocrx_word' id='word_1_547' title='bbox 416 4602 534 4656; x_wconf 82' lang='lat' dir='ltr'><strong>age,</strong></span> <span class='ocrx_word' id='word_1_548' title='bbox 556 4587 866 4656; x_wconf 81' lang='lat' dir='ltr'><strong>laudemque</strong></span> <span class='ocrx_word' id='word_1_549' title='bbox 887 4587 950 4640; x_wconf 69' lang='lat' dir='ltr'><strong>ab</strong></span> <span class='ocrx_word' id='word_1_550' title='bbox 973 4602 1035 4640; x_wconf 84' lang='lat' dir='ltr'><strong>ea</strong></span> <span class='ocrx_word' id='word_1_551' title='bbox 1068 4586 1356 4654; x_wconf 83' lang='lat' dir='ltr'><strong>reportabis</strong></span> <span class='ocrx_word' id='word_1_552' title='bbox 1378 4585 1454 4639; x_wconf 78' lang='lat' dir='ltr'><strong>&quot;z</strong></span> <span class='ocrx_word' id='word_1_553' title='bbox 1491 4599 1590 4640; x_wconf 86' lang='lat' dir='ltr'><strong>vos</strong></span> <span class='ocrx_word' id='word_1_554' title='bbox 1616 4585 1780 4656; x_wconf 78' lang='lat' dir='ltr'><strong>igitur</strong></span> <span class='ocrx_word' id='word_1_555' title='bbox 1809 4586 2004 4640; x_wconf 89' lang='lat' dir='ltr'><strong>merito</strong></span> 
     </span>
    </p>
   </div>
   <div class='ocr_carea' id='block_1_81' title="bbox 417 4677 2006 4748">
    <p class='ocr_par' dir='ltr' id='par_1_81' title="bbox 417 4677 2006 4748">
     <span class='ocr_line' id='line_1_81' title="bbox 417 4677 2006 4748; baseline 0.001 -16"><span class='ocrx_word' id='word_1_556' title='bbox 417 4677 576 4732; x_wconf 82' lang='lat' dir='ltr'><strong>laude</strong></span> <span class='ocrx_word' id='word_1_557' title='bbox 604 4677 772 4746; x_wconf 86' lang='lat' dir='ltr'><strong>digni,</strong></span> <span class='ocrx_word' id='word_1_558' title='bbox 804 4677 878 4732; x_wconf 92' lang='lat' dir='ltr'><strong>uti</strong></span> <span class='ocrx_word' id='word_1_559' title='bbox 913 4677 1223 4734; x_wconf 86' lang='lat' dir='ltr'><strong>econtrario</strong></span> <span class='ocrx_word' id='word_1_560' title='bbox 1271 4692 1430 4736; x_wconf 88' lang='lat' dir='ltr'><strong>secus</strong></span> <span class='ocrx_word' id='word_1_561' title='bbox 1463 4678 1749 4748; x_wconf 76' lang='lat' dir='ltr'><strong>agentibus</strong></span> <span class='ocrx_word' id='word_1_562' title='bbox 1783 4677 2006 4734; x_wconf 82' lang='lat' dir='ltr'><strong>acerba-</strong></span> 
     </span>
    </p>
   </div>
   <div class='ocr_carea' id='block_1_82' title="bbox 417 4770 1438 4838">
    <p class='ocr_par' dir='ltr' id='par_1_82' title="bbox 417 4770 1438 4838">
     <span class='ocr_line' id='line_1_82' title="bbox 417 4770 1438 4838; baseline 0.002 -14"><span class='ocrx_word' id='word_1_563' title='bbox 417 4783 539 4824; x_wconf 87' lang='lat' dir='ltr'><strong>rum</strong></span> <span class='ocrx_word' id='word_1_564' title='bbox 571 4782 852 4838; x_wconf 69' lang='lat' dir='ltr'><strong>pinnarum</strong></span> <span class='ocrx_word' id='word_1_565' title='bbox 885 4770 1044 4824; x_wconf 73' lang='lat' dir='ltr'><strong>mina:</strong></span> <span class='ocrx_word' id='word_1_566' title='bbox 1068 4770 1438 4826; x_wconf 85' lang='lat' dir='ltr'><strong>intenduntur.</strong></span> 
     </span>
    </p>
   </div>
   <div class='ocr_carea' id='block_1_83' title="bbox 489 4854 2004 4932">
    <p class='ocr_par' dir='ltr' id='par_1_83' title="bbox 489 4854 2004 4932">
     <span class='ocr_line' id='line_1_83' title="bbox 489 4854 2004 4932; baseline 0.001 -18"><span class='ocrx_word' id='word_1_567' title='bbox 489 4857 574 4914; x_wconf 78' lang='lat' dir='ltr'><strong>HI.</strong></span> <span class='ocrx_word' id='word_1_568' title='bbox 612 4859 755 4915; x_wconf 88' lang='lat' dir='ltr'><strong>Deus</strong></span> <span class='ocrx_word' id='word_1_569' title='bbox 794 4875 888 4915; x_wconf 89' lang='lat' dir='ltr'><strong>vos</strong></span> <span class='ocrx_word' id='word_1_570' title='bbox 925 4859 1026 4915; x_wconf 86' lang='lat' dir='ltr'><strong>sibi</strong></span> <span class='ocrx_word' id='word_1_571' title='bbox 1061 4854 1222 4932; x_wconf 77' lang='lat' dir='ltr'><strong>elegit</strong></span> <span class='ocrx_word' id='word_1_572' title='bbox 1251 4861 1543 4927; x_wconf 87' lang='lat' dir='ltr'><strong>pretiosum</strong></span> <span class='ocrx_word' id='word_1_573' title='bbox 1585 4860 1858 4931; x_wconf 89' lang='lat' dir='ltr'><strong>populum,</strong></span> <span class='ocrx_word' id='word_1_574' title='bbox 1911 4876 2004 4916; x_wconf 84' lang='lat' dir='ltr'><strong>ze-</strong></span> 
     </span>
    </p>
   </div>
   <div class='ocr_carea' id='block_1_84' title="bbox 417 4950 2002 5023">
    <p class='ocr_par' dir='ltr' id='par_1_84' title="bbox 417 4950 2002 5023">
     <span class='ocr_line' id='line_1_84' title="bbox 417 4950 2002 5023; baseline 0.001 -17"><span class='ocrx_word' id='word_1_575' title='bbox 417 4950 646 5006; x_wconf 88' lang='lat' dir='ltr'><strong>latorem</strong></span> <span class='ocrx_word' id='word_1_576' title='bbox 697 4954 958 5007; x_wconf 90' lang='lat' dir='ltr'><strong>bonorum</strong></span> <span class='ocrx_word' id='word_1_577' title='bbox 998 4967 1222 5023; x_wconf 87' lang='lat' dir='ltr'><strong>operum</strong></span> <span class='ocrx_word' id='word_1_578' title='bbox 1251 4953 1316 5007; x_wconf 74' lang='lat'><strong>“.</strong></span> <span class='ocrx_word' id='word_1_579' title='bbox 1372 4952 1472 5008; x_wconf 81' lang='lat' dir='ltr'><strong>Vos</strong></span> <span class='ocrx_word' id='word_1_580' title='bbox 1518 4955 1641 5007; x_wconf 79' lang='lat' dir='ltr'><strong>estis</strong></span> <span class='ocrx_word' id='word_1_581' title='bbox 1677 4955 1771 5007; x_wconf 71' lang='lat' dir='ltr'><strong>lux</strong></span> <span class='ocrx_word' id='word_1_582' title='bbox 1798 4953 2002 5020; x_wconf 83' lang='lat' dir='ltr'><strong>mundi,</strong></span> 
     </span>
    </p>
   </div>
   <div class='ocr_carea' id='block_1_85' title="bbox 416 5042 2004 5113">
    <p class='ocr_par' dir='ltr' id='par_1_85' title="bbox 416 5042 2004 5113">
     <span class='ocr_line' id='line_1_85' title="bbox 416 5042 2004 5113; baseline -0.001 -14"><span class='ocrx_word' id='word_1_583' title='bbox 416 5043 496 5100; x_wconf 86' lang='lat' dir='ltr'><strong>ait</strong></span> <span class='ocrx_word' id='word_1_584' title='bbox 527 5042 786 5098; x_wconf 80' lang='lat' dir='ltr'><strong>Servatur</strong></span> <span class='ocrx_word' id='word_1_585' title='bbox 813 5044 879 5097; x_wconf 85' lang='grc'><strong>³⁸.</strong></span> <span class='ocrx_word' id='word_1_586' title='bbox 904 5043 1063 5098; x_wconf 87' lang='lat' dir='ltr'><strong>Certe</strong></span> <span class='ocrx_word' id='word_1_587' title='bbox 1093 5059 1324 5113; x_wconf 89' lang='lat' dir='ltr'><strong>quorum</strong></span> <span class='ocrx_word' id='word_1_588' title='bbox 1351 5043 1494 5098; x_wconf 90' lang='lat' dir='ltr'><strong>idem</strong></span> <span class='ocrx_word' id='word_1_589' title='bbox 1523 5052 1606 5100; x_wconf 87' lang='lat' dir='ltr'><strong>est</strong></span> <span class='ocrx_word' id='word_1_590' title='bbox 1638 5043 1807 5108; x_wconf 82' lang='lat' dir='ltr'><strong>zelus,</strong></span> <span class='ocrx_word' id='word_1_591' title='bbox 1840 5044 2004 5098; x_wconf 87' lang='lat' dir='ltr'><strong>idem-</strong></span> 
     </span>
    </p>
   </div>
   <div class='ocr_carea' id='block_1_86' title="bbox 417 5133 2001 5203">
    <p class='ocr_par' dir='ltr' id='par_1_86' title="bbox 417 5133 2001 5203">
     <span class='ocr_line' id='line_1_86' title="bbox 417 5133 2001 5203; baseline 0.001 -15"><span class='ocrx_word' id='word_1_592' title='bbox 417 5149 526 5203; x_wconf 87' lang='lat' dir='ltr'><strong>que</strong></span> <span class='ocrx_word' id='word_1_593' title='bbox 570 5148 728 5203; x_wconf 84' lang='lat' dir='ltr'><strong>opus,</strong></span> <span class='ocrx_word' id='word_1_594' title='bbox 761 5148 948 5188; x_wconf 90' lang='lat' dir='ltr'><strong>eorum</strong></span> <span class='ocrx_word' id='word_1_595' title='bbox 982 5133 1143 5189; x_wconf 89' lang='lat' dir='ltr'><strong>etiam</strong></span> <span class='ocrx_word' id='word_1_596' title='bbox 1176 5133 1292 5188; x_wconf 86' lang='lat' dir='ltr'><strong>laus</strong></span> <span class='ocrx_word' id='word_1_597' title='bbox 1330 5134 1518 5189; x_wconf 88' lang='lat' dir='ltr'><strong>eadem</strong></span> <span class='ocrx_word' id='word_1_598' title='bbox 1557 5142 1659 5199; x_wconf 91' lang='lat' dir='ltr'><strong>est,</strong></span> <span class='ocrx_word' id='word_1_599' title='bbox 1701 5135 2001 5203; x_wconf 89' lang='lat' dir='ltr'><strong>eademque</strong></span> 
     </span>
    </p>
   </div>
   <div class='ocr_carea' id='block_1_87' title="bbox 417 5224 1995 5294">
    <p class='ocr_par' dir='ltr' id='par_1_87' title="bbox 417 5224 1995 5294">
     <span class='ocr_line' id='line_1_87' title="bbox 417 5224 1995 5294; baseline -0.001 -15"><span class='ocrx_word' id='word_1_600' title='bbox 417 5240 649 5282; x_wconf 90' lang='lat' dir='ltr'><strong>merces.</strong></span> <span class='ocrx_word' id='word_1_601' title='bbox 692 5225 838 5280; x_wconf 87' lang='lat' dir='ltr'><strong>Beati</strong></span> <span class='ocrx_word' id='word_1_602' title='bbox 866 5224 1026 5294; x_wconf 88' lang='lat' dir='ltr'><strong>igitur</strong></span> <span class='ocrx_word' id='word_1_603' title='bbox 1055 5225 1211 5291; x_wconf 84' lang='lat' dir='ltr'><strong>estis,</strong></span> <span class='ocrx_word' id='word_1_604' title='bbox 1236 5225 1347 5281; x_wconf 89' lang='lat' dir='ltr'><strong>imo</strong></span> <span class='ocrx_word' id='word_1_605' title='bbox 1383 5224 1702 5290; x_wconf 85' lang='lat' dir='ltr'><strong>beatissimi,</strong></span> <span class='ocrx_word' id='word_1_606' title='bbox 1740 5239 1775 5279; x_wconf 95' lang='lat' dir='ltr'><strong>o</strong></span> <span class='ocrx_word' id='word_1_607' title='bbox 1815 5224 1995 5279; x_wconf 87' lang='lat' dir='ltr'><strong>dilecti</strong></span> 
     </span>
    </p>
   </div>
   <div class='ocr_carea' id='block_1_88' title="bbox 419 5313 2004 5386">
    <p class='ocr_par' dir='ltr' id='par_1_88' title="bbox 419 5313 2004 5386">
     <span class='ocr_line' id='line_1_88' title="bbox 419 5313 2004 5386; baseline -0.001 -16"><span class='ocrx_word' id='word_1_608' title='bbox 419 5315 532 5372; x_wconf 89' lang='lat' dir='ltr'><strong>Deo</strong></span> <span class='ocrx_word' id='word_1_609' title='bbox 555 5317 829 5373; x_wconf 84' lang='lat' dir='ltr'><strong>monachi.</strong></span> <span class='ocrx_word' id='word_1_610' title='bbox 869 5317 1001 5384; x_wconf 82' lang='lat' dir='ltr'><strong>Quis</strong></span> <span class='ocrx_word' id='word_1_611' title='bbox 1029 5324 1261 5372; x_wconf 84' lang='lat' dir='ltr'><strong>vestram</strong></span> <span class='ocrx_word' id='word_1_612' title='bbox 1296 5316 1455 5386; x_wconf 88' lang='lat' dir='ltr'><strong>digne</strong></span> <span class='ocrx_word' id='word_1_613' title='bbox 1481 5315 1782 5371; x_wconf 80' lang='lat' dir='ltr'><strong>laudaverit</strong></span> <span class='ocrx_word' id='word_1_614' title='bbox 1803 5313 2004 5370; x_wconf 73' lang='lat' dir='ltr'><strong>vitam?</strong></span> 
     </span>
    </p>
   </div>
   <div class='ocr_carea' id='block_1_89' title="bbox 418 5406 1997 5478">
    <p class='ocr_par' dir='ltr' id='par_1_89' title="bbox 418 5406 1997 5478">
     <span class='ocr_line' id='line_1_89' title="bbox 418 5406 1997 5478; baseline 0 -16"><span class='ocrx_word' id='word_1_615' title='bbox 418 5406 612 5464; x_wconf 76' lang='lat' dir='ltr'><strong>Vestra</strong></span> <span class='ocrx_word' id='word_1_616' title='bbox 645 5409 788 5463; x_wconf 91' lang='lat' dir='ltr'><strong>enim</strong></span> <span class='ocrx_word' id='word_1_617' title='bbox 811 5409 1003 5462; x_wconf 87' lang='lat' dir='ltr'><strong>diurna</strong></span> <span class='ocrx_word' id='word_1_618' title='bbox 1039 5417 1412 5478; x_wconf 88' lang='lat' dir='ltr'><strong>nocturnaque</strong></span> <span class='ocrx_word' id='word_1_619' title='bbox 1436 5422 1599 5478; x_wconf 87' lang='lat' dir='ltr'><strong>opera</strong></span> <span class='ocrx_word' id='word_1_620' title='bbox 1627 5415 1756 5464; x_wconf 86' lang='lat' dir='ltr'><strong>sunt</strong></span> <span class='ocrx_word' id='word_1_621' title='bbox 1784 5407 1997 5478; x_wconf 85' lang='lat' dir='ltr'><strong>psalmi,</strong></span> 
     </span>
    </p>
   </div>
   <div class='ocr_carea' id='block_1_90' title="bbox 418 5497 1999 5570">
    <p class='ocr_par' dir='ltr' id='par_1_90' title="bbox 418 5497 1999 5570">
     <span class='ocr_line' id='line_1_90' title="bbox 418 5497 1999 5570; baseline 0.001 -18"><span class='ocrx_word' id='word_1_622' title='bbox 418 5497 632 5569; x_wconf 84' lang='lat' dir='ltr'><strong>hymni,</strong></span> <span class='ocrx_word' id='word_1_623' title='bbox 679 5501 890 5555; x_wconf 88' lang='lat' dir='ltr'><strong>cantica</strong></span> <span class='ocrx_word' id='word_1_624' title='bbox 946 5499 1235 5569; x_wconf 84' lang='lat' dir='ltr'><strong>spiritalia,</strong></span> <span class='ocrx_word' id='word_1_625' title='bbox 1281 5508 1342 5555; x_wconf 80' lang='lat' dir='ltr'><strong>et</strong></span> <span class='ocrx_word' id='word_1_626' title='bbox 1371 5500 1548 5570; x_wconf 69' lang='lat' dir='ltr'><strong>dignae</strong></span> <span class='ocrx_word' id='word_1_627' title='bbox 1590 5499 1700 5555; x_wconf 88' lang='lat' dir='ltr'><strong>Deo</strong></span> <span class='ocrx_word' id='word_1_628' title='bbox 1739 5500 1999 5557; x_wconf 85' lang='lat' dir='ltr'><strong>actiones.</strong></span> 
     </span>
    </p>
   </div>
   <div class='ocr_carea' id='block_1_91' title="bbox 420 5588 2002 5664">
    <p class='ocr_par' dir='ltr' id='par_1_91' title="bbox 420 5588 2002 5664">
     <span class='ocr_line' id='line_1_91' title="bbox 420 5588 2002 5664; baseline 0.003 -20"><span class='ocrx_word' id='word_1_629' title='bbox 420 5588 670 5646; x_wconf 81' lang='lat' dir='ltr'><strong>Charitas</strong></span> <span class='ocrx_word' id='word_1_630' title='bbox 693 5592 860 5658; x_wconf 88' lang='lat' dir='ltr'><strong>enim,</strong></span> <span class='ocrx_word' id='word_1_631' title='bbox 889 5607 976 5649; x_wconf 90' lang='lat' dir='ltr'><strong>res</strong></span> <span class='ocrx_word' id='word_1_632' title='bbox 1004 5591 1262 5662; x_wconf 82' lang='lat' dir='ltr'><strong>angelica,</strong></span> <span class='ocrx_word' id='word_1_633' title='bbox 1293 5591 1568 5648; x_wconf 89' lang='lat' dir='ltr'><strong>vobiscum</strong></span> <span class='ocrx_word' id='word_1_634' title='bbox 1587 5600 1871 5656; x_wconf 87' lang='lat' dir='ltr'><strong>versatur;</strong></span> <span class='ocrx_word' id='word_1_635' title='bbox 1900 5607 2002 5664; x_wconf 74' lang='lat' dir='ltr'><strong>pax</strong></span> 
     </span>
    </p>
   </div>
   <div class='ocr_carea' id='block_1_92' title="bbox 2107 3299 3706 3379">
    <p class='ocr_par' dir='ltr' id='par_1_92' title="bbox 2107 3299 3706 3379">
     <span class='ocr_line' id='line_1_92' title="bbox 2107 3299 3706 3379; baseline -0.005 -16"><span class='ocrx_word' id='word_1_636' title='bbox 2107 3327 2217 3374; x_wconf 86' lang='grc' dir='ltr'>τες,</span> <span class='ocrx_word' id='word_1_637' title='bbox 2253 3312 2437 3372; x_wconf 79' lang='grc' dir='ltr'>αὐτοῖς</span> <span class='ocrx_word' id='word_1_638' title='bbox 2465 3309 2648 3377; x_wconf 81' lang='grc' dir='ltr'>ἔργοις</span> <span class='ocrx_word' id='word_1_639' title='bbox 2678 3307 2837 3379; x_wconf 74' lang='grc' dir='ltr'>βοᾶτε</span> <span class='ocrx_word' id='word_1_640' title='bbox 2880 3302 3222 3375; x_wconf 84' lang='grc' dir='ltr'>ἀποστολικῷ</span> <span class='ocrx_word' id='word_1_641' title='bbox 3255 3301 3587 3374; x_wconf 83' lang='grc' dir='ltr'>κεχρημένοι</span> <span class='ocrx_word' id='word_1_642' title='bbox 3618 3299 3706 3356; x_wconf 80' lang='grc' dir='ltr'>λό-</span> 
     </span>
    </p>
   </div>
   <div class='ocr_carea' id='block_1_93' title="bbox 2109 3393 3703 3470">
    <p class='ocr_par' dir='ltr' id='par_1_93' title="bbox 2109 3393 3703 3470">
     <span class='ocr_line' id='line_1_93' title="bbox 2109 3393 3703 3470; baseline -0.004 -18"><span class='ocrx_word' id='word_1_643' title='bbox 2109 3417 2210 3470; x_wconf 86' lang='grc' dir='ltr'>γῳ·</span> <span class='ocrx_word' id='word_1_644' title='bbox 2247 3402 2452 3454; x_wconf 79' lang='grc' dir='ltr'>Πάντα</span> <span class='ocrx_word' id='word_1_645' title='bbox 2478 3397 2733 3470; x_wconf 75' lang='grc' dir='ltr'>ἠγοῦμαι</span> <span class='ocrx_word' id='word_1_646' title='bbox 2757 3398 3056 3458; x_wconf 74' lang='grc' dir='ltr'>σκύϐαλα,</span> <span class='ocrx_word' id='word_1_647' title='bbox 3079 3396 3181 3449; x_wconf 78' lang='grc' dir='ltr'>ἵνα</span> <span class='ocrx_word' id='word_1_648' title='bbox 3205 3394 3464 3462; x_wconf 83' lang='grc' dir='ltr'>Χριστὸν</span> <span class='ocrx_word' id='word_1_649' title='bbox 3482 3393 3703 3461; x_wconf 74' lang='grc' dir='ltr'>κερδή-</span> 
     </span>
    </p>
   </div>
   <div class='ocr_carea' id='block_1_94' title="bbox 2109 3482 3701 3561">
    <p class='ocr_par' dir='ltr' id='par_1_94' title="bbox 2109 3482 3701 3561">
     <span class='ocr_line' id='line_1_94' title="bbox 2109 3482 3701 3561; baseline -0.008 -15"><span class='ocrx_word' id='word_1_650' title='bbox 2109 3507 2233 3546; x_wconf 92' lang='grc' dir='ltr'><strong>σω·</strong></span> <span class='ocrx_word' id='word_1_651' title='bbox 2304 3490 2387 3543; x_wconf 87' lang='grc' dir='ltr'><strong>διὸ</strong></span> <span class='ocrx_word' id='word_1_652' title='bbox 2444 3489 2539 3543; x_wconf 72' lang='grc' dir='ltr'><strong>καὶ</strong></span> <span class='ocrx_word' id='word_1_653' title='bbox 2599 3487 2697 3561; x_wconf 75' lang='grc' dir='ltr'>τὴν</span> <span class='ocrx_word' id='word_1_654' title='bbox 2755 3487 2961 3559; x_wconf 77' lang='grc' dir='ltr'>ἔρημον</span> <span class='ocrx_word' id='word_1_655' title='bbox 3018 3482 3339 3548; x_wconf 74' lang='grc' dir='ltr'>αύλίζεσθε,</span> <span class='ocrx_word' id='word_1_656' title='bbox 3397 3482 3701 3553; x_wconf 85' lang='grc' dir='ltr'>νηστείαις,</span> 
     </span>
    </p>
   </div>
   <div class='ocr_carea' id='block_1_95' title="bbox 2109 3573 3706 3652">
    <p class='ocr_par' dir='ltr' id='par_1_95' title="bbox 2109 3573 3706 3652">
     <span class='ocr_line' id='line_1_95' title="bbox 2109 3573 3706 3652; baseline -0.006 -15"><span class='ocrx_word' id='word_1_657' title='bbox 2109 3583 2374 3652; x_wconf 83' lang='grc' dir='ltr'>ἁγνείαις,</span> <span class='ocrx_word' id='word_1_658' title='bbox 2417 3583 2738 3652; x_wconf 83' lang='grc' dir='ltr'>ἀσκήσεσιν,</span> <span class='ocrx_word' id='word_1_659' title='bbox 2784 3580 2971 3649; x_wconf 85' lang='grc' dir='ltr'>εὐχαῖς</span> <span class='ocrx_word' id='word_1_660' title='bbox 2993 3577 3261 3650; x_wconf 84' lang='grc' dir='ltr'>καθαραῖς</span> <span class='ocrx_word' id='word_1_661' title='bbox 3293 3575 3384 3629; x_wconf 88' lang='grc' dir='ltr'><strong>τὸν</strong></span> <span class='ocrx_word' id='word_1_662' title='bbox 3414 3574 3547 3628; x_wconf 82' lang='grc' dir='ltr'>Θεὸν</span> <span class='ocrx_word' id='word_1_663' title='bbox 3591 3573 3706 3627; x_wconf 79' lang='grc' dir='ltr'>ἱλαο</span> 
     </span>
    </p>
   </div>
   <div class='ocr_carea' id='block_1_96' title="bbox 2111 3664 3705 3741">
    <p class='ocr_par' dir='ltr' id='par_1_96' title="bbox 2111 3664 3705 3741">
     <span class='ocr_line' id='line_1_96' title="bbox 2111 3664 3705 3741; baseline -0.005 -18"><span class='ocrx_word' id='word_1_664' title='bbox 2111 3670 2385 3741; x_wconf 77' lang='grc' dir='ltr'>σχόμενοι·</span> <span class='ocrx_word' id='word_1_665' title='bbox 2423 3669 2580 3724; x_wconf 73' lang='grc' dir='ltr'>οὐθὲν</span> <span class='ocrx_word' id='word_1_666' title='bbox 2603 3669 2732 3740; x_wconf 79' lang='grc' dir='ltr'>ὑμῖν</span> <span class='ocrx_word' id='word_1_667' title='bbox 2757 3668 2880 3721; x_wconf 84' lang='grc' dir='ltr'><strong>ούδέ</strong></span> <span class='ocrx_word' id='word_1_668' title='bbox 2914 3665 3132 3720; x_wconf 82' lang='grc' dir='ltr'>πώποτε</span> <span class='ocrx_word' id='word_1_669' title='bbox 3163 3664 3414 3737; x_wconf 75' lang='grc' dir='ltr'>βασιλεὺς</span> <span class='ocrx_word' id='word_1_670' title='bbox 3455 3664 3705 3733; x_wconf 87' lang='grc' dir='ltr'>ἐπίγειος</span> 
     </span>
    </p>
   </div>
   <div class='ocr_carea' id='block_1_97' title="bbox 2111 3753 3704 3833">
    <p class='ocr_par' dir='ltr' id='par_1_97' title="bbox 2111 3753 3704 3833">
     <span class='ocr_line' id='line_1_97' title="bbox 2111 3753 3704 3833; baseline -0.004 -18"><span class='ocrx_word' id='word_1_671' title='bbox 2111 3761 2363 3832; x_wconf 76' lang='grc' dir='ltr'>φοϐερὸς,</span> <span class='ocrx_word' id='word_1_672' title='bbox 2397 3761 2497 3814; x_wconf 82' lang='grc' dir='ltr'>οὑκ</span> <span class='ocrx_word' id='word_1_673' title='bbox 2525 3761 2709 3833; x_wconf 84' lang='grc' dir='ltr'>ἄρχων</span> <span class='ocrx_word' id='word_1_674' title='bbox 2740 3760 2834 3814; x_wconf 77' lang='grc' dir='ltr'><strong>καὶ</strong></span> <span class='ocrx_word' id='word_1_675' title='bbox 2861 3758 3123 3828; x_wconf 78' lang='grc' dir='ltr'>δικαστὴς</span> <span class='ocrx_word' id='word_1_676' title='bbox 3147 3757 3241 3812; x_wconf 75' lang='grc' dir='ltr'><strong>καὶ</strong></span> <span class='ocrx_word' id='word_1_677' title='bbox 3261 3755 3587 3828; x_wconf 80' lang='grc' dir='ltr'>ἡγούμενος,</span> <span class='ocrx_word' id='word_1_678' title='bbox 3613 3753 3704 3808; x_wconf 86' lang='grc' dir='ltr'>ού-</span> 
     </span>
    </p>
   </div>
   <div class='ocr_carea' id='block_1_98' title="bbox 2108 3845 3700 3926">
    <p class='ocr_par' dir='ltr' id='par_1_98' title="bbox 2108 3845 3700 3926">
     <span class='ocr_line' id='line_1_98' title="bbox 2108 3845 3700 3926; baseline -0.004 -20"><span class='ocrx_word' id='word_1_679' title='bbox 2108 3853 2166 3906; x_wconf 82' lang='grc' dir='ltr'><strong>δέ</strong></span> <span class='ocrx_word' id='word_1_680' title='bbox 2191 3872 2273 3917; x_wconf 85' lang='grc' dir='ltr'><strong>τις</strong></span> <span class='ocrx_word' id='word_1_681' title='bbox 2315 3853 2478 3926; x_wconf 81' lang='grc' dir='ltr'>ἑτέρα</span> <span class='ocrx_word' id='word_1_682' title='bbox 2503 3852 2739 3917; x_wconf 78' lang='grc' dir='ltr'>ἐξουσία·</span> <span class='ocrx_word' id='word_1_683' title='bbox 2771 3852 2984 3916; x_wconf 80' lang='grc' dir='ltr'>Δικαίῳ</span> <span class='ocrx_word' id='word_1_684' title='bbox 3011 3849 3122 3924; x_wconf 87' lang='grc' dir='ltr'><strong>γάρ</strong></span> <span class='ocrx_word' id='word_1_685' title='bbox 3153 3849 3338 3920; x_wconf 80' lang='grc' dir='ltr'>νόμος</span> <span class='ocrx_word' id='word_1_686' title='bbox 3374 3849 3447 3902; x_wconf 90' lang='grc' dir='ltr'>οὐ</span> <span class='ocrx_word' id='word_1_687' title='bbox 3486 3845 3700 3910; x_wconf 81' lang='grc' dir='ltr'>κεῖται,</span> 
     </span>
    </p>
   </div>
   <div class='ocr_carea' id='block_1_99' title="bbox 2109 3937 3703 4012">
    <p class='ocr_par' dir='ltr' id='par_1_99' title="bbox 2109 3937 3703 4012">
     <span class='ocr_line' id='line_1_99' title="bbox 2109 3937 3703 4012; baseline -0.005 -14"><span class='ocrx_word' id='word_1_688' title='bbox 2109 3945 2354 4012; x_wconf 80' lang='grc' dir='ltr'>ἀνόμοις</span> <span class='ocrx_word' id='word_1_689' title='bbox 2382 3944 2450 3998; x_wconf 73' lang='grc' dir='ltr'>δὲ</span> <span class='ocrx_word' id='word_1_690' title='bbox 2479 3944 2577 3997; x_wconf 73' lang='grc' dir='ltr'><strong>καὶ</strong></span> <span class='ocrx_word' id='word_1_691' title='bbox 2609 3943 3072 4008; x_wconf 82' lang='grc' dir='ltr'>ἀνυποτάκτοις,</span> <span class='ocrx_word' id='word_1_692' title='bbox 3103 3939 3352 3995; x_wconf 72' lang='grc' dir='ltr'>ἀσεϐέσι</span> <span class='ocrx_word' id='word_1_693' title='bbox 3381 3937 3480 3992; x_wconf 78' lang='grc' dir='ltr'><strong>καὶ</strong></span> <span class='ocrx_word' id='word_1_694' title='bbox 3515 3938 3703 4007; x_wconf 79' lang='grc' dir='ltr'>ἀμαρ-</span> 
     </span>
    </p>
   </div>
   <div class='ocr_carea' id='block_1_100' title="bbox 2109 4027 3704 4102">
    <p class='ocr_par' dir='ltr' id='par_1_100' title="bbox 2109 4027 3704 4102">
     <span class='ocr_line' id='line_1_100' title="bbox 2109 4027 3704 4102; baseline -0.003 -16"><span class='ocrx_word' id='word_1_695' title='bbox 2109 4034 2337 4100; x_wconf 75' lang='grc' dir='ltr'>τωλοῖς,</span> <span class='ocrx_word' id='word_1_696' title='bbox 2385 4032 2761 4102; x_wconf 80' lang='grc' dir='ltr'>πατρολῴαις</span> <span class='ocrx_word' id='word_1_697' title='bbox 2811 4032 2908 4086; x_wconf 79' lang='grc' dir='ltr'><strong>καὶ</strong></span> <span class='ocrx_word' id='word_1_698' title='bbox 2962 4029 3356 4102; x_wconf 73' lang='grc' dir='ltr'>μητρολῴαις,</span> <span class='ocrx_word' id='word_1_699' title='bbox 3405 4027 3704 4098; x_wconf 65' lang='grc' dir='ltr'>ἀνδροφό-</span> 
     </span>
    </p>
   </div>
   <div class='ocr_carea' id='block_1_101' title="bbox 2109 4121 3702 4194">
    <p class='ocr_par' dir='ltr' id='par_1_101' title="bbox 2109 4121 3702 4194">
     <span class='ocr_line' id='line_1_101' title="bbox 2109 4121 3702 4194; baseline -0.003 -16"><span class='ocrx_word' id='word_1_700' title='bbox 2109 4143 2238 4192; x_wconf 84' lang='grc' dir='ltr'>νοις</span> <span class='ocrx_word' id='word_1_701' title='bbox 2259 4166 2273 4191; x_wconf 91' lang='grc'><strong>,</strong></span> <span class='ocrx_word' id='word_1_702' title='bbox 2311 4127 2553 4194; x_wconf 78' lang='grc' dir='ltr'>πόρνοις</span> <span class='ocrx_word' id='word_1_703' title='bbox 2600 4125 2697 4179; x_wconf 75' lang='grc' dir='ltr'>καὶ</span> <span class='ocrx_word' id='word_1_704' title='bbox 2727 4125 3201 4192; x_wconf 72' lang='grc' dir='ltr'>ἀρσενοκοίταις,</span> <span class='ocrx_word' id='word_1_705' title='bbox 3230 4123 3552 4192; x_wconf 80' lang='grc' dir='ltr'>ἐπιόρκοις,</span> <span class='ocrx_word' id='word_1_706' title='bbox 3599 4121 3702 4174; x_wconf 74' lang='grc' dir='ltr'>καὶ</span> 
     </span>
    </p>
   </div>
   <div class='ocr_carea' id='block_1_102' title="bbox 2108 4212 3705 4286">
    <p class='ocr_par' dir='ltr' id='par_1_102' title="bbox 2108 4212 3705 4286">
     <span class='ocr_line' id='line_1_102' title="bbox 2108 4212 3705 4286; baseline -0.001 -16"><span class='ocrx_word' id='word_1_707' title='bbox 2108 4218 2165 4270; x_wconf 82' lang='grc' dir='ltr'>εἴ</span> <span class='ocrx_word' id='word_1_708' title='bbox 2203 4234 2256 4270; x_wconf 89' lang='grc' dir='ltr'><strong>τι</strong></span> <span class='ocrx_word' id='word_1_709' title='bbox 2293 4216 2500 4284; x_wconf 79' lang='grc' dir='ltr'>ἕτερον</span> <span class='ocrx_word' id='word_1_710' title='bbox 2541 4214 2615 4284; x_wconf 73' lang='grc' dir='ltr'>τῇ</span> <span class='ocrx_word' id='word_1_711' title='bbox 2650 4216 3007 4286; x_wconf 77' lang='grc' dir='ltr'>ὑγιαινούσῃ</span> <span class='ocrx_word' id='word_1_712' title='bbox 3047 4213 3410 4281; x_wconf 75' lang='grc' dir='ltr'>διδασκαλίᾳ</span> <span class='ocrx_word' id='word_1_713' title='bbox 3439 4212 3705 4269; x_wconf 62' lang='grc' dir='ltr'>ἀντέχει·</span> 
     </span>
    </p>
   </div>
   <div class='ocr_carea' id='block_1_103' title="bbox 2109 4303 3708 4379">
    <p class='ocr_par' dir='ltr' id='par_1_103' title="bbox 2109 4303 3708 4379">
     <span class='ocr_line' id='line_1_103' title="bbox 2109 4303 3708 4379; baseline -0.003 -16"><span class='ocrx_word' id='word_1_714' title='bbox 2109 4324 2223 4363; x_wconf 90' lang='grc' dir='ltr'>ται·</span> <span class='ocrx_word' id='word_1_715' title='bbox 2259 4311 2308 4362; x_wconf 84' lang='grc' dir='ltr'><strong>οί</strong></span> <span class='ocrx_word' id='word_1_716' title='bbox 2337 4308 2446 4378; x_wconf 80' lang='grc' dir='ltr'><strong>γὰρ</strong></span> <span class='ocrx_word' id='word_1_717' title='bbox 2480 4309 2740 4379; x_wconf 78' lang='grc' dir='ltr'>ἄρχοντες</span> <span class='ocrx_word' id='word_1_718' title='bbox 2763 4309 2866 4362; x_wconf 81' lang='grc' dir='ltr'>οὐκ</span> <span class='ocrx_word' id='word_1_719' title='bbox 2897 4307 3004 4361; x_wconf 70' lang='grc' dir='ltr'>εἰσὶ</span> <span class='ocrx_word' id='word_1_720' title='bbox 3042 4307 3205 4377; x_wconf 77' lang='grc' dir='ltr'>φόϐος</span> <span class='ocrx_word' id='word_1_721' title='bbox 3231 4307 3339 4360; x_wconf 85' lang='grc' dir='ltr'>τῶν</span> <span class='ocrx_word' id='word_1_722' title='bbox 3364 4303 3586 4374; x_wconf 79' lang='grc' dir='ltr'>ἀγαθῶν</span> <span class='ocrx_word' id='word_1_723' title='bbox 3612 4305 3708 4378; x_wconf 64' lang='grc' dir='ltr'>ἐρα</span> 
     </span>
    </p>
   </div>
   <div class='ocr_carea' id='block_1_104' title="bbox 2109 4395 3706 4467">
    <p class='ocr_par' dir='ltr' id='par_1_104' title="bbox 2109 4395 3706 4467">
     <span class='ocr_line' id='line_1_104' title="bbox 2109 4395 3706 4467; baseline 0.001 -16"><span class='ocrx_word' id='word_1_724' title='bbox 2109 4415 2242 4467; x_wconf 90' lang='grc' dir='ltr'>γων,</span> <span class='ocrx_word' id='word_1_725' title='bbox 2274 4398 2410 4452; x_wconf 81' lang='grc' dir='ltr'>ἀλλὰ</span> <span class='ocrx_word' id='word_1_726' title='bbox 2436 4397 2544 4452; x_wconf 87' lang='grc' dir='ltr'>τῶν</span> <span class='ocrx_word' id='word_1_727' title='bbox 2571 4397 2775 4452; x_wconf 86' lang='grc' dir='ltr'>κακῶν·</span> <span class='ocrx_word' id='word_1_728' title='bbox 2811 4398 2907 4451; x_wconf 77' lang='grc' dir='ltr'>καὶ</span> <span class='ocrx_word' id='word_1_729' title='bbox 2946 4398 3125 4452; x_wconf 82' lang='grc' dir='ltr'>πάλιν·</span> <span class='ocrx_word' id='word_1_730' title='bbox 3158 4400 3363 4464; x_wconf 81' lang='grc' dir='ltr'>Θέλεις</span> <span class='ocrx_word' id='word_1_731' title='bbox 3387 4396 3455 4450; x_wconf 83' lang='grc' dir='ltr'>δὲ</span> <span class='ocrx_word' id='word_1_732' title='bbox 3477 4395 3561 4466; x_wconf 78' lang='grc' dir='ltr'><strong>μή</strong></span> <span class='ocrx_word' id='word_1_733' title='bbox 3595 4415 3706 4466; x_wconf 64' lang='grc' dir='ltr'><strong>φο-</strong></span> 
     </span>
    </p>
   </div>
   <div class='ocr_carea' id='block_1_105' title="bbox 2111 4487 3703 4559">
    <p class='ocr_par' dir='ltr' id='par_1_105' title="bbox 2111 4487 3703 4559">
     <span class='ocr_line' id='line_1_105' title="bbox 2111 4487 3703 4559; baseline 0 -16"><span class='ocrx_word' id='word_1_734' title='bbox 2111 4490 2340 4544; x_wconf 76' lang='grc' dir='ltr'>ϐεῖσθαι</span> <span class='ocrx_word' id='word_1_735' title='bbox 2373 4488 2487 4557; x_wconf 77' lang='grc' dir='ltr'>τὴν</span> <span class='ocrx_word' id='word_1_736' title='bbox 2509 4489 2803 4553; x_wconf 79' lang='grc' dir='ltr'>ἐξουσίαν</span> <span class='ocrx_word' id='word_1_737' title='bbox 2814 4505 2831 4552; x_wconf 88' lang='grc'><strong><em>;</em></strong></span> <span class='ocrx_word' id='word_1_738' title='bbox 2863 4490 2926 4544; x_wconf 83' lang='grc' dir='ltr'><strong>τὸ</strong></span> <span class='ocrx_word' id='word_1_739' title='bbox 2960 4489 3186 4559; x_wconf 74' lang='grc' dir='ltr'>ἀγαθὸν</span> <span class='ocrx_word' id='word_1_740' title='bbox 3211 4488 3394 4551; x_wconf 80' lang='grc' dir='ltr'>ποίει,</span> <span class='ocrx_word' id='word_1_741' title='bbox 3424 4488 3523 4540; x_wconf 72' lang='grc' dir='ltr'>καὶ</span> <span class='ocrx_word' id='word_1_742' title='bbox 3543 4487 3703 4555; x_wconf 82' lang='grc' dir='ltr'>ἕξεις</span> 
     </span>
    </p>
   </div>
   <div class='ocr_carea' id='block_1_106' title="bbox 2107 4576 3707 4651">
    <p class='ocr_par' dir='ltr' id='par_1_106' title="bbox 2107 4576 3707 4651">
     <span class='ocr_line' id='line_1_106' title="bbox 2107 4576 3707 4651; baseline -0.003 -16"><span class='ocrx_word' id='word_1_743' title='bbox 2107 4582 2361 4636; x_wconf 76' lang='grc' dir='ltr'>ἔπαινον</span> <span class='ocrx_word' id='word_1_744' title='bbox 2391 4581 2461 4646; x_wconf 78' lang='grc' dir='ltr'>ἐξ</span> <span class='ocrx_word' id='word_1_745' title='bbox 2489 4579 2704 4649; x_wconf 81' lang='grc' dir='ltr'>αὐτῆς·</span> <span class='ocrx_word' id='word_1_746' title='bbox 2732 4581 2860 4651; x_wconf 77' lang='grc' dir='ltr'>ὑμῖν</span> <span class='ocrx_word' id='word_1_747' title='bbox 2893 4576 2988 4634; x_wconf 78' lang='grc' dir='ltr'>οὖν</span> <span class='ocrx_word' id='word_1_748' title='bbox 3025 4581 3076 4634; x_wconf 77' lang='lat' dir='ltr'><strong>oi.</strong></span> <span class='ocrx_word' id='word_1_749' title='bbox 3105 4579 3319 4634; x_wconf 73' lang='grc' dir='ltr'>ἔπαινοι</span> <span class='ocrx_word' id='word_1_750' title='bbox 3354 4577 3602 4645; x_wconf 86' lang='grc' dir='ltr'>δικαίως,</span> <span class='ocrx_word' id='word_1_751' title='bbox 3633 4579 3707 4642; x_wconf 84' lang='grc' dir='ltr'><strong>ὡς</strong></span> 
     </span>
    </p>
   </div>
   <div class='ocr_carea' id='block_1_107' title="bbox 2107 4672 3712 4747">
    <p class='ocr_par' dir='ltr' id='par_1_107' title="bbox 2107 4672 3712 4747">
     <span class='ocr_line' id='line_1_107' title="bbox 2107 4672 3712 4747; baseline -0.002 -19"><span class='ocrx_word' id='word_1_752' title='bbox 2107 4675 2201 4728; x_wconf 80' lang='grc' dir='ltr'>καὶ</span> <span class='ocrx_word' id='word_1_753' title='bbox 2225 4674 2334 4728; x_wconf 85' lang='grc' dir='ltr'><strong>τῶν</strong></span> <span class='ocrx_word' id='word_1_754' title='bbox 2358 4673 2788 4744; x_wconf 84' lang='grc' dir='ltr'>ἐναντιουμένων</span> <span class='ocrx_word' id='word_1_755' title='bbox 2817 4676 2851 4747; x_wconf 75' lang='grc' dir='ltr'>ἡ</span> <span class='ocrx_word' id='word_1_756' title='bbox 2891 4673 3001 4728; x_wconf 83' lang='grc' dir='ltr'><strong>τῶν</strong></span> <span class='ocrx_word' id='word_1_757' title='bbox 3030 4672 3437 4745; x_wconf 87' lang='grc' dir='ltr'>ἀπειλουμένων</span> <span class='ocrx_word' id='word_1_758' title='bbox 3460 4672 3712 4745; x_wconf 68' lang='grc' dir='ltr'>τιμωρία</span> 
     </span>
    </p>
   </div>
   <div class='ocr_carea' id='block_1_108' title="bbox 2108 4767 2304 4838">
    <p class='ocr_par' dir='ltr' id='par_1_108' title="bbox 2108 4767 2304 4838">
     <span class='ocr_line' id='line_1_108' title="bbox 2108 4767 2304 4838; baseline 0.005 -18"><span class='ocrx_word' id='word_1_759' title='bbox 2108 4767 2304 4838; x_wconf 78' lang='grc' dir='ltr'>πικρά.</span> 
     </span>
    </p>
   </div>
   <div class='ocr_carea' id='block_1_109' title="bbox 2179 4855 3708 4931">
    <p class='ocr_par' dir='ltr' id='par_1_109' title="bbox 2179 4855 3708 4931">
     <span class='ocr_line' id='line_1_109' title="bbox 2179 4855 3708 4931; baseline -0.001 -19"><span class='ocrx_word' id='word_1_760' title='bbox 2179 4861 2252 4914; x_wconf 84' lang='lat' dir='ltr'><strong>I&quot;.</strong></span> <span class='ocrx_word' id='word_1_761' title='bbox 2293 4859 2426 4924; x_wconf 89' lang='grc' dir='ltr'>Θεὸς</span> <span class='ocrx_word' id='word_1_762' title='bbox 2468 4859 2614 4931; x_wconf 76' lang='grc' dir='ltr'>ὑμᾶς</span> <span class='ocrx_word' id='word_1_763' title='bbox 2654 4861 2936 4926; x_wconf 79' lang='grc' dir='ltr'>ἐξελέξατο</span> <span class='ocrx_word' id='word_1_764' title='bbox 2975 4856 3156 4929; x_wconf 88' lang='grc' dir='ltr'>ἐαυτῷ</span> <span class='ocrx_word' id='word_1_765' title='bbox 3182 4857 3312 4912; x_wconf 92' lang='grc' dir='ltr'>λαὸν</span> <span class='ocrx_word' id='word_1_766' title='bbox 3365 4855 3708 4929; x_wconf 73' lang='grc' dir='ltr'>περιούσιον,</span> 
     </span>
    </p>
   </div>
   <div class='ocr_carea' id='block_1_110' title="bbox 2109 4947 3706 5025">
    <p class='ocr_par' dir='ltr' id='par_1_110' title="bbox 2109 4947 3706 5025">
     <span class='ocr_line' id='line_1_110' title="bbox 2109 4947 3706 5025; baseline -0.001 -19"><span class='ocrx_word' id='word_1_767' title='bbox 2109 4949 2356 5024; x_wconf 77' lang='grc' dir='ltr'>ζηλωτὴν</span> <span class='ocrx_word' id='word_1_768' title='bbox 2402 4951 2585 5007; x_wconf 87' lang='grc' dir='ltr'>καλῶν</span> <span class='ocrx_word' id='word_1_769' title='bbox 2623 4952 2824 5025; x_wconf 75' lang='grc' dir='ltr'>ἔργων·</span> <span class='ocrx_word' id='word_1_770' title='bbox 2880 4951 3068 5022; x_wconf 81' lang='grc' dir='ltr'>Ὑμεῖς</span> <span class='ocrx_word' id='word_1_771' title='bbox 3110 4951 3253 5006; x_wconf 80' lang='grc' dir='ltr'>ἐστε</span> <span class='ocrx_word' id='word_1_772' title='bbox 3291 4947 3419 5020; x_wconf 72' lang='grc' dir='ltr'><strong>φῶς</strong></span> <span class='ocrx_word' id='word_1_773' title='bbox 3457 4948 3564 5004; x_wconf 86' lang='grc' dir='ltr'>τοῦ</span> <span class='ocrx_word' id='word_1_774' title='bbox 3601 4949 3706 5004; x_wconf 78' lang='grc' dir='ltr'>κό-</span> 
     </span>
    </p>
   </div>
   <div class='ocr_carea' id='block_1_111' title="bbox 2108 5035 3698 5114">
    <p class='ocr_par' dir='ltr' id='par_1_111' title="bbox 2108 5035 3698 5114">
     <span class='ocr_line' id='line_1_111' title="bbox 2108 5035 3698 5114; baseline -0.001 -19"><span class='ocrx_word' id='word_1_775' title='bbox 2108 5057 2291 5112; x_wconf 79' lang='grc' dir='ltr'>σμου,</span> <span class='ocrx_word' id='word_1_776' title='bbox 2316 5045 2346 5097; x_wconf 90' lang='lat'><strong>6</strong></span> <span class='ocrx_word' id='word_1_777' title='bbox 2369 5043 2562 5114; x_wconf 84' lang='grc' dir='ltr'>Σωτὴρ</span> <span class='ocrx_word' id='word_1_778' title='bbox 2587 5042 2834 5114; x_wconf 73' lang='grc' dir='ltr'>εἴρηκεν·</span> <span class='ocrx_word' id='word_1_779' title='bbox 2864 5044 2960 5097; x_wconf 75' lang='grc' dir='ltr'>καὶ</span> <span class='ocrx_word' id='word_1_780' title='bbox 2983 5035 3059 5097; x_wconf 81' lang='grc' dir='ltr'>ὧν</span> <span class='ocrx_word' id='word_1_781' title='bbox 3085 5042 3115 5094; x_wconf 89' lang='lat'><strong>6</strong></span> <span class='ocrx_word' id='word_1_782' title='bbox 3149 5041 3310 5112; x_wconf 80' lang='grc' dir='ltr'>ζῆλος</span> <span class='ocrx_word' id='word_1_783' title='bbox 3345 5042 3373 5094; x_wconf 94' lang='lat'><strong>6</strong></span> <span class='ocrx_word' id='word_1_784' title='bbox 3398 5039 3584 5104; x_wconf 79' lang='grc' dir='ltr'>αὐτὸς,</span> <span class='ocrx_word' id='word_1_785' title='bbox 3610 5041 3698 5094; x_wconf 79' lang='grc' dir='ltr'><strong>καὶ</strong></span> 
     </span>
    </p>
   </div>
   <div class='ocr_carea' id='block_1_112' title="bbox 2107 5132 3697 5206">
    <p class='ocr_par' dir='ltr' id='par_1_112' title="bbox 2107 5132 3697 5206">
     <span class='ocr_line' id='line_1_112' title="bbox 2107 5132 3697 5206; baseline -0.002 -19"><span class='ocrx_word' id='word_1_786' title='bbox 2107 5133 2170 5188; x_wconf 90' lang='grc' dir='ltr'><strong>τὸ</strong></span> <span class='ocrx_word' id='word_1_787' title='bbox 2207 5133 2368 5206; x_wconf 77' lang='grc' dir='ltr'>ἔργον</span> <span class='ocrx_word' id='word_1_788' title='bbox 2411 5134 2471 5188; x_wconf 90' lang='grc' dir='ltr'><strong>τὸ</strong></span> <span class='ocrx_word' id='word_1_789' title='bbox 2508 5135 2664 5200; x_wconf 79' lang='grc' dir='ltr'>αὐτὸ,</span> <span class='ocrx_word' id='word_1_790' title='bbox 2699 5136 2794 5189; x_wconf 76' lang='grc' dir='ltr'>καὶ</span> <span class='ocrx_word' id='word_1_791' title='bbox 2831 5137 2860 5190; x_wconf 90' lang='lat'><strong>6</strong></span> <span class='ocrx_word' id='word_1_792' title='bbox 2899 5135 3121 5197; x_wconf 72' lang='grc' dir='ltr'>ἔπαινος</span> <span class='ocrx_word' id='word_1_793' title='bbox 3151 5135 3180 5187; x_wconf 95' lang='lat'><strong>6</strong></span> <span class='ocrx_word' id='word_1_794' title='bbox 3207 5132 3391 5196; x_wconf 82' lang='grc' dir='ltr'>αὐτὸς,</span> <span class='ocrx_word' id='word_1_795' title='bbox 3420 5133 3516 5184; x_wconf 75' lang='grc' dir='ltr'>καὶ</span> <span class='ocrx_word' id='word_1_796' title='bbox 3547 5133 3576 5186; x_wconf 92' lang='lat'><strong>6</strong></span> <span class='ocrx_word' id='word_1_797' title='bbox 3613 5150 3697 5203; x_wconf 76' lang='grc' dir='ltr'>μι·</span> 
     </span>
    </p>
   </div>
   <div class='ocr_carea' id='block_1_113' title="bbox 2111 5222 3698 5299">
    <p class='ocr_par' dir='ltr' id='par_1_113' title="bbox 2111 5222 3698 5299">
     <span class='ocr_line' id='line_1_113' title="bbox 2111 5222 3698 5299; baseline -0.003 -19"><span class='ocrx_word' id='word_1_798' title='bbox 2111 5226 2236 5292; x_wconf 85' lang='grc' dir='ltr'>σθὸς</span> <span class='ocrx_word' id='word_1_799' title='bbox 2261 5229 2290 5281; x_wconf 89' lang='lat'><strong>6</strong></span> <span class='ocrx_word' id='word_1_800' title='bbox 2314 5227 2496 5292; x_wconf 79' lang='grc' dir='ltr'>αὑτός·</span> <span class='ocrx_word' id='word_1_801' title='bbox 2526 5227 2789 5299; x_wconf 81' lang='grc' dir='ltr'>μακάριοι</span> <span class='ocrx_word' id='word_1_802' title='bbox 2812 5226 2992 5281; x_wconf 86' lang='grc' dir='ltr'>τοίνυν</span> <span class='ocrx_word' id='word_1_803' title='bbox 3014 5225 3139 5280; x_wconf 77' lang='grc' dir='ltr'>ἐστὲ</span> <span class='ocrx_word' id='word_1_804' title='bbox 3165 5225 3259 5278; x_wconf 73' lang='grc' dir='ltr'><strong>καὶ</strong></span> <span class='ocrx_word' id='word_1_805' title='bbox 3279 5222 3698 5296; x_wconf 77' lang='grc' dir='ltr'>τρισμακάριοι,</span> 
     </span>
    </p>
   </div>
   <div class='ocr_carea' id='block_1_114' title="bbox 2108 5312 3701 5391">
    <p class='ocr_par' dir='ltr' id='par_1_114' title="bbox 2108 5312 3701 5391">
     <span class='ocr_line' id='line_1_114' title="bbox 2108 5312 3701 5391; baseline 0 -17"><span class='ocrx_word' id='word_1_806' title='bbox 2108 5313 2156 5374; x_wconf 75' lang='grc' dir='ltr'>ὦ</span> <span class='ocrx_word' id='word_1_807' title='bbox 2199 5319 2524 5390; x_wconf 85' lang='grc' dir='ltr'>τιμιώτατοι</span> <span class='ocrx_word' id='word_1_808' title='bbox 2571 5318 2690 5390; x_wconf 87' lang='grc' dir='ltr'>Θεῷ</span> <span class='ocrx_word' id='word_1_809' title='bbox 2729 5316 3078 5391; x_wconf 82' lang='grc' dir='ltr'>μονάζοντες·</span> <span class='ocrx_word' id='word_1_810' title='bbox 3127 5315 3212 5379; x_wconf 89' lang='grc' dir='ltr'><strong>τίς</strong></span> <span class='ocrx_word' id='word_1_811' title='bbox 3269 5314 3426 5384; x_wconf 83' lang='grc' dir='ltr'>ὑμῶν</span> <span class='ocrx_word' id='word_1_812' title='bbox 3466 5312 3701 5378; x_wconf 74' lang='grc' dir='ltr'>ἐπαξίως</span> 
     </span>
    </p>
   </div>
   <div class='ocr_carea' id='block_1_115' title="bbox 2111 5406 3698 5484">
    <p class='ocr_par' dir='ltr' id='par_1_115' title="bbox 2111 5406 3698 5484">
     <span class='ocr_line' id='line_1_115' title="bbox 2111 5406 3698 5484; baseline -0.004 -19"><span class='ocrx_word' id='word_1_813' title='bbox 2111 5413 2416 5466; x_wconf 75' lang='grc' dir='ltr'>ἐπαινέσειε</span> <span class='ocrx_word' id='word_1_814' title='bbox 2445 5413 2544 5484; x_wconf 77' lang='grc' dir='ltr'>τὴν</span> <span class='ocrx_word' id='word_1_815' title='bbox 2569 5412 2879 5484; x_wconf 77' lang='grc' dir='ltr'>διαγωγήνς</span> <span class='ocrx_word' id='word_1_816' title='bbox 2909 5410 3046 5482; x_wconf 78' lang='grc' dir='ltr'>ἔργα</span> <span class='ocrx_word' id='word_1_817' title='bbox 3069 5408 3179 5480; x_wconf 84' lang='grc' dir='ltr'><strong>γὰρ</strong></span> <span class='ocrx_word' id='word_1_818' title='bbox 3205 5408 3334 5478; x_wconf 76' lang='grc' dir='ltr'>ὑμῖν</span> <span class='ocrx_word' id='word_1_819' title='bbox 3367 5406 3584 5477; x_wconf 83' lang='grc' dir='ltr'>ἡμέρας</span> <span class='ocrx_word' id='word_1_820' title='bbox 3611 5406 3698 5459; x_wconf 59' lang='grc' dir='ltr'>καὶ</span> 
     </span>
    </p>
   </div>
   <div class='ocr_carea' id='block_1_116' title="bbox 2109 5497 3699 5577">
    <p class='ocr_par' dir='ltr' id='par_1_116' title="bbox 2109 5497 3699 5577">
     <span class='ocr_line' id='line_1_116' title="bbox 2109 5497 3699 5577; baseline -0.005 -19"><span class='ocrx_word' id='word_1_821' title='bbox 2109 5504 2305 5569; x_wconf 87' lang='grc' dir='ltr'>νυκτὸς</span> <span class='ocrx_word' id='word_1_822' title='bbox 2330 5505 2537 5577; x_wconf 72' lang='grc' dir='ltr'>ψαλμοὶ</span> <span class='ocrx_word' id='word_1_823' title='bbox 2577 5506 2672 5559; x_wconf 73' lang='grc' dir='ltr'><strong>καὶ</strong></span> <span class='ocrx_word' id='word_1_824' title='bbox 2705 5504 2865 5576; x_wconf 73' lang='grc' dir='ltr'>ὕμνοι</span> <span class='ocrx_word' id='word_1_825' title='bbox 2906 5502 3001 5556; x_wconf 72' lang='grc' dir='ltr'><strong>καὶ</strong></span> <span class='ocrx_word' id='word_1_826' title='bbox 3026 5500 3160 5572; x_wconf 78' lang='grc' dir='ltr'>ᾠδαὶ</span> <span class='ocrx_word' id='word_1_827' title='bbox 3196 5497 3569 5569; x_wconf 75' lang='grc' dir='ltr'>πνευματικαὶ</span> <span class='ocrx_word' id='word_1_828' title='bbox 3609 5497 3699 5551; x_wconf 72' lang='grc' dir='ltr'>καὶ</span> 
     </span>
    </p>
   </div>
   <div class='ocr_carea' id='block_1_117' title="bbox 2111 5590 3699 5670">
    <p class='ocr_par' dir='ltr' id='par_1_117' title="bbox 2111 5590 3699 5670">
     <span class='ocr_line' id='line_1_117' title="bbox 2111 5590 3699 5670; baseline -0.004 -19"><span class='ocrx_word' id='word_1_829' title='bbox 2111 5597 2344 5670; x_wconf 77' lang='grc' dir='ltr'>πράξεις</span> <span class='ocrx_word' id='word_1_830' title='bbox 2369 5597 2490 5670; x_wconf 89' lang='grc' dir='ltr'>Θεῷ</span> <span class='ocrx_word' id='word_1_831' title='bbox 2523 5598 2847 5670; x_wconf 82' lang='grc' dir='ltr'>πρέπουσαι·</span> <span class='ocrx_word' id='word_1_832' title='bbox 2879 5596 3073 5666; x_wconf 78' lang='grc' dir='ltr'>ἀνάπη</span> <span class='ocrx_word' id='word_1_833' title='bbox 3100 5595 3214 5666; x_wconf 88' lang='grc' dir='ltr'><strong>γάρ</strong></span> <span class='ocrx_word' id='word_1_834' title='bbox 3250 5593 3380 5665; x_wconf 83' lang='grc' dir='ltr'>ὑμῖν</span> <span class='ocrx_word' id='word_1_835' title='bbox 3417 5590 3699 5646; x_wconf 82' lang='grc' dir='ltr'>πολιτεύε-</span> 
     </span>
    </p>
   </div>
   <div class='ocr_carea' id='block_1_118' title="bbox 491 5789 2003 5870">
    <p class='ocr_par' dir='ltr' id='par_1_118' title="bbox 491 5789 2002 5870">
     <span class='ocr_line' id='line_1_118' title="bbox 491 5789 2002 5870; baseline 0.001 -16"><span class='ocrx_word' id='word_1_836' title='bbox 491 5789 542 5825; x_wconf 79' lang='grc'><strong>³⁸</strong></span> <span class='ocrx_word' id='word_1_837' title='bbox 578 5793 812 5870; x_wconf 81' lang='lat' dir='ltr'><strong>Philipp.</strong></span> <span class='ocrx_word' id='word_1_838' title='bbox 861 5814 942 5864; x_wconf 89' lang='grc' dir='ltr'>ιιι,</span> <span class='ocrx_word' id='word_1_839' title='bbox 995 5797 1049 5854; x_wconf 89' lang='grc'><strong>8.</strong></span> <span class='ocrx_word' id='word_1_840' title='bbox 1126 5799 1172 5834; x_wconf 80' lang='grc'><strong><em>³⁸</em></strong></span> <span class='ocrx_word' id='word_1_841' title='bbox 1213 5797 1230 5853; x_wconf 96' lang='lat' dir='ltr'><strong>l</strong></span> <span class='ocrx_word' id='word_1_842' title='bbox 1266 5799 1408 5855; x_wconf 85' lang='lat' dir='ltr'><strong>Tim.</strong></span> <span class='ocrx_word' id='word_1_843' title='bbox 1438 5815 1478 5868; x_wconf 87' lang='grc' dir='ltr'><strong>ι,</strong></span> <span class='ocrx_word' id='word_1_844' title='bbox 1515 5798 1570 5868; x_wconf 88' lang='grc'><strong>9,</strong></span> <span class='ocrx_word' id='word_1_845' title='bbox 1600 5797 1684 5855; x_wconf 90' lang='lat' dir='ltr'><strong>l0.</strong></span> <span class='ocrx_word' id='word_1_846' title='bbox 1761 5798 1806 5833; x_wconf 85' lang='grc'><em>³³</em></span> <span class='ocrx_word' id='word_1_847' title='bbox 1846 5799 2002 5858; x_wconf 79' lang='lat' dir='ltr'><strong>Rom.</strong></span> 
     </span>
    </p>
   </div>
   <div class='ocr_carea' id='block_1_119' title="bbox 2108 5789 3320 5870">
    <p class='ocr_par' dir='ltr' id='par_1_119' title="bbox 2108 5789 3320 5864">
     <span class='ocr_line' id='line_1_119' title="bbox 2108 5789 3320 5864; baseline -0.003 -16"><span class='ocrx_word' id='word_1_848' title='bbox 2108 5793 2244 5864; x_wconf 71' lang='lat'><strong>&quot;,5.</strong></span> <span class='ocrx_word' id='word_1_849' title='bbox 2333 5793 2376 5828; x_wconf 75' lang='lat'><strong>“</strong></span> <span class='ocrx_word' id='word_1_850' title='bbox 2420 5792 2527 5849; x_wconf 85' lang='lat' dir='ltr'><strong>Tit.</strong></span> <span class='ocrx_word' id='word_1_851' title='bbox 2573 5809 2634 5859; x_wconf 89' lang='grc' dir='ltr'><strong>ιι,</strong></span> <span class='ocrx_word' id='word_1_852' title='bbox 2661 5791 2745 5849; x_wconf 74' lang='grc' dir='ltr'>ιι.</span> <span class='ocrx_word' id='word_1_853' title='bbox 2841 5791 2886 5825; x_wconf 83' lang='grc'><strong><em>⁸⁸</em></strong></span> <span class='ocrx_word' id='word_1_854' title='bbox 2926 5790 3118 5848; x_wconf 75' lang='lat' dir='ltr'><strong>Matth.</strong></span> <span class='ocrx_word' id='word_1_855' title='bbox 3148 5789 3320 5854; x_wconf 69' lang='lat' dir='ltr'><strong>v.14.</strong></span> 
     </span>
    </p>
   </div>
  </div>
