3872 6278
190 323 306 381 999

1187 319 1246 378 s.
1287 319 1693 380 ssnarrorus
1763 321 1980 381 Eptsr.
2021 324 2113 380 an
2151 291 2457 382 nomen.

3365 325 3469 385 930

191 455 312 502 ται,
342 434 404 490 τὸ
425 434 536 489 τῶν
572 413 821 504 ἀγγέλων
843 431 1065 508 χρῆμα·
1101 435 1293 508 εἰρήνη
1328 438 1456 509 παρ’
1482 436 1609 508 ὑμῖν
1635 437 1780 508 ἐστή-

1892 438 2044 494 iirma
2072 441 2214 511 apud
2245 455 2363 508 vos,
2400 454 2520 510 qua:
2552 448 2634 496 est
2665 438 2925 496 caelorum
2960 449 3177 504 custos;
3211 439 3368 496 alieni
3402 444 3467 496 ab

192 546 404 603 ρικται,
441 525 551 581 τῶν
586 526 830 600 οὐρανῶν
854 527 1162 599 περίϐολος·
1192 529 1564 602 ἀφιλάργυρος
1594 529 1722 600 ὑμῖν
1752 529 1782 582 ό

191 622 418 696 τρόπος,
455 621 544 674 ἀεὶ
580 621 646 691 τῇ
675 619 834 692 χρείᾳ
863 619 1200 691 φιλούμενοι,
1225 621 1284 676 ὲν
1315 621 1594 692 νηστείαις
1625 619 1782 674 εὐτο-

191 731 296 780 vti,
331 715 389 768 ὲν
433 713 619 783 εὐχαῖς
672 710 1042 784 εὐτονώτεροι,
1077 714 1135 766 ὲν
1182 712 1508 784 ἀγρυπνίαις
1555 714 1684 783 ὑμῖν
1720 711 1782 766 τὸ

185 807 320 860 καθ’
347 805 562 877 ἡμέραν
582 806 648 875 τῇ
678 803 1046 875 ὲγρηγορήσει
1068 802 1364 860 διανύεται·
1393 804 1694 875 Augei-dtu;
1715 805 1780 859 τὸ

99 901 117 916 ’
187 897 325 969 φῶς
349 895 535 967 ὑμῶν,
568 891 719 949 εἶπεν
747 895 967 966 Κύριος·
999 897 1092 948 καὶ
1115 896 1143 948 ὃ
1173 896 1382 968 εἴρηκε,
1409 897 1676 966 φαίνεταισ
1707 896 1781 967 μὴ

186 989 479 1060 ἀγαπητὸν
512 989 736 1059 κόσμον,
767 986 899 1058 μηδὲ
931 988 998 1042 τὰ
1027 989 1084 1040 ἐν
1109 988 1186 1058 τῷ
1213 989 1402 1059 κόσμῳ
1425 990 1598 1060 τούτῳ
1624 991 1782 1059 ὑμεῖς

185 1082 559 1151 τετηρήκατεο
603 1077 861 1150 μακάριοι
895 1077 1072 1130 τοίνυν
1112 1078 1269 1147 ὑμεῖς
1305 1078 1382 1148 τῷ
1411 1078 1549 1150 Θεῷ,
1599 1079 1779 1150 μακά-

191 1187 315 1242 ριος
345 1169 401 1221 δὲ
429 1168 524 1223 καὶ
554 1168 584 1221 ό
614 1168 817 1239 κόσμος
843 1167 911 1221 δι’
936 1169 1096 1240 ὑμᾶς’
1133 1171 1187 1222 αἱ
1227 1170 1452 1240 ὲρημίαι
1492 1169 1782 1240 σεμνύνον-

183 1279 285 1315 ται
321 1261 391 1315 δι’
424 1261 587 1331 ὑμᾶς,
619 1261 711 1313 καὶ
747 1261 780 1330 ἡ
818 1260 1109 1330 οἰκουμένη
1156 1251 1540 1324 σώζεταιταϊς
1579 1261 1780 1331 ὑμετέ-

189 1370 321 1425 ραις
372 1354 723 1423 προσευχαῖς·
766 1351 922 1414 ὐετδς
965 1353 1030 1422 τῇ
1079 1353 1149 1421 γῇ
1198 1351 1618 1421 καταπέμπεται
1659 1354 1780 1415 ταῖς

185 1445 488 1518 ὑμετέραις
521 1444 771 1507 ἱκεσίαις,
807 1445 840 1514 ὴ
870 1445 939 1512 γῆ
968 1443 1276 1515 χλοηφορεῖ,
1308 1445 1400 1496 καὶ
1420 1443 1611 1516 δένδρα
1645 1461 1781 1514 καρ-

186 1540 320 1602 ποῖς
356 1535 650 1608 βριθόμενα
682 1535 890 1607 ἀϐλαϐῆ
921 1535 1011 1588 τὸν
1043 1535 1255 1607 καρπὸν
1296 1534 1639 1589 ἀποδίδωσιν⁸
1676 1553 1776 1588 πο-

191 1627 376 1698 ταμὸς
401 1625 599 1698 (Ἃρ-99)
645 1623 702 1677 δὲ
737 1623 969 1694 ἑτιησίως
1001 1622 1368 1693 αὐξανόμενος
1395 1623 1492 1678 καῖ⁹
1519 1623 1648 1695 ὃλην
1684 1625 1788 1697 τὴν

191 1719 475 1791 Δῖγυπτοι
497 1715 758 1779 ἀρδεύων.
783 1714 1000 1787 λίμναις
1019 1733 1076 1769 τε
1100 1715 1276 1786 φιλιού
1286 1734 1448 1788 μενος
1479 1715 1574 1770 καὶ
1597 1715 1789 1772 θαλάτ-

184 1826 316 1873 ταις
348 1808 480 1862 ποΛὺ
509 1808 712 1880 πλῆθος
749 1806 1081 1878 μεταδιδοὺς,
1112 1808 1219 1861 τῶν
1250 1808 1528 1879 ὑμετέρων
1559 1809 1778 1864 ίκεσιῶν

185 1898 451 1971 γνωρίζει
496 1900 596 1970 τὴν
627 1899 876 1969 δύναμιν.
913 1897 976 1952 Et
1003 1899 1111 1971 γὰρ
1151 1899 1340 1962 Ἠλίας
1379 1900 1664 1971 ἄνθρωπος
1711 1898 1778 1974 ἦν

185 1983 549 2065 ὁμοιοπαθὴς,
583 1991 658 2055 ὡς
696 1991 1025 2061 γέγραπται,
1063 1991 1157 2044 καὶ
1188 1995 1465 2063 προσευχῇ
1505 1994 1594 2046 τὸν
1628 1995 1779 2047 ὑετὸν

191 2084 557 2148 συνέστειλεν,
598 2085 690 2138 καὶ
727 2084 889 2137 πάλιν
921 2084 1310 2155 προσήνεγκεν,
1354 2086 1447 2137 καὶ
1491 2087 1519 2139 ὁ
1555 2086 1782 2158 οὐρανὸς

185 2175 435 2248 ἔϐρεξεν,
475 2175 567 2228 καὶ
607 2174 641 2245 ἡ
666 2173 734 2246 γῆ
765 2173 1064 2245 ἐϐλάστησε
1095 2172 1187 2226 τὸν
1217 2173 1426 2243 καρπὸν
1457 2175 1646 2244 αὐτῆς,
1686 2175 1782 2227 πό-

186 2285 272 2339 σῳ
305 2265 505 2338 μᾶλλον
539 2267 592 2319 αἱ
616 2264 882 2336 ὑμέτεραι
909 2264 1198 2336 πρεσϐεῖαι
1225 2263 1294 2318 τὰ
1317 2267 1436 2318 κατ’
1467 2265 1630 2337 εὐχὴν
1650 2267 1781 2337 ἡμῖν

185 2358 399 2414 ἀνοίσει
431 2357 674 2428 χρήσιμα
694 2372 710 2422 ;

261 2454 336 2504 Av,
372 2445 635 2517 Μακαρία
677 2443 862 2498 τοίνυν
912 2444 946 2517 ἡ
994 2434 1386 2518 Ἀλεξανδρέων
1433 2445 1587 2510 πόλις
1636 2445 1782 2516 ὑμᾶς

186 2538 394 2612 ἔχουσα
450 2536 815 2609 πρεσϐευτάς-ο
857 2537 956 2590 οὐκ
991 2536 1056 2590 ἂν
1094 2539 1150 2591 αί
1180 2537 1427 2608 Σοδόμων
1471 2537 1657 2600 πόλεις
1694 2553 1781 2589 τε-

187 2631 491 2704 φρωθεϊσαι
531 2629 848 2693 κατέπεσον,
884 2629 934 2681 εἰ
970 2627 1102 2680 δέκα
1143 2627 1336 2681 δίκαιοι
1368 2629 1549 2681 ἐκεῖσε
1586 2627 1781 2698 διέτριτ

187 2721 306 2779 ϐονο
343 2722 452 2775 οὐδ’
485 2716 551 2775 αὖ
581 2719 743 2772 πάλιν
792 2718 978 2790 ἕτεραι
1019 2719 1202 2782 πόλεις
1247 2718 1652 2791 διεστράφησαν
1690 2720 1780 2771 εὐ-

192 2813 483 2887 μοιροῦσαι
522 2813 620 2884 τῆς
653 2811 806 2882 ὑμῶν
838 2811 1143 2880 ἀγιότητος’
1175 2811 1224 2864 οί
1273 2811 1413 2880 φίλοι
1463 2810 1557 2864 τοῦ
1599 2811 1782 2864 θεοσε-

189 2905 324 2970 ϐοῦς
359 2903 479 2958 Ἰὼϐ
513 2903 739 2974 χαλετιτολ⁸
769 2903 921 2966 ὄντες
948 2902 1231 2973 ἐσώθησαν
1263 2902 1330 2956 δι’
1364 2902 1544 2965 αὐτὸν,
1581 2902 1657 2966 ὡς
1685 2903 1778 2970 γέ-

187 3011 468 3068 γραπται·
514 2995 647 3048 Ἰὼϐ
693 2992 762 3046 δὲ
804 2995 837 3048 ὁ
890 2991 1162 3060 θεράπων
1213 3009 1315 3060 μοι
1356 2990 1594 3055 εὔξεται
1647 2989 1782 3058 περὶ

186 3087 379 3159 ὑμῶν,
413 3085 502 3140 ὅτι
527 3087 580 3139 εί
605 3084 690 3154 μὴ
719 3085 1044 3153 πρόσωπον
1071 3081 1261 3137 αὐτοῦ
1288 3080 1581 3151 λήψομαι,
1614 3083 1666 3135 εί
1691 3080 1778 3150 μὴ

1885 529 2111 585 avaritia
2141 545 2319 586 mores
2347 531 2534 595 vestri,
2560 531 2650 600 qui
2683 532 2844 585 rebus
2876 532 3198 588 necessariis
3227 533 3466 587 contenti

1881 621 2033 686 estis,
2065 621 2115 672 in
2132 617 2354 688 jejuniis
2389 629 2719 685 constantes,
2747 620 2798 674 in
2829 621 3080 690 precibus
3116 621 3289 677 adhuc
3335 638 3468 677 con-

1883 710 2198 778 stantiores,
2236 711 2288 764 in
2321 711 2518 782 vigiliis
2546 711 2848 782 experrecti
2891 712 3259 779 quotidianam
3301 714 3466 766 vitam

1884 802 2162 872 peragitis.
2215 801 2411 856 Luceat
2444 803 2538 856 tua:
2589 814 2773 868 vestra,
2820 804 2957 858 dixit
3003 804 3259 859 Dominus
3296 804 3372 870 ³⁴;
3412 813 3469 858 et

1882 895 2022 963 quod
2073 895 2229 960 dixit,
2282 896 2422 963 apud
2468 909 2566 950 vos
2599 904 2790 963 paret;
2836 911 3010 964 neque
3045 896 3196 950 vobis
3236 897 3466 949 mundus

1882 996 1975 1040 aut
2021 986 2242 1039 omnino
2297 1003 2417 1054 quae
2467 996 2594 1041 sunt
2637 988 2687 1040 in
2732 987 2929 1040 mundo
2969 983 3113 1041 cura!
3142 998 3286 1040 sunt.
3316 987 3462 1040 Beati

1884 1077 2046 1148 igitur
2076 1091 2172 1130 vos
2210 1092 2390 1130 coram
2431 1079 2558 1142 Deo,
2606 1079 2798 1132 beatus
2831 1081 2956 1132 item
2991 1079 3216 1132 mundus
3246 1091 3467 1149 propter

1883 1183 1998 1222 Vos.
2067 1166 2289 1223 Deserta
2351 1168 2462 1223 loca
2517 1170 2678 1224 vestri
2728 1186 2889 1225 Causa
2934 1171 3267 1224 venerationi
3315 1181 3462 1236 sunt,

1881 1260 2184 1327 vestrisque
2238 1260 2490 1331 pret-ibus
2540 1272 2810 1315 terrarum
2855 1262 2999 1316 orbis
3050 1271 3229 1316 manet
3261 1262 3465 1316 int-olu-

1882 1353 2004 1406 mis.
2041 1349 2209 1407 Vobis
2261 1352 2544 1406 orantibns
2596 1353 2773 1420 pluvia
2812 1353 2863 1405 in
2902 1365 3097 1405 terram
3142 1354 3463 1418 demittitur,

1882 1442 2038 1497 tellus
2072 1443 2257 1498 herbis
2298 1443 2539 1509 virescit,
2576 1444 2796 1499 arbores
2833 1445 3004 1514 pomis
3045 1455 3251 1499 outtstzu
3294 1444 3465 1499 invio-

1880 1533 2046 1587 latum
2095 1531 2328 1588 fructum
2385 1535 2750 1602 suppeditant,
2805 1535 3001 1590 ﬂtttt'ten
3045 1536 3332 1604 quotannis
3368 1551 3466 1588 au-

1880 1637 2059 1692 ctuin,
2095 1629 2402 1682 universam
2436 1626 2724 1697 JEgypInm
2767 1627 3020 1698 irrigans.
3055 1629 3256 1698 stagnis
3291 1641 3349 1682 se
3377 1643 3464 1682 so-

1880 1715 2069 1783 cians,
2153 1717 2501 1787 maribusque
2570 1734 2828 1785 aquarum
2910 1719 3117 1786 copiam
3185 1720 3461 1786 tribuens,

1813 1819 2181 1899 Bvestrarum
2245 1811 2693 1881 supplicationum
2753 1811 2860 1864 vim
2912 1811 3170 1865 declarat.
3205 1810 3260 1865 Si
3315 1813 3459 1866 enim

1885 1903 2048 1964 Elias,
2087 1903 2189 1966 vir,
2225 1905 2300 1957 uti
2342 1903 2603 1972 scriptum
2639 1914 2742 1968 est,
2775 1918 2926 1972 aeque
2970 1919 3031 1957 ac
3070 1903 3160 1956 alii
3212 1903 3462 1956 homines

1881 1991 2220 2068 passioniims
2258 2005 2580 2055 commotus,
2616 2007 2776 2062 prece
2835 1993 3180 2048 nihilominus
3227 1993 3458 2061 pluviam

1883 2084 2134 2145 inhibuit,
2183 2100 2479 2152 rursusque
2520 2100 2678 2154 prece
2718 2084 2786 2138 ab
2813 2099 2879 2137 eo
2906 2084 3104 2148 oblata,
3141 2087 3277 2138 caelo
3304 2085 3458 2155 pluit,

1879 2181 1931 2232 et
1962 2192 2116 2229 suum
2160 2176 2315 2229 tellus
2343 2175 2575 2228 fructum
2615 2174 2934 2246 germinavit
2959 2176 3024 2239 ³⁷,
3061 2185 3262 2243 quanto
3291 2176 3462 2246 magis

1880 2279 2058 2323 vestra
2118 2268 2436 2324 intercessio
2475 2270 2740 2339 postulata
2793 2268 2947 2322 nobis
3004 2268 3157 2320 tttilia
3200 2266 3461 2338 impetra-

1881 2358 1990 2412 bit?

1953 2447 2040 2503 IV.
2078 2447 2225 2502 Felix
2267 2457 2431 2516 Igitur
2467 2461 2600 2502 urns
2643 2449 2968 2503 Alexandria
3019 2464 3139 2518 qua:
3177 2464 3272 2504 vos
3301 2448 3464 2505 habet
3537 2502 3542 2504 _

1883 2540 2312 2595 intercessores!
2347 2539 2509 2594 Certe
2545 2537 2944 2593 Sodomitarum
2981 2541 3230 2595 civitates
3261 2557 3464 2610 nequa-

1881 2646 2045 2701 quam
2079 2632 2130 2684 in
2161 2633 2375 2685 cineres
2403 2631 2636 2685 redacta
2665 2630 2910 2696 fuissent,
2943 2631 2987 2685 si
3019 2632 3202 2685 decem
3235 2631 3306 2685 ibi
3329 2631 3461 2702 justi

1884 2723 2364 2789 inltabitasscnt";
2406 2737 2579 2791 neque
2617 2724 2743 2777 item
2782 2723 2901 2777 aliae
2933 2723 3092 2776 urbes
3122 2738 3324 2779 eversa:
3371 2740 3461 2778 es-

1881 2823 2021 2876 sent,
2052 2815 2095 2868 si
2125 2825 2356 2868 vestram
2394 2814 2531 2882 apud
2561 2831 2619 2869 se
2660 2825 2964 2868 manentem
2993 2801 3337 2870 sanctitatem
3367 2816 3463 2870 Ita-

1881 2906 2147 2961 buissent.
2198 2905 2453 2975 Religiosi
2503 2904 2604 2959 Job
2645 2907 2827 2967 amici,
2869 2923 3174 2976 quanquam
3221 2907 3463 2962 distortis

1881 2998 2148 3062 morilms,
2185 2997 2303 3066 ejus
2329 3007 2506 3050 tamen
2536 2999 2732 3065 gratia,
2761 3007 2817 3050 ut
2848 2997 2920 3050 ait
2953 2998 3253 3065 Scriptura,
3278 3014 3464 3053 serva-

1883 3090 1919 3144 ti
1948 3089 2164 3144 l'ueruut
2192 3108 2204 3144 :
2234 3087 2357 3155 Job,
2404 3089 2598 3158 inquit,
2633 3105 2809 3143 servus
2851 3106 2992 3143 meus
3023 3106 3118 3158 pro
3168 3088 3309 3143 vobis
3339 3106 3462 3144 ora-

187 3181 304 3252 τὰρ
327 3178 404 3232 δι’
428 3177 636 3239 αὑτὸν,
662 3175 951 3231 ἀπώλεσα
983 3174 1060 3228 ἂν
1103 3173 1335 3241 πάντας
1377 3172 1551 3242 ὑμᾶς·
1593 3174 1774 3244 ἥμαρ-

1883 3182 1976 3245 bit,
2026 3180 2176 3248 cuius
2216 3197 2306 3251 ego
2347 3181 2537 3250 [aciem
2588 3182 2882 3245 reverebar;
2913 3183 3013 3234 nisi
3045 3181 3180 3234 enim
3226 3199 3318 3244 per
3345 3199 3462 3235 eum

187 3287 282 3326 τεν
316 3269 478 3323 πάλιν
511 3268 690 3322 meo
721 3265 827 3320 τῶν
860 3265 1130 3319 Ἰουδαίων
1161 3264 1305 3328 λαὸς,
1338 3267 1427 3319 ὅτε
1463 3267 1492 3318 ό
1515 3263 1609 3318 τοῦ
1643 3263 1778 3317 Θεοῦ

189 3361 446 3435 θεράπων
480 3361 571 3414 τὸν
588 3359 751 3430 νόμον
781 3357 1019 3424 ἐδέξατοσ
1046 3357 1390 3428 ὀλιγωρήσας
1419 3354 1513 3408 τοῦ
1546 3353 1780 3426 πρέπον.

188 3469 284 3517 τος
325 3453 354 3506 ὀ
385 3453 471 3506 dei.
506 3451 762 3514 ἀσύνετος
797 3449 890 3502 καὶ
924 3446 1247 3510 ἀπαίδευτος
1281 3444 1410 3509 λαδς
1448 3443 1780 3516 παρηνόχλει

187 3545 272 3618 τῷ
314 3543 525 3616 Ἀαρὼν
565 3543 759 3611 λέγων’
795 3542 1066 3608 Ποίησον
1085 3539 1230 3609 ἡμῖν
1250 3538 1445 3605 θεοὺς,
1483 3538 1539 3592 οἳ
1558 3551 1782 3605 προπο-

179 3639 512 3708 ρεύσονται
547 3633 736 3705 ἡμῶν·
778 3631 1141 3704 παραϐάντων
1181 3628 1240 3683 δὲ
1291 3629 1492 3694 αὐτῶν,
1531 3626 1779 3700 ὠργίσθη

189 3726 398 3800 Κύριος
439 3727 624 3790 αὐτοῖς
649 3725 744 3780 καί
788 3738 974 3796 φησιν’
1009 3721 1259 3790 Μωϋσῆ,
1302 3720 1551 3790 Μωῠσῆ,
1592 3720 1782 3775 σπεῦ-

189 3833 332 3881 σον,
367 3819 670 3884 κατάϐηθι,
701 3819 736 3870 ό
766 3816 873 3885 γὰρ
905 3811 1057 3878 λαός
1092 3813 1423 3882 ἠνόμησενο
1459 3813 1489 3866 ό
1520 3812 1577 3865 δὲ
1609 3829 1778 3865 κατα-

189 3909 296 3974 ϐὰς
328 3912 422 3964 καὶ
450 3909 784 3981 θεασάμενος
812 3907 911 3980 τὴν
945 3905 1311 3977 παρανομίαν,
1345 3903 1676 3976 ἀπεκρίνατο
1703 3901 1780 3974 τῷ

189 4003 314 4076 Θεῷ
344 4004 537 4073 λέγων·
585 4004 653 4056 Et
693 4001 811 4072 μὲν
855 3997 1016 4068 ἀφῇς
1063 3997 1269 4064 αὐτοῖς
1309 3996 1427 4066 τὴν
1464 3997 1777 4066 ἁμαρτίαν,

189 4097 363 4168 ἄφες-ο
386 4098 438 4150 εί
464 4095 533 4149 δὲ
556 4093 641 4165 μή
683 4094 768 4164 γε,
796 4090 950 4163 κάμὲ
974 4090 1301 4160 ὲξάλειψον
1324 4090 1392 4143 ἐκ
1422 4087 1532 4157 τῆς
1557 4089 1780 4153 ,βίϐλου

189 4185 270 4261 ἧς
311 4188 601 4257 ἔγραψας.
640 4185 705 4238 Ὢ
741 4184 880 4256 πόση
906 4185 1020 4246 τοῖς
1051 4183 1226 4251 ἁγίοις
1253 4180 1520 4243 διάθεσιςῑ
1539 4180 1585 4234 ὣ
1613 4180 1781 4234 πόσον

1880 3273 2126 3346 stetisset,
2158 3273 2336 3342 utique
2368 3289 2452 3325 vos
2481 3288 2656 3325 omnes
2697 3289 2903 3340 pessum
2943 3272 3199 3326 dedissem
3225 3272 3289 3325 ”.
3321 3270 3462 3328 Olim

1881 3373 2138 3433 prmtcrea
2191 3359 2448 3418 Judaicns
2495 3362 2721 3431 populus
2756 3363 3016 3430 peccavit,
3064 3376 3170 3429 quo
3224 3372 3464 3431 tempore

1883 3439 1973 3509 Dei
2010 3468 2200 3510 servus
2223 3453 2395 3522 legem
2433 3453 2532 3507 sibi
2575 3454 2826 3505 traditam
2858 3452 3188 3522 actipiebat;
3233 3468 3464 3523 namque

1880 3547 2038 3602 oiIicii
2073 3546 2154 3600 sui
2182 3545 2380 3600 oblitus
2404 3545 2492 3600 ille
2523 3557 2738 3614 semper
2766 3545 3026 3612 insipiens
3062 3544 3463 3614 maleque.mo-

1881 3649 2034 3692 ratus
2058 3638 2306 3706 populus,
2337 3636 2677 3706 importunus
2701 3637 2903 3690 Aaroni
2936 3646 3055 3690 erat
3084 3637 3268 3692 dicens
3301 3653 3314 3690 :
3346 3635 3464 3690 Fac

1880 3728 2026 3782 nobis
2054 3727 2197 3791 deos,
2248 3744 2375 3798 quos
2410 3729 2504 3780 vite
2547 3728 2702 3780 duces
2754 3745 3035 3796 sequamur
3061 3729 3128 3783 ⁸ο.
3171 3728 3313 3796 Ergo
3358 3727 3464 3782 illis

1880 3816 2230 3887 peccantibus
2280 3818 2450 3871 iratus
2501 3816 2763 3871 Dominus
2819 3819 2895 3870 ait
2938 3837 2951 3871 :
3001 3817 3204 3889 Moyse,
3257 3817 3468 3888 Moyse,

1880 3909 2069 3976 festina
2100 3907 2429 3972 descendere,
2455 3907 2676 3975 papulas
2710 3909 2844 3960 enim
2873 3910 3254 3976 prwvaricatus
3281 3915 3357 3961 est
3394 3908 3462 3961 “.

1880 3998 1972 4053 Ille
2013 4015 2142 4055 vero
2178 4001 2534 4065 descendens,
2578 4000 2693 4053 visa
2739 4015 2800 4054 ea
2829 3999 3198 4070 perversitate,
3230 3999 3338 4053 Deo
3381 4014 3467 4054 re-

1879 4092 2096 4162 spondit
2122 4091 2308 4146 dicens
2343 4107 2357 4144 ι
2393 4091 2451 4146 Si
2481 4092 2688 4162 quidem
2712 4091 2809 4145 hoc
2839 4089 2945 4144 illis
2969 4101 3236 4159 peccatum
3267 4091 3341 4144 vis
3379 4089 3465 4142 di-

1880 4187 2103 4248 mittere,
2128 4185 2308 4254 utique
2331 4183 2536 4238 dimitte
2560 4198 2580 4246 ;
2606 4183 2653 4237 si
2683 4183 2875 4248 minus,
2911 4197 2989 4235 me
3020 4197 3221 4251 quoque
3248 4181 3311 4233 de
3329 4179 3465 4233 libro

191 4281 251 4335 ai
286 4278 549 4350 ὑμέτεραι
573 4275 729 4347 εὐχαὶ⁸
751 4274 822 4328 τὰ
849 4273 969 4328 κατ’
1001 4271 1166 4344 εὐχὴν
1199 4274 1329 4344 ἡμῖν
1353 4271 1557 4326 ἀνοίσει
1589 4271 1780 4343 χρήσι-

1883 4292 2030 4346 quem
2085 4275 2346 4344 scripsisti
2395 4274 2561 4328 deleto
2583 4273 2650 4325 θ’.
2693 4268 2737 4328 Ο
2774 4283 2973 4342 quanta
3018 4281 3101 4325 est
3150 4280 3462 4326 sanctorum

196 4389 298 4445 μα,
343 4368 438 4423 τοῦ
501 4367 637 4421 Θεοῦ
701 4364 1014 4420 ὲπισπῶσαι
1051 4365 1152 4435 τὴν
1194 4362 1516 4434 εὐμένειανι
1554 4359 1598 4414 ὣ
1637 4362 1776 4432 πόση

1883 4367 2217 4436 benignitas!
2247 4375 2505 4436 quantam
2536 4364 2692 4437 nobis
2717 4373 2911 4417 vestra:
2945 4377 3134 4433 preces
3165 4362 3460 4416 utilitatem

192 4462 545 4519 ἀποκείσεται
608 4459 736 4531 ὑμῖν
787 4461 822 4527 ἡ
890 4455 1196 4518 ἀνάπαυσις
1261 4452 1382 4525 Θεῷ
1442 4451 1778 4522 συναφθῑψαι

1884 4456 2275 4525 impetrabunt,
2317 4455 2410 4509 Dei
2457 4453 2832 4508 benevolentia
2876 4453 3198 4508 conciliata!
3250 4453 3460 4519 Quanta

193 4551 619 4616 σπουδάζουσινί
725 4519 908 4604 πόσων
933 4545 1152 4616 ἀγαθῶν
1179 4519 1649 4616 ὲμπλτγσθήσεσθε,
1673 4519 1778 4596 πα-

1883 4519 1978 4603 vos
2003 4548 2057 4602 in
2085 4519 2324 4600 futurum
2353 4555 2536 4600 manet
2567 4545 2802 4614 requies,
2822 4545 2912 4613 qui
2937 4543 3044 4599 Deo
3074 4543 3326 4616 conjungi
3358 4558 3464 4599 sat-

191 4647 351 4720 τέρα,
372 4645 467 4699 καὶ
494 4641 730 4716 μητέρα,
761 4640 855 4694 καὶ
880 4637 1142 4709 ἀδελφοὺς
1173 4635 1630 4699 καταλείψαντεςί

1885 4640 2074 4710 agitis!
2100 4638 2242 4706 Quot
2266 4638 2420 4694 bonis
2451 4637 2812 4708 replebimini,
2839 4637 2929 4706 qui
2964 4647 3196 4709 patrem,
3233 4648 3464 4694 matrem

1313 4726 1320 4731 ’
1884 4729 2190 4800 fratresque
2213 4729 2560 4785 deseruistis!

266 4824 345 4880 E'.
373 4822 465 4895 Τῷ
499 4819 750 4893 ’Δϐραάμ
784 4819 952 4873 πάλαι
977 4817 1007 4871 ὁ
1028 4815 1160 4880 Θεδς
1181 4815 1388 4886 ἔλεγεν·
1422 4815 1676 4881 Ἔξελθε
1708 4815 1778 4869 ἐκ

1954 4819 2011 4876 ν.
2047 4820 2355 4876 Abrahamo
2377 4821 2504 4875 olim
2537 4819 2676 4875 Deus
2705 4820 2780 4876 ait
2813 4837 2827 4875 :
2857 4819 2958 4874 Exi
2987 4819 3052 4875 de
3090 4830 3233 4875 terra
3261 4832 3353 4875 tua
3387 4836 3453 4876 ac

193 4917 308 4987 τῆς
344 4914 457 4987 γῆς
512 4927 630 4968 σου
680 4897 780 4966 καί
829 4909 898 4964 ἐκ
944 4906 1055 4978 τῆς
1091 4906 1448 4978 συγγενείας
1487 4922 1626 4970 σου,
1681 4904 1780 4960 καί

1883 4908 1946 4964 de
1977 4909 2291 4982 cognatione
2321 4920 2434 4974 tua,
2456 4919 2504 4963 et
2533 4910 2646 4964 veni
2670 4910 2726 4964 in
2757 4911 3014 4980 regionem
3037 4926 3195 4978 quam
3243 4912 3462 4966 demon-

194 5009 374 5077 δεῦρο
400 5008 488 5074 εις
519 5003 639 5076 γῆν
659 5001 740 5070 ἢν
760 5001 838 5056 ἄν
861 5015 960 5055 σοι
992 4997 1187 5064 δείξω
1219 4998 1313 5052 καὶ
1349 4999 1378 5050 ὁ
1405 4997 1504 5068 μὲν
1531 4995 1780 5068 Ἀϐραὰμ

1883 5013 2110 5056 stravere
2160 5002 2255 5055 tibi
2295 5001 2360 5055 ".
2403 5001 2468 5056 Et
2511 5001 2786 5056 Abraham
2829 5001 3044 5072 quidem
3079 5001 3463 5071 obtemperans

195 5096 516 5160 ὑπακούσας
556 5091 800 5164 ἐξῆλθενο
839 5089 952 5161 ὁρῶ
1007 5087 1065 5142 δὲ
1120 5086 1216 5141 καὶ
1259 5087 1404 5159 ὑμᾶς
1430 5087 1780 5158 ἁρπάσαντας

1883 5093 2037 5147 exiit.
2071 5090 2178 5148 Vos
2207 5095 2413 5164 pariter
2442 5093 2597 5150 video
2631 5094 2722 5148 Dei
2754 5093 2870 5147 voci
2903 5094 3046 5148 ultro
3069 5093 3378 5158 obsecntos,
3405 5102 3464 5150 ut

196 5177 406 5246 τὸνσοῦ
432 5185 567 5241 Θεοῦ
585 5185 763 5255 λόγον,
796 5184 885 5237 ἶνα
917 5181 994 5254 τῷ
1009 5179 1264 5254 ’Δϐραάμ
1290 5177 1778 5249 ὲξακολουθήσητε,

1887 5184 2180 5240 Abrahami
2216 5185 2489 5242 imitantes
2519 5185 2851 5255 exemplum,
2899 5186 3017 5256 ejus
3047 5200 3201 5255 atque
3241 5185 3462 5239 benedi-

196 5279 416 5351 καὶτῆς
444 5277 696 5347 εὐλογίας
733 5272 1270 5345 συναπολαυθήσητεο
1313 5269 1565 5341 Ἀγαθὸν
1585 5269 1779 5337 ἀνδρὶ,

1887 5277 2158 5333 ctionibus
2183 5275 2457 5333 fruamini.
2489 5276 2698 5333 Bonum
2727 5288 2802 5334 est
2832 5278 3054 5343 homini,
3085 5293 3203 5331 cum
3219 5285 3461 5342 portave-

197 5372 282 5428 ὅτ’
312 5372 390 5427 ἂν
422 5370 534 5440 ἄρῃ
564 5368 741 5439 ζυγὸν
765 5367 834 5421 ἐκ
853 5365 1135 5433 νεότητος
1162 5361 1370 5424 αὑτοῦ,
1399 5359 1681 5416 καθιεῒται
1713 5359 1780 5414 δὲ

1890 5369 1955 5421 rit
1982 5369 2171 5440 jugum
2197 5369 2261 5423 ab
2295 5370 2647 5425 adolescentia
2687 5386 2817 5435 sua;
2847 5370 3041 5424 sedebit
3071 5369 3212 5421 enim
3239 5375 3288 5422 et
3315 5375 3461 5421 tace-

197 5463 540 5536 καταμόνας
577 5459 676 5516 καί
698 5456 1088 5527 σιωπήσεταιο
1121 5454 1278 5508 τοῦτο
1311 5455 1344 5526 ἡ
1374 5451 1616 5524 ὑμετέρα
1650 5454 1780 5507 ἀνα-

1889 5457 1960 5512 bit
1990 5457 2056 5516 “.
2083 5457 2292 5515 Dictum
2335 5461 2438 5516 hoc
2465 5470 2645 5519 vestra
2682 5459 2736 5514 in
2770 5472 3011 5514 eremum
3036 5457 3270 5513 secessio
3290 5455 3462 5511 inter-

276 5601 324 5636 ⁸³
359 5601 548 5656 Matth.
574 5615 631 5664 ν,
669 5597 759 5653 ﬂ.
835 5596 880 5629 "
917 5594 1031 5652 Jac.
1058 5610 1111 5659 v,
1147 5594 1232 5659 Π,
1263 5591 1472 5664 18.ᾢ⁸⁸
1510 5589 1644 5646 Gen.
1685 5605 1780 5664 ξίν

1883 5590 1952 5648 52.
2033 5593 2076 5626 "
2114 5593 2216 5652 Job
2250 5609 2385 5664 XLII,
2411 5593 2467 5650 8.
2543 5594 2589 5626 ‘°
2622 5592 2791 5648 Exod.
2823 5606 2996 5660 usit,
3027 5590 3079 5644 ί.
3155 5589 3201 5623 ⁵³
3241 5587 3375 5644 ibiJ.
3403 5586 3460 5642 7.

197 5670 247 5708 δ’
289 5673 417 5728 ibid.
451 5671 546 5732 3i,
572 5659 664 5724 δὲ.
737 5667 785 5700 ⁸⁸
833 5665 971 5721 Gen.
1007 5681 1104 5730 xtl,
1138 5663 1187 5719 i.
1265 5663 1310 5694 ⁵⁵
1349 5661 1552 5717 Thren.
1584 5676 1665 5729 ιιι,
1689 5659 1780 5727 27,
1816 5659 1908 5716 28.

251 5778 468 5851 (ει-99)
504 5776 660 5834 Nilus
688 5773 959 5834 videlicet.
