  <div class='ocr_page' id='page_1' title='image "/cluster/home/n/w/nwhite01/storage/ocr_20150623/40/hvd.32044073501850/473.png"; bbox 0 0 3872 6278; ppageno 0'>
   <div class='ocr_carea' id='block_1_1' title="bbox 415 285 514 344">
    <p class='ocr_par' dir='ltr' id='par_1_1' title="bbox 415 285 514 344">
     <span class='ocr_line' id='line_1_1' title="bbox 415 285 514 344; baseline -0.04 0"><span class='ocrx_word' id='word_1_1' title='bbox 415 285 514 344; x_wconf 79' lang='grc'><strong>951</strong></span> 
     </span>
    </p>
   </div>
   <div class='ocr_carea' id='block_1_2' title="bbox 1514 281 2573 342">
    <p class='ocr_par' dir='ltr' id='par_1_2' title="bbox 1514 281 2573 342">
     <span class='ocr_line' id='line_1_2' title="bbox 1514 281 2573 342; baseline 0.007 -7"><span class='ocrx_word' id='word_1_2' title='bbox 1514 281 1786 340; x_wconf 78' lang='lat' dir='ltr'><strong>PATilES</strong></span> <span class='ocrx_word' id='word_1_3' title='bbox 1825 281 2123 340; x_wconf 63' lang='lat' dir='ltr'><strong>EGYPTII</strong></span> <span class='ocrx_word' id='word_1_4' title='bbox 2164 284 2439 341; x_wconf 60' lang='lat' dir='ltr'><strong>SECULI</strong></span> <span class='ocrx_word' id='word_1_5' title='bbox 2480 285 2573 342; x_wconf 76' lang='lat' dir='ltr'><strong>IV.</strong></span> 
     </span>
    </p>
   </div>
   <div class='ocr_carea' id='block_1_3' title="bbox 3589 280 3710 336">
    <p class='ocr_par' dir='ltr' id='par_1_3' title="bbox 3589 280 3710 336">
     <span class='ocr_line' id='line_1_3' title="bbox 3589 280 3710 336; baseline 0 0"><span class='ocrx_word' id='word_1_6' title='bbox 3589 280 3710 336; x_wconf 72' lang='lat'><strong>932</strong></span> 
     </span>
    </p>
   </div>
   <div class='ocr_carea' id='block_1_4' title="bbox 413 397 2017 474">
    <p class='ocr_par' dir='ltr' id='par_1_4' title="bbox 413 397 2002 473">
     <span class='ocr_line' id='line_1_4' title="bbox 413 397 2002 473; baseline -0.001 -15"><span class='ocrx_word' id='word_1_7' title='bbox 413 409 679 473; x_wconf 87' lang='lat' dir='ltr'><strong>pretatur.</strong></span> <span class='ocrx_word' id='word_1_8' title='bbox 722 397 838 455; x_wconf 84' lang='lat' dir='ltr'><strong>Non</strong></span> <span class='ocrx_word' id='word_1_9' title='bbox 875 414 971 455; x_wconf 91' lang='lat' dir='ltr'><strong>vos</strong></span> <span class='ocrx_word' id='word_1_10' title='bbox 1002 398 1310 454; x_wconf 73' lang='lat' dir='ltr'><strong>divitiarum</strong></span> <span class='ocrx_word' id='word_1_11' title='bbox 1349 411 1474 453; x_wconf 90' lang='lat' dir='ltr'><strong>esca</strong></span> <span class='ocrx_word' id='word_1_12' title='bbox 1505 398 1702 465; x_wconf 76' lang='lat' dir='ltr'><strong>illexit,</strong></span> <span class='ocrx_word' id='word_1_13' title='bbox 1735 415 1840 456; x_wconf 90' lang='lat' dir='ltr'><strong>non</strong></span> <span class='ocrx_word' id='word_1_14' title='bbox 1883 417 2002 455; x_wconf 88' lang='lat' dir='ltr'><strong>mu-</strong></span> 
     </span>
    </p>
   </div>
   <div class='ocr_carea' id='block_1_5' title="bbox 2123 397 3707 474">
    <p class='ocr_par' dir='ltr' id='par_1_5' title="bbox 2123 397 3707 474">
     <span class='ocr_line' id='line_1_5' title="bbox 2123 397 3707 474; baseline -0.001 -18"><span class='ocrx_word' id='word_1_15' title='bbox 2123 403 2346 474; x_wconf 76' lang='grc' dir='ltr'>[ώρησις</span> <span class='ocrx_word' id='word_1_16' title='bbox 2405 401 2722 474; x_wconf 80' lang='grc' dir='ltr'>ἑρμηνεύει·</span> <span class='ocrx_word' id='word_1_17' title='bbox 2759 399 2993 464; x_wconf 81' lang='grc' dir='ltr'>πλοῦτος</span> <span class='ocrx_word' id='word_1_18' title='bbox 3026 400 3173 471; x_wconf 75' lang='grc' dir='ltr'>ὑμᾶς</span> <span class='ocrx_word' id='word_1_19' title='bbox 3234 399 3338 453; x_wconf 81' lang='grc' dir='ltr'>οὐκ</span> <span class='ocrx_word' id='word_1_20' title='bbox 3387 397 3707 464; x_wconf 79' lang='grc' dir='ltr'>ὲδελέασεν,</span> 
     </span>
    </p>
   </div>
   <div class='ocr_carea' id='block_1_6' title="bbox 417 477 2002 561">
    <p class='ocr_par' dir='ltr' id='par_1_6' title="bbox 417 477 2002 561">
     <span class='ocr_line' id='line_1_6' title="bbox 417 477 2002 561; baseline -0.001 -14"><span class='ocrx_word' id='word_1_21' title='bbox 417 495 608 548; x_wconf 91' lang='lat' dir='ltr'><strong>lierum</strong></span> <span class='ocrx_word' id='word_1_22' title='bbox 656 490 1004 560; x_wconf 78' lang='lat' dir='ltr'><strong>pulchritudo</strong></span> <span class='ocrx_word' id='word_1_23' title='bbox 1065 489 1300 558; x_wconf 82' lang='lat' dir='ltr'><strong>decepit,</strong></span> <span class='ocrx_word' id='word_1_24' title='bbox 1353 490 1445 543; x_wconf 90' lang='lat' dir='ltr'><strong>sed</strong></span> <span class='ocrx_word' id='word_1_25' title='bbox 1497 477 1652 558; x_wconf 86' lang='lat' dir='ltr'><strong>quasi</strong></span> <span class='ocrx_word' id='word_1_26' title='bbox 1702 486 2002 561; x_wconf 84' lang='lat' dir='ltr'><strong>incorporei</strong></span> 
     </span>
    </p>
   </div>
   <div class='ocr_carea' id='block_1_7' title="bbox 417 578 2002 649">
    <p class='ocr_par' dir='ltr' id='par_1_7' title="bbox 417 578 2002 649">
     <span class='ocr_line' id='line_1_7' title="bbox 417 578 2002 649; baseline -0.003 -11"><span class='ocrx_word' id='word_1_27' title='bbox 417 585 758 638; x_wconf 73' lang='lat' dir='ltr'><strong>adversaries</strong></span> <span class='ocrx_word' id='word_1_28' title='bbox 794 581 1096 649; x_wconf 76' lang='lat' dir='ltr'><strong>voluptates</strong></span> <span class='ocrx_word' id='word_1_29' title='bbox 1121 580 1313 633; x_wconf 88' lang='lat' dir='ltr'><strong>divino</strong></span> <span class='ocrx_word' id='word_1_30' title='bbox 1342 578 1542 632; x_wconf 84' lang='lat' dir='ltr'><strong>timore</strong></span> <span class='ocrx_word' id='word_1_31' title='bbox 1569 581 2002 646; x_wconf 83' lang='lat' dir='ltr'><strong>conculcavistis,</strong></span> 
     </span>
    </p>
   </div>
   <div class='ocr_carea' id='block_1_8' title="bbox 418 671 2007 739">
    <p class='ocr_par' dir='ltr' id='par_1_8' title="bbox 418 671 2007 739">
     <span class='ocr_line' id='line_1_8' title="bbox 418 671 2007 739; baseline -0.002 -11"><span class='ocrx_word' id='word_1_32' title='bbox 418 688 529 728; x_wconf 91' lang='lat' dir='ltr'><strong>non</strong></span> <span class='ocrx_word' id='word_1_33' title='bbox 555 672 849 727; x_wconf 65' lang='lat' dir='ltr'><strong>inhaesistis</strong></span> <span class='ocrx_word' id='word_1_34' title='bbox 884 671 1258 739; x_wconf 66' lang='lat' dir='ltr'><strong>hujus‘mundi</strong></span> <span class='ocrx_word' id='word_1_35' title='bbox 1293 671 1460 731; x_wconf 83' lang='lat' dir='ltr'><strong>curis.</strong></span> <span class='ocrx_word' id='word_1_36' title='bbox 1485 671 1594 725; x_wconf 91' lang='lat' dir='ltr'><strong>imo</strong></span> <span class='ocrx_word' id='word_1_37' title='bbox 1633 671 1826 725; x_wconf 90' lang='lat' dir='ltr'><strong>harum</strong></span> <span class='ocrx_word' id='word_1_38' title='bbox 1859 671 2007 726; x_wconf 85' lang='lat' dir='ltr'><strong>vani-</strong></span> 
     </span>
    </p>
   </div>
   <div class='ocr_carea' id='block_1_9' title="bbox 421 762 2003 833">
    <p class='ocr_par' dir='ltr' id='par_1_9' title="bbox 421 762 2003 833">
     <span class='ocr_line' id='line_1_9' title="bbox 421 762 2003 833; baseline -0.002 -14"><span class='ocrx_word' id='word_1_39' title='bbox 421 773 586 819; x_wconf 82' lang='lat' dir='ltr'><strong>tatem</strong></span> <span class='ocrx_word' id='word_1_40' title='bbox 611 763 840 818; x_wconf 81' lang='lat' dir='ltr'><strong>vitastis.</strong></span> <span class='ocrx_word' id='word_1_41' title='bbox 882 762 1098 816; x_wconf 75' lang='lat' dir='ltr'><strong>Dulcior</strong></span> <span class='ocrx_word' id='word_1_42' title='bbox 1135 762 1291 818; x_wconf 84' lang='lat' dir='ltr'><strong>vobis</strong></span> <span class='ocrx_word' id='word_1_43' title='bbox 1325 763 1379 817; x_wconf 93' lang='lat' dir='ltr'><strong>in</strong></span> <span class='ocrx_word' id='word_1_44' title='bbox 1411 777 1597 816; x_wconf 92' lang='lat' dir='ltr'><strong>eremo</strong></span> <span class='ocrx_word' id='word_1_45' title='bbox 1637 763 1864 833; x_wconf 84' lang='lat' dir='ltr'><strong>simplex</strong></span> <span class='ocrx_word' id='word_1_46' title='bbox 1903 778 2003 832; x_wconf 90' lang='lat' dir='ltr'><strong>pa-</strong></span> 
     </span>
    </p>
   </div>
   <div class='ocr_carea' id='block_1_10' title="bbox 419 853 2006 924">
    <p class='ocr_par' dir='ltr' id='par_1_10' title="bbox 419 853 2006 924">
     <span class='ocr_line' id='line_1_10' title="bbox 419 853 2006 924; baseline 0 -14"><span class='ocrx_word' id='word_1_47' title='bbox 419 859 507 912; x_wconf 90' lang='lat' dir='ltr'><strong>nis</strong></span> <span class='ocrx_word' id='word_1_48' title='bbox 531 871 651 909; x_wconf 90' lang='lat' dir='ltr'><strong>cum</strong></span> <span class='ocrx_word' id='word_1_49' title='bbox 684 853 796 910; x_wconf 83' lang='lat' dir='ltr'><strong>sale</strong></span> <span class='ocrx_word' id='word_1_50' title='bbox 849 863 906 910; x_wconf 89' lang='lat' dir='ltr'><strong>et</strong></span> <span class='ocrx_word' id='word_1_51' title='bbox 957 870 1110 923; x_wconf 75' lang='lat' dir='ltr'><strong>aquae</strong></span> <span class='ocrx_word' id='word_1_52' title='bbox 1146 863 1299 924; x_wconf 89' lang='lat' dir='ltr'><strong>potu,</strong></span> <span class='ocrx_word' id='word_1_53' title='bbox 1336 869 1498 923; x_wconf 84' lang='lat' dir='ltr'><strong>quam</strong></span> <span class='ocrx_word' id='word_1_54' title='bbox 1549 856 1768 908; x_wconf 71' lang='lat' dir='ltr'><strong>urbanae</strong></span> <span class='ocrx_word' id='word_1_55' title='bbox 1801 855 2006 910; x_wconf 75' lang='lat' dir='ltr'><strong>delicia:</strong></span> 
     </span>
    </p>
   </div>
   <div class='ocr_carea' id='block_1_11' title="bbox 421 945 2005 1004">
    <p class='ocr_par' dir='ltr' id='par_1_11' title="bbox 421 945 2005 1004">
     <span class='ocr_line' id='line_1_11' title="bbox 421 945 2005 1004; baseline -0.002 -1"><span class='ocrx_word' id='word_1_56' title='bbox 421 959 476 1004; x_wconf 89' lang='lat' dir='ltr'><strong>et</strong></span> <span class='ocrx_word' id='word_1_57' title='bbox 504 949 749 1002; x_wconf 87' lang='lat' dir='ltr'><strong>convivia</strong></span> <span class='ocrx_word' id='word_1_58' title='bbox 781 961 1193 1004; x_wconf 60' lang='lat' dir='ltr'><strong>cumaerumna.</strong></span> <span class='ocrx_word' id='word_1_59' title='bbox 1249 945 1439 1000; x_wconf 78' lang='lat' dir='ltr'><strong>Melius</strong></span> <span class='ocrx_word' id='word_1_60' title='bbox 1466 959 1585 1000; x_wconf 86' lang='lat' dir='ltr'><strong>esse</strong></span> <span class='ocrx_word' id='word_1_61' title='bbox 1634 945 1864 1000; x_wconf 87' lang='lat' dir='ltr'><strong>frustum</strong></span> <span class='ocrx_word' id='word_1_62' title='bbox 1897 947 2005 1000; x_wconf 88' lang='lat' dir='ltr'><strong>cibi</strong></span> 
     </span>
    </p>
   </div>
   <div class='ocr_carea' id='block_1_12' title="bbox 421 1036 2008 1108">
    <p class='ocr_par' dir='ltr' id='par_1_12' title="bbox 421 1036 2008 1108">
     <span class='ocr_line' id='line_1_12' title="bbox 421 1036 2008 1108; baseline -0.003 -13"><span class='ocrx_word' id='word_1_63' title='bbox 421 1055 546 1095; x_wconf 92' lang='lat' dir='ltr'><strong>cum</strong></span> <span class='ocrx_word' id='word_1_64' title='bbox 562 1041 924 1095; x_wconf 87' lang='lat' dir='ltr'><strong>delectatione</strong></span> <span class='ocrx_word' id='word_1_65' title='bbox 961 1040 1012 1093; x_wconf 94' lang='lat' dir='ltr'><strong>in</strong></span> <span class='ocrx_word' id='word_1_66' title='bbox 1047 1053 1202 1108; x_wconf 86' lang='lat' dir='ltr'><strong>pace,</strong></span> <span class='ocrx_word' id='word_1_67' title='bbox 1245 1053 1406 1106; x_wconf 87' lang='lat' dir='ltr'><strong>quatn</strong></span> <span class='ocrx_word' id='word_1_68' title='bbox 1443 1040 1660 1092; x_wconf 86' lang='lat' dir='ltr'><strong>domum</strong></span> <span class='ocrx_word' id='word_1_69' title='bbox 1698 1036 1883 1091; x_wconf 90' lang='lat' dir='ltr'><strong>multis</strong></span> <span class='ocrx_word' id='word_1_70' title='bbox 1912 1038 2008 1091; x_wconf 79' lang='lat' dir='ltr'><strong>ho-</strong></span> 
     </span>
    </p>
   </div>
   <div class='ocr_carea' id='block_1_13' title="bbox 422 1127 2006 1201">
    <p class='ocr_par' dir='ltr' id='par_1_13' title="bbox 422 1127 2006 1201">
     <span class='ocr_line' id='line_1_13' title="bbox 422 1127 2006 1201; baseline -0.005 -14"><span class='ocrx_word' id='word_1_71' title='bbox 422 1133 510 1187; x_wconf 90' lang='lat' dir='ltr'><strong>nis</strong></span> <span class='ocrx_word' id='word_1_72' title='bbox 549 1131 855 1201; x_wconf 85' lang='lat' dir='ltr'><strong>iniquisque</strong></span> <span class='ocrx_word' id='word_1_73' title='bbox 894 1129 1129 1183; x_wconf 89' lang='lat' dir='ltr'><strong>victimis</strong></span> <span class='ocrx_word' id='word_1_74' title='bbox 1165 1129 1578 1192; x_wconf 88' lang='lat' dir='ltr'><strong>redundantem,</strong></span> <span class='ocrx_word' id='word_1_75' title='bbox 1603 1127 1644 1181; x_wconf 89' lang='lat' dir='ltr'><strong>si</strong></span> <span class='ocrx_word' id='word_1_76' title='bbox 1676 1127 1854 1181; x_wconf 79' lang='lat' dir='ltr'><strong>adsint</strong></span> <span class='ocrx_word' id='word_1_77' title='bbox 1879 1141 2006 1181; x_wconf 85' lang='lat' dir='ltr'><strong>con-</strong></span> 
     </span>
    </p>
   </div>
   <div class='ocr_carea' id='block_1_14' title="bbox 436 1217 2004 1290">
    <p class='ocr_par' dir='ltr' id='par_1_14' title="bbox 436 1217 2004 1290">
     <span class='ocr_line' id='line_1_14' title="bbox 436 1217 2004 1290; baseline -0.003 -14"><span class='ocrx_word' id='word_1_78' title='bbox 436 1223 725 1287; x_wconf 81' lang='lat' dir='ltr'><strong>tentiones,</strong></span> <span class='ocrx_word' id='word_1_79' title='bbox 746 1223 998 1290; x_wconf 87' lang='lat' dir='ltr'><strong>antiquus</strong></span> <span class='ocrx_word' id='word_1_80' title='bbox 1023 1221 1440 1275; x_wconf 89' lang='lat' dir='ltr'><strong>Proverbiorum</strong></span> <span class='ocrx_word' id='word_1_81' title='bbox 1465 1229 1651 1275; x_wconf 84' lang='lat' dir='ltr'><strong>auctor</strong></span> <span class='ocrx_word' id='word_1_82' title='bbox 1665 1217 2004 1274; x_wconf 76' lang='lat' dir='ltr'><strong>censebat&quot;.</strong></span> 
     </span>
    </p>
   </div>
   <div class='ocr_carea' id='block_1_15' title="bbox 425 1309 2008 1376">
    <p class='ocr_par' dir='ltr' id='par_1_15' title="bbox 425 1309 2008 1376">
     <span class='ocr_line' id='line_1_15' title="bbox 425 1309 2008 1376; baseline -0.003 -5"><span class='ocrx_word' id='word_1_83' title='bbox 425 1316 534 1371; x_wconf 79' lang='lat' dir='ltr'><strong>Vos</strong></span> <span class='ocrx_word' id='word_1_84' title='bbox 568 1316 619 1369; x_wconf 91' lang='lat' dir='ltr'><strong>in</strong></span> <span class='ocrx_word' id='word_1_85' title='bbox 645 1329 853 1368; x_wconf 88' lang='lat' dir='ltr'><strong>summa</strong></span> <span class='ocrx_word' id='word_1_86' title='bbox 883 1315 1133 1369; x_wconf 82' lang='lat' dir='ltr'><strong>libertate</strong></span> <span class='ocrx_word' id='word_1_87' title='bbox 1155 1314 1472 1376; x_wconf 80' lang='lat' dir='ltr'><strong>versamini,</strong></span> <span class='ocrx_word' id='word_1_88' title='bbox 1504 1326 1536 1366; x_wconf 94' lang='lat' dir='ltr'><strong>o</strong></span> <span class='ocrx_word' id='word_1_89' title='bbox 1559 1311 1864 1367; x_wconf 90' lang='lat' dir='ltr'><strong>charissitni</strong></span> <span class='ocrx_word' id='word_1_90' title='bbox 1897 1309 2008 1366; x_wconf 84' lang='lat' dir='ltr'><strong>Deo</strong></span> 
     </span>
    </p>
   </div>
   <div class='ocr_carea' id='block_1_16' title="bbox 427 1404 2010 1472">
    <p class='ocr_par' dir='ltr' id='par_1_16' title="bbox 427 1404 2010 1472">
     <span class='ocr_line' id='line_1_16' title="bbox 427 1404 2010 1472; baseline -0.003 -11"><span class='ocrx_word' id='word_1_91' title='bbox 427 1407 699 1462; x_wconf 85' lang='lat' dir='ltr'><strong>monachi.</strong></span> <span class='ocrx_word' id='word_1_92' title='bbox 737 1404 888 1460; x_wconf 83' lang='lat' dir='ltr'><strong>Uxor</strong></span> <span class='ocrx_word' id='word_1_93' title='bbox 911 1407 1065 1461; x_wconf 83' lang='lat' dir='ltr'><strong>vobis</strong></span> <span class='ocrx_word' id='word_1_94' title='bbox 1101 1421 1205 1460; x_wconf 91' lang='lat' dir='ltr'><strong>non</strong></span> <span class='ocrx_word' id='word_1_95' title='bbox 1237 1414 1317 1458; x_wconf 91' lang='lat' dir='ltr'><strong>est</strong></span> <span class='ocrx_word' id='word_1_96' title='bbox 1349 1405 1573 1459; x_wconf 87' lang='lat' dir='ltr'><strong>molesta</strong></span> <span class='ocrx_word' id='word_1_97' title='bbox 1608 1411 1828 1472; x_wconf 88' lang='lat' dir='ltr'><strong>pr0pter</strong></span> <span class='ocrx_word' id='word_1_98' title='bbox 1856 1417 2010 1456; x_wconf 87' lang='lat' dir='ltr'><strong>mun-</strong></span> 
     </span>
    </p>
   </div>
   <div class='ocr_carea' id='block_1_17' title="bbox 427 1498 2011 1567">
    <p class='ocr_par' dir='ltr' id='par_1_17' title="bbox 427 1498 2011 1567">
     <span class='ocr_line' id='line_1_17' title="bbox 427 1498 2011 1567; baseline -0.003 -15"><span class='ocrx_word' id='word_1_99' title='bbox 427 1499 553 1553; x_wconf 87' lang='lat' dir='ltr'><strong>dum</strong></span> <span class='ocrx_word' id='word_1_100' title='bbox 606 1499 961 1565; x_wconf 85' lang='lat' dir='ltr'><strong>muliebrem;</strong></span> <span class='ocrx_word' id='word_1_101' title='bbox 999 1499 1091 1552; x_wconf 82' lang='lat' dir='ltr'><strong>lilii</strong></span> <span class='ocrx_word' id='word_1_102' title='bbox 1139 1498 1366 1567; x_wconf 60' lang='lat' dir='ltr'><strong>filiaeque</strong></span> <span class='ocrx_word' id='word_1_103' title='bbox 1400 1509 1741 1566; x_wconf 87' lang='lat' dir='ltr'><strong>nequaquam</strong></span> <span class='ocrx_word' id='word_1_104' title='bbox 1786 1508 1882 1548; x_wconf 90' lang='lat' dir='ltr'><strong>vos</strong></span> <span class='ocrx_word' id='word_1_105' title='bbox 1921 1508 2011 1548; x_wconf 84' lang='lat' dir='ltr'><strong>ve-</strong></span> 
     </span>
    </p>
   </div>
   <div class='ocr_carea' id='block_1_18' title="bbox 426 1587 2011 1661">
    <p class='ocr_par' dir='ltr' id='par_1_18' title="bbox 426 1587 2011 1661">
     <span class='ocr_line' id='line_1_18' title="bbox 426 1587 2011 1661; baseline -0.002 -18"><span class='ocrx_word' id='word_1_106' title='bbox 426 1601 582 1654; x_wconf 83' lang='lat' dir='ltr'><strong>xant,</strong></span> <span class='ocrx_word' id='word_1_107' title='bbox 617 1591 782 1646; x_wconf 89' lang='lat' dir='ltr'><strong>variis</strong></span> <span class='ocrx_word' id='word_1_108' title='bbox 830 1589 1285 1661; x_wconf 85' lang='lat' dir='ltr'><strong>postulationibus</strong></span> <span class='ocrx_word' id='word_1_109' title='bbox 1334 1587 1728 1652; x_wconf 88' lang='lat' dir='ltr'><strong>obtundentes;</strong></span> <span class='ocrx_word' id='word_1_110' title='bbox 1762 1601 1868 1642; x_wconf 91' lang='lat' dir='ltr'><strong>non</strong></span> <span class='ocrx_word' id='word_1_111' title='bbox 1891 1600 2011 1640; x_wconf 90' lang='lat' dir='ltr'><strong>ser-</strong></span> 
     </span>
    </p>
   </div>
   <div class='ocr_carea' id='block_1_19' title="bbox 426 1677 2010 1751">
    <p class='ocr_par' dir='ltr' id='par_1_19' title="bbox 426 1677 2010 1751">
     <span class='ocr_line' id='line_1_19' title="bbox 426 1677 2010 1751; baseline -0.005 -14"><span class='ocrx_word' id='word_1_112' title='bbox 426 1698 525 1737; x_wconf 89' lang='lat' dir='ltr'><strong>vus</strong></span> <span class='ocrx_word' id='word_1_113' title='bbox 557 1682 735 1737; x_wconf 88' lang='lat' dir='ltr'><strong>ablato</strong></span> <span class='ocrx_word' id='word_1_114' title='bbox 786 1696 894 1736; x_wconf 71' lang='lat' dir='ltr'><strong>tere</strong></span> <span class='ocrx_word' id='word_1_115' title='bbox 922 1680 1164 1751; x_wconf 79' lang='lat' dir='ltr'><strong>aufugit;</strong></span> <span class='ocrx_word' id='word_1_116' title='bbox 1197 1696 1302 1734; x_wconf 91' lang='lat' dir='ltr'><strong>non</strong></span> <span class='ocrx_word' id='word_1_117' title='bbox 1341 1695 1502 1748; x_wconf 87' lang='lat' dir='ltr'><strong>opum</strong></span> <span class='ocrx_word' id='word_1_118' title='bbox 1540 1677 1842 1734; x_wconf 91' lang='lat' dir='ltr'><strong>sollicitudo</strong></span> <span class='ocrx_word' id='word_1_119' title='bbox 1861 1691 2010 1731; x_wconf 84' lang='lat' dir='ltr'><strong>som-</strong></span> 
     </span>
    </p>
   </div>
   <div class='ocr_carea' id='block_1_20' title="bbox 2104 490 3708 566">
    <p class='ocr_par' dir='ltr' id='par_1_20' title="bbox 2104 490 3708 566">
     <span class='ocr_line' id='line_1_20' title="bbox 2104 490 3708 566; baseline 0 -20"><span class='ocrx_word' id='word_1_120' title='bbox 2104 495 2225 562; x_wconf 77' lang='grc' dir='ltr'>οὐδὲ</span> <span class='ocrx_word' id='word_1_121' title='bbox 2257 495 2426 566; x_wconf 83' lang='grc' dir='ltr'><strong>κάλλη</strong></span> <span class='ocrx_word' id='word_1_122' title='bbox 2456 494 2735 564; x_wconf 86' lang='grc' dir='ltr'>γυναικῶν</span> <span class='ocrx_word' id='word_1_123' title='bbox 2779 493 3122 565; x_wconf 76' lang='grc' dir='ltr'>ἐξηπατήθη,</span> <span class='ocrx_word' id='word_1_124' title='bbox 3161 492 3276 546; x_wconf 82' lang='grc' dir='ltr'>ἀλλ’</span> <span class='ocrx_word' id='word_1_125' title='bbox 3309 490 3502 564; x_wconf 83' lang='grc' dir='ltr'>ὥσπερ</span> <span class='ocrx_word' id='word_1_126' title='bbox 3548 493 3708 546; x_wconf 77' lang='grc' dir='ltr'><strong>ἀσώ-</strong></span> 
     </span>
    </p>
   </div>
   <div class='ocr_carea' id='block_1_21' title="bbox 2108 585 3708 660">
    <p class='ocr_par' dir='ltr' id='par_1_21' title="bbox 2108 585 3708 660">
     <span class='ocr_line' id='line_1_21' title="bbox 2108 585 3708 660; baseline -0.001 -20"><span class='ocrx_word' id='word_1_127' title='bbox 2108 605 2266 659; x_wconf 86' lang='grc' dir='ltr'>ματοι</span> <span class='ocrx_word' id='word_1_128' title='bbox 2292 588 2440 652; x_wconf 76' lang='grc' dir='ltr'>ὄντες</span> <span class='ocrx_word' id='word_1_129' title='bbox 2467 588 2547 658; x_wconf 84' lang='grc' dir='ltr'>τῷ</span> <span class='ocrx_word' id='word_1_130' title='bbox 2576 586 2704 660; x_wconf 83' lang='grc' dir='ltr'><strong>θείῳ</strong></span> <span class='ocrx_word' id='word_1_131' title='bbox 2732 587 2882 659; x_wconf 75' lang='grc' dir='ltr'>φόϐῳ</span> <span class='ocrx_word' id='word_1_132' title='bbox 2924 587 3026 651; x_wconf 86' lang='grc' dir='ltr'>τὰς</span> <span class='ocrx_word' id='word_1_133' title='bbox 3053 587 3303 649; x_wconf 75' lang='grc' dir='ltr'><strong>ἐναντίας</strong></span> <span class='ocrx_word' id='word_1_134' title='bbox 3333 585 3532 657; x_wconf 77' lang='grc' dir='ltr'>ἡδονὰς</span> <span class='ocrx_word' id='word_1_135' title='bbox 3560 587 3708 638; x_wconf 74' lang='grc' dir='ltr'>ἑπα-</span> 
     </span>
    </p>
   </div>
   <div class='ocr_carea' id='block_1_22' title="bbox 2103 676 3709 750">
    <p class='ocr_par' dir='ltr' id='par_1_22' title="bbox 2103 676 3709 750">
     <span class='ocr_line' id='line_1_22' title="bbox 2103 676 3709 750; baseline -0.001 -18"><span class='ocrx_word' id='word_1_136' title='bbox 2103 681 2327 749; x_wconf 83' lang='grc' dir='ltr'>τήσατε·</span> <span class='ocrx_word' id='word_1_137' title='bbox 2356 681 2416 732; x_wconf 89' lang='grc' dir='ltr'>οὑ</span> <span class='ocrx_word' id='word_1_138' title='bbox 2453 678 2842 750; x_wconf 83' lang='grc' dir='ltr'>προσηλώθητε</span> <span class='ocrx_word' id='word_1_139' title='bbox 2878 679 3000 743; x_wconf 86' lang='grc' dir='ltr'>ταῖς</span> <span class='ocrx_word' id='word_1_140' title='bbox 3024 676 3118 732; x_wconf 82' lang='grc' dir='ltr'><strong>τοῦ</strong></span> <span class='ocrx_word' id='word_1_141' title='bbox 3148 677 3355 748; x_wconf 80' lang='grc' dir='ltr'><strong>κόσμου</strong></span> <span class='ocrx_word' id='word_1_142' title='bbox 3391 677 3709 748; x_wconf 73' lang='grc' dir='ltr'><strong>φροντίσιν,</strong></span> 
     </span>
    </p>
   </div>
   <div class='ocr_carea' id='block_1_23' title="bbox 2105 769 3715 842">
    <p class='ocr_par' dir='ltr' id='par_1_23' title="bbox 2105 769 3715 842">
     <span class='ocr_line' id='line_1_23' title="bbox 2105 769 3715 842; baseline -0.001 -18"><span class='ocrx_word' id='word_1_143' title='bbox 2105 770 2220 824; x_wconf 83' lang='grc' dir='ltr'>ἀλλ’</span> <span class='ocrx_word' id='word_1_144' title='bbox 2241 771 2553 840; x_wconf 70' lang='grc' dir='ltr'>ὁπεφύχετε</span> <span class='ocrx_word' id='word_1_145' title='bbox 2575 771 2779 824; x_wconf 88' lang='grc' dir='ltr'>τούτων</span> <span class='ocrx_word' id='word_1_146' title='bbox 2799 771 2860 824; x_wconf 84' lang='grc' dir='ltr'>τὸ</span> <span class='ocrx_word' id='word_1_147' title='bbox 2884 771 3134 842; x_wconf 79' lang='grc' dir='ltr'>μάταιον·</span> <span class='ocrx_word' id='word_1_148' title='bbox 3165 769 3296 841; x_wconf 75' lang='grc' dir='ltr'>ἡδὺς</span> <span class='ocrx_word' id='word_1_149' title='bbox 3326 771 3454 841; x_wconf 84' lang='grc' dir='ltr'>ὑμῖν</span> <span class='ocrx_word' id='word_1_150' title='bbox 3482 774 3540 824; x_wconf 83' lang='grc' dir='ltr'><strong>έν</strong></span> <span class='ocrx_word' id='word_1_151' title='bbox 3571 770 3715 841; x_wconf 56' lang='lat' dir='ltr'><strong>spn-</strong></span> 
     </span>
    </p>
   </div>
   <div class='ocr_carea' id='block_1_24' title="bbox 2110 848 3715 934">
    <p class='ocr_par' dir='ltr' id='par_1_24' title="bbox 2110 848 3715 934">
     <span class='ocr_line' id='line_1_24' title="bbox 2110 848 3715 934; baseline 0 -22"><span class='ocrx_word' id='word_1_152' title='bbox 2110 862 2209 932; x_wconf 68' lang='grc' dir='ltr'><strong>μία</strong></span> <span class='ocrx_word' id='word_1_153' title='bbox 2234 862 2379 926; x_wconf 79' lang='grc' dir='ltr'>λιτὸς</span> <span class='ocrx_word' id='word_1_154' title='bbox 2411 864 2575 934; x_wconf 78' lang='grc' dir='ltr'>ἄρτος</span> <span class='ocrx_word' id='word_1_155' title='bbox 2608 848 2701 916; x_wconf 80' lang='grc' dir='ltr'>καὶ</span> <span class='ocrx_word' id='word_1_156' title='bbox 2737 862 2871 927; x_wconf 81' lang='grc' dir='ltr'>ἀλας</span> <span class='ocrx_word' id='word_1_157' title='bbox 2895 863 2988 916; x_wconf 76' lang='grc' dir='ltr'>καὶ</span> <span class='ocrx_word' id='word_1_158' title='bbox 3039 861 3268 931; x_wconf 85' lang='grc' dir='ltr'>πότιμον</span> <span class='ocrx_word' id='word_1_159' title='bbox 3300 862 3465 932; x_wconf 77' lang='grc' dir='ltr'>ὕδωρ,</span> <span class='ocrx_word' id='word_1_160' title='bbox 3493 863 3528 933; x_wconf 77' lang='grc' dir='ltr'>ἦ</span> <span class='ocrx_word' id='word_1_161' title='bbox 3563 863 3625 916; x_wconf 87' lang='grc' dir='ltr'>αἱ</span> <span class='ocrx_word' id='word_1_162' title='bbox 3651 864 3715 914; x_wconf 82' lang='grc' dir='ltr'>ὲν</span> 
     </span>
    </p>
   </div>
   <div class='ocr_carea' id='block_1_25' title="bbox 2107 955 3715 1026">
    <p class='ocr_par' dir='ltr' id='par_1_25' title="bbox 2107 955 3715 1026">
     <span class='ocr_line' id='line_1_25' title="bbox 2107 955 3715 1026; baseline 0.001 -19"><span class='ocrx_word' id='word_1_163' title='bbox 2107 955 2259 1008; x_wconf 86' lang='grc' dir='ltr'>πόλει</span> <span class='ocrx_word' id='word_1_164' title='bbox 2292 956 2494 1026; x_wconf 59' lang='grc' dir='ltr'><strong>τρυφαὶ⁵</strong></span> <span class='ocrx_word' id='word_1_165' title='bbox 2534 957 2628 1009; x_wconf 77' lang='grc' dir='ltr'>καὶ</span> <span class='ocrx_word' id='word_1_166' title='bbox 2659 956 2953 1026; x_wconf 85' lang='grc' dir='ltr'>εύφρασίαι</span> <span class='ocrx_word' id='word_1_167' title='bbox 3006 955 3145 1025; x_wconf 86' lang='grc' dir='ltr'><strong>μετά</strong></span> <span class='ocrx_word' id='word_1_168' title='bbox 3177 955 3398 1026; x_wconf 80' lang='grc' dir='ltr'><strong>μόχθου·</strong></span> <span class='ocrx_word' id='word_1_169' title='bbox 3425 957 3715 1026; x_wconf 83' lang='grc' dir='ltr'>Κρεῖσσον</span> 
     </span>
    </p>
   </div>
   <div class='ocr_carea' id='block_1_26' title="bbox 2105 1042 3714 1120">
    <p class='ocr_par' dir='ltr' id='par_1_26' title="bbox 2105 1042 3714 1120">
     <span class='ocr_line' id='line_1_26' title="bbox 2105 1042 3714 1120; baseline 0 -20"><span class='ocrx_word' id='word_1_170' title='bbox 2105 1046 2235 1120; x_wconf 71' lang='grc' dir='ltr'><strong>γὲιρ⁹</strong></span> <span class='ocrx_word' id='word_1_171' title='bbox 2275 1049 2429 1117; x_wconf 81' lang='grc' dir='ltr'>φησὶ,</span> <span class='ocrx_word' id='word_1_172' title='bbox 2479 1047 2670 1118; x_wconf 78' lang='grc' dir='ltr'>ψωμδς</span> <span class='ocrx_word' id='word_1_173' title='bbox 2720 1047 2837 1118; x_wconf 83' lang='grc' dir='ltr'>μεθ’</span> <span class='ocrx_word' id='word_1_174' title='bbox 2875 1048 3068 1119; x_wconf 78' lang='grc' dir='ltr'>ἡδονῆς</span> <span class='ocrx_word' id='word_1_175' title='bbox 3115 1049 3172 1100; x_wconf 83' lang='grc' dir='ltr'>ὲν</span> <span class='ocrx_word' id='word_1_176' title='bbox 3219 1049 3427 1120; x_wconf 77' lang='grc' dir='ltr'>εἰρήνῃ,</span> <span class='ocrx_word' id='word_1_177' title='bbox 3471 1047 3506 1118; x_wconf 78' lang='grc' dir='ltr'>ἢ</span> <span class='ocrx_word' id='word_1_178' title='bbox 3551 1042 3714 1110; x_wconf 75' lang='grc' dir='ltr'>οἶκος</span> 
     </span>
    </p>
   </div>
   <div class='ocr_carea' id='block_1_27' title="bbox 2107 1137 3709 1209">
    <p class='ocr_par' dir='ltr' id='par_1_27' title="bbox 2107 1137 3709 1209">
     <span class='ocr_line' id='line_1_27' title="bbox 2107 1137 3709 1209; baseline 0.001 -19"><span class='ocrx_word' id='word_1_179' title='bbox 2107 1138 2319 1190; x_wconf 82' lang='grc' dir='ltr'>πολλῶν</span> <span class='ocrx_word' id='word_1_180' title='bbox 2363 1138 2586 1206; x_wconf 82' lang='grc' dir='ltr'><strong>ἀγαθῶν</strong></span> <span class='ocrx_word' id='word_1_181' title='bbox 2637 1138 2734 1190; x_wconf 74' lang='grc' dir='ltr'>καὶ</span> <span class='ocrx_word' id='word_1_182' title='bbox 2768 1139 2970 1192; x_wconf 85' lang='grc' dir='ltr'>ἀδίκων</span> <span class='ocrx_word' id='word_1_183' title='bbox 3004 1137 3266 1209; x_wconf 82' lang='grc' dir='ltr'><strong>θυμάτων</strong></span> <span class='ocrx_word' id='word_1_184' title='bbox 3317 1137 3456 1208; x_wconf 85' lang='grc' dir='ltr'><strong>μετά</strong></span> <span class='ocrx_word' id='word_1_185' title='bbox 3495 1138 3709 1208; x_wconf 78' lang='grc' dir='ltr'>μάχης,</span> 
     </span>
    </p>
   </div>
   <div class='ocr_carea' id='block_1_28' title="bbox 2107 1229 3714 1301">
    <p class='ocr_par' dir='ltr' id='par_1_28' title="bbox 2107 1229 3714 1301">
     <span class='ocr_line' id='line_1_28' title="bbox 2107 1229 3714 1301; baseline -0.001 -19"><span class='ocrx_word' id='word_1_186' title='bbox 2107 1231 2173 1282; x_wconf 74' lang='grc' dir='ltr'>ἐκ</span> <span class='ocrx_word' id='word_1_187' title='bbox 2203 1230 2368 1284; x_wconf 88' lang='grc' dir='ltr'>πάλαι</span> <span class='ocrx_word' id='word_1_188' title='bbox 2391 1233 2419 1283; x_wconf 86' lang='grc' dir='ltr'><strong>ό</strong></span> <span class='ocrx_word' id='word_1_189' title='bbox 2444 1229 2855 1301; x_wconf 74' lang='grc' dir='ltr'>Παροιμιαστὴς</span> <span class='ocrx_word' id='word_1_190' title='bbox 2875 1229 3251 1300; x_wconf 78' lang='grc' dir='ltr'>συμϐουλεύει·</span> <span class='ocrx_word' id='word_1_191' title='bbox 3277 1229 3553 1301; x_wconf 79' lang='grc' dir='ltr'>ἐλεύθεροί</span> <span class='ocrx_word' id='word_1_192' title='bbox 3577 1232 3714 1282; x_wconf 76' lang='grc' dir='ltr'>ἐστε</span> 
     </span>
    </p>
   </div>
   <div class='ocr_carea' id='block_1_29' title="bbox 2109 1311 3714 1392">
    <p class='ocr_par' dir='ltr' id='par_1_29' title="bbox 2109 1311 3714 1392">
     <span class='ocr_line' id='line_1_29' title="bbox 2109 1311 3714 1392; baseline 0.001 -21"><span class='ocrx_word' id='word_1_193' title='bbox 2109 1319 2253 1372; x_wconf 87' lang='grc' dir='ltr'>κατὰ</span> <span class='ocrx_word' id='word_1_194' title='bbox 2279 1319 2478 1385; x_wconf 89' lang='grc' dir='ltr'>πάντα,</span> <span class='ocrx_word' id='word_1_195' title='bbox 2503 1314 2548 1373; x_wconf 81' lang='grc' dir='ltr'>ὧ</span> <span class='ocrx_word' id='word_1_196' title='bbox 2593 1311 2998 1388; x_wconf 83' lang='grc' dir='ltr'>θεοφιλέστατοι</span> <span class='ocrx_word' id='word_1_197' title='bbox 3025 1320 3144 1392; x_wconf 84' lang='grc' dir='ltr'><strong>Θεῷ</strong></span> <span class='ocrx_word' id='word_1_198' title='bbox 3186 1320 3530 1392; x_wconf 78' lang='grc' dir='ltr'>μονάζοντες·</span> <span class='ocrx_word' id='word_1_199' title='bbox 3565 1319 3714 1391; x_wconf 77' lang='grc' dir='ltr'>γυνὴ</span> 
     </span>
    </p>
   </div>
   <div class='ocr_carea' id='block_1_30' title="bbox 2111 1411 3714 1484">
    <p class='ocr_par' dir='ltr' id='par_1_30' title="bbox 2111 1411 3714 1484">
     <span class='ocr_line' id='line_1_30' title="bbox 2111 1411 3714 1484; baseline -0.001 -20"><span class='ocrx_word' id='word_1_200' title='bbox 2111 1413 2254 1482; x_wconf 83' lang='grc' dir='ltr'>ὑμᾶς</span> <span class='ocrx_word' id='word_1_201' title='bbox 2304 1413 2406 1465; x_wconf 80' lang='grc' dir='ltr'>οὐκ</span> <span class='ocrx_word' id='word_1_202' title='bbox 2453 1413 2662 1482; x_wconf 73' lang='grc' dir='ltr'>ἐνοχλεῖ</span> <span class='ocrx_word' id='word_1_203' title='bbox 2694 1413 2823 1484; x_wconf 72' lang='grc' dir='ltr'>περὶ</span> <span class='ocrx_word' id='word_1_204' title='bbox 2875 1412 3192 1480; x_wconf 71' lang='grc' dir='ltr'>γυναικείου</span> <span class='ocrx_word' id='word_1_205' title='bbox 3239 1412 3497 1475; x_wconf 81' lang='grc' dir='ltr'>σκεύους·</span> <span class='ocrx_word' id='word_1_206' title='bbox 3529 1413 3646 1465; x_wconf 58' lang='grc' dir='ltr'><strong>υίολ⁵</strong></span> <span class='ocrx_word' id='word_1_207' title='bbox 3677 1411 3714 1482; x_wconf 82' lang='grc' dir='ltr'>ἢ</span> 
     </span>
    </p>
   </div>
   <div class='ocr_carea' id='block_1_31' title="bbox 2110 1503 3716 1575">
    <p class='ocr_par' dir='ltr' id='par_1_31' title="bbox 2110 1503 3716 1575">
     <span class='ocr_line' id='line_1_31' title="bbox 2110 1503 3716 1575; baseline -0.002 -17"><span class='ocrx_word' id='word_1_208' title='bbox 2110 1505 2409 1575; x_wconf 81' lang='grc' dir='ltr'><strong>θυγατέρες</strong></span> <span class='ocrx_word' id='word_1_209' title='bbox 2443 1505 2589 1574; x_wconf 69' lang='grc' dir='ltr'>ὑμᾶς</span> <span class='ocrx_word' id='word_1_210' title='bbox 2618 1504 2680 1556; x_wconf 82' lang='grc' dir='ltr'>οὐ</span> <span class='ocrx_word' id='word_1_211' title='bbox 2711 1504 3095 1575; x_wconf 85' lang='grc' dir='ltr'>συμπνίγουσι,</span> <span class='ocrx_word' id='word_1_212' title='bbox 3128 1503 3420 1575; x_wconf 81' lang='grc' dir='ltr'>διαφόρους</span> <span class='ocrx_word' id='word_1_213' title='bbox 3456 1503 3716 1574; x_wconf 73' lang='grc' dir='ltr'>αἰτήσεις</span> 
     </span>
    </p>
   </div>
   <div class='ocr_carea' id='block_1_32' title="bbox 2109 1592 3715 1666">
    <p class='ocr_par' dir='ltr' id='par_1_32' title="bbox 2109 1592 3715 1666">
     <span class='ocr_line' id='line_1_32' title="bbox 2109 1592 3715 1666; baseline -0.002 -17"><span class='ocrx_word' id='word_1_214' title='bbox 2109 1597 2240 1665; x_wconf 85' lang='grc' dir='ltr'>ὑμῖν</span> <span class='ocrx_word' id='word_1_215' title='bbox 2297 1595 2721 1665; x_wconf 65' lang='grc' dir='ltr'>προσφέροντες</span> <span class='ocrx_word' id='word_1_216' title='bbox 2761 1595 2824 1647; x_wconf 82' lang='grc' dir='ltr'>οὐ</span> <span class='ocrx_word' id='word_1_217' title='bbox 2885 1594 3142 1666; x_wconf 81' lang='grc' dir='ltr'>θεράπων</span> <span class='ocrx_word' id='word_1_218' title='bbox 3199 1593 3556 1664; x_wconf 79' lang='grc' dir='ltr'>ἀποσυλήσας</span> <span class='ocrx_word' id='word_1_219' title='bbox 3614 1592 3715 1646; x_wconf 84' lang='grc' dir='ltr'><strong>τδν</strong></span> 
     </span>
    </p>
   </div>
   <div class='ocr_carea' id='block_1_33' title="bbox 2112 1681 3714 1755">
    <p class='ocr_par' dir='ltr' id='par_1_33' title="bbox 2112 1681 3714 1755">
     <span class='ocr_line' id='line_1_33' title="bbox 2112 1681 3714 1755; baseline -0.002 -17"><span class='ocrx_word' id='word_1_220' title='bbox 2112 1685 2342 1739; x_wconf 80' lang='grc' dir='ltr'>πλοῦτον</span> <span class='ocrx_word' id='word_1_221' title='bbox 2372 1684 2583 1754; x_wconf 88' lang='grc' dir='ltr'>φεύγει·</span> <span class='ocrx_word' id='word_1_222' title='bbox 2608 1685 2670 1737; x_wconf 83' lang='grc' dir='ltr'><strong>ού</strong></span> <span class='ocrx_word' id='word_1_223' title='bbox 2697 1684 2995 1755; x_wconf 81' lang='grc' dir='ltr'>χρημάτων</span> <span class='ocrx_word' id='word_1_224' title='bbox 3028 1683 3267 1754; x_wconf 81' lang='grc' dir='ltr'>μέριμνα</span> <span class='ocrx_word' id='word_1_225' title='bbox 3297 1681 3519 1735; x_wconf 84' lang='grc' dir='ltr'>κλέπτει</span> <span class='ocrx_word' id='word_1_226' title='bbox 3550 1681 3714 1752; x_wconf 76' lang='grc' dir='ltr'>ὑμῶν</span> 
     </span>
    </p>
   </div>
   <div class='ocr_carea' id='block_1_34' title="bbox 429 1768 2017 1844">
    <p class='ocr_par' dir='ltr' id='par_1_34' title="bbox 429 1768 2010 1842">
     <span class='ocr_line' id='line_1_34' title="bbox 429 1768 2010 1842; baseline -0.005 -13"><span class='ocrx_word' id='word_1_227' title='bbox 429 1791 557 1830; x_wconf 89' lang='lat' dir='ltr'><strong>num</strong></span> <span class='ocrx_word' id='word_1_228' title='bbox 587 1775 769 1842; x_wconf 87' lang='lat' dir='ltr'><strong>eripit.</strong></span> <span class='ocrx_word' id='word_1_229' title='bbox 826 1773 1040 1829; x_wconf 84' lang='lat' dir='ltr'><strong>Homini</strong></span> <span class='ocrx_word' id='word_1_230' title='bbox 1079 1774 1298 1842; x_wconf 88' lang='lat' dir='ltr'><strong>quidem</strong></span> <span class='ocrx_word' id='word_1_231' title='bbox 1321 1772 1523 1825; x_wconf 84' lang='lat' dir='ltr'><strong>divitiis</strong></span> <span class='ocrx_word' id='word_1_232' title='bbox 1552 1768 1898 1835; x_wconf 86' lang='lat' dir='ltr'><strong>redundanti,</strong></span> <span class='ocrx_word' id='word_1_233' title='bbox 1927 1768 2010 1822; x_wconf 90' lang='lat' dir='ltr'><strong>in-</strong></span> 
     </span>
    </p>
   </div>
   <div class='ocr_carea' id='block_1_35' title="bbox 2123 1768 3717 1844">
    <p class='ocr_par' dir='ltr' id='par_1_35' title="bbox 2123 1769 3717 1844">
     <span class='ocr_line' id='line_1_35' title="bbox 2123 1769 3717 1844; baseline -0.005 -17"><span class='ocrx_word' id='word_1_234' title='bbox 2123 1775 2198 1828; x_wconf 81' lang='grc' dir='ltr'><strong>ιὺν</strong></span> <span class='ocrx_word' id='word_1_235' title='bbox 2229 1773 2424 1826; x_wconf 78' lang='grc' dir='ltr'>ὕπνον.</span> <span class='ocrx_word' id='word_1_236' title='bbox 2461 1772 2555 1843; x_wconf 85' lang='grc' dir='ltr'><strong>Τῷ</strong></span> <span class='ocrx_word' id='word_1_237' title='bbox 2586 1771 2695 1844; x_wconf 81' lang='grc' dir='ltr'>γὰρ</span> <span class='ocrx_word' id='word_1_238' title='bbox 2720 1770 3091 1843; x_wconf 76' lang='grc' dir='ltr'>ἐμπλησθέντι</span> <span class='ocrx_word' id='word_1_239' title='bbox 3126 1769 3221 1824; x_wconf 79' lang='grc' dir='ltr'>τοῦ</span> <span class='ocrx_word' id='word_1_240' title='bbox 3247 1769 3570 1839; x_wconf 81' lang='grc' dir='ltr'>πλουτῆσαι,</span> <span class='ocrx_word' id='word_1_241' title='bbox 3604 1784 3717 1837; x_wconf 78' lang='grc' dir='ltr'><strong>φη-</strong></span> 
     </span>
    </p>
   </div>
   <div class='ocr_carea' id='block_1_36' title="bbox 428 1861 1830 1935">
    <p class='ocr_par' dir='ltr' id='par_1_36' title="bbox 428 1861 1830 1935">
     <span class='ocr_line' id='line_1_36' title="bbox 428 1861 1830 1935; baseline -0.004 -15"><span class='ocrx_word' id='word_1_242' title='bbox 428 1866 548 1935; x_wconf 89' lang='lat' dir='ltr'><strong>quit</strong></span> <span class='ocrx_word' id='word_1_243' title='bbox 578 1865 954 1929; x_wconf 84' lang='lat' dir='ltr'><strong>Ecclesiastes,</strong></span> <span class='ocrx_word' id='word_1_244' title='bbox 988 1865 1170 1935; x_wconf 91' lang='lat' dir='ltr'><strong>quieto</strong></span> <span class='ocrx_word' id='word_1_245' title='bbox 1201 1863 1439 1918; x_wconf 88' lang='lat' dir='ltr'><strong>dormire</strong></span> <span class='ocrx_word' id='word_1_246' title='bbox 1470 1877 1575 1918; x_wconf 93' lang='lat' dir='ltr'><strong>non</strong></span> <span class='ocrx_word' id='word_1_247' title='bbox 1606 1861 1732 1916; x_wconf 89' lang='lat' dir='ltr'><strong>licet</strong></span> <span class='ocrx_word' id='word_1_248' title='bbox 1758 1861 1830 1914; x_wconf 75' lang='lat'><strong>“.</strong></span> 
     </span>
    </p>
   </div>
   <div class='ocr_carea' id='block_1_37' title="bbox 501 2034 2010 2111">
    <p class='ocr_par' dir='ltr' id='par_1_37' title="bbox 501 2034 2010 2111">
     <span class='ocr_line' id='line_1_37' title="bbox 501 2034 2010 2111; baseline -0.005 -14"><span class='ocrx_word' id='word_1_249' title='bbox 501 2043 591 2097; x_wconf 82' lang='lat' dir='ltr'><strong>Vl.</strong></span> <span class='ocrx_word' id='word_1_250' title='bbox 623 2042 743 2096; x_wconf 68' lang='lat' dir='ltr'><strong>Ista:</strong></span> <span class='ocrx_word' id='word_1_251' title='bbox 796 2055 958 2111; x_wconf 89' lang='lat' dir='ltr'><strong>porro</strong></span> <span class='ocrx_word' id='word_1_252' title='bbox 1006 2047 1132 2093; x_wconf 87' lang='lat' dir='ltr'><strong>sunt</strong></span> <span class='ocrx_word' id='word_1_253' title='bbox 1180 2037 1465 2092; x_wconf 72' lang='lat' dir='ltr'><strong>mundanae</strong></span> <span class='ocrx_word' id='word_1_254' title='bbox 1509 2037 1635 2090; x_wconf 75' lang='lat' dir='ltr'><strong>vitae</strong></span> <span class='ocrx_word' id='word_1_255' title='bbox 1680 2034 2010 2104; x_wconf 78' lang='lat' dir='ltr'><strong>dulcedines,</strong></span> 
     </span>
    </p>
   </div>
   <div class='ocr_carea' id='block_1_38' title="bbox 430 2129 2008 2203">
    <p class='ocr_par' dir='ltr' id='par_1_38' title="bbox 430 2129 2008 2203">
     <span class='ocr_line' id='line_1_38' title="bbox 430 2129 2008 2203; baseline -0.005 -13"><span class='ocrx_word' id='word_1_256' title='bbox 430 2135 546 2191; x_wconf 64' lang='lat' dir='ltr'><strong>hanc</strong></span> <span class='ocrx_word' id='word_1_257' title='bbox 580 2134 694 2202; x_wconf 85' lang='lat' dir='ltr'><strong>ejus</strong></span> <span class='ocrx_word' id='word_1_258' title='bbox 720 2132 976 2203; x_wconf 84' lang='lat' dir='ltr'><strong>optabilia</strong></span> <span class='ocrx_word' id='word_1_259' title='bbox 1013 2132 1182 2198; x_wconf 88' lang='lat' dir='ltr'><strong>bona;</strong></span> <span class='ocrx_word' id='word_1_260' title='bbox 1222 2146 1346 2185; x_wconf 92' lang='lat' dir='ltr'><strong>cum</strong></span> <span class='ocrx_word' id='word_1_261' title='bbox 1377 2129 1572 2200; x_wconf 89' lang='lat' dir='ltr'><strong>aliquis</strong></span> <span class='ocrx_word' id='word_1_262' title='bbox 1609 2130 1661 2183; x_wconf 93' lang='lat' dir='ltr'><strong>in</strong></span> <span class='ocrx_word' id='word_1_263' title='bbox 1687 2129 1820 2182; x_wconf 86' lang='lat' dir='ltr'><strong>urbe</strong></span> <span class='ocrx_word' id='word_1_264' title='bbox 1837 2129 2008 2194; x_wconf 90' lang='lat' dir='ltr'><strong>nubit,</strong></span> 
     </span>
    </p>
   </div>
   <div class='ocr_carea' id='block_1_39' title="bbox 433 2220 2016 2294">
    <p class='ocr_par' dir='ltr' id='par_1_39' title="bbox 433 2220 2016 2294">
     <span class='ocr_line' id='line_1_39' title="bbox 433 2220 2016 2294; baseline -0.004 -14"><span class='ocrx_word' id='word_1_265' title='bbox 433 2226 636 2294; x_wconf 80' lang='lat' dir='ltr'><strong>negotii</strong></span> <span class='ocrx_word' id='word_1_266' title='bbox 667 2225 880 2278; x_wconf 88' lang='lat' dir='ltr'><strong>initium</strong></span> <span class='ocrx_word' id='word_1_267' title='bbox 911 2232 994 2277; x_wconf 87' lang='lat' dir='ltr'><strong>est</strong></span> <span class='ocrx_word' id='word_1_268' title='bbox 1044 2223 1121 2277; x_wconf 85' lang='lat' dir='ltr'><strong>rei</strong></span> <span class='ocrx_word' id='word_1_269' title='bbox 1167 2222 1450 2276; x_wconf 81' lang='lat' dir='ltr'><strong>familiaris</strong></span> <span class='ocrx_word' id='word_1_270' title='bbox 1480 2221 1843 2290; x_wconf 87' lang='lat' dir='ltr'><strong>dispendium.</strong></span> <span class='ocrx_word' id='word_1_271' title='bbox 1885 2220 2016 2275; x_wconf 85' lang='lat' dir='ltr'><strong>Gra-</strong></span> 
     </span>
    </p>
   </div>
   <div class='ocr_carea' id='block_1_40' title="bbox 434 2308 2014 2382">
    <p class='ocr_par' dir='ltr' id='par_1_40' title="bbox 434 2308 2014 2382">
     <span class='ocr_line' id='line_1_40' title="bbox 434 2308 2014 2382; baseline -0.002 -16"><span class='ocrx_word' id='word_1_272' title='bbox 434 2317 554 2370; x_wconf 86' lang='lat' dir='ltr'><strong>vida</strong></span> <span class='ocrx_word' id='word_1_273' title='bbox 600 2325 683 2368; x_wconf 90' lang='lat' dir='ltr'><strong>est</strong></span> <span class='ocrx_word' id='word_1_274' title='bbox 716 2313 883 2367; x_wconf 82' lang='lat' dir='ltr'><strong>uxor?</strong></span> <span class='ocrx_word' id='word_1_275' title='bbox 932 2311 1177 2382; x_wconf 80' lang='lat' dir='ltr'><strong>peperit?</strong></span> <span class='ocrx_word' id='word_1_276' title='bbox 1223 2320 1381 2365; x_wconf 91' lang='lat' dir='ltr'><strong>natus</strong></span> <span class='ocrx_word' id='word_1_277' title='bbox 1410 2309 1580 2378; x_wconf 77' lang='lat' dir='ltr'><strong>puer?</strong></span> <span class='ocrx_word' id='word_1_278' title='bbox 1626 2309 1791 2379; x_wconf 84' lang='lat' dir='ltr'><strong>Urget</strong></span> <span class='ocrx_word' id='word_1_279' title='bbox 1839 2308 2014 2363; x_wconf 91' lang='lat' dir='ltr'><strong>virum</strong></span> 
     </span>
    </p>
   </div>
   <div class='ocr_carea' id='block_1_41' title="bbox 435 2396 2015 2474">
    <p class='ocr_par' dir='ltr' id='par_1_41' title="bbox 435 2396 2015 2474">
     <span class='ocr_line' id='line_1_41' title="bbox 435 2396 2015 2474; baseline -0.007 -12"><span class='ocrx_word' id='word_1_280' title='bbox 435 2421 586 2471; x_wconf 89' lang='lat' dir='ltr'><strong>cura,</strong></span> <span class='ocrx_word' id='word_1_281' title='bbox 633 2403 902 2474; x_wconf 92' lang='lat' dir='ltr'><strong>quomodo</strong></span> <span class='ocrx_word' id='word_1_282' title='bbox 943 2403 1126 2458; x_wconf 80' lang='lat' dir='ltr'><strong>uxoris</strong></span> <span class='ocrx_word' id='word_1_283' title='bbox 1173 2403 1373 2473; x_wconf 86' lang='lat' dir='ltr'><strong>placito</strong></span> <span class='ocrx_word' id='word_1_284' title='bbox 1418 2409 1694 2455; x_wconf 89' lang='lat' dir='ltr'><strong>occurrat.</strong></span> <span class='ocrx_word' id='word_1_285' title='bbox 1736 2396 2015 2453; x_wconf 88' lang='lat' dir='ltr'><strong>Feminam</strong></span> 
     </span>
    </p>
   </div>
   <div class='ocr_carea' id='block_1_42' title="bbox 433 2491 2015 2567">
    <p class='ocr_par' dir='ltr' id='par_1_42' title="bbox 433 2491 2015 2567">
     <span class='ocr_line' id='line_1_42' title="bbox 433 2491 2015 2567; baseline -0.005 -14"><span class='ocrx_word' id='word_1_286' title='bbox 433 2497 680 2567; x_wconf 83' lang='lat' dir='ltr'><strong>peperit?</strong></span> <span class='ocrx_word' id='word_1_287' title='bbox 718 2498 933 2566; x_wconf 77' lang='lat' dir='ltr'><strong>angitur</strong></span> <span class='ocrx_word' id='word_1_288' title='bbox 962 2496 1064 2560; x_wconf 90' lang='lat' dir='ltr'><strong>vir,</strong></span> <span class='ocrx_word' id='word_1_289' title='bbox 1097 2497 1163 2550; x_wconf 88' lang='lat' dir='ltr'><strong>de</strong></span> <span class='ocrx_word' id='word_1_290' title='bbox 1195 2495 1322 2549; x_wconf 89' lang='lat' dir='ltr'><strong>dote</strong></span> <span class='ocrx_word' id='word_1_291' title='bbox 1352 2494 1623 2564; x_wconf 88' lang='lat' dir='ltr'><strong>cogitans.</strong></span> <span class='ocrx_word' id='word_1_292' title='bbox 1661 2491 1930 2547; x_wconf 78' lang='lat' dir='ltr'><strong>Masculus</strong></span> <span class='ocrx_word' id='word_1_293' title='bbox 1959 2491 2015 2546; x_wconf 93' lang='lat' dir='ltr'><strong>in</strong></span> 
     </span>
    </p>
   </div>
   <div class='ocr_carea' id='block_1_43' title="bbox 435 2584 2014 2664">
    <p class='ocr_par' dir='ltr' id='par_1_43' title="bbox 435 2584 2014 2664">
     <span class='ocr_line' id='line_1_43' title="bbox 435 2584 2014 2664; baseline -0.007 -17"><span class='ocrx_word' id='word_1_294' title='bbox 435 2594 611 2647; x_wconf 88' lang='lat' dir='ltr'><strong>lucem</strong></span> <span class='ocrx_word' id='word_1_295' title='bbox 643 2589 855 2664; x_wconf 81' lang='lat' dir='ltr'><strong>editus?</strong></span> <span class='ocrx_word' id='word_1_296' title='bbox 875 2588 1029 2643; x_wconf 88' lang='lat' dir='ltr'><strong>Brevi</strong></span> <span class='ocrx_word' id='word_1_297' title='bbox 1055 2596 1295 2656; x_wconf 83' lang='lat' dir='ltr'><strong>tempore</strong></span> <span class='ocrx_word' id='word_1_298' title='bbox 1315 2587 1485 2657; x_wconf 84' lang='lat' dir='ltr'><strong>patris</strong></span> <span class='ocrx_word' id='word_1_299' title='bbox 1508 2585 1685 2640; x_wconf 85' lang='lat' dir='ltr'><strong>vultus</strong></span> <span class='ocrx_word' id='word_1_300' title='bbox 1709 2584 2014 2648; x_wconf 86' lang='lat' dir='ltr'><strong>hilarescit;</strong></span> 
     </span>
    </p>
   </div>
   <div class='ocr_carea' id='block_1_44' title="bbox 437 2675 2021 2751">
    <p class='ocr_par' dir='ltr' id='par_1_44' title="bbox 437 2675 2021 2751">
     <span class='ocr_line' id='line_1_44' title="bbox 437 2675 2021 2751; baseline -0.006 -14"><span class='ocrx_word' id='word_1_301' title='bbox 437 2697 562 2737; x_wconf 87' lang='lat' dir='ltr'><strong>nam</strong></span> <span class='ocrx_word' id='word_1_302' title='bbox 608 2680 766 2751; x_wconf 88' lang='lat' dir='ltr'><strong>paulo</strong></span> <span class='ocrx_word' id='word_1_303' title='bbox 795 2689 917 2749; x_wconf 91' lang='lat' dir='ltr'><strong>post</strong></span> <span class='ocrx_word' id='word_1_304' title='bbox 944 2679 1254 2733; x_wconf 87' lang='lat' dir='ltr'><strong>infirmatur</strong></span> <span class='ocrx_word' id='word_1_305' title='bbox 1292 2692 1462 2746; x_wconf 89' lang='lat' dir='ltr'><strong>puer;</strong></span> <span class='ocrx_word' id='word_1_306' title='bbox 1495 2675 1845 2730; x_wconf 87' lang='lat' dir='ltr'><strong>calamitosus</strong></span> <span class='ocrx_word' id='word_1_307' title='bbox 1869 2683 2021 2744; x_wconf 90' lang='lat' dir='ltr'><strong>pater</strong></span> 
     </span>
    </p>
   </div>
   <div class='ocr_carea' id='block_1_45' title="bbox 2113 1857 3706 1935">
    <p class='ocr_par' dir='ltr' id='par_1_45' title="bbox 2113 1857 3706 1935">
     <span class='ocr_line' id='line_1_45' title="bbox 2113 1857 3706 1935; baseline -0.004 -18"><span class='ocrx_word' id='word_1_308' title='bbox 2113 1861 2196 1918; x_wconf 71' lang='grc' dir='ltr'>σὶν</span> <span class='ocrx_word' id='word_1_309' title='bbox 2240 1867 2269 1917; x_wconf 87' lang='grc' dir='ltr'><strong>ό</strong></span> <span class='ocrx_word' id='word_1_310' title='bbox 2302 1862 2760 1935; x_wconf 84' lang='grc' dir='ltr'>Ἐκκλησιαστὴς,</span> <span class='ocrx_word' id='word_1_311' title='bbox 2792 1861 2894 1916; x_wconf 77' lang='grc' dir='ltr'>οὐκ</span> <span class='ocrx_word' id='word_1_312' title='bbox 2929 1860 3077 1915; x_wconf 73' lang='grc' dir='ltr'>ἔστιν</span> <span class='ocrx_word' id='word_1_313' title='bbox 3116 1863 3146 1914; x_wconf 87' lang='grc' dir='ltr'>ὁ</span> <span class='ocrx_word' id='word_1_314' title='bbox 3175 1860 3351 1930; x_wconf 84' lang='grc' dir='ltr'>ἀφίων</span> <span class='ocrx_word' id='word_1_315' title='bbox 3393 1859 3559 1914; x_wconf 79' lang='grc' dir='ltr'>αὑτὸν</span> <span class='ocrx_word' id='word_1_316' title='bbox 3603 1857 3706 1912; x_wconf 81' lang='grc' dir='ltr'>τοῦ</span> 
     </span>
    </p>
   </div>
   <div class='ocr_carea' id='block_1_46' title="bbox 2113 1955 2382 2010">
    <p class='ocr_par' dir='ltr' id='par_1_46' title="bbox 2113 1955 2382 2010">
     <span class='ocr_line' id='line_1_46' title="bbox 2113 1955 2382 2010; baseline -0.004 -1"><span class='ocrx_word' id='word_1_317' title='bbox 2113 1955 2382 2010; x_wconf 85' lang='grc' dir='ltr'>ὑπνῶσαι.</span> 
     </span>
    </p>
   </div>
   <div class='ocr_carea' id='block_1_47' title="bbox 2185 2038 3713 2116">
    <p class='ocr_par' dir='ltr' id='par_1_47' title="bbox 2185 2038 3713 2116">
     <span class='ocr_line' id='line_1_47' title="bbox 2185 2038 3713 2116; baseline -0.006 -15"><span class='ocrx_word' id='word_1_318' title='bbox 2185 2049 2276 2114; x_wconf 69' lang='grc' dir='ltr'><strong>(τ’.</strong></span> <span class='ocrx_word' id='word_1_319' title='bbox 2324 2046 2509 2100; x_wconf 79' lang='grc' dir='ltr'>Ταῦτα</span> <span class='ocrx_word' id='word_1_320' title='bbox 2555 2043 2650 2098; x_wconf 78' lang='grc' dir='ltr'><strong>τοῦ</strong></span> <span class='ocrx_word' id='word_1_321' title='bbox 2687 2044 2802 2116; x_wconf 82' lang='grc' dir='ltr'>βίου</span> <span class='ocrx_word' id='word_1_322' title='bbox 2830 2043 2898 2098; x_wconf 76' lang='grc' dir='ltr'><strong>τὰ</strong></span> <span class='ocrx_word' id='word_1_323' title='bbox 2929 2043 3082 2115; x_wconf 84' lang='grc' dir='ltr'>ἡδέα,</span> <span class='ocrx_word' id='word_1_324' title='bbox 3121 2041 3297 2096; x_wconf 81' lang='grc' dir='ltr'>ταῦτα</span> <span class='ocrx_word' id='word_1_325' title='bbox 3327 2040 3422 2094; x_wconf 79' lang='grc' dir='ltr'>τοῦ</span> <span class='ocrx_word' id='word_1_326' title='bbox 3475 2040 3593 2111; x_wconf 85' lang='grc' dir='ltr'>βίου</span> <span class='ocrx_word' id='word_1_327' title='bbox 3641 2038 3713 2092; x_wconf 75' lang='grc' dir='ltr'>τὰ</span> 
     </span>
    </p>
   </div>
   <div class='ocr_carea' id='block_1_48' title="bbox 2115 2132 3715 2209">
    <p class='ocr_par' dir='ltr' id='par_1_48' title="bbox 2115 2132 3715 2209">
     <span class='ocr_line' id='line_1_48' title="bbox 2115 2132 3715 2209; baseline -0.006 -17"><span class='ocrx_word' id='word_1_328' title='bbox 2115 2137 2580 2209; x_wconf 83' lang='grc' dir='ltr'>περισπούδαστα·</span> <span class='ocrx_word' id='word_1_329' title='bbox 2603 2137 2682 2190; x_wconf 80' lang='grc' dir='ltr'><strong>ὅτ’</strong></span> <span class='ocrx_word' id='word_1_330' title='bbox 2705 2135 2772 2189; x_wconf 82' lang='grc' dir='ltr'>ἂν</span> <span class='ocrx_word' id='word_1_331' title='bbox 2795 2137 2954 2208; x_wconf 79' lang='grc' dir='ltr'>γήμῃ</span> <span class='ocrx_word' id='word_1_332' title='bbox 2982 2152 3065 2198; x_wconf 89' lang='grc' dir='ltr'><strong>τις</strong></span> <span class='ocrx_word' id='word_1_333' title='bbox 3095 2135 3153 2187; x_wconf 78' lang='grc' dir='ltr'>ὲν</span> <span class='ocrx_word' id='word_1_334' title='bbox 3180 2133 3353 2197; x_wconf 86' lang='grc' dir='ltr'>πόλει,</span> <span class='ocrx_word' id='word_1_335' title='bbox 3382 2132 3528 2204; x_wconf 82' lang='grc' dir='ltr'>ἀρχὴ</span> <span class='ocrx_word' id='word_1_336' title='bbox 3552 2149 3715 2203; x_wconf 83' lang='grc' dir='ltr'>περι-</span> 
     </span>
    </p>
   </div>
   <div class='ocr_carea' id='block_1_49' title="bbox 2116 2224 3716 2298">
    <p class='ocr_par' dir='ltr' id='par_1_49' title="bbox 2116 2224 3716 2298">
     <span class='ocr_line' id='line_1_49' title="bbox 2116 2224 3716 2298; baseline -0.004 -15"><span class='ocrx_word' id='word_1_337' title='bbox 2116 2231 2383 2292; x_wconf 85' lang='grc' dir='ltr'>στάσεως,</span> <span class='ocrx_word' id='word_1_338' title='bbox 2413 2229 2786 2298; x_wconf 85' lang='grc' dir='ltr'>ἀναλωμάτων</span> <span class='ocrx_word' id='word_1_339' title='bbox 2819 2225 3000 2298; x_wconf 88' lang='grc' dir='ltr'>χρεία·</span> <span class='ocrx_word' id='word_1_340' title='bbox 3031 2225 3229 2295; x_wconf 74' lang='grc' dir='ltr'>ἔγκυος</span> <span class='ocrx_word' id='word_1_341' title='bbox 3259 2226 3292 2296; x_wconf 82' lang='grc' dir='ltr'>ἡ</span> <span class='ocrx_word' id='word_1_342' title='bbox 3317 2224 3457 2296; x_wconf 81' lang='grc' dir='ltr'>γυνή</span> <span class='ocrx_word' id='word_1_343' title='bbox 3478 2241 3495 2290; x_wconf 84' lang='grc'>;</span> <span class='ocrx_word' id='word_1_344' title='bbox 3520 2225 3716 2293; x_wconf 86' lang='grc' dir='ltr'>γεγέν-</span> 
     </span>
    </p>
   </div>
   <div class='ocr_carea' id='block_1_50' title="bbox 2116 2317 3716 2393">
    <p class='ocr_par' dir='ltr' id='par_1_50' title="bbox 2116 2317 3716 2393">
     <span class='ocr_line' id='line_1_50' title="bbox 2116 2317 3716 2393; baseline 0.006 -19"><span class='ocrx_word' id='word_1_345' title='bbox 2116 2339 2312 2393; x_wconf 73' lang='grc' dir='ltr'>νηκενς</span> <span class='ocrx_word' id='word_1_346' title='bbox 2349 2322 2624 2392; x_wconf 84' lang='grc' dir='ltr'>ἀπετέχθη</span> <span class='ocrx_word' id='word_1_347' title='bbox 2651 2321 2713 2374; x_wconf 85' lang='grc' dir='ltr'><strong>τὺ</strong></span> <span class='ocrx_word' id='word_1_348' title='bbox 2769 2319 2999 2392; x_wconf 84' lang='grc' dir='ltr'>βρέφος;</span> <span class='ocrx_word' id='word_1_349' title='bbox 3037 2320 3258 2390; x_wconf 77' lang='grc' dir='ltr'>φροντὶς</span> <span class='ocrx_word' id='word_1_350' title='bbox 3282 2318 3361 2389; x_wconf 83' lang='grc' dir='ltr'>τῷ</span> <span class='ocrx_word' id='word_1_351' title='bbox 3405 2319 3567 2389; x_wconf 71' lang='grc' dir='ltr'>ἀνδρὶ</span> <span class='ocrx_word' id='word_1_352' title='bbox 3597 2317 3716 2382; x_wconf 79' lang='grc' dir='ltr'><strong>πῶς</strong></span> 
     </span>
    </p>
   </div>
   <div class='ocr_carea' id='block_1_51' title="bbox 2116 2405 3718 2481">
    <p class='ocr_par' dir='ltr' id='par_1_51' title="bbox 2116 2405 3718 2481">
     <span class='ocr_line' id='line_1_51' title="bbox 2116 2405 3718 2481; baseline -0.002 -17"><span class='ocrx_word' id='word_1_353' title='bbox 2116 2411 2216 2481; x_wconf 84' lang='grc' dir='ltr'>τῆς</span> <span class='ocrx_word' id='word_1_354' title='bbox 2242 2411 2502 2480; x_wconf 84' lang='grc' dir='ltr'>γυναικὸς</span> <span class='ocrx_word' id='word_1_355' title='bbox 2530 2410 2737 2464; x_wconf 84' lang='grc' dir='ltr'>τελέσει</span> <span class='ocrx_word' id='word_1_356' title='bbox 2760 2409 2832 2463; x_wconf 89' lang='grc' dir='ltr'><strong>τά</strong></span> <span class='ocrx_word' id='word_1_357' title='bbox 2866 2405 3371 2479; x_wconf 76' lang='grc' dir='ltr'>καταθύμια-’θῆλυ</span> <span class='ocrx_word' id='word_1_358' title='bbox 3398 2407 3656 2472; x_wconf 79' lang='grc' dir='ltr'>τέτοκενς</span> <span class='ocrx_word' id='word_1_359' title='bbox 3686 2408 3718 2461; x_wconf 80' lang='grc' dir='ltr'><strong>ὁ</strong></span> 
     </span>
    </p>
   </div>
   <div class='ocr_carea' id='block_1_52' title="bbox 2118 2497 3718 2572">
    <p class='ocr_par' dir='ltr' id='par_1_52' title="bbox 2118 2497 3718 2572">
     <span class='ocr_line' id='line_1_52' title="bbox 2118 2497 3718 2572; baseline -0.003 -18"><span class='ocrx_word' id='word_1_360' title='bbox 2118 2501 2258 2571; x_wconf 74' lang='grc' dir='ltr'>ἀνὴρ</span> <span class='ocrx_word' id='word_1_361' title='bbox 2287 2499 2566 2572; x_wconf 77' lang='grc' dir='ltr'>άηδίζεται</span> <span class='ocrx_word' id='word_1_362' title='bbox 2606 2501 2738 2571; x_wconf 79' lang='grc' dir='ltr'>περὶ</span> <span class='ocrx_word' id='word_1_363' title='bbox 2786 2499 3032 2570; x_wconf 84' lang='grc' dir='ltr'>προικῶν</span> <span class='ocrx_word' id='word_1_364' title='bbox 3059 2497 3499 2570; x_wconf 85' lang='grc' dir='ltr'>περισπώμενος·</span> <span class='ocrx_word' id='word_1_365' title='bbox 3543 2497 3718 2570; x_wconf 75' lang='grc' dir='ltr'>ἄρσεν</span> 
     </span>
    </p>
   </div>
   <div class='ocr_carea' id='block_1_53' title="bbox 2120 2587 3714 2662">
    <p class='ocr_par' dir='ltr' id='par_1_53' title="bbox 2120 2587 3714 2662">
     <span class='ocr_line' id='line_1_53' title="bbox 2120 2587 3714 2662; baseline 0 -20"><span class='ocrx_word' id='word_1_366' title='bbox 2120 2589 2342 2659; x_wconf 77' lang='grc' dir='ltr'>ὲτέχθης</span> <span class='ocrx_word' id='word_1_367' title='bbox 2399 2589 2624 2659; x_wconf 84' lang='grc' dir='ltr'>φαιδρὸν</span> <span class='ocrx_word' id='word_1_368' title='bbox 2675 2587 2841 2640; x_wconf 81' lang='grc' dir='ltr'>αὐτοῦ</span> <span class='ocrx_word' id='word_1_369' title='bbox 2897 2588 3034 2658; x_wconf 81' lang='grc' dir='ltr'>πρὸς</span> <span class='ocrx_word' id='word_1_370' title='bbox 3076 2587 3257 2657; x_wconf 82' lang='grc' dir='ltr'>ὀλίγον</span> <span class='ocrx_word' id='word_1_371' title='bbox 3293 2588 3356 2641; x_wconf 79' lang='grc' dir='ltr'>τὸ</span> <span class='ocrx_word' id='word_1_372' title='bbox 3394 2587 3714 2662; x_wconf 77' lang='grc' dir='ltr'>πρόσωπον·</span> 
     </span>
    </p>
   </div>
   <div class='ocr_carea' id='block_1_54' title="bbox 2123 2677 3721 2752">
    <p class='ocr_par' dir='ltr' id='par_1_54' title="bbox 2123 2677 3721 2752">
     <span class='ocr_line' id='line_1_54' title="bbox 2123 2677 3721 2752; baseline 0.001 -21"><span class='ocrx_word' id='word_1_373' title='bbox 2123 2682 2238 2751; x_wconf 86' lang='grc' dir='ltr'>μετ’</span> <span class='ocrx_word' id='word_1_374' title='bbox 2277 2681 2337 2732; x_wconf 86' lang='grc' dir='ltr'><strong>ού</strong></span> <span class='ocrx_word' id='word_1_375' title='bbox 2385 2679 2518 2733; x_wconf 83' lang='grc' dir='ltr'>πολὺ</span> <span class='ocrx_word' id='word_1_376' title='bbox 2553 2679 2615 2731; x_wconf 82' lang='grc' dir='ltr'>τὸ</span> <span class='ocrx_word' id='word_1_377' title='bbox 2659 2677 2872 2731; x_wconf 88' lang='grc' dir='ltr'>παιδίον</span> <span class='ocrx_word' id='word_1_378' title='bbox 2913 2678 3056 2750; x_wconf 87' lang='grc' dir='ltr'>νόσῳ</span> <span class='ocrx_word' id='word_1_379' title='bbox 3103 2679 3426 2751; x_wconf 82' lang='grc' dir='ltr'>συνεσχέθη·</span> <span class='ocrx_word' id='word_1_380' title='bbox 3455 2680 3721 2752; x_wconf 83' lang='grc' dir='ltr'>συμφορά</span> 
     </span>
    </p>
   </div>
   <div class='ocr_carea' id='block_1_55' title="bbox 437 2765 2017 2843">
    <p class='ocr_par' dir='ltr' id='par_1_55' title="bbox 437 2765 2017 2834">
     <span class='ocr_line' id='line_1_55' title="bbox 437 2765 2017 2834; baseline -0.005 -7"><span class='ocrx_word' id='word_1_381' title='bbox 437 2771 680 2828; x_wconf 89' lang='lat' dir='ltr'><strong>medicos</strong></span> <span class='ocrx_word' id='word_1_382' title='bbox 712 2770 964 2824; x_wconf 88' lang='lat' dir='ltr'><strong>invocare</strong></span> <span class='ocrx_word' id='word_1_383' title='bbox 987 2782 1092 2821; x_wconf 91' lang='lat' dir='ltr'><strong>non</strong></span> <span class='ocrx_word' id='word_1_384' title='bbox 1117 2767 1332 2828; x_wconf 89' lang='lat' dir='ltr'><strong>desinit,</strong></span> <span class='ocrx_word' id='word_1_385' title='bbox 1367 2765 1533 2819; x_wconf 87' lang='lat' dir='ltr'><strong>multa</strong></span> <span class='ocrx_word' id='word_1_386' title='bbox 1563 2767 1656 2820; x_wconf 85' lang='lat' dir='ltr'><strong>dat</strong></span> <span class='ocrx_word' id='word_1_387' title='bbox 1689 2765 2017 2834; x_wconf 85' lang='lat' dir='ltr'><strong>daturusque</strong></span> 
     </span>
    </p>
   </div>
   <div class='ocr_carea' id='block_1_56' title="bbox 2123 2765 3716 2843">
    <p class='ocr_par' dir='ltr' id='par_1_56' title="bbox 2123 2770 3716 2843">
     <span class='ocr_line' id='line_1_56' title="bbox 2123 2770 3716 2843; baseline -0.001 -19"><span class='ocrx_word' id='word_1_388' title='bbox 2123 2770 2196 2841; x_wconf 81' lang='grc' dir='ltr'><strong>τῷ</strong></span> <span class='ocrx_word' id='word_1_389' title='bbox 2225 2772 2403 2843; x_wconf 74' lang='grc' dir='ltr'>ἀνδρὶ,</span> <span class='ocrx_word' id='word_1_390' title='bbox 2441 2771 2504 2824; x_wconf 88' lang='grc' dir='ltr'><strong>ού</strong></span> <span class='ocrx_word' id='word_1_391' title='bbox 2536 2770 2884 2842; x_wconf 88' lang='grc' dir='ltr'>διαλιμπάνει</span> <span class='ocrx_word' id='word_1_392' title='bbox 2939 2771 3158 2841; x_wconf 73' lang='grc' dir='ltr'>ἰατροὺς</span> <span class='ocrx_word' id='word_1_393' title='bbox 3188 2772 3716 2843; x_wconf 78' lang='grc' dir='ltr'>προσκαλούμενος·</span> 
     </span>
    </p>
   </div>
   <div class='ocr_carea' id='block_1_57' title="bbox 435 2854 2017 2933">
    <p class='ocr_par' dir='ltr' id='par_1_57' title="bbox 435 2854 2017 2926">
     <span class='ocr_line' id='line_1_57' title="bbox 435 2854 2017 2926; baseline -0.007 -8"><span class='ocrx_word' id='word_1_394' title='bbox 435 2870 542 2926; x_wconf 83' lang='lat' dir='ltr'><strong>est,</strong></span> <span class='ocrx_word' id='word_1_395' title='bbox 574 2859 620 2916; x_wconf 91' lang='lat' dir='ltr'><strong>si</strong></span> <span class='ocrx_word' id='word_1_396' title='bbox 663 2859 806 2914; x_wconf 87' lang='lat' dir='ltr'><strong>filius</strong></span> <span class='ocrx_word' id='word_1_397' title='bbox 848 2856 1207 2913; x_wconf 83' lang='lat' dir='ltr'><strong>convalescet.</strong></span> <span class='ocrx_word' id='word_1_398' title='bbox 1238 2854 1459 2910; x_wconf 89' lang='lat' dir='ltr'><strong>Interim</strong></span> <span class='ocrx_word' id='word_1_399' title='bbox 1504 2863 1733 2909; x_wconf 74' lang='lat' dir='ltr'><strong>mmstus</strong></span> <span class='ocrx_word' id='word_1_400' title='bbox 1779 2855 2017 2908; x_wconf 88' lang='lat' dir='ltr'><strong>occurrit</strong></span> 
     </span>
    </p>
   </div>
   <div class='ocr_carea' id='block_1_58' title="bbox 2123 2854 3720 2933">
    <p class='ocr_par' dir='ltr' id='par_1_58' title="bbox 2123 2859 3720 2933">
     <span class='ocr_line' id='line_1_58' title="bbox 2123 2859 3720 2933; baseline 0.003 -21"><span class='ocrx_word' id='word_1_401' title='bbox 2123 2859 2294 2913; x_wconf 89' lang='grc' dir='ltr'>πολλά</span> <span class='ocrx_word' id='word_1_402' title='bbox 2343 2860 2581 2922; x_wconf 88' lang='grc' dir='ltr'>δίδωσιν,</span> <span class='ocrx_word' id='word_1_403' title='bbox 2617 2862 2666 2914; x_wconf 78' lang='grc' dir='ltr'>εἰ</span> <span class='ocrx_word' id='word_1_404' title='bbox 2723 2859 2785 2914; x_wconf 84' lang='grc' dir='ltr'>τὸ</span> <span class='ocrx_word' id='word_1_405' title='bbox 2814 2859 3026 2914; x_wconf 88' lang='grc' dir='ltr'>παιδίον</span> <span class='ocrx_word' id='word_1_406' title='bbox 3083 2860 3410 2932; x_wconf 83' lang='grc' dir='ltr'>σωθήσεται·</span> <span class='ocrx_word' id='word_1_407' title='bbox 3462 2863 3720 2933; x_wconf 73' lang='grc' dir='ltr'>κατηφὴς</span> 
     </span>
    </p>
   </div>
   <div class='ocr_carea' id='block_1_59' title="bbox 437 2944 2017 3023">
    <p class='ocr_par' dir='ltr' id='par_1_59' title="bbox 437 2944 2017 3016">
     <span class='ocr_line' id='line_1_59' title="bbox 437 2944 2017 3016; baseline -0.004 -10"><span class='ocrx_word' id='word_1_408' title='bbox 437 2951 629 3006; x_wconf 86' lang='lat' dir='ltr'><strong>amicis</strong></span> <span class='ocrx_word' id='word_1_409' title='bbox 665 2949 885 3004; x_wconf 89' lang='lat' dir='ltr'><strong>dicens:</strong></span> <span class='ocrx_word' id='word_1_410' title='bbox 941 2945 1126 3012; x_wconf 80' lang='lat' dir='ltr'><strong>Orate,</strong></span> <span class='ocrx_word' id='word_1_411' title='bbox 1179 2947 1307 3014; x_wconf 88' lang='lat' dir='ltr'><strong>quia</strong></span> <span class='ocrx_word' id='word_1_412' title='bbox 1339 2961 1473 3016; x_wconf 87' lang='lat' dir='ltr'><strong>puer</strong></span> <span class='ocrx_word' id='word_1_413' title='bbox 1519 2953 1785 3014; x_wconf 76' lang='lat' dir='ltr'><strong>aegrotat;</strong></span> <span class='ocrx_word' id='word_1_414' title='bbox 1829 2944 1922 3013; x_wconf 90' lang='lat' dir='ltr'><strong>qui</strong></span> <span class='ocrx_word' id='word_1_415' title='bbox 1973 2944 2017 2999; x_wconf 87' lang='lat' dir='ltr'><strong>si</strong></span> 
     </span>
    </p>
   </div>
   <div class='ocr_carea' id='block_1_60' title="bbox 2123 2944 3722 3023">
    <p class='ocr_par' dir='ltr' id='par_1_60' title="bbox 2123 2950 3722 3023">
     <span class='ocr_line' id='line_1_60' title="bbox 2123 2950 3722 3023; baseline 0.001 -18"><span class='ocrx_word' id='word_1_416' title='bbox 2123 2950 2326 3023; x_wconf 81' lang='grc' dir='ltr'>προῖὼν</span> <span class='ocrx_word' id='word_1_417' title='bbox 2347 2953 2461 3015; x_wconf 88' lang='grc' dir='ltr'>τοῖς</span> <span class='ocrx_word' id='word_1_418' title='bbox 2493 2951 2669 3021; x_wconf 86' lang='grc' dir='ltr'>φίλοις</span> <span class='ocrx_word' id='word_1_419' title='bbox 2704 2951 3083 3022; x_wconf 82' lang='grc' dir='ltr'>συντυγχάνει,</span> <span class='ocrx_word' id='word_1_420' title='bbox 3111 2950 3376 3018; x_wconf 76' lang='grc' dir='ltr'>Εύξασθε,</span> <span class='ocrx_word' id='word_1_421' title='bbox 3410 2951 3613 3020; x_wconf 88' lang='grc' dir='ltr'>λέγων,</span> <span class='ocrx_word' id='word_1_422' title='bbox 3638 2955 3722 3006; x_wconf 79' lang='grc' dir='ltr'>ὅτι</span> 
     </span>
    </p>
   </div>
   <div class='ocr_carea' id='block_1_61' title="bbox 437 3034 2017 3113">
    <p class='ocr_par' dir='ltr' id='par_1_61' title="bbox 437 3034 2017 3108">
     <span class='ocr_line' id='line_1_61' title="bbox 437 3034 2017 3108; baseline -0.003 -12"><span class='ocrx_word' id='word_1_423' title='bbox 437 3040 579 3098; x_wconf 91' lang='lat' dir='ltr'><strong>forte</strong></span> <span class='ocrx_word' id='word_1_424' title='bbox 626 3040 897 3095; x_wconf 87' lang='lat' dir='ltr'><strong>funestum</strong></span> <span class='ocrx_word' id='word_1_425' title='bbox 930 3038 1062 3108; x_wconf 92' lang='lat' dir='ltr'><strong>quid</strong></span> <span class='ocrx_word' id='word_1_426' title='bbox 1107 3038 1363 3108; x_wconf 88' lang='lat' dir='ltr'><strong>patietur,</strong></span> <span class='ocrx_word' id='word_1_427' title='bbox 1407 3034 1698 3106; x_wconf 90' lang='lat' dir='ltr'><strong>suspendio</strong></span> <span class='ocrx_word' id='word_1_428' title='bbox 1729 3049 1815 3090; x_wconf 88' lang='lat' dir='ltr'><strong>me</strong></span> <span class='ocrx_word' id='word_1_429' title='bbox 1846 3035 2017 3103; x_wconf 83' lang='lat' dir='ltr'><strong>perire</strong></span> 
     </span>
    </p>
   </div>
   <div class='ocr_carea' id='block_1_62' title="bbox 2123 3034 3724 3113">
    <p class='ocr_par' dir='ltr' id='par_1_62' title="bbox 2123 3039 3724 3113">
     <span class='ocr_line' id='line_1_62' title="bbox 2123 3039 3724 3113; baseline 0 -18"><span class='ocrx_word' id='word_1_430' title='bbox 2123 3042 2184 3096; x_wconf 83' lang='grc' dir='ltr'>τὸ</span> <span class='ocrx_word' id='word_1_431' title='bbox 2207 3040 2416 3096; x_wconf 81' lang='grc' dir='ltr'>παιδίον</span> <span class='ocrx_word' id='word_1_432' title='bbox 2439 3043 2603 3094; x_wconf 82' lang='grc' dir='ltr'>νοσεῖ·</span> <span class='ocrx_word' id='word_1_433' title='bbox 2635 3040 2732 3094; x_wconf 83' lang='grc' dir='ltr'><strong>ὲάν</strong></span> <span class='ocrx_word' id='word_1_434' title='bbox 2758 3057 2812 3094; x_wconf 90' lang='grc' dir='ltr'><strong>τι</strong></span> <span class='ocrx_word' id='word_1_435' title='bbox 2836 3039 3008 3113; x_wconf 82' lang='grc' dir='ltr'>πάθῃ,</span> <span class='ocrx_word' id='word_1_436' title='bbox 3043 3041 3247 3113; x_wconf 79' lang='grc' dir='ltr'>ἀγχόνῃ</span> <span class='ocrx_word' id='word_1_437' title='bbox 3282 3041 3520 3112; x_wconf 73' lang='grc' dir='ltr'>ἐμαυτὸν</span> <span class='ocrx_word' id='word_1_438' title='bbox 3548 3042 3724 3095; x_wconf 81' lang='grc' dir='ltr'>ἀπολ-</span> 
     </span>
    </p>
   </div>
   <div class='ocr_carea' id='block_1_63' title="bbox 439 3106 2017 3207">
    <p class='ocr_par' dir='ltr' id='par_1_63' title="bbox 439 3106 2017 3195">
     <span class='ocr_line' id='line_1_63' title="bbox 439 3106 2017 3195; baseline -0.006 -7"><span class='ocrx_word' id='word_1_439' title='bbox 439 3146 663 3188; x_wconf 84' lang='lat' dir='ltr'><strong>necesse</strong></span> <span class='ocrx_word' id='word_1_440' title='bbox 705 3138 808 3186; x_wconf 86' lang='lat' dir='ltr'><strong>est.</strong></span> <span class='ocrx_word' id='word_1_441' title='bbox 839 3106 1015 3184; x_wconf 82' lang='lat' dir='ltr'><strong>Amici</strong></span> <span class='ocrx_word' id='word_1_442' title='bbox 1049 3106 1355 3183; x_wconf 19' lang='lat' dir='ltr'><strong>coindolent.</strong></span> <span class='ocrx_word' id='word_1_443' title='bbox 1396 3127 1540 3181; x_wconf 88' lang='lat' dir='ltr'><strong>Deus</strong></span> <span class='ocrx_word' id='word_1_444' title='bbox 1574 3134 1752 3179; x_wconf 90' lang='lat' dir='ltr'><strong>tamen</strong></span> <span class='ocrx_word' id='word_1_445' title='bbox 1779 3125 2017 3195; x_wconf 83' lang='lat' dir='ltr'><strong>benigni-</strong></span> 
     </span>
    </p>
   </div>
   <div class='ocr_carea' id='block_1_64' title="bbox 2123 3106 3726 3207">
    <p class='ocr_par' dir='ltr' id='par_1_64' title="bbox 2123 3106 3726 3207">
     <span class='ocr_line' id='line_1_64' title="bbox 2123 3106 3726 3207; baseline 0 -21"><span class='ocrx_word' id='word_1_446' title='bbox 2123 3133 2253 3187; x_wconf 90' lang='grc' dir='ltr'>λύω.</span> <span class='ocrx_word' id='word_1_447' title='bbox 2283 3134 2346 3184; x_wconf 92' lang='grc' dir='ltr'><strong>Οἱ</strong></span> <span class='ocrx_word' id='word_1_448' title='bbox 2377 3133 2518 3201; x_wconf 83' lang='grc' dir='ltr'>φίλοι</span> <span class='ocrx_word' id='word_1_449' title='bbox 2552 3132 2890 3202; x_wconf 83' lang='grc' dir='ltr'>συνέχονται·</span> <span class='ocrx_word' id='word_1_450' title='bbox 2930 3106 3051 3186; x_wconf 36' lang='grc' dir='ltr'>όῃδὲ</span> <span class='ocrx_word' id='word_1_451' title='bbox 3080 3106 3438 3205; x_wconf 39' lang='grc' dir='ltr'>δέκ’-οἰκείᾳ</span> <span class='ocrx_word' id='word_1_452' title='bbox 3460 3133 3726 3207; x_wconf 73' lang='grc' dir='ltr'>εὐμενείᾳ</span> 
     </span>
    </p>
   </div>
   <div class='ocr_carea' id='block_1_65' title="bbox 441 3215 2021 3290">
    <p class='ocr_par' dir='ltr' id='par_1_65' title="bbox 441 3215 2021 3290">
     <span class='ocr_line' id='line_1_65' title="bbox 441 3215 2021 3290; baseline -0.006 -13"><span class='ocrx_word' id='word_1_453' title='bbox 441 3232 554 3277; x_wconf 84' lang='lat' dir='ltr'><strong>tate</strong></span> <span class='ocrx_word' id='word_1_454' title='bbox 585 3237 682 3277; x_wconf 88' lang='lat' dir='ltr'><strong>sua</strong></span> <span class='ocrx_word' id='word_1_455' title='bbox 714 3221 882 3274; x_wconf 87' lang='lat' dir='ltr'><strong>vitam</strong></span> <span class='ocrx_word' id='word_1_456' title='bbox 915 3219 1171 3290; x_wconf 88' lang='lat' dir='ltr'><strong>largitur.</strong></span> <span class='ocrx_word' id='word_1_457' title='bbox 1200 3215 1509 3280; x_wconf 79' lang='lat' dir='ltr'><strong>Convaluit,</strong></span> <span class='ocrx_word' id='word_1_458' title='bbox 1557 3215 1824 3270; x_wconf 88' lang='lat' dir='ltr'><strong>evolvitur</strong></span> <span class='ocrx_word' id='word_1_459' title='bbox 1843 3229 1910 3268; x_wconf 80' lang='lat' dir='ltr'><strong>ex</strong></span> <span class='ocrx_word' id='word_1_460' title='bbox 1937 3215 2021 3269; x_wconf 92' lang='lat' dir='ltr'><strong>in-</strong></span> 
     </span>
    </p>
   </div>
   <div class='ocr_carea' id='block_1_66' title="bbox 440 3305 2027 3377">
    <p class='ocr_par' dir='ltr' id='par_1_66' title="bbox 440 3305 2027 3377">
     <span class='ocr_line' id='line_1_66' title="bbox 440 3305 2027 3377; baseline -0.006 -10"><span class='ocrx_word' id='word_1_461' title='bbox 440 3311 632 3377; x_wconf 80' lang='lat' dir='ltr'><strong>fantia,</strong></span> <span class='ocrx_word' id='word_1_462' title='bbox 657 3311 883 3376; x_wconf 90' lang='lat' dir='ltr'><strong>crescit,</strong></span> <span class='ocrx_word' id='word_1_463' title='bbox 921 3309 981 3364; x_wconf 89' lang='lat' dir='ltr'><strong>fit</strong></span> <span class='ocrx_word' id='word_1_464' title='bbox 1006 3309 1270 3374; x_wconf 89' lang='lat' dir='ltr'><strong>adultior;</strong></span> <span class='ocrx_word' id='word_1_465' title='bbox 1308 3307 1551 3374; x_wconf 89' lang='lat' dir='ltr'><strong>magistri</strong></span> <span class='ocrx_word' id='word_1_466' title='bbox 1584 3305 1717 3360; x_wconf 87' lang='lat' dir='ltr'><strong>varii</strong></span> <span class='ocrx_word' id='word_1_467' title='bbox 1749 3319 2027 3360; x_wconf 85' lang='lat' dir='ltr'><strong>assumun-</strong></span> 
     </span>
    </p>
   </div>
   <div class='ocr_carea' id='block_1_67' title="bbox 441 3395 2024 3472">
    <p class='ocr_par' dir='ltr' id='par_1_67' title="bbox 441 3395 2024 3472">
     <span class='ocr_line' id='line_1_67' title="bbox 441 3395 2024 3472; baseline -0.006 -14"><span class='ocrx_word' id='word_1_468' title='bbox 441 3415 552 3469; x_wconf 87' lang='lat' dir='ltr'><strong>tur,</strong></span> <span class='ocrx_word' id='word_1_469' title='bbox 603 3412 660 3458; x_wconf 78' lang='grc' dir='ltr'><strong>ει</strong></span> <span class='ocrx_word' id='word_1_470' title='bbox 713 3417 809 3472; x_wconf 90' lang='lat' dir='ltr'><strong>pro</strong></span> <span class='ocrx_word' id='word_1_471' title='bbox 864 3401 1042 3457; x_wconf 61' lang='lat' dir='ltr'><strong>atatis</strong></span> <span class='ocrx_word' id='word_1_472' title='bbox 1097 3413 1385 3470; x_wconf 83' lang='lat' dir='ltr'><strong>progressu</strong></span> <span class='ocrx_word' id='word_1_473' title='bbox 1439 3397 1688 3452; x_wconf 90' lang='lat' dir='ltr'><strong>eruditur</strong></span> <span class='ocrx_word' id='word_1_474' title='bbox 1727 3395 2024 3452; x_wconf 83' lang='lat' dir='ltr'><strong>secundum</strong></span> 
     </span>
    </p>
   </div>
   <div class='ocr_carea' id='block_1_68' title="bbox 441 3485 2022 3557">
    <p class='ocr_par' dir='ltr' id='par_1_68' title="bbox 441 3485 2022 3557">
     <span class='ocr_line' id='line_1_68' title="bbox 441 3485 2022 3557; baseline -0.006 -8"><span class='ocrx_word' id='word_1_475' title='bbox 441 3494 628 3549; x_wconf 85' lang='lat' dir='ltr'><strong>ntundi</strong></span> <span class='ocrx_word' id='word_1_476' title='bbox 677 3492 1152 3549; x_wconf 88' lang='lat' dir='ltr'><strong>consuetudinem.</strong></span> <span class='ocrx_word' id='word_1_477' title='bbox 1210 3487 1509 3545; x_wconf 77' lang='lat' dir='ltr'><strong>Juvenilem</strong></span> <span class='ocrx_word' id='word_1_478' title='bbox 1558 3497 1769 3542; x_wconf 66' lang='lat' dir='ltr'><strong>aetatem</strong></span> <span class='ocrx_word' id='word_1_479' title='bbox 1821 3485 2022 3557; x_wconf 85' lang='lat' dir='ltr'><strong>attigit,</strong></span> 
     </span>
    </p>
   </div>
   <div class='ocr_carea' id='block_1_69' title="bbox 441 3576 2027 3654">
    <p class='ocr_par' dir='ltr' id='par_1_69' title="bbox 441 3576 2027 3654">
     <span class='ocr_line' id='line_1_69' title="bbox 441 3576 2027 3654; baseline -0.006 -15"><span class='ocrx_word' id='word_1_480' title='bbox 441 3584 760 3654; x_wconf 84' lang='lat' dir='ltr'><strong>copulandis</strong></span> <span class='ocrx_word' id='word_1_481' title='bbox 803 3582 1006 3654; x_wconf 91' lang='lat' dir='ltr'><strong>nuptiis</strong></span> <span class='ocrx_word' id='word_1_482' title='bbox 1049 3580 1316 3634; x_wconf 80' lang='lat' dir='ltr'><strong>idoneam.</strong></span> <span class='ocrx_word' id='word_1_483' title='bbox 1351 3576 1514 3632; x_wconf 84' lang='lat' dir='ltr'><strong>Pater</strong></span> <span class='ocrx_word' id='word_1_484' title='bbox 1543 3576 1662 3646; x_wconf 87' lang='lat' dir='ltr'><strong>ejus</strong></span> <span class='ocrx_word' id='word_1_485' title='bbox 1696 3589 1887 3632; x_wconf 91' lang='lat' dir='ltr'><strong>rursus</strong></span> <span class='ocrx_word' id='word_1_486' title='bbox 1919 3584 2027 3629; x_wconf 80' lang='lat' dir='ltr'><strong>nu-</strong></span> 
     </span>
    </p>
   </div>
   <div class='ocr_carea' id='block_1_70' title="bbox 444 3668 2026 3746">
    <p class='ocr_par' dir='ltr' id='par_1_70' title="bbox 444 3668 2026 3746">
     <span class='ocr_line' id='line_1_70' title="bbox 444 3668 2026 3746; baseline -0.004 -16"><span class='ocrx_word' id='word_1_487' title='bbox 444 3674 704 3746; x_wconf 88' lang='lat' dir='ltr'><strong>ptialibus</strong></span> <span class='ocrx_word' id='word_1_488' title='bbox 753 3673 900 3728; x_wconf 90' lang='lat' dir='ltr'><strong>curis</strong></span> <span class='ocrx_word' id='word_1_489' title='bbox 945 3680 1272 3740; x_wconf 88' lang='lat' dir='ltr'><strong>occupatur;</strong></span> <span class='ocrx_word' id='word_1_490' title='bbox 1328 3678 1514 3738; x_wconf 83' lang='lat' dir='ltr'><strong>parata</strong></span> <span class='ocrx_word' id='word_1_491' title='bbox 1544 3668 1748 3731; x_wconf 90' lang='lat' dir='ltr'><strong>omnia,</strong></span> <span class='ocrx_word' id='word_1_492' title='bbox 1805 3677 2026 3737; x_wconf 80' lang='lat' dir='ltr'><strong>paratus</strong></span> 
     </span>
    </p>
   </div>
   <div class='ocr_carea' id='block_1_71' title="bbox 444 3758 2024 3830">
    <p class='ocr_par' dir='ltr' id='par_1_71' title="bbox 444 3758 2024 3830">
     <span class='ocr_line' id='line_1_71' title="bbox 444 3758 2024 3830; baseline -0.004 -11"><span class='ocrx_word' id='word_1_493' title='bbox 444 3765 740 3830; x_wconf 86' lang='lat' dir='ltr'><strong>thalamus,</strong></span> <span class='ocrx_word' id='word_1_494' title='bbox 777 3773 835 3818; x_wconf 91' lang='lat' dir='ltr'><strong>et</strong></span> <span class='ocrx_word' id='word_1_495' title='bbox 883 3776 1012 3817; x_wconf 87' lang='lat' dir='ltr'><strong>ecce</strong></span> <span class='ocrx_word' id='word_1_496' title='bbox 1069 3774 1218 3815; x_wconf 90' lang='lat' dir='ltr'><strong>mors</strong></span> <span class='ocrx_word' id='word_1_497' title='bbox 1258 3761 1475 3828; x_wconf 84' lang='lat' dir='ltr'><strong>inopina</strong></span> <span class='ocrx_word' id='word_1_498' title='bbox 1508 3758 1766 3829; x_wconf 85' lang='lat' dir='ltr'><strong>juvenem</strong></span> <span class='ocrx_word' id='word_1_499' title='bbox 1804 3758 2024 3828; x_wconf 86' lang='lat' dir='ltr'><strong>abripit.</strong></span> 
     </span>
    </p>
   </div>
   <div class='ocr_carea' id='block_1_72' title="bbox 447 3847 2028 3925">
    <p class='ocr_par' dir='ltr' id='par_1_72' title="bbox 447 3847 2028 3925">
     <span class='ocr_line' id='line_1_72' title="bbox 447 3847 2028 3925; baseline -0.006 -13"><span class='ocrx_word' id='word_1_500' title='bbox 447 3856 676 3912; x_wconf 88' lang='lat' dir='ltr'><strong>Subitus</strong></span> <span class='ocrx_word' id='word_1_501' title='bbox 706 3869 836 3925; x_wconf 89' lang='lat' dir='ltr'><strong>ergo</strong></span> <span class='ocrx_word' id='word_1_502' title='bbox 865 3853 1074 3924; x_wconf 86' lang='lat' dir='ltr'><strong>parenti</strong></span> <span class='ocrx_word' id='word_1_503' title='bbox 1117 3851 1272 3906; x_wconf 87' lang='lat' dir='ltr'><strong>dolor</strong></span> <span class='ocrx_word' id='word_1_504' title='bbox 1301 3861 1356 3906; x_wconf 92' lang='lat' dir='ltr'><strong>et</strong></span> <span class='ocrx_word' id='word_1_505' title='bbox 1382 3849 1760 3905; x_wconf 86' lang='lat' dir='ltr'><strong>intolerabilis.</strong></span> <span class='ocrx_word' id='word_1_506' title='bbox 1791 3847 2028 3904; x_wconf 69' lang='lat' dir='ltr'><strong>Effertur</strong></span> 
     </span>
    </p>
   </div>
   <div class='ocr_carea' id='block_1_73' title="bbox 443 3939 2025 4020">
    <p class='ocr_par' dir='ltr' id='par_1_73' title="bbox 443 3939 2025 4020">
     <span class='ocr_line' id='line_1_73' title="bbox 443 3939 2025 4020; baseline -0.006 -17"><span class='ocrx_word' id='word_1_507' title='bbox 443 3948 681 4020; x_wconf 84' lang='lat' dir='ltr'><strong>juvenis,</strong></span> <span class='ocrx_word' id='word_1_508' title='bbox 704 3947 834 4020; x_wconf 74' lang='lat' dir='ltr'><strong>hinc</strong></span> <span class='ocrx_word' id='word_1_509' title='bbox 859 3945 1035 4000; x_wconf 84' lang='lat' dir='ltr'><strong>luctus</strong></span> <span class='ocrx_word' id='word_1_510' title='bbox 1055 3953 1110 3999; x_wconf 89' lang='lat' dir='ltr'><strong>et</strong></span> <span class='ocrx_word' id='word_1_511' title='bbox 1141 3943 1407 4012; x_wconf 88' lang='lat' dir='ltr'><strong>ejulatus;</strong></span> <span class='ocrx_word' id='word_1_512' title='bbox 1437 3951 1592 4012; x_wconf 89' lang='lat' dir='ltr'><strong>pater</strong></span> <span class='ocrx_word' id='word_1_513' title='bbox 1615 3942 1682 3995; x_wconf 89' lang='lat' dir='ltr'><strong>ad</strong></span> <span class='ocrx_word' id='word_1_514' title='bbox 1720 3939 2025 4009; x_wconf 88' lang='lat' dir='ltr'><strong>sepulcrum</strong></span> 
     </span>
    </p>
   </div>
   <div class='ocr_carea' id='block_1_74' title="bbox 445 4034 2025 4113">
    <p class='ocr_par' dir='ltr' id='par_1_74' title="bbox 445 4034 2025 4113">
     <span class='ocr_line' id='line_1_74' title="bbox 445 4034 2025 4113; baseline -0.006 -17"><span class='ocrx_word' id='word_1_515' title='bbox 445 4039 796 4113; x_wconf 88' lang='lat' dir='ltr'><strong>progrediens</strong></span> <span class='ocrx_word' id='word_1_516' title='bbox 821 4039 1078 4110; x_wconf 88' lang='lat' dir='ltr'><strong>gemitum</strong></span> <span class='ocrx_word' id='word_1_517' title='bbox 1116 4045 1339 4108; x_wconf 90' lang='lat' dir='ltr'><strong>pectore</strong></span> <span class='ocrx_word' id='word_1_518' title='bbox 1378 4035 1620 4098; x_wconf 89' lang='lat' dir='ltr'><strong>mittens,</strong></span> <span class='ocrx_word' id='word_1_519' title='bbox 1654 4034 1904 4087; x_wconf 92' lang='lat' dir='ltr'><strong>manibus</strong></span> <span class='ocrx_word' id='word_1_520' title='bbox 1929 4047 2025 4086; x_wconf 88' lang='lat' dir='ltr'><strong>ca-</strong></span> 
     </span>
    </p>
   </div>
   <div class='ocr_carea' id='block_1_75' title="bbox 447 4120 2022 4204">
    <p class='ocr_par' dir='ltr' id='par_1_75' title="bbox 447 4120 2022 4204">
     <span class='ocr_line' id='line_1_75' title="bbox 447 4120 2022 4204; baseline -0.007 -17"><span class='ocrx_word' id='word_1_521' title='bbox 447 4141 543 4204; x_wconf 88' lang='lat' dir='ltr'><strong>put</strong></span> <span class='ocrx_word' id='word_1_522' title='bbox 592 4131 840 4196; x_wconf 87' lang='lat' dir='ltr'><strong>scabens,</strong></span> <span class='ocrx_word' id='word_1_523' title='bbox 869 4129 1076 4184; x_wconf 88' lang='lat' dir='ltr'><strong>vultum</strong></span> <span class='ocrx_word' id='word_1_524' title='bbox 1128 4127 1388 4182; x_wconf 90' lang='lat' dir='ltr'><strong>vellicans</strong></span> <span class='ocrx_word' id='word_1_525' title='bbox 1415 4133 1470 4180; x_wconf 86' lang='lat' dir='ltr'><strong>et</strong></span> <span class='ocrx_word' id='word_1_526' title='bbox 1505 4124 1834 4194; x_wconf 88' lang='lat' dir='ltr'><strong>percutiens,</strong></span> <span class='ocrx_word' id='word_1_527' title='bbox 1874 4120 2022 4176; x_wconf 83' lang='lat' dir='ltr'><strong>lleu!</strong></span> 
     </span>
    </p>
   </div>
   <div class='ocr_carea' id='block_1_76' title="bbox 444 4214 2028 4287">
    <p class='ocr_par' dir='ltr' id='par_1_76' title="bbox 444 4214 2028 4287">
     <span class='ocr_line' id='line_1_76' title="bbox 444 4214 2028 4287; baseline -0.006 -8"><span class='ocrx_word' id='word_1_528' title='bbox 444 4224 580 4280; x_wconf 81' lang='lat' dir='ltr'><strong>heu!</strong></span> <span class='ocrx_word' id='word_1_529' title='bbox 625 4221 963 4278; x_wconf 88' lang='lat' dir='ltr'><strong>continenter</strong></span> <span class='ocrx_word' id='word_1_530' title='bbox 992 4220 1212 4274; x_wconf 88' lang='lat' dir='ltr'><strong>clamat.</strong></span> <span class='ocrx_word' id='word_1_531' title='bbox 1255 4219 1433 4287; x_wconf 86' lang='lat' dir='ltr'><strong>Atque</strong></span> <span class='ocrx_word' id='word_1_532' title='bbox 1474 4216 1574 4270; x_wconf 93' lang='lat' dir='ltr'><strong>hoc</strong></span> <span class='ocrx_word' id='word_1_533' title='bbox 1616 4215 1759 4270; x_wconf 87' lang='lat' dir='ltr'><strong>luctu</strong></span> <span class='ocrx_word' id='word_1_534' title='bbox 1791 4214 2028 4283; x_wconf 87' lang='lat' dir='ltr'><strong>graviter</strong></span> 
     </span>
    </p>
   </div>
   <div class='ocr_carea' id='block_1_77' title="bbox 446 4303 2028 4381">
    <p class='ocr_par' dir='ltr' id='par_1_77' title="bbox 446 4303 2028 4381">
     <span class='ocr_line' id='line_1_77' title="bbox 446 4303 2028 4381; baseline -0.008 -13"><span class='ocrx_word' id='word_1_535' title='bbox 446 4313 700 4379; x_wconf 76' lang='lat' dir='ltr'><strong>afflictus,</strong></span> <span class='ocrx_word' id='word_1_536' title='bbox 733 4311 1095 4381; x_wconf 86' lang='lat' dir='ltr'><strong>periculosum</strong></span> <span class='ocrx_word' id='word_1_537' title='bbox 1123 4309 1178 4364; x_wconf 89' lang='lat' dir='ltr'><strong>in</strong></span> <span class='ocrx_word' id='word_1_538' title='bbox 1207 4307 1457 4362; x_wconf 90' lang='lat' dir='ltr'><strong>morbum</strong></span> <span class='ocrx_word' id='word_1_539' title='bbox 1487 4319 1630 4374; x_wconf 67' lang='lat' dir='ltr'><strong>sazpe</strong></span> <span class='ocrx_word' id='word_1_540' title='bbox 1657 4303 1868 4368; x_wconf 90' lang='lat' dir='ltr'><strong>incidit,</strong></span> <span class='ocrx_word' id='word_1_541' title='bbox 1898 4317 2028 4373; x_wconf 88' lang='lat' dir='ltr'><strong>pau-</strong></span> 
     </span>
    </p>
   </div>
   <div class='ocr_carea' id='block_1_78' title="bbox 2125 3224 3726 3297">
    <p class='ocr_par' dir='ltr' id='par_1_78' title="bbox 2125 3224 3726 3297">
     <span class='ocr_line' id='line_1_78' title="bbox 2125 3224 3726 3297; baseline -0.001 -17"><span class='ocrx_word' id='word_1_542' title='bbox 2125 3225 2270 3296; x_wconf 79' lang='grc' dir='ltr'>ζωὴν</span> <span class='ocrx_word' id='word_1_543' title='bbox 2301 3224 2551 3297; x_wconf 82' lang='grc' dir='ltr'>παρέχει·</span> <span class='ocrx_word' id='word_1_544' title='bbox 2585 3225 2806 3292; x_wconf 82' lang='grc' dir='ltr'>ὑγίανεν</span> <span class='ocrx_word' id='word_1_545' title='bbox 2844 3224 2905 3278; x_wconf 84' lang='grc' dir='ltr'>τὸ</span> <span class='ocrx_word' id='word_1_546' title='bbox 2939 3225 3173 3290; x_wconf 83' lang='grc' dir='ltr'>παιδίον,</span> <span class='ocrx_word' id='word_1_547' title='bbox 3210 3225 3440 3296; x_wconf 73' lang='grc' dir='ltr'>προέϐη,</span> <span class='ocrx_word' id='word_1_548' title='bbox 3476 3226 3726 3296; x_wconf 71' lang='grc' dir='ltr'>ἐμηκύν-</span> 
     </span>
    </p>
   </div>
   <div class='ocr_carea' id='block_1_79' title="bbox 2075 3315 3722 3388">
    <p class='ocr_par' dir='ltr' id='par_1_79' title="bbox 2075 3315 3722 3388">
     <span class='ocr_line' id='line_1_79' title="bbox 2075 3315 3722 3388; baseline 0.001 -18"><span class='ocrx_word' id='word_1_549' title='bbox 2075 3359 2088 3376; x_wconf 72' lang='grc'>.</span> <span class='ocrx_word' id='word_1_550' title='bbox 2126 3317 2217 3388; x_wconf 83' lang='grc' dir='ltr'><strong>θη.</strong></span> <span class='ocrx_word' id='word_1_551' title='bbox 2246 3317 2463 3386; x_wconf 74' lang='grc' dir='ltr'>ἐγένετο</span> <span class='ocrx_word' id='word_1_552' title='bbox 2507 3318 2654 3380; x_wconf 83' lang='grc' dir='ltr'>παῖς·</span> <span class='ocrx_word' id='word_1_553' title='bbox 2687 3315 3002 3370; x_wconf 87' lang='grc' dir='ltr'>διδάσκαλοι</span> <span class='ocrx_word' id='word_1_554' title='bbox 3026 3315 3216 3369; x_wconf 83' lang='grc' dir='ltr'>τοῦτον</span> <span class='ocrx_word' id='word_1_555' title='bbox 3241 3315 3486 3388; x_wconf 85' lang='grc' dir='ltr'>διάφοροι</span> <span class='ocrx_word' id='word_1_556' title='bbox 3533 3334 3722 3386; x_wconf 81' lang='grc' dir='ltr'>παρα-</span> 
     </span>
    </p>
   </div>
   <div class='ocr_carea' id='block_1_80' title="bbox 2124 3405 3724 3478">
    <p class='ocr_par' dir='ltr' id='par_1_80' title="bbox 2124 3405 3724 3478">
     <span class='ocr_line' id='line_1_80' title="bbox 2124 3405 3724 3478; baseline 0.002 -19"><span class='ocrx_word' id='word_1_557' title='bbox 2124 3406 2515 3478; x_wconf 80' lang='grc' dir='ltr'>λαμϐάνουσιν,</span> <span class='ocrx_word' id='word_1_558' title='bbox 2547 3405 2642 3459; x_wconf 69' lang='grc' dir='ltr'><strong>καὶ</strong></span> <span class='ocrx_word' id='word_1_559' title='bbox 2657 3406 2780 3458; x_wconf 82' lang='grc' dir='ltr'>ὅσον</span> <span class='ocrx_word' id='word_1_560' title='bbox 2808 3405 3094 3477; x_wconf 77' lang='grc' dir='ltr'>προϐαίνει</span> <span class='ocrx_word' id='word_1_561' title='bbox 3120 3406 3436 3461; x_wconf 84' lang='grc' dir='ltr'>παιδεύεται</span> <span class='ocrx_word' id='word_1_562' title='bbox 3461 3407 3607 3460; x_wconf 84' lang='grc' dir='ltr'><strong>κατά</strong></span> <span class='ocrx_word' id='word_1_563' title='bbox 3628 3408 3724 3462; x_wconf 77' lang='grc' dir='ltr'>τὸν</span> 
     </span>
    </p>
   </div>
   <div class='ocr_carea' id='block_1_81' title="bbox 2126 3497 3719 3571">
    <p class='ocr_par' dir='ltr' id='par_1_81' title="bbox 2126 3497 3719 3571">
     <span class='ocr_line' id='line_1_81' title="bbox 2126 3497 3719 3571; baseline 0.001 -19"><span class='ocrx_word' id='word_1_564' title='bbox 2126 3499 2350 3569; x_wconf 85' lang='grc' dir='ltr'>κόσμον·</span> <span class='ocrx_word' id='word_1_565' title='bbox 2390 3499 2510 3562; x_wconf 89' lang='grc' dir='ltr'>νέος</span> <span class='ocrx_word' id='word_1_566' title='bbox 2539 3498 2725 3551; x_wconf 86' lang='grc' dir='ltr'>λοιπὸν</span> <span class='ocrx_word' id='word_1_567' title='bbox 2773 3497 3008 3566; x_wconf 75' lang='grc' dir='ltr'>ἐγένετο,</span> <span class='ocrx_word' id='word_1_568' title='bbox 3059 3498 3318 3570; x_wconf 77' lang='grc' dir='ltr'>ἁρμόδιος</span> <span class='ocrx_word' id='word_1_569' title='bbox 3352 3498 3492 3570; x_wconf 76' lang='grc' dir='ltr'>πρὸς</span> <span class='ocrx_word' id='word_1_570' title='bbox 3529 3501 3719 3571; x_wconf 84' lang='grc' dir='ltr'>γάμου</span> 
     </span>
    </p>
   </div>
   <div class='ocr_carea' id='block_1_82' title="bbox 2128 3586 3722 3660">
    <p class='ocr_par' dir='ltr' id='par_1_82' title="bbox 2128 3586 3722 3660">
     <span class='ocr_line' id='line_1_82' title="bbox 2128 3586 3722 3660; baseline 0.002 -20"><span class='ocrx_word' id='word_1_571' title='bbox 2128 3587 2432 3642; x_wconf 89' lang='grc' dir='ltr'>συνουσίαν·</span> <span class='ocrx_word' id='word_1_572' title='bbox 2484 3589 2512 3640; x_wconf 92' lang='grc' dir='ltr'>ὁ</span> <span class='ocrx_word' id='word_1_573' title='bbox 2543 3587 2726 3660; x_wconf 76' lang='grc' dir='ltr'>πατὴρ</span> <span class='ocrx_word' id='word_1_574' title='bbox 2758 3586 2923 3640; x_wconf 80' lang='grc' dir='ltr'>αὐτοῦ</span> <span class='ocrx_word' id='word_1_575' title='bbox 2958 3588 3122 3642; x_wconf 89' lang='grc' dir='ltr'>πάλιν</span> <span class='ocrx_word' id='word_1_576' title='bbox 3168 3588 3298 3660; x_wconf 79' lang='grc' dir='ltr'>περὶ</span> <span class='ocrx_word' id='word_1_577' title='bbox 3329 3588 3524 3659; x_wconf 90' lang='grc' dir='ltr'>γάμων</span> <span class='ocrx_word' id='word_1_578' title='bbox 3549 3592 3722 3660; x_wconf 83' lang='grc' dir='ltr'>ἀσχο-</span> 
     </span>
    </p>
   </div>
   <div class='ocr_carea' id='block_1_83' title="bbox 2125 3677 3725 3749">
    <p class='ocr_par' dir='ltr' id='par_1_83' title="bbox 2125 3677 3725 3749">
     <span class='ocr_line' id='line_1_83' title="bbox 2125 3677 3725 3749; baseline 0.003 -19"><span class='ocrx_word' id='word_1_579' title='bbox 2125 3677 2321 3732; x_wconf 76' lang='grc' dir='ltr'>λεῖται·</span> <span class='ocrx_word' id='word_1_580' title='bbox 2351 3677 2547 3749; x_wconf 66' lang='grc' dir='ltr'>ἕτοιμα</span> <span class='ocrx_word' id='word_1_581' title='bbox 2575 3678 2780 3741; x_wconf 79' lang='grc' dir='ltr'>πάντα,</span> <span class='ocrx_word' id='word_1_582' title='bbox 2807 3679 2836 3730; x_wconf 88' lang='grc' dir='ltr'><strong>ό</strong></span> <span class='ocrx_word' id='word_1_583' title='bbox 2867 3677 3109 3747; x_wconf 89' lang='grc' dir='ltr'>θάλαμος</span> <span class='ocrx_word' id='word_1_584' title='bbox 3160 3678 3398 3749; x_wconf 72' lang='grc' dir='ltr'>ἕτοιμος,</span> <span class='ocrx_word' id='word_1_585' title='bbox 3432 3679 3527 3732; x_wconf 72' lang='grc' dir='ltr'>καὶ</span> <span class='ocrx_word' id='word_1_586' title='bbox 3561 3683 3592 3734; x_wconf 82' lang='grc' dir='ltr'>ὁ</span> <span class='ocrx_word' id='word_1_587' title='bbox 3624 3681 3725 3736; x_wconf 81' lang='grc' dir='ltr'><strong>θά-</strong></span> 
     </span>
    </p>
   </div>
   <div class='ocr_carea' id='block_1_84' title="bbox 2126 3769 3725 3844">
    <p class='ocr_par' dir='ltr' id='par_1_84' title="bbox 2126 3769 3725 3844">
     <span class='ocr_line' id='line_1_84' title="bbox 2126 3769 3725 3844; baseline 0.003 -20"><span class='ocrx_word' id='word_1_588' title='bbox 2126 3787 2287 3833; x_wconf 89' lang='grc' dir='ltr'>νατος</span> <span class='ocrx_word' id='word_1_589' title='bbox 2319 3769 2474 3839; x_wconf 73' lang='grc' dir='ltr'>ἄφνω</span> <span class='ocrx_word' id='word_1_590' title='bbox 2503 3771 2594 3824; x_wconf 79' lang='grc' dir='ltr'>τὸν</span> <span class='ocrx_word' id='word_1_591' title='bbox 2619 3770 2739 3823; x_wconf 87' lang='grc' dir='ltr'>νέον</span> <span class='ocrx_word' id='word_1_592' title='bbox 2768 3771 3116 3842; x_wconf 78' lang='grc' dir='ltr'>ἀφήρπασεν·</span> <span class='ocrx_word' id='word_1_593' title='bbox 3162 3773 3420 3844; x_wconf 83' lang='grc' dir='ltr'>συμφορὰ</span> <span class='ocrx_word' id='word_1_594' title='bbox 3452 3774 3725 3843; x_wconf 71' lang='grc' dir='ltr'>αἰφνίδιος</span> 
     </span>
    </p>
   </div>
   <div class='ocr_carea' id='block_1_85' title="bbox 2125 3860 3724 3937">
    <p class='ocr_par' dir='ltr' id='par_1_85' title="bbox 2125 3860 3724 3937">
     <span class='ocr_line' id='line_1_85' title="bbox 2125 3860 3724 3937; baseline 0.003 -22"><span class='ocrx_word' id='word_1_595' title='bbox 2125 3860 2206 3932; x_wconf 81' lang='grc' dir='ltr'><strong>τῷ</strong></span> <span class='ocrx_word' id='word_1_596' title='bbox 2227 3863 2396 3933; x_wconf 77' lang='grc' dir='ltr'>πατρὶ</span> <span class='ocrx_word' id='word_1_597' title='bbox 2429 3862 2766 3933; x_wconf 78' lang='grc' dir='ltr'>ἀνηκέστως·</span> <span class='ocrx_word' id='word_1_598' title='bbox 2792 3863 2822 3916; x_wconf 84' lang='grc' dir='ltr'>ὁ</span> <span class='ocrx_word' id='word_1_599' title='bbox 2851 3863 2968 3927; x_wconf 85' lang='grc' dir='ltr'>νέος</span> <span class='ocrx_word' id='word_1_600' title='bbox 3019 3863 3395 3934; x_wconf 77' lang='grc' dir='ltr'>ὲκκομίζεται,</span> <span class='ocrx_word' id='word_1_601' title='bbox 3423 3867 3724 3937; x_wconf 78' lang='grc' dir='ltr'>στεναγμοὶ</span> 
     </span>
    </p>
   </div>
   <div class='ocr_carea' id='block_1_86' title="bbox 2126 3953 3724 4030">
    <p class='ocr_par' dir='ltr' id='par_1_86' title="bbox 2126 3953 3724 4030">
     <span class='ocr_line' id='line_1_86' title="bbox 2126 3953 3724 4030; baseline 0.003 -24"><span class='ocrx_word' id='word_1_602' title='bbox 2126 3953 2312 4008; x_wconf 83' lang='grc' dir='ltr'>λοιπὸν</span> <span class='ocrx_word' id='word_1_603' title='bbox 2339 3955 2436 4007; x_wconf 69' lang='grc' dir='ltr'>καὶ</span> <span class='ocrx_word' id='word_1_604' title='bbox 2485 3953 2805 4026; x_wconf 72' lang='grc' dir='ltr'>ὀλοφυρμοὶ,</span> <span class='ocrx_word' id='word_1_605' title='bbox 2838 3954 2969 4026; x_wconf 74' lang='grc' dir='ltr'>περὶ</span> <span class='ocrx_word' id='word_1_606' title='bbox 3009 3954 3071 4008; x_wconf 84' lang='grc' dir='ltr'><strong>τὺ</strong></span> <span class='ocrx_word' id='word_1_607' title='bbox 3114 3956 3305 4026; x_wconf 83' lang='grc' dir='ltr'>μνῆμα</span> <span class='ocrx_word' id='word_1_608' title='bbox 3347 3956 3724 4030; x_wconf 82' lang='grc' dir='ltr'>ἀπερχόμενος</span> 
     </span>
    </p>
   </div>
   <div class='ocr_carea' id='block_1_87' title="bbox 2128 4043 3725 4119">
    <p class='ocr_par' dir='ltr' id='par_1_87' title="bbox 2128 4043 3725 4119">
     <span class='ocr_line' id='line_1_87' title="bbox 2128 4043 3725 4119; baseline 0.004 -23"><span class='ocrx_word' id='word_1_609' title='bbox 2128 4044 2375 4114; x_wconf 76' lang='grc' dir='ltr'>οἰμωγὰς</span> <span class='ocrx_word' id='word_1_610' title='bbox 2400 4043 2658 4114; x_wconf 88' lang='grc' dir='ltr'>πέμπων,</span> <span class='ocrx_word' id='word_1_611' title='bbox 2686 4045 2785 4098; x_wconf 73' lang='grc' dir='ltr'>καὶ</span> <span class='ocrx_word' id='word_1_612' title='bbox 2807 4046 2928 4108; x_wconf 75' lang='grc' dir='ltr'>ταῖς</span> <span class='ocrx_word' id='word_1_613' title='bbox 2964 4046 3148 4116; x_wconf 75' lang='grc' dir='ltr'>χερσὶν</span> <span class='ocrx_word' id='word_1_614' title='bbox 3172 4047 3362 4117; x_wconf 79' lang='grc' dir='ltr'>ψοφῶν</span> <span class='ocrx_word' id='word_1_615' title='bbox 3404 4048 3503 4119; x_wconf 80' lang='grc' dir='ltr'>τὴν</span> <span class='ocrx_word' id='word_1_616' title='bbox 3555 4067 3725 4119; x_wconf 84' lang='grc' dir='ltr'>κεφα-</span> 
     </span>
    </p>
   </div>
   <div class='ocr_carea' id='block_1_88' title="bbox 2127 4133 3722 4213">
    <p class='ocr_par' dir='ltr' id='par_1_88' title="bbox 2127 4133 3722 4213">
     <span class='ocr_line' id='line_1_88' title="bbox 2127 4133 3722 4213; baseline 0.006 -27"><span class='ocrx_word' id='word_1_617' title='bbox 2127 4133 2247 4205; x_wconf 78' lang='grc' dir='ltr'>λὴν,</span> <span class='ocrx_word' id='word_1_618' title='bbox 2268 4134 2589 4206; x_wconf 89' lang='grc' dir='ltr'>δονούμενος</span> <span class='ocrx_word' id='word_1_619' title='bbox 2623 4136 2719 4189; x_wconf 79' lang='grc' dir='ltr'>καὶ</span> <span class='ocrx_word' id='word_1_620' title='bbox 2744 4135 2967 4191; x_wconf 88' lang='grc' dir='ltr'>τύπτων</span> <span class='ocrx_word' id='word_1_621' title='bbox 2991 4137 3053 4190; x_wconf 83' lang='grc' dir='ltr'>τὸ</span> <span class='ocrx_word' id='word_1_622' title='bbox 3088 4139 3400 4210; x_wconf 90' lang='grc' dir='ltr'>πρόσωπον,</span> <span class='ocrx_word' id='word_1_623' title='bbox 3437 4141 3619 4213; x_wconf 81' lang='grc' dir='ltr'>Οἴμοι,</span> <span class='ocrx_word' id='word_1_624' title='bbox 3643 4143 3722 4195; x_wconf 73' lang='lat' dir='ltr'><strong>ol-</strong></span> 
     </span>
    </p>
   </div>
   <div class='ocr_carea' id='block_1_89' title="bbox 2131 4227 3722 4307">
    <p class='ocr_par' dir='ltr' id='par_1_89' title="bbox 2131 4227 3722 4307">
     <span class='ocr_line' id='line_1_89' title="bbox 2131 4227 3722 4307; baseline 0.007 -30"><span class='ocrx_word' id='word_1_625' title='bbox 2131 4243 2242 4296; x_wconf 87' lang='grc' dir='ltr'>μοι,</span> <span class='ocrx_word' id='word_1_626' title='bbox 2282 4227 2522 4297; x_wconf 88' lang='grc' dir='ltr'>συνεχῶς</span> <span class='ocrx_word' id='word_1_627' title='bbox 2558 4227 2846 4296; x_wconf 75' lang='grc' dir='ltr'>ἐπιλέγων·</span> <span class='ocrx_word' id='word_1_628' title='bbox 2881 4229 2978 4284; x_wconf 78' lang='grc' dir='ltr'>καὶ</span> <span class='ocrx_word' id='word_1_629' title='bbox 3021 4231 3165 4302; x_wconf 86' lang='grc' dir='ltr'>μάλα</span> <span class='ocrx_word' id='word_1_630' title='bbox 3205 4231 3536 4304; x_wconf 88' lang='grc' dir='ltr'>δακνόμενος</span> <span class='ocrx_word' id='word_1_631' title='bbox 3578 4235 3722 4307; x_wconf 84' lang='grc' dir='ltr'>ὑπὲρ</span> 
     </span>
    </p>
   </div>
   <div class='ocr_carea' id='block_1_90' title="bbox 2129 4316 3720 4396">
    <p class='ocr_par' dir='ltr' id='par_1_90' title="bbox 2129 4316 3720 4396">
     <span class='ocr_line' id='line_1_90' title="bbox 2129 4316 3720 4396; baseline 0.007 -27"><span class='ocrx_word' id='word_1_632' title='bbox 2129 4316 2229 4388; x_wconf 79' lang='grc' dir='ltr'>τῆς</span> <span class='ocrx_word' id='word_1_633' title='bbox 2263 4319 2572 4390; x_wconf 81' lang='grc' dir='ltr'>συμφορᾶς,</span> <span class='ocrx_word' id='word_1_634' title='bbox 2613 4320 2874 4385; x_wconf 87' lang='grc' dir='ltr'>πολλάκις</span> <span class='ocrx_word' id='word_1_635' title='bbox 2920 4321 3157 4393; x_wconf 82' lang='grc' dir='ltr'>δυσιάτῳ</span> <span class='ocrx_word' id='word_1_636' title='bbox 3189 4324 3510 4394; x_wconf 87' lang='grc' dir='ltr'>περιπίπτει</span> <span class='ocrx_word' id='word_1_637' title='bbox 3554 4327 3720 4396; x_wconf 87' lang='grc' dir='ltr'>νόσῳ,</span> 
     </span>
    </p>
   </div>
   <div class='ocr_carea' id='block_1_91' title="bbox 446 4394 2017 4499">
    <p class='ocr_par' dir='ltr' id='par_1_91' title="bbox 446 4394 2017 4476">
     <span class='ocr_line' id='line_1_91' title="bbox 446 4394 2017 4476; baseline -0.009 -14"><span class='ocrx_word' id='word_1_638' title='bbox 446 4406 705 4476; x_wconf 85' lang='lat' dir='ltr'><strong>latimque</strong></span> <span class='ocrx_word' id='word_1_639' title='bbox 753 4411 1124 4472; x_wconf 87' lang='lat' dir='ltr'><strong>consumptus,</strong></span> <span class='ocrx_word' id='word_1_640' title='bbox 1175 4406 1406 4454; x_wconf 87' lang='lat' dir='ltr'><strong>mortem</strong></span> <span class='ocrx_word' id='word_1_641' title='bbox 1466 4396 1722 4466; x_wconf 88' lang='lat' dir='ltr'><strong>deinceps</strong></span> <span class='ocrx_word' id='word_1_642' title='bbox 1776 4395 1880 4450; x_wconf 88' lang='lat' dir='ltr'><strong>sibi</strong></span> <span class='ocrx_word' id='word_1_643' title='bbox 1939 4394 2017 4448; x_wconf 91' lang='lat' dir='ltr'><strong>in-</strong></span> 
     </span>
    </p>
   </div>
   <div class='ocr_carea' id='block_1_92' title="bbox 2123 4394 3722 4499">
    <p class='ocr_par' dir='ltr' id='par_1_92' title="bbox 2129 4394 3722 4499">
     <span class='ocr_line' id='line_1_92' title="bbox 2129 4394 3722 4499; baseline 0.009 -40"><span class='ocrx_word' id='word_1_644' title='bbox 2129 4407 2227 4499; x_wconf 77' lang='grc' dir='ltr'><strong>καὶ</strong></span> <span class='ocrx_word' id='word_1_645' title='bbox 2250 4408 2394 4462; x_wconf 89' lang='grc' dir='ltr'><strong>κατά</strong></span> <span class='ocrx_word' id='word_1_646' title='bbox 2435 4411 2609 4482; x_wconf 77' lang='grc' dir='ltr'>βραχὺ</span> <span class='ocrx_word' id='word_1_647' title='bbox 2643 4411 3026 4483; x_wconf 84' lang='grc' dir='ltr'>δαπανώμενος</span> <span class='ocrx_word' id='word_1_648' title='bbox 3057 4413 3285 4470; x_wconf 86' lang='grc' dir='ltr'>θάνατον</span> <span class='ocrx_word' id='word_1_649' title='bbox 3309 4416 3496 4471; x_wconf 77' lang='grc' dir='ltr'>λοιπὸν</span> <span class='ocrx_word' id='word_1_650' title='bbox 3524 4394 3722 4472; x_wconf 78' lang='grc' dir='ltr'>ἐπικα-</span> 
     </span>
    </p>
   </div>
   <div class='ocr_carea' id='block_1_93' title="bbox 447 4507 624 4555">
    <p class='ocr_par' dir='ltr' id='par_1_93' title="bbox 447 4507 624 4555">
     <span class='ocr_line' id='line_1_93' title="bbox 447 4507 624 4555; baseline -0.011 -2"><span class='ocrx_word' id='word_1_651' title='bbox 447 4507 624 4555; x_wconf 87' lang='lat' dir='ltr'><strong>vocat.</strong></span> 
     </span>
    </p>
   </div>
   <div class='ocr_carea' id='block_1_94' title="bbox 519 4575 2025 4647">
    <p class='ocr_par' dir='ltr' id='par_1_94' title="bbox 519 4575 2025 4647">
     <span class='ocr_line' id='line_1_94' title="bbox 519 4575 2025 4647; baseline -0.005 -7"><span class='ocrx_word' id='word_1_652' title='bbox 519 4585 629 4640; x_wconf 79' lang='lat' dir='ltr'><strong>VII.</strong></span> <span class='ocrx_word' id='word_1_653' title='bbox 664 4583 885 4647; x_wconf 82' lang='lat' dir='ltr'><strong>Discite,</strong></span> <span class='ocrx_word' id='word_1_654' title='bbox 911 4597 943 4636; x_wconf 90' lang='grc' dir='ltr'><strong>ο</strong></span> <span class='ocrx_word' id='word_1_655' title='bbox 982 4581 1094 4636; x_wconf 90' lang='lat' dir='ltr'><strong>Deo</strong></span> <span class='ocrx_word' id='word_1_656' title='bbox 1122 4577 1464 4636; x_wconf 90' lang='lat' dir='ltr'><strong>dilectissimi</strong></span> <span class='ocrx_word' id='word_1_657' title='bbox 1497 4577 1772 4640; x_wconf 83' lang='lat' dir='ltr'><strong>monachi,</strong></span> <span class='ocrx_word' id='word_1_658' title='bbox 1802 4575 2025 4645; x_wconf 87' lang='lat' dir='ltr'><strong>quantis</strong></span> 
     </span>
    </p>
   </div>
   <div class='ocr_carea' id='block_1_95' title="bbox 447 4668 2024 4741">
    <p class='ocr_par' dir='ltr' id='par_1_95' title="bbox 447 4668 2024 4741">
     <span class='ocr_line' id='line_1_95' title="bbox 447 4668 2024 4741; baseline -0.004 -12"><span class='ocrx_word' id='word_1_659' title='bbox 447 4691 544 4732; x_wconf 89' lang='lat' dir='ltr'><strong>vos</strong></span> <span class='ocrx_word' id='word_1_660' title='bbox 567 4677 714 4730; x_wconf 88' lang='lat' dir='ltr'><strong>curis</strong></span> <span class='ocrx_word' id='word_1_661' title='bbox 727 4673 976 4729; x_wconf 86' lang='lat' dir='ltr'><strong>Christus</strong></span> <span class='ocrx_word' id='word_1_662' title='bbox 997 4671 1307 4741; x_wconf 76' lang='lat' dir='ltr'><strong>expedivit!</strong></span> <span class='ocrx_word' id='word_1_663' title='bbox 1338 4669 1530 4726; x_wconf 90' lang='lat' dir='ltr'><strong>discite</strong></span> <span class='ocrx_word' id='word_1_664' title='bbox 1551 4679 1781 4738; x_wconf 86' lang='lat' dir='ltr'><strong>quantas</strong></span> <span class='ocrx_word' id='word_1_665' title='bbox 1813 4668 2024 4723; x_wconf 87' lang='lat' dir='ltr'><strong>vitastis</strong></span> 
     </span>
    </p>
   </div>
   <div class='ocr_carea' id='block_1_96' title="bbox 446 4760 2017 4831">
    <p class='ocr_par' dir='ltr' id='par_1_96' title="bbox 446 4760 2017 4831">
     <span class='ocr_line' id='line_1_96' title="bbox 446 4760 2017 4831; baseline -0.003 -9"><span class='ocrx_word' id='word_1_666' title='bbox 446 4765 821 4822; x_wconf 87' lang='lat' dir='ltr'><strong>calamitates!</strong></span> <span class='ocrx_word' id='word_1_667' title='bbox 857 4763 1050 4818; x_wconf 82' lang='lat' dir='ltr'><strong>discite</strong></span> <span class='ocrx_word' id='word_1_668' title='bbox 1072 4762 1217 4831; x_wconf 91' lang='lat' dir='ltr'><strong>quod</strong></span> <span class='ocrx_word' id='word_1_669' title='bbox 1245 4761 1368 4815; x_wconf 72' lang='lat' dir='ltr'><strong>vitae</strong></span> <span class='ocrx_word' id='word_1_670' title='bbox 1401 4775 1571 4829; x_wconf 88' lang='lat' dir='ltr'><strong>genus</strong></span> <span class='ocrx_word' id='word_1_671' title='bbox 1601 4760 1831 4829; x_wconf 88' lang='lat' dir='ltr'><strong>ingressi</strong></span> <span class='ocrx_word' id='word_1_672' title='bbox 1852 4760 2017 4817; x_wconf 88' lang='lat' dir='ltr'><strong>estis!</strong></span> 
     </span>
    </p>
   </div>
   <div class='ocr_carea' id='block_1_97' title="bbox 449 4848 2021 4920">
    <p class='ocr_par' dir='ltr' id='par_1_97' title="bbox 449 4848 2021 4920">
     <span class='ocr_line' id='line_1_97' title="bbox 449 4848 2021 4920; baseline -0.002 -11"><span class='ocrx_word' id='word_1_673' title='bbox 449 4855 584 4910; x_wconf 84' lang='lat' dir='ltr'><strong>Nam</strong></span> <span class='ocrx_word' id='word_1_674' title='bbox 623 4862 802 4908; x_wconf 89' lang='lat' dir='ltr'><strong>vestra</strong></span> <span class='ocrx_word' id='word_1_675' title='bbox 836 4852 1177 4907; x_wconf 86' lang='lat' dir='ltr'><strong>conversatio</strong></span> <span class='ocrx_word' id='word_1_676' title='bbox 1224 4850 1466 4920; x_wconf 80' lang='lat' dir='ltr'><strong>angelica</strong></span> <span class='ocrx_word' id='word_1_677' title='bbox 1518 4858 1624 4907; x_wconf 90' lang='lat' dir='ltr'><strong>est.</strong></span> <span class='ocrx_word' id='word_1_678' title='bbox 1665 4848 1836 4905; x_wconf 90' lang='lat' dir='ltr'><strong>Sicuti</strong></span> <span class='ocrx_word' id='word_1_679' title='bbox 1874 4852 2021 4906; x_wconf 89' lang='lat' dir='ltr'><strong>enim</strong></span> 
     </span>
    </p>
   </div>
   <div class='ocr_carea' id='block_1_98' title="bbox 448 4941 2022 5011">
    <p class='ocr_par' dir='ltr' id='par_1_98' title="bbox 448 4941 2022 5011">
     <span class='ocr_line' id='line_1_98' title="bbox 448 4941 2022 5011; baseline -0.003 -10"><span class='ocrx_word' id='word_1_680' title='bbox 448 4960 572 5001; x_wconf 87' lang='lat' dir='ltr'><strong>cum</strong></span> <span class='ocrx_word' id='word_1_681' title='bbox 625 4944 822 4998; x_wconf 90' lang='lat' dir='ltr'><strong>mortui</strong></span> <span class='ocrx_word' id='word_1_682' title='bbox 873 4943 1291 5006; x_wconf 79' lang='lat' dir='ltr'><strong>resurrexerint,</strong></span> <span class='ocrx_word' id='word_1_683' title='bbox 1341 4942 1396 4995; x_wconf 79' lang='grc' dir='ltr'><strong><em>Ιιὶ</em></strong></span> <span class='ocrx_word' id='word_1_684' title='bbox 1438 4956 1598 5010; x_wconf 84' lang='lat' dir='ltr'><strong>neque</strong></span> <span class='ocrx_word' id='word_1_685' title='bbox 1633 4941 1828 4996; x_wconf 78' lang='lat' dir='ltr'><strong>nubent</strong></span> <span class='ocrx_word' id='word_1_686' title='bbox 1848 4947 2022 5011; x_wconf 71' lang='lat' dir='ltr'><strong>neque</strong></span> 
     </span>
    </p>
   </div>
   <div class='ocr_carea' id='block_1_99' title="bbox 451 5031 2023 5103">
    <p class='ocr_par' dir='ltr' id='par_1_99' title="bbox 451 5031 2023 5103">
     <span class='ocr_line' id='line_1_99' title="bbox 451 5031 2023 5103; baseline -0.002 -14"><span class='ocrx_word' id='word_1_687' title='bbox 451 5036 733 5100; x_wconf 82' lang='lat' dir='ltr'><strong>nubentur,</strong></span> <span class='ocrx_word' id='word_1_688' title='bbox 779 5035 868 5088; x_wconf 76' lang='lat' dir='ltr'><strong>sed</strong></span> <span class='ocrx_word' id='word_1_689' title='bbox 901 5034 1035 5088; x_wconf 77' lang='lat' dir='ltr'><strong>sicut</strong></span> <span class='ocrx_word' id='word_1_690' title='bbox 1090 5032 1264 5103; x_wconf 81' lang='lat' dir='ltr'><strong>angeli</strong></span> <span class='ocrx_word' id='word_1_691' title='bbox 1303 5033 1358 5087; x_wconf 79' lang='lat' dir='ltr'><strong>in</strong></span> <span class='ocrx_word' id='word_1_692' title='bbox 1410 5031 1539 5086; x_wconf 74' lang='lat' dir='ltr'><strong>caelo</strong></span> <span class='ocrx_word' id='word_1_693' title='bbox 1574 5031 1711 5100; x_wconf 75' lang='lat' dir='ltr'><strong>justi</strong></span> <span class='ocrx_word' id='word_1_694' title='bbox 1742 5033 2023 5102; x_wconf 73' lang='lat' dir='ltr'><strong>degant&quot;,</strong></span> 
     </span>
    </p>
   </div>
   <div class='ocr_carea' id='block_1_100' title="bbox 448 5121 2026 5187">
    <p class='ocr_par' dir='ltr' id='par_1_100' title="bbox 448 5121 2026 5187">
     <span class='ocr_line' id='line_1_100' title="bbox 448 5121 2026 5187; baseline -0.001 -7"><span class='ocrx_word' id='word_1_695' title='bbox 448 5125 529 5180; x_wconf 89' lang='lat' dir='ltr'><strong>sic</strong></span> <span class='ocrx_word' id='word_1_696' title='bbox 557 5134 611 5180; x_wconf 88' lang='lat' dir='ltr'><strong>et</strong></span> <span class='ocrx_word' id='word_1_697' title='bbox 649 5125 792 5179; x_wconf 89' lang='lat' dir='ltr'><strong>banc</strong></span> <span class='ocrx_word' id='word_1_698' title='bbox 837 5125 1117 5179; x_wconf 91' lang='lat' dir='ltr'><strong>convictus</strong></span> <span class='ocrx_word' id='word_1_699' title='bbox 1151 5123 1418 5178; x_wconf 88' lang='lat' dir='ltr'><strong>rationem</strong></span> <span class='ocrx_word' id='word_1_700' title='bbox 1461 5123 1652 5187; x_wconf 90' lang='lat' dir='ltr'><strong>secuti,</strong></span> <span class='ocrx_word' id='word_1_701' title='bbox 1692 5121 1904 5179; x_wconf 88' lang='lat' dir='ltr'><strong>fervore</strong></span> <span class='ocrx_word' id='word_1_702' title='bbox 1934 5139 2026 5178; x_wconf 90' lang='lat' dir='ltr'><strong>ve-</strong></span> 
     </span>
    </p>
   </div>
   <div class='ocr_carea' id='block_1_101' title="bbox 450 5213 2022 5286">
    <p class='ocr_par' dir='ltr' id='par_1_101' title="bbox 450 5213 2022 5286">
     <span class='ocr_line' id='line_1_101' title="bbox 450 5213 2022 5286; baseline -0.001 -12"><span class='ocrx_word' id='word_1_703' title='bbox 450 5226 563 5274; x_wconf 89' lang='lat' dir='ltr'><strong>stro</strong></span> <span class='ocrx_word' id='word_1_704' title='bbox 590 5233 701 5272; x_wconf 92' lang='lat' dir='ltr'><strong>rem</strong></span> <span class='ocrx_word' id='word_1_705' title='bbox 734 5217 971 5272; x_wconf 86' lang='lat' dir='ltr'><strong>futuram</strong></span> <span class='ocrx_word' id='word_1_706' title='bbox 1001 5215 1440 5286; x_wconf 63' lang='lat' dir='ltr'><strong>praeoccupastis.</strong></span> <span class='ocrx_word' id='word_1_707' title='bbox 1476 5213 1607 5280; x_wconf 89' lang='lat' dir='ltr'><strong>Quis</strong></span> <span class='ocrx_word' id='word_1_708' title='bbox 1640 5229 1768 5284; x_wconf 86' lang='lat' dir='ltr'><strong>ergo</strong></span> <span class='ocrx_word' id='word_1_709' title='bbox 1794 5229 1888 5270; x_wconf 89' lang='lat' dir='ltr'><strong>vos</strong></span> <span class='ocrx_word' id='word_1_710' title='bbox 1915 5231 2022 5272; x_wconf 90' lang='lat' dir='ltr'><strong>non</strong></span> 
     </span>
    </p>
   </div>
   <div class='ocr_carea' id='block_1_102' title="bbox 451 5304 2024 5377">
    <p class='ocr_par' dir='ltr' id='par_1_102' title="bbox 451 5304 2024 5377">
     <span class='ocr_line' id='line_1_102' title="bbox 451 5304 2024 5377; baseline -0.002 -13"><span class='ocrx_word' id='word_1_711' title='bbox 451 5311 635 5364; x_wconf 81' lang='lat' dir='ltr'><strong>beatos</strong></span> <span class='ocrx_word' id='word_1_712' title='bbox 687 5307 1030 5377; x_wconf 65' lang='lat' dir='ltr'><strong>depraedicet,</strong></span> <span class='ocrx_word' id='word_1_713' title='bbox 1057 5307 1148 5375; x_wconf 93' lang='lat' dir='ltr'><strong>qui</strong></span> <span class='ocrx_word' id='word_1_714' title='bbox 1173 5305 1343 5360; x_wconf 90' lang='lat' dir='ltr'><strong>vitam</strong></span> <span class='ocrx_word' id='word_1_715' title='bbox 1385 5305 1520 5360; x_wconf 90' lang='lat' dir='ltr'><strong>adeo</strong></span> <span class='ocrx_word' id='word_1_716' title='bbox 1567 5304 2024 5361; x_wconf 83' lang='lat' dir='ltr'><strong>sollicitudinibus</strong></span> 
     </span>
    </p>
   </div>
   <div class='ocr_carea' id='block_1_103' title="bbox 452 5396 2024 5468">
    <p class='ocr_par' dir='ltr' id='par_1_103' title="bbox 452 5396 2024 5468">
     <span class='ocr_line' id='line_1_103' title="bbox 452 5396 2024 5468; baseline 0 -16"><span class='ocrx_word' id='word_1_717' title='bbox 452 5414 678 5454; x_wconf 89' lang='lat' dir='ltr'><strong>vacuam</strong></span> <span class='ocrx_word' id='word_1_718' title='bbox 701 5398 976 5468; x_wconf 83' lang='lat' dir='ltr'><strong>elegistis?</strong></span> <span class='ocrx_word' id='word_1_719' title='bbox 1000 5398 1133 5464; x_wconf 87' lang='lat' dir='ltr'><strong>Quis</strong></span> <span class='ocrx_word' id='word_1_720' title='bbox 1163 5407 1400 5453; x_wconf 89' lang='lat' dir='ltr'><strong>vestram</strong></span> <span class='ocrx_word' id='word_1_721' title='bbox 1427 5397 1479 5452; x_wconf 93' lang='lat' dir='ltr'><strong>in</strong></span> <span class='ocrx_word' id='word_1_722' title='bbox 1503 5396 1705 5451; x_wconf 87' lang='lat' dir='ltr'><strong>eremis</strong></span> <span class='ocrx_word' id='word_1_723' title='bbox 1741 5411 1845 5451; x_wconf 94' lang='lat' dir='ltr'><strong>non</strong></span> <span class='ocrx_word' id='word_1_724' title='bbox 1879 5407 2024 5452; x_wconf 86' lang='lat' dir='ltr'><strong>amet</strong></span> 
     </span>
    </p>
   </div>
   <div class='ocr_carea' id='block_1_104' title="bbox 453 5487 2022 5559">
    <p class='ocr_par' dir='ltr' id='par_1_104' title="bbox 453 5487 2022 5559">
     <span class='ocr_line' id='line_1_104' title="bbox 453 5487 2022 5559; baseline 0 -20"><span class='ocrx_word' id='word_1_725' title='bbox 453 5489 656 5545; x_wconf 79' lang='lat' dir='ltr'><strong>vitam?</strong></span> <span class='ocrx_word' id='word_1_726' title='bbox 677 5488 807 5554; x_wconf 88' lang='lat' dir='ltr'><strong>Quis</strong></span> <span class='ocrx_word' id='word_1_727' title='bbox 831 5488 1273 5559; x_wconf 89' lang='lat' dir='ltr'><strong>tranquillitatem</strong></span> <span class='ocrx_word' id='word_1_728' title='bbox 1297 5489 1437 5544; x_wconf 87' lang='lat' dir='ltr'><strong>hanc</strong></span> <span class='ocrx_word' id='word_1_729' title='bbox 1453 5495 1687 5543; x_wconf 87' lang='lat' dir='ltr'><strong>vestram</strong></span> <span class='ocrx_word' id='word_1_730' title='bbox 1709 5501 1814 5541; x_wconf 92' lang='lat' dir='ltr'><strong>non</strong></span> <span class='ocrx_word' id='word_1_731' title='bbox 1843 5487 2022 5542; x_wconf 89' lang='lat' dir='ltr'><strong>discu-</strong></span> 
     </span>
    </p>
   </div>
   <div class='ocr_carea' id='block_1_105' title="bbox 2129 4495 2324 4553">
    <p class='ocr_par' dir='ltr' id='par_1_105' title="bbox 2129 4495 2324 4553">
     <span class='ocr_line' id='line_1_105' title="bbox 2129 4495 2324 4553; baseline 0.021 -5"><span class='ocrx_word' id='word_1_732' title='bbox 2129 4495 2301 4550; x_wconf 87' lang='grc' dir='ltr'>λεῖται</span> <span class='ocrx_word' id='word_1_733' title='bbox 2313 4541 2324 4553; x_wconf 94' lang='grc'><strong>.</strong></span> 
     </span>
    </p>
   </div>
   <div class='ocr_carea' id='block_1_106' title="bbox 2200 4585 3722 4668">
    <p class='ocr_par' dir='ltr' id='par_1_106' title="bbox 2200 4585 3722 4668">
     <span class='ocr_line' id='line_1_106' title="bbox 2200 4585 3722 4668; baseline 0.011 -26"><span class='ocrx_word' id='word_1_734' title='bbox 2200 4591 2274 4642; x_wconf 92' lang='lat' dir='ltr'><strong>Z&#39;.</strong></span> <span class='ocrx_word' id='word_1_735' title='bbox 2307 4589 2550 4655; x_wconf 88' lang='grc' dir='ltr'>Μάθετε,</span> <span class='ocrx_word' id='word_1_736' title='bbox 2581 4585 2626 4645; x_wconf 81' lang='grc' dir='ltr'><strong>ὦ</strong></span> <span class='ocrx_word' id='word_1_737' title='bbox 2653 4593 2971 4665; x_wconf 83' lang='grc' dir='ltr'>τιμιώτατοι</span> <span class='ocrx_word' id='word_1_738' title='bbox 3002 4594 3122 4668; x_wconf 87' lang='grc' dir='ltr'><strong>Θεῷ</strong></span> <span class='ocrx_word' id='word_1_739' title='bbox 3163 4599 3511 4668; x_wconf 80' lang='grc' dir='ltr'>μονάζοντες,</span> <span class='ocrx_word' id='word_1_740' title='bbox 3538 4607 3722 4660; x_wconf 80' lang='grc' dir='ltr'>πόσων</span> 
     </span>
    </p>
   </div>
   <div class='ocr_carea' id='block_1_107' title="bbox 2132 4678 3725 4763">
    <p class='ocr_par' dir='ltr' id='par_1_107' title="bbox 2132 4678 3725 4763">
     <span class='ocr_line' id='line_1_107' title="bbox 2132 4678 3725 4763; baseline 0.011 -33"><span class='ocrx_word' id='word_1_741' title='bbox 2132 4678 2277 4748; x_wconf 79' lang='grc' dir='ltr'>ὑμᾶς</span> <span class='ocrx_word' id='word_1_742' title='bbox 2307 4680 2681 4750; x_wconf 84' lang='grc' dir='ltr'>περιστάσεων</span> <span class='ocrx_word' id='word_1_743' title='bbox 2712 4685 2947 4756; x_wconf 81' lang='grc' dir='ltr'>Χριστὸς</span> <span class='ocrx_word' id='word_1_744' title='bbox 2971 4687 3364 4761; x_wconf 74' lang='grc' dir='ltr'>ἠλευθέρωσεν·</span> <span class='ocrx_word' id='word_1_745' title='bbox 3399 4693 3604 4763; x_wconf 86' lang='grc' dir='ltr'>μάθετε</span> <span class='ocrx_word' id='word_1_746' title='bbox 3628 4695 3725 4748; x_wconf 87' lang='grc' dir='ltr'>πό-</span> 
     </span>
    </p>
   </div>
   <div class='ocr_carea' id='block_1_108' title="bbox 2133 4771 3722 4856">
    <p class='ocr_par' dir='ltr' id='par_1_108' title="bbox 2133 4771 3722 4856">
     <span class='ocr_line' id='line_1_108' title="bbox 2133 4771 3722 4856; baseline 0.011 -35"><span class='ocrx_word' id='word_1_747' title='bbox 2133 4786 2234 4833; x_wconf 89' lang='grc' dir='ltr'><strong>σας</strong></span> <span class='ocrx_word' id='word_1_748' title='bbox 2268 4771 2556 4842; x_wconf 85' lang='grc' dir='ltr'>συμφοράς</span> <span class='ocrx_word' id='word_1_749' title='bbox 2607 4775 2957 4848; x_wconf 82' lang='grc' dir='ltr'>ὲκερδάνατε·</span> <span class='ocrx_word' id='word_1_750' title='bbox 3007 4782 3182 4849; x_wconf 82' lang='grc' dir='ltr'>γνῶτε</span> <span class='ocrx_word' id='word_1_751' title='bbox 3221 4776 3333 4836; x_wconf 73' lang='grc' dir='ltr'>οἷον</span> <span class='ocrx_word' id='word_1_752' title='bbox 3387 4783 3722 4856; x_wconf 82' lang='grc' dir='ltr'>μετέρχεσθε</span> 
     </span>
    </p>
   </div>
   <div class='ocr_carea' id='block_1_109' title="bbox 2129 4859 3721 4948">
    <p class='ocr_par' dir='ltr' id='par_1_109' title="bbox 2129 4859 3721 4948">
     <span class='ocr_line' id='line_1_109' title="bbox 2129 4859 3721 4948; baseline 0.012 -36"><span class='ocrx_word' id='word_1_753' title='bbox 2129 4859 2263 4930; x_wconf 87' lang='grc' dir='ltr'>βίον·</span> <span class='ocrx_word' id='word_1_754' title='bbox 2311 4862 2586 4931; x_wconf 76' lang='grc' dir='ltr'>ἰσάγγελοι</span> <span class='ocrx_word' id='word_1_755' title='bbox 2615 4866 2740 4920; x_wconf 82' lang='grc' dir='ltr'>ὲστε</span> <span class='ocrx_word' id='word_1_756' title='bbox 2769 4871 2835 4939; x_wconf 80' lang='grc' dir='ltr'>τῇ</span> <span class='ocrx_word' id='word_1_757' title='bbox 2885 4869 3155 4943; x_wconf 78' lang='grc' dir='ltr'>πολιτείᾳ·</span> <span class='ocrx_word' id='word_1_758' title='bbox 3197 4872 3388 4946; x_wconf 84' lang='grc' dir='ltr'>ὥσπερ</span> <span class='ocrx_word' id='word_1_759' title='bbox 3426 4874 3538 4946; x_wconf 83' lang='grc' dir='ltr'><strong>γὰρ</strong></span> <span class='ocrx_word' id='word_1_760' title='bbox 3574 4879 3721 4948; x_wconf 79' lang='grc' dir='ltr'><strong>ὲντῇ</strong></span> 
     </span>
    </p>
   </div>
   <div class='ocr_carea' id='block_1_110' title="bbox 2125 4952 3726 5035">
    <p class='ocr_par' dir='ltr' id='par_1_110' title="bbox 2125 4952 3726 5035">
     <span class='ocr_line' id='line_1_110' title="bbox 2125 4952 3726 5035; baseline 0.01 -29"><span class='ocrx_word' id='word_1_761' title='bbox 2125 4952 2419 5006; x_wconf 80' lang='grc' dir='ltr'>ἀναστάσει</span> <span class='ocrx_word' id='word_1_762' title='bbox 2434 4954 2542 5008; x_wconf 88' lang='grc' dir='ltr'><strong>τῶν</strong></span> <span class='ocrx_word' id='word_1_763' title='bbox 2555 4957 2763 5027; x_wconf 84' lang='grc' dir='ltr'>νεκρῶν</span> <span class='ocrx_word' id='word_1_764' title='bbox 2781 4959 2919 5013; x_wconf 78' lang='grc' dir='ltr'>οὔτε</span> <span class='ocrx_word' id='word_1_765' title='bbox 2935 4963 3230 5032; x_wconf 75' lang='grc' dir='ltr'>γαμοῦσιν</span> <span class='ocrx_word' id='word_1_766' title='bbox 3239 4966 3378 5018; x_wconf 82' lang='grc' dir='ltr'>οὔτε</span> <span class='ocrx_word' id='word_1_767' title='bbox 3402 4969 3726 5035; x_wconf 75' lang='grc' dir='ltr'>γαμίσκον-</span> 
     </span>
    </p>
   </div>
   <div class='ocr_carea' id='block_1_111' title="bbox 2127 5044 3721 5123">
    <p class='ocr_par' dir='ltr' id='par_1_111' title="bbox 2127 5044 3721 5123">
     <span class='ocr_line' id='line_1_111' title="bbox 2127 5044 3721 5123; baseline 0.013 -28"><span class='ocrx_word' id='word_1_768' title='bbox 2127 5058 2243 5106; x_wconf 84' lang='grc' dir='ltr'>ται,</span> <span class='ocrx_word' id='word_1_769' title='bbox 2257 5044 2395 5098; x_wconf 76' lang='grc' dir='ltr'>ἀλλ’</span> <span class='ocrx_word' id='word_1_770' title='bbox 2413 5046 2493 5112; x_wconf 86' lang='grc' dir='ltr'><strong>ὡς</strong></span> <span class='ocrx_word' id='word_1_771' title='bbox 2515 5046 2760 5117; x_wconf 72' lang='grc' dir='ltr'>ἄγγελοί</span> <span class='ocrx_word' id='word_1_772' title='bbox 2773 5053 2934 5105; x_wconf 68' lang='grc' dir='ltr'>εἰσιν</span> <span class='ocrx_word' id='word_1_773' title='bbox 2952 5053 3022 5107; x_wconf 78' lang='grc' dir='ltr'><strong>ἐν</strong></span> <span class='ocrx_word' id='word_1_774' title='bbox 3039 5054 3275 5123; x_wconf 82' lang='grc' dir='ltr'>οὐρανῷ</span> <span class='ocrx_word' id='word_1_775' title='bbox 3287 5061 3342 5110; x_wconf 85' lang='grc' dir='ltr'>οι</span> <span class='ocrx_word' id='word_1_776' title='bbox 3365 5057 3609 5114; x_wconf 80' lang='grc' dir='ltr'>δίκαιοι·</span> <span class='ocrx_word' id='word_1_777' title='bbox 3627 5062 3721 5115; x_wconf 76' lang='grc' dir='ltr'>τὸν</span> 
     </span>
    </p>
   </div>
   <div class='ocr_carea' id='block_1_112' title="bbox 2127 5133 3720 5220">
    <p class='ocr_par' dir='ltr' id='par_1_112' title="bbox 2127 5133 3720 5220">
     <span class='ocr_line' id='line_1_112' title="bbox 2127 5133 3720 5220; baseline 0.012 -34"><span class='ocrx_word' id='word_1_778' title='bbox 2127 5133 2290 5188; x_wconf 72' lang='grc' dir='ltr'>αὑτὸν</span> <span class='ocrx_word' id='word_1_779' title='bbox 2311 5136 2510 5206; x_wconf 90' lang='grc' dir='ltr'>τρόπον</span> <span class='ocrx_word' id='word_1_780' title='bbox 2533 5139 2628 5192; x_wconf 79' lang='grc' dir='ltr'>καὶ</span> <span class='ocrx_word' id='word_1_781' title='bbox 2657 5139 2815 5212; x_wconf 81' lang='grc' dir='ltr'>ὑμεῖς</span> <span class='ocrx_word' id='word_1_782' title='bbox 2831 5143 2973 5196; x_wconf 78' lang='grc' dir='ltr'>οὓτω</span> <span class='ocrx_word' id='word_1_783' title='bbox 2993 5161 3055 5197; x_wconf 93' lang='grc' dir='ltr'><strong>συ</strong></span> <span class='ocrx_word' id='word_1_784' title='bbox 3063 5146 3463 5216; x_wconf 80' lang='grc' dir='ltr'>μϐιοτεύοντες,</span> <span class='ocrx_word' id='word_1_785' title='bbox 3484 5152 3720 5220; x_wconf 88' lang='grc' dir='ltr'>προελά-</span> 
     </span>
    </p>
   </div>
   <div class='ocr_carea' id='block_1_113' title="bbox 2129 5223 3718 5312">
    <p class='ocr_par' dir='ltr' id='par_1_113' title="bbox 2129 5223 3718 5312">
     <span class='ocr_line' id='line_1_113' title="bbox 2129 5223 3718 5312; baseline 0.012 -35"><span class='ocrx_word' id='word_1_786' title='bbox 2129 5223 2253 5278; x_wconf 85' lang='grc' dir='ltr'>6ετε</span> <span class='ocrx_word' id='word_1_787' title='bbox 2278 5225 2355 5297; x_wconf 83' lang='grc' dir='ltr'>τῷ</span> <span class='ocrx_word' id='word_1_788' title='bbox 2386 5229 2536 5300; x_wconf 82' lang='grc' dir='ltr'>πόθῳ</span> <span class='ocrx_word' id='word_1_789' title='bbox 2581 5229 2644 5282; x_wconf 78' lang='grc' dir='ltr'>τὸ</span> <span class='ocrx_word' id='word_1_790' title='bbox 2681 5231 2960 5304; x_wconf 76' lang='grc' dir='ltr'>ἐσόμενον·</span> <span class='ocrx_word' id='word_1_791' title='bbox 3003 5235 3088 5299; x_wconf 91' lang='grc' dir='ltr'><strong>τίς</strong></span> <span class='ocrx_word' id='word_1_792' title='bbox 3115 5237 3294 5292; x_wconf 89' lang='grc' dir='ltr'>τοίνυν</span> <span class='ocrx_word' id='word_1_793' title='bbox 3328 5239 3431 5292; x_wconf 82' lang='grc' dir='ltr'>οὐκ</span> <span class='ocrx_word' id='word_1_794' title='bbox 3456 5239 3525 5294; x_wconf 80' lang='grc' dir='ltr'>ἂν</span> <span class='ocrx_word' id='word_1_795' title='bbox 3570 5243 3718 5312; x_wconf 75' lang='grc' dir='ltr'>ὑμᾶς</span> 
     </span>
    </p>
   </div>
   <div class='ocr_carea' id='block_1_114' title="bbox 2130 5317 3716 5398">
    <p class='ocr_par' dir='ltr' id='par_1_114' title="bbox 2130 5317 3716 5398">
     <span class='ocr_line' id='line_1_114' title="bbox 2130 5317 3716 5398; baseline 0.011 -30"><span class='ocrx_word' id='word_1_796' title='bbox 2130 5317 2487 5389; x_wconf 85' lang='grc' dir='ltr'>μακαρίσειεν</span> <span class='ocrx_word' id='word_1_797' title='bbox 2531 5322 2944 5394; x_wconf 89' lang='grc' dir='ltr'>ἀπερίσπαστον</span> <span class='ocrx_word' id='word_1_798' title='bbox 2971 5327 3261 5398; x_wconf 79' lang='grc' dir='ltr'>ἑλομένους</span> <span class='ocrx_word' id='word_1_799' title='bbox 3303 5327 3451 5398; x_wconf 84' lang='grc' dir='ltr'>βίον;</span> <span class='ocrx_word' id='word_1_800' title='bbox 3482 5331 3568 5394; x_wconf 90' lang='grc' dir='ltr'><strong>τίς</strong></span> <span class='ocrx_word' id='word_1_801' title='bbox 3616 5334 3716 5386; x_wconf 81' lang='grc' dir='ltr'>οὐκ</span> 
     </span>
    </p>
   </div>
   <div class='ocr_carea' id='block_1_115' title="bbox 2126 5405 3712 5488">
    <p class='ocr_par' dir='ltr' id='par_1_115' title="bbox 2126 5405 3712 5488">
     <span class='ocr_line' id='line_1_115' title="bbox 2126 5405 3712 5488; baseline 0.011 -30"><span class='ocrx_word' id='word_1_802' title='bbox 2126 5405 2192 5459; x_wconf 86' lang='grc' dir='ltr'>ἂν</span> <span class='ocrx_word' id='word_1_803' title='bbox 2227 5409 2707 5482; x_wconf 79' lang='grc' dir='ltr'>ἀποδέξοιτούμῶν</span> <span class='ocrx_word' id='word_1_804' title='bbox 2736 5415 2834 5487; x_wconf 79' lang='grc' dir='ltr'>τὴν</span> <span class='ocrx_word' id='word_1_805' title='bbox 2860 5417 2918 5469; x_wconf 84' lang='grc' dir='ltr'>ὲν</span> <span class='ocrx_word' id='word_1_806' title='bbox 2951 5418 3179 5488; x_wconf 79' lang='grc' dir='ltr'>ἐρήμοις</span> <span class='ocrx_word' id='word_1_807' title='bbox 3225 5418 3470 5487; x_wconf 87' lang='grc' dir='ltr'>δίαιταν;</span> <span class='ocrx_word' id='word_1_808' title='bbox 3497 5422 3583 5485; x_wconf 84' lang='grc' dir='ltr'><strong>τίς</strong></span> <span class='ocrx_word' id='word_1_809' title='bbox 3612 5424 3712 5475; x_wconf 70' lang='grc' dir='ltr'>οὐκ</span> 
     </span>
    </p>
   </div>
   <div class='ocr_carea' id='block_1_116' title="bbox 2123 5495 3711 5583">
    <p class='ocr_par' dir='ltr' id='par_1_116' title="bbox 2123 5495 3711 5583">
     <span class='ocr_line' id='line_1_116' title="bbox 2123 5495 3711 5583; baseline 0.012 -35"><span class='ocrx_word' id='word_1_810' title='bbox 2123 5495 2192 5549; x_wconf 85' lang='grc' dir='ltr'>ἂν</span> <span class='ocrx_word' id='word_1_811' title='bbox 2232 5497 2386 5568; x_wconf 78' lang='grc' dir='ltr'>ὑμῶν</span> <span class='ocrx_word' id='word_1_812' title='bbox 2420 5501 2672 5574; x_wconf 84' lang='grc' dir='ltr'>ποθήσειε</span> <span class='ocrx_word' id='word_1_813' title='bbox 2699 5503 2799 5574; x_wconf 84' lang='grc' dir='ltr'>τὴν</span> <span class='ocrx_word' id='word_1_814' title='bbox 2829 5506 3089 5578; x_wconf 82' lang='grc' dir='ltr'>ήσυχίαν;</span> <span class='ocrx_word' id='word_1_815' title='bbox 3141 5507 3499 5583; x_wconf 81' lang='grc' dir='ltr'>βουλευτήρια</span> <span class='ocrx_word' id='word_1_816' title='bbox 3532 5511 3592 5568; x_wconf 74' lang='grc' dir='ltr'>ἐν</span> <span class='ocrx_word' id='word_1_817' title='bbox 3618 5511 3711 5566; x_wconf 77' lang='grc' dir='ltr'>πό-</span> 
     </span>
    </p>
   </div>
   <div class='ocr_carea' id='block_1_117' title="bbox 518 5693 2224 5771">
    <p class='ocr_par' dir='ltr' id='par_1_117' title="bbox 518 5693 2224 5771">
     <span class='ocr_line' id='line_1_117' title="bbox 518 5693 2224 5771; baseline 0.007 -22"><span class='ocrx_word' id='word_1_818' title='bbox 518 5693 569 5728; x_wconf 70' lang='grc' dir='ltr'><strong>δ’</strong></span> <span class='ocrx_word' id='word_1_819' title='bbox 607 5693 766 5752; x_wconf 82' lang='lat' dir='ltr'><strong>Prov.</strong></span> <span class='ocrx_word' id='word_1_820' title='bbox 796 5713 885 5756; x_wconf 76' lang='lat' dir='ltr'><strong>xv.</strong></span> <span class='ocrx_word' id='word_1_821' title='bbox 919 5701 1004 5757; x_wconf 86' lang='lat' dir='ltr'><strong>l7.</strong></span> <span class='ocrx_word' id='word_1_822' title='bbox 1081 5703 1128 5736; x_wconf 79' lang='lat'>“</span> <span class='ocrx_word' id='word_1_823' title='bbox 1176 5702 1360 5762; x_wconf 75' lang='lat' dir='ltr'><strong>Eccle.</strong></span> <span class='ocrx_word' id='word_1_824' title='bbox 1395 5718 1451 5767; x_wconf 76' lang='grc' dir='ltr'><strong>ν,</strong></span> <span class='ocrx_word' id='word_1_825' title='bbox 1494 5703 1582 5761; x_wconf 80' lang='lat' dir='ltr'><strong>ff.</strong></span> <span class='ocrx_word' id='word_1_826' title='bbox 1657 5704 1702 5736; x_wconf 80' lang='lat'><strong>&quot;</strong></span> <span class='ocrx_word' id='word_1_827' title='bbox 1737 5702 1930 5762; x_wconf 80' lang='lat' dir='ltr'><strong>Matth.</strong></span> <span class='ocrx_word' id='word_1_828' title='bbox 1961 5719 2097 5771; x_wconf 75' lang='lat' dir='ltr'><strong>uti,</strong></span> <span class='ocrx_word' id='word_1_829' title='bbox 2134 5705 2224 5761; x_wconf 79' lang='lat'><strong>20.</strong></span> 
     </span>
    </p>
   </div>
  </div>
