3872 6278
189 282 329 339 935

1213 290 1272 347 S.
1314 290 1720 352 SERAPIONIS
1760 295 1980 353 'EPIST.
2033 299 2124 356 AD
2165 301 2469 362 MONACH.

3380 320 3479 376 934

185 395 366 450 λεσιν
393 398 795 470 συγκροτεῖται,
824 401 919 456 καὶ
948 401 1204 476 ζητήσεις
1225 410 1355 481 περὶ
1402 411 1698 478 πολιτείας·
1723 413 1771 468 τί

1909 417 2058 486 piat?
2085 421 2320 477 Consilia
2367 425 2423 478 in
2445 472 2447 474 .
2471 423 2779 480 civitatibus
2813 431 3104 499 agitantur,
3135 439 3187 487 et
3218 432 3284 488 de
3323 438 3482 492 rebus

182 488 501 560 ὀρχηστῶν
531 491 626 544 καὶ
650 491 963 563 μιμολόγων
989 497 1085 551 καὶ
1115 499 1364 570 αὐλητῶν
1397 504 1668 574 ἐμπλήσει
1702 521 1802 573 γα-

185 583 446 654 στέραςς
471 583 554 647 τίς
577 584 836 657 ἀθέσμοις
865 589 1123 661 θεωρίαις
1156 593 1250 646 καὶ
1285 596 1541 665 ματαίαις
1572 595 1798 651 κενώσει

180 672 304 726 τὸν
323 673 580 741 πλοῦτον;
605 677 701 730 καὶ
722 679 824 749 τῆς
845 679 1052 736 τούτων
1070 682 1300 754 ἐρεύνης
1325 685 1481 756 ὑμεῖς
1503 686 1660 750 ἐκτός
1675 688 1797 740 ἐστε

179 761 302 816 διὰ
331 766 421 816 τὸν
447 766 672 836 Κύριον·
707 767 995 839 δημοσίαις
1041 769 1402 845 λειτουργίαις
1428 776 1461 847 ἢ
1494 775 1797 841 πολιτικαῖς

180 849 310 919 οὐχ
360 850 672 917 ύπόκεισθε,
728 856 851 910 ούδέ
904 858 1029 930 χεὶρ
1076 859 1372 932 φορολόγου
1418 864 1590 935 θύραν
1650 867 1796 932 τινὸς

183 937 371 1008 ὑμῶν
414 942 599 1014 κρούει
634 945 720 998 ἵνα
745 946 897 1012 τέλος
918 950 1321 1024 καταδράσητε·
1346 955 1522 1019 οὐδεὶς
1557 955 1703 1027 ὑμᾶς
1735 959 1795 1010 ἐν

179 1035 534 1106 πραιτωρίῳ
557 1035 727 1102 ἐλκει,
765 1033 854 1092 οἷα
887 1041 1196 1112 συμϐαίνει,
1221 1046 1336 1100 ἀλλ’
1360 1047 1482 1101 οὐδὲ
1508 1048 1792 1122 δεσμωτή-

181 1138 326 1194 ριον
351 1126 602 1196 οἰκήσετε
645 1131 1163 1204 συκοφαντούμενοι,
1205 1127 1322 1189 ἀλλ’
1349 1138 1472 1192 οὐδὲ
1502 1139 1714 1204 κλοιοὺς
1742 1141 1792 1194 οἱ

178 1215 371 1280 πόδες
398 1217 550 1288 ὑμῶν
593 1219 857 1289 δέξονται,
905 1229 1400 1299 συκοφαντούμενοι
1444 1235 1655 1303 μεγάλα
1704 1236 1792 1290 ἴνα

175 1307 441 1379 δημόσια
504 1311 766 1384 χρήματα
824 1318 1196 1389 καταϐάλητε·
1231 1324 1353 1377 οὑδέ
1402 1324 1688 1390 καλωδίοις
1733 1329 1790 1382 αἱ

175 1402 384 1470 χεῖρες
413 1402 568 1489 ὑμῶν
595 1403 910 1477 δεθήσονται
949 1410 1016 1463 δι’
1067 1411 1261 1484 ἑτέραν
1290 1415 1412 1469 τινά
1445 1418 1784 1489 περίστασιν·

178 1488 551 1556 στρατιωτῶν
579 1490 925 1565 διασεισμοὺς
951 1497 1050 1552 οὐκ
1073 1499 1270 1568 οἴδατε,
1298 1503 1413 1556 ἀλλ’
1445 1488 1566 1559 ούδέ
1585 1507 1789 1574 ταξεω-

173 1575 308 1668 ⁸’τῶν
339 1577 680 1651 ἀπάνθρωπα
711 1585 988 1656 κωμῴδια·
1007 1588 1107 1644 οὐκ
1123 1592 1415 1664 ἐμπορίαις
1435 1596 1782 1668 μετέρχεσθε,

176 1665 288 1720 ἵνα
321 1671 441 1735 ταῖς
497 1672 804 1745 ἐπιορκίαις
839 1678 1070 1734 πλοῦτον
1099 1683 1385 1756 συνάξητε,
1430 1665 1782 1759 ἐπιστάμενοι

1904 506 2125 564 urbanis
2180 512 2632 582 disceptatiOnes;
2667 518 2787 584 quis
2829 519 3075 587 saltator,
3119 533 3211 576 aut
3261 526 3476 594 mimus,

1900 599 1995 644 aut
2051 593 2297 650 aulmdus
2334 607 2550 652 ventres
2611 600 2886 669 implebit?
2921 604 3039 672 quis
3094 609 3339 676 turpibus
3390 626 3452 666 va

1899 681 2052 736 nisve
2083 685 2410 750 spectaculis
2456 701 2586 756 opes
2635 689 2916 744 absumet?
2960 690 3056 747 His
3103 711 3316 767 quoque
3349 715 3465 755 cons

1897 769 2278 825 sultationibus
2323 789 2417 828 vos
2477 786 2698 843 propter
2761 777 3046 833 Dominum
3099 784 3257 840 alieni
3322 791 3475 856 estis,

1895 861 2093 930 quippe
2142 862 2368 930 publicis
2418 876 2512 919 aut
2553 871 2770 923 urbanis
2813 873 3131 929 ministeriis
3173 879 3476 949 immunes;

1896 966 2071 1021 neque
2097 970 2285 1008 manus
2314 959 2582 1011 exactoris
2603 959 2744 1014 fores
2767 972 2976 1018 vestras
3007 965 3201 1034 pulsat,
3228 981 3282 1025 ut
3307 975 3474 1028 vecti-

1895 1045 1983 1114 gal
2011 1044 2263 1111 solvatis;
2317 1062 2476 1102 nemo
2523 1066 2614 1105 vos
2665 1051 2716 1104 iu
2753 1058 3084 1127 przctorium,
3118 1072 3177 1116 ut
3225 1065 3305 1128 iit,
3361 1082 3449 1134 pel

1896 1136 2081 1203 trahit,
2117 1151 2291 1206 neque
2319 1154 2567 1195 carceres
2596 1147 2883 1201 calumniis
2921 1151 3280 1210 circumventi
3317 1157 3470 1213 incoo

1891 1226 2024 1294 litis,
2055 1243 2228 1298 neque
2280 1229 2456 1286 ferrea
2487 1237 2745 1304 compede
2774 1244 3094 1309 gravantini,
3125 1249 3314 1315 grandi
3363 1252 3471 1305 cri-

1891 1320 2054 1386 mine,
2088 1330 2212 1389 puta
2248 1322 2315 1376 de
2347 1329 2674 1393 repetundis,
2708 1331 2934 1398 pulsati;
2965 1351 3135 1405 neque
3163 1339 3314 1394 vobis
3355 1357 3466 1396 ma-

1890 1422 1991 1461 nus
2022 1409 2318 1476 quamlibet
2343 1411 2502 1466 aliam
2534 1415 2602 1469 ob
2631 1432 2845 1473 causam
2879 1423 3213 1481 vinciuntur:
3240 1430 3468 1487 militum

1887 1500 2272 1554 concussiones
2325 1517 2428 1557 non
2462 1506 2728 1570 patimini,
2761 1524 2937 1578 neque
2978 1516 3342 1582 apparitorum
3381 1520 3466 1573 in-

1886 1590 2153 1647 humanas
2179 1595 2573 1666 exagitationes
2603 1615 2616 1652 :
2652 1615 3012 1658 mercaturam
3043 1623 3146 1662 non
3178 1613 3462 1679 exercetis,

1885 1688 1945 1734 ut
1987 1683 2238 1752 perjuriis
2290 1701 2419 1755 opes
2468 1690 2786 1758 cumuletis;
2821 1695 2956 1748 satis
2987 1699 3140 1765 gnari
3199 1703 3464 1768 potiorem

174 1761 451 1830 κρεῖσσον
478 1761 657 1832 ὀλίγον
686 1765 766 1837 τῷ
785 1767 974 1842 δικαίῳ
1008 1773 1149 1846 ὑπὲρ
1187 1775 1416 1833 πλοῦτον
1445 1781 1771 1853 ἁμαρτωλῶν

1883 1787 2003 1827 esse
2027 1788 2142 1828 rem
2178 1784 2391 1831 tenuem
2436 1780 2593 1847 justi,
2640 1797 2800 1850 quam
2855 1787 3071 1843 divitias
3118 1804 3462 1858 peccatorum

175 1851 388 1905 πολύν·
419 1854 778 1922 καθεύδοντας
811 1861 959 1932 ὑμᾶς
989 1864 1274 1938 δανειστὴς
1288 1870 1388 1924 οὐκ
1421 1851 1777 1941 ἐξυπνίσειεν,

174 1945 547 2037 γραμμάτιον
601 1951 899 2023 ἐπιφέρων,
955 1955 1078 2008 οὐδὲ
1131 1957 1407 2026 λιὸέλλους
1458 1965 1583 2018 καθ’
1625 1967 1779 2037 ὑμῶν

172 2034 414 2105 γράψας
463 2038 685 2112 ἄρχοντι
741 2042 1106 2118 παρέστησεν·
1167 2051 1288 2106 ούδέ
1343 2054 1549 2125 πλῆθος
1605 2034 1778 2112 τόκων

136 2184 148 2190 ν
174 2125 586 2200 ἀπαιτούμενοι
606 2134 954 2200 ἐστενάξατε·
978 2138 1094 2192 ἀλλ’
1113 2140 1233 2194 οὐδὲ
1255 2141 1521 2199 θάλατταν
1536 2147 1778 2204 δεδοίκα-

174 2234 273 2283 τε,
310 2218 386 2292 μὴ
414 2221 611 2294 ἀθρόον
657 2226 972 2297 χειμάσασα
1018 2230 1271 2287 ἀπολέσει
1320 2234 1410 2290 τὸν
1443 2237 1660 2310 φόρτον,
1683 2242 1779 2296 καὶ

176 2312 364 2383 πένης
393 2317 737 2390 παραχρῆμα
759 2320 788 2372 ό
817 2319 1069 2388 πλούσιος
1095 2323 1314 2398 εὑρεθῇ.

259 2488 346 2544 H'.
393 2491 580 2547 Ταῦτα
616 2495 712 2549 τοῦ
749 2495 866 2566 βίου
895 2497 966 2552 τά
999 2501 1428 2574 ἐπιτηδεύματα,
1461 2501 1638 2560 ταῦτα
1682 2507 1774 2562 τοῦ

179 2581 309 2651 βίου
337 2583 406 2637 τά
426 2586 747 2658 πράγματα,
777 2591 949 2644 ταῦτα
979 2593 1028 2646 oi
1054 2593 1217 2666 γάμῳ
1251 2596 1612 2666 συναφθέντες
1641 2601 1775 2653 ὑπο-

181 2675 467 2748 μένουσιν·
492 2680 650 2751 ὑμεῖς
675 2682 732 2736 δὲ
747 2684 802 2736 ἐν
817 2686 1011 2756 ἐρήμῳ
1035 2688 1431 2758 ἀπερίσπαστοι
1459 2690 1770 2758 διατελεῖτε,

181 2767 357 2839 μόνου
402 2769 657 2842 λαμπροῦ
690 2771 808 2842 βίου
850 2775 1292 2846 ἐπιμελούμενοι·
1324 2776 1370 2830 ὣ
1413 2779 1587 2850 πόσης
1610 2781 1773 2851 τιμῆς

178 2858 465 2934 ὑπεροχὴν
516 2859 631 2932 ἔχει
679 2862 739 2916 τὸ
789 2863 944 2932 ἆγιον
975 2864 1070 2918 καὶ
1104 2865 1248 2937 ίερὸν
1279 2867 1434 2938 ὑμῶν
1481 2869 1700 2940 σχῆμαι
1727 2869 1774 2923 ὣ

179 2950 364 3021 πόσης
400 2951 626 3018 εὐωδίας
672 2956 1051 3027 πνευματικῆς
1091 2958 1274 3011 πνέειί
1329 2957 1629 3031 ῶπηλίκου
1677 2960 1770 3014 τοῦ

179 3042 608 3113 ἐπαγγέλματος
656 3046 1025 3116 ἐψηφίσασθεί
1078 3047 1234 3117 λόγος
1262 3049 1436 3113 οὐδεὶς
1465 3051 1769 3123 ἀνυμνῆσαι

176 3135 441 3190 δύναταιι
471 3136 518 3191 ὣ
549 3137 876 3210 ἐπάγγελμα
897 3141 956 3194 οὐ
967 3141 1128 3212 ρανοῦ
1152 3141 1490 3213 ἀπτόμενονι
1521 3142 1568 3196 ὦ
1595 3143 1770 3213 ἐπάγ-

178 3229 368 3300 γελμα
419 3229 538 3301 Θεῷ
588 3233 1022 3304 συναπτόμενονί
1069 3233 1115 3288 ὣ
1147 3233 1475 3306 ἐπάγγελμα
1519 3236 1771 3305 ἀγγέλοις

179 3320 671 3392 ἐξεικονιζόμενονῐ
713 3323 759 3376 ὢ
788 3324 1113 3396 ἐπάγγελμα
1160 3326 1222 3379 τὸ
1263 3326 1381 3379 κατ’
1417 3328 1601 3381 εἰκόνα
1633 3327 1768 3380 Θεοῦ

179 3411 390 3476 σῶζονί
421 3411 467 3466 ὦ
497 3414 820 3483 ἐπάγγελμα
849 3414 970 3486 Θεῷ
987 3417 1360 3487 παρεστηκόςι
1380 3416 1425 3471 ὢ
1446 3417 1770 3490 ἐπάγγελμα

176 3502 302 3574 Θεῷ
351 3501 710 3575 τιμιώτατονί
766 3506 812 3560 ῶ
860 3508 1186 3580 ἐπάγγελμα
1235 3509 1302 3562 δι’
1351 3506 1413 3566 οῦ
1472 3509 1704 3576 σώζεται
1741 3513 1770 3565 ό

177 3595 421 3667 κόσμοςί
473 3597 648 3668 ’Υμᾶς
669 3615 754 3662 τις
788 3600 1130 3670 μακαρίζων,
1177 3601 1403 3666 δικαίως
1436 3602 1502 3658 ἀν
1545 3603 1768 3672 λέξειεν,

177 3689 475 3760 Μακάριοι
526 3693 581 3745 οί
630 3691 855 3762 ἄμωμοι
900 3693 971 3748 ἐν
1000 3692 1138 3760 ὀδῷ,
1189 3694 1245 3748 οἱ
1283 3696 1674 3766 πορευόμενα
1701 3696 1773 3752 ἐν

174 3782 346 3851 νόμῳ
363 3783 604 3851 Κυρίου·
632 3783 824 3839 τοῦτον
847 3784 956 3858 γὰρ
982 3785 1074 3840 τὸν
1092 3786 1256 3858 νόμον
1284 3787 1614 3858 μελετῶντες
1635 3789 1774 3861 ἡμέ-

180 3892 286 3948 ρας
309 3877 402 3930 καὶ
434 3878 648 3942 νυκτὸς,
670 3879 751 3945 ὡς
769 3879 837 3933 τὸ
865 3879 1059 3944 ξύλον
1083 3878 1151 3934 τὸ
1181 3879 1637 3951 πεφυτευμένον
1661 3898 1775 3936 πα-

173 3966 257 4035 ρὰ
285 3966 392 4032 τὰς
427 3965 741 4035 διεξόδους
769 3966 887 4023 τῶν
917 3967 1177 4033 ὑδάτων,
1197 3968 1230 4022 ὃ
1259 3969 1367 4023 τὸν
1399 3970 1636 4038 καρπὸν
1665 3972 1774 4025 αὐ-

177 4055 290 4111 τοῦ
315 4055 494 4112 δώσει
520 4058 591 4111 ἐν
621 4055 804 4127 καιρῷ
831 4058 1041 4118 αὐτοῦ,
1083 4059 1271 4112 καὶτὸ
1315 4060 1556 4129 φύλλον
1585 4059 1770 4115 αὐτοῦ

178 4149 296 4203 οὐκ
321 4149 788 4218 ὰποῤῥυήσεται,
826 4151 927 4205 καὶ
957 4150 1154 4204 πάντα
1189 4151 1308 4205 ὅσα
1333 4149 1412 4206 ἂν
1451 4152 1614 4206 ποιεῖ
1634 4168 1772 4206 κατ-

177 4240 637 4308 ευοδωθήσεται·
679 4241 824 4296 οὕτω
868 4243 1048 4298 τοίνυν
1096 4244 1577 4317 καρποφοροῦντες
1627 4245 1771 4315 λόγῳ

181 4333 280 4387 καὶ
309 4331 456 4405 ἔργῳ
483 4334 1099 4408 παρρησιαστικώτερον
1137 4335 1365 4390 δύνασθε
1415 4335 1594 4405 λέγειν
1626 4336 1766 4407 Θεῷ·

1884 1865 2096 1920 multas.
2134 1867 2475 1926 Dormientes
2514 1888 2609 1928 vos
2645 1876 2920 1933 fenerator
2965 1895 3070 1934 non
3111 1882 3310 1937 excitat
3337 1886 3468 1940 alla-

1885 1957 1951 2009 tis
1972 1958 2316 2027 syngraphis,
2349 1975 2523 2028 neque
2556 1963 2751 2018 oblatis
2796 1969 3012 2035 przetori
3058 1968 3255 2027 libellis
3284 1976 3336 2028 in
3375 1975 3464 2045 ju-

1882 2046 2079 2099 dicium
2108 2062 2202 2102 vos
2250 2050 2508 2119 appellat,
2561 2069 2662 2109 nec
2703 2071 2896 2111 usuras
2933 2061 3178 2130 ingentes
3208 2068 3463 2134 postulati

1881 2136 2273 2208 lngemiscitis;
2332 2144 2426 2197 sed
2477 2158 2651 2214 neque
2699 2163 2848 2203 mare
2893 2150 3218 2220 formidatis,
3261 2173 3327 2212 ne
3372 2175 3460 2214 re-

1880 2240 2040 2298 pcnte
2107 2242 2425 2302 tempestate
2485 2248 2814 2295 commotum
2864 2259 3098 2299 mercem
3150 2249 3459 2320 absorbeat,

1759 2378 1769 2385 ,
1878 2330 1933 2412 et
1989 2337 2195 2394 pauper
2245 2327 2427 2383 suhito
2471 2329 2907 2400 deprehendatur
2965 2337 3056 2406 qui
3093 2337 3296 2396 divitiis
3345 2342 3463 2412 pol-

1877 2410 2052 2470 lebat.

1952 2502 2083 2559 Vlll.
2116 2505 2208 2562 Hae
2244 2519 2370 2564 sunt
2413 2512 2699 2569 mundana
2725 2525 2848 2572 vita:
2883 2518 3292 2588 sollicitudines,
3346 2524 3461 2578 hate

1884 2598 2199 2665 quotidiana
2248 2601 2482 2671 negotia,
2521 2604 2636 2658 huic
2674 2605 2750 2660 illi
2783 2608 3054 2665 sustinent
3081 2614 3171 2681 qui
3211 2613 3461 2683 coniugio

1879 2689 2211 2745 vinciuntur.
2238 2691 2347 2748 Vos
2375 2704 2554 2751 autem
2583 2698 2637 2751 in
2671 2714 2856 2756 eremo
2888 2702 3047 2756 nullis
3087 2704 3233 2758 curis
3259 2706 3460 2758 distra-

1874 2781 1946 2834 cti
1983 2782 2295 2848 versamini,
2355 2785 2422 2840 de
2473 2787 2598 2842 vitae
2635 2796 2842 2844 tantum
2878 2793 3110 2861 puritate
3145 2795 3381 2850 solliciti.
3409 2797 3458 2853 0

1871 2887 2034 2942 quam
2071 2876 2218 2930 omni
2249 2878 2424 2946 pretio
2447 2879 2619 2949 major
2649 2892 2733 2936 est
2763 2891 2941 2937 vester
2959 2886 3045 2940 hic
3078 2898 3458 2944 sacrosanctus

1873 2964 2123 3020 habitus!
2169 2977 2426 3036 quantam
2488 2973 2696 3026 redolet
2735 2977 3053 3029 suavitatem
3108 2979 3450 3046 spiritalem!

1874 3056 2044 3123 Quale
2102 3067 2474 3130 quantumque
2529 3065 2854 3132 promissum
2911 3066 3254 3132 exltihulslis,
3309 3069 3455 3124 nulla

1873 3148 2048 3202 oratio
2076 3149 2210 3204 satis
2237 3149 2517 3206 celebrare
2538 3151 2700 3207 valet.
2730 3153 2776 3207 0
2800 3155 3124 3224 promissum
3150 3157 3296 3211 onmi
3323 3173 3453 3213 cura

1871 3238 2134 3296 liberum!
2167 3255 2198 3295 ο
2230 3244 2556 3310 promissum
2606 3246 2801 3299 coelum
2831 3247 3003 3316 ipsum
3033 3249 3322 3318 attingens,
3349 3253 3457 3306 Deo

1871 3332 2256 3400 promissor-em
2290 3333 2566 3403 copulans,
2607 3345 2661 3390 et
2715 3336 3025 3405 angelorum
3076 3340 3304 3394 similem
3345 3341 3459 3396 elli-

1871 3420 2053 3474 ciens!
2081 3420 2127 3477 0
2157 3422 2504 3490 promissum,
2539 3424 2681 3491 quod
2710 3425 2763 3478 in
2797 3425 3011 3481 homine
3037 3426 3131 3483 Dei
3165 3429 3452 3499 imaginem

1873 3527 2182 3578 conservat,
2217 3514 2602 3586 hominemque
2635 3518 2701 3571 ad
2737 3519 2904 3573 Deum
2951 3522 3206 3576 adducit!
3257 3521 3304 3578 0
3330 3539 3455 3592 pro-

1876 3605 2098 3660 missum
2130 3621 2313 3661 coram
2373 3606 2484 3663 Deo
2536 3611 3014 3678 pretiosissimum!
3050 3612 3095 3669 Ο
3125 3615 3451 3683 promissum

1873 3697 2104 3765 denique
2148 3698 2305 3767 Cujus
2353 3700 2520 3767 gratia
2574 3701 2803 3756 mundus
2862 3705 3138 3758 servatur!
3200 3705 3453 3774 Quisquis

1873 3800 2107 3841 vestram
2134 3789 2520 3844 beatitudinem
2553 3791 2886 3859 praedicabit,
2921 3806 3068 3849 recte
3095 3793 3269 3849 dicet:
3298 3795 3452 3852 Beati

1871 3879 2195 3934 immaculati
2246 3881 2301 3934 in
2333 3881 2436 3947 via,
2478 3884 2566 3951 qui
2598 3883 2868 3937 ambulant
2900 3887 2952 3938 in
2983 3884 3091 3953 lege
3144 3887 3356 3942 Domini
3381 3888 3450 3944 “'.

1874 3969 1951 4026 De
1979 3971 2081 4026 hac
2120 3972 2264 4026 enim
2306 3972 2422 4042 lege
2465 3974 2554 4028 diu
2591 3985 2860 4044 noctuque
2901 3977 3244 4042 meditantes.
3283 3980 3454 4033 instar

1870 4063 2076 4118 arboris
2102 4064 2255 4120 eritis
2299 4064 2527 4133 plantati
2566 4081 2710 4120 secus
2742 4067 2992 4122 decursus
3022 4085 3304 4141 aquarum,
3333 4088 3453 4140 quae

1872 4155 2102 4223 fructum
2144 4157 2414 4225 proprium
2441 4157 2589 4210 dabit
2619 4167 2844 4226 tempore
2871 4175 2987 4224 suo,
3021 4171 3068 4213 et
3117 4161 3305 4230 folium
3334 4164 3451 4230 ejus

1871 4261 1975 4298 non
2004 4246 2226 4309 decidet,
2255 4255 2305 4300 et
2343 4246 2600 4317 quidquid
2629 4246 2830 4316 fecerit,
2871 4249 3093 4317 feliciter
3118 4255 3356 4304 succedet
3381 4251 3448 4306 δ’.

1875 4334 1965 4390 Sic
1984 4351 2112 4407 ergo
2143 4335 2325 4392 verbis
2363 4346 2417 4392 et
2451 4351 2618 4408 opere
2660 4337 3066 4402 fructiﬁcantes,
3093 4343 3452 4399 conﬁdentius

179 4426 503 4496 Καταόήτω
553 4427 879 4498 ἀδελφιδός
898 4447 1018 4498 μου
1064 4431 1153 4495 εὶς
1183 4427 1385 4498 κῆπον
1411 4430 1622 4494 αὑτοῦ,
1665 4431 1764 4484 καί

1882 4429 2054 4484 licere
2102 4428 2212 4483 Deo
2254 4429 2479 4496 potestis
2512 4445 2525 4480 :
2581 4427 2874 4482 Descendat
2929 4432 3183 4500 patruelis
3211 4448 3354 4485 meus
3395 4433 3452 4488 in

178 4519 414 4589 yarétw
461 4519 698 4588 καρπὸν
747 4521 1095 4591 ἀκροδρύων
1139 4522 1346 4576 αὐτοῦ·
1378 4523 1609 4586 ἕκαστος
1656 4523 1767 4595 γὰρ

180 4611 361 4682 ὑμῶν,
405 4605 452 4666 ὦ
494 4611 841 4683 ἀξιοπόθητοι
886 4611 1005 4684 Θεῷ
1055 4613 1402 4684 μονάζοντες,
1433 4612 1614 4684 κῆπός
1643 4615 1766 4668 ἐστε

180 4703 421 4774 Χριστοῦ
455 4703 811 4758 παντοδαπῶν
859 4705 1092 4778 δένδρων
1152 4707 1269 4778 εἴδη
1317 4707 1609 4778 περιέχων,
1645 4710 1766 4770 ταῖς

181 4796 278 4851 τοῦ
311 4797 478 4868 νόμου
508 4796 775 4866 φυλακαῖς
807 4797 903 4851 καὶ
929 4799 1170 4862 ἐντολαῖς
1191 4799 1626 4871 γεωργούμενος·
1665 4799 1767 4853 οὐκ

182 4889 308 4943 ἐστὲ
327 4889 533 4960 δρυμὸς
560 4889 735 4956 ξύλων
777 4890 864 4943 ἵνα
900 4891 1070 4962 ἄγρια
1113 4890 1280 4963 θηρία
1310 4893 1367 4945 ἐν
1399 4891 1530 4961 ὑμῖν
1557 4891 1766 4961 ἐνοική-

182 4999 273 5052 an,
296 4981 406 5035 τῶν
440 4981 699 5037 ἐναντίων
729 4981 1013 5053 δυνάμεων
1041 4981 1102 5036 τὸ
1146 4980 1441 5052 αίμοδόρον
1491 4980 1764 5052 σύστημα·

181 5071 318 5126 ἀλλὰ
343 5071 452 5142 γὰρ
483 5072 659 5143 κῆπος
700 5072 1084 5144 κεκλεισμένος
1115 5071 1286 5142 λίθοις
1323 5071 1530 5144 τιμίοις
1552 5071 1654 5143 τὴν
1702 5072 1767 5125 ἐκ

180 5162 274 5217 τοῦ
313 5163 479 5234 νόμου
510 5163 757 5235 φυλακὴν
786 5165 881 5218 καὶ
909 5163 1230 5234 ἀσφάλειαν·
1264 5163 1346 5218 διὸ
1377 5164 1479 5218 οὐκ
1515 5165 1766 5236 ἐγένεσθε

181 5255 520 5328 ζωγρήματα
563 5255 659 5310 τοῦ
690 5254 963 5322 διαϐόλου,
1003 5257 1119 5310 ἀλλ’
1145 5257 1548 5330 ἐσαγηνεύθητε
1573 5261 1638 5329 τῇ
1669 5276 1768 5313 σα-

181 5351 326 5421 γήνῃ
351 5345 446 5401 τοῦ
467 5346 717 5420 Χριστοῦ
751 5349 816 5402 ἐκ
851 5348 953 5418 τῆς
982 5348 1234 5422 ἁλμυρᾶς
1261 5350 1356 5404 τοῦ
1390 5350 1597 5421 κόσμου
1628 5352 1755 5405 ἀκα.

178 5440 497 5504 ταστασίας.

249 5534 308 5587 Θν
383 5535 442 5588 ’0
479 5535 645 5607 γάμῳ
674 5530 945 5590 κοινω·.ῶν
973 5534 1102 5605 περὶ
1132 5532 1301 5588 πολλὰ
1337 5532 1619 5606 μερίζεται
1662 5535 1762 5608 τὴν

249 5737 298 5772 ⁵⁸
326 5737 468 5796 Psal.
498 5755 688 5805 csvtu,
718 5740 769 5796 1.
844 5739 891 5770 δ’
927 5736 1071 5793 Psal.
1099 5751 1138 5803 ι,
1163 5735 1219 5804 2,
1251 5737 1306 5793 '5.
1381 5736 1428 5770 ⁸⁸
1465 5736 1622 5794 Cant.
1653 5735 1705 5808 ν’,
1739 5739 1792 5796 1.

1872 4522 2080 4573 hortum
2109 4534 2286 4582 suum,
2309 4519 2688 4589 manducetque
2713 4520 2938 4590 fructum
2958 4522 3296 4592 juglandium
3324 4539 3452 4579 sua-

1871 4628 1988 4665 rum
2021 4611 2088 4664 '°.
2126 4611 2373 4667 Vestrum
2399 4611 2544 4665 enim
2584 4613 2976 4683 unusquisque,
3010 4628 3044 4669 o
3080 4614 3274 4670 merito
3297 4617 3450 4672 cbari

1871 4701 1982 4757 Deo
2025 4702 2298 4764 monachi,
2353 4701 2544 4757 hortus
2574 4702 2774 4756 Christi
2824 4703 2956 4757 estis
2995 4717 3155 4757 omne
3193 4705 3451 4759 arborum

1871 4807 2044 4864 genus
2096 4793 2402 4859 continens,
2463 4793 2598 4863 legis
2658 4804 3157 4864 praeceptorumque
3208 4797 3451 4852 custodia

1870 4885 2136 4942 excultus.
2169 4884 2286 4956 Non
2323 4887 2457 4942 estis
2485 4887 2737 4942 arborum
2769 4887 2939 4942 saltus
2971 4889 3022 4942 in
3059 4904 3165 4957 quo
3198 4889 3325 4944 ferae
3363 4894 3458 4948 sil-

1869 4987 2082 5032 vestres
2105 4977 2426 5044 inhabitent,
2444 4979 2876 5033 adversariarmn
2899 4980 3101 5034 scilicet
3126 4988 3455 5048 potestatum

1869 5080 2045 5126 cretus
2098 5069 2589 5142 sanguinolentus;
2653 5070 2748 5124 sed
2813 5069 3002 5126 hortus
3058 5071 3455 5140 circumseptus

1869 5169 2002 5225 estis
2037 5169 2291 5240 pretiosis
2325 5169 2613 5239 lapidibus,
2642 5167 2776 5240 legis
2807 5169 3062 5224 nimirum
3115 5169 3360 5224 custodia
3407 5181 3455 5223 et

1871 5259 2145 5328 przesidio.
2193 5257 2557 5326 Quamobrem
2604 5261 2784 5330 praeda
2842 5260 3037 5316 diaboli
3090 5275 3194 5313 non
3248 5259 3455 5321 fuistis,

1873 5352 1966 5422 sed
2005 5353 2057 5406 in
2091 5351 2292 5409 Christi
2329 5368 2583 5425 sagenam
2607 5368 2677 5408 ex
2706 5367 2889 5408 amara
2915 5351 3099 5405 mundi
3136 5359 3457 5421 tempestate

1873 5442 2166 5499 incidistis.

1942 5535 2032 5590 IX.
2077 5537 2178 5604 Qui
2243 5539 2405 5594 vitam
2486 5537 2824 5609 coniugalem
2897 5543 3156 5600 sectatur,
3215 5544 3450 5589 mentem
