3872 6278
410 339 516 396 9'55
1511 330 1780 386 PATRES
1812 325 2116 384 IEGYPTII
2154 325 2427 385 SASCULI
2466 329 2552 387 IV.
3015 378 3019 384 .
3602 338 3713 394 926

415 468 570 511 suam
598 453 665 506 ad
698 449 942 504 diversas
967 463 1128 503 curas
1155 445 1413 518 partitur,
1443 455 1501 500 ut
1529 447 1605 500 ait
1633 445 1871 501 Paulus:
1901 443 2005 510 Qui

2116 443 2366 510 διάνοιαν,
2407 444 2482 509 ὠς
2517 445 2662 516 λέγει
2717 445 2958 510 Παῦλος·
3003 446 3056 500 '0
3090 445 3160 502 ea
3207 446 3402 520 γήμας
3437 453 3708 524 μεριμνᾲ

407 559 624 600 uxorem
663 542 838 608 duxit,
870 541 1059 611 cogitat
1098 555 1159 594 ea
1188 554 1307 610 qua:
1345 548 1466 592 sunt
1500 539 1707 602 mundi,
1742 537 2002 608 quomodo

2116 535 2176 589 τὰ
2213 536 2320 591 τοῦ
2359 538 2618 606 κόσμου,
2659 535 2786 604 πῶς
2809 536 3014 606 ἁρέσει
3053 535 3123 606 τῇ
3158 541 3418 608 γυναικὶ,
3451 544 3550 598 καί
3603 562 3708 613 με·

410 634 618 705 [επιὶηω
666 649 778 688 sua:
825 631 1054 703 placeat,
1085 641 1134 686 et
1169 632 1368 685 divisus
1421 641 1495 686 est
1522 632 1591 686 ".
1642 630 1750 686 Vos
1782 646 1931 696 vero,
1971 645 2004 685 ο

2116 628 2400 695 αέρισται·
2437 628 2591 683 αὐτοὶ
2630 627 2726 694 δὲ,
2770 622 2815 682 ὦ
2863 629 3155 700 θαυμάσιοι
3201 631 3318 702 Θεῷ
3358 633 3710 704 γλιχόμενοι.

411 724 763 780 admirabiles
801 725 1014 792 Deoque
1065 723 1350 790 amabiles,
1389 726 1456 777 ab
1491 740 1557 779 eo
1599 739 1873 794 nunquam
1917 723 2002 778 di-

2116 718 2403 790 ὶχώριστοι
2449 719 2616 774 αὑτοῦ
2661 719 2976 786 διατελεῖτε,
3016 723 3104 774 ἀεὶ
3148 720 3398 790 λέγοντες
3443 725 3509 779 τὸ
3549 727 3713 796 παρὰ

412 819 572 883 vulsi,
606 833 820 887 semper
863 819 914 872 id
959 817 1140 872 dicitis
1175 816 1318 886 quod
1361 817 1527 871 David
1568 818 1776 872 fervido
1809 821 2007 873 mentis

2116 810 2198 864 τοῦ
2247 810 2412 863 Δαϐὶδ
2470 811 2619 882 πόθῳ
2673 811 2990 884 εἰρημένον·
3041 813 3369 883 Ἐκολλήθη
3422 817 3462 884 ἡ
3525 817 3712 886 ψυχή

412 911 607 965 allectu
657 910 837 964 aiebat
878 927 892 964 :
941 908 1179 964 Adhwsit
1233 909 1416 962 anima
1455 925 1572 963 mea
1619 921 1737 978 post
1787 918 1872 973 te,
1925 926 2007 965 me

2116 920 2218 964 μου
2277 903 2468 956 ὀπίσω
2519 919 2656 968 σου,
2721 903 2869 972 ἐμοῦ
2918 903 2987 957 δὲ
3041 904 3400 960 ἀντελάϐετο
3441 908 3482 974 ἠ
3529 907 3716 972 δεξιά

413 1016 530 1054 vero
583 1000 805 1064 suscepit
854 1000 1068 1053 dextera
1102 1009 1194 1052 tua
1219 999 1290 1053 ".
1346 998 1463 1054 Non
1510 994 1653 1054 enim
1703 1014 1882 1068 agros,
1916 1009 2009 1055 aut

2116 1012 2254 1049 πονο
2286 997 2344 1048 οὐ
2382 997 2490 1068 γὰρ
2529 997 2705 1050 ὀπίσω
2749 997 2935 1070 ἀγρῶν
2963 999 2996 1070 ἦ
3031 999 3218 1052 οἰκιῶν
3248 1000 3282 1070 ἢ
3313 1000 3508 1072 ἑτέρας
3555 1000 3716 1062 τινὸς

415 1094 637 1156 domos,
683 1099 777 1144 aut
825 1091 1046 1159 quasvis
1087 1091 1224 1143 alias
1267 1091 1560 1144 facultates
1606 1091 1787 1146 studio
1828 1100 2008 1146 vestro

2116 1087 2291 1151 abolet;
2343 1087 2699 1158 ὲπορεύθητε,
2748 1089 2835 1142 ἵνα
2880 1089 3054 1144 ταῦτα
3117 1090 3518 1156 καταλαϐόντες
3569 1095 3716 1164 κτή-

417 1184 686 1254 prosecuti
725 1183 877 1246 estis,
929 1192 987 1235 ut
1033 1182 1242 1251 adeptis
1282 1181 1636 1246 l'rueremiui;
1685 1184 1779 1236 sed
1832 1195 2007 1250 neque

419 1277 666 1344 turpibus
702 1275 1065 1343 cupidinibus,
1095 1289 1271 1342 neque
1305 1273 1635 1337 maledictis,
1671 1286 1844 1342 neque
1877 1286 2006 1325 ava-

417 1367 575 1424 ritiae.
624 1377 798 1433 neque
844 1363 933 1416 alii
975 1364 1150 1418 cuivis
1203 1362 1378 1416 fraudi
1436 1362 1771 1428 indulsistis;
1814 1361 1909 1414 scd
1954 1362 2007 1416 id

418 1458 560 1524 quod
604 1457 866 1524 scriptum
911 1461 994 1508 est
1049 1453 1281 1521 egistis:
1331 1451 1455 1506 Post
1509 1451 1789 1505 Dominum
1841 1451 2005 1505 Deum

419 1556 569 1599 tuum
605 1544 920 1610 ambulabis,
951 1553 997 1598 et
1033 1543 1111 1596 illi
1167 1542 1459 1597 adhaerebis
1486 1543 1566 1608 ⁵³;
1618 1557 1792 1612 eaque
1842 1544 2005 1598 verba

420 1640 474 1694 in
527 1654 637 1693 rem
680 1637 1026 1693 contulistis:
1076 1634 1235 1695 Vade.
1288 1636 1448 1691 vende
1485 1651 1602 1706 quae
1650 1635 1908 1705 possides,
1956 1645 2004 1689 et

418 1729 492 1784 da
546 1729 885 1796 pauperibus,
916 1735 965 1781 et
1021 1727 1235 1781 habebis
1293 1729 1600 1781 thesaurum
1637 1727 1690 1780 in
1735 1726 1882 1790 calo,
1919 1743 1999 1780 ve-

2107 1178 2270 1250 σησθε
2295 1195 2308 1208 ε
2345 1179 2458 1232 ἀλλ’
2484 1179 2603 1232 οὐδὲ
2641 1179 2816 1234 ὀπίσω
2861 1181 3057 1249 ἀλόγου
3097 1182 3395 1254 ἐπιθυμίας
3441 1185 3476 1255 ἦ
3526 1202 3714 1240 κατα-

2104 1269 2294 1333 λαλιᾶς
2341 1270 2374 1342 ἢ
2424 1271 2849 1344 φιλαργυρίαςῆ
2886 1274 3078 1345 ἑτέρας
3117 1275 3263 1338 τινὸς
3302 1276 3543 1346 ἀπάτης,
3587 1277 3714 1330 ἀλλ’

2104 1361 2181 1425 ὡς
2243 1363 2585 1434 γέγραπται·
2646 1365 2859 1417 Ὀπίσω
2915 1366 3136 1434 Κυρίου
3206 1365 3311 1421 τοῦ
3369 1367 3519 1421 Θεοῦ
3586 1382 3714 1422 σου

2105 1455 2400 1522 πορεύσῃ,
2429 1456 2528 1508 καὶ
2564 1454 2715 1523 πρὸς
2736 1454 2927 1508 αὑτὸν
2956 1456 3480 1526 προσκολληθήσῃ
3497 1475 3511 1488 ·
3543 1459 3716 1513 τοῦτο

2105 1544 2336 1617 ἀληθείᾳ
2378 1546 2536 1616 ὑμεῖς
2570 1547 2937 1617 πεποιήκατε’
2975 1548 3217 1618 Ὕπαγε.
3260 1548 3556 1616 πώλησόν
3586 1566 3716 1605 σου

2105 1638 2177 1691 τὰ
2209 1625 2586 1707 ὖέτάρχοντα,
2638 1640 2737 1693 καί
2794 1639 2900 1706 δὸς
2942 1640 3232 1710 πτωχοῖς,
3267 1641 3368 1696 καὶ
3401 1642 3565 1709 ἕξεις
3603 1647 3710 1711 θηο

2109 1727 2340 1796 σαυρὸν
2373 1727 2444 1780 ἐν
2495 1726 2749 1797 οὐρανῷ,
2803 1729 2904 1783 καί
2950 1729 3130 1797 δεῦρο
3192 1731 3512 1786 ἀκολούθει
3559 1750 3704 1801 μοι’

421 1793 576 1889 nique
604 1793 660 1874 ει⁷
684 1836 894 1890 sequere
943 1835 1023 1874 me
1046 1819 1114 1874 ".
1154 1819 1219 1872 Et
1271 1818 1432 1888 hujus
1478 1819 1696 1888 quidem
1733 1799 1880 1871 ειη.ιί
1925 1817 2006 1870 vis

2116 1793 2341 1874 Minoi}
2376 1793 2677 1894 ῥήματοςή
2711 1823 2941 1894 δύναμις
2993 1793 3216 1896 ὲννύμίν
3262 1826 3537 1894 φαίνεται,
3559 1793 3610 1881 ⁷ὃ
3644 1831 3708 1884 0'3

423 1911 476 1966 in
513 1913 667 1965 vobis
721 1921 985 1980 apparet,
1039 1910 1196 1977 cujus
1252 1918 1472 1964 tenaces
1531 1912 1732 1964 mundo
1782 1910 2007 1978 ejusque

422 2000 575 2054 curis
613 1999 732 2053 vale
767 1999 1012 2064 dixistis;
1055 1999 1162 2054 Deo
1199 2014 1527 2070 magtwpere
1572 2001 1767 2055 conﬁsi
1801 2001 1893 2070 qui
1926 2002 2006 2054 di-

422 2093 503 2146 xit
529 2108 543 2146 :
575 2090 810 2157 Quarrite
836 2092 1064 2160 primum
1099 2107 1314 2160 regnum
1347 2091 1442 2145 Dei
1475 2099 1524 2146 et
1564 2091 1833 2161 justitiam
1865 2092 2005 2163 ejus,

421 2193 469 2238 et
497 2181 610 2238 hac
649 2185 828 2237 omnia
869 2182 1191 2252 adjicientur
1215 2185 1355 2238 vobis
1381 2183 1448 2237 ".

499 2378 567 2436 X.
602 2379 964 2447 Quamobrem
990 2379 1240 2436 laudibus
1267 2381 1660 2452 praaconiisque
1681 2381 1825 2450 digni
1849 2381 2005 2448 estis,

425 2475 519 2541 qui
567 2474 647 2527 sic
702 2473 922 2528 Christo
969 2474 1156 2527 rudem
1227 2475 1403 2528 adhuc
1455 2477 1697 2528 auditum
1766 2484 2005 2528 vestrum

401 2555 756 2632 'subjecistis,
799 2577 870 2618 ne
932 2576 1054 2617 eum
1097 2564 1280 2618 stultis
1331 2566 1471 2634 vulgi
1522 2565 2008 2621 obtrectationibus

424 2655 719 2712 obnoxium
759 2655 1052 2711 haberetis.
1080 2655 1260 2725 Atque
1311 2666 1369 2711 ut
1403 2656 1590 2712 oculos
1631 2672 1851 2727 quoque
1915 2673 2011 2712 ve-

425 2759 570 2801 stros
605 2758 814 2800 rectum
862 2761 1114 2813 cernere,
1163 2747 1493 2816 minimeque
1548 2748 1738 2802 aliena:
1797 2748 1874 2802 rei
1923 2748 2008 2802 iu-

427 2835 612 2893 videre
657 2837 948 2904 doceretis,
993 2838 1060 2891 ad
1096 2837 1262 2892 Deum
1296 2838 1445 2907 ipsos
1487 2840 1722 2894 curastis
1751 2840 2006 2909 dirigere,

425 2945 548 2984 cum
601 2931 1010 3002 hymnographo
1056 2931 1223 2986 David
1277 2932 1520 2986 dicentes
1557 2949 1571 2986 :
1615 2932 1696 2985 Ad
1751 2942 1801 2986 te
1845 2932 2008 2986 levari

425 3020 605 3074 oculos
634 3037 793 3085 meos,
829 3022 921 3091 qui
951 3021 1164 3075 habitas
1196 3020 1250 3074 in
1277 3021 1444 3086 caelo;
1479 3036 1594 3074 ecce
1624 3028 1680 3073 ut
1717 3019 1858 3074 oculi
1900 3037 2011 3074 ser-

425 3128 607 3166 t-aram
652 3111 722 3166 ad
764 3129 950 3166 manus
981 3113 1318 3166 dominorum
1364 3128 1602 3177 suorum,
1643 3121 1700 3165 ut
1739 3112 1881 3166 oculi
1913 3130 2005 3166 an-

426 3200 565 3254 cilla
614 3201 683 3253 ad
722 3217 912 3255 manus
965 3200 1193 3255 dominae
1241 3218 1374 3267 sure,
1421 3202 1497 3255 sic
1547 3202 1688 3256 oculi
1730 3204 1902 3256 nostri
1939 3207 2008 3258 ad

424 3290 711 3347 Dominum
735 3290 902 3344 Deum
938 3301 1196 3358 nostrum,
1221 3293 1386 3346 donec
1417 3295 1581 3346 nostri
1609 3293 1918 3348 misereatur
1937 3294 2008 3350 “.

428 3383 697 3440 Levantes
749 3393 969 3439 sanctas
1042 3400 1236 3439 manus
1289 3385 1659 3439 indesinenter
1711 3401 1899 3443 rursus
1943 3389 2010 3444 ad

425 3475 596 3532 Detun
628 3477 818 3532 soletis
848 3478 1095 3547 aspicere
1137 3492 1260 3532 cum
1292 3479 1443 3548 puris
1494 3479 1768 3547 precibus,
1804 3495 1872 3536 ne
1907 3480 2012 3537 illa:

429 3569 766 3638 rapinarum,
812 3568 1081 3624 furtorum
1120 3569 1454 3624 hellorumve
1497 3586 1603 3625 rea:
1649 3572 1815 3636 ﬂant;
1849 3573 2012 3644 pedes

427 3669 608 3714 autem
643 3670 851 3716 vestros
888 3671 982 3715 aut
1025 3661 1076 3715 in
1111 3660 1205 3715 Dei
1244 3661 1504 3725 domum,
1551 3671 1647 3716 aut
1683 3663 1749 3716 ad
1788 3675 2012 3719 sancto-

429 3764 548 3803 rum
583 3748 820 3806 .l’atrum
865 3749 1031 3805 cellas
1073 3759 1224 3804 recto
1275 3764 1437 3805 cursu
1481 3753 1780 3818 procedere
1824 3753 2014 3808 docui-

427 3840 553 3904 stis,
589 3855 660 3895 ne
689 3839 834 3896 forte
871 3841 940 3895 ad
972 3839 1238 3895 malitiam
1281 3853 1566 3896 currentes
1596 3840 1652 3896 in
1689 3841 1875 3900 foveas
1919 3845 2012 3900 de-

428 3931 634 3988 cidant.
667 3930 804 4004 Nam
835 3932 980 4002 quod
1011 3932 1209 3988 attinet
1242 3932 1312 3986 ad
1341 3932 1606 3988 odoratus
1640 3935 1805 3990 vestri
1847 3937 2011 3992 liber-

339 4065 341 4070 .
431 4033 623 4090 tatem,
653 4024 734 4080 sic
768 4025 878 4079 Deo
910 4025 1092 4080 dicere
1117 4023 1349 4080 soletis:
1384 4023 1454 4078 In
1495 4023 1712 4080 adorent
1759 4031 2010 4098 unguenti

427 4117 508 4172 uti
536 4105 881 4170 currimus".
913 4115 1186 4170 Didicistis
1208 4114 1371 4169 etiam
1400 4123 1615 4184 gustum
1644 4115 1842 4172 vilibus
1869 4118 2010 4174 escis

425 4215 484 4262 et
510 4221 664 4277 aquae
701 4205 847 4276 potui
883 4205 1246 4270 assuefacere,
1275 4203 1482 4258 scilicet
1514 4218 1585 4258 ne
1611 4204 1818 4260 ventris
1847 4219 2008 4260 causa

427 4297 728 4353 induamini
773 4295 1071 4368 hypocrisi,
1114 4306 1168 4350 et
1215 4295 1342 4366 quia
1383 4295 1554 4349 Adam
1600 4297 1738 4365 gula
1776 4296 2014 4352 maxime

425 4406 590 4446 causa
636 4389 900 4462 peccavit.
950 4387 1157 4443 Praeter
1191 4387 1309 4442 haec
1342 4386 1525 4442 omnia
1574 4385 1832 4442 humilem
1876 4403 2012 4458 quo-

2114 1911 2564 1982 παραδραμόντες
2602 1913 2814 1980 παγίως
2861 1913 3204 1978 ἀπετάξασθε
3241 1917 3320 1986 τῷ
3363 1918 3557 1989 κόσμῳ
3612 1919 3712 1974 καὶ

2111 2006 2232 2066 ταῖς
2284 2002 2377 2056 τοῦ
2443 2004 2650 2074 κόσμου
2697 2005 2998 2074 φροντίσιν,
3047 2005 3169 2060 λίαν
3211 2006 3594 2080 θαρρήσαντες
3631 2009 3712 2081 τῷ

2112 2093 2321 2147 εἰπόντι
2351 2093 2469 2165 Θεῷ
2489 2111 2503 2124 ’
2539 2094 2777 2162 Ζητεῒτε
2816 2093 3051 2162 πρῶτον
3079 2097 3194 2165 τὴν
3220 2097 3560 2162 βασιλείαν
3594 2099 3709 2153 τοῦ

2115 2187 2263 2240 Θεοῦ
2322 2185 2424 2240 καί
2472 2185 2586 2254 τὴν
2634 2186 3030 2255 δικαιοσύνην
3079 2189 3303 2255 αὐτοῦ,
3355 2189 3456 2244 καὶ
3516 2191 3714 2246 ταῦτα

2113 2277 2308 2356 πάντα
2339 2277 2816 2346 προστεθήσεται
2859 2279 3016 2348 ὑμῖν.

2185 2373 2239 2425 l'.
2283 2372 2372 2424 Διὸ
2415 2371 2652 2426 ἐπαίνων
2688 2375 2782 2426 καὶ
2829 2374 3197 2446 μακαρισμῶν
3233 2377 3357 2429 ἐστε
3400 2375 3579 2442 ἄξιοι,
3614 2377 3711 2431 οὖ-

2112 2479 2219 2526 τως
2267 2462 2487 2533 Χριστῷ
2529 2463 2628 2534 τὴν
2689 2463 3015 2518 ἀπαίδευτον
3062 2466 3233 2537 ἀκοὴν
3293 2467 3706 2535 ὑποτάξαντες,

2113 2555 2201 2608 ἴνα
2238 2555 2313 2626 μὴ
2349 2558 2608 2625 ματαίαις
2639 2556 2806 2627 αὐτὴν
2839 2557 3190 2624 καταλαλιαῖς
3214 2560 3706 2632 καταδουλώσητε·

2114 2650 2201 2702 ἴνα
2229 2649 2287 2702 δὲ
2333 2650 2425 2703 καὶ
2469 2652 2597 2714 τοὺς
2647 2650 2945 2720 βλέποντας
2999 2651 3154 2722 ὑμῶν
3199 2650 3513 2723 ὀφθαλμοὺς
3566 2652 3710 2726 ὀρθὰ

2114 2740 2440 2812 παιδεύσητε
2474 2742 2549 2812 μὴ
2579 2743 2708 2813 ὲρᾷν
2744 2741 3040 2813 ἀλλοτρίων
3067 2745 3384 2815 κτημάτων.
3406 2745 3545 2816 πρὸς
3563 2745 3709 2801 Θεὸν

2114 2833 2312 2896 αὐτοὺς
2362 2833 2661 2888 ἀνατείνειν
2704 2835 3071 2906 ὲμελετήσατε
3121 2836 3257 2906 μετὰ
3295 2834 3390 2889 τοῦ
3424 2837 3712 2911 ὑμνογρά-

2116 2943 2216 2995 φου
2244 2926 2406 2980 Δαϐὶδ
2433 2926 2682 2996 λέγοντες
2703 2943 2719 2958 ο
2746 2926 2902 2996 Πρὸς
2925 2927 3002 2981 σὲ
3027 2923 3144 2996 ἦρα
3175 2927 3318 2994 τοὺς
3350 2929 3708 2999 ὀφθαλμούς

2109 3036 2250 3088 μου,
2282 3020 2388 3073 τὸν
2441 3019 2842 3074 κατοικοῦντα
2879 3020 2950 3073 ἐν
2993 3019 3074 3086 τῷ
3130 3018 3392 3088 οὐρανῷο
3447 3015 3582 3076 ίδοῦ
3617 3032 3708 3089 ὡς

2038 3150 2081 3206 C
2117 3111 2410 3180 ὀφθαλμοὶ
2447 3111 2685 3166 δούλων
2713 3113 2803 3177 είς
2842 3111 3041 3181 χεῖρας
3082 3109 3203 3165 τῶν
3232 3113 3454 3181 κυρίων
3476 3113 3706 3179 αὐτῶν,

2113 3203 2194 3268 ὡς
2239 3203 2536 3272 ὀφθαλμοὶ
2592 3203 2918 3271 παιδίσκης
2955 3205 3044 3269 εις
3085 3203 3286 3272 χεῷας
3330 3201 3441 3270 τῆς
3489 3205 3708 3274 κυρίας

2111 3293 2337 3362 αὐτῆς,
2379 3295 2562 3360 οὕτως
2619 3297 2672 3348 οὶ
2713 3295 3009 3363 ὀφθαλμοί
3054 3292 3227 3364 ἡμῶν
3272 3295 3425 3363 πρὸς
3477 3297 3706 3364 Κύριον

2110 3386 2220 3441 τὸν
2250 3386 2400 3440 Θεὸν
2440 3383 2629 3455 ἡμῶν,
2661 3386 2772 3452 ἕως
2817 3381 2890 3442 οὗ
2930 3385 3272 3454 οὶκτειρήσῃ
3313 3384 3507 3455 ἡμᾶς’
3541 3387 3706 3441 ἐπαί-

2116 3493 2298 3538 ροντες
2329 3475 2483 3538 ὁσίας
2509 3477 2698 3546 χεῖρας
2729 3473 3171 3538 ἀκαταπαύστως
3204 3474 3368 3528 πάλιν
3401 3477 3542 3546 πρὸς
3567 3475 3705 3529 Θεὸν

2113 3563 2341 3619 εἰώθατε
2368 3564 2696 3625 ὲνατενίζειν
2727 3564 2817 3619 διὰ
2850 3565 3107 3637 καθαρῶν
3132 3565 3474 3639 προσευχῶν,
3504 3567 3596 3620 ἴνα
3629 3567 3705 3638 μὴ

2113 3657 2380 3729 ἁρπαγῶν
2411 3659 2505 3711 καὶ
2531 3657 2746 3716 κλοπῶν
2778 3657 2872 3711 καὶ⁹
2905 3657 3160 3727 πολέμων
3200 3656 3364 3711 αἴτιοι
3398 3657 3702 3726 γένωνται·

2111 3749 2239 3813 τοὺς
2279 3749 2336 3804 δὲ
2382 3749 2550 3813 πόδας
2596 3747 2810 3819 ὑμῶνῆ
2857 3750 2938 3812 είς
2982 3744 3132 3802 οἷκον
3168 3748 3306 3802 Θεοῦ
3351 3749 3386 3820 ἢ
3420 3751 3503 3813 είς
3533 3749 3709 3820 μονὰς

2113 3841 2286 3908 ἁγίων
2335 3840 2596 3912 Πατέρων
2629 3838 2873 3911 τροχίαις
2920 3838 3109 3911 ὀρθαῖς
3164 3838 3402 3910 βαδίζειν
3446 3838 3704 3904 εἰώθατε,

2114 3932 2202 3985 ἵνα
2230 3932 2306 4003 μὴ
2334 3933 2414 3995 είς
2449 3933 2649 3986 κακίαν
2680 3931 2978 4002 δραμόντες
3010 3931 3226 4003 βόθροις
3262 3931 3702 3986 ὑποπσοῦνταιο

2114 4022 2382 4093 περὶγὰρ
2424 4022 2522 4093 τῆς
2573 4022 2868 4094 ἐλευθέρας
2900 4023 3056 4094 ὑμῶν
3102 4024 3430 4095 ὀσφρήσεως
3469 4022 3704 4093 σύνηθες

2114 4112 2243 4182 ὑμῖν
2277 4112 2456 4182 λέγειν
2484 4111 2637 4184 Θεῷ“
2667 4115 2774 4180 Είς
2807 4112 3012 4182 ὀσμὴν
3048 4114 3246 4184 μύρου
3277 4128 3397 4168 σου
3439 4113 3702 4182 δραμού-

2107 4205 2292 4273 μεθιν
2349 4202 2705 4274 μεμαθήκατε
2760 4204 2871 4274 γὰρ
2920 4204 3017 4256 καὶ
3070 4202 3171 4275 τὴν
3212 4201 3404 4272 γεῦσιν
3453 4201 3702 4256 εὐτελέσι

2111 4294 2338 4364 τροφαῖς
2367 4294 2463 4346 καὶ
2509 4292 2688 4346 ποτῶν
2735 4292 2892 4347 ὕδατι
2934 4292 3167 4357 ἐθίζεινο
3206 4293 3295 4347 ἵνα
3339 4292 3448 4364 γάρ
3479 4291 3557 4363 μὴ
3604 4309 3706 4360 γα-

2116 4381 2276 4451 στρὸς
2312 4380 2472 4452 χάριν
2505 4381 2870 4454 ὑποκρίνησθε
2902 4382 3190 4453 πρόσωπα,
3222 4384 3316 4437 καὶ
3345 4384 3428 4436 ὅτι
3463 4383 3704 4454 μάλιστα

427 4497 536 4554 que
567 4495 928 4552 asperamque
971 4489 1178 4536 vestem
1225 4478 1482 4548 gestatis,
1526 4478 1725 4534 sinceri
1759 4479 2008 4535 videlicet

2116 4469 2190 4540 τῷ
2222 4469 2395 4540 Ἀδὰμ
2429 4472 2465 4540 ἡ
2509 4471 2819 4542 παράὸασις
2859 4471 2948 4526 διά
2983 4471 3224 4541 γεύσεως
3257 4472 3512 4542 γέγονεν·
3563 4473 3702 4545 πρὸς

427 4570 718 4639 devotique
751 4569 919 4624 moris
938 4567 1271 4646 .imagiucm.
1313 4566 1532 4622 Gratior
1571 4569 1725 4625 vobis
1765 4568 1913 4625 lodix
1949 4579 2007 4625 et

425 4674 613 4721 stores
643 4663 764 4720 sine
793 4664 947 4733 lapsu
985 4662 1039 4717 in
1089 4661 1338 4733 culpam,
1379 4675 1542 4730 quam
1589 4663 1782 4720 molles
1819 4661 2005 4719 lectuli

425 4771 552 4814 cum
585 4764 832 4827 peccato.
879 4753 1184 4810 Jucundior
1223 4755 1378 4810 vobis
1421 4756 1870 4813 commemoratio
1919 4771 2007 4811 re-

427 4846 786 4904 surrectionis
844 4853 901 4901 et
964 4843 1289 4901 lormidandi
1347 4844 1570 4916 iudicii,
1635 4861 1800 4915 quam
1862 4845 2006 4901 tibia:

425 4937 758 5006 citharaque
801 4944 859 4992 et
909 4950 1063 4990 vanas
1116 4936 1420 4991 cautiones.
1485 4934 1788 5005 Optabilior
1851 4937 2006 4992 vobis

426 5042 576 5086 mors
609 5028 789 5094 beata,
809 5040 976 5097 quam
1003 5026 1113 5082 vita
1145 5027 1201 5082 in
1231 5026 1484 5098 turpibus
1511 5025 1722 5083 deliciis
1749 5025 1841 5082 diu
1876 5041 2008 5097 pro-

426 5127 621 5174 tracta.

495 5377 588 5434 XI.
618 5379 767 5435 Beati
798 5378 965 5449 igitur
996 5391 1114 5442 vos,
1148 5391 1359 5432 summe
1380 5378 1684 5434 honorandi
1716 5381 1998 5436 monachi!
2081 5397 2085 5401 '

423 5468 528 5528 hoc
549 5471 695 5526 enim
731 5485 876 5541 saepe
920 5469 1072 5525 vobis
1103 5469 1209 5526 dici
1250 5469 1470 5540 dignum
1515 5479 1619 5527 est.
1661 5468 1812 5525 Beati
1844 5474 1999 5540 estis,

532 5675 578 5709 "
618 5672 787 5752 l_Co_r.
819 5691 916 5752 vit,
941 5676 1036 5752 εδ.
1109 5677 1158 5709 "
1183 5675 1344 5752 _Psal.
1381 5691 1513 5747 ult,
1550 5680 1604 5737 9.
1681 5681 1728 5716 ⁸³
1772 5682 1926 5740 Deut.
1955 5699 2009 5751 ι,

2121 5724 2136 5738 .
2214 5684 2258 5716 ⁸⁸
2300 5681 2488 5737 Matth.
2534 5681 2742 5751 xu,2l.
2819 5682 2866 5715 "
2910 5681 3104 5739 Mattn.
3131 5697 3225 5752 vr,
3267 5683 3358 5740 53.

420 5759 572 5802 cun
590 5781 608 5811 ,
637 5746 691 5814 ί,
719 5745 776 5800 2.
849 5746 894 5779 ’τ
934 5747 1090 5802 Cant.
1119 5761 1158 5816 I,
1183 5747 1238 5804 '5.

2111 4560 2169 4614 δὲ
2213 4560 2422 4626 τούτοις
2463 4561 2669 4617 ἅπασιν
2698 4563 2791 4617 καὶ
2825 4563 3006 4634 άμφια
3042 4565 3312 4638 κέκτησθε
3342 4566 3576 4620 ταπεινά
3606 4567 3700 4621 καὶ

2113 4654 2350 4726 τραχέα,
2399 4654 2503 4726 τῆς
2551 4655 2811 4728 ἀληθείας
2843 4657 2961 4728 ἅμα
3012 4659 3108 4711 καὶ⁸
3161 4659 3448 4730 ἀσκήσεως
3491 4659 3699 4715 ἐπιδει-

2113 4746 2340 4810 κνύντες
2369 4746 2460 4802 τὸν
2502 4747 2734 4819 τρόπον·
2778 4748 2908 4820 ἡδὺς
2950 4748 3079 4820 ὑμῖν
3115 4748 3306 4820 ψίαθος
3350 4750 3447 4804 καὶ
3498 4752 3701 4823 σεμνὸν

2114 4839 2458 4911 περιϐόλαιον
2490 4840 2613 4910 δίχα
2646 4841 3113 4913 παραπτώματος,
3145 4843 3179 4914 ἢ
3210 4843 3494 4915 στρωμναὶ
3524 4843 3701 4914 μαλα-

2114 4931 2209 4983 καὶ
2255 4930 2394 4999 μετὰ
2433 4931 2745 5003 ἁμαρτίας·
2791 4932 2889 5003 ἡδὺ
2940 4933 3069 5004 ὑμῖν
3107 4933 3168 4986 τὺ
3214 4935 3520 5006 ἀκροᾶσθαι
3570 4939 3702 5010 περὶ

2113 5021 2460 5085 ἀναστάσεως
2488 5023 2584 5076 καὶ
2614 5024 2850 5095 φοϐερᾶς
2889 5024 3146 5096 κρίσεως,
3184 5025 3217 5095 ἢ
3251 5025 3484 5080 ἀκοῦσαι
3519 5029 3700 5083 αὐλῶν

2112 5112 2208 5165 καὶ
2249 5111 2482 5186 κιθάρας
2529 5114 2625 5166 καὶ
2677 5113 2939 5186 ᾀσμάτων
2984 5115 3260 5186 ματαίων·
3295 5119 3513 5187 αἱρετὸς
3569 5120 3700 5190 ὑμῖν

2115 5201 2346 5267 θάνατος
2398 5204 2661 5277 εὐκλεὴς,
2707 5207 2742 5277 ἢ
2793 5205 2892 5279 ζῇν
2941 5207 3230 5280 τρυφερῶς
3283 5208 3451 5265 πολὺν
3507 5212 3700 5283 χρόνον

2113 5293 2386 5363 ἀσέμνως.

2185 5387 2285 5440 1Α’.
2326 5389 2602 5460 Μακάριοι
2630 5389 2810 5444 τοίνυν
2841 5391 2984 5456 ἐστὲ,
3010 5391 3332 5463 τιμιώτατοι
3351 5410 3366 5425 ο
3399 5395 3562 5448 τοῦτο
3590 5394 3699 5468 γὰρ

2112 5479 2347 5550 συνεχῶς
2380 5483 2508 5552 ὑμῖν
2533 5481 2713 5550 λέγειν
2740 5481 2892 5550 ἀξιον
2911 5498 2928 5514 ο
2963 5483 3225 5557 μακάριοί
3253 5487 3380 5539 ἐστε
3409 5489 3477 5558 τῇ
3505 5489 3694 5558 ὀμοου-

3424 5683 3506 5759 _-"
3545 5681 3686 5740 Psal.
