3868 6282
181 345 280 401 937

1168 340 1229 395 S.
1271 333 1676 395 SERAPIONIS
1713 336 1927 393 EPIST.
1968 335 2058 392 AD
2096 334 2402 393 MONACH.

3337 346 3441 402 938

153 458 290 529 ἒσίῳ
342 454 534 526 Τριάδι
604 454 1098 526 στρατευσάμενον
1152 453 1491 524 στρατιώτην
1548 451 1766 522 ἰδιώτης

1884 454 1957 521 lui
1986 451 2435 507 consubstantiali
2466 450 2720 507 Trinitati
2750 452 3017 524 stipendia
3050 455 3249 512 facitis.
3287 458 3441 514 Militi

182 548 472 620 ἄνθρωπος
498 545 598 599 οὐκ
628 546 838 615 ἀπατᾷ,
881 543 995 597 ἀλλ’
1019 544 1141 597 οὐδὲ
1170 544 1271 613 τὴν
1303 543 1576 615 ὑμετέραν
1613 542 1766 597 εὐλά-

184 643 341 693 ϐειαν
382 639 433 691 οἱ
480 635 947 708 δραπετεύσαντες
989 634 1272 705 δαίμονες·
1317 633 1451 696 Θεὸς
1487 634 1597 705 γὰρ
1633 634 1764 703 ὑμῖν

181 729 394 803 δωρεὰς
449 727 628 790 διδοὺς
672 725 904 794 ,ἔλεγεν
959 724 1105 779 Ἰδοὺ
1165 723 1397 778 δέδωκα
1450 724 1594 794 ὑμῖν
1652 724 1767 790 τὴν

184 822 479 887 ἐξουσίαν
536 818 644 874 τοῦ
693 817 906 872 πατεῖν
948 816 1151 871 ἐπάνω
1203 817 1397 886 ὄφεων
1444 817 1540 869 καὶ
1588 830 1770 884 σκορ-

183 915 363 976 πίων,
405 911 507 965 καί
550 910 649 963 ἐπὶ
687 908 896 963 πᾶσαν
927 907 1042 974 τὴν
1085 907 1345 976 δύναμιν
1387 906 1493 960 τοῦ
1525 906 1764 977 ἐχθροῦ,

184 1008 288 1060 καὶ
329 1002 511 1057 οὐδὲν
557 999 712 1067 ὑμᾶς
744 1002 815 1052 οὐ
841 999 927 1067 μὴ
978 998 1283 1064 ἀδικήσειο
1326 997 1427 1050 οὑκ
1472 998 1767 1069 ἐστρατεύ-

184 1095 322 1167 θητε
354 1091 681 1163 ἀνθρωπίνῳ
726 1089 954 1161 βασιλεῖ,
1003 1090 1090 1142 ἵνα
1133 1091 1191 1143 ὲν
1238 1088 1459 1160 πολέμῳ
1499 1089 1767 1161 θεάσησθε

183 1186 288 1247 τὰς
323 1183 433 1235 τῶν
469 1180 748 1252 ὁμογενῶν
795 1179 1100 1252 ἀνθρώπων
1139 1180 1382 1248 σφαγὰς,
1417 1180 1532 1233 ἀλλ’
1569 1182 1767 1251 ἐστρα-

184 1276 421 1345 τεύθη-τε
453 1274 534 1345 τῷ
573 1272 812 1344 Χριστῷ,
851 1272 938 1324 ἴνα
964 1271 1074 1325 τῶν
1096 1272 1367 1341 δαιμόνων
1402 1270 1667 1342 θεάσησθε
1700 1272 1770 1326 τὰ

184 1366 495 1437 πτώματω
536 1365 648 1418 οὐδ’
684 1363 988 1433 ἐκέκτησθε
1032 1364 1171 1417 ὅπλα
1218 1365 1281 1416 ἐκ
1321 1362 1521 1434 χαλκοῦ
1561 1364 1656 1417 καὶ
1692 1379 1770 1415 σι-

180 1458 379 1528 δήρου,
425 1456 513 1509 ἵνα
551 1456 678 1518 τοὺς
720 1454 1041 1525 ὁμοδούλους
1070 1453 1330 1525 ἀνέλητεο
1374 1453 1492 1507 ἀλλ’
1540 1453 1771 1523 ἔκτησθε

186 1549 376 1602 «πίστιν
411 1545 637 1618 ἰσχυρὰν
670 1545 737 1598 δι’
766 1542 831 1617 ἧς
859 1548 887 1599 ό
910 1544 1158 1609 διάϐολος
1188 1544 1588 1599 καταϐάλλεται
1607 1562 1621 1575 ·
1651 1545 1770 1598 οὐδὲ

186 1640 353 1694 πάλιν
379 1637 811 1709 ἐστρατεύσασθε
841 1637 927 1690 ίνα
961 1636 1190 1708 ὲκχέητε
1216 1634 1355 1707 αἷμα
1403 1634 1767 1708 ἀνθρώπινον,

184 1726 309 1779 ἀλλ’
341 1724 771 1796 ἐστρατεύσασθε
803 1724 922 1797 Θεῷ
972 1725 1057 1777 ἵνα
1096 1724 1355 1797 διηνεκῶς
1406 1726 1630 1798 ἐκχέητε
1673 1726 1771 1797 τὴν

1868 544 2110 614 privatus
2157 544 2318 598 homo
2360 558 2465 597 non
2516 542 2716 609 illudit;
2750 543 2823 597 ita
2873 559 2976 600 nec
3018 560 3214 603 vestrae
3257 549 3443 619 pietati

1867 635 2111 705 perfuga:
2145 635 2440 689 daemones.
2472 633 2613 690 Deus
2652 635 2796 690 enim
2846 637 3031 706 gratim
3063 652 3173 692 sum
3223 655 3441 694 munera

1868 726 2022 779 vobis
2053 725 2296 780 tribuens
2327 726 2441 780 ait:
2480 725 2615 782 Ecce
2653 726 2775 780 dedi
2813 727 2957 782 vobis
2999 739 3303 797 potestatem
3337 731 3445 784 cal.

1867 814 2024 867 eundi
2056 823 2312 881 serpentes
2353 824 2400 868 et
2433 815 2685 884 scorpios,
2719 826 2872 885 atque
2911 817 3205 871 universam
3245 819 3442 873 inimici

1867 904 2190 970 potentiam,
2238 906 2469 975 nihilque
2524 905 2665 959 vobis
2716 908 2932 960 noxium
2984 908 3225 976 futurum
3270 918 3344 962 est
3370 910 3439 962 ".

1870 992 2219 1064 Nequaquam
2250 996 2349 1051 sub
2390 1011 2516 1066 rege
2560 998 2777 1052 homine
2812 998 3079 1067 utilitatis,
3107 1012 3168 1054 ut
3213 1000 3267 1055 in
3307 1001 3440 1056 bello

1869 1086 2045 1138 caedes
2115 1085 2394 1139 hominum
2467 1086 2920 1157 homogeneorum
2995 1091 3289 1158 spectetis;
3349 1091 3441 1146 sed

1870 1172 2094 1228 Christo
2129 1174 2396 1239 militatis,
2428 1184 2485 1229 ut
2517 1176 2787 1233 daemones
2824 1178 3135 1249 profligatos
3169 1183 3439 1238 cernatis:

1878 1278 2029 1318 arma
2068 1279 2135 1319 ex
2172 1281 2279 1321 aere
2327 1264 2580 1337 ferroque
2620 1282 2725 1322 non
2772 1268 3004 1334 habetis,
3048 1280 3109 1326 ut
3150 1287 3443 1328 conservos

1871 1360 2082 1411 vestros
2113 1357 2482 1425 interﬂeiatis,
2524 1360 2617 1414 sed
2646 1360 2827 1430 adepti
2859 1363 2992 1417 estis
3022 1363 3180 1420 fidem
3213 1365 3442 1421 validam

1872 1461 1976 1515 qua
2030 1447 2275 1503 diabolus
2326 1451 2722 1517 prosternitur;
2765 1465 2940 1522 neque
2985 1454 3038 1508 in
3097 1455 3286 1510 militia
3323 1471 3435 1512 ver-

1872 1540 2097 1606 semini,
2152 1549 2212 1595 ut
2254 1541 2548 1596 humanum
2608 1544 2919 1612 sanguinem
2974 1544 3293 1612 eﬂ'undatis,
3353 1549 3448 1604 sed

1875 1631 1928 1685 in
1979 1632 2072 1686 Dei
2144 1632 2333 1687 militia
2397 1635 2722 1700 versamini,
2784 1644 2841 1688 ut
2900 1653 3085 1706 preces
3140 1652 3451 1697 constanter

1874 1733 2085 1778 vestras
2132 1739 2319 1778 coram
2362 1725 2478 1793 ipso
2517 1725 2774 1782 fundatis.
2823 1727 2980 1782 Oculi
3034 1729 3240 1785 Domini
3293 1750 3450 1800 super

184 1816 380 1887 δέησιν
407 1816 561 1888 ὑμῶν
592 1815 824 1871 ἐνώπιον
847 1816 1030 1870 αὐτοῦ.
1068 1818 1383 1887 Ὀφθαλμοὶ
1418 1819 1639 1887 Κυρίου
1675 1819 1772 1873 ἐπὶ

1884 1812 2044 1876 iustos
2076 1824 2124 1867 et
2164 1830 2317 1868 aures
2360 1815 2473 1884 ejus
2508 1818 2577 1869 ad
2606 1833 2781 1886 preces
2820 1835 2998 1872 eorum
3020 1820 3109 1875 ³⁸⁸.
3153 1820 3315 1877 Orate
3348 1824 3451 1893 igi-

184 1908 485 1973 δικαίους,
526 1907 623 1961 καὶ
650 1905 770 1963 ὦτα
815 1908 1000 1962 αὐτοῦ
1033 1911 1121 1975 εὶς
1153 1908 1365 1979 δέησιν
1394 1909 1620 1964 αὐτῶν-⁸
1651 1910 1773 1982 δεή-

184 1999 325 2069 θητε
367 1996 461 2053 οὖν
496 2000 637 2070 ὑπὲρ
668 1998 763 2053 τοῦ
793 2000 1022 2070 κόσμου,
1052 1995 1111 2054 εὖ
1147 2000 1294 2072 μάλα
1340 1999 1541 2066 εἰδότες
1566 1999 1643 2064 ὡς
1691 2002 1773 2057 ἔτι

184 2090 382 2159 εὐχαῖς
430 2089 654 2142 δικαίων
705 2086 1003 2152 ὑπακούει,
1053 2088 1149 2142 καὶ
1198 2089 1281 2142 ὅτι
1338 2088 1473 2142 πολὺ
1513 2088 1685 2160 ἰσλιέει
1736 2092 1771 2161 ἡ

187 2180 377 2251 δέησις
428 2178 638 2233 δικαίου
713 2179 1110 2251 ἑνεργουμένη’
1161 2177 1427 2249 διηνεκῶς
1497 2179 1774 2250 μέμνησθε

191 2271 383 2342 ἡμῶν·
416 2270 504 2339 ὑφ’
533 2269 688 2340 ὑμῶν
715 2272 744 2325 ό
791 2270 1116 2343 παράδεισος
1150 2270 1253 2341 τῆς
1298 2270 1510 2343 τρυφῆς
1554 2273 1777 2325 είσοικι-

192 2363 460 2434 σθήσεται
479 2380 492 2394 ’
526 2366 619 2417 καὶ
653 2362 717 2427 ἃς
744 2363 1031 2416 ἀπέκλεισε
1063 2363 1158 2417 τοῦ
1185 2363 1513 2435 παραδείσου
1545 2362 1712 2435 θύρας
1739 2367 1773 2437 ἡ

191 2451 292 2505 τοῦ
346 2452 516 2522 Ἀδὰμ
561 2451 905 2522 παράϐασις,
953 2451 1158 2517 ταύτας
1191 2453 1220 2504 ό
1252 2453 1516 2524 ὑμέτερος
1563 2454 1703 2525 ἔρως
1748 2457 1777 2508 ό

192 2546 279 2605 εἰς
325 2542 458 2596 Θεὸν
512 2542 739 2608 ἀνοίξει·
791 2543 879 2611 ὑφ’
922 2544 1076 2614 ὑμῶν
1136 2543 1245 2615 γὰρ
1288 2547 1316 2598 ό
1362 2546 1590 2615 οὐρανὸς
1638 2548 1778 2604 οίκι-

194 2635 396 2705 σθῆτε,
439 2635 527 2688 ἴνα
559 2636 671 2698 τοῖς
710 2633 1026 2697 ἀποστόλοις
1077 2636 1466 2706 συναντήσητε,
1507 2638 1595 2691 ἴνα
1641 2655 1777 2709 προ-

194 2729 379 2795 φήτας
407 2723 571 2793 ἴδητε,
601 2724 688 2776 ἵνα
712 2724 835 2786 τοὺς
873 2724 1157 2793 μάρτυρας
1191 2723 1482 2796 θεάσησθε,
1515 2725 1605 2779 ἵνα
1640 2727 1779 2779 πάν-

196 2834 301 2880 τας
345 2817 470 2878 τοὺς
507 2816 748 2879 δικαίους
790 2815 1216 2888 περιπτύξησθε,
1262 2818 1350 2871 ἵνα
1378 2820 1490 2882 τοῖς
1528 2818 1779 2887 ἀγγέλοις

196 2907 645 2979 σονδιατρίψητε·
681 2908 837 2978 ὑμεῖς
871 2907 1056 2961 ἐνθάδε
1083 2908 1363 2981 μακάριοι,
1386 2912 1481 2963 καὶ
1518 2911 1655 2981 μετά
1683 2911 1781 2982 τὴν

194 2998 420 3053 ἐνθένδε
462 2998 608 3071 ζωὴν
636 2997 1067 3071 μακαριώτεροι·
1110 3001 1228 3053 ἐκεῖ
1262 3000 1515 3071 Ἰωάννην
1551 3001 1643 3054 τδν
1678 3002 1782 3054 Βα-

1877 1910 1964 1956 tur
1989 1917 2086 1972 pro
2109 1904 2308 1959 mundo
2335 1944 2350 1970 ,
2398 1906 2539 1960 bene
2565 1908 2787 1969 conscii,
2830 1910 2974 1978 quod
3016 1909 3157 1967 Deus
3185 1914 3450 1968 bonormn

1885 1994 2137 2062 precibus
2180 2011 2364 2050 aurem
2404 1997 2646 2063 inclinat,
2674 2010 2729 2053 et
2756 2003 2897 2069 quod
2921 2001 3056 2071 justi
3086 2003 3322 2058 hominis
3366 2004 3451 2058 in«

1879 2087 2136 2142 tcrcessio
2176 2087 2464 2157 plurimum
2515 2089 2659 2145 valet
2684 2091 2751 2147 ".
2796 2091 3021 2163 Semper
3054 2095 3224 2150 nostri
3261 2098 3451 2151 memi-

1878 2178 2086 2232 neritis.
2114 2175 2222 2232 Vos
2261 2177 2579 2235 deliciarum
2629 2183 2936 2251 paradisum
2985 2184 3253 2255 patefacto
3300 2187 3451 2241 aditu

1878 2268 2156 2334 incoletis;
2194 2279 2250 2323 et
2285 2285 2422 2339 quas
2457 2271 2691 2340 paradisi
2731 2271 2926 2340 januas
2956 2274 3146 2331 Adami
3192 2280 3452 2348 praevari-

1878 2364 2022 2415 catio
2048 2360 2259 2426 clausit,
2289 2377 2382 2416 eas
2417 2372 2594 2419 vestra
2633 2365 2684 2419 in
2726 2365 2890 2419 Deum
2933 2369 3148 2423 devotio
3183 2370 3448 2426 recludet.

1879 2449 1989 2505 Vos
2022 2450 2143 2506 ειειὶ
2170 2453 2431 2508 stationes
2457 2455 2811 2523 occupabitis,
2844 2458 2933 2511 ubi
2964 2460 3225 2527 apostolis
3262 2476 3454 2516 oecur-

1882 2545 2029 2608 retis,
2086 2546 2374 2613 prophetas
2420 2545 2711 2611 videbitis,
2769 2557 3039 2620 martyres
3090 2551 3452 2621 tnirabitnini,

1877 2636 2054 2704 justos
2099 2650 2289 2692 omnes
2318 2637 2774 2709 complectemini,
2815 2656 2936 2694 cum
2969 2641 3175 2711 angelis
3212 2647 3455 2699 versabi-

1883 2727 2035 2781 ntini.
2066 2728 2173 2782 Vos
2207 2728 2294 2782 hic
2326 2728 2498 2792 beati,
2540 2738 2594 2783 et
2625 2728 2734 2783 illic
2777 2738 2901 2798 post
2952 2732 3092 2786 hanc
3121 2733 3283 2787 vitam
3318 2734 3452 2790 bea-

1884 2821 2068 2873 tiores.
2101 2820 2174 2873 lbi
2202 2818 2464 2874 Joannem
2490 2820 2785 2891 Baptistam
2816 2823 3088 2890 videbitis,
3118 2825 3284 2880 vestri
3309 2840 3453 2882 asce-

1886 2912 1973 2964 tici
2005 2912 2234 2966 instituti
2272 2912 2634 2977 inventorem,
2656 2913 2803 2967 illum
2834 2913 3047 2970 scilicet
3074 2916 3128 2970 in
3153 2930 3336 2973 eremo
3358 2934 3453 2973 nu-

1884 3005 2069 3054 tritum
2104 3008 2159 3054 et
2200 3000 2470 3071 religiosae
2508 3002 2632 3055 vita:
2673 3001 2831 3058 laude
2858 3003 3171 3072 pollentem.
3204 3006 3279 3062 lbi
3309 3008 3454 3064 vide-

195 3090 435 3161 πτιστὴν
462 3088 679 3160 ὄψεσθε,
716 3090 806 3143 τὸν
845 3090 945 3160 τῆς
983 3090 1255 3162 ὑμετέρας
1295 3092 1582 3162 ἀσκήσεως
1623 3095 1779 3163 εὑρε-

1888 3093 2010 3146 bitis
2031 3091 2387 3147 fortissimum
2409 3090 2600 3146 Jobum
2627 3093 2791 3148 multa
2816 3095 3066 3150 vestitum
3090 3097 3282 3166 gloria,
3309 3099 3453 3155 laboe

196 3184 326 3254 τὴν,
362 3183 452 3235 τὸν
499 3183 555 3234 ὲν
596 3182 801 3254 ἐρημίᾳ
844 3182 1121 3253 τραφέντα
1156 3184 1250 3236 καὶ
1296 3185 1353 3236 ἐν
1383 3186 1613 3257 ἀσκήσει
1659 3186 1776 3239 διας

197 3275 487 3347 στρέψαντα
507 3292 520 3304 ·
554 3276 671 3328 ἐκεῖ
702 3273 899 3343 ὄψεσθε
934 3274 1024 3328 τὸν
1056 3274 1432 3347 ἀνδρειότατον
1466 3275 1583 3329 Ἰὼϐ
1614 3277 1780 3348 πολλῇ

198 3365 673 3438 περιϐεϐλημένον
711 3365 869 3438 δόξῃ,
900 3366 992 3419 τὸν
1018 3365 1126 3419 τῶν
1168 3367 1448 3439 ὑμετέρων
1482 3368 1659 3421 πόνων
1691 3372 1783 3440 ἑρ-

194 3457 403 3528 γάτην,
449 3458 541 3511 καὶ
580 3459 677 3529 τῆς
729 3458 1011 3530 ὑπομονῆς
1061 3459 1240 3528 φίλον’
1287 3461 1405 3514 ἐκεῖ
1446 3460 1641 3530 ὕφεσθε
1690 3461 1782 3513 τὸν

199 3549 536 3621 προπάτορα
572 3547 728 3618 ὑμῶν
763 3548 1016 3622 Ἀϐραὰμ
1057 3548 1148 3603 τὸν
1185 3548 1287 3619 τῆς
1316 3549 1589 3620 ὑμετέρας
1627 3549 1781 3619 φιλο-

198 3639 391 3705 ξενίας
421 3639 654 3711 ἐραστὴν
684 3641 906 3709 γνήσιον
942 3641 1233 3711 γενόμενον
1252 3657 1266 3670 ·
1306 3642 1424 3694 ἐκεῖ
1452 3643 1581 3713 ὑμῖν
1617 3643 1785 3696 ἁπαν·

198 3735 364 3804 στήσει
409 3732 713 3804 πραότατος
740 3732 904 3785 Δαϐὶδ
929 3734 958 3786 ό
994 3732 1462 3803 ἀσκητικώτατος,
1486 3728 1549 3789 οὗ
1593 3735 1623 3787 ό
1672 3733 1783 3805 βίος

198 3825 333 3879 καθ’
368 3824 578 3895 ἡμέραν
607 3825 752 3895 ὑμᾶς
788 3823 1029 3895 ἀλείφειν
1062 3826 1156 3879 καὶ
1184 3826 1271 3881 ἵνα
1303 3825 1380 3898 μὴ
1405 3826 1636 3881 ἕκαστον
1674 3826 1784 3879 τῶν

194 3917 435 3970 δικαίων
476 3916 756 3988 ὀνομάζων
804 3918 1066 3990 μακρύνω
1118 3919 1210 3972 τὸν
1252 3919 1431 3987 λόγον,
1480 3918 1645 3972 αὑτὸν
1693 3918 1785 3972 τὸν

198 4009 443 4081 Χριστὸν
479 4008 673 4079 ὄψεσθε
706 4009 920 4065 πάντων
947 4009 1057 4064 τών
1096 4010 1317 4080 ἀγαθῶν
1366 4010 1426 4064 τὸ
1465 4010 1782 4080 κεφάλαιον,

1890 3199 2009 3238 rum
2042 3192 2349 3239 vestrorum
2393 3182 2710 3253 participem
2753 3194 2808 3239 et
2844 3185 3116 3255 patientiae
3158 3190 3448 3257 perstudio-

1890 3291 2029 3330 sum.
2058 3274 2134 3330 lbi
2183 3274 2438 3330 videbitis
2480 3275 2877 3344 progenitorem
2907 3287 3149 3333 vestrum
3183 3279 3455 3336 Abraham

1891 3368 2163 3438 egregium
2216 3375 2413 3422 vestrae
2446 3382 2572 3439 erga
2620 3368 2857 3437 hospites
2901 3369 3251 3439 benignitatis
3285 3386 3454 3427 aemu-

1891 3437 2024 3512 lum.
2082 3455 2157 3512 lbi
2212 3457 2368 3513 vobis
2428 3437 2678 3513 occurret
2737 3437 3059 3515 mitissimus
3119 3471 3176 3515 et
3221 3463 3444 3521 devotis-

1889 3550 2061 3604 simus
2084 3547 2273 3615 David,
2298 3550 2451 3618 cujus
2479 3550 2604 3604 vitae
2632 3549 2936 3620 exemplum
2964 3561 3200 3606 vestram
3226 3556 3457 3622 quotidie

1890 3641 2145 3710 pietatem
2179 3641 2515 3696 corroborat.
2548 3641 2613 3695 Et
2652 3655 2719 3695 ne
2745 3641 2984 3712 singulos
3010 3642 3186 3712 jusws
3220 3646 3457 3702 nOmina-

1896 3736 1989 3790 tim
2022 3734 2298 3804 appellans
2326 3749 2634 3790 sermonem
2681 3734 2885 3791 diutius
2925 3740 3268 3808 protraham,
3309 3741 3451 3798 Chri-

1894 3835 2036 3882 stum
2068 3827 2241 3894 ipsum
2274 3825 2522 3880 videbitis
2571 3827 2835 3882 bonorum
2884 3830 3126 3884 omnium
3157 3845 3339 3902 caput,
3373 3836 3460 3901 qui

1893 3916 2011 3971 ait:
2051 3915 2203 3970 Beati
2250 3916 2431 3970 mundi
2479 3917 2670 3984 corde,
2719 3919 2967 3990 quoniam
3015 3920 3071 3973 Ιιὶ
3118 3920 3285 3976 Deum
3330 3926 3476 3979 cide.

1895 4010 2021 4063 bunt
2045 4007 2113 4062 ‘°.
2704 4020 2709 4021 '

198 4104 301 4158 τὸν
336 4104 556 4161 εἰπόντα
581 4106 664 4158 ὅτι
691 4103 977 4173 Μακάριοι
1014 4107 1068 4160 οἱ
1100 4106 1344 4174 καθαροὶ
1368 4105 1443 4175 τῇ
1481 4106 1713 4176 καρδίᾳ,
1753 4106 1841 4160 ὅτι
1864 4105 2034 4160 αὐτοὶ
2066 4105 2171 4159 τὸν
2206 4104 2353 4158 Θεὸν
2380 4103 2650 4172 ὄψονται.

286 4193 383 4246 ΙΒ’.
419 4194 513 4257 Τίς
543 4194 720 4247 τοίνυν
756 4194 1167 4267 μακαριώτερος
1199 4195 1231 4267 ἢ
1269 4196 1789 4268 εύδαιμονικώτερος

202 4282 389 4355 ὑμῶν,
426 4284 512 4338 ἵνα
539 4283 672 4337 Θεὸν
705 4284 893 4348 αὐταῖς
935 4282 1121 4354 ὄψεσιν
1162 4283 1341 4355 iisnec;
1378 4285 1635 4356 μακάριοί
1663 4287 1788 4339 ὲστε

1966 4195 2080 4251 Xll.
2128 4195 2259 4262 Quis
2308 4196 2490 4264 itaque
2524 4196 2676 4250 vobis
2728 4196 2936 4251 beatior
2978 4206 3072 4251 aut
3114 4197 3461 4265 fortunatior.

1894 4286 1984 4356 qui
2022 4287 2189 4339 Deum
2237 4285 2410 4352 ipsum
2455 4285 2584 4337 estis
2627 4284 2832 4338 visuri?
2878 4283 3027 4340 Beati
3075 4286 3228 4341 eritis
3272 4286 3323 4340 in
3376 4289 3461 4342 die

202 4378 270 4428 ὲν
306 4373 491 4449 ἡμέρᾳ
532 4373 796 4445 κρίσεως,
840 4372 1237 4442 ⁵ποθεινότατοι,
1268 4376 1357 4428 ὅτε
1392 4378 1569 4447 κρινεῖ
1597 4377 1625 4428 ό
1656 4375 1779 4439 Θεὸς

1885 4376 2107 4444 judicii,
2152 4391 2186 4428 o
2232 4375 2733 4437 desiderantissimi,
2780 4389 2902 4429 cum
2958 4375 3096 4429 Deus
3144 4375 3214 4431 de
3245 4381 3460 4434 arcanis

200 4465 280 4539 τά
328 4463 546 4536 κρυπτά
604 4464 714 4517 τῶν
762 4464 1097 4535 ἀνθρώπων·
1135 4466 1217 4519 ὅτι
1260 4466 1328 4519 τὰ
1371 4468 1549 4520 πάντα
1604 4466 1789 4537 γυμνά

201 4558 308 4612 καὶ
334 4557 803 4629 τετραχηλισμένα
833 4560 944 4621 τοῖς
972 4557 1271 4634 ὀφθαλμοῖς
1303 4557 1468 4611 αὐτοῦ
1499 4560 1647 4612 ἐστιν
1666 4575 1680 4589 ο
1706 4559 1787 4611 ὃτι

200 4648 445 4715 πάντας
471 4648 625 4719 ἡμᾶς
652 4648 1029 4718 παραστῆναι
1052 4649 1147 4703 δεῖ
1168 4649 1507 4719 ἔμπροσθεν
1540 4649 1648 4704 τοῦ
1671 4648 1789 4717 ,βή-

197 4758 398 4812 ματος
420 4741 524 4795 τοῦ
554 4741 830 4809 Χριστοῦ,
856 4742 958 4794 ἵνα
983 4743 1298 4810 κομίσηται
1316 4740 1573 4805 ἕκαστος
1593 4741 1663 4794 τὰ
1690 4738 1790 4792 διὰ

200 4833 320 4886 τοῦ
349 4832 624 4902 σώματος
672 4831 823 4901 πρὸς
870 4831 909 4885 d
935 4832 1219 4901 ἔπραξεν,
1249 4833 1371 4886 εἴτε
1395 4830 1620 4901 ἀγαθόν
1668 4830 1789 4884 εἴτε

197 4924 480 4995 φαῦλον*
502 4925 704 4996 τρόμος
732 4925 876 4995 ὑμᾶς
904 4924 966 4977 ού
991 4923 1222 4994 λήψεται
1244 4923 1304 4976 τὸ
1327 4922 1648 4993 τηνικαῦτα,
1672 4922 1788 4976 ἀλλ’

198 5017 519 5088 εὐφροσύνη
558 5018 651 5069 καὶ
685 5016 826 5089 χαρὰ
861 5018 954 5070 καὶ
984 5017 1248 5084 στέφανος
1292 5014 1697 5084 ἀγαλλιάματος
1732 5015 1789 5068 ὲν

204 5106 491 5178 Πνεύματι
541 5107 713 5179 ἁγίῳ·
755 5109 883 5178 ὑμῖν
921 5109 982 5161 ού
1014 5107 1196 5177 κρίσις
1238 5106 1471 5178 φοϐερὰ,
1516 5105 1636 5158 οὑδὲ
1679 5104 1789 5175 πῦρ

200 5199 450 5267 αξώνιον,
482 5201 604 5253 οὐδὲ
651 5198 869 5271 σκώληξ
915 5200 1247 5270 ἀκοίμητος,
1292 5198 1431 5251 ἀλλὰ
1474 5200 1587 5261 τοῖς
1632 5200 1788 5250 ἐναν-

201 5291 351 5350 τίοις
375 5289 470 5344 καὶ¹
498 5290 896 5361 παραϐαίνουσι
928 5290 1025 5360 τὴν
1065 5288 1284 5357 ἐντολὴν
1313 5286 1405 5339 τοῦ
1437 5284 1599 5339 Θεοῦ·
1631 5286 1789 5355 ὑμεῖς

204 5379 483 5454 ἀκούσητε
532 5382 595 5435 τό
632 5398 646 5414 ·
682 5382 860 5435 Δεῦτε
894 5385 947 5434 oi
986 5378 1377 5448 εὐλογημένοι
1413 5376 1518 5430 τοῦ
1560 5376 1790 5443 Πατρός

206 5493 329 5543 μου
346 5516 361 5540 ,
414 5475 909 5545 κληρονομήσατε
975 5476 1088 5543 τὴν
1148 5471 1596 5543 ἡτοιμασμένην
1646 5468 1790 5535 ὑμῖν

209 5566 537 5626 βασιλείαν
572 5565 690 5621 ἀπὸ
732 5565 1072 5632 καταϐολῆς
1110 5565 1362 5632 κόσμου,
1389 5564 1439 5615 οἱ
1480 5558 1788 5631 ἀμέμπτως

196 5652 281 5706 τὰ
305 5652 542 5722 Χριστοῦ
568 5655 933 5725 φρονήσαντες
954 5671 967 5685 ·
993 5652 1069 5724 τῷ
1094 5652 1150 5705 δὲ
1180 5650 1343 5722 κοινῷ
1376 5650 1589 5705 πάντων
1610 5646 1790 5719 ἐχθρῷ

1893 4466 2170 4520 hominum
2206 4462 2502 4532 iudicabit,
2552 4462 2708 4531 cujus
2757 4464 2929 4519 oculis
2980 4466 3120 4520 nuda
3175 4467 3358 4522 omnia
3407 4478 3460 4523 et

1890 4555 2127 4625 patentia
2170 4563 2313 4609 sunt.
2360 4550 2603 4621 Namque
2633 4568 2806 4607 omnes
2849 4570 2943 4609 nos
2978 4569 3180 4609 necesse
3229 4566 3306 4613 est
3339 4570 3462 4612 ante

1890 4644 2125 4699 tribunal
2168 4642 2363 4697 Christi
2402 4643 2713 4709 consistere,
2748 4650 2803 4694 ut
2844 4647 3197 4714 unusquisque
3240 4643 3297 4701 in
3340 4664 3462 4701 cor-

1889 4752 2013 4806 pore
2041 4736 2229 4806 referat
2260 4734 2746 4796 remunerationem,
2766 4735 3051 4787 secundum
3072 4751 3133 4788 ea
3153 4752 3272 4805 qua:
3297 4738 3458 4808 egerit

1888 4831 1994 4883 sive
2030 4827 2164 4881 bona
2191 4826 2295 4881 sive
2321 4840 2555 4893 peruersa
2578 4823 2645 4877 ".
2679 4822 2830 4879 Tunc
2864 4839 2959 4879 vos
2998 4826 3156 4879 timor
3185 4841 3289 4881 non
3332 4843 3455 4883 eor-

1891 4920 2071 4990 ripiet,
2100 4919 2193 4972 sed
2237 4917 2481 4971 hilaritas
2527 4927 2582 4969 et
2625 4917 2900 4986 gaudium,
2928 4925 2983 4970 ct
3013 4931 3208 4971 corona
3252 4917 3453 4973 laetitia

1890 5012 1944 5064 in
1973 5019 2162 5064 sancto
2190 5008 2415 5078 Spiritu.
2458 5004 2609 5060 Haud
2658 5007 2811 5063 vobis
2839 5008 2942 5061 erit
2985 5006 3322 5063 formidabile
3358 5010 3453 5077 ju-

1891 5102 2112 5167 dicium,
2143 5115 2314 5169 neque
2332 5108 2567 5153 aeternus
2595 5098 2755 5169 ignis,
2780 5114 2952 5168 neque
2972 5100 3170 5155 verutis
3190 5099 3332 5169 vigil,
3360 5100 3457 5154 sed

1889 5193 1956 5247 iis
1984 5192 2075 5262 qui
2108 5190 2383 5245 contrario
2416 5204 2564 5244 more
2592 5191 2936 5255 exstiterunt,
2963 5201 3016 5243 et
3048 5189 3138 5242 Dei
3187 5197 3453 5257 praecepta

1887 5282 2243 5335 violaverunt.
2276 5279 2384 5334 Vos
2429 5279 2514 5333 illa
2551 5279 2709 5332 verba
2744 5278 2974 5331 audietis
3008 5295 3021 5330 :
3066 5275 3268 5343 Venite,
3303 5279 3455 5331 bene-

1887 5372 2013 5426 dicti
2052 5389 2083 5425 a
2116 5371 2271 5424 Patre
2314 5387 2449 5436 meo,
2483 5371 2737 5439 possidete
2775 5376 3019 5438 paratum
3056 5367 3196 5420 vobis
3239 5382 3456 5436 regnum

1889 5479 1921 5515 α
1956 5462 2139 5515 mundi
2169 5461 2535 5515 constitutione
2559 5461 2627 5526 “,
2665 5462 2754 5530 qui
2801 5459 3001 5513 Christi
3031 5457 3293 5515 .instituta
3321 5472 3454 5512 con-

1888 5563 2093 5609 stanter
2140 5554 2420 5609 servastis.
2455 5552 2739 5606 Communi
2776 5559 2963 5609 autem
3005 5547 3243 5603 omnium
3280 5546 3454 5611 hosti,

1891 5653 1944 5699 et
1983 5644 2141 5713 hujus
2187 5643 2428 5707 asseclis,
2463 5642 2793 5697 tremendam
2825 5640 2968 5694 illam
2999 5638 3320 5695 sententiam
3370 5637 3448 5691 in-

285 5774 337 5806 ³⁸
361 5772 490 5827 an.
519 5790 574 5833 κ,
605 5774 689 5828 19.
764 5774 832 5805 ⁵³·
863 5773 1005 5827 Psal.
1037 5789 1231 5840 xvxnl,
1267 5772 1355 5826 l6.
1393 5772 1454 5836 ,πθ
1479 5770 1593 5825 lar.
1622 5785 1674 5835 ν,
1708 5766 1779 5820 16ς

1884 5765 1911 5795 ιο
1940 5763 2126 5820 Matth.
2155 5780 2207 5829 ν,
2241 5765 2296 5819 8.
2369 5764 2410 5794 θ’
2435 5761 2475 5817 ll
2504 5761 2627 5818 Cor.
2662 5778 2714 5829 v,
2753 5763 2839 5819 10.
2917 5763 2960 5794 ⁶²
2991 5761 3175 5816 Matth.
3204 5778 3328 5831 xxv,
3359 5758 3449 5814 ⁸51.

447 5867 720 5927 Paeon.
758 5868 872 5926 (in.
919 5866 1049 5927 XL.

3066 5855 3143 5914 30
