3872 6278
348 397 500 466 ,939

1494 377 1766 439 paruas
1803 372 2106 457 EGYPTII
2147 378 2416 436 saxeum
2459 375 2543 434 IV.

3533 366 3652 426 9&0

401 510 612 567 limabit
640 527 654 562 :
687 505 926 561 Tollatur
947 504 1012 556 de
1047 501 1216 556 medio
1254 500 1466 567 impius,
1497 514 1558 552 ne
1603 497 1824 568 gloriam
1860 495 1967 549 Do-

2099 494 2164 548 ;α“ι
2215 496 2326 556 τοῖς
2381 493 2555 560 τούτῳ
2605 485 3000 558 ἀκολουθήσασι
3051 483 3193 550 λέξει
3247 481 3310 535 τὸ
3373 480 3654 552 φρικῶδες

399 601 530 656 mini
569 597 738 652 uideat
763 595 828 648 ⁸³.
882 593 1010 648 Illuc
1042 605 1140 645 vos
1185 588 1403 644 abibitis
1445 603 1565 642 cum
1611 587 1790 639 laetitia
1829 599 1966 654 gau-

400 693 616 760 dioque,
664 688 805 741 unde
853 683 1104 739 exsulant
1140 681 1294 736 dolor
1335 689 1500 748 atque
1535 677 1748 733 ll‘iSlilia
1792 687 1846 730 et
1879 691 1968 739 ge-

403 781 600 843 mitus,
647 777 788 830 unde
820 776 994 828 honor
1023 781 1080 828 et
1112 771 1283 842 gloria
1327 782 1380 825 et
1433 769 1640 836 reliqua
1697 765 1790 820 Dei
1834 765 1970 818 dona

403 871 604 927 ul‘erri
637 875 933 938 nequeunt.

473 1042 610 1105 XIII.
641 1047 926 1101 Enimvero
987 1052 1162 1097 vestra
1217 1039 1384 1109 pietas
1413 1038 1464 1092 in
1517 1035 1772 1089 universo
1799 1041 1972 1086 terra-

401 1158 520 1196 rum
554 1140 684 1195 orbe
706 1136 1028 1192 celebratur.
1082 1132 1335 1199 Quaanam
1384 1128 1602 1190 civitas,
1648 1123 1828 1178 audita
1852 1121 1965 1175 reli-

403 1235 564 1305 giosa:
590 1239 785 1294 vestra:
813 1234 868 1282 et
902 1222 1208 1294 apostolica:
1243 1220 1365 1273 vitae
1397 1217 1561 1279 fama,
1594 1229 1690 1268 vos
1733 1221 1976 1282 spectare

403 1339 513 1378 non
550 1319 734 1390 cupit?
769 1317 903 1384 Quis
938 1330 1029 1370 rex
1075 1313 1186 1367 sive
1214 1309 1484 1382 prmterito
1517 1307 1632 1361 sive
1649 1305 1810 1358 etiam
1839 1317 1978 1370 pra:-

397 1412 545 1468 se'nti
585 1419 828 1476 tempore
877 1412 1088 1472 sceptra
1145 1411 1350 1460 tenens,
1412 1395 1576 1450 fando
1610 1391 1838 1446 audiens
1885 1404 1977 1443 ve-

406 1514 550 1558 stros
578 1501 688 1555 Deo
731 1498 919 1567 dignos
953 1503 1007 1548 et
1036 1494 1234 1546 virtute
1264 1489 1604 1558 plenissimos
1632 1497 1836 1567 mores,
1867 1495 1972 1567 non

405 1585 609 1655 optavit
641 1598 736 1637 vos
759 1564 1061 1641 consulere,
1094 1587 1148 1630 et
1179 1587 1388 1628 summo
1439 1569 1630 1624 affectu
1667 1564 1981 1655 complecti?

405 1651 485 1728 Es
505 1671 655 1727 vobis
676 1668 881 1724 exstitit
905 1665 1069 1719 abbas
1094 1661 1373 1722 Antonius,
1398 1670 1668 1712 summum
1687 1651 1981 1722 disciplina:

403 1763 612 1834 apicem
664 1763 1008 1816 consecutus,
1043 1750 1194 1820 cujus
1222 1748 1384 1802 etiam
1432 1745 1540 1798 vita
1597 1742 1797 1809 scripto
1831 1754 1980 1794 com-

407 1825 656 1907 mendata
703 1845 842 1916 apud
881 1858 975 1895 vos
1008 1849 1270 1894 servatur.
1307 1836 1437 1889 Item
1484 1849 1548 1889 ex
1597 1832 1751 1886 vobis
1813 1831 1980 1883 abbas
2013 1825 2056 1879 Β

407 1945 608 2004 Amuu,
639 1948 692 1992 et
731 1937 896 1991 abbas
953 1932 1202 1994 Joannes,
1245 1940 1299 1984 ct
1357 1927 1522 1981 abbas
1550 1921 1837 1986 Macarius,
1889 1921 1979 1990 qui

409 2031 605 2086 eximia
647 2029 842 2080 virtute
879 2021 1169 2084 fulserunt,
1209 2027 1262 2072 et
1289 2013 1542 2070 miracula
1583 2014 1768 2076 etiam,
1821 2020 1983 2078 atque

409 2114 514 2176 alia
547 2115 918 2175 sanctimonia:
967 2125 1076 2166 sua:
1127 2111 1449 2163 documenta
1487 2101 1796 2158 hominibus
1833 2100 1984 2154 exiti-

409 2217 674 2276 buerunt;
721 2217 774 2262 et
816 2207 1084 2260 daemones
1125 2201 1232 2254 Deo
1280 2193 1489 2251 volente
1547 2193 1986 2264 ejicientes,ma-

411 2315 654 2374 suosque
697 2296 1008 2350 morborum
1036 2290 1248 2346 dolores
1281 2288 1565 2355 variasque
1591 2284 1868 2355 passiones
1898 2297 1986 2335 sa-

411 2400 629 2455 nantes,
668 2385 894 2441 medicae
924 2381 1056 2435 artis
1106 2377 1333 2435 debilem
1361 2391 1481 2430 esse
1515 2375 1766 2428 virtutem
1797 2381 1984 2427 osten-

411 2483 626 2537 derunt.
684 2475 872 2530 Medici
919 2471 1061 2526 enim
1102 2483 1236 2538 quos
1266 2467 1482 2520 morbos
1510 2475 1843 2532 nequaquam
1876 2459 1989 2528 pel-

414 2571 526 2625 lere
549 2573 814 2638 poterant,
874 2576 967 2617 eos
1000 2562 1190 2615 borum
1228 2565 1541 2612 sanctorum
1570 2550 1818 2622 precibus
1858 2549 1987 2602 vali-

416 2664 602 2730 dreque
646 2657 766 2712 Iidei
809 2652 1199 2725 pervincendos
1239 2644 1628 2709 concedebant,
1671 2642 1866 2710 quippe
1897 2639 1988 2707 qui

415 2752 548 2806 artis
585 2764 694 2804 suae
733 2747 931 2800 limites
965 2739 1348 2807 modulumque
1381 2741 1681 2790 noverant:
1719 2747 1837 2801 qua:
1865 2746 1988 2785 cum

417 2856 572 2912 reges
616 2839 883 2902 audirent,
929 2830 1178 2888 admirati
1220 2841 1546 2897 magnOpere
1599 2823 1766 2878 Deum
1799 2819 1990 2874 lauda-

419 2936 567 2988 bant.
1099 2933 1104 2935 ·

487 3021 628 3077 XIV.
660 3022 784 3076 llaec
813 3029 910 3072 vos
943 3029 1026 3069 me
1052 3012 1167 3082 ipso
1203 3007 1505 3064 accuratius
1531 3005 1711 3060 scitis:
1735 3018 1828 3058 vos
1849 3015 1990 3056 enim

421 3130 540 3168 cum
576 3109 846 3182 praedictis
869 3104 1071 3160 versati
1098 3101 1268 3168 estis,
1320 3113 1526 3152 necnon
1572 3106 1753 3166 patres
1802 3093 1990 3149 vestri.

2070 586 2245 636 ἐκεῖνο
2286 583 2469 654 ῥῆμα·
2511 576 2758 648 meum
2800 580 2832 630 ό
2869 573 3090 641 ἀσεϐὴς
3131 575 3232 627 ἵνα
3264 571 3348 640 μὴ
3391 572 3492 638 ἴδῃ
3530 571 3656 638 τὴν

2070 674 2261 738 δόξαν
2295 673 2542 740 Κυρίου·
2572 673 2689 724 ἐκεῖ
2714 669 2871 740 ὑμεῖς
2913 665 3278 721 ἀπελεύσεσθε
3308 666 3424 736 μετ’
3451 665 3657 735 εὐφρο-

2086 761 2252 832 σύνης
2280 761 2372 814 καὶ
2419 761 2593 831 χαρᾶς
2627 757 2755 810 ἔνθα
2795 755 3003 826 ἀπέδρα
3041 754 3201 824 ὀδύνη
3234 753 3328 807 καὶ
3366 752 3514 823 λύπη
3555 753 3660 805 καὶ

2074 850 2392 920 στεναγμὸς,
2421 849 2548 904 ἔνθα
2591 847 2726 918 τιμὴ
2767 847 2864 900 καὶ
2915 845 3045 912 δόξα
3079 845 3174 898 καὶ
3202 844 3522 915 χαρίσματα
3561 843 3660 896 ἀν-

2073 939 2360 1011 αφαίρετα.

2146 1031 2239 1084 II".
2276 1030 2350 1082 Τὸ
2409 1029 2518 1100 γὰρ
2549 1029 2789 1092 ἐπιεικὲς
2840 1027 2995 1098 ὑμῶν
3032 1026 3311 1096 πανταχοῦ
3343 1027 3443 1096 τῆς
3472 1029 3662 1080 οἰκου-

2080 1121 2248 1192 μένης
2281 1120 2408 1190 ὅλης
2440 1119 2751 1189 διανέμεται
2775 1134 2789 1147 ·
2849 1118 2980 1172 ποία
3001 1119 3154 1181 πόλις
3187 1117 3470 1171 ἀκούσασα
3501 1117 3665 1187 ὑμῶν

2074 1210 2164 1262 τὸν
2190 1211 2444 1280 ἐνάρετον
2482 1210 2576 1262 καὶ
2595 1208 2949 1262 ἀποστολικὸν
2973 1209 3107 1279 βίον,
3142 1208 3242 1261 οὑκ
3266 1207 3484 1278 εὔχεται
3514 1210 3663 1278 ὑμᾶς

2078 1300 2416 1364 θεάσασθαι;
2475 1303 2628 1363 ποῖος
2685 1300 2936 1370 βασιλεὺς
2977 1300 3084 1354 τῶν
3114 1299 3454 1370 φθασάντων,
3496 1301 3531 1371 ἢ
3562 1302 3663 1355 καὶ

2077 1392 2186 1444 τῶν
2241 1393 2361 1443 νυνὶ
2417 1391 2646 1461 χρόνων,
2701 1391 2912 1444 ἀκούων
2949 1392 3102 1460 ὑμῶν
3131 1391 3222 1444 τὸν
3249 1392 3530 1462 θεοπρεπῆ
3565 1394 3665 1445 καὶ

2079 1482 2332 1553 ἐνάρετον
2367 1481 2500 1550 βίον,
2534 1481 2634 1534 οὑκ
2669 1480 2870 1552 ηὑξατο
2901 1482 3045 1551 ὑμᾶς
3075 1483 3374 1552 ἱστορῆσαι,
3402 1483 3497 1535 καὶ
3520 1484 3666 1552 μετὰ

2081 1571 2276 1625 πολλοῦ
2313 1570 2476 1624 πόθου
2536 1570 3003 1640 περιπτύξασθαι;
3052 1571 3140 1637 Ἐξ
3174 1572 3327 1642 ὑμῶν
3359 1573 3505 1626 ἀϐϐἄ
3537 1576 3665 1625 ’Δνο

2080 1663 2270 1726 τώνιος
2321 1662 2387 1715 δι’
2421 1661 2717 1733 ἀκρότατον
2749 1661 2862 1731 βίον
2889 1661 3204 1732 γενόμενος,
3235 1653 3297 1714 οῦ
3349 1663 3442 1714 καὶ
3489 1664 3518 1714 ό
3545 1663 3667 1732 βίος

2083 1753 2391 1824 έγγραπτος
2448 1751 2577 1824 παρ’
2609 1753 2735 1822 ὑμῖν
2771 1753 3091 1816 διασώζεται
3111 1752 3308 1824 (1ο16)’
3329 1753 3412 1807 ἔτι
3429 1771 3493 1807 τε
3518 1756 3616 1808 καὶ
3637 1758 3669 1807 ό

2083 1844 2226 1898 ἀϐϐᾶ
2263 1844 2484 1914 ’Δμοῦν,
2537 1845 2632 1898 καὶ
2662 1843 2806 1898 ἀϐϐᾶ
2844 1845 3116 1915 Ἰωάννης,
3158 1845 3252 1898 καὶ
3289 1845 3433 1899 άϐϐἄ
3468 1847 3670 1900 Μακάο

2089 1951 2202 2008 ριος
2229 1935 2363 2006 (17),
2397 1935 2445 1988 οἳ
2474 1934 2595 1988 καθ’
2623 1934 2930 2006 ὑπερϐολὴν
2971 1935 3238 2008 ἐναρέτως
3264 1935 3591 2006 διέλαμψαν,
3615 1937 3668 1989 οἳ

2087 2024 2180 2077 καὶ
2212 2024 2410 2094 σημεῖα
2442 2023 2534 2076 καὶ
2575 2022 2765 2093 ἐτέρας
2784 2022 3041 2093 δυνάμεις
3080 2025 3192 2086 τοῖς
3216 2023 3526 2094 ἀνθρώποις
3568 2026 3672 2077 ἐπ-

2087 2110 2378 2177 εδείξαντο,
2400 2111 2538 2164 κατά
2565 2110 2814 2181 βούλησιν
2842 2112 2975 2164 Θεοῦ
3003 2112 3254 2182 δαιμόνια
3274 2113 3670 2180 ἀπελάσαντες,

2089 2203 2183 2254 καὶ
2237 2201 2479 2272 μεγάλας
2504 2202 2828 2272 νοσημάτων
2874 2201 3171 2272 ἀλγηδόνας
3219 2204 3522 2273 ἱασάμενοι,
3573 2205 3673 2257 καὶ

2088 2291 2252 2350 ’ἐτερά
2275 2309 2397 2344 τινα
2428 2291 2593 2361 πάθη,
2617 2291 2725 2345 τῶν
2762 2292 2960 2364 ἰατρῶν
2986 2292 3192 2357 ἔδειξαν
3216 2293 3316 2365 τὴν
3344 2294 3632 2347 ἀσθένειαν
3649 2310 3668 2324 ⁸

2090 2379 2259 2450 ἃγὰρ
2318 2381 2418 2432 οὐκ
2462 2379 2722 2450 ἠδύναντο
2783 2381 2930 2451 πάθη
2983 2383 3032 2434 οἱ
3089 2384 3263 2453 ἰατροὶ
3309 2382 3674 2452 θεραπεῦσαι,

2091 2469 2263 2522 ταῦτα
2286 2471 2406 2532 ταῖς
2454 2468 2659 2522 τούτων
2713 2470 2896 2536 ἁγίαις
2925 2470 3110 2540 εὐχαῖς
3144 2473 3238 2524 καὶ
3261 2474 3458 2543 ἰσχυρᾷ
3487 2474 3675 2526 πίστει

2094 2555 2466 2626 παρεχώρουν,
2500 2555 2594 2608 τοῦ
2643 2556 2824 2608 ἰᾶσθαι
2844 2557 2932 2608 τὸν
2961 2559 3155 2611 οἰκεῖον
3184 2559 3382 2629 τρόπον
3413 2559 3676 2627 ἐπιγινώ-

2095 2664 2315 2710 σκοντες
2338 2648 2465 2710 τοὺς
2503 2647 2693 2716 ὄρους’
2741 2645 2915 2700 ταῦτα
2947 2647 3184 2716 βασιλεῖς
3217 2649 3525 2718 ἀκούοντες,
3551 2650 3674 2704 λιιι

2094 2735 2462 2807 ἐθαυμάζοντο
2489 2736 2620 2790 Θεὸν
2644 2736 2958 2806 ὑμνοῦντες.

2168 2997 2263 3051 ῐΔ’.
2308 2997 2493 3053 Ταῦτα
2525 3001 2723 3071 μᾶλλον
2756 3001 2867 3055 ἴστε
2899 3002 3052 3072 ἡμῶν
3081 3003 3322 3074 ἀκριϐῶς
3342 3021 3354 3032 ο
3384 3003 3540 3074 ὑμεῖς
3564 3005 3676 3076 γὰρ

2098 3091 2278 3154 αὐτοῖς
2304 3092 2397 3144 καὶ
2431 3092 2842 3163 συνδιατρίψατε
2873 3093 2983 3163 (18)
3019 3095 3112 3147 καὶ
3138 3095 3188 3147 oi
3231 3095 3465 3167 πατέρες
3487 3097 3675 3166 ὑμῶν’

418 3207 552 3274 Quis
577 3171 727 3272 .ergo
770 3199 960 3254 laudes
1011 3203 1218 3248 vestras
1251 3191 1411 3259 digne
1478 3199 1736 3240 enarrare
1774 3183 1990 3274 valeat?

2099 3180 2176 3243 τίς
2200 3181 2372 3234 τοίνυν
2400 3181 2635 3248 ἐπαξίως
2662 3182 2913 3254 ἐγκώμια
2943 3184 3228 3255 δυνήσεται
3249 3187 3486 3255 φράσαι;
3505 3185 3590 3249 τίς
3621 3186 3680 3239 δέ

420 3269 555 3360 Quis
591 3269 826 3345 vestrum
877 3300 982 3338 non
1014 3278 1329 3348 comprobet
1355 3275 1641 3341 laudetque
1667 3285 1794 3339 erga
1827 3269 1993 3324 Deum

421 3399 684 3448 amorem,
717 3381 997 3451 pietatem,
1020 3371 1384 3432 devotionem,
1420 3365 1853 3435 temperantiam,
1886 3361 1997 3414 ior-

424 3475 726 3538 titudinem,
751 3468 1035 3540 justitiam,
1063 3461 1398 3534 patientiam,
1427 3457 1768 3525 sapientiam,
1792 3464 1847 3508 et
1871 3467 1994 3506 cum

421 3565 704 3636 prudentla
749 3552 1182 3627 simplicitatem?
1223 3549 1362 3617 Quid
1407 3549 1582 3602 dicam
1606 3545 1671 3598 de
1693 3551 2000 3597 mansuetu-

422 3631 570 3717 dine,
621 3649 857 3713 silentio,
898 3645 1122 3700 mitibus
1176 3641 1420 3696 moribus
1457 3647 1510 3692 et
1533 3632 1819 3704 paciﬁcis?
1861 3631 1998 3697 Quid

421 3747 490 3800 de
519 3741 858 3804 sinceritate,
897 3734 1266 3804 simplicitate,
1309 3727 1714 3799 tranquillitate,
1763 3723 2000 3794 pecuniae

423 3841 757 3901 contemptu,
803 3823 1196 3884 misericordia,
1243 3817 1620 3888 elcemosynis,
1657 3813 1998 3878 liberalitate,

425 3933 608 3979 mutua
649 3917 1042 3988 compassione,
1072 3913 1312 3967 fraterno
1355 3923 1558 3971 amore,
1592 3920 1719 3975 erga
1752 3904 1994 3974 hospites

425 4030 488 4067 ac
514 4021 776 4081 pauperes
800 4002 1150 4074 benignitate,
1175 3999 1508 4060 aﬂ'abilitate,
1533 3995 1847 4057 veracitate,
1871 4008 2002 4048 con-

423 4102 613 4160 cordia
646 4097 944 4156 secundum
973 4096 1164 4155 Deum,
1215 4102 1464 4146 sermone
1496 4085 1753 4141 mellilluo
1787 4099 1848 4138 ac
1871 4083 2000 4148 leni,

386 4191 726 4278 ,composito
764 4189 1003 4249 incessu,
1035 4183 1341 4241 solitudine.
1378 4177 1578 4247 optima
1626 4176 1790 4240 fama,
1819 4176 2004 4278 ortho-

426 4291 564 4343 doxa
595 4293 792 4347 mente,
824 4289 880 4335 et
908 4277 1011 4332 Iide
1037 4277 1089 4330 in
1119 4273 1327 4329 Deum?
1350 4271 1564 4336 Quanta
1600 4282 1697 4323 vos
1720 4267 1773 4320 in
1807 4265 2005 4319 virtute

428 4375 748 4432 versamini!
793 4380 923 4441 quot
974 4383 1067 4422 vos
1096 4367 1324 4420 virtutes
1372 4362 1789 4420 circumornant,
1823 4371 1856 4411 ο
1896 4355 2004 4410 Deo

2096 3271 2196 3324 οὑκ
2223 3268 2539 3336 ἀποδέξεται
2577 3272 2610 3342 ἢ
2639 3272 2973 3328 ἐπαινέσειεν
3012 3276 3072 3327 τὸ
3117 3274 3382 3344 φιλόθεον,
3416 3275 3514 3347 τὴν
3543 3277 3680 3330 om-

2101 3360 2287 3431 μονὴν,
2325 3361 2424 3432 τὴν
2463 3358 2696 3426 σύνεσιν,
2718 3362 2778 3415 τὸ
2811 3361 3069 3435 ἀκέραιον
3090 3365 3224 3435 ὁμοῦ
3255 3363 3349 3418 καὶ
3378 3368 3681 3438 φρόνιμονς

2097 3451 2232 3504 ἀλλὰ
2290 3452 2351 3504 τὸ
2393 3455 2567 3524 πρᾶον
2625 3455 2718 3507 καὶ
2748 3451 2992 3525 ἡσύχιον,
3021 3451 3156 3509 ἀλλὰ
3205 3455 3265 3508 τὸ
3295 3458 3500 3528 ἥμερον
3525 3454 3681 3528 ἦθος,

2098 3541 2233 3594 ἀλλὰ
2282 3541 2344 3594 τὸ
2393 3543 2685 3614 εἰρηνικὸν,
2737 3540 2873 3599 ἀλλά
2899 3544 2960 3598 τὸ
2986 3545 3259 3600 ἄπλαστον
3309 3549 3404 3600 καὶ
3435 3547 3682 3611 ’ἀπλοῦν,

2099 3629 2236 3684 ἀλλά
2262 3630 2324 3682 τὸ
2355 3631 2582 3696 ἀπαθὲς,
2614 3631 2749 3685 ἀλλά
2775 3633 2835 3687 τὸ
2885 3633 3289 3705 ἀφυλάργυρον,
3320 3635 3454 3688 ἀλλά
3504 3636 3566 3688 τὸ
3595 3635 3684 3688 ef:-

2103 3720 2390 3792 σπλαχνον,
2445 3722 2582 3775 ἀλλά
2635 3723 2697 3776 τὸ
2728 3723 3098 3794 ἐλεημονικὸν,
3132 3725 3267 3778 ἀλλά
3305 3725 3364 3778 τὸ
3390 3727 3685 3796 εὑμετάδο-

2099 3827 2211 3876 τον,
2233 3811 2368 3865 ἀλλὰ
2393 3811 2454 3864 τὸ
2483 3812 2787 3882 συμπαθὲς,
2819 3800 3040 3867 ἀλλάῗεὸ
3063 3815 3387 3884 φιλάδελφον
3421 3815 3517 3868 καὶ
3540 3817 3685 3884 φιλό-

2105 3901 2273 3965 ξενον,
2311 3903 2446 3956 ἀλλὰ
2476 3903 2538 3955 τὸ
2584 3903 2942 3976 φιλόπτωχον,
2975 3906 3110 3960 ἀλλὰ
3131 3907 3193 3960 τὸ
3224 3907 3504 3978 ὁμιλητὸν,
3547 3908 3684 3961 ἀλλά

2101 3993 2161 4044 τὸ
2189 3991 2498 4061 φιλάληθες,
2565 3993 2701 4047 ἀλλά
2732 3994 2832 4064 τὴν
2855 3997 2934 4058 είς
2957 3995 3089 4048 Θεὸν
3141 3997 3415 4066 ὁμόνοιαν,
3446 3997 3582 4052 ἀλλά
3626 3999 3685 4051 τὸ

2107 4082 2427 4154 μελιπαγές
2449 4082 2602 4154 ὑμῶν
2634 4084 2802 4155 ῥῆμα,
2833 4084 2967 4139 ἀλλὰ
2994 4085 3084 4140 τὸν
3104 4087 3324 4158 ἡσύχιον
3345 4087 3522 4156 λόγον,
3547 4088 3684 4141 ἀλλά

2102 4173 2163 4227 τὸ
2200 4173 2462 4227 εὔτακτον
2509 4175 2764 4245 βάδισμα,
2801 4175 2937 4230 ἀλλά
2985 4177 3084 4249 τὴν
3127 4177 3492 4250 ἀναχώρησιν,
3547 4179 3686 4233 ἀλλά

2103 4265 2164 4317 τὸ
2192 4265 2429 4336 χρηστὸν
2477 4265 2668 4336 δνομα,
2703 4266 2838 4319 ἀλλὰ
2866 4268 2926 4319 τὸ
2979 4267 3273 4338 ὀρθόδοξον,
3309 4269 3444 4323 ἀλλά
3477 4270 3572 4341 τὴν
3609 4272 3686 4333 είς

2105 4355 2237 4408 Θεὸν
2276 4356 2493 4422 πίστιν;
2553 4358 2616 4409 Ὠ
2650 4358 2791 4430 πόσῃ
2837 4357 3006 4429 ἀρετῇ
3064 4361 3602 4430 συναναστρέφεσθει
3645 4359 3688 4413 ὣ

424 4465 728 4523 cbarissimi
757 4464 770 4517 I
800 4471 935 4531 quot
971 4459 1226 4512 virtutum
1251 4466 1449 4506 corona
1473 4448 1772 4519 cingimini!
1803 4455 1990 4516 quanta

2108 4445 2273 4499 πόσαι
2299 4447 2492 4518 ἀρεταὶ
2522 4447 2666 4518 ὑμᾶς
2713 4449 3120 4517 περιστέφουσι,
3154 4447 3274 4519 Θεῷ
3329 4448 3684 4520 τιμιώτατοιί

429 4567 517 4611 est
547 4555 688 4625 apud
713 4568 810 4607 vos
830 4555 1091 4606 bonorum
1129 4557 1348 4614 operum
1377 4539 1676 4596 constantia
1701 4538 1714 4590 I
1739 4536 1848 4590 Pax
1879 4536 2006 4591 emi-

429 4656 522 4702 net
555 4630 697 4699 inter
739 4656 834 4696 vos
875 4647 1097 4710 propter
1140 4634 1395 4688 vitiorum
1450 4628 1858 4684 abstinentiam.
1901 4626 2012 4680 Bu-

433 4737 634 4790 militas
681 4734 820 4786 inter
875 4743 972 4781 vos
1009 4722 1302 4795 praecellit,
1341 4721 1433 4790 qui
1471 4729 1554 4774 est
1586 4719 1756 4774 bonus
1799 4715 2011 4771 Domini

433 4836 612 4896 typus,
655 4837 684 4876 a
725 4833 830 4890 quo
883 4816 1140 4872 recedens
1193 4812 1320 4867 olim
1367 4809 1616 4867 diabolus
1646 4809 1790 4878 juste
1825 4806 2010 4878 prolli-

433 4923 589 4984 gaius
619 4921 721 4967 est.

502 5085 618 5144 XV.
643 5085 766 5141 Ilaec
818 5099 846 5138 ιι
897 5097 983 5136 me
1018 5079 1172 5135 vobis
1214 5075 1377 5132 scribi
1407 5073 1620 5142 dicique
1651 5082 1871 5125 necesse
1907 5067 2008 5121 l'uit

435 5190 490 5237 et
511 5179 754 5250 apprime
783 5173 1147 5237 conveniens;
1180 5169 1438 5236 scriptum
1470 5173 1554 5219 est
1583 5162 1726 5215 enim
1753 5179 1766 5214 :
1807 5159 2011 5250 lleon-

434 5274 519 5326 ria
548 5247 825 5341 iustorum
856 5280 972 5320 cum
995 5263 1152 5316 laude
1174 5259 1276 5324 ⁶³⁶;
1308 5265 1363 5312 et
1391 5258 1531 5325 quod
1555 5251 1718 5323 justis
1752 5247 2005 5315 laudatis,

505 5405 551 5438 ⁸³
577 5405 676 5460 lsa.
706 5418 855 5468 xxvi,
881 5400 967 5490 Ill.
1041 5397 1118 5429 ⁶⁸⁶
1149 5393 1310 5450 Prov.
1337 5407 1396 5458 ι,
1427 5389 1482 5445 7.

509 5525 1114 5606 (lo16)_lntellig_iturilla
1139 5524 1207 5578 ab
1240 5517 1550 5606 Althanasio
1575 5515 1774 5606 scripta
1812 5513 2003 5606 {loqui

439 5590 661 5666 An‘tonii'
685 5603 819 5655 Vita.
861 5590 984 5652 Fuit
1019 5605 1194 5650 autem
1240 5590 1548 5660 Serapionis
1606 5590 1772 5640 nostri
1807 5597 2007 5640 coaeta-

440 5692 576 5733 neus
611 5669 951 5725 Athanasius.

513 5725 625 5816 (ἡ)
653 5739 729 5794 De
754 5737 959 5792 Amune
997 5732 1268 5790 Palladius
1325 5743 1445 5800 cap.
1487 5727 1572 5796 to,
1626 5733 1681 5783 et
1724 5727 1790 5786 de
1815 5725 2008 5782 abbate

2109 4537 2155 4589 ὣ
2186 4538 2251 4590 ἐκ
2295 4537 2478 4590 πόσων
2531 4537 2740 4610 ἀρετῶν
2788 4538 3022 4608 διάδημα
3058 4536 3408 4608 περίκεισθεί
3463 4537 3509 4590 ὦ
3544 4538 3687 4607 πόση

2109 4627 2240 4698 παρ’
2290 4627 2418 4697 ὑμῖν
2465 4626 2716 4696 χρηστῶν
2760 4625 2938 4697 ἔργων
2966 4627 3289 4680 εύστάθειαῐ
3324 4627 3529 4698 Εἰρήνη
3555 4627 3684 4698 παρ’

2111 4717 2240 4788 ὑμῖν
2278 4716 2596 4787 ἡγεμονεύει
2628 4718 2737 4770 τῶν
2763 4718 2948 4771 κακῶν
2980 4718 3196 4789 ἀποχῇ·
3222 4718 3690 4789 ταπεινοφροσύνη

2109 4809 2239 4878 παρ’
2282 4808 2409 4878 ὑμῖν
2457 4807 2802 4878 ἡγεμονεύει,
2834 4811 2862 4862 ό
2886 4808 2976 4862 τοῦ
3004 4808 3208 4881 Κυρίου
3235 4809 3469 4881 χρηστὸς
3496 4809 3686 4876 τύπος,

2110 4892 2172 4951 οὗ
2203 4897 2512 4966 άστοχήσας
2563 4898 2714 4969 παρά
2759 4897 2858 4968 τὴν
2898 4897 3070 4970 ἀρχὴν
3114 4899 3143 4951 ό
3189 4899 3434 4963 διάϐολος
3467 4899 3692 4962 δικαίως

2109 4987 2531 5060 καταϐέϐληται.

2183 5078 2284 5130 1Ε’.
2313 5077 2497 5132 Ταῦτα
2541 5079 2598 5131 δέ
2625 5079 2754 5149 ὑμῖν
2777 5077 3009 5150 γράφειν
3052 5078 3148 5132 καὶ
3179 5077 3361 5147 λέγειν
3393 5080 3690 5147 ἀναγκαῖον

2115 5170 2210 5222 καὶ
2233 5171 2682 5240 πρεπωδέστατον
2701 5188 2715 5202 ³
2749 5171 2935 5243 ἐπειδὴ
2972 5171 3314 5242 γέγραπται’
3361 5169 3579 5240 Manum
3607 5171 3665 5225 δι

2114 5261 2299 5314 καίων
2321 5263 2451 5330 μετ’
2479 5263 2784 5332 ἐγκωμίων
2809 5279 2822 5294 ·
2858 5263 2953 5316 καὶ
2981 5263 3062 5316 ὅτι
3084 5262 3590 5334 ἐγκωμιαζομένων
3611 5262 3686 5315 δι·

2109 5515 2334 5595 Joanne,
2369 5533 2486 5588 cap.
2515 5519 2604 5595 id.
2648 5518 2940 5595 Hacarium
2995 5522 3240 5595 intelligo
3262 5524 3623 5594 antiquiorem
3659 5541 3687 5581 e

2113 5588 2284 5642 tribus
2313 5589 2413 5642 hoc
2437 5591 2651 5644 nomine
2683 5590 2862 5648 claris.

2151 5656 2302 5742 .(l8)‘
2323 5657 2582 5742 Loquitur
2605 5675 2732 5728 ergo
2765 5660 3028 5742 Serapion
3056 5663 3124 5720 de
3158 5653 3267 5720 illis
3289 5663 3498 5721 sanctis
3519 5666 3682 5722 Anto-

2111 5737 2222 5793 nio,
2253 5737 2384 5793 etc.,
2411 5739 2667 5800 tanquam
2695 5737 3005 5786 coaetaneis.
