3872 6278
185 354 294 413 9H

974 358 1034 413 S.
1077 357 1471 415 PACHOM‘IUS
1509 354 1986 414 TABENNENSIS
2023 353 2264 410 ABBAS.
2289 383 2357 394 -—
2381 352 2678 410 NOTITIA.

3359 354 3467 411 9H.

185 475 366 532 καίων
422 477 888 550 εὐφρανθήσονται
937 480 1056 533 λαοί
1086 496 1098 510 ·
1157 482 1244 534 ὅτε
1295 481 1476 536 τοίνυν
1514 497 1599 545 τις
1636 479 1789 551 ὑμῶν

1896 479 2218 533 laetabuntur
2244 479 2501 549 populi”.
2539 475 2766 548 Quoties.
2787 488 2915 545 ergo
2941 475 3063 545 quis
3092 474 3252 530 vestri
3277 478 3466 530 memi-

189 568 556 640 μνημονεύει,
619 570 842 635 πάντως
896 577 992 625 καὶ
1020 573 1313 643 ἐγκωμίων
1337 573 1670 643 ἐφάπτεται*
1706 572 1788 624 διὸ

185 661 580 731 ἀνδρειότατοι,
610 662 799 733 σαφῶς
831 662 1285 734 ἐπιγινώσκοντες
1307 665 1461 736 ὑμῶν
1486 665 1547 718 τὸ
1571 664 1788 735 ἀξίωμα

187 751 290 802 καὶ
341 751 442 822 τὴν
478 752 690 806 ἑαυτῶν
723 753 902 819 δόξαν,
959 754 1243 808 τελειῶσαι
1272 755 1427 826 ὑμῶν
1464 754 1556 810 τὸν
1600 754 1788 826 μισθὸν

185 840 536 912 ὲνισχύσατε,
569 845 833 916 νήφοντες
885 847 979 901 ἐπὶ
1010 848 1205 926 πλεῖον.
1240 852 1306 920 τῇ
1345 847 1455 902 τῶν
1491 846 1789 919 μελλόντων

185 933 399 988 ἑλπίδι·
457 937 638 991 καὶτὸ
671 939 765 992 τοῦ
800 940 966 994 Δαδὶδ
1003 941 1220 1013 ᾄδοντες
1245 957 1262 972 δ
1320 940 1642 1009 Ἀνδριζου,
1691 939 1788 994 καί

185 1029 603 1096 κραταιούσθω
658 1032 698 1100 ἠ
731 1032 943 1100 καρδία
966 1043 1110 1098 σου,
1161 1033 1263 1087 καὶ
1313 1034 1644 1103 ὑπόμεινον
1681 1031 1791 1085 τὸν

186 1109 441 1187 Κύριονο
487 1122 621 1192 μηδὲ
675 1121 895 1178 πώποτε
928 1124 1032 1178 κᾶν
1058 1124 1240 1179 ἔννοιά
1288 1142 1374 1190 τις
1406 1123 1699 1196 ὲμφωλεύῃ
1729 1123 1791 1176 τὺ

188 1209 442 1276 σύνολον,
466 1213 603 1283 μηδὲ
631 1213 727 1267 τοῦ
750 1215 1003 1270 τοσούτου
1029 1217 1222 1289 χρόνου
1260 1218 1490 1290 βραχεῖά
1508 1235 1593 1282 τις
1618 1217 1786 1289 ρᾳθυ-

186 1301 294 1372 μία
336 1302 444 1356 τῶν
475 1304 695 1372 ἀγαθῶν
758 1306 913 1378 ὑμῶν
948 1309 1048 1379 τῆς
1077 1309 1255 1380 ψυχῆς
1287 1309 1528 1372 ἐναντίος
1585 1309 1790 1380 ἄνεμος

184 1393 432 1458 πνεύσας
463 1394 648 1449 σϐέσει
678 1396 747 1451 τὰ
791 1397 1076 1469 λάμποντα
1106 1399 1261 1470 φῶτα
1285 1400 1362 1463 ὡς
1387 1402 1675 1471 φωστῆρες
1732 1401 1790 1453 έν

182 1473 383 1558 κόσμῳ
411 1488 748 1558 φαινόμενοι,
791 1490 876 1544 ἵνα
911 1492 1008 1544 σὺν
1045 1495 1158 1556 τοῖς
1193 1491 1515 1556 ἀποστόλοις
1553 1491 1791 1563 ἀκούση-

185 1577 284 1631 σθε
307 1596 322 1609 ο
361 1579 548 1649 Ὑμεῖς
594 1580 737 1635 ἐστε
763 1580 891 1650 φῶς
919 1582 1024 1636 τοῦ
1077 1585 1310 1653 κόσμου
1334 1599 1348 1612 ⁸
1389 1583 1483 1637 τοῦ
1533 1582 1590 1637 δὲ
1631 1584 1792 1636 Ἀπο-

185 1659 384 1723 στόλου
435 1669 716 1739 λέγοντος·
779 1672 1110 1752 Ὑπομονῆς
1156 1673 1266 1744 γὰρ
1327 1673 1498 1743 ἔχετε
1547 1674 1786 1743 χρείαν)

179 1755 290 1812 ἵνα
345 1759 670 1844 τόθέγῑημα
727 1761 835 1818 τοῦ
873 1760 1024 1816 Θεοῦ
1062 1761 1431 1828 ποιήσαντες
1471 1762 1788 1844 κοσμήσῃ-

181 1855 301 1906 σθε
328 1840 442 1924 (19)
468 1840 583 1936 τὴν
622 1853 1024 1936 ἐπαγγελίαν
1078 1852 1154 1924 μὴ
1208 1853 1534 1925 ἀποκάμητε
1557 1840 1671 1919 οὖν,
1711 1871 1789 1907 τι-
1818 1848 1860 1902 Β

183 1943 481 2014 μιώτατοι,
532 1933 669 1998 ἀλλὰ
698 1946 764 2015 τῇ
793 1933 936 2016 ἀρχῇ
969 1944 1031 1998 τὸ
1059 1944 1214 2008 τέλος
1248 1945 1544 2016 συνάψατε,
1581 1944 1676 1998 καὶ
1714 1942 1792 2014 τῷ

181 2035 338 2088 τέλει
369 2035 467 2107 τὴν
493 2036 668 2108 ἀρχὴν
694 2035 1004 2106 συνάψατεο
1048 2037 1112 2091 '0
1156 2037 1268 2106 γὰρ
1329 2037 1663 2106 ὑπομείνας
1704 2038 1791 2101 εὶς

184 2116 392 2194 τέλος,
419 2124 601 2195 οὗτος
625 2128 966 2196 σωθήσεται
988 2145 1004 2160 ο
1033 2129 1244 2199 γένοιτο
1270 2128 1329 2182 δὲ
1362 2129 1392 2181 ὁ
1401 2129 1509 2200 μᾶς
1531 2128 1628 2182 καὶ
1642 2129 1791 2199 ἡμᾶς

190 2216 475 2287 μακαρίου
505 2218 601 2272 καὶ
625 2217 774 2272 ὁσίου
814 2217 1006 2282 τέλους
1037 2220 1220 2290 τυχεῖν
1257 2217 1684 2289 ἐντρεφομένους
1705 2215 1792 2268 δό-

185 2325 373 2379 γμασι
407 2309 609 2376 θείοις,
669 2310 776 2365 ὑπὸ
807 2310 943 2364 Θεοῦ
975 2311 1267 2384 ἀρχόμενοι
1314 2311 1409 2364 καὶ
1457 2310 1591 2381 παρ’
1619 2306 1788 2363 αὐτοῦ

189 2419 285 2454 ποι
295 2402 616 2473 μαινόμενοι
637 2420 651 2433 ο
705 2404 802 2458 καὶ
844 2403 912 2458 τὰ
968 2404 1196 2458 εὐκταῖα
1251 2404 1432 2458 ἐκεῖνα
1466 2404 1684 2482 ῥήματα
1715 2398 1802 2470 τῷ·

202 2493 522 2565 ’Δποστόλῳ
580 2495 1032 2566 κατορθώσαντας
1085 2495 1226 2567 μετὰ
1275 2493 1589 2566 παρρησίας
1616 2491 1788 2559 λέξαι.

196 2582 318 2640 Τὸν
346 2586 551 2657 ἀγῶνα
576 2586 682 2641 τὸν
709 2587 902 2643 καλὸν
932 2588 1287 2659 ἠγώνισμαι,
1313 2586 1422 2640 τὸν
1448 2585 1671 2654 δρόμον
1701 2599 1793 2637 τε-

186 2676 434 2744 τέλεκα,
459 2678 576 2748 τὴν
607 2680 818 2735 πίστιν
863 2681 1163 2750 τετήρηκα
1184 2697 1199 2710 ο
1237 2677 1458 2734 λοιπόν
1483 2668 1794 2732 ἀπόκειται

138 2797 169 2818 ο
185 2786 295 2839 μοι
330 2772 364 2824 ό
403 2768 512 2838 τῆς
557 2770 951 2842 δικαιοσύνης
997 2773 1324 2842 στέφανος,
1375 2770 1447 2824 ὃν
1490 2767 1792 2830 ἀποδώσει

184 2867 294 2930 μοι
317 2863 536 2930 Κύριος
557 2864 627 2918 ἐν
647 2864 848 2934 ἐκείνῃ
875 2863 950 2935 τῇ
979 2864 1194 2935 ἡμέρᾳ,
1224 2866 1258 2920 ὁ
1286 2863 1521 2928 δίκαιος
1546 2846 1756 2928 κριτής
1773 2875 1786 2889 ⁸

1890 573 1989 639 nit,
2027 572 2189 626 toties
2220 572 2268 627 ei
2321 571 2537 626 laudum
2591 579 2894 624 vestrarum
2927 567 2982 622 in
3033 578 3268 624 mentem
3301 571 3467 624 venit.

1891 663 2113 733 Itaque,
2174 678 2208 718 o
2272 662 2576 726 fortissimi,
2629 669 2866 715 vestram
2920 658 3236 728 dignitatem
3300 661 3469 730 probe

1890 756 2126 812 scientes
2152 765 2497 826 vestramque
2523 756 2745 820 famam,
2768 754 3025 825 deinceps
3052 764 3287 810 vestram
3319 772 3466 812 mer~

1889 848 2074 903 cedem
2098 848 2377 903 cumulare
2423 849 2680 913 nitimiui,
2706 849 3010 904 futurorum
3060 847 3323 902 bonorum
3373 864 3472 918 spe
3555 893 3559 896 .

1891 940 2125 995 alacrius
2144 940 2451 1010 vigilantes,
2483 922 2920 1010 illudquebavid
2951 948 3237 996 cantantes
3275 957 3288 994 :
3331 939 3471 993 For-

1891 1031 2014 1084 titer
2038 1041 2154 1099 age,
2202 1040 2250 1084 et
2299 1031 2573 1084 roboratur
2608 1045 2701 1084 cor
2749 1041 2918 1097 tuum,
2953 1041 3002 1086 et
3049 1034 3252 1088 sustine
3291 1034 3476 1088 Domi-

1892 1137 2015 1175 num
2042 1121 2137 1186 “';
2166 1136 2234 1176 ne
2269 1121 2409 1178 forte
2453 1122 2739 1193 aliquando
2767 1123 2850 1180 vel
2899 1123 3057 1179 unica
3080 1124 3334 1195 cogitatio
3356 1125 3472 1181 the-

1891 1228 2109 1266 saurum
2139 1216 2456 1268 universum
2490 1217 2823 1283 pessumdet;
2874 1230 3048 1286 neque
3080 1226 3201 1287 post
3259 1225 3470 1272 tantum

1894 1305 2151 1374 temporis
2195 1314 2424 1360 traCtum
2463 1306 2642 1360 brevis
2672 1305 2853 1377 aliqua
2901 1308 3223 1378 negligentia
3278 1317 3474 1364 vestras

1891 1399 2085 1454 animaa
2109 1401 2269 1464 bona,
2310 1414 2406 1454 ceu
2437 1398 2579 1455 ﬂans
2605 1414 2672 1456 ex
2709 1399 2933 1463 adverso
2958 1409 3150 1456 ventus
3195 1403 3471 1456 ardentem

1891 1493 2063 1549 facem
2097 1493 2427 1564 exstinguat,
2473 1493 2564 1562 qui
2616 1507 2807 1562 reapse
2851 1492 3017 1548 veluti
3076 1494 3356 1549 luminaria
3415 1496 3468 1550 in

1892 1588 2022 1642 orbe
2051 1586 2282 1652 lucetis;
2315 1595 2372 1641 ut
2430 1601 2553 1640 cum
2594 1573 2864 1654 apostolis
2893 1585 3127 1640 audiatis
3169 1604 3182 1640 :
3219 1586 3325 1641 Vos
3347 1588 3472 1642 estis

1892 1681 1985 1732 lux
2014 1678 2198 1733 mundi
2231 1677 2297 1730 ⁸⁵.
2331 1676 2436 1731 Sed
2463 1686 2518 1730 et
2552 1675 2841 1744 Apostolus
2870 1675 2946 1728 ait
2981 1682 2999 1728 ἰ
3030 1671 3299 1729 Patientia
3340 1692 3470 1743 opus

1892 1780 1964 1823 est
1995 1768 2157 1833 vobis,
2209 1777 2264 1821 ut
2303 1764 2402 1822 Dei
2431 1764 2746 1820 uoluntatem
2795 1761 3129 1831 complentes,
3161 1765 3468 1831 promissio-

1890 1876 2006 1914 nem
2036 1858 2309 1928 reportetis
2337 1856 2403 1909 “.
2441 1854 2520 1909 Ne
2551 1855 2712 1926 igitur
2754 1853 3061 1919 lassemeni,
3096 1868 3130 1908 ο
3157 1854 3471 1908 desideran—

1888 1950 2109 2014 tissimi,
2159 1949 2253 2004 sed
2290 1947 2451 2002 ﬁnem
2487 1947 2642 2001 initio
2681 1945 2910 2015 iungite,
2959 1954 3013 1998 et
3066 1944 3157 1999 [iui
3212 1945 3470 2000 initium:

1892 2041 1998 2107 Qui
2046 2040 2184 2092 enim
2234 2036 2540 2092 sustinuerit
2577 2053 2738 2105 usque
2790 2037 2858 2089 ad
2907 2036 3098 2102 ﬁnem,
3149 2035 3234 2089 hic
3295 2035 3471 2089 salvus

1889 2133 1986 2188 erit
2009 2133 2075 2187 ".
2096 2131 2316 2188 Utinam
2341 2142 2469 2183 vero
2491 2128 2641 2184 vobis
2667 2126 2928 2196 nobisque
2953 2127 3230 2199 contingat
3255 2127 3470 2182 beatum

1889 2226 2246 2288 sanctumque
2294 2217 2580 2272 terminum
2650 2216 2942 2284 consequi,
2989 2217 3173 2271 divino
3221 2216 3474 2287 dogmate

1889 2309 2163 2374 enutritis,
2201 2308 2311 2362 Deo
2342 2306 2487 2362 duce
2523 2317 2579 2362 et
2605 2307 2856 2377 pastore!
2885 2316 2942 2360 ut
2971 2307 3060 2361 ilia
3089 2307 3472 2362 desiderabilia

1889 2399 2127 2470 Apostoli
2162 2399 2326 2454 verba
2359 2409 2723 2468 exsequentes
2757 2398 2999 2453 dicamus
3055 2417 3068 2452 :
3098 2397 3308 2453 Bonum
3356 2416 3473 2454 cer—

1890 2499 2062 2544 tamen
2093 2488 2311 2555 ‘certa’vi,
2363 2497 2574 2541 cursum
2612 2487 2992 2554 consummavi,
3022 2488 3179 2557 ﬁdem
3232 2489 3473 2554 servavi;

1889 2582 2126 2649 deinceps
2149 2579 2371 2649 reposita
2410 2587 2486 2634 est
2510 2577 2640 2632 mihi
2673 2568 2900 2648 justitia:
2928 2594 3144 2639 corona.
3172 2595 3328 2647 quam
3354 2580 3474 2634 red-

1896 2673 1980 2725 det
2004 2671 2133 2724 mihi
2154 2669 2418 2724 Dominus
2443 2669 2500 2722 in
2521 2669 2614 2721 illa
2640 2668 2726 2722 die
2745 2668 2930 2737 justus
2943 2666 3112 2736 judea:
3137 2668 3216 2721 ‘3:
3249 2669 3334 2724 cui
3360 2668 3474 2740 glo-

1897 2764 1977 2818 ria
1997 2769 2051 2817 et
2083 2761 2343 2832 potentia,
2397 2759 2545 2814 Patri
2585 2758 2835 2814 videlicet
2858 2773 2982 2814 cum
3012 2758 3149 2814 Filio
3176 2769 3475 2830 sanctoque

1899 2853 2105 2923 Spiritu
2126 2894 2142 2921 ,
2174 2867 2272 2923 per
2297 2851 2493 2909 saecula
2517 2850 2857 2907 saeculorum.
2888 2851 3080 2905 Amen.

185 2949 237 3024 ᾧ
271 2959 306 3028 ή
350 2957 478 3024 δόξα
509 2961 606 3013 καὶ
659 2960 722 3014 τὸ
776 2959 996 3032 κράτος,
1025 2959 1104 3031 τῷ
1137 2957 1314 3028 Πατρὶ
1341 2956 1434 3012 καὶ
1461 2955 1541 3027 τῷ
1583 2954 1699 3025 Υίῷ
1744 2952 1837 3007 καὶ
1873 2949 1954 3021 τῷ
1980 2948 2121 3018 ἁγίῳ
2177 2947 2478 3018 Πνεύματι,
2527 2947 2606 3009 είς
2657 2946 2783 3009 τοὺς
2827 2945 3028 3009 αἰῶνας
3070 2946 3178 2999 τῶν
3237 2947 3468 3003 αἰώνων.

202 3038 405 3117 Ἆμήν.

272 3157 323 3228 “ﬁ
346 3156 504 3228 Prov.
540 3174 689 3225 xxix,
723 3161 779 3215 2.
857 3161 924 3194 ⁸⁸·
948 3159 1089 3216 Psal.
1129 3173 1279 3228 xm,
1305 3158 1397 3214 ιι.
1475 3157 1520 3190 ⁸⁸
1551 3155 1739 3213 Matth.
1771 3171 1789 3211 ι

1893 3155 1945 3208 ιι.
2019 3149 2065 3183 ⁸⁸
2087 3148 2254 3207 Hebr.
2291 3165 2347 3218 ι,
2381 3149 2468 3205 56.
2549 3149 2592 3181 ⁶⁷
2616 3147 2810 3204 Matth.
2842 3163 2992 3210 sxw,
3025 3146 3112 3200 i5.
3174 3146 3220 3177 ⁸⁸
3251 3146 3289 3200 ll
3320 3145 3468 3206 Tim.

197 3241 281 3292 tv,
314 3227 368 3294 7,
403 3227 456 3281 8.

267 3340 390 3408 (l9)
422 3339 504 3394 An
529 3337 874 3410 κομίσησθεῖ

1443 3447 1510 3492 Ι,
1762 3443 1814 3485 Il
1884 3445 2141 3484 ΙΙ--Ι
2639 3445 2643 3488 Ι
2921 3445 2928 3450 .

1455 3619 1628 3669 ANNO
1659 3620 1882 3666 DOMINI
1913 3619 2218 3662 CCCXLVIII
2230 3649 2240 3663 .

1161 3925 1319 4086 S.
1415 3925 2516 4086 PACHOMIUS

927 4215 2091 4335 TABENNENSIS
2191 4217 2706 4330 ABBAS

1599 4590 2068 4670 NOTITIA.

841 4767 1164 4840 (GALL.\ND.,
1209 4765 1452 4822 Veterum
1482 4764 1709 4821 Patrum
1736 4763 2018 4829 Biblioth.,
2055 4771 2183 4819 tom.
2210 4763 2301 4826 IV.
2329 4761 2568 4833 Proleg.-,
2595 4779 2648 4834 p.
2681 4766 2852 4834 χχιχ.)

213 5058 255 5113 1.
305 5056 576 5110 Parhomii
595 5064 740 5109 ortus
763 5063 810 5108 et
833 5054 954 5108 vita:
977 5052 1312 5124 institutum,
1337 5062 1617 5124 antequam
1641 5055 1792 5109 Chri-
1817 5061 1860 5119 ο
1892 5054 2234 5110 Constantini
2265 5052 2439 5124 Magni
2471 5051 2694 5122 eiusque
2719 5051 2954 5106 filiorum
2991 5049 3326 5121 temporibus
3355 5065 3475 5104 ma-

289 5140 368 5181 sto
400 5141 584 5180 nonten
617 5128 788 5180 daret.
823 5123 1202 5179 Anachoresim
1232 5123 1459 5191 primum
1486 5122 1752 5191 professus
1773 5167 1788 5190 ,

286 5199 618 5266 postmodum
668 5193 1105 5266 Tabennensium
1145 5191 1520 5266 monachorum
1569 5204 1788 5266 auctor,

288 5262 390 5336 ιιιιο
419 5277 646 5386 tenuiore
669 5265 872 5332 ﬂoruit.
906 5262 1134 5318 Celebris
1164 5262 1278 5331 ejus
1304 5262 1577 5316 memoria.
1607 5264 1791 5318 Annus

290 5344 535 5390 emortua
561 5351 627 5388 ts.

209 5495 225 5503 κ
292 5427 619 5482 Pacliomius
646 5423 786 5492 apud
816 5422 1146 5478 Thebaidem
1175 5423 1452 5478 inferioris
1475 5417 1696 5492 Egypti
1730 5435 1796 5474 ex

219 5519 536 5592 parentibus
574 5518 811 5574 ethnicis
847 5527 1038 5579 ortus,
1081 5515 1285 5570 militia:
1324 5516 1558 5584 primum
1599 5527 1797 5568 nomen

228 5613 409 5680 dedit;
437 5611 779 5682 postmodum
810 5623 936 5666 vero
966 5609 1032 5665 ad
1061 5607 1268 5664 Christi
1293 5607 1452 5664 ﬁdem
1476 5619 1794 5673 conversus,

293 5770 376 5846 (a)
415 5772 620 5830 Pallad.
647 5771 792 5830 Hist.
820 5770 982 5830 Laus.
1013 5785 1135 5842 cap.
1170 5767 1256 5826 38.

1902 5145 2048 5199 xime
2073 5144 2285 5199 claruit.
2317 5141 2765 5197 Anachorcticam
2789 5141 2934 5196 enim
2966 5139 3130 5195 vitam
3157 5141 3472 5209 amplexus,

1902 5237 2160 5302 deinceps
2191 5232 2448 5289 divinitus
2480 5232 2819 5298 admonitus,
2865 5230 3304 5286 Tabennensium
3353 5247 3474 5285 mo-

1903 5326 2200 5382 nachorum
2231 5331 2423 5378 auctor
2459 5330 2516 5376 et
2543 5322 2823 5377 institutor
2841 5319 3119 5374 exstitisse
3140 5318 3475 5388 perhibetur,

1903 5428 1964 5473 ut
1995 5425 2117 5488 post
2148 5414 2443 5470 Palladium
2469 5414 2546 5484 (a)
2572 5413 2763 5468 scribit
2795 5411 3130 5466 Sozomenus
3162 5411 3238 5482 (b)
3258 5449 3275 5476 ,
3309 5425 3478 5464 evan-

1904 5509 2090 5579 gelicae
2116 5504 2464 5577 perfectionis
2491 5502 2764 5572 professor
2791 5502 3024 5557 eximius
3046 5541 3061 5567 ,
3095 5502 3313 5571 optimis
3344 5516 3476 5571 prae-

1907 5601 2079 5671 ceptis
2129 5595 2505 5667 institutisque
2542 5593 2834 5664 discipulos
2885 5607 3017 5650 suos
3066 5593 3299 5648 erudivit
3333 5611 3346 5648 :
3383 5590 3476 5650 Vir

1979 5759 2052 5830 (b)
2092 5757 2308 5816 Sozom.
2347 5755 2483 5811 Hist.
2515 5754 2642 5812 eccl.
2674 5754 2768 5812 lib.
2801 5769 2892 5823 ιιι,
2921 5752 3131 5823 cap.M.
