3868 6282
387 385 502 442 ’9ιῦ

1519 368 1795 426 PATRES
1831 367 2127 425 EGYPTH
2170 368 2442 425 SECULI
2485 371 2575 427 IV.

3550 381 3667 439 9η

397 516 585 558 (cetera
633 501 1080 561 humanissimus,
1121 495 1345 568 .Deoqae
1385 491 1667 546 admodum
1727 490 1920 543 citarus
1955 504 1971 550 ;
2005 498 2048 552 Α
2076 489 2287 556 pristini
2321 491 2524 544 decoris
2566 490 2784 543 amittit.
2822 487 2972 546 Unde
3018 499 3068 547 et
3113 510 3204 564 ego
3249 510 3471 550 moerens
3501 514 3664 566 super

400 597 530 648 adeo
582 603 636 647 ut
683 593 861 663 futura
908 593 1289 657 prirnosceret,
1341 591 1388 636 et
1446 596 1562 634 cum
1623 579 1819 648 angelis
1868 578 1977 643 [re-

399 701 615 757 qnenter
644 684 1024 754 colloqueretur
1055 679 1128 748 (a)
1155 696 1170 732 :
1220 676 1384 746 Ἀνὴρ
1415 674 1484 727 τὰ
1520 671 1753 743 μάλιστα.
1790 669 1978 740 φιλάν-

400 781 638 853 Θρωπος,
677 777 772 830 καὶ
811 772 1063 842 θεοφιλὴς
1108 771 1188 833 εἰς
1239 769 1377 836 ἄγαν
1401 805 1416 832 ,
1462 765 1538 829 ὡς
1576 762 1878 836 προειδέναι
1911 759 1980 815 τὰ

401 852 634 940 ὲάόμενα
655 907 670 932 ,
698 867 792 920 καὶ
833 865 998 928 Θείοις
1029 861 1280 933 ἀγγέλοις
1309 857 1509 930 ὁμιλῶν
1537 855 1813 917 πολλάκις.
1846 852 1980 906 Iliue

400 959 680 1016 Pachomii
735 973 930 1012 nomen
989 970 1110 1010 cum
1167 950 1306 1023 apud
1357 957 1600 1004 vetustos
1651 944 1976 1012 scriptores,

408 1065 517 1108 tum
558 1053 610 1106 in
649 1050 804 1104 lastis
835 1044 1264 1107 ecclesiasticis,
1306 1041 1420 1096 sive
1449 1037 1653 1094 Graecis
1683 1035 1798 1090 sive
1838 1033 1982 1087 Lati-

405 1144 517 1208 nis,
551 1141 779 1197 summis
807 1138 1052 1192 laudibus
1085 1134 1418 1190 celebratum
1449 1129 1723 1185 invenias.
1755 1126 1982 1196 Magnus

405 1236 621 1306 quidem
655 1233 1016 1293 Athanasius,
1050 1234 1188 1282 teste
1219 1225 1548 1293 Hier-Onymo
1583 1221 1658 1290 (b)
1681 1260 1694 1282 ,
1728 1218 1880 1288 quasi
1913 1217 1981 1270 ad

398 1324 732 1379 tutissimum
762 1318 1143 1375 communionis
1175 1325 1381 1386 portum
1411 1313 1629 1367 Romam
1656 1309 1981 1378 confugiens,

413 1413 593 1472 Vitam
640 1413 776 1469 beati
811 1410 1027 1466 Antonii
1065 1410 1236 1462 adhuc
1284 1417 1406 1459 tunc
1445 1403 1656 1458 viventis
1681 1442 1694 1464 ,
1726 1409 1983 1454 monaste-

407 1510 712 1576 riorumqae
751 1505 806 1559 in
843 1501 1104 1556 Thebaide
1140 1497 1410 1552 Pacltomii
1450 1492 1829 1562 Disciplinam,
1873 1491 1983 1559 pri-

407 1615 528 1655 mus
564 1601 618 1653 in
653 1597 852 1652 Urbem
891 1593 1116 1649 invexit.
1151 1590 1481 1658 Factumque
1511 1586 1766 1656 proinde,
1805 1585 1880 1636 ait
1905 1583 1987 1635 vir

409 1691 598 1744 doctus
644 1686 754 1756 (ο),
799 1694 860 1738 ιιι
911 1681 1152 1737 Romana
1203 1689 1313 1732 tum
1359 1677 1592 1746 primum
1640 1671 1880 1728 Ecclesia
1931 1672 1984 1725 in

411 1779 696 1836 monastici
752 1773 983 1830 instituti
1040 1785 1280 1826 amorem
1339 1767 1505 1822 fuerit
1550 1778 1800 1820 accensa.
1852 1761 1987 1817 Hinc

412 1869 743 1926 monasteria
776 1866 942 1921 multa
988 1878 1083 1932 per
1123 1861 1329 1916 Italiam
1374 1858 1645 1920 excitata,
1679 1864 1735 1910 et
1773 1853 1987 1908 iustitu-
2016 1851 2060 1905 Β

413 1974 526 2017 tum
561 1957 867 2029 ltujnsmodi
904 1955 1101 2010 exinde
1138 1968 1232 2021 per
1259 1950 1606 2006 Occidentem
1651 1944 1891 2000 manavit
1932 1943 1986 1997 in

412 2051 529 2106 dies
563 2048 746 2102 latins.
780 2045 1104 2116 Supretnum
1139 2043 1281 2097 diem
1315 2040 1453 2095 obiit
1484 2037 1861 2093 sanctissimus
1894 2036 1989 2087 ab-

415 2140 509 2193 bas
547 2154 691 2193 anno
739 2135 844 2191 548
891 2136 1015 2205 (d);
1085 2133 1308 2203 ejusque
1353 2141 1501 2194 gesta
1551 2127 1867 2182 admiranda
1898 2126 1990 2179 de-

406 2227 630 2294 scripsit
657 2224 874 2292 quidam
907 2223 1206 2277 monachus
1232 2217 1602 2274 Tabenneusis
1648 2226 1806 2270 aetate
1853 2229 1985 2282 sup-

414 2332 530 2383 par.
564 2330 682 2385 qua:
712 2315 854 2384 apud
881 2311 1264 2368 Bollaudianos
1290 2311 1472 2365 videas
1503 2308 1593 2381 (e).

415 2407 479 2460 ll.
531 2404 622 2459 Vir
655 2405 962 2474 apostolica;
987 2405 1206 2474 gratiw,
1245 2400 1504 2474 Regulam
1538 2397 1851 2474 ﬂigw‘itiace
1879 2413 1993 2464 per-

487 2468 720 2544 scripsit.
756 2476 893 2527 Eam
925 2468 1105 2544 Greece
1139 2468 1397 2526 reddita'm
1429 2468 1635 2544 Latinis
1668 2469 1854 2520 litteris
1882 2477 1994 2518 tra-

486 2539 616 2597 didit
659 2543 1035 2612 Hieronymus.
1069 2542 1183 2605 Quo
1212 2557 1350 2595 anno
1378 2539 1665 2594 versionem
1690 2553 1841 2590 suam
1869 2553 1995 2590 con-

486 2615 664 2682 fecerit
698 2626 909 2667 sanctus
940 2614 1143 2667 doctor.

490 2707 809 2764 l’achomius
833 2747 848 2773 ,
887 2707 1060 2776 inquit
1091 2704 1401 2760 Gennadius
1440 2701 1504 2772 (Γ)
1529 2737 1545 2764 ,
1576 2701 1656 2754 vir
1679 2708 1786 2754 tam
1815 2715 1869 2753 ιη
1897 2697 1996 2751 do-

410 2802 580 2855 cendo
616 2814 773 2868 quam
818 2799 871 2853 in
927 2799 1080 2868 signa
1132 2796 1408 2865 faciendo,
1450 2794 1749 2864 apostolica:
1783 2794 1993 2862 gratim,

414 2892 626 2961 scripsit
655 2891 914 2962 Regulam
939 2891 1144 2959 utrique
1171 2889 1348 2958 generi
1375 2886 1750 2940 monachorum
1777 2898 1952 2953 aptam
1973 2923 1990 2948 ,

416 2999 578 3055 quam
601 2983 788 3053 angelo
819 2984 1044 3036 dictante
1069 2989 1384 3048 perceperat.
1411 2979 1562 3044 Quod
1586 2978 1803 3047 quidem
1831 2976 1999 3029 multo

423 3089 551 3134 ante
588 3078 923 3133 tradiderant
957 3075 1265 3129 Heraclides
1284 3074 1391 3142 (g),
1443 3072 1712 3127 Palladius
1749 3069 1860 3140 (lt),
1895 3069 1996 3122 So-

2080 576 2398 632 dormitione
2429 587 2626 632 sancite
2650 589 2696 631 et
2730 580 3038 634 venerabilis
3067 580 3287 645 Paulaz.
3315 614 3388 622 ——
3407 601 3510 654 quo
3537 589 3672 638 mul-

2083 677 2254 722 torum
2287 669 2452 723 incisa
2485 669 2630 723 illius
2663 681 2829 725 morte
2865 673 3144 742 refrigeria
3179 677 3542 743 suspirarem,
3580 694 3672 732 ac-
3698 711 3712 722 -

2081 761 2191 828 cepi
2224 760 2384 813 libros
2407 800 2423 825 ,
2449 769 2556 815 etc.
2583 759 2648 814 Et
2680 775 2806 814 mox
2839 784 2850 815 ;
2886 760 3072 830 Itaque
3096 765 3219 832 quia
3243 766 3333 818 diu
3359 776 3632 822 tacueram
3652 809 3670 834 ,

2082 862 2128 904 et
2160 851 2394 905 dolorem
2425 868 2596 906 meum
2625 853 2834 907 silentio
2858 855 3228 909 devoraverunt
3246 898 3260 920 ,
3285 884 3356 894 ——
3383 858 3555 911 accito
3585 874 3678 912 no-

2084 943 2256 1008 tario,
2302 953 2361 997 ut
2401 954 2548 998 erant
2595 946 2658 998 de
2687 943 3010 1015 .«Egyptiaca
3043 946 3100 1000 in
3148 947 3390 1002 Graecam
3433 948 3675 1019 linguam

2085 1053 2230 1091 versa
2252 1077 2266 1100 ,
2302 1047 2481 1092 nostro
2504 1054 2742 1093 sermone
2768 1039 2993 1104 dictavi,
3024 1049 3080 1091 ut
3103 1069 3169 1079 —
3192 1037 3357 1106 bono,
3391 1051 3446 1094 ut
3475 1043 3634 1096 aiunt
3658 1080 3676 1106 ,

2083 1131 2324 1200 auspicio
2369 1129 2584 1199 longum
2635 1131 2901 1185 silentium
2956 1146 3284 1200 rumperent,
3324 1133 3548 1186 reddens
3595 1149 3679 1187 me

2084 1225 2321 1295 pristinis
2356 1223 2584 1288 studiis,
2616 1231 2664 1276 et
2698 1233 2896 1276 sanctae
2935 1222 3144 1291 feminae
3185 1221 3508 1291 refrigeratus
3553 1225 3680 1276 ani-

2086 1333 2260 1380 mam,
2290 1331 2408 1385 qua:
2441 1315 2880 1367 monasteriorum
2917 1328 3119 1382 semper
3152 1327 3330 1366 amore
3361 1314 3642 1382 ﬂagrauit.

2086 1429 2172 1485 Ill.
2227 1429 2406 1483 νει-εἰσ
2442 1425 2675 1507 ιὶιξειιιιιξ⁸
2704 1424 3039 1508 Hieronymo
3054 1425 3375 1508 vindicatur,
3409 1425 3682 1495 simulque

2456 1497 2625 1565 aperis
2657 1497 2928 1566 integritas
2957 1497 3218 1549 astruitnr

2159 1612 2284 1666 Haec
2317 1620 2493 1665 autem
2529 1607 2951 1678 Hieronymiana
3000 1617 3287 1677 propterea
3329 1608 3382 1661 in
3431 1609 3680 1662 medium

2089 1706 2446 1767 adduximus,
2479 1710 2538 1756 ut
2566 1700 2854 1756 Guilielmo
2882 1700 3060 1754 Cavea
3092 1699 3154 1770 (ι)
3196 1699 3425 1769 aliisque
3453 1700 3680 1754 obviam

2091 1797 2313 1861 iremus,
2342 1793 2434 1862 qui
2461 1791 2586 1846 dum
2619 1789 3006 1859 Hieronymum
3038 1789 3419 1845 Pachomianae
3450 1789 3681 1859 Regula:

2092 1888 2443 1955 interpretem
2493 1894 2790 1953 agnoscere
2840 1882 3114 1944 almuunt,
3161 1881 3403 1950 ejusdem
3456 1897 3684 1952 quoque

2090 1976 2304 2046 Regula:
2339 1975 2712 2030 sinceritatem
2743 1974 2796 2026 in
2827 1973 3118 2026 discrimen
3149 1987 3349 2029 vocare
3379 1975 3681 2030 videntur:

2090 2063 2355 2119 Nimirum
2379 2103 2394 2128 ,
2427 2063 2702 2132 inquiunt,
2736 2063 2781 2116 si
2831 2063 2971 2117 banc
3004 2059 3257 2130 Regulam
3305 2066 3684 2120 transtulisset

2095 2154 2482 2226 Hieronymus,
2517 2152 2867 2207 Pacbomium
2897 2153 3177 2207 enimvero
3205 2154 3347 2208 inter
3371 2155 3686 2225 scriptores

2093 2245 2496 2300 ecclesiasticos
2535 2243 2844 2307 retulisset,
2888 2243 2967 2295 vel
3003 2243 3193 2298 saltem
3237 2246 3380 2300 inter
3425 2256 3683 2302 suasmet

2097 2337 2377 2392 versioues
2413 2339 2552 2389 bane
2581 2335 2770 2389 itidem
2817 2335 3176 2389 recensuisset
3221 2346 3444 2391 sanctus
3492 2337 3685 2393 Pater.

2094 2427 2162 2480 At
2187 2428 2275 2498 qui
2308 2429 2387 2482 sic
2419 2424 2859 2496 arguunteruditi
2885 2423 3016 2488 viri,
3044 2441 3148 2480 non
3181 2427 3533 2481 adverterunt
3561 2427 3673 2482 Ca-

2097 2521 2329 2590 talogum
2351 2533 2506 2573 suum
2539 2517 2839 2572 confecisse
2871 2515 3260 2588 Hieronymum
3290 2533 3432 2572 anno
3459 2519 3686 2572 demunt

2095 2598 2222 2672 399,
2257 2608 2346 2676 qui
2382 2613 2663 2676 propterea
2697 2619 2871 2674 neque
2910 2605 3051 2660 inter
3079 2621 3206 2662 suos
3238 2604 3390 2661 Viros
3422 2608 3664 2663 illustres

2099 2697 2482 2761 l‘acbominm,
2519 2709 2693 2764 neque
2733 2711 2862 2752 suas
2894 2698 3036 2752 inter
3065 2697 3343 2754 versiones
3373 2698 3687 2755 beatissimi

2099 2790 2239 2844 illius
2282 2788 2496 2842 abbatis
2544 2787 2760 2856 Regqu
2793 2789 3194 2843 translationem
3222 2789 3428 2844 referre
3463 2793 3684 2860 potuit,
3743 2785 3767 2808 ⁸

2098 2879 2250 2948 cujus
2294 2879 2499 2934 scilicet
2526 2877 2773 2932 Graecum
2808 2879 3084 2948 exemplar
3127 2879 3407 2934 duodecim
3453 2871 3670 2936 tantum

2098 2983 2219 3042 post
2262 2985 2432 3026 annos
2467 2969 2658 3025 Latine
2689 2973 3005 3024 vertendum
3040 2971 3266 3040 recepit.

2171 3062 2251 3116 Ad
2302 3063 2416 3116 bzec
2456 3059 2871 3126 Tillemontius,
2904 3061 3035 3116 licet
3067 3062 3324 3116 admittat
3361 3064 3542 3118 sancti
3575 3063 3674 3117 Pa.

422 3182 683 3224 zomeuus
713 3168 812 3236 (i),
849 3176 906 3220 et
959 3167 1115 3234 longe
1173 3174 1294 3232 post
1343 3164 1676 3231 Nirephorus
1718 3163 1808 3230 (j).
1847 3159 1996 3213 Hauc
2024 3195 2066 3252 ο
2100 3153 2299 3208 cltomii
2335 3151 2590 3221 Regulam
2617 3153 3029 3220 interpretatum
3052 3149 3219 3206 fuisse
3248 3150 3688 3224 Hieronymum;

422 3271 603 3317 autem
637 3259 805 3313 sancti
834 3256 1108 3311 Pachomii
1144 3255 1394 3324 Regulam
1418 3253 1736 3324 Egyptiaco
1763 3251 1995 3320 primum

422 3361 675 3406 sermone
707 3346 1068 3412 conscriptam
1095 3382 1111 3409 ,
1142 3343 1334 3398 deinde
1367 3341 1556 3397 Graece
1590 3341 1896 3405 redditam,
1943 3341 1996 3390 itt

422 3440 639 3497 Latium
671 3435 946 3492 transtulit
984 3443 1205 3490 sanctus
1243 3431 1604 3503 Hieronymus
1628 3468 1643 3493 ,
1677 3439 1871 3496 rogatu
1905 3429 1999 3482 bo-

423 3530 589 3585 minis
631 3528 726 3582 Dei
757 3525 961 3581 Silvani
992 3523 1336 3595 presbyteri;
1378 3523 1470 3591 qui
1506 3529 1790 3590 propterea
1823 3518 1997 3573 Leon-

425 3624 557 3675 tium
605 3618 982 3691 presbyterum
1038 3627 1092 3670 et
1122 3625 1348 3670 caeteros
1400 3629 1521 3668 cum
1575 3627 1641 3667 eo
1691 3611 1889 3666 fratres
1931 3609 2000 3664 ad

424 3722 672 3768 sanctum
720 3710 1010 3764 Ductorem
1062 3709 1114 3760 in
1168 3707 1504 3761 Palaestinam
1548 3705 1855 3766 direxerat,
1895 3715 2001 3770 quo

427 3801 600 3858 Graeci
627 3797 952 3868 exemplaris
978 3796 1478 3865 interpretationem
1508 3808 1691 3849 coram
1720 3799 1998 3862 peterent,

422 3893 764 3964 ﬂagitarent,
795 3897 1071 3959 urgerent.
1124 3887 1302 3941 Tantis
1347 3886 1530 3954 itaque
1575 3885 1697 3939 viris
1738 3884 2003 3951 imperan-

427 3982 604 4047 tibus,
649 3995 712 4034 ne
749 3979 922 4032 dicam
968 3975 1296 4047 rogantibus,
1326 3988 1530 4028 morem
1567 3971 1736 4043 gessit
1783 3977 2003 4024 sanctus

378 4068 397 4085 ⁹
426 4073 608 4132 Pater.
640 4081 698 4125 ut
729 4071 956 4140 ipsemet
985 4069 1038 4122 itt
1069 4064 1392 4121 Praef-alioue
1424 4064 1491 4118 ad
1516 4063 1819 4116 versionem
1850 4073 2000 4114 suam

425 4162 654 4218 scribit:
688 4160 776 4214 ubi
804 4159 968 4214 etiam
999 4166 1213 4225 tempus
1242 4155 1443 4210 indicat
1467 4168 1577 4224 quo
1608 4165 1826 4205 manum
1851 4149 2001 4218 operi

426 4254 686 4311 admovit.
731 4251 998 4306 Currebat
1044 4250 1253 4305 scilicet
1292 4262 1466 4302 annus
1503 4245 1631 4309 404,
1671 4259 1776 4312 quo
1817 4252 2000 4297 sancta

424 4343 592 4398 Paula
638 4354 954 4410 supremum
986 4340 1128 4394 diem
1162 4337 1362 4394 abiisse
1389 4335 1739 4405 comperitur,
1786 4348 1857 4388 vn
1891 4332 2000 4385 Ka-

425 4433 608 4486 lendas
642 4429 999 4495 Februarias,
1039 4429 1196 4484 tertia
1231 4427 1451 4482 Sabbati
1481 4435 1594 4494 post
1632 4424 1760 4478 solis
1794 4421 2004 4476 accubi-

2103 3241 2306 3294 Monita
2340 3250 2517 3293 tamen
2548 3254 2668 3308 quae
2696 3238 2908 3308 Regula:
2935 3239 3315 3294 Pacltomiana:
3347 3241 3682 3304 subdantur,

2102 3332 2172 3384 ab
2214 3331 2404 3386 eodem
2435 3330 2762 3400 llierouymo
2811 3329 3005 3384 Latine
3054 3329 3227 3385 fuisse
3277 3330 3523 3397 reddita,
3579 3332 3686 3386 sibi

2109 3423 2441 3492 persuadere
2469 3421 2610 3476 baud
2643 3430 2823 3490 potest
2843 3421 2964 3491 (in),
2996 3434 3279 3491 propterea
3306 3421 3518 3478 scilicet
3541 3424 3691 3493 quod

2106 3513 2254 3568 locus
2306 3514 2359 3566 in
2415 3511 2517 3566 illis
2551 3521 2803 3566 occurrat
2855 3513 2938 3567 bis
2998 3514 3171 3568 verbis
3216 3528 3508 3581 expressus
3553 3518 3688 3585 (n):

2104 3605 2361 3658 Odiamus
2393 3619 2514 3672 ergo
2549 3604 2830 3670 mundum,
2870 3614 2918 3658 et
2951 3605 3128 3658 omnia
3167 3620 3282 3674 quia
3317 3605 3371 3658 in
3411 3622 3472 3659 eo
3515 3617 3691 3673 sunt;

2104 3695 2345 3747 odiamus
2381 3695 2543 3746 etiam
2575 3709 2778 3746 omnem
2810 3694 3038 3764 requiem
3080 3696 3423 3764 corporalem.
3475 3697 3693 3762 Quibus

2102 3783 2388 3837 recitatis:
2428 3781 2603 3846 Num,
2649 3782 2858 3852 inquit,
2897 3785 3034 3839 adeo
3063 3799 3250 3854 parum
3297 3784 3489 3841 Latine
3518 3786 3681 3842 locu-

2104 3883 2214 3928 tum
2249 3873 2414 3928 fuisse
2461 3872 2846 3944 Hieronymum
2876 3873 3294 3930 existimemus?
3321 3877 3512 3930 Annon
3555 3879 3674 3948 ipse

2104 3968 2278 4035 potius
2321 3965 2626 4031 scripsisset
2667 3965 2978 4020 oderimus?
3020 3966 3221 4020 Verum
3267 3977 3465 4035 printer
3509 3984 3681 4038 quam

2102 4057 2245 4123 quod
2294 4054 2499 4109 Monita
2537 4055 2622 4108 illa
2671 4055 2722 4108 in
2775 4054 3094 4113 Collectione
3136 4058 3456 4129 Regularum
3506 4063 3688 4115 sancti

2101 4145 2374 4200 Benedicti
2403 4139 2720 4200 Anianensis
2743 4188 2757 4213 ,
2790 4149 2884 4218 qui
2909 4165 3048 4204 unus
3078 4149 3560 4222 Hieronymianam
3591 4153 3688 4207 Pa-

2102 4238 2512 4294 chomianorum
2552 4253 2777 4308 operum
2824 4241 3328 4310 interpretationem
3368 4244 3526 4299 nobis
3571 4260 3685 4300 ser-

2105 4330 2523 4396 vavit,medium
2552 4329 2726 4384 locum
2751 4340 2935 4386 tenent
2966 4332 3107 4386 inter
3127 4332 3401 4388 Pacbomii
3430 4332 3686 4404 Regulam

2104 4430 2159 4473 et
2191 4418 2307 4487 ejus
2343 4418 2612 4486 Epistolas
2641 4457 2656 4483 ,
2697 4434 2926 4488 quarum
2974 4421 3242 4491 interpres
3285 4421 3543 4478 indubius
3599 4426 3689 4477 ba-

426 4538 568 4588 tum,
609 4520 852 4582 Honorio
895 4521 1131 4590 Augusto
1173 4534 1223 4572 Vl
1252 4528 1298 4571 et
1345 4517 1640 4569 Aristeneto
1664 4529 1826 4576 coss.,
1860 4521 1918 4564 ut
1946 4512 2000 4564 in
2032 4528 2081 4587 ο
2107 4511 2264 4564 betur
2304 4509 2444 4563 idem
2497 4509 2891 4581 Hieronymus;
2938 4512 3168 4580 ipsemet
3216 4521 3440 4568 sanctus
3483 4513 3688 4568 Doctor

425 4618 547 4687 ejus
579 4616 863 4686 Epitapltio
894 4614 1058 4668 tradit
1080 4611 1220 4665 idem
1255 4610 1619 4678 Hieronymus
1654 4606 1747 4677 (lt).
1785 4606 1873 4659 Sic
1902 4608 2003 4675 igi-

427 4720 517 4763 tur
547 4707 745 4762 Doetor
789 4707 1056 4760 maximus
1091 4704 1144 4756 in
1184 4703 1342 4756 modo
1381 4699 1600 4752 laudata
1635 4697 1996 4752 Praefatione:

427 4797 677 4863 Quamvis
702 4803 887 4848 acutus
912 4793 1122 4864 gladius
1145 4800 1195 4846 et
1224 4791 1477 4858 levigatus
1495 4827 1508 4850 ,
1537 4791 1582 4840 si
1603 4787 1694 4840 diu
1727 4787 1783 4840 in
1811 4788 1999 4854 vagina

425 4888 670 4943 conditus
715 4885 908 4953 fuerit,
963 4881 1217 4939 sordescit
1278 4878 1516 4948 rubigine
1567 4886 1616 4932 et
1673 4875 1998 4946 splendorem

497 5153 575 5224 (a)
613 5152 830 5224 _S_or.uut.
863 5150 912 5222 ,ΙΙ
924 5153 1008 5224 ist.
1037 5149 1164 5224 eccl.
1198 5150 1290 5224 lib.
1323 5163 1410 5224 ttl,
1441 5164 1504 5224 e._
1527 5149 1614 5224 μ.

430 5293 458 5363 s
487 5218 833 5361 ἑωριιξῖἕιι.
863 5218 1028 5289 epist.
1052 5219 1175 5284 1'27,
1203 5219 1272 5271 al.
1312 5222 1399 5281 lii,
1439 5221 1505 5272 ad
1524 5218 1764 5289 Princip.
1792 5219 2002 5290 cirgin.,

500 5355 922 5446 (cl’bioutiauc.
972 5355 1077 5412 Vit.
1109 5356 1168 5411 S.
1216 5356 1398 5411 Athan.
1439 5357 1502 5412 ad
1528 5371 1655 5412 ann.
1689 5357 1815 5422 541,
1843 5357 1870 5428 §
1896 5358 1964 5412 40
1991 5398 2005 5422 ,

426 5431 829 5571 νὛᾷβῗῖιιωυ.
854 5497 1014 5554 Μέηι.
1047 5507 1177 5552 tom.
1204 5495 1324 5562 VII,
1353 5513 1473 5567 pag.
1503 5497 1626 5560 691,
1658 5507 1770 5551 not.
1799 5496 1890 5562 55,
1915 5511 2001 5552 sur

425 5571 486 5628 S.
511 5569 764 5622 Paconio.

500 5639 570 5708 (e)
611 5639 848 5693 Bolland.
885 5641 1000 5692 Act.
1037 5638 1143 5693 SS.
1175 5635 1317 5691 Jnni't
1368 5646 1496 5692 tom.
1542 5634 1643 5701 Ill,
1679 5652 1834 5707 pagg.
1873 5636 2001 5704 25,‘

607 5775 850 5832 Geunad.
889 5776 962 5830 De
992 5779 1086 5830 vir.
1127 5775 1290 5830 illast.
1323 5790 1440 5844 cap.
1479 5775 1529 5829 7.

2106 4603 2281 4674 palam
2309 4604 2598 4672 protitetur
2623 4601 2697 4672 (ο)
2729 4602 3118 4670 simplicitatem
3151 4603 3396 4674 Egyptii
3426 4609 3685 4661 sermonis

2107 4711 2166 4750 se
2194 4694 2364 4750 fuisse
2390 4694 2692 4760 imitatum,
2723 4711 2784 4748 ne
2816 4696 2954 4749 viros
2985 4696 3300 4764 apostolicos
3321 4706 3370 4751 et
3401 4706 3540 4751 totos
3564 4713 3688 4767 gra-

2102 4788 2188 4838 tite
2219 4784 2551 4854 spiritualis,
2605 4802 2774 4840 sermo
2825 4786 3117 4841 rhetoricus
3163 4787 3487 4843 immutaret.
3544 4788 3684 4855 Quid

2102 4878 2243 4944 quod
2271 4877 2562 4946 ipsummet
2612 4877 2897 4932 Doctorem
2947 4873 3238 4934 maximum
3273 4879 3326 4934 in
3366 4888 3682 4935 sanctarum

2180 5149 2255 5218 (g)
2298 5147 2507 5222 Herael.
2549 5151 2750 5222 Parad.
2777 5166 2896 5222 cap.
2934 5151 3016 5207 l9.

2181 5221 2256 5292 tit)
2294 5218 2504 5292 _Pallad.
2544 5218 2684 5292 (list.
2718 5218 2879 5276 Laus.
2915 5238 3035 5292 cap.
3072 5219 3161 5275 38.

2182 5289 2246 5359 (ἡ)
2289 5289 2502 5344 Sozom.
2537 5289 2680 5359 Hist.
2709 5293 2836 5345 eccl.
2867 5293 2962 5346 lib.
2983 5289 3055 5345 ἰιι
3079 5331 3094 5355 ,
3130 5305 3248 5359 cap.
3289 5289 3375 5343 ﬂ.

2184 5358 2252 5429 (j')
2290 5359 2519 5429 Niceph.
2556 5358 2697 5415 Hist.
2735 5363 2861 5415 eccl.
2892 5362 2986 5416 lib.
3028 5379 3078 5416 Ix
3106 5401 3121 5427 ,
3158 5358 3277 5429 cap.
3317 5359 3398 5413 14.

2187 5428 2260 5502 (Ir)
2298 5428 2525 5502 Hieron.
2561 5433 2721 5497 epist.
2763 5431 2889 5494 108,
2921 5432 2989 5485 al.
3022 5433 3113 5499 27,
3146 5428 3308 5502 954,
3341 5444 3464 5500 pag.
3495 5429 3614 5484 Ἠξλ

2137 5502 2143 5510 ·
2187 5500 2248 5568 (ι)
2287 5500 2419 5571 (Sitit.
2457 5499 2793 5571 Hist_._litter.
2831 5512 2960 5571 tom.
2996 5502 3051 5566 Ι,
3084 5499 3293 5571 ρ.’208.

2184 5565 2278 5642 (in)
2317 5565 2531 5642 E‘illem.
2559 5567 2718 5623 Mem.
2759 5581 2890 5627 tom.
2928 5569 3046 5636 Vl],
3084 5565 3224 5642 'pag.
3258 5570 3400 5635 685,
3451 5579 3562 5624 unt.
3617 5565 3677 5626 ιδ

2109 5655 2200 5690 sur
2220 5635 2278 5693 S'.
2305 5637 2552 5694 Pacome.

2181 5710 2261 5775 (η)
2294 5706 2556 5776 Pacltum.
2595 5706 2729 5776 Opp.
2767 5709 2904 5762 inira
2942 5713 3044 5764 col.
3081 5713 3210 5766 9H.

2177 5778 2248 5846 to)
2286 5775 2505 5831 Hieron.
2541 5778 2593 5831 iu
2630 5775 2854 5846 l’rwfat.
2887 5780 2953 5833 ad
2988 5778 3240 5834 l’acltons.
3271 5780 3372 5836 Sub
3407 5784 3498 5835 lin.
