3872 6278
214 321 321 376 945

922 319 977 373 S.
1018 319 1346 374 PACIIOMII
1387 319 1866 376 TABENNENSIS
1899 323 2188 382 ABBATIS
2218 327 2625 395 PHAECEPTA,
2664 329 2814 385 ETC.

3358 333 3466 389 946

215 435 622 503 Scripturarnm
649 433 1090 500 interpretatione
1118 435 1305 489 eodem
1332 435 1497 489 ferme
1524 434 1774 504 loquendi
1805 437 1856 493 Α
1881 437 2059 491 betam
2093 441 2338 506 speciale,
2367 442 2529 510 sigms
2555 441 2863 510 quibusdam
2894 449 2939 494 et
2967 440 3212 510 symbolis
3235 441 3462 496 abscon-

214 541 410 598 genere
449 525 660 582 Latinis
687 525 907 580 auribus
944 528 1120 581 minus
1181 527 1406 594 probato
1456 526 1781 596 quandoque

214 633 370 674 usum
402 618 570 673 fuisse
605 619 851 672 novimus
874 618 897 671 2
923 617 992 673 Ut
1018 629 1198 672 autem
1229 629 1420 674 czetera
1447 620 1780 684 omittamus,

213 727 282 768 ex
307 712 467 766 unius
482 709 634 765 verbi
656 712 829 766 odisse
851 726 949 766 usu
972 711 1220 765 nonnulla
1245 710 1582 780 proferamus
1602 724 1786 765 exem-

213 805 322 874 pla.
349 804 727 872 Comperimus
758 802 936 870 itaque
965 799 1346 870 Hieronymum
1389 801 1443 854 in
1483 801 1654 855 sacris
1702 798 1786 854 Bi-

214 896 342 951 bliis
365 895 638 949 vertendis
668 902 759 946 aut
792 891 1145 947 recensendis
1181 891 1257 962 (a)
1309 907 1598 971 usurpasse
1628 907 1789 947 voces

212 986 440 1042 odientis
505 984 676 1038 Exod.
716 998 880 1048 χχιιι,
912 983 986 1049 5;
1021 984 1273 1043 odientes.
1308 981 1349 1036 ll
1378 981 1510 1054 Reg.
1548 998 1672 1048 XIX,
1709 983 1742 1037 6
1771 1001 1785 1048 ;

215 1079 450 1144 odibunt.
475 1075 635 1131 Prov.
666 1091 721 1141 I,
755 1075 862 1139 22;
900 1075 1060 1139 odiet,
1092 1075 1224 1128 an.
1256 1090 1367 1142 xvi,
1400 1075 1434 1129 5
1461 1092 1476 1129 :
1513 1090 1632 1144 quae
1660 1089 1790 1130 sane

215 1169 570 1226 Latinissima:
597 1166 737 1221 haud
767 1175 927 1230 sunt,
960 1175 1021 1220 ut
1071 1167 1237 1220 verbo
1271 1176 1393 1220 utar
1419 1166 1794 1238 Hieronymia-

216 1277 291 1316 no
320 1259 415 1332 (b).
451 1257 714 1313 Nimirum
743 1255 974 1312 subinde
1003 1256 1286 1326 proﬁtetur
1310 1266 1531 1312 sanctus
1574 1257 1792 1323 Doctor,

214 1369 278 1409 se
309 1368 412 1408 non
441 1351 618 1406 omnia
647 1349 911 1404 sermonis
944 1349 1071 1402 vitia
1100 1348 1421 1415 declinasse,
1451 1351 1699 1419 quamvis
1727 1365 1791 1405 ca

215 1443 386 1510 probe
421 1441 676 1495 novisset.
728 1435 853 1492 Non
901 1438 1038 1495 enim
1059 1477 1075 1502 ,
1123 1437 1296 1506 inquit
1329 1439 1400 1510 (ο)
1427 1479 1440 1501 ,
1467 1455 1610 1494 cura:
1641 1443 1790 1494 nobis

214 1541 293 1586 est
325 1531 487 1585 vitare
519 1544 816 1583 sermonum
845 1529 969 1581 vitia
989 1567 1006 1592 ,
1038 1532 1126 1581 sed
1163 1525 1450 1598 Scriptura:
1476 1539 1670 1584 sancite
1707 1530 1796 1582 ob-

213 1623 523 1676 scuritatem
546 1621 933 1688 quibuscunque
961 1620 1122 1674 verbis
1143 1620 1410 1674 disserere.
1442 1621 1506 1675 Et
1532 1621 1660 1676 alibi
1683 1622 1795 1692 (tl):

1886 527 2022 580 ditas
2067 545 2248 584 sensus
2296 529 2594 584 involvens:
2640 546 2770 598 quas
2822 545 2913 583 nos
2959 529 3224 598 Epistolas
3273 532 3375 598 ita,
3409 543 3463 586 ut

1885 619 2026 686 apud
2058 618 2340 689 JEgyptios
2371 617 2682 692 Graecosque
2708 619 2969 689 leguntur,
3000 622 3054 674 in
3092 631 3322 676 nostram
3364 625 3468 676 lin-

1887 728 2043 782 guam
2072 715 2338 778 vertimus,
2369 715 2569 778 eadem,
2595 724 2651 766 ut
2681 714 2983 782 reperimus,
3007 713 3253 767 elementa
3280 730 3470 781 ponen-

1889 814 1982 857 tes.
2014 803 2107 858 His
2131 805 2342 874 gemina
2380 805 2547 860 refert
2582 804 2915 859 Sozomenus
2949 804 3064 874 (Ii):
3125 803 3351 870 Dicunt,
3379 806 3461 859 in-

1890 894 2042 961 quit,
2084 893 2322 947 divinum
2367 894 2609 963 angelum
2654 892 2942 948 Pachomio
2983 905 3316 963 apparentem
3362 913 3468 949 mo-

1895 985 2073 1038 nuisse
2103 994 2157 1038 ut
2209 985 2446 1051 iuniores
2484 987 2765 1062 monacltos
2808 985 3074 1054 colligeret
3112 995 3161 1039 et
3200 1003 3306 1038 una
3349 1003 3465 1040 cum

1897 1073 2003 1130 illis
2036 1087 2333 1130 versaretur
2352 1091 2370 1128 :
2389 1107 2458 1124 ηι-
2476 1087 2726 1146 praeterea
2748 1118 2762 1142 ,
2791 1084 2846 1129 ut
2872 1078 3112 1131 universa
3138 1079 3467 1147 congregatio

1893 1165 1948 1218 in
1980 1166 2160 1235 viginti
2193 1178 2420 1235 quatuor
2447 1166 2637 1220 classes
2661 1168 2996 1231 divideretur,
3030 1183 3201 1236 ea'que
3224 1184 3287 1221 ea:
3311 1167 3462 1222 Grae-

1896 1269 2080 1312 corum
2111 1253 2309 1308 litteris
2352 1265 2750 1322 cognomentum
2800 1257 3091 1324 acciperent
3119 1271 3137 1308 :
3186 1272 3467 1325 cognomen

1897 1360 2015 1398 vero
2047 1345 2148 1411 ipsi
2183 1354 2454 1412 aptaretnr
2479 1360 2574 1413 pro
2603 1345 2706 1397 vita
2739 1360 2802 1397 ac
2841 1345 3071 1400 moribus
3115 1345 3466 1416 singulorum.

1906 1434 2061 1490 Verbi
2086 1437 2257 1504 gratia
2290 1437 2640 1504 simpliciores
2679 1437 2787 1490 iota
2822 1437 3248 1506 appellarentur;
3279 1440 3470 1492 versuti

1901 1525 2034 1590 (vel
2067 1527 2129 1592 ξ,
2163 1536 2209 1580 et
2258 1528 2334 1580 sic
2381 1528 2446 1581 de
2478 1528 2599 1582 aliis
2626 1565 2642 1592 ,
2678 1537 2832 1595 prout
2881 1528 3178 1581 institutum
3220 1529 3472 1599 cujusque

1901 1618 2084 1672 classis
2125 1618 2295 1687 ﬁgura
2337 1618 2566 1688 alicujus
2616 1619 2806 1673 litterte
2849 1629 2965 1681 apte
3007 1620 3293 1682 exprimere
3326 1620 3444 1673 licet

218 1712 372 1777 Scio,
407 1713 512 1776 ait,
542 1715 652 1766 Ita'c
683 1712 899 1765 molesta
926 1727 1034 1764 esse
1063 1711 1284 1765 lectori:
1319 1712 1409 1765 sed
1428 1743 1500 1758 -η
1521 1712 1648 1766 ιιιὶἠί
1676 1714 1794 1782 suf-

1904 1700 2063 1770 υἷον,
2104 1707 2506 1779 ἁπλουστέρους
2546 1709 2643 1777 μὲν
2688 1708 2822 1761 ἰῶτα.
2865 1707 3310 1774 ἀποκαλοῦντας,
3358 1727 3477 1762 axo-

215 1803 330 1873 ﬁcit
361 1776 438 1858 sic
465 1803 642 1872 loqui,
672 1813 728 1856 ut
772 1802 1072 1870 intelligar;
1103 1812 1157 1856 ut
1187 1803 1252 1856 de
1291 1803 1582 1873 Srripturis
1608 1776 1780 1874 dispu-

1904 1799 2044 1863 λιοὺς
2067 1799 2122 1852 δὲ
2148 1799 2179 1864 ζ
2221 1800 2253 1870 ἢ
2289 1800 2337 1864 ξ,
2379 1776 2490 1854 ’καὶ
2520 1776 2711 1863 ἄλλους
2750 1799 2925 1861 ἄλλως
2943 1838 2959 1862 ,
2983 1797 3165 1860 καθὼς
3195 1799 3475 1869 ἐκλαμϐά-

217 1903 370 1956 tans,
399 1891 793 1961 Scripturarum
820 1891 995 1946 imiter
1033 1892 1448 1958 simplicitatem.
1485 1893 1662 1964 Atque
1697 1895 1794 1950 ite-

219 1998 340 2037 rum
369 1982 423 2036 in
456 1981 700 2038 eamdem
732 1983 1053 2040 sententiam
1084 1981 1198 2037 hac
1244 1983 1406 2039 habet
1449 1983 1537 2055 (e)
1569 2002 1583 2038 :
1619 1985 1685 2040 In
1713 2003 1795 2042 ec-

218 2073 529 2126 clesiasticis
561 2072 710 2127 rebus
737 2089 841 2127 non
879 2078 1165 2143 quaerenda
1204 2077 1356 2132 verba
1379 2116 1394 2142 ,
1439 2079 1530 2131 sed
1571 2095 1794 2146 sensus;

217 2163 276 2216 id
313 2174 426 2229 est,
467 2165 693 2233 panibus
732 2175 808 2219 est
854 2167 957 2220 vita
994 2168 1338 2222 sustentanda
1362 2209 1377 2235 ,
1424 2185 1527 2224 non
1566 2171 1793 2240 siliquis.

221 2254 412 2324 Itaque
433 2255 547 2309 sive
573 2264 785 2324 spectes
811 2257 1076 2312 versionis
1105 2261 1347 2329 exempla
1375 2260 1795 2333 Hieronymiana

221 2348 386 2402 modo
431 2346 626 2414 allata,
681 2347 796 2402 sive
843 2348 942 2403 hac
983 2349 1099 2418 ipsa
1128 2351 1193 2405 de
1225 2366 1280 2405 re
1315 2351 1513 2421 placita
1557 2354 1796 2425 ejusdem

229 2441 408 2494 sancti
456 2440 746 2509 Doctoris;
785 2443 1039 2511 utrinque
1084 2444 1320 2501 arbitror
1365 2448 1618 2516 equidem
1667 2450 1798 2505 satis

221 2549 348 2588 esse
371 2543 704 2602 compertum
729 2573 744 2599 ,
771 2549 946 2605 neque
971 2536 1378 2606 improbandmn
1402 2540 1626 2595 verbum
1655 2542 1801 2595 odia-

219 2640 339 2679 mus
367 2625 418 2679 in
444 2624 666 2680 Monitis
683 2625 1086 2693 Pachomianis,
1111 2643 1287 2698 neque
1308 2641 1589 2701 propterea
1611 2647 1798 2688 eorum

220 2717 406 2770 vcrsio
439 2715 769 2789 Hieronymo
797 2718 1180 2789 abjudicanda.
1219 2721 1325 2779 Sed
1359 2725 1426 2780 ad
1460 2725 1800 2795 propositum

139 2809 164 2828 "
224 2808 533 2864 redeamus.

224 2898 316 2955 IV.
356 2899 435 2954 De
468 2899 748 2981 Pachomii
785 2902 1044 2982 Epistolis
1085 2906 1299 2982 ejusgue
1339 2907 1640 2977 Alphabeto
1686 2926 1805 2982 my—

501 2972 638 3024 stico
660 3011 676 3037 ,
713 2988 778 3026 ea:
806 2971 1078 3028 Gennadio
1106 2971 1153 3030 et
1182 2971 1488 3032 Sosomeno.

299 3053 532 3126 Scripsit
559 3069 818 3127 praeterea
850 3061 1196 3129 Pacltomius,
1219 3081 1284 3121 ex
1305 3067 1587 3124 Germale
1609 3067 1702 3140 (ι’),
1733 3071 1802 3124 ad

227 3147 456 3217 collegas
494 3153 854 3219 praepositum:
897 3171 1006 3208 suae
1052 3155 1350 3224 Epistolas,
1395 3159 1449 3210 in
1477 3160 1664 3228 quibus
1707 3162 1800 3216 Al—

229 3238 516 3307 pbabetum
550 3243 783 3311 mysticis
813 3254 1000 3298 tectum
1030 3249 1372 3303 sacramentis
1392 3287 1407 3313 ,
1434 3250 1576 3306 velut
1606 3253 1797 3307 huma-

229 3345 314 3382 na:
369 3332 763 3386 consuetudinis
813 3339 1063 3390 excedens
1110 3337 1546 3408 intelligentiam,
1589 3341 1796 3398 clausit.

229 3419 337 3474 Sed
360 3418 640 3476 Gennadio
668 3423 785 3479 lucc
806 3425 1062 3480 scribenti
1083 3428 1369 3496 praeiverat
1391 3430 1506 3499 ipse
1530 3433 1802 3504 interpres

231 3506 613 3579 Hieronymus,
645 3513 723 3568 sic
752 3513 1004 3583 inquiens
1029 3516 1101 3586 (g)
1129 3535 1143 3570 :
1170 3517 1330 3572 Aiunt
1353 3528 1526 3576 autem
1558 3522 1800 3590 Thebtei,

228 3600 371 3670 quod
402 3599 686 3656 Pachomio
706 3634 776 3644 --
799 3605 1011 3676 angelus
1043 3607 1239 3676 lingua:
1270 3612 1502 3679 mystica:
1529 3615 1802 3668 scientiam

231 3690 474 3754 dederit,
509 3701 560 3744 ut
591 3695 873 3749 scriberent
905 3696 1004 3750 sibi
1034 3709 1081 3752 et
1119 3697 1458 3768 loquerentur
1486 3719 1578 3770 per
1601 3704 1806 3775 Alplia-

279 3823 386 3908 “(lani
425 3823 647 3908 Hieron.
714 3829 1098 3908 Divin.__Bibl._
1139 3852 1293 3908 pagg.
1346 3839 1438 3902 87,
1487 3842 1589 3897 587
1661 3845 1765 3900 940

239 3894 408 3967 I5t8,
429 3896 574 3967 app.
609 3908 739 3954 tum.
772 3902 828 3966 ι,
862 3905 994 3958 edit.
1027 3894 1332 3962 3339535.
1361 3894 1518 3964 1695'.

238 3965 387 4086 at?
1127 3976 1196 4029 αα
1507 3981 1630 4053 θυν

365 4074 380 4098 ,
411 4043 542 4088 tom.
580 4039 630 4100 Ι.
663 4039 794 4096 edit.
827 4039 1024 4098 Veron.

313 4105 500 4185 (cpiti.
549 4107 640 4185 lib.
694 4126 800 4185 X_|_l,
849 4111 1048 4167 Comm.
1093 4116 1148 4170 in
1199 4115 1394 4175 Ezeclt.
1427 4136 1527 4184 XL,
1575 4129 1702 4177 tom.
1740 4121 1803 4185 V,

238 4187 362 4243 pag.
392 4174 517 4239 472,
549 4178 678 4232 edit.
707 4174 905 4236 Veron.

1896 1908 2006 1945 νειν
2036 1891 2305 1962 εὐστόχως
2343 1892 2458 1945 ἐστὶ
2502 1891 2639 1963 πρὸς
2684 1891 2744 1944 τὸ
2794 1891 2978 1962 σχῆμα
3017 1888 3109 1942 τοῦ
3153 1890 3477 1960 γράμματος

1894 1982 1993 2052 τὴν
2025 1983 2346 2054 προαιρεσιν
2379 1983 2472 2036 τοῦ
2499 1983 2796 2052 τάγματος.
2828 1980 2964 2036 Hinc
2994 1980 3223 2035 fortasse
3255 1980 3340 2034 lux
3377 1979 3476 2034 ali-

1897 2090 1999 2143 qua
2028 2074 2285 2144 Epistolis
2305 2074 2682 2130 Pachomianis
2708 2073 2950 2128 accedet.

1899 2185 1962 2241 V.
2007 2187 2074 2240 In
2116 2188 2428 2242 adornanda
2471 2185 2954 2240 Pachomianorum
3009 2187 3319 2254 scriptorum
3363 2185 3473 2239 ea'i-

2312 2259 2451 2311 tione
2478 2256 2713 2310 studium
2741 2257 3050 2309 adhibitum.

1968 2346 2137 2401 Porro
2184 2347 2472 2402 editionem
2535 2355 2779 2401 nostram
2827 2344 3105 2414 exegimus
3135 2344 3201 2398 ad
3247 2357 3476 2412 primam

1901 2435 2306 2491 Ilolstenianam
2338 2436 2550 2490 Codicis
2575 2435 2899 2506 Regularum
2923 2432 2982 2489 S.
3019 2432 3289 2488 Benedicti
3322 2433 3480 2486 Ania-

1902 2527 2075 2580 nensis
2108 2525 2310 2579 abbatis
2331 2567 2347 2592 ,
2381 2539 2502 2594 quae
2531 2527 2719 2582 Roma:
2748 2525 2949 2594 prodiit
2979 2540 3124 2580 anno
3157 2523 3314 2578 1661.
3354 2521 3479 2576 Ητεο

1900 2619 2043 2671 enim
2079 2617 2247 2672 multo
2274 2626 2357 2672 est
2386 2617 2722 2672 emendatior
2760 2615 3053 2671 Parisiensi
3077 2657 3090 2679 ,
3141 2629 3284 2668 anno
3343 2610 3482 2666 1663

1902 2710 2152 2780 evulgata
2173 2751 2188 2775 ,
2224 2718 2283 2764 ut
2311 2725 2375 2765 ex
2408 2709 2610 2764 nostris
2636 2708 2893 2776 subjectis
2922 2703 3482 2760 animadversionibus
3569 2741 3574 2746 -

1904 2809 2136 2854 constat.
2181 2799 2482 2854 Doctissimi
2521 2797 2748 2853 editoris
2796 2805 2952 2850 notas
2996 2809 3116 2865 quae
3157 2795 3224 2847 ad
3270 2791 3478 2846 calcem

1905 2897 2163 2952 exstant,
2218 2901 2423 2957 easque
2475 2885 2776 2957 praesertim
2825 2897 2960 2954 quas
3015 2893 3138 2952 post
3188 2880 3478 2935 editionem

1905 2994 2057 3035 suam
2089 2992 2155 3032 ex
2188 2979 2396 3033 duobus
2427 2977 2708 3032 codicibus
2751 2989 2882 3030 mss.
2916 2973 3181 3027 Vaticano
3211 2982 3263 3026 et
3291 2967 3482 3024 Cassi-

1909 3069 2060 3124 nensi
2093 3067 2427 3138 exprompsit
2461 3064 2800 3128 Holstenius,
2833 3062 2947 3117 suis
2997 3061 3302 3131 quibusque
3351 3059 3481 3112 locis

1908 3160 2227 3231 aptavimus.
2287 3157 2471 3226 Neque
2515 3154 2766 3210 Vallarsii
2805 3153 3184 3208 adnotationes
3256 3161 3485 3219 praeter-

1909 3255 2096 3318 iimus,
2119 3265 2256 3322 quas
2287 3250 2351 3305 γ.
2378 3247 2442 3304 C.
2475 3251 2539 3302 ad
2563 3247 2921 3301 Pachomiana
2959 3243 3261 3319 litterarum
3295 3255 3486 3295 monu-

1909 3352 2090 3401 menta
2135 3344 2188 3398 in
2234 3341 2469 3396 secundo
2495 3339 3036 3408 llieronymianorum
3068 3349 3291 3405 operum
3325 3333 3482 3388 volu-

1908 3437 2053 3491 mine
2072 3432 2336 3504 apposuit.
2365 3431 2632 3499 Pra’cepla
2667 3431 2884 3483 demum
2916 3427 3212 3494 adiecimus
3237 3424 3479 3494 ejusdem

1911 3525 2079 3581 sancti
2104 3522 2408 3585 Pachomii,
2439 3536 2502 3576 ex
2535 3533 2634 3575 ms.
2665 3519 2852 3575 codice
2879 3517 3195 3572 Florentino
3217 3532 3247 3570 a
3275 3515 3488 3570 Bollan-

1911 3616 2088 3671 dianis
2114 3616 2169 3670 in
2202 3614 2378 3668 lucem
2408 3612 2607 3668 emissa
2653 3609 2715 3682 (ἱ)
2743 3627 2758 3677 ;
2791 3609 2988 3679 quibus
3041 3617 3307 3680 prteterea
3352 3622 3481 3663 eru-

1912 3705 2163 3762 ditissimi
2194 3704 2504 3768 interpretis
2532 3701 2940 3758 observationes
2967 3699 3324 3755 subdidimus.

1977 3844 2052 3915 (ά)
2076 3842 2296 3915 Hieron.
2320 3843 2480 3915 epist.
2502 3840 2675 3915 51_.al_.
2804 3837 3176 3915 ad_D_amas.,§_
3191 3837 3284 3915 μ,
3299 3836 3482 3906 pJGli.

1977 3907 2072 3984 (β’)
2097 3913 2187 3984 λιιι.
2216 3907 2466 3984 epist'._2l
2491 3951 2506 3977 ,
2536 3911 2605 3968 al.
2629 3911 2777 3984 _I-i5,
2815 3908 2843 3981 §
2872 3911 2962 3973 42,
2987 3924 3114 3984 pag.
3147 3907 3238 3962 86.

1979 3979 2061 4053 (fl
2083 3979 2326 4053 Qennad.
2355 3979 2950 4053 De_vir._illustr.-:cap.
2987 3979 3040 4032 7.

2001 4046 2053 4123 ᾗ)
2093 4051 2314 4123 Hieron.
2344 4053 2408 4123 in
2432 4051 2656 4123 Prtefat.
2689 4050 2762 4123 ad
2789 4046 3041 4102 Pacltom.
3067 4046 3285 4123 subdiu.

2001 4064 2053 4123 g)
2093 4064 2314 4108 Hieron.
2344 4068 2397 4106 in
2432 4064 2656 4119 μναῖαι.
2689 4064 2757 4103 αα
2789 4064 3041 4102 ιάειιοηι.
3067 4064 3167 4101 suo
3190 4064 3211 4099 1:

1979 4064 2062 4194 in)
2103 4120 2329 4194 Somn]:
2363 4119 2506 4194 Hist.
2551 4119 2678 4173 eccl.
2838 4133 2938 4182 ιιι,
2969 4116 3211 4194 capp”;

1981 4181 2056 4258 ii),
2083 4193 2201 4248 Act.
2251 4190 2348 4245 SS.
2385 4189 2510 4244 Maii
2542 4197 2672 4242 tom.
2703 4185 2803 4251 Ill,
2838 4181 2992 4256 pagg.
3028 4181 3157 4249 62‘,
3179 4181 3302 4238 346.

269 4331 3462 4364 ΜΝ-

1216 4468 1570 4584 VITA
1632 4469 1751 4580 S.
1824 4470 2084 4583 Ι)Αο
2107 4469 2521 4582 HOMII

1457 4627 1632 4682 ABBA
1641 4627 1750 4683 TIS
1788 4625 2289 4683 TABENNENSIS.

1108 4715 1239 4772 Vide
1264 4713 1585 4788 Patrologia:
1618 4715 1822 4771 Latina:
1876 4729 2007 4773 tom.
2040 4714 2274 4780 LXXIII,
2299 4715 2402 4770 col.
2434 4714 2560 4769 227.

1094 4948 1646 5065 REGULA
1737 4950 1855 5060 S.

1944 4949 2203 5062 PAC
2224 4949 2641 5062 HOMII

1359 5105 1419 5160 S.
1460 5103 1866 5161 HIEHONYMO
1906 5101 2369 5158 INTERPRETE.

804 5192 988 5248 Exstat
1017 5194 1161 5249 inter
1194 5195 1367 5264 Opera
1397 5195 1457 5250 S.
1491 5195 1828 5266 Hieronymi,
1856 5192 2178 5263 Patrologia:
2222 5192 2336 5276 Lat.
2371 5202 2500 5246 tom.
2530 5191 2722 5258 XXIII,
2748 5192 2851 5248 col.
2882 5193 2970 5246 62.

1609 5424 2152 5514 EJUSDEM

486 5559 802 5636 Praecepta
833 5561 891 5620 et
918 5557 1228 5626 Instituta,
1253 5559 1573 5636 Praecepta
1603 5563 1664 5617 et
1684 5553 1942 5636 judicia,
1973 5555 2293 5636 Praecepta
2321 5557 2381 5615 et
2407 5550 2614 5627 leges,
2647 5549 2911 5622 Monita,
2944 5546 3236 5628 Epistolas

1578 5643 1640 5694 et
1670 5633 1856 5694 verba
1886 5633 2171 5710 mystica,

926 5734 1055 5788 Vide
1088 5745 1224 5789 torno
1255 5735 1435 5804 citato,
1471 5736 1572 5791 cal.
1601 5733 1800 5804 77-88,
1849 5750 1912 5789 ex
1935 5734 2358 5801 interpretatione
2387 5732 2444 5787 S.
2498 5731 2826 5797 Hieronymi.
