3872 6278
448 363 553 420 947

1561 375 1835 434 PATRES
1877 378 2184 436 EGYPTII
2222 381 2496 438 SECULI
2532 382 2623 442 ιν.

3612 387 3727 442 948

457 523 3710 564 ..______,____________________________________________

894 681 1045 782 EK
1082 682 1310 789 ΤΩΝ
1347 686 1879 791 ΕΝΤΟΛΩΝ
1914 690 2142 781 ΤΟΥ
2175 691 2515 781 ΑΓΙΟΥ
2541 690 3250 787 ΠΑΧΟΥΜΙΟΥ.

1678 1032 2462 1150 PRZEGEPTA

1418 1267 1870 1350 SANCTI
1943 1272 2562 1352 PACHOMII
2642 1263 2747 1351 (ί).

800 1435 909 1506 (Ex
947 1439 1126 1506 codice
1167 1457 1263 1498 ms.
1326 1441 1665 1513 Florentino,
1717 1449 1993 1518 interprete
2039 1447 2256 1504 Daniele
2309 1449 2558 1506 Gai-dono
2603 1447 2726 1506 Sac.
2759 1447 2924 1515 Iesu,
2961 1461 3051 1518 ap.
3084 1443 3362 1512 Galland.,

1774 1549 1905 1603 tom.
1935 1539 2023 1604 IV,
2057 1555 2179 1612 pag.
2217 1539 2369 1611 755.),

2034 1704 2108 1727 ’Ὗ

523 1819 639 1874 Hoc
667 1827 748 1875 est
785 1820 1117 1892 principium,
1143 1824 1550 1882 fundationum:

524 1906 564 1966 l.
595 1908 822 1975 Quando
851 1911 1088 1967 audieris
1126 1927 1317 1968 sonum
1352 1914 1711 1984 appellantem
1749 1924 1801 1969 te
1839 1915 1908 1970 ad
1938 1930 2031 1971 ec-

452 1995 670 2055 clesiam
695 2041 718 2066 ,j
761 1999 894 2063 vade
928 2001 1346 2060 meditabundus
1386 2019 1558 2076 usque
1587 2006 1655 2066 ad
1681 2004 1905 2076 januam
1939 2022 2031 2063 ec-

453 2087 652 2155 clesite,
683 2090 752 2144 ad
781 2092 883 2146 hoc
903 2101 964 2147 ut
999 2107 1153 2159 ores.

523 2178 597 2245 ll.
621 2179 802 2248 Nemoj
827 2193 1045 2244 orantes
1069 2183 1265 2248 fratres
1301 2188 1726 2262 circumspiciat.

523 2354 617 2422 Ill...
642 2356 859 2428 Siquis
900 2360 1079 2422 riserit
1107 2371 1201 2420 aut
1238 2364 1449 2420 locutus
1492 2363 1655 2421 fuerit
1701 2366 1755 2420 in
1782 2365 2030 2431 ecclesia,

453 2447 826 2519 paenitentiam
863 2452 1122 2522 suscipiat
1151 2463 1276 2508 ante
1315 2454 1506 2511 altare.

524 2541 616 2600 ιν.
657 2541 759 2607 Qui
803 2543 870 2598 de
909 2544 997 2602 die
1037 2546 1105 2600 ad
1148 2545 1432 2601 ecclesiam
1473 2547 1656 2603 venire
1700 2546 2030 2614 neglexerit,

453 2632 830 2703 pcenitentiam
855 2634 1106 2705 accipiat;
1134 2636 1228 2706 qui
1260 2645 1440 2692 autem
1466 2647 1631 2694 noctu
1663 2654 1693 2693 a
1729 2639 1866 2693 trina
1910 2654 2036 2708 pre-

453 2723 670 2787 catione
709 2723 950 2788 abfuerit,
997 2725 1116 2798 (2),
1157 2728 1534 2798 paenitentiam
1585 2729 1836 2784 similiter
1887 2730 2034 2786 acci-

454 2811 588 2885 piat.

529 2901 594 2958 V.
634 2902 804 2964 Nemo
864 2914 1024 2964 exeat
1075 2907 1307 2964 ecclesia
1371 2924 1478 2978 quo
1541 2918 1784 2982 tempore
1839 2910 2035 2968 fratres

453 3003 634 3060 orant,
663 3010 770 3051 non
794 2995 961 3066 petita
992 2998 1271 3054 facultate.

525 3085 615 3148 Ἦ.
655 3087 740 3152 Ab
767 3089 998 3146 ecclesia
1028 3092 1272 3160 dimissi,
1315 3095 1647 3152 meditemini
1696 3110 1868 3166 usque
1905 3095 2031 3149 dum

341 3187 350 3194 '
454 3177 846 3238 monasterium
881 3178 1095 3236 fueritis
1133 3183 1386 3253 ingressi.

531 3267 638 3327 νη.
670 3270 876 3339 Nemo,
917 3275 1044 3331 dum
1084 3276 1425 3334 meditationi
1468 3288 1716 3345 vacatur,
1762 3289 1919 3349 caput
1942 3280 2039 3334 ha-

349 3435 361 3444 .
454 3359 582 3416 beat
612 3373 948 3432 coopertum.

427 4927 449 4980 ,

528 3453 664 3521 Vill.
699 3455 869 3515 Nemo
893 3457 1094 3514 fratres
1117 3462 1464 3518 comedentes
1485 3463 1909 3533 circumspiciat,
1945 3479 2039 3520 ne-

455 3565 562 3621 que
591 3550 659 3612 ad
695 3550 916 3612 meliora
947 3565 1167 3610 manum
1192 3554 1472 3609 extendat.

527 3637 620 3707 ιχ.
658 3636 717 3702 Si
757 3638 882 3708 quis
921 3639 1282 3697 immodestiae
1320 3641 1455 3695 vitio
1491 3642 1784 3710 abreptus,
1823 3641 1873 3694 in
1921 3639 2041 3696 loco

455 3729 808 3796 comestionis
838 3729 1020 3788 riserit
1053 3739 1148 3785 aut
1185 3730 1399 3786 locutus
1436 3730 1634 3797 fuerit,
1663 3730 2037 3800 paenitentiam

455 3819 710 3889 accipiat.

527 3909 598 3964 Χ.
628 3908 730 3975 Qui
778 3921 967 3979 preces
1001 3907 1309 3978 persolvere
1342 3906 1657 3975 neglexerit,
1703 3908 1829 3962 dum
1859 3921 2041 3962 come-

457 4003 537 4058 dit
560 4000 932 4072 ptenitentiam
966 3998 1160 4065 faciat,
1203 4007 1297 4053 aut
1320 3997 1539 4068 jejunus
1571 4006 1900 4054 revertatur.

529 4092 622 4150 XI.
659 4092 717 4148 Si
747 4106 853 4162 qua
882 4107 940 4146 re
974 4093 1116 4148 inter
1147 4091 1536 4147 comedendum
1563 4105 1698 4160 opus
1730 4089 1912 4155 fuerit,
1932 4103 2038 4144 non

457 4186 714 4257 loqueris,
745 4186 840 4248 sed
870 4184 1130 4255 pulsabis.

531 4275 640 4345 χιε.
681 4276 726 4331 A
755 4265 939 4332 mensa
977 4283 1277 4338 revertens,
1319 4287 1385 4328 ne
1418 4271 1587 4328 multo
1623 4271 1795 4327 utaris
1833 4285 2042 4326 sermo-

458 4381 549 4422 ne.
838 4371 856 4382 '

530 4456 884 4523 XlH.Nemo,
919 4457 1048 4511 dum
1102 4456 1374 4519 comedit,
1425 4463 1587 4524 caput
1635 4455 1740 4509 huc
1794 4453 1920 4508 illuc
1971 4452 2039 4507 ad

2053 1839 2103 1892 Α
2205 1827 2354 1899 Αὕτη
2374 1831 2407 1900 ἡ
2441 1827 2585 1899 ἀρχὴ
2609 1827 2722 1881 τῶν
2741 1823 3058 1896 οἰκοδομῶνα

2203 1919 2282 1976 A'.
2322 1921 2453 1973 Ὅτε
2479 1919 2545 1973 ἂν
2571 1918 2821 1982 ἀκούσεις
2859 1917 2958 1986 τῆς
2998 1914 3182 1986 φωνῆς
3231 1911 3723 1985 προσκαλουμένης

2138 2029 2196 2065 σε
2223 2012 2303 2076 εἰς
2333 2011 2432 2082 τὴν
2462 2009 2702 2078 σύναξιν,
2731 2011 3002 2082 πόρευσον
3033 2007 3274 2079 μελετῶν
3316 2006 3446 2077 ἄχρι
3492 2004 3595 2071 τῆς
3629 2002 3720 2056 θύ-

2140 2120 2238 2174 ρας
2267 2102 2369 2174 τῆς
2397 2101 2673 2170 συνάξεως
2695 2103 2777 2165 είς
2803 2100 2866 2154 τὸ
2893 2097 3312 2171 προσεύχεσθαι.
3683 2089 3690 2095 ’

2207 2197 2282 2252 B'.
2319 2195 2527 2266 Μηδεὶς
2567 2193 2965 2266 περιδλέψηται
3000 2191 3127 2254 τοὺς
3181 2186 3443 2258 ἀδελφοὺς
3497 2182 3719 2254 εὐχομέ-

2138 2303 2277 2350 νους.

2207 2378 2281 2430 Γ⁹.
2325 2377 2452 2432 Ἐάν
2501 2394 2586 2440 τις
2647 2375 2854 2449 γελάσῃ
2912 2374 2946 2444 ἢ
2996 2373 3209 2446 λαλήσῃ
3261 2371 3320 2423 ὲν
3371 2371 3438 2441 τῇ
3482 2370 3707 2435 συνάξει

2135 2469 2418 2540 ἐπιτιμίαν
2443 2467 2711 2540 λαμϐάνει
2743 2464 3054 2540 ἔμπροσθεν
3088 2463 3182 2517 τοῦ
3207 2461 3620 2534 θυσιαστηρίου.

2206 2564 2281 2617 Δ¹.
2321 2560 2562 2632 Ἡμέρας
2593 2560 2621 2612 ό
2650 2559 3087 2629 ἀπολειπόμενος
3117 2558 3198 2620 εἰς
3219 2555 3318 2627 τὴν
3349 2552 3594 2619 σὺναξιν,
3614 2553 3708 2605 ἐπι

2135 2653 2322 2723 τιμίαν
2360 2650 2625 2722 λαμϐάνει
2646 2669 2660 2683 ·
2699 2651 2894 2714 νυκτὸς
2924 2649 2982 2702 δὲ
3015 2651 3045 2701 ὁ
3076 2646 3507 2717 ἀπολειπόμενος
3549 2641 3723 2715 τριῶν

2136 2743 2329 2815 εὐχῶν,
2363 2743 2626 2806 ὡσαύτως
2659 2741 2940 2812 ἐπιτιμίαν
2970 2738 3258 2809 λαμϐάνει.

2206 2914 2284 2972 Ε’.
2312 2914 2521 2986 Μηδεὶς
2553 2912 2744 2981 ὲξείτω
2782 2913 2880 2981 τῆς
2908 2909 3202 2974 συνάξεως,
3231 2908 3341 2963 τῶν
3370 2908 3618 2978 ἀδελφῶν
3636 2910 3721 2964 εὐ-

2136 3009 2401 3080 χομένων,
2425 3006 2553 3060 ἄνευ
2581 3005 2676 3060 τοῦ
2711 3006 3004 3078 ἐρωτῆσαι.

2208 3101 2299 3166 ς’.
2312 3099 2424 3169 Τῆς
2447 3095 2718 3164 συνάξεως
2738 3095 3118 3166 ἀπολυόμενοι,
3136 3093 3465 3166 μελετήσατε
3486 3093 3552 3162 ἀχ
3561 3109 3613 3164 ρι
3630 3091 3726 3163 τῆς

2067 3195 2110 3249 Β
2143 3190 2332 3261 μονῆςο

2214 3280 2290 3333 Z’.
2333 3277 2542 3348 Μηδεὶς
2579 3277 2721 3331 ἔστω
2750 3274 3168 3347 κεκαλυμμένος
3197 3273 3298 3344 τὴν
3331 3274 3576 3343 κεφαλὴν
3602 3271 3726 3342 περὶ

2139 3371 2239 3442 τὴν
2267 3371 2518 3441 μελέτην.

2214 3463 2296 3517 Η’.
2327 3463 2534 3534 Μηδεὶς
2564 3459 2951 3533 περιδλέψεται
2979 3459 3105 3522 τοὺς
3131 3457 3395 3527 ἀδελφοὺς
3422 3455 3725 3521 ἐσθίοντας,

2141 3551 2261 3605 οὐδὲ
2291 3551 2365 3622 μὴ
2392 3551 2603 3604 ἐκτενεῖ
2628 3552 2788 3621 χεῖρα
2829 3548 2966 3620 πρὸς
3003 3546 3099 3601 τοῦ
3130 3547 3467 3618 μειζοτέρου.

2210 3641 2289 3699 Θ¹.
2327 3642 2389 3694 El
2431 3640 2488 3694 δέ
2531 3657 2618 3704 τις
2661 3639 2963 3711 προπετείᾳ
3032 3637 3332 3709 φερόμενος
3381 3634 3590 3706 λαλήσῃ
3639 3634 3725 3687 καὶ

2141 3733 2349 3806 γελάσῃ
2377 3734 2440 3786 ἐν
2459 3729 2538 3802 τῷ
2568 3730 2721 3802 τόπῳ
2741 3730 2842 3801 τῆς
2866 3729 3181 3794 ἑστιάσεως,
3203 3725 3486 3797 ἐπιτιμίαν
3511 3725 3724 3796 λαμδάο

2142 3842 2244 3878 νει.

2214 3915 2268 3969 l'.
2299 3915 2358 3969 '0
2379 3913 2586 3987 στερῶν
2602 3914 2701 3986 τῆς
2742 3914 2910 3985 εὐχῆς
2941 3913 3035 3966 τοῦ
3061 3913 3260 3981 φαγεῖν
3284 3909 3562 3980 ἐπιτιμίαν
3587 3908 3724 3978 λαμ-

2144 4009 2318 4072 ϐάνει,
2356 4008 2390 4077 ἢ
2420 4007 2694 4079 νηστικῶς
2717 4007 3070 4079 ὑποστρέφει.

2212 4101 2316 4154 IA'.
2349 4098 2523 4170 Χρεία
2560 4117 2645 4162 τις
2678 4099 2774 4154 saw
2813 4098 3036 4168 γένηται
3081 4097 3174 4150 ἐπὶ
3196 4095 3294 4166 τῆς
3330 4090 3638 4165 τραπέζης,
3667 4089 3726 4145 οὐ

2146 4190 2220 4262 μὴ
2243 4190 2516 4262 λαλήσεις,
2551 4189 2688 4245 ἀλλά
2714 4190 2989 4261 κρούσεις.

2214 4283 2312 4336 iB'.
2358 4281 2550 4347 Ἐξιὼν
2587 4281 2643 4335 δὲ
2695 4281 2796 4352 τῆς
2843 4281 3172 4346 ἑστιάσεως,
3215 4278 3274 4333 οὐ
3320 4276 3396 4348 μὴ
3430 4275 3726 4345 πολυλογήσ

2145 4389 2262 4448 σῃς.

2214 4467 2315 4519 ll".
2338 4465 2544 4538 Μηδεὶς
2575 4466 2676 4534 τὴν
2700 4461 2943 4534 κεφαλὴν
2974 4461 3308 4533 παραλλάξει
3334 4459 3553 4524 ἐσθίων,
3579 4457 3727 4529 παρά

459 4565 662 4606 mensae
684 4558 1003 4620 apparatum
1044 4557 1137 4603 aut
1177 4548 1327 4602 cibos
1374 4547 1599 4612 fratrum
1635 4547 1903 4604 curiosius
1957 4547 2036 4599 in-

2180 4559 2245 4630 ὴν
2294 4530 2647 4630 “api-15159“
2676 4530 3085 4629 τῆξτρσίπέξηὲ
3121 4555 3215 4610 καὶ
3246 4554 3353 4610 τῶν
3391 4551 3639 4622 ἀδελφῶν
3664 4549 3729 4602 τὰ

458 4641 764 4712 epiciendos
799 4649 995 4696 vertat.

526 4731 672 4800 XIV.
703 4731 882 4787 Fratri
908 4731 1192 4802 aegrotanti
1218 4733 1526 4799 necessaria
1558 4742 1811 4804 procuret
1835 4735 2001 4789 abbas
2023 4771 2038 4797 ,

470 4825 752 4896 requirens
776 4839 839 4880 ea
873 4839 971 4900 pro
1003 4824 1122 4887 loco
1151 4825 1510 4895 infirmorum.

441 4986 450 5027 ⁸
530 5005 646 5066 XV.
684 5005 876 5068 Nemo,
939 5019 1062 5060 cum
1118 5013 1365 5075 aegrotat,
1416 5018 1484 5059 ex
1536 5003 1605 5058 iis
1652 5001 1897 5070 comedat
1949 5007 2042 5070 aut

459 5097 605 5152 bibat
633 5098 778 5154 vasis
824 5113 856 5153 e
905 5098 1101 5167 quibus
1155 5098 1355 5153 fratres
1409 5095 1624 5166 reliqui,
1675 5098 1768 5151 sed
1812 5095 2041 5154 seorsim

458 5190 743 5244 comedere
768 5187 1076 5258 iubebitur,
1117 5187 1543 5261 subministratis
1580 5186 1802 5258 omnino
1856 5198 2041 5244 neces-

458 5294 637 5340 tarus.

531 5469 617 5538 (1)
641 5469 930 5538 Desumpla
962 5471 1088 5518 sunt
1115 5461 1566 5538 Ιιωο-Ρηινειειζιςι⁸
1588 5463 1947 5526 Pacnomiana
1963 5480 2039 5538 ex

461 5532 610 5604 nam
633 5537 1005 5608 Bollandiauo,
1032 5541 1164 5588 tom.
1197 5532 1282 5608 ill,
1311 5549 1430 5608 pag.
1465 5535 1705 5608 546seq.
1734 5547 1786 5608 et
1806 5551 1923 5606 pag.
1949 5537 2038 5608 62.

461 5609 564 5664 sth
602 5608 782 5662 finem.
817 5605 948 5672 Quae
980 5618 1108 5659 vero
1138 5605 1501 5674 subjiciuntur
1529 5605 1923 5672 adnotatioucs,
1962 5607 2042 5675 ip-

461 5686 697 5734 summet
731 5677 1078 5744 interpretem
1111 5683 1409 5744 agnoscunt
1439 5684 1739 5731 auctorem.
2000 5683 2003 5688 ‘

555 5747 610 5815 2)
641 5747 698 5800 In
739 5745 1124 5817 prolixioribus
1142 5743 1363 5816 [tegulis
1395 5749 1464 5803 ab
1497 5745 1824 5817 Hieronymo
1851 5746 2042 5805 Latine

464 5816 691 5884 todditis
727 5816 875 5872 num.
925 5817 992 5880 10
1028 5816 1243 5872 additur
1289 5833 1452 5874 causa
1506 5816 1872 5885 discriminis,
1913 5834 2040 5874 auo-

2219 4650 2434 4704 ώιιατα.

2219 4651 2263 4703 ώ
2309 4668 2434 4704 ατα.

2148 4651 2317 4796 βρΙΔΞῨ.
2356 4741 2447 4812 Τῷ
2477 4740 2792 4795 ἀσθενοῦντι
2855 4739 3070 4811 ἀδελφῷ
3110 4741 3139 4792 ὁ
3175 4736 3350 4800 ἀσδάς
3401 4736 3502 4807 τὴν
3542 4733 3728 4806 χρείαν

2144 4831 2522 4904 ἀποπληρώσῃ
2547 4873 2561 4898 ,
2605 4832 2916 4905 ἐκζητήσας
2957 4831 3027 4886 τὰ
3050 4830 3152 4902 τῆς
3180 4829 3369 4901 χρείας
3399 4828 3482 4892 είς
3511 4827 3604 4880 τὸν
3644 4824 3728 4879 τό·

2145 4939 2244 4975 πον
2275 4921 2384 4976 τῶν
2415 4923 2672 4995 νοσερῶν.

2216 5014 2318 5067 lE'.
2353 5013 2557 5085 Μηδεὶς
2593 5013 2834 5068 ἑστιάσει
2859 5011 3080 5084 νοσερὸς
3101 5013 3159 5065 ὲν
3187 5007 3233 5080 ᾧ
3271 5010 3472 5072 πάντες
3501 5007 3553 5060 οἱ
3577 5006 3729 5061 ἀδελ-

2145 5105 2234 5174 φο)⁵
2258 5103 2549 5170 ἐσθίουσιν,
2575 5105 2710 5160 ἀλλὰ
2743 5105 2849 5177 ἰδία
2873 5106 3192 5176 ποιήσουσιν
3220 5101 3382 5158 αὐτὸν
3410 5101 3630 5169 φαγεῖν,
3658 5096 3727 5167 μὴ

2145 5197 2494 5270 παρορῶντες
2522 5197 2704 5260 δοῦναι
2729 5198 2868 5256 κατά
2892 5196 2991 5268 τὴν
3015 5195 3226 5269 χρείαν.

2150 5467 2294 5523 niam
2327 5476 2472 5520 nocte
2499 5466 2732 5535 corporis
2763 5462 3063 5535 inﬁrmitati
3091 5460 3220 5535 plus
3242 5460 3446 5525 aliquid
3478 5458 3722 5535 concedi-

2149 5549 2276 5591 tur:
2309 5529 2625 5606 videturque
2662 5536 2743 5608 agri
2780 5529 2991 5608 nonde
3033 5533 3098 5608 iis
3131 5531 3221 5600 qui
3247 5529 3491 5608 a_syn_axi
3533 5530 3720 5608 diurna

2148 5623 2241 5662 seu
2287 5597 2552 5662 nocturna
2591 5597 2813 5661 onuiino
2853 5597 3163 5667 abfuerint,
3195 5601 3288 5655 sed
3323 5597 3413 5668 qui
3457 5597 3719 5653 tantillum

2148 5678 2325 5732 serius
2352 5677 2598 5732 venerint
2645 5686 2763 5743 post
2793 5690 2955 5728 unum
2996 5680 3090 5726 aut
3135 5682 3244 5726 tres
3281 5669 3583 5743 orationes,
3631 5679 3721 5718 eas

2149 5747 2357 5811 scilicet
2405 5762 2524 5816 qua:
2570 5738 2716 5803 velut
2764 5743 3162 5816 prmparatorize
3209 5748 3336 5797 sunt
3365 5738 3434 5794 ad
3479 5745 3721 5794 consueti

2150 5816 2319 5887 Ofﬁcii
2349 5833 2627 5888 canonem.
