3868 6282
242 330 346 390 θιθ

985 333 1046 391 S.
1086 332 1418 393 PACHOMII
1457 329 1935 390 TABENNENSIS
1975 333 2269 390 ABBATIS
2307 331 2715 390 PBECEPTA.

3391 331 3497 392 950

309 453 425 520 ις’.
468 452 592 508 Ἑάν
623 471 706 519 τις
746 456 1017 528 προσέλθῃ
1049 461 1117 529 τῇ
1151 461 1309 530 μονῇ,
1354 456 1523 511 ἐλθὼν
1567 456 1820 527 γενέσθαι

1995 455 2134 512 XVI.
2176 457 2233 513 Si
2278 458 2401 529 quis
2443 457 2509 512 ad
2554 455 2943 512 monasterium
2974 455 3266 512 accesserit
3313 457 3497 513 volens

241 543 624 610 ἀποτακτικὺς,
655 546 1243 617 Μραᾰῦσουσινιαύτῷ
1263 548 1362 619 τὴν
1400 547 1565 618 εὐχὴν
1591 546 1686 600 τοῦ
1713 547 1820 599 Εὑ-

241 635 513 704 ιγγελίου,
548 636 642 689 καὶ
677 635 925 707 ψαλμοὺς
965 637 1297 704 διδάξουσιν·
1351 639 1558 710 μενέτω
1599 639 1656 694 δὲ
1686 639 1822 710 πρὸς

243 725 339 798 τὴν
370 725 542 797 θύραν
581 725 1009 799 ὼκιμαζόμενος
1028 771 1043 794 ,
1073 731 1168 783 καὶ
1190 729 1490 794 διδάξουσιν
1519 731 1681 784 αὑτὸν
1718 732 1830 785 πά-,

241 835 342 882 σας
371 818 470 882 τὰς
502 820 813 890 ἐπιστήμας
841 821 950 874 τῶν
978 821 1242 892 ἀδελφῶν.
1271 823 1428 876 Μετὰ
1452 822 1628 877 ταῦτα
1666 823 1822 879 ἐκδύ-

242 928 428 964 σουσιν
456 910 618 965 αὐτὸν
649 911 720 965 τὰ
752 913 994 983 κοσμικά
1027 914 1242 984 ίμάτια,
1269 916 1365 969 καὶ
1397 915 1706 970 ἐνδύσουσιν
1728 917 1823 970 αὑ-

245 1003 332 1057 τὸν
352 1004 414 1057 τδ
437 1006 622 1075 σχῆμα
648 1005 710 1058 τδ
734 1006 1119 1062 ἀποτακτικὸν.

313 1093 412 1147 η’.
451 1095 518 1147 Ἀ
558 1094 850 1149 ἀποδύεται
898 1097 1086 1167 ἱμάτια
1137 1099 1170 1169 ἢ
1207 1097 1336 1152 ἄλλο
1374 1116 1426 1152 τι
1471 1095 1632 1163 εἶδος,
1661 1100 1822 1154 δώσει

241 1183 384 1238 αὐτά
414 1184 520 1237 ὑπὸ
555 1185 656 1256 τὴν
683 1185 935 1252 ἐξουσίαν
964 1187 1063 1258 τῆς
1089 1188 1400 1254 κοινωνίας,
1434 1189 1538 1243 ὑπὸ
1571 1189 1668 1261 τὴν
1683 1189 1824 1259 γνὼ-

247 1293 357 1347 μην
390 1275 483 1330 τοῦ
518 1277 731 1348 Πατρὸς
760 1279 857 1348 τῆς
894 1280 1082 1351 μονῆς.

315 1370 422 1422 IH'.
460 1367 587 1422 Ἐὰν
614 1368 857 1440 γένηται,
885 1370 1038 1434 τινὰς
1069 1370 1390 1443 ἀνθρώπους
1422 1374 1500 1436 είς
1533 1374 1633 1445 τὴν
1657 1373 1823 1444 μονὴν

240 1459 526 1527 εἰσελθεῖν,
549 1461 598 1513 εί
637 1461 736 1531 μὲν
762 1462 1057 1534 κληρικοὺς
1087 1463 1119 1532 ἢ
1150 1465 1417 1534 μοναχοὺς
1438 1465 1620 1528 ὄντας,
1651 1463 1825 1529 οὕτως

243 1553 442 1617 αὐτοὺς
473 1553 842 1618 ὑποδέξονται·
872 1557 999 1620 τοὺς
1034 1556 1130 1627 μὲν
1152 1557 1318 1621 πόδας
1337 1557 1516 1611 αὐτῶν
1543 1557 1826 1627 ύπονίψου-

246 1661 353 1709 σιν,
386 1645 526 1700 κατά
551 1645 650 1718 τὴν
675 1646 894 1719 ἐντολὴν
916 1647 1010 1700 τοῦ
1043 1649 1393 1717 Εὐαγγελίου,
1424 1650 1517 1703 καὶ
1550 1651 1646 1720 τὴν
1673 1651 1823 1720 φιλο-

244 1735 428 1806 ξενίαν
453 1738 532 1802 εἰς
560 1738 757 1802 αὐτοὺς
784 1740 1121 1810 ποιήσουσινο
1148 1739 1346 1810 ὁμοίως
1371 1741 1668 1812 κοσμικοὺς
1690 1759 1818 1796 κατ-

245 1827 510 1898 αχθέντας
535 1829 615 1893 είς
664 1828 764 1900 τὴν
799 1830 992 1900 μονὴν,
1024 1831 1115 1884 καὶ
1144 1831 1278 1903 πρὸς
1299 1833 1492 1896 αὐτοὺς
1523 1833 1623 1904 τὴν
1671 1833 1820 1903 φιλο-

243 1915 428 1980 ξενίαν
459 1917 686 1981 δεόντως
720 1918 1053 1989 ποιήσουσιν.

320 2007 423 2070 ιΘσ.
447 2007 653 2082 Μηδεὶς
684 2007 913 2061 ἐσθιέτω
944 2009 1004 2068 ἐν
1029 2008 1107 2079 τῷ
1131 2011 1485 2083 πνευματικῷ
1503 2012 1660 2082 οἴκῳ,
1686 2010 1823 2066 ἀλλά

247 2098 452 2169 μᾶλλον
491 2099 548 2154 ἐν
577 2100 879 2171 κυριακῷἢ
907 2101 965 2154 ἐν
998 2103 1344 2175 μοναστηρίῳ
1386 2106 1486 2174 τῆς
1532 2105 1704 2175 αὐτῆς
1735 2106 1825 2160 πί-

245 2208 439 2254 στεως.

322 2285 408 2340 K'.
455 2283 580 2337 Ἐὰν
620 2285 1112 2356 παρασκευάζωσιν
1159 2287 1342 2351 αὐτοῖς
1390 2289 1608 2358 φαγεῖν,
1653 2289 1714 2343 οὐ
1751 2290 1826 2362 μὴ

245 2374 552 2440 γεύσωνται
571 2375 672 2446 ἐψη
682 2375 843 2445 μένου
875 2375 1168 2447 γεύματος,
1185 2377 1308 2431 οὔτε
1334 2377 1523 2450 γάρος,
1550 2378 1673 2433 οὔτε
1689 2377 1827 2436 οἶνον

245 2462 528 2519 πὼσωσιν.

324 2553 455 2608 KA'.
499 2554 705 2624 Μηδεὶς
732 2556 1010 2629 ἀποσταλῇ
1071 2557 1232 2628 μόνος
1275 2559 1356 2622 είς
1393 2560 1646 2631 πρᾶγμα,
1691 2560 1829 2616 ἀλλά

245 2641 346 2701 δύο
375 2646 789 2701 συνοδεύσωσιν.

324 2738 450 2791 KB'.
482 2739 683 2808 Μηδεὶς
728 2740 1122 2808 ὑπολειπέσθω,
1165 2742 1259 2796 ἐὰν
1291 2744 1372 2806 είς
1398 2741 1662 2815 ἐργασίαν
1699 2745 1829 2818 κλη-

247 2829 418 2883 θῶσιν
461 2833 508 2884 οί
557 2831 793 2901 ἀδελφοί·
844 2833 905 2885 ού
943 2835 1018 2905 μὴ
1065 2833 1370 2906 ζητήσωσιν
1400 2834 1502 2890 ποῦ
1546 2838 1828 2910 μέλλουσιν

247 2922 558 2976 ἐκϐαίνειν·
591 2925 621 2977 ὁ
659 2923 768 2994 γάρ
824 2924 1150 2996 ἡγούμενος,
1185 2926 1373 3000 ὥσπερ
1412 2931 1463 2982 οἱ
1502 2929 1825 3001 προαξῆται,

249 3011 431 3066 αὐτῶν
460 3013 878 3084 προπορεύεται.

324 3103 451 3199 lii".
483 3103 693 3199 Μηδεὶς
729 3107 1112 3199 ἐργαζομένων
1139 3110 1268 3179 περὶ
1298 3109 1397 3175 τὰς
1431 3111 1564 3176 ὕλας
1593 3110 1825 3186 λαλήσῃ,
1853 3139 1898 3199 C

249 3194 390 3249 ἀλλὰ
414 3194 801 3270 μελετήσωσιν,
837 3197 868 3270 ἢ
893 3199 1261 3270 ἠσυχάσωσιν.

324 3371 451 3426 ΚΔθ.
486 3373 689 3446 Μηδεὶς
744 3375 982 3449 καθεσθῇ
1037 3379 1118 3442 είς
1161 3379 1444 3451 ἐργασίαν,
1501 3380 1672 3454 χωρὶς
1733 3383 1828 3437 τοῦ

203 3483 208 3486 ·
251 3462 684 3534 προσταχθῆναι.

309 3553 455 3608 ·ΚΕ’.
491 3555 697 3626 Μηδεὶς
733 3556 954 3611 ἀπὸτοῦ
995 3559 1173 3631 κήπου
1204 3561 1346 3637 λάϐῃ
1384 3563 1477 3634 ἀφ’
1510 3565 1705 3621 ἑαυτοῦ
1737 3567 1832 3623 λά-

251 3659 436 3714 χανον,
469 3647 639 3717 χωρὶς
661 3647 756 3700 τοῦ
790 3647 1090 3721 κηπούρου.

330 3733 473 3803 κεῖν.
500 3736 704 3808 Μηδεὶς
727 3740 875 3812 φάγῃ
902 3741 1177 3812 σταφυλὴν
1205 3742 1263 3797 ἐν
1287 3746 1399 3808 τοῖς
1424 3745 1701 3816 ἀδελφοῖς,
1731 3749 1826 3802 ού-

249 3823 312 3876 δὲ
338 3824 556 3895 στάχυνο
582 3826 676 3878 καὶ
703 3826 810 3880 ἀπὸ
837 3827 945 3881 τῶν
972 3829 1200 3901 καρπῶν
1231 3831 1342 3884 τῶν
1381 3833 1438 3885 ἐν
1483 3837 1594 3897 τοῖς
1637 3835 1827 3907 ἀγροῖς

256 3913 449 3984 μηδεὶς
496 3915 644 3988 φάγῃ
675 3916 780 3986 πρὸ
810 3916 904 3970 τοῦ
933 3917 1150 3988 δοθῆναι
1192 3921 1307 3984 τοῖς
1355 3921 1604 3992 ἀδελφοῖς
1636 3909 1823 3980 πᾶσιν.

326 4001 450 4056 KZ'.
500 4003 626 4058 Ἐὰν
651 4005 882 4077 εὕρωσιν
911 4011 1154 4078 καρποὺς
1184 4011 1441 4065 ὑποκάτω
1473 4015 1582 4067 τῶν
1625 4016 1828 4085 φυτῶν,

251 4095 318 4148 οὐ
349 4095 596 4165 φάγωσιν
623 4097 718 4151 ἀπ’
759 4100 958 4164 αὐτῶν,
1007 4102 1142 4156 ἀλλά
1190 4104 1546 4174 ἀναλέξαντες
1584 4109 1832 4181 παραθή-

255 4204 443 4243 σουσιν
463 4190 544 4253 είς
569 4190 668 4254 τὰς
697 4190 852 4264 ῥίζας
879 4192 987 4247 τῶν
1015 4195 1232 4264 φυτῶν,
1272 4199 1367 4252 καὶ
1399 4201 1427 4252 ὁ
1471 4202 1832 4274 προσταχθεὶς

256 4277 500 4353 ἀναλέγῃ
525 4279 682 4339 αὐτά.

1923 548 2043 604 fieri
2073 550 2344 616 novitius,
2384 549 2752 620 precationem
2810 549 2860 604 ei
2915 550 3278 620 evangelicam
3323 550 3499 619 porri-

1922 650 2070 711 gent,
2104 651 2159 696 et
2195 642 2438 712 psalmos
2476 642 2766 698 docebunt.
2807 641 3023 698 Maneat
3070 657 3232 712 porro
3269 643 3338 698 ad
3383 659 3499 700 mo-

1922 733 2144 788 nasterii
2167 732 2333 799 fores,
2374 733 2556 802 ibique
2583 737 2862 804 probetur;
2897 733 3156 803 quidquid
3201 743 3377 788 autem
3393 732 3498 788 .alii

1925 835 2123 880 norunt
2152 824 2374 892 fratres,
2402 826 2528 882 istic
2556 835 2613 882 et
2641 825 2755 896 ipse
2785 826 3048 881 addiscat.
3077 825 3154 898 (5)
3183 825 3300 893 Quo
3334 828 3496 895 facto,

1923 912 2275 970 saecularibus
2293 929 2416 970 eum
2449 916 2690 972 vestibus
2717 923 2938 985 exuent,
2963 924 3018 971 et
3044 917 3371 972 novitiorum
3402 917 3500 972 ba-

1921 1006 2036 1060 bitu
2061 1007 2310 1063 vestient.

1995 1095 2157 1151 XVII.
2197 1095 2392 1152 Vestes
2427 1111 2563 1166 quas
2593 1095 2936 1160 exuerit,aut
2963 1095 3067 1149 alia
3096 1096 3215 1165 ejus
3239 1109 3326 1152 res
3359 1110 3500 1165 qua:-

1923 1202 2172 1258 cunque,
2229 1188 2282 1242 in
2329 1197 2596 1258 potestate
2652 1196 2813 1242 erunt
2851 1187 3295 1253 communitatis,
3342 1195 3503 1258 prout

1923 1280 2236 1335 monasterii
2261 1279 2422 1334 Pater
2443 1280 2711 1335 statuerit.

1994 1372 2181 1428 XVIII.
2221 1372 2276 1428 Si
2309 1386 2446 1443 quos
2476 1371 2742 1437 homines,
2785 1386 2879 1428 seu
2905 1370 3134 1427 clericos
3170 1385 3265 1426 seu
3314 1384 3502 1423 mons.

1925 1466 2078 1530 chos,
2114 1466 2166 1520 in
2195 1465 2584 1521 monasterium
2612 1464 2816 1533 ingredi
2847 1463 3172 1534 contigerit,
3211 1463 3312 1518 hoc
3344 1462 3502 1521 modo

1923 1572 2018 1614 eos
2039 1557 2333 1627 excipient.
2367 1555 2539 1612 Pedes
2579 1555 2796 1626 quidem
2823 1555 2955 1624 ipsis
2988 1554 3277 1619 lavahunt,
3314 1567 3509 1622 quem-

1925 1648 2212 1704 admodum
2245 1649 2298 1702 in
2323 1647 2620 1716 Evangelio
2651 1645 2984 1716 praecipitur,
3022 1655 3075 1698 et
3105 1645 3283 1701 omnia
3316 1642 3500 1712 hospi-

1934 1739 2160 1796 talitatis
2181 1738 2353 1795 oﬂicia
2379 1737 2731 1793 exhibebunt.
2760 1735 3026 1792 Similiter
3055 1735 3100 1791 si
3123 1735 3368 1791 homines
3398 1748 3500 1788 sae-

1933 1830 2146 1886 culares
2168 1829 2235 1884 ad
2259 1827 2645 1883 monasterium
2676 1825 3042 1891 accesserint,
3078 1825 3267 1880 eodem
3298 1822 3504 1879 ollicio-

1926 1936 2046 1976 rum
2079 1934 2275 1991 genere
2299 1919 2601 1988 excipiendi
2621 1926 2799 1973 erunt.

1996 2010 2142 2068 XIX.
2195 2009 2366 2066 Nemo
2417 2011 2470 2064 in
2525 2010 2684 2066 domo
2744 2009 3012 2080 spirituali
3061 2009 3352 2073 comedat,
3408 2010 3501 2064 sed

1926 2103 2106 2176 potius
2155 2102 2210 2158 in
2256 2102 2521 2158 dominica
2567 2101 2652 2155 vcl
2697 2102 2750 2155 in
2799 2102 3124 2156 monasterio
3172 2099 3410 2170 ejusdem
3443 2100 3503 2154 fi-

1927 2195 2012 2250 dei
2043 2194 2140 2265 (4).

1998 2287 2116 2343 XX.
2146 2286 2377 2355 Quando
2431 2284 2690 2341 fratribus
2730 2293 2948 2356 paratur
2987 2286 3177 2350 cibus,
3235 2299 3396 2340 nemo
3434 2301 3500 2339 ex

1928 2393 1994 2434 eo
2035 2378 2326 2448 quidquam
2361 2377 2632 2448 degustet,
2665 2377 2758 2432 sed
2785 2391 2958 2447 neque
2996 2391 3207 2446 garum,
3231 2375 3308 2447 (5)
3330 2390 3503 2444 neque

1927 2470 2110 2523 vinum
2151 2468 2354 2524 bibant.

2000 2559 2144 2614 XXI.
2167 2559 2340 2615 Nemo
2389 2560 2534 2616 solus
2581 2563 2826 2617 mittatur
2869 2559 2934 2615 ad
2979 2559 3372 2624 laborandum,
3407 2559 3502 2613 sed

1928 2650 2038 2706 bini
2060 2665 2278 2720 semper
2309 2651 2743 2722 proﬁciscantur.

2001 2741 2164 2796 XXII.
2201 2741 2426 2808 Quando
2465 2743 2532 2798 ad
2583 2742 2935 2798 laborandum
2985 2741 3355 2797 evocabuntur
3396 2741 3503 2795 fra-

1933 2842 2064 2902 tres,
2089 2848 2246 2889 nemo
2269 2833 2339 2888 ab
2369 2848 2532 2904 opere
2555 2844 2879 2899 excusetur;
2915 2847 3020 2888 non
3057 2842 3304 2902 quaarant
3337 2833 3502 2886 etiam

1931 2939 2038 2994 quo
2067 2927 2166 2981 sint
2197 2927 2466 2997 egressuri
2498 2945 2510 2980 :
2543 2925 2796 2995 praecedit
2821 2926 2964 2980 enim
3012 2941 3107 2981 eos
3141 2927 3498 2997 hegumeuus,

1930 3015 2088 3071 sicuti
2120 3016 2398 3085 praesidem
2429 3016 2718 3087 provincia:
2753 3015 2830 3084 (6)
2869 3016 3106 3072 viatores
3135 3017 3239 3073 sui.

2004 3103 2188 3160 XXIII.
2223 3103 2391 3160 Nemo
2432 3105 2795 3160 laborantium
2842 3106 2987 3160 inter
3021 3105 3332 3160 cazdendum
3359 3104 3501 3174 ligna

1933 3197 2218 3266 loquatur,
2261 3197 2353 3252 sed
2395 3198 2464 3268 pii
2494 3196 2786 3268 quidquam
2822 3196 3244 3260 meditabuntur,
3287 3204 3502 3267 servato

1931 3288 2166 3345 silentio.

2006 3379 2193 3436 XXIV.
2235 3380 2402 3437 Nemo
2446 3382 2589 3437 inter
2637 3379 2992 3437 laborandum
3033 3380 3252 3447 sedeat,
3286 3379 3389 3436 nisi
3416 3379 3504 3449 ju-

1931 3470 2141 3528 beatur.

2005 3563 2172 3618 XXV.
2198 3562 2368 3620 Nemo
2389 3563 2508 3619 olus
2533 3579 2598 3619 ex
2633 3563 2793 3619 horto
2823 3563 3110 3632 decerpat,
3141 3576 3246 3618 non
3286 3562 3505 3619 conscio

1932 3654 2240 3710 bortulano.
2355 3655 2358 3657 λ

2004 3743 2190 3799 XXVI.
2221 3742 2391 3798 Nemo
2423 3742 2650 3799 fratrum
2680 3757 2836 3799 uvam
2867 3752 2960 3800 aut
2992 3744 3214 3800 herbam
3234 3752 3328 3799 aut
3351 3743 3506 3814 quid-

1933 3852 2096 3907 quam
2134 3851 2200 3892 ex
2233 3834 2378 3902 agris
2410 3847 2628 3892 sumere
2658 3833 2884 3900 audeat,
2910 3842 3198 3906 antequam
3227 3834 3383 3890 detur
3403 3833 3508 3888 sin-

1931 3927 2090 3998 gulis.

2005 4015 2214 4073 XXVII.
2258 4017 2316 4073 Si
2350 4017 2488 4074 forte
2515 4019 2659 4074 inter
2688 4017 2886 4074 herbas
2913 4015 3117 4074 fructus
3168 4017 3379 4088 aliquos
3416 4032 3506 4072 τοι

1935 4111 2196 4181 pererint,
2231 4109 2351 4166 illos
2389 4125 2454 4165 ne
2483 4109 2802 4174 comedunt;
2833 4109 2926 4164 sed
2969 4108 3223 4164 collectos
3252 4108 3318 4162 ad
3349 4107 3505 4176 plan-

1939 4213 2112 4257 tarum
2151 4201 2358 4257 radices
2389 4201 2677 4270 deponant,
2716 4198 2887 4256 donec
2912 4199 2960 4254 is
2987 4201 3076 4277 qui
3111 4213 3295 4254 curam
3347 4198 3508 4261 habet
3596 4226 3597 4229 η

1934 4291 2170 4369 colligat.

329 4483 406 4564 (β)
434 4480 570 4536 Nota
593 4481 976 4564 est.dtsttnctio
1001 4487 1173 4552 magni
1209 4493 1264 4540 et
1287 4488 1454 4564 _pa_rvi
1499 4488 1745 4556 habitus;
1767 4501 1828 4564 et
1860 4499 1904 4554 ι)
2006 4493 2083 4564 (5)
2115 4491 2208 4564 Sic
2243 4491 2296 4545 in
2322 4489 2533 4564 Regula
2559 4491 2838 4560 prolixiori
2875 4490 2988 4564 με
3032 4486 3297 4564 Vinum_et
3323 4487 3505 4564 liqua-

256 4550 881 4624 utrinsqneconferendj
915 4550 1384 4620 rituinposteriori
1423 4566 1661 4624 tempore
1679 4550 1829 4616 ordi-

256 4632 446 4694 natum
483 4619 647 4694 habes
675 4622 814 4690 apud
841 4620 984 4676 Goar
1013 4624 1064 4676 in
1091 4619 1437 4694 Euchologio.
1480 4619 1684 4683 Parvus
1734 4631 1828 4684 da-

259 4693 420 4746 batur
458 4691 963 4765 novitiis_;_magnus
995 4703 1131 4765 post
1165 4691 1433 4765 expletum
1484 4698 1827 4765 probationis

261 4762 787 4833 tempusmonachis,
808 4771 867 4833 ut
885 4777 980 4816 nos
994 4761 1076 4832 loq
1087 4761 1356 4829 ueremur,
1369 4761 1649 4833 professis.
1667 4769 1829 4824 Ἀπο-

259 4830 517 4911 τακτικός
553 4840 732 4886 autem
753 4870 768 4896 ,
807 4831 860 4884 id
900 4841 986 4886 est
1019 4830 1320 4888 renuntiatis
1345 4830 1484 4899 {hic
1513 4836 1828 4908 intelligitur

261 4911 505 4953 novatus.

333 4969 409 5043 (4)
449 4967 791 5043 Postremum
833 4971 1093 5043 hoc_addi
1124 4970 1338 5043 videtur
1376 4982 1599 5043 propter
1639 4989 1825 5029 mona-

256 5040 424 5095 steria
463 5040 786 5114 Arianorum
819 5041 908 5114 vel
945 5040 1555 5114 Oﬁgepistarurnkqnm
1584 5059 1696 5114 non
1728 5060 1822 5114 ρος

261 5119 483 5164 tuerunt
517 5109 583 5162 iis
606 5110 938 5177 temporibus
975 5109 1243 5172 defuisse,
1284 5109 1518 5165 maxime
1551 5113 1596 5166 si
1639 5109 1825 5167 mona-

259 5179 487 5250 sterium
516 5176 852 5250 intelligasin
879 5181 1048 5250 prima
1076 5193 1138 5250 ac
1157 5180 1374 5250 propria
1408 5181 1821 5250 significatione,

261 5249 315 5303 in
340 5263 448 5317 quo
488 5262 629 5318 unus
667 5247 861 5316 aliquis
880 5247 1170 5318 solitarius
1205 5248 1343 5318 degit
1380 5268 1393 5302 :
1431 5247 1512 5304 vel
1552 5251 1657 5304 duo
1709 5262 1824 5306 tan-

263 5316 374 5373 tuni
402 5317 560 5372 simul
595 5328 686 5372 aut
715 5319 871 5388 paqu
900 5321 1097 5388 plures.
1124 5316 1255 5382 Quae
1281 5316 1470 5388 autem
1507 5319 1818 5386 spiritualis,

259 5403 381 5457 quae
425 5388 688 5440 dominica
720 5386 913 5441 domus
933 5389 1161 5452 dicatur,
1187 5401 1289 5440 non
1326 5386 1485 5443 facile
1506 5397 1588 5442 est
1614 5389 1818 5444 divina-

264 5469 320 5511 ιιι
346 5475 360 5512 :
392 5457 642 5512 fortassis
666 5459 928 5510 dominica
954 5457 1150 5511 dicitur
1179 5457 1472 5524 hospitium
1514 5472 1606 5513 seu
1641 5459 1823 5512 diver-

261 5529 467 5581 sorium
498 5525 766 5596 publicum
798 5528 865 5583 ad
898 5527 1125 5589 Domini,
1149 5536 1275 5595 puta
1297 5524 1548 5596 Cmsaris,
1578 5528 1667 5593 jus
1702 5543 1822 5596 per-

263 5597 476 5663 tinens;
520 5596 810 5663 spiritnalis
848 5606 1028 5651 autem
1079 5597 1226 5651 locus
1270 5595 1465 5665 aliquis
1502 5595 1822 5662 deliciosus,

262 5667 492 5799 Liberum
517 5680 698 5748 aerem
727 5669 958 5736 undique
987 5665 1294 5734 admittens,
1328 5681 1426 5722 nec
1449 5666 1581 5722 satis
1612 5665 1826 5722 clausus

301 5745 549 5791 onestatt.

301 5738 549 5791 onestati.

1933 4559 2276 4632 men'absque
2313 4559 2433 4615 (0:6
2473 4559 2836 4629 wgrotantium
2863 4559 3047 4632 Anu-llus
3095 4559 3396 4628 contingat.
3424 4560 3506 4626 Di...

1933 4633 2074 4687 citur
2106 4629 2286 4685 autem
2313 4647 2498 4699 garum
2525 4647 2552 4684 a
2578 4632 2795 4694 nomine
2824 4629 2988 4698 piscis
3009 4641 3075 4681 ex
3114 4641 3223 4697 quo
3253 4639 3507 4699 praestan-

1936 4702 2044 4754 tius
2081 4701 2146 4755 ad
2183 4698 2412 4754 aliorum
2452 4701 2698 4755 ciborum
2739 4699 3140 4756 condimentum
3188 4698 3506 4754 contieieba.

1934 4779 2042 4824 lttr.

2006 4836 2082 4906 (6)
2112 4835 2446 4907 Ecgraphnm
2471 4848 2714 4894 nostrum
2740 4837 2842 4893 hoc
2862 4838 2982 4892 loco
3003 4835 3502 4907 mutilumvidetnr,

1943 4904 2024 4982 sic
2059 4904 2210 4960 enini
2234 4904 2502 4982 habebat:
2545 4909 2575 4960 δ
2607 4908 2714 4979 γὰρ
2738 4907 3022 4982 Δἡγεμόνος
3067 4904 3373 4982 προαξῆται
3409 4908 3507 4968 αὐ-

1928 4976 2036 5030 τῶν
2089 4974 2546 5055 προπορεύεσθαι,
2580 4974 3504 5055 ju'odfupplemus'corrigimus-

1925 5061 2030 5115 que
2051 5044 2148 5118 per
2169 5044 2550 5118 conjecturam.
2580 5044 2908 5118 Ilpoaﬁﬁwn'
2935 5057 3112 5118 autem
3141 5044 3507 5118 dicijidetur

1926 5111 1958 5169 a
1997 5111 2246 5194 upodyw,
2266 5116 2615 5194 porregredior,
2631 5111 2912 5194 precatio,
2932 5116 3075 5194 unde
3100 5111 3509 5194 updaet;_,_prp-

1924 5182 2155 5255 gressus,
2185 5191 2240 5235 et
2266 5182 2390 5255 hinc
2415 5182 2913 5255 προαξήτης,-ίιυοά
2950 5184 3203 5255 uiatorem
3249 5182 3452 5255 reddidi
3487 5199 3502 5236 :

1925 5250 2048 5308 nam
2080 5253 2298 5320 viatores
2326 5250 2548 5320 Latinis,
2575 5250 2709 5308 teste
2740 5250 2926 5316 Festo,
2949 5252 3267 5310 dicebantur
3284 5251 3373 5320 qui
3399 5265 3510 5303 nta-

1926 5319 2229 5391 gistratibus
2251 5318 2686 5391 apparent,'unde
2707 5332 2760 5376 et
2779 5321 3104 5391 apparitores
3141 5318 3504 5391 appe_lla_ntur.

1933 5385 1992 5446 Si
2034 5391 2224 5445 liceret
2272 5385 2536 5458 syllabam
2593 5385 2883 5448 adderent
2922 5389 3055 5447 fiant
3105 5385 3502 5458 προαξινῆται,

1933 5462 2214 5530 fascigeros
2249 5455 2342 5513 seu
2369 5461 2686 5530 securigeras
2708 5469 2994 5520 verterem,
3038 5455 3221 5530 quales
3265 5455 3507 5530 consuli.

1935 5525 2038 5609 bus
2063 5525 2134 5609 et
2145 5525 2569 5609 proconsulibus.
2599 5528 2828 5609 aliisque
2863 5527 3130 5609 supremis
3181 5525 3506 5609 magistrati-

1935 5543 2038 5584 bus
2063 5543 2118 5583 et
2145 5543 2569 5596 proconsununs.
2599 5543 2828 5609 atnsque
2863 5543 3130 5652 suﬁremts
3181 5543 3506 5593 magistrati-

1935 5600 2036 5679 bus
2098 5597 2324 5655 Romani
2369 5598 2680 5670 iungebant,
2744 5613 2796 5652 tn
2849 5611 2918 5676 pu
2963 5595 3122 5652 ltcum
3171 5607 3508 5667 progressus

1937 5682 2029 5724 1⁵15.
