3872 6278
399 281 497 339 95!

1491 295 1767 356 PA'I'RES
1803 275 2111 358 mam"
2149 288 2433 363 sesceni
2465 309 2545 363 IV.

3567 310 3669 365 952

467 397 703 454 XXVIII.
742 400 908 458 Nemo
935 403 1038 458 sibi
1071 405 1363 476 quidquam
1401 419 1552 478 putet
1596 415 1941 483 permissum.

2152 421 2288 474 KH'.
2320 422 2525 493 Μηδεὶς
2556 422 2731 494 ἑαυτῷ
2751 422 2908 477 ἐάσαι
2939 423 3127 495 μηδέν.

467 487 663 549 XXIX.
695 491 862 548 Nemo
904 510 1017 549 rem
1050 494 1210 550 ullam
1238 498 1514 566 possideat
1548 515 1747 570 praner
1765 522 1826 561 ea
1857 524 1976 577 qua:

395 583 599 639 viritim
635 582 716 655 (7)
744 584 939 639 dantur
968 597 1023 640 et
1052 596 1249 656 praeter
1283 591 1704 664 vestimentum;
1734 606 1792 650 ut
1825 609 1974 664 sunt,

398 676 519 727 bina
553 673 873 729 Iebitonaria
915 686 969 731 et
998 679 1263 733 semitrita
1296 681 1484 748 ﬂorea,
1519 685 1692 754 pellis,
1729 688 1973 757 melotes,

394 764 660 828 sandalia,
685 766 789 820 duo
816 766 1028 834 cuculli,
1055 786 1191 824 zona
1222 781 1275 826 et
1297 774 1519 831 baculus

467 941 636 997 XXX.
669 944 837 999 Nemo
864 948 981 1002 sine
1004 947 1183 1006 Patris
1216 951 1469 1011 facultate
1498 972 1767 1029 quoquam
1794 962 1973 1019 abeat.

470 1033 659 1089 XXXI.
689 1036 859 1093 Nemo
893 1051 1044 1094 extra
1096 1047 1449 1101 constitutam
1477 1051 1580 1105 sibi
1610 1052 1800 1108 cellam
1849 1057 1975 1111 dor-

394 1128 546 1183 ntiat.

463 1219 682 1275 XXXII.
721 1220 893 1279 Nemo
921 1235 1082 1281 exeat
1113 1233 1447 1288 monasterio
1476 1235 1680 1305 absque
1712 1235 1885 1293 Patris
1908 1240 1972 1293 li-

394 1314 591 1367 cetttia.

464 1402 702 1462 XXXIII.
728 1407 894 1465 Nemo
923 1411 975 1466 in
1009 1426 1074 1467 eo
1110 1414 1161 1467 in
1198 1428 1303 1483 quo
1339 1416 1537 1471 dormit
1563 1415 1701 1484 loco,
1737 1419 1972 1472 vicinum

391 1495 712 1564 alloquetur.

462 1589 705 1647 XXXIV.
746 1592 915 1650 Nemo
965 1595 1106 1652 Ieclo
1148 1612 1246 1653 suo
1295 1599 1585 1670 quidquam
1642 1602 1970 1668 substernet,

390 1681 492 1735 nisi
518 1681 660 1738 forte
684 1693 945 1741 stoream.

2155 512 2285 567 ΚΘ.
2326 515 2530 587 Μηδεὶς
2577 516 2757 587 ἑαυτῷ
2805 517 3074 588 κτήσηται
3131 516 3298 587 μηδὲν
3346 516 3519 587 χωρὶς
3560 516 3669 570 τῶν

2082 598 2377 672 δεδομένων
2407 604 2557 676 παρά
2578 605 2677 676 τῆς
2715 606 2977 676 κεφαλῆς,
3007 605 3281 677 παρεκτὸς
3311 607 3406 661 τοῦ
3437 607 3669 678 ἐνδύμα-

2079 709 2206 757 τοςο
2244 693 2387 767 άπερ
2418 697 2558 751 εἰσὶν
2605 696 2699 750 δύο
2750 697 3112 771 λευῖτωνάρια
3158 698 3253 751 καὶ
3302 700 3669 771 ήμιτριϐακὸν

2083 785 2332 856 στρῶμα,
2358 787 2556 860 δέρμα,
2587 789 2833 863 μηλωτὴ,
2877 790 3134 846 σανδάλια
3154 832 3168 858 ,
3199 791 3524 846 κουκούλλια
3550 792 3666 856 δύο,

2080 874 2222 949 ζώνη
2255 881 2348 933 καὶ
2381 880 2595 950 ῥάϐδος.

2151 970 2230 1024 Λ’.
2261 971 2467 1042 Μηδεὶς
2492 972 2702 1046 ἀπέλθῃ
2738 974 2959 1030 πώποτε
2998 976 3167 1049 χωρὶς
3194 975 3289 1031 τοῦ
3321 977 3559 1049 Πατρός.

2150 1061 2275 1115 ΛΑ’.
2309 1064 2513 1135 Μηδεὶς
2554 1065 2792 1138 κοιμηθῇ
2831 1067 2991 1131 ἐκτὸς
3037 1066 3132 1121 τοῦ
3181 1066 3542 1138 καθισματίου
3569 1070 3670 1122 αὖ·

2078 1168 2194 1203 του.

2147 1243 2272 1297 ΛΒ’.
2308 1245 2515 1316 Μηδεὶς
2543 1247 2733 1319 ἐξέλθῃ
2762 1248 2865 1313 ἔξω
2892 1249 2994 1321 τῆς
3025 1250 3194 1321 μονῆς
3221 1251 3391 1322 χωρὶς
3419 1250 3516 1305 τοῦ
3554 1251 3673 1305 Πα-

2077 1337 2225 1400 τρός.

2110 1354 2268 1478 pri".
2306 1427 2514 1497 Μηδεὶς
2554 1428 2762 1501 λαλήσῃ
2792 1430 2928 1500 πρὸς
2956 1430 3046 1484 τὸν
3069 1430 3301 1503 πλησίον
3327 1434 3385 1483 ὲν
3516 1432 3669 1503 τόπῳ

2076 1520 2134 1571 ἐν
2171 1510 2215 1585 ᾧ
2248 1517 2505 1592 καθεύδῃ.

2146 1611 2267 1662 AA’.
2300 1610 2507 1682 Μηδεὶς
2531 1610 2953 1683 ὑποστρώσηται
2981 1614 3059 1677 εἰς
3079 1613 3140 1666 τὸ
3158 1614 3520 1685 καθισμάτιον
3557 1631 3667 1686 μη-

2074 1698 2181 1760 δὲν.
2215 1701 2263 1752 εί
2295 1701 2371 1771 μὴ
2396 1701 2633 1771 ψιάθιον.

461 1771 679 1831 XXXV.
702 1776 891 1846 Nemo,
916 1777 1017 1850 nisi
1048 1795 1171 1834 cum
1200 1791 1445 1851 aegrotat,
1479 1792 1647 1837 totum
1671 1799 1827 1838 suum
1846 1798 1956 1839 cor-

2142 1792 2268 1845 AE'.
2304 1792 2508 1863 Μηδεὶς
2534 1793 2654 1846 ὅλον
2677 1793 2739 1846 τὸ
2760 1792 2920 1865 σῶμα
2956 1793 3245 1866 ἀλείψηται
3267 1793 3435 1865 χωρὶς
3479 1794 3659 1857 νόσου,

392 1881 492 1935 pus
517 1879 805 1938 perunget,
845 1884 1019 1940 neque
1049 1871 1252 1926 lavabit
1280 1882 1372 1926 aut
1406 1872 1677 1945 absterget
1703 1890 1762 1931 se
1782 1875 1860 1948 (8)
1893 1876 1974 1931 iu—

386 1958 665 2019 decenter.

457 2048 702 2106 XXXVI.
751 2050 921 2111 Nemo
966 2054 1019 2109 in
1073 2058 1307 2114 tenebris
1362 2074 1482 2114 cum
1540 2057 1709 2115 fratre
1755 2059 1974 2115 habebit

387 2160 688 2201 sermones.

459 2236 721 2293 XXXVII.
782 2238 952 2295 Nemo
1001 2239 1227 2296 alterius
1280 2255 1501 2295 manum
1548 2252 1638 2295 aut
1670 2241 1813 2296 aliud
1841 2241 1970 2312 quid

385 2328 773 2396 apprelteudet.

455 2414 744 2473 XXXVIII.
778 2418 1221 2489 Siveconsistas,
1247 2423 1360 2478 sive
1389 2423 1652 2491 ambules,
1686 2424 1851 2478 cubiti
1871 2424 1971 2478 sal-

388 2517 494 2561 tem
526 2509 685 2563 unius
724 2511 959 2580 spatium
992 2511 1239 2580 intersit;
1265 2513 1429 2583 quod,
1463 2528 1587 2568 cum
1618 2514 1867 2577 sedebis,
1896 2514 1969 2568 si-

385 2592 583 2653 militer
610 2599 716 2655 erit
740 2599 1160 2666 observandum.
1752 2592 1756 2597 ’

456 2685 699 2743 XXXIX.
741 2687 911 2745 Nemo
952 2691 1070 2745 sine
1107 2691 1283 2747 Patris
1330 2692 1544 2748 licentia
1584 2705 1746 2765 caput
1787 2697 1962 2750 radat.

451 2868 564 2926 XL.
593 2868 801 2939 Nemo,
834 2872 935 2928 nisi
972 2876 1040 2929 ad
1082 2875 1183 2930 hoc
1227 2877 1575 2943 constitutus,
1625 2886 1786 2948 caput
1832 2877 1965 2932 alte-

380 2954 497 3011 rius
529 2959 704 3012 radat.

454 3046 586 3102 XLI.
611 3047 801 3113 Nemo,
834 3066 939 3106 non
972 3054 1234 3124 requisito
1262 3054 1444 3123 Patre,
1483 3071 1514 3111 e
1547 3057 1708 3114 rebus
1737 3059 1961 3116 alterius

380 3139 670 3209 quidquam
702 3143 972 3198 admittat.

450 3229 610 3286 XLII.
643 3232 1056 3292 Nemoasinum
1089 3236 1289 3292 nudum
1323 3255 1444 3294 cum
1484 3240 1591 3295 alio
1622 3241 1921 3295 inscendat.

450 3322 638 3379 XLIII.
658 3323 827 3381 Nemo
847 3327 966 3381 sine
989 3328 1286 3397 superioris
1310 3332 1467 3386 venia
1497 3332 1549 3385 in
1575 3333 1828 3403 Opiﬁcum
1847 3332 1964 3389 olli-

380 3415 532 3472 cinas
573 3417 932 3488 ingrediatur.

446 3587 629 3644 XLIV.
662 3588 828 3646 Nemo
854 3592 939 3647 vel
972 3607 1001 3647 a
1054 3593 1273 3664 proprio
1302 3593 1470 3651 fratre
1496 3596 1785 3666 quidquam
1818 3600 1961 3654 acci-

374 3677 489 3746 piat
516 3679 568 3733 in
595 3681 923 3750 depositum.

446 3770 609 3826 XLV.
640 3771 809 3827 Nemo
834 3775 887 3827 in
916 3772 1125 3829 ofﬁcina
1152 3774 1380 3829 fratrum
1406 3791 1597 3846 panem
1625 3779 1952 3847 pinsentium

372 3861 656 3932 loquetur;
693 3863 788 3919 sed
829 3864 979 3919 taciti
1010 3866 1418 3921 meditabuntur
1454 3882 1627 3937 usque
1665 3870 1790 3924 dum
1838 3886 1956 3925 ces-

373 3954 572 4009 sabunt
603 3954 671 4009 ab
694 3968 859 4025 opere
886 3973 900 4009 :
929 3956 973 4010 si
998 3970 1104 4025 qua
1137 3971 1195 4011 re
1228 3956 1543 4032 indigeant,
1573 3974 1676 4014 non
1702 3974 1952 4016 sermone

371 4045 465 4102 sed
487 4045 641 4115 pulsu
670 4045 724 4101 id
749 4047 1069 4117 signiﬁcent.

443 4136 627 4193 XLVI.
666 4137 725 4194 Si
769 4139 891 4209 quis
930 4140 1160 4195 fratrum
1200 4155 1232 4196 e
1271 4141 1379 4196 vita
1409 4142 1759 4212 migraverit,
1793 4160 1951 4201 nemo

370 4240 656 4286 excusetur
683 4230 753 4286 ab
782 4232 898 4301 ejus
921 4230 1112 4289 funere
1140 4233 1193 4288 in
1224 4244 1463 4291 montem
1488 4236 1820 4294 deducendo.

440 4320 653 4378 XLVII.
683 4322 856 4379 Nemo
906 4324 1048 4380 inter
1092 4327 1325 4382 eundum
1368 4330 1638 4395 praecedat
1694 4331 1950 4403 [tegume-

369 4427 519 4466 nunt.

443 4500 673 4555 XLVIII.
693 4501 861 4557 Nemo
886 4503 1280 4574 perliciatopus
1301 4504 1518 4576 aliquod
1540 4509 1743 4579 absque
1765 4510 1944 4577 Patre,

367 4600 420 4645 et
457 4592 556 4657 ipsi
598 4593 793 4647 cedant
827 4608 1017 4650 omnes
1042 4593 1141 4666 (9).

438 4678 624 4735 XLIX.
653 4681 824 4737 Nemo
866 4683 920 4738 in
971 4678 1240 4754 virginum
1289 4691 1628 4746 monasterio
1673 4693 1853 4758 abeat,
1889 4701 1946 4748 ut

368 4771 677 4839 quampiam
706 4771 919 4827 illarum
959 4775 1119 4842 visat,
1150 4778 1253 4833 nisi
1285 4781 1377 4850 qui
1406 4782 1475 4836 ad
1508 4783 1779 4840 id'statuti
1820 4795 1946 4841 sunt

366 4859 633 4928 seniores,
659 4861 750 4932 qui
774 4865 1080 4921 necessaria
1110 4882 1323 4939 quoque
1350 4871 1481 4941 ipsis
1506 4874 1940 4933 subministrant.

434 4950 498 5007 L.
530 4950 658 5009 Haec
699 4968 861 5024 porro
896 4955 991 5026 qui
1015 4959 1333 5030 neglexerit.
1369 4963 1573 5033 absque
1610 4966 1759 5021 ornni
1803 4983 1939 5024 con-

365 5037 688 5096 tradictione
708 5043 1085 5110 ptenitentiam
1118 5050 1398 5118 suscipiat,
1432 5063 1488 5107 ut
1522 5063 1728 5110 aeterno
1749 5055 1802 5109 in
1824 5070 1939 5112 cte-

363 5122 429 5185 r'is
452 5144 617 5200 regno
639 5132 917 5202 potiantur
945 5137 998 5190 in
1020 5136 1259 5194 Christo.
1283 5140 1476 5196 Amen.

433 5282 767 5370 (7)"Viritim
811 5287 1164 5370 interpretor,
1222 5290 1365 5361 quod
1379 5292 1595 5370 _Gr_zece
1631 5295 1782 5368 παρὰ
1838 5297 1939 5370 τῆς

360 5352 629 5426 κεφαλῇς,
674 5358 828 5426 quasi
872 5360 927 5426 in
948 5352 1103 5425 caput
1131 5352 1565 5424 έθιιέαρὶιαιὶηι.

456 5424 513 5492 8)
530 5424 737 5502 Grmce,
771 5425 956 5489 κακῶς
976 5467 991 5492 ,
1031 5428 1187 5502 male.
1219 5427 1293 5482 Ita
1316 5428 1802 5502 Regulaprolixior
1826 5438 1896 5494 92
1919 5456 1935 5495 :

360 5488 531 5568 N_e_'m'o
566 5488 824 5568 favabitur
856 5488 993 5564 aqua
1043 5499 1182 5551 nudo
1226 5488 1459 5568 corpore.
1513 5488 1651 5568 Quin
1702 5488 1936 5563 εἶ’ὦηί

361 5560 642 5641 abluenda:
675 5574 836 5641 erant
859 5560 1058 5641 vestes,
1084 5577 1268 5641 monet
1294 5567 1496 5641 Regula
1522 5560 1629 5628 59:
1662 5560 1833 5631 Nemo
1850 5560 1938 5632 id;

481 5632 720 5687 retractis
776 5634 831 5687 in
876 5633 1041 5692 altum
1090 5639 1310 5695 vestibus
1356 5632 1635 5710 p'Iusquam
1681 5654 1938 5703 statutum

1984 3123 2033 3184 Ω

2075 1882 2198 1937 οὔτε
2228 1885 2489 1958 λούσηται
2514 1886 2546 1957 ἢ
2583 1888 2917 1960 ἀπονίψηται
2947 1888 3154 1951 κακῶς.

2142 2062 2279 2131 Λςι.
2310 2062 2515 2134 Μηδεὶς
2549 2064 2772 2137 λαλήσει
2812 2066 2949 2138 πρὸς
2990 2066 3081 2120 τὸν
3112 2065 3340 2139 πλησίον
3371 2065 3550 2119 ,αὑτοῦ
3601 2069 3661 2119 ἐν

2074 2155 2314 2227 σκοτείᾳ.
2552 2148 2555 2149 ν

2140 2247 2262 2300 ΛΖ’.
2307 2248 2510 2318 Μηδεὶς
2551 2244 2771 2319 δέξηται
2802 2249 2903 2320 τῆς
2930 2249 3111 2320 χειρὸς
3141 2249 3235 2303 τοῦ
3271 2249 3462 2321 ἑτέρου
3496 2250 3531 2320 ἦ
3560 2248 3655 2304 ἀλ-

2069 2334 2161 2391 λου
2190 2337 2364 2402 εἴδους
2391 2339 2581 2394 αὑτοῦ.

2138 2428 2269 2481 AH’.
2297 2427 2423 2482 Εἴτε
2450 2430 2691 2500 στήκων.
2721 2428 2833 2483 εἴτε
2867 2429 3166 2501 ὁδοιπορῶν
3201 2430 3402 2501 μεταξὺ
3437 2431 3660 2503 διάστη-

2070 2537 2147 2591 μα
2169 2521 2415 2591 ποιήσεις
2454 2520 2530 2585 ὡς
2556 2521 2737 2592 πῆχυν
2773 2520 2886 2574 ἕνα·
2920 2520 3184 2584 ὡσαύτως
3210 2523 3305 2575 καὶ
3346 2523 3657 2594 καθήμενος

2069 2611 2314 2665 ποιείτω.

2135 2701 2261 2756 ΛΘ’.
2285 2703 2492 2775 Μηδεὶς
2522 2704 2621 2775 τὴν
2656 2703 2899 2775 κεφαλὴν
2930 2704 3183 2776 κείρηται
3220 2706 3390 2777 χωρὶς
3419 2705 3515 2759 τοῦ
3542 2706 3657 2758 Πα-

2067 2793 2214 2866 τρός.

2136 2886 2224 2941 Μ’.
2252 2884 2458 2959 Μηδεὶς
2495 2886 2698 2959 μηδένα
2730 2886 2890 2959 κείρῃ
2921 2888 3091 2960 χωρὶς
3119 2888 3219 2960 τῆς
3243 2888 3613 2959 προστάξεως.

2140 3063 2275 3117 MA'.
2301 3062 2509 3135 Μηδεὶς
2528 3062 2670 3135 λάϐῃ
2697 3080 2750 3117 τι
2776 3058 2915 3126 εἶδος
2943 3062 3094 3134 παρά
3119 3080 3263 3127 τινος
3298 3061 3529 3132 ἀδελφοῦ
3545 3081 3653 3131 χω-

2069 3151 2155 3221 ρὶς
2194 3152 2292 3222 τῆς
2317 3150 2545 3223 γνώμης
2571 3151 2668 3205 τοῦ
2698 3152 2929 3225 Πατρός.

2135 3244 2268 3298 MB’.
2304 3244 2510 3314 Μηδεὶς
2550 3243 2788 3314 καθεσθῇ
2822 3244 2901 3308 είς
2917 3242 3037 3296 δνον
3064 3242 3269 3313 γυμνὸν
3292 3241 3430 3313 μετά
3465 3241 3647 3297 ἀλλον.

2132 3336 2261 3391 Ml".
2294 3334 2499 3406 Μηδεὶς
2529 3334 2737 3407 ἀπέλθῃ
2765 3335 2846 3398 είς
2873 3335 2941 3389 τά
2967 3335 3308 3406 ἐργαστήρια
3333 3333 3441 3388 τῶν
3472 3350 3654 3404 χειρο-

2060 3429 2264 3498 τέχνων
2292 3427 2461 3498 χωρὶς
2484 3427 2583 3498 τῆς
2613 3426 2878 3498 κεφαλῆς.

2124 3604 2255 3657 ΜΔ¹.
2284 3603 2493 3675 Μηδεὶς
2532 3602 2673 3676 λάϐῃ
2700 3602 2837 3668 εἶδος
2864 3603 2940 3668 ὡς
2964 3606 3022 3657 ὲν
3055 3603 3349 3676 παραθήκῃ
3376 3601 3538 3675 μεχρὶ
3553 3597 3648 3653 τοῦ

2062 3694 2195 3748 ίδίου
2237 3694 2491 3763 ἀδελφοῦ.

2124 3786 2261 3838 ME'.
2278 3786 2485 3857 Μηδεὶς
2510 3785 2719 3860 λαλήσῃ
2749 3788 2806 3839 ὲν
2828 3785 2904 3858 τῷ
2934 3786 3245 3857 ἀρτοκοπίῳ
3270 3786 3381 3840 τῶν
3399 3787 3653 3857 ἀδελφῶν

2055 3876 2164 3930 τῶν
2190 3877 2647 3948 ἀρτοποιούντων,
2680 3878 2820 3932 ἀλλά
2851 3878 3225 3950 μελετήσωσιν
3268 3879 3376 3945 ἕως
3410 3880 3477 3934 ἂν
3504 3882 3645 3934 ἀπο-

2058 3966 2313 4036 σχῶνται·
2350 3967 2447 4022 ὲάν
2485 3968 2543 4022 δὲ
2593 3968 2872 4041 χρῄζωσίν
2903 3986 3067 4034 τινος,
3102 3970 3165 4024 οὐ
3206 3970 3282 4042 μὴ
3314 3970 3648 4042 λαλήσουσιν,

2055 4059 2191 4113 ἀλλά
2216 4060 2541 4131 κρούσωσιν.

2124 4149 2275 4217 Μετ’.
2309 4151 2517 4222 Μηδεὶς
2540 4151 2828 4224 ἀποληφθῇ
2860 4153 2970 4206 τῶν
3013 4153 3283 4224 ἀδελφῶν,
3315 4155 3411 4209 ὲάν
3440 4174 3645 4228 κειμη-

2052 4241 2118 4312 θῇ
2145 4241 2388 4311 ἀδελφὸς,
2417 4242 2737 4313 προπέμψαι
2766 4246 2845 4308 εἰς
2871 4246 2930 4298 τὸ
2955 4245 3099 4316 ὅρος.

2119 4331 2252 4383 ΜΖ’.
2302 4331 2507 4401 Μηδεὶς
2545 4331 2879 4403 πορεύσηται
2920 4334 3231 4407 ἔμπροσθεν
3270 4336 3366 4390 τοῦ
3398 4340 3643 4411 ἡγουμέ-

1982 4455 2026 4511 D
2056 4437 2170 4474 νου.

2125 4510 2266 4562 MH'.
2306 4511 2513 4582 Μηδεὶς
2541 4512 2922 4588 πληροποιήσῃ
2959 4518 3133 4590 παρὲξ
3163 4519 3260 4573 τοῦ
3289 4522 3524 4594 Πατρδς.
3542 4524 3641 4578 καὶ

2052 4601 2161 4654 πᾶν
2190 4602 2501 4673 πρόσφατον
2528 4605 2703 4674 παρὲξ
2733 4607 2922 4662 αὐτοῦ.

2119 4692 2253 4745 ΜΘ.
2284 4694 2491 4765 Μηδεὶς
2514 4696 2723 4769 ἀπέλθῃ
2751 4701 2832 4762 είς
2867 4700 2967 4769 τὴν
3000 4701 3168 4771 μονὴν
3204 4702 3314 4758 τῶν
3343 4705 3639 4778 ἀειπαρθὲ-

2046 4799 2175 4844 νων,
2205 4784 2285 4845 είς
2309 4783 2369 4837 τὸ
2396 4780 2795 4856 ὲπισιέἐψασθαί
2826 4806 2978 4854 τινας
2999 4792 3199 4857 αὐτῶν,
3222 4795 3270 4846 εί
3304 4793 3380 4866 μὴ
3409 4796 3561 4866 μόνοι
3584 4800 3636 4851 οἱ

2050 4875 2477 4946 προσταχθέντες
2494 4880 2817 4951 πρεσϐῦται,
2844 4883 2895 4935 οἱ
2913 4883 3395 4951 καὶδιακονοῦντες
3416 4890 3633 4956 αὑταῖς.

2117 4967 2201 5022 N'.
2234 4968 2452 5023 Τούτων
2492 4972 2522 5024 ὁ
2571 4972 2790 5041 ἀμελῶν
2839 4975 3125 5047 ἐπιτιμίαν
3165 4977 3435 5050 λαμϐάνει
3491 4981 3634 5053 ὑπὲρ

2046 5057 2228 5111 αὐτῶν
2259 5060 2428 5131 χωρὶς
2458 5061 2640 5134 πάσης
2669 5062 3000 5134 ἀντιλογίας,
3032 5066 3120 5121 ἵνα
3144 5067 3630 5142 κληρονομήσωσιν

2041 5146 2139 5220 τὴν
2160 5148 2373 5205 αἰώνιον
2402 5150 2672 5222 βασιλείαν
2699 5158 2755 5209 ὲν
2793 5155 3033 5231 Χριστῷ.
3065 5159 3262 5232 Ἀμήν.

2108 5300 2408 5390 (iligneae,
2444 5306 2649 5377 Μηδεὶς
2671 5308 3053 5390 πλῃροποιήσῃ
3071 5315 3248 5390 παρὲξ
3268 5316 3364 5370 τοῦ
3391 5319 3623 5390 Πατρὸς,

2108 5327 2185 5373 (τι)
2204 5327 2408 5366 ιιιῑιευε,
2444 5327 2649 5377 Μηοεις
2671 5327 2778 5380 πλη
2819 5327 3053 5392 οποιησῃ
3073 5327 3248 5386 παρὲξ
3268 5333 3364 5370 του
3391 5327 3623 5390 Ματρὸς,

2037 5371 2133 5454 οιαὶ
2158 5373 2273 5454 πόἰν¹
2296 5376 2608 5454 πρόσφατον
2634 5327 2818 5451 παρὲξ
2841 5382 3032 5437 αὐτου.
3062 5383 3217 5450 Quod
3251 5398 3309 5439 ut
3336 5398 3481 5442 recte
3521 5391 3625 5445 ιιι

2039 5442 2149 5522 tine_
2183 5442 2576 5530 reddideriinus
2598 5442 2875 5530 “vereor;
2918 5468 3043 5507 nam
3071 5442 3223 5530 Sicut
3262 5442 3624 5530 πληρηορέω

2034 5513 2455 5599 γειτξοωμιιιιὶκιι
2500 5513 2961 5599 significationem
3000 5540 3030 5599 ;_
3068 5527 3160 5599 ita
3196 5535 3252 5581 et
3300 5513 3388 5582 de"

2035 5581 2227 5646 ποιέω,
2258 5580 2384 5667 licet
2408 5580 2724 5667 melioribus
2755 5590 3129 5667 scriptoribus
3147 5580 3359 5665 ignoto,
3380 5580 3621 5667 cogiiare

2036 5664 2359 5736 possumus,
2405 5654 2609 5736 habere
2638 5656 2728 5713 hic
2763 5654 3044 5736 propriam
3086 5654 3351 5736 aliquam'
3374 5680 3432 5724 et
3447 5654 3620 5726 'nobis

2038 5721 2267 5776 necdum
2300 5733 2627 5794 compertam
2659 5721 2962 5788 notionem.
