3868 6282
209 391 3464 434 W

1477 657 1644 700 ANNO
1685 653 1909 699 DOMINI
1951 653 2182 697 CCCLVI.

261 985 432 1159 S.
511 981 1606 1164 ANTONIUS
1670 975 2562 1156 MAGNUS
2625 969 3383 1149 ABBAS.

1401 1571 1408 1577 .
1499 1479 2152 1593 NOTITIA.

860 1703 1182 1780 (Onusam,
1224 1704 1466 1760 Veterum
1501 1705 1728 1760 Patrum
1762 1702 2043 1767 Bibliotlt.,
2069 1713 2106 1755 t.
2139 1701 2226 1766 IV,
2261 1702 2497 1773 Pt'oteg.,
2524 1718 2573 1771 ιι.
2610 1697 2803 1770 uvn.)

343 1991 384 2047 1.
426 1991 640 2046 Antonii
689 1989 864 2060 Magni
895 1999 1039 2059 gesta
1075 1993 1301 2046 strictim
1345 1996 1636 2064 proposita.

270 2083 566 2138 Antonium
611 2097 808 2152 genere
853 2082 1170 2153 Egyptium
1197 2124 1214 2150 ,
1261 2099 1621 2156 cognomento
1669 2088 1785 2142 Ma-

200 2192 385 2246 gnum,
427 2176 657 2243 vitaeque
711 2177 1024 2230 monasticae
1082 2177 1485 2243 institutorem,
1534 2179 1785 2236 ﬂoruisse

203 2269 305 2322 sub
353 2267 708 2322 Constantino
756 2277 813 2322 et
856 2267 978 2322 ﬁliis
1025 2268 1140 2336 ejus
1187 2271 1559 2338 regnantibus,
1624 2273 1787 2326 tradit

203 2359 262 2412 S.
293 2357 651 2428 Hieronymus
703 2358 801 2430 (a).
847 2356 961 2413 Sub
1009 2359 1266 2429 Dionysio
1314 2372 1493 2416 autem
1541 2363 1785 2417 antistite

204 2450 565 2504 Alexandrino
595 2451 768 2518 ipsum
802 2452 853 2504 in
876 2463 1114 2506 eretuum
1155 2452 1444 2506 secessisse
1473 2464 1632 2521 atque
1664 2454 1786 2509 inde

203 2540 597 2593 anachoretica:
620 2539 743 2593 vita:
769 2540 976 2594 initium
999 2540 1236 2607 dedisse,
1267 2543 1514 2597 scribunt
1545 2542 1783 2597 Elmaci-

205 2646 327 2694 aus,
389 2629 680 2685 Makrisius
726 2638 782 2685 et
832 2630 968 2684 alii:
1021 2645 1331 2701 quanquam
1386 2634 1486 2686 sub
1537 2631 1788 2703 Philippo

205 2722 544 2790 imperatore
601 2721 745 2776 illius
791 2735 1060 2776 secessum
1110 2721 1339 2777 collocet
1377 2722 1780 2794 Abullaragius.

205 2824 262 2868 at
309 2815 564 2870 observat
615 2814 684 2867 cl.
739 2812 1112 2869 Retraudotius
1157 2814 1256 2884 (b).
1309 2814 1552 2881 Quorum
1605 2828 1783 2870 tamen

205 2907 531 2976 scriptorum
582 2905 779 2975 placita
835 2923 904 2960 ex
957 2907 1025 2962 iis
1063 2907 1408 2961 rel'ormanda
1466 2919 1784 2974 noscuntur,

205 3013 327 3068 qua
364 2998 430 3054 de
457 2998 692 3052 Antonio
733 3008 922 3054 nostro
965 3000 1126 3054 tradit
1165 2997 1222 3053 S.
1259 3000 1610 3056 Athanasius.
1645 3002 1788 3057 Prae-

207 3091 350 3144 tlnra
367 3074 519 3144 enim
550 3088 669 3158 ejus
711 3099 860 3158 gesta
915 3089 1112 3160 insigni
1153 3089 1428 3144 volumine
1470 3101 1786 3160 prosecutus

206 3189 290 3236 est
332 3183 558 3252 magnus
589 3179 678 3234 ille
711 3179 1090 3236 Alexandrina:
1122 3179 1284 3238 urbis
1303 3181 1610 3250 episcopus,
1661 3193 1788 3237 tem-

208 3271 360 3341 poris
390 3271 578 3326 ordine
607 3271 794 3326 sedulo
835 3272 1032 3340 ubique
1073 3284 1308 3337 servato,
1353 3283 1412 3325 ut
1457 3273 1660 3342 primus
1689 3274 1786 3328 ad-

210 3363 373 3417 vertit
425 3362 766 3418 doctissimus
814 3361 1246 3416 Moutlauconius
1304 3364 1374 3433 (ε)
1414 3380 1428 3429 ;
1477 3365 1784 3419 sanctitatis
1815 3344 1857 3398 Β

212 3469 340 3509 vero
375 3470 478 3509 non
505 3456 703 3520 minus,
765 3470 925 3524 quam
959 3453 1286 3510 Christianae
1312 3456 1434 3511 ﬁdei
1465 3471 1535 3510 ac
1561 3457 1782 3524 religio-

210 3548 299 3602 nis
349 3546 784 3601 Studiosissimus
841 3546 924 3601 vir
984 3547 1204 3611 beatus,
1277 3562 1592 3616 supremum
1641 3550 1784 3603 diem

210 3639 346 3692 obiit
377 3638 592 3692 ineunte
617 3637 817 3692 Christi
847 3653 992 3692 anno
1015 3637 1142 3703 556,
1177 3640 1353 3694 aetatis
1377 3638 1500 3694 105.

212 3729 275 3784 ιι.
322 3727 488 3782 Nulla
529 3730 825 3782 litterarum
862 3731 1078 3783 scientia
1110 3729 1362 3794 imbutus,
1399 3731 1602 3784 divinas
1641 3730 1786 3786 Scri-

277 3811 458 3866 pturas
486 3800 678 3867 Optime
701 3799 946 3853 calluisse
975 3801 1294 3867 conrperitur
1317 3801 1498 3854 beatus
1533 3801 1711 3854 abbas.

286 3886 468 3958 Neque
494 3889 704 3954 scriptis
743 3888 871 3951 suis,
909 3904 1069 3958 neque
1102 3887 1282 3957 gentili
1310 3890 1594 3959 sapientia,
1625 3906 1786 3959 neque

215 3991 326 4034 arte
355 3995 662 4048 quacunque
708 3979 954 4031 inclaruit
980 3979 1268 4046 Antonius,
1302 3989 1361 4033 ut
1387 3982 1576 4035 scribit
1609 3983 1784 4035 Alba-

216 4071 398 4124 nasius
433 4070 529 4140 (d).
586 4068 782 4124 Verum
821 4072 1071 4139 quamvis
1122 4071 1266 4124 nulla
1318 4074 1539 4126 scientia
1583 4074 1786 4126 litteru-

217 4175 331 4211 rum
366 4159 525 4212 fuerit
580 4158 852 4223 imbutus,
910 4156 1212 4226 Scripturas
1268 4168 1446 4211 tamen
1501 4158 1706 4212 divinas
1736 4167 1785 4211 et

217 4251 514 4304 memoriter
538 4248 801 4300 audiendo
835 4250 1081 4313 tenuisse,
1110 4258 1158 4301 et
1194 4248 1475 4318 prudenter
1509 4249 1785 4318 cogitando

217 4341 533 4396 intellexisse
560 4341 899 4407 prtedicatur,
939 4347 1157 4392 auctore
1183 4339 1482 4407 Augustino
1503 4337 1596 4408 (ρ).
1633 4337 1787 4402 Quod

217 4431 430 4499 quidem
466 4430 596 4483 satis
655 4427 955 4482 luculenter
996 4438 1281 4489 testantur,
1330 4441 1449 4494 qua:
1491 4429 1784 4478 etiamnum

217 4524 471 4584 superant
505 4515 618 4566 sive
648 4513 714 4566 ab
763 4528 828 4568 eo
876 4514 1069 4567 litteris
1110 4514 1380 4574 mandata,
1427 4513 1538 4566 sive
1571 4514 1638 4566 ab
1666 4514 1787 4566 aliis

217 4618 282 4656 ex
327 4617 422 4657 ore
477 4601 592 4671 ejus
635 4613 856 4671 excepta
915 4602 1233 4657 Christiana:
1273 4603 1532 4658 doctrinae
1591 4617 1783 4656 monu-

1809 1999 2006 2067 Aquis
2047 1996 2171 2064 jure
2231 1993 2541 2065 putaverit,
2609 1991 2920 2062 siquidem,
2972 1999 3028 2044 ut
3087 1992 3162 2045 ait
3210 1966 3462 2060 Augtisti‘

1887 2103 1989 2142 nus
2017 2088 2114 2157 (g),
2155 2088 2408 2140 bonorunt
2436 2085 2764 2154 ingeniorum
2794 2085 3016 2152 insignis
3047 2093 3121 2138 est
3155 2082 3382 2145 indoles,
3409 2085 3463 2135 in

1885 2180 2054 2233 verbis
2084 2194 2265 2232 verum
2313 2193 2515 2242 amare,
2567 2191 2670 2229 non
2724 2176 2898 2229 verba.
2958 2176 3165 2240 Quibus
3218 2185 3462 2228 veterqu

1885 2270 2174 2325 sententiis
2200 2280 2254 2324 et
2289 2269 2416 2324 illud
2448 2269 2547 2323 hac
2575 2269 2640 2322 de
2667 2283 2725 2322 re
2758 2267 3018 2334 praeclare
3049 2267 3251 2320 dictant
3284 2280 3313 2318 a
3351 2280 3461 2317 tua.

1885 2376 1990 2431 guo
2023 2361 2274 2415 Ecclesiae
2306 2359 2580 2414 annalium
2629 2367 2854 2428 parente
2901 2359 3103 2412 addere
3149 2356 3290 2410 baud
3332 2356 3462 2409 alie-

1889 2470 2014 2507 num
2052 2470 2081 2507 a
2121 2452 2402 2522 proposito
2445 2460 2634 2506 nostro
2671 2450 2907 2504 fortasse
2940 2448 3102 2503 fuerit
3141 2445 3217 2517 (Ιι)
3249 2466 3263 2502 :
3317 2444 3462 2501 Sicut

1887 2547 2156 2614 effossum,
2181 2545 2279 2609 ait,
2304 2545 2530 2611 informe
2555 2559 2745 2597 aurum
2773 2553 2818 2597 et
2847 2541 2974 2594 rude
3000 2556 3058 2593 eo
3102 2540 3312 2592 cltarius
3356 2553 3464 2592 esse

1887 2639 2036 2702 solet,
2091 2636 2229 2706 quod
2283 2635 2416 2690 nihil
2465 2635 2706 2689 videatur
2755 2634 2974 2687 alterius
3031 2631 3226 2684 metalli
3277 2630 3463 2682 habere

1887 2730 2216 2782 commistum
2243 2743 2262 2782 :
2290 2729 2365 2780 ita
2399 2728 2533 2780 tanti
2557 2725 2872 2794 confessoris
2912 2724 3116 2791 egregia
3159 2737 3463 2774 monumen-

1888 2830 1970 2883 ta,
2009 2836 2106 2872 sua
2148 2819 2315 2887 ipsius
2349 2827 2603 2872 vetustate
2632 2826 2788 2884 atque
2819 2814 3151 2880 simplicitate
3192 2812 3463 2876 micantia,

1886 2911 2072 2979 quibus
2097 2925 2177 2962 res
2215 2908 2389 2976 potius
2431 2922 2587 2976 quam
2633 2907 2785 2959 verba
2819 2906 2872 2956 in
2907 2904 3070 2970 pretio
3108 2917 3221 2956 esse
3259 2900 3462 2962 solent,

1887 3001 2123 3074 gratiora
2150 2999 2304 3066 plane
2335 3006 2486 3051 erunt
2514 3004 2670 3064 atque
2690 2994 3020 3064 jucuntliora
3057 2990 3239 3060 quovis
3271 2990 3463 3051 scripto

1889 3091 2187 3146 recentiori:
2214 3090 2466 3153 auctoris,
2509 3087 2901 3156 quibuscunque
2935 3084 3244 3153 eloquentiae
3280 3083 3459 3150 phale-

1889 3185 1964 3238 ris
2003 3192 2305 3238 exornato:
2345 3179 2598 3249 quidquid
2645 3178 2778 3230 enim
2829 3175 3107 3228 obducitur
3141 3174 3262 3241 fuco
3313 3184 3462 3243 atque

1887 3277 2180 3345 pigmentis,
2243 3282 2537 3339 suspectum
2600 3270 2866 3334 redditur,
2905 3267 3273 3336 pulchriorque
3306 3271 3455 3318 enite-

1886 3369 1981 3421 scit
2008 3368 2122 3436 ipsa
2151 3365 2235 3420 sui
2267 3365 2496 3434 puritate
2542 3361 2851 3426 simplicitas
2878 3377 2896 3423 ;
2939 3374 3055 3428 qua:
3092 3360 3231 3426 quod
3263 3359 3463 3410 mentiri

1888 3455 2102 3519 nesciat,
2133 3469 2284 3508 omne
2322 3451 2559 3522 quamvis
2606 3449 2674 3501 ad
2711 3457 2955 3500 ornatum
3000 3446 3342 3514 compositum
3393 3461 3462 3498 ve-

1885 3545 2170 3602 lamentum
2203 3541 2470 3595 abhorret.

1886 3635 1972 3689 Ill.
2039 3636 2296 3699 Quwnam
2349 3630 2614 3694 scripserit
2671 3628 2729 3684 S.
2793 3628 2974 3690 Pater,
3041 3629 3338 3690 exponitur.
3399 3625 3464 3680 Et

2121 3706 2288 3772 primo
2325 3707 2390 3754 de
2434 3701 2580 3754 illius
2618 3699 2975 3753 Sermonibus
3021 3702 3219 3767 agitur.

1956 3792 2074 3847 1am
2105 3806 2253 3854 vero,
2285 3800 2347 3845 ut
2373 3791 2505 3844 tauti
2550 3789 2727 3843 Patris
2766 3789 2966 3856 scripta
3005 3801 3124 3855 qua:
3163 3786 3340 3840 adhuc
3378 3800 3464 3839 su-

1886 3887 2130 3951 persunt,
2183 3880 2494 3934 summatim
2554 3891 2982 3940 recenseamus,
3040 3877 3271 3944 primum
3321 3876 3461 3930 sisti-

1888 3987 2009 4026 mus
2032 3970 2148 4037 ejus
2202 3969 2521 4032 Sermones;
2561 3984 2700 4038 quos
2725 3968 2867 4023 inter
2903 3967 3149 4037 ptincipe
3179 3983 3308 4022 sane
3349 3968 3464 4022 loco

1887 4062 2078 4130 dignus
2105 4059 2520 4124 existimandus,
2549 4074 2708 4128 quem
2752 4060 2908 4114 nobis
2956 4060 3196 4112 servatit
3239 4074 3468 4128 magnus

1885 4151 2220 4206 Athanasius
2247 4151 2332 4219 li).
2377 4147 2432 4202 lu
2460 4163 2526 4202 eo
2555 4149 2826 4218 siquidem
2855 4163 2982 4202 suos
3012 4156 3226 4202 ascetas
3247 4157 3463 4201 sanctus

1887 4243 2050 4297 abbas
2087 4243 2153 4295 ad
2199 4241 2446 4295 militiam
2487 4241 2824 4307 spiritualem
2872 4239 3224 4303 informatus,
3261 4238 3465 4292 eisdem

1887 4332 2088 4385 monita
2115 4329 2271 4398 plane
2317 4328 2656 4382 altnirabilia
2696 4326 2974 4396 suggerit;
3018 4326 3213 4394 quibus
3249 4325 3462 4392 imbuti,

1887 4427 1953 4477 ait
2006 4421 2400 4475 colluctandum
2449 4419 2698 4472 adversus
2746 4419 3005 4486 principes
3060 4426 3109 4471 et
3163 4425 3464 4484 potestates,

1887 4515 2132 4567 adversus
2175 4515 2354 4566 muniti
2384 4522 2607 4566 rectores
2637 4513 2966 4565 tenebrarum
3019 4513 3232 4577 harum,
3282 4521 3463 4564 contra

1889 4605 2185 4674 spiritualia
2253 4606 2498 4674 nequitia?
2527 4605 2580 4657 in
2639 4605 2932 4659 cuzlestibus
2996 4605 3046 4669 ¹,
3110 4609 3464 4673 promptiores

218 4703 428 4758 menta;
482 4695 536 4747 in
578 4694 786 4762 quibus,
835 4707 1036 4746 utcum
1083 4694 1412 4766 Hieronymo
1466 4695 1656 4763 loquar
1695 4695 1786 4764 (f),
1816 4675 1858 4730 (οἶ
1893 4696 2291 4764 validioresque
2350 4696 2722 4750 redderentur.
2796 4695 3086 4763 Nimirum,
3115 4712 3251 4749 unus
3299 4699 3464 4750 Anton

218 4785 463 4855 loquendi
484 4785 870 4851 simplicitatem
895 4785 1165 4837 excusabit
1187 4786 1550 4838 sanctimonia:
1582 4787 1786 4852 magni-

218 4878 365 4928 tudo.
398 4873 580 4943 Neque
599 4874 742 4928 enim
767 4875 1264 4943 reprehendendam
1291 4875 1344 4928 in
1374 4877 1600 4930 vetustis
1621 4877 1791 4944 potis-

220 4968 415 5020 simum
489 4965 747 5020 Ecclesia:
823 4963 1071 5020 Patribus
1133 4967 1398 5022 sermonis
1464 4967 1789 5036 imperitiam

294 5166 306 5194 ¹
349 5164 546 5234 Epltes.
576 5181 626 5222 vt
652 5206 667 5234 ,
707 5167 796 5221 12.

293 5364 367 5434 (τι)
408 5365 627 5421 Hieron.
665 5366 743 5420 De
772 5367 870 5421 vir.
905 5368 1096 5420 illustr.
1138 5382 1255 5435 cap.
1293 5365 1380 5420 88.

291 5437 364 5500 (b)
409 5437 650 5505 lienaud.
689 5435 829 5490 llist.
853 5439 1138 5502 patriarc/t.
1172 5437 1320 5490 Alex.
1372 5452 1493 5505 pag.
1527 5437 1615 5491 58.

293 5503 588 5629 gingiuam.
619 5507 671 5559 in
717 5507 906 5560 blonit.
935 5507 1001 5559 ad
1024 5508 1218 5561 Anton.
1265 5503 1648 5560 Vitht/tanas.
1683 5506 1710 5579 §
1738 5507 1790 5573 8,

227 5588 613 5711 0³ἷζάἴιλιάκιη.
649 5646 701 5698 itt
749 5645 855 5700 Vit.
891 5646 1084 5716 Anton.
1113 5646 1138 5715 §
1169 5646 1258 5706 93.
1293 5663 1413 5716 pag.
1454 5647 1578 5701 895.

297 5716 367 5783 (ε)
410 5719 551 5784 Aug.
585 5715 656 5769 De
693 5719 858 5770 doctr.
890 5715 1085 5770 Christ.
1128 5720 1178 5769 in
1204 5715 1408 5788 ιιι-0108.
1451 5732 1503 5771 n.
1537 5719 1587 5773 Ii.

1894 4787 2014 4841 nius
2079 4802 2186 4856 prae
2262 4787 2511 4853 ett-teris,
2565 4802 2724 4842 omne
2785 4804 2954 4858 genius
3007 4789 3464 4844 conﬂictatiouum

1895 4894 2174 4933 aerearqu
2202 4888 2479 4947 expertus,
2519 4882 2657 4948 potis
2677 4890 2796 4934 erat
2831 4880 3231 4951 investigabiles
3267 4884 3462 4937 diaboli

1897 4973 2166 5028 versutias
2199 4973 2468 5042 detegere,
2498 4972 2694 5042 quibus
2735 4973 2895 5029 modo
2917 4975 3079 5039 clam,
3104 4975 3261 5030 modo
3290 4976 3461 5045 palam

1978 5367 2044 5440 (Ι)
2088 5366 2500 5440 Hieron.__epist.
2522 5367 2613 5432 57,
2645 5367 2716 5440 al.
2753 5367 2872 5433 101,
2899 5369 2967 5440 ad
2992 5366 3344 5440 Pammacn.§
3376 5370 3456 5424 12.

1975 5435 2049 5507 (g)
2093 5440 2230 5506 Aug.
2292 5435 2585 5491 De'doctr.
2644 5439 2838 5491 Christ.
2898 5437 2992 5491 lib.
3061 5451 3134 5501 tv,
3191 5435 3339 5506 cap.‘
3379 5443 3456 5494 tt.

1898 5523 2048 5562 num.
2080 5507 2169 5561 26.

1973 5576 2050 5646 (ἡ)
2092 5577 2286 5631 Baron.
2319 5577 2384 5630 ad
2417 5592 2543 5646 ann.
2571 5575 2694 5640 556,
2723 5577 2750 5646 §
2781 5576 2868 5630 9|.

1897 5646 2272 5772 80(80835ban.
2329 5649 2380 5701 in
2433 5645 2532 5699 Vit.
2579 5645 2776 5699 Anton.
2827 5664 2854 5698 a
2892 5661 3038 5700 num.
3075 5645 3261 5711 lli-45,
3308 5661 3455 5716 pagg.
