3872 6278
407 333 516 388 955

1526 329 1799 385 PATRES
1839 327 2138 386 AEGYPTII
2181 328 2449 385 SIECL’LI
2488 325 2575 382 IV.

3571 332 3686 388 956

407 454 498 507 ltle
532 451 754 508 humani
789 450 1003 522 generis
1030 448 1202 505 hostis
1244 448 1574 518 improvidos
1601 449 1814 503 animos
1857 449 1993 503 irre-
2020 455 2067 513 Α
2095 449 2491 519 Champerius:
2524 462 2686 517 quam
2727 445 3068 514 postmodum
3119 444 3487 500 excudendam
3515 461 3683 502 cura-

409 548 510 599 tire
533 553 785 600 conatur.

481 636 740 706 Sequitur
789 649 973 689 sermo
1030 633 1107 686 De
1162 633 1392 686 variitate
1464 633 1646 685 mundi
1693 642 1744 686 et
1809 649 1987 688 resur-

409 728 636 781 rectione
675 733 1022 790 mortuorum,
1053 737 1216 792 quem
1253 737 1320 777 ex
1346 722 1572 789 antiquo
1615 722 1734 776 Aldi
1768 721 1986 776 Manntii

410 818 600 872 Latino
637 816 821 870 codice
849 831 952 869 ms.
984 814 1151 868 edidit
1191 813 1476 883 Moguntia:
1511 827 1655 866 anno
1691 811 1850 866 1604.
1883 811 1990 867 Ge-

410 910 601 965 rardus
630 907 851 963 Vossius
875 907 1212 976 Tungrensis
1252 906 1570 975 praepositus
1605 904 1748 970 inter
1778 903 1990 958 Miscet-

408 1002 561 1055 lauea
580 1010 882 1054 sanctorum
908 997 1148 1061 Patrum,
1173 995 1441 1066 Operibus
1466 994 1524 1050 S.
1543 993 1789 1064 Gregorii
1809 993 1989 1049 Thau-

408 1092 642 1159 maturgi
674 1091 944 1160 subjecta.

482 1182 576 1236 llis
603 1197 766 1250 porro
813 1181 1023 1234 duobus
1060 1178 1194 1232 alios
1243 1176 1574 1232 attexuimus
1611 1191 1892 1232 sermones
1917 1193 1987 1232 xx

410 1269 484 1324 De
525 1270 806 1323 virtutibus
841 1276 891 1322 et
927 1268 1090 1330 vitiis,
1115 1267 1308 1322 breves
1337 1266 1469 1337 illos
1491 1267 1731 1332 quidem,
1756 1269 1848 1322 sed
1878 1283 1990 1323 co:-

407 1359 527 1414 lesti
557 1358 802 1414 doctrina
839 1357 1106 1424 refertos;
1151 1372 1290 1426 quos
1332 1358 1402 1412 ad
1449 1358 1590 1414 filios
1627 1375 1757 1416 suos
1801 1375 1988 1414 mona-

406 1450 540 1504 chos
579 1459 801 1505 sanctus
829 1447 993 1504 Pater
1027 1449 1283 1504 habuisse
1317 1450 1567 1506 traditur.
1618 1447 1725 1507 Eos
1765 1467 1896 1506 vero
1920 1467 1987 1506 ex

408 1555 511 1593 ms.
556 1540 748 1594 codice
787 1538 1023 1593 Arabico
1056 1537 1250 1592 Latine
1289 1540 1677 1608 interpretatus
1703 1550 1786 1596 est
1814 1540 1986 1594 Abra-

409 1631 600 1686 bamus
634 1629 998 1686 Ecchellensis
1041 1630 1334 1696 Maronita,
1387 1645 1619 1702 cumque
1665 1631 1790 1688 aliis
1838 1631 1990 1687 Chri-

406 1721 597 1776 stianae
627 1721 844 1792 pietatis
875 1721 1240 1776 monumentis
1271 1736 1396 1777 mox
1421 1725 1810 1779 enumerandis
1834 1723 1987 1778 Pari-

2093 543 2170 597 vit
2225 542 2464 597 Colonia:
2489 555 2633 595 anno
2689 537 2827 593 1556
2896 537 3186 608 Dionysius
3242 537 3682 604 Cartbusianus,

2091 629 2203 684 suis
2246 629 2299 682 in
2332 629 2500 684 lib‘ros
2528 627 2933 696 Areopagiticos
2965 627 3372 683 commentariis
3404 627 3683 696 adiectam

2094 721 2186 776 fol.
2225 721 2331 776 569
2365 737 2491 791 sqq.
2523 720 2732 776 Exinde
2763 734 2892 774 vero
2926 719 3094 774 semel
3139 720 3444 790 iterumque
3477 721 3686 790 prodiit

2090 813 2314 868 Basilete
2357 827 2484 866 ann.
2525 811 2686 874 1550,
2735 809 2875 865 1555
2919 818 2974 865 et
3011 808 3170 874 1569,
3208 824 3331 865 cum
3383 811 3435 865 in
3477 809 3685 865 Micro-

2088 905 2401 975 presbytico.
2436 915 2546 958 tum
2579 903 2633 957 in
2661 901 3185 971 Orthodoxographis
3214 901 3430 956 Heroldi
3459 911 3512 956 et
3533 903 3684 974 Gry-

2093 997 2193 1051 naei
2227 1014 2242 1063 ;
2273 1000 2492 1052 necnon
2553 995 2606 1049 in
2654 993 2998 1048 Bibliothecis
3033 989 3255 1046 Patrum
3282 992 3456 1048 Paris.
3479 992 3679 1048 Colon.

2089 1097 2143 1141 et
2190 1086 2531 1156 Lugdunensi
2571 1105 2584 1141 :
2623 1086 2676 1141 in
2732 1086 2930 1155 quibus
2965 1096 3147 1140 tamen
3193 1099 3384 1140 omnes
3416 1084 3683 1155 Epistula:

2089 1177 2438 1241 Antonianae,
2469 1178 2515 1232 si
2552 1177 2778 1247 primam
2813 1176 3074 1246 excipias,
3117 1189 3398 1246 perperam
3440 1175 3511 1229 ad
3566 1176 3683 1230 Ar—

2089 1267 2310 1321 sinoitas
2341 1266 2520 1322 missa!
2569 1265 2852 1334 feruntur;
2889 1281 3010 1321 cum
3053 1265 3382 1337 Hieronymo
3413 1275 3570 1332 teste,
3621 1275 3685 1320 ut

2091 1360 2251 1413 modo
2314 1357 2711 1421 intelleximus,
2781 1371 2942 1411 unam
2989 1357 3386 1422 tantummodo,
3441 1371 3683 1425 eamque

2088 1449 2430 1519 pra’cipuam,
2464 1448 2756 1504 Arsinoitis
2785 1447 2955 1504 fuisse
2990 1449 3306 1520 inscriptam
3331 1459 3678 1520 compertum

2089 1540 2160 1594 sit
2192 1559 2204 1595 :
2231 1548 2425 1610 estque
2463 1539 2727 1606 secunda,
2750 1555 2870 1610 quae
2891 1541 3007 1596 sola
3039 1539 3094 1593 in
3125 1540 3526 1610 antiquioribus
3558 1543 3681 1597 edi-

2091 1629 2178 1691 tis.
2227 1628 2382 1684 nobis
2411 1629 2692 1699 inspectis,
2739 1631 2809 1684 ad
2852 1629 3152 1684 Arsinoitas
3201 1631 3369 1686 missa
3421 1632 3681 1700 perbibe-

2091 1729 2198 1774 tur.
2235 1718 2388 1786 Quod
2417 1720 2632 1790 quidem
2670 1728 2915 1776 erratum
2966 1721 3019 1774 in
3066 1720 3291 1774 Patrum
3331 1720 3679 1776 Bibliotheeis

407 1812 505 1866 siis
529 1790 796 1881 evolgavit
828 1825 973 1864 anno
1010 1809 1166 1864 1646.
1195 1809 1330 1864 Illud
1359 1819 1540 1865 autem
1568 1811 1707 1865 scite
1735 1811 1988 1865 admonet
2018 1790 2060 1844 Β
2086 1824 2379 1866 occurrens
2402 1850 2418 1875 ,
2474 1811 2684 1880 primus
2753 1811 2975 1880 agnovit
3034 1811 3455 1879 emendavitque
3514 1811 3680 1865 Biva-

409 1903 462 1956 in
491 1900 815 1957 Prtelatione
849 1902 916 1957 ad
941 1902 1197 1958 lectorem
1227 1901 1472 1957 eruditus
1505 1901 1794 1973 interpres,
1825 1903 1988 1958 nullis

407 1994 626 2062 quidem
648 1995 951 2050 rationibus
979 1995 1249 2062 nullisque
1281 1994 1448 2049 certis
1485 1995 1811 2051 testimoniis
1839 2010 1989 2050 com-

407 2085 623 2153 probari
658 2100 839 2154 posse,
886 2085 1000 2139 haec
1029 2085 1244 2152 aliaque
1270 2083 1535 2151 ejusmodi
1565 2083 1866 2155 spiritualia
1890 2086 1988 2140 do-

407 2184 660 2231 cumenta
699 2175 866 2230 fuisse
923 2192 953 2230 a
1002 2175 1349 2231 sanctissimo
1391 2176 1585 2229 abbate
1637 2176 1832 2231 litteris
1883 2187 1988 2230 tra-

408 2267 515 2322 dita
551 2307 568 2334 ,
633 2268 736 2322 nisi
799 2282 904 2322 una
989 2269 1230 2322 omnium
1299 2267 1537 2324 Orientis
1602 2269 1986 2324 monachorum

409 2358 702 2414 traditione
725 2366 890 2428 atque
930 2359 1221 2413 universali
1263 2375 1575 2416 consensu:
1601 2375 1830 2430 quorum
1857 2375 1988 2416 sane

407 2451 652 2505 omnium
688 2466 986 2506 concursus
1026 2451 1094 2505 ad
1140 2452 1555 2522 contingendum
1603 2450 1802 2521 aliquid
1837 2467 1988 2506 com-

408 2555 574 2596 mune
636 2539 984 2610 impossibilis
1033 2555 1153 2595 esse
1209 2541 1470 2596 videtur:
1516 2542 1818 2611 praesertim
1861 2558 1984 2597 cum

406 2629 698 2686 orientales
757 2629 833 2684 illi
890 2630 1139 2685 monachi
1191 2632 1464 2686 variarum
1519 2631 1628 2687 sint
1677 2640 1983 2696 sectarum,

408 2721 678 2792 variatque
719 2721 948 2792 proinde
997 2723 1366 2790 persuasionis
1411 2724 1589 2793 quoad
1630 2723 1982 2792 religionem;

408 2814 485 2868 nti
519 2823 646 2870 sunt
678 2812 964 2877 Melcbitae,
1001 2811 1278 2879 Jacobitaa,
1323 2811 1651 2878 Nestoriani,
1697 2813 1982 2884 Copbtitaz,

406 2904 708 2974 Ethiopes,
745 2903 1022 2959 Maronitae
1061 2903 1280 2973 aliique.

409 3009 513 3088 IV.‘
539 3010 747 3088 Septem
796 3013 1336 3088 Epistolmuprimum
1376 3014 1693 3088 {Egyptian
1738 3017 1982 3088 scripta»,

478 3083 760 3164 deindeex
784 3082 1258 3180 versioneLGra'cq)
1281 3082 1469 3166 Latine
1489 3082 1746 3180 redditio.
1781 3082 1981 3140 Earum
2008 3122 2051 3180 ο

480 3152 772 3206 auctoritas
807 3154 1162 3222 comprobata.
1214 3153 1498 3209 Recensin
1535 3157 1806 3211 editiones.

477 3241 772 3298 Sermones
809 3243 1086 3314 excipiunt
1122 3242 1411 3311 Epistolas;
1466 3261 1694 3314 qnarurn
1751 3259 1938 3317 septem
1964 3291 1980 3316 ,

406 3333 737 3404 Hieronymo
777 3345 915 3390 teSte
944 3335 1019 3404 (a)
1043 3376 1060 3401 ,
1099 3335 1374 3404 apostolici
1392 3353 1572 3390 sensus
1593 3341 1946 3409 sermonisque
1965 3383 1980 3407 ,

407 3426 548 3481 misit
595 3425 861 3481 Antonius
909 3423 1227 3496 Egyptiace
1269 3426 1339 3480 ad
1387 3428 1598 3482 diversa
1643 3432 1980 3495 monasteria,

405 3516 460 3568 in
495 3513 732 3569 Grecam
763 3515 998 3586 linguam
1035 3517 1292 3586 deinceps
1321 3519 1644 3585 translatas;
1685 3533 1985 3591 earumque

403 3609 673 3676 praecipua
705 3617 781 3662 est
825 3608 894 3660 ad
927 3609 1253 3663 Arsinoitas.
1286 3607 1617 3679 Hieronymo
1648 3613 1855 3667 accedit
1882 3628 1983 3668 au-

405 3707 526 3751 ctor
549 3695 770 3751 Graecus
801 3696 1042 3751 incertus
1084 3695 1158 3751 De
1197 3697 1353 3766 gestis
1390 3707 1436 3752 et
1476 3699 1644 3751 verbis
1683 3697 1980 3766 Seniorum,

405 3789 560 3855 cujus
589 3802 726 3856 opus
754 3794 1002 3842 recenset
1045 3787 1404 3858 Pbotius(b):
1457 3797 1742 3858 exstatque
1789 3789 1984 3848 Latine

409 3877 649 3932 redditus
681 3877 775 3946 (ε),
825 3877 1120 3946 interprete
1163 3879 1380 3949 Pelagio
1414 3879 1472 3934 S.
1529 3881 1593 3933 ﬂ.
1626 3881 1688 3934 E.
1734 3883 1980 3950 diacono;

406 3968 474 4021 de
493 3981 602 4035 quo
618 3967 788 4034 deque
805 3968 923 4036 ejus
939 3968 1190 4024 versione
1208 3969 1371 4024 verba
1395 3968 1525 4025 facit
1545 3971 1858 4041 Sigebertus
1877 3975 1978 4044 (ά).

406 4056 500 4112 Sic
540 4057 721 4128 itaque
749 4073 1048 4129 anonymus
1089 4059 1180 4115 ille
1224 4060 1460 4129 scriptor
1489 4061 1598 4132 (e):
1633 4061 1779 4117 Dixit
1822 4066 1982 4120 abbas

405 4148 706 4203 Antonius:
743 4147 978 4204 zEstimo
1005 4153 1146 4220 quod
1196 4149 1385 4204 habent
1421 4167 1610 4221 corpus
1652 4165 1850 4210 motum
1891 4173 1984 4210 na-

405 4237 629 4294 turalem
651 4256 982 4322 conspersum
1013 4242 1067 4295 in
1107 4258 1182 4306 se,
1215 4252 1320 4296 etc.
1352 4239 1451 4308 Qui
1476 4243 1690 4313 quidem
1722 4245 1870 4302 locus
1896 4248 1980 4302 in-

407 4341 556 4402 teger
593 4331 829 4386 occurrit
857 4333 911 4386 in
947 4331 1186 4403 Epistula
1225 4331 1244 4385 1
1274 4333 1604 4402 Antoniana,
1655 4333 1683 4406 ς
1718 4337 1772 4401 4,
1811 4348 1870 4390 ιιι
1912 4341 1978 4393 ad

2090 1900 2201 1957 rius
2228 1900 2325 1972 (9),
2357 1901 2448 1971 qui
2483 1911 2539 1957 et
2582 1901 2634 1956 in
2661 1915 2762 1956 suo
2797 1901 3010 1957 erudito
3047 1900 3123 1955 De
3161 1902 3319 1955 veteri
3353 1903 3676 1955 monacham

2086 2007 2252 2060 opere
2287 2001 2396 2048 tres
2450 1994 2661 2062 priores
2716 1992 3061 2047 Antonianas
3097 1991 3343 2047 exhibuit
3385 1990 3676 2062 epistolas,

2087 2082 2356 2153 simulque
2389 2083 2602 2138 illarum
2635 2097 2666 2138 e
2693 2084 2915 2154 regione
2957 2083 3354 2152 expositionem
3391 2085 3672 2154 apposuit.

2088 2173 2274 2245 Neque
2325 2176 2485 2231 aliter
2553 2177 2771 2230 demum
2844 2176 3000 2232 nobis
3057 2175 3322 2246 agendum
3394 2176 3677 2232 existima-

2088 2265 2282 2318 vimus.

2088 2354 2154 2409 V.
2214 2354 2422 2410 [larum
2474 2353 2837 2425 Epistolarum
2889 2355 3222 2425 prtestantia.
3279 2353 3396 2421 Quo
3443 2365 3676 2425 tempore

2758 2446 2993 2513 scripta.

2157 2533 2263 2590 Sed
2292 2535 2421 2603 illud
2458 2535 2638 2604 potius
2665 2538 2872 2592 relerre
2902 2537 3129 2606 juverit,
3164 2536 3308 2607 quod
3345 2537 3504 2592 nobis
3535 2539 3676 2594 edis.

2086 2627 2220 2682 serit
2241 2627 2308 2682 de
2335 2628 2420 2682 bis
2452 2627 2705 2698 Epistolis
2734 2629 2943 2698 primus
2969 2643 3157 2682 earum
3191 2629 3369 2684 editor
3399 2629 3673 2700 Cbampe-

2087 2720 2200 2775 rius
2236 2721 2288 2774 in
2329 2721 2552 2790 epistola
2583 2720 2802 2776 Hectori
2841 2720 2990 2775 Dallo
3027 2721 3171 2777 sedis
3205 2721 3515 2792 apostolica:
3543 2737 3676 2792 pro-

2089 2810 2359 2866 tonotario
2399 2812 2680 2880 inscripta,
2722 2825 2940 2881 suaeque
3001 2813 3226 2867 editioni
3274 2795 3518 2883 praafixa.
3578 2814 3674 2869 Sic

2089 2900 2255 2970 igitur
2291 2901 2426 2955 ille:
2473 2900 2665 2970 Accepi
2709 2902 2946 2966 tandem,
2990 2901 3186 2972 inquit,
3221 2919 3352 2972 quas
3391 2904 3484 2956 diu
3525 2905 3673 2958 desi-

2085 2993 2331 3046 deravia
2375 3005 2424 3046 te
2472 2991 2696 3058 litteras,
2745 3009 2960 3063 cumque
3003 2995 3083 3048 Itis
3124 2995 3284 3048 simul
3337 2997 3443 3049 divi
3487 2993 3672 3051 Patris

2087 3083 2302 3138 Antonii
2335 3081 2610 3153 Epistolas
2655 3093 2868 3153 septem,
2895 3101 3026 3154 quas
3055 3101 3206 3140 sacer
3247 3065 3550 3142 Theodorus
3590 3101 3673 3142 to-

2085 3177 2189 3229 tius
2210 3176 2512 3229 monastica:
2531 3176 2872 3245 archiprwsul
2889 3178 3400 3244 communicaverat;
3427 3197 3672 3250 —quas-

2084 3283 2182 3338 que
2209 3284 2314 3322 una
2341 3279 2388 3322 et
2424 3267 2740 3337 Egyptian
2776 3270 3018 3336 scriptas,
3053 3280 3102 3324 et
3138 3268 3318 3325 Greece
3353 3273 3672 3341 interpretao

2085 3370 2194 3428 tas,
2223 3375 2386 3430 nuper
2414 3376 2533 3415 vero
2577 3377 2608 3414 a
2649 3359 2861 3416 Valerio
2915 3359 3132 3417 Sarasio
3188 3363 3376 3420 Latine
3416 3369 3666 3433 scriptas,

2083 3449 2153 3503 ad
2183 3466 2264 3504 me
2298 3451 2512 3504 misisti.
2547 3449 2788 3515 Quarum
2817 3453 3197 3519 grasitatemne
3237 3471 3306 3508 an
3350 3457 3668 3510 suavitatem

2084 3541 2202 3605 plus
2232 3541 2491 3606 admirer,
2540 3543 2732 3596 nescio.
2789 3541 3034 3613 Namque
3083 3545 3352 3612 aptissime
3391 3547 3669 3600 exorditur

2091 3632 2377 3698 Antonius,
2430 3634 2604 3688 lucide
2641 3635 3014 3703 prop/letarum
3050 3647 3230 3690 narrat
3272 3638 3545 3703 historias,
3583 3642 3669 3694 in-

2083 3725 2216 3778 vehit
2259 3725 2472 3792 acriter,
2516 3727 2660 3780 varie
2705 3737 2895 3793 ornat,
2943 3729 3228 3797 artiﬁciose
3254 3731 3617 3799 complectitur
3647 3749 3665 3785 :

2084 3825 2192 3869 tant
2223 3824 2365 3885 apte,
2396 3827 2504 3870 tam
2535 3831 2738 3886 ornate,
2788 3828 2895 3872 tant
2939 3821 3165 3890 copiose,
3209 3832 3316 3874 tam
3362 3823 3578 3891 pulchre
3609 3826 3667 3878 in

2085 3905 2340 3976 Epistolis
2373 3911 2541 3962 oravit
2597 3912 2876 3966 Antonius.
2911 3910 3052 3977 Quid
3075 3912 3174 3966 hac
3213 3913 3514 3969 Antoniana
3542 3933 3667 3969 ora-

2083 3997 2221 4051 tione
2251 3999 2531 4067 perfectius
2558 4001 2582 4052 ?
2619 4000 2746 4069 quid
2777 4001 3114 4055 absolutius?
3136 4003 3250 4068 quis
3287 4005 3515 4060 modus?
3544 4007 3665 4074 quis

2083 4085 2255 4140 ordo?
2291 4083 2601 4154 Nunquam,
2653 4090 2724 4141 mi
2770 4088 2987 4155 ﬂector,
3023 4107 3168 4160 atque
3199 4092 3486 4148 delectatus
3520 4111 3662 4155 sum.

2084 4171 2354 4230 llactenus
2389 4175 2496 4230 ille.

2153 4263 2262 4319 llas
2291 4277 2469 4320 autem
2515 4265 2783 4338 Epistolas
2828 4269 3113 4341 scripsisse
3161 4273 3496 4343 comperitur
3528 4275 3660 4330 bea-

2085 4357 2323 4414 tissimus
2353 4360 2540 4427 abbas,
2575 4377 2698 4417 cum
2723 4375 2990 4433 provecta!
3018 4366 3308 4421 admodum
3345 4378 3491 4424 esset
3532 4379 3664 4425 acta-

403 4437 525 4477 eum
560 4422 736 4478 locum
772 4423 1096 4478 monuimus.
1155 4424 1348 4494 Ecquis
1402 4441 1564 4495 porro
1599 4427 1725 4498 jure
1766 4429 1974 4486 dubitet

2091 4446 2167 4510 Lis,
2220 4455 2276 4502 ut
2316 4422 2544 4518 ipsemet
2586 4422 2870 4521 protitetur
2926 4456 3010 4510 bis
3049 4457 3228 4514 verbis
3254 4456 3376 4527 (It):
3419 4422 3666 4516 illidet—et

401 4513 474 4618 lie
512 4513 718 4618 ollarum
774 4513 1136 4618 ξβίεφιαηίθξι
1181 4515 1520 4618 ξίηεθτίξξξιθο
1549 4526 1653 4618 ,ιοι
1678 4522 1976 4618 ,ξηηιίειιιιθ
2077 4549 2170 4604 ego
2219 4513 2420 4612 quoque
2445 4513 2760 4596 deterrimus
2793 4545 2882 4613 qui
2923 4547 3060 4608 Itane
3087 4513 3340 4616 descripsi
3363 4513 3660 4618 epistolam,

404 4607 632 4662 testibus
674 4607 1014 4663 confirmata.
1058 4607 1150 4662 Sic
1184 4606 1356 4664 ferme
1385 4610 1631 4666 Bivarius
1669 4610 1773 4680 (Γ),
1806 4627 1835 4665 a
1868 4627 1975 4682 quo

2091 4606 2473 4696 expergefactus
2505 4648 2537 4684 a
2577 4606 2894 4688 dormitione
2942 4606 3148 4705 mortis,
3196 4606 3485 4706 plurimum
3525 4606 3663 4696 illud

405 4712 514 4752 uno
546 4697 660 4752 haec
690 4697 1019 4766 accepimus,
1052 4696 1421 4767 Tillemontio,
1454 4699 1709 4755 Fabricio
1743 4701 1974 4771 aliisque
2079 4716 2327 4782 temporis
2377 4719 2514 4786 quod

404 4786 537 4842 viris
563 4787 792 4842 eruditis
828 4787 987 4858 plane
1019 4788 1371 4860 incomperta.

2585 4721 2716 4774 mihi
2776 4724 2878 4790 fuit
2947 4740 3101 4792 super
3171 4736 3410 4788 terram.
3455 4730 3660 4799 factum

2079 4801 2323 4856 existimo
2353 4806 2550 4861 luctum
2592 4820 2639 4863 et
2668 4813 2874 4881 fletum,
2915 4825 3020 4871 etc.
3055 4815 3207 4883 Quod
3237 4819 3432 4875 iterum
3461 4824 3660 4876 confir-

475 4879 584 4979 llas
617 4890 796 4979 autem
828 4892 1033 4952 septem
1068 4883 1336 4948 Epistolas
1371 4901 1514 4941 nunc
1539 4895 1746 4942 tantum
1785 4887 1976 4941 Latine
2077 4905 2213 4962 mat,
2250 4899 2373 4950 dum
2413 4899 2600 4952 Arium
2636 4914 2667 4954 e
2714 4879 2951 4959 tenebris
2982 4879 3184 4967 mundo
3219 4910 3533 4979 emersisse,
3579 4914 3659 4966 vi-

404 4970 685 5035 habemus,
705 4989 737 5030 e
755 4973 945 5031 Grazco
969 4976 1203 5032 redditas
1223 4993 1254 5030 a
1275 4976 1490 5032 Valerio
1511 4977 1760 5045 Sarasio;
1788 4983 1874 5034 cui
1895 4991 1974 5034 ta-

2074 5001 2273 5056 rusque
2315 5002 2474 5044 suum
2525 4990 2802 5048 ellnndere
2842 4995 2954 5064 jam
3001 4998 3231 5066 cepisse
3287 5007 3540 5068 testatur,
3577 5004 3657 5057 sic

404 5050 528 5118 men
566 5061 619 5117 in
651 5078 746 5118 sua
775 5065 910 5130 satis
937 5065 1167 5135 implexa
1201 5066 1648 5134 interpretatione
1671 5082 1757 5123 res
1786 5084 1974 5138 parum
2075 5050 2326 5148 inquiens
2359 5079 2424 5149 (i)
2451 5098 2465 5133 :
2515 5079 2592 5136 De
2617 5081 2749 5136 Aria
2794 5050 2912 5139 vero
2945 5050 3654 5156 quiiﬁirn‘AleuandriaysiI}:

401 5153 631 5210 feliciter
683 5156 879 5212 cessit.
944 5157 1209 5210 Cancrum
1265 5155 1568 5209 versionem
1625 5155 1970 5214 Sarasianam

2081 5169 2234 5234 rexit,
2289 5176 2339 5222 et
2380 5169 2607 5239 loquitur
2653 5172 2829 5227 aliena
2873 5175 3030 5229 verba
3066 5176 3131 5230 de
3188 5175 3488 5249 Unigenito.
3545 5192 3648 5235 etc.

401 5247 608 5316 primus
635 5247 903 5318 evulgavit
933 5247 1154 5302 Parisiis
1195 5261 1336 5301 anno
1373 5247 1511 5302 1515
1543 5247 1971 5318 Symphorianus
2079 5257 2221 5325 Quin
2249 5259 2413 5314 etiam
2449 5263 2769 5332 rogantibus
2795 5263 3065 5336 episcopis
3101 5277 3155 5321 ei
3187 5247 3445 5326 {mil-ibus
3470 5272 3651 5326 omni-

471 5366 548 5442 (a)
585 5367 805 5442 ljieron.
840 5370 1036 5442 Deruir.
1076 5369 1272 5442 illustr.
1305 5387 1425 5442 cap.
1461 5373 1548 5428 88.

481 5438 552 5508 (b)
591 5438 832 5508 Photius,
861 5439 996 5508 Bibl.
1039 5440 1154 5508 cod.
1191 5441 1310 5497 198.

476 5505 544 5577 (ἐ)
585 5507 701 5562 Lib.
740 5524 766 5560 v
806 5507 882 5560 De
926 5505 1054 5562 Vitis
1091 5507 1336 5566 Patrum.

473 5580 552 5651 (ά)
595 5577 776 5651 Sigeb.
815 5577 890 5651 9e
920 5580 1100 5651 script.
1130 5581 1256 5634 eccl.
1289 5597 1409 5651 cap.
1447 5583 1564 5637 Hii.

469 5647 760 5771 (ἷὲὸΔηοη.
803 5647 897 5702 Gr.
927 5648 1088 5703 libell.
1130 5667 1158 5703 ν
1230 5651 1257 5722 ς
1299 5647 1432 5719 1,’ἰιι
1472 5653 1576 5708 Vit.
1613 5653 1728 5708 Pl'.
1773 5656 1865 5711 lib.
1921 5675 1969 5725 ν,

2149 5381 2430 5462 ρλϐἰνεικ
2465 5382 2543 5437 De
2587 5394 2688 5438 oet.
2728 5385 2966 5440 monach.
3011 5385 3108 5443 lib.
3139 5401 3198 5454 tu
3222 5426 3238 5452 ,
3286 5403 3403 5462 cap.
3437 5389 3492 5451 ἓ,
3527 5389 3558 5462 §
3596 5391 3646 5457 5,

2078 5469 2132 5521 ρ.
2155 5452 2283 5506 201.
2333 5505 2340 5512 .

2150 5524 2223 5594 (g)
2265 5523 2341 5577 Id.
2373 5522 2504 5577 ibid.
2544 5537 2667 5594 pag.
2695 5523 2944 5594 2017sqq.

2148 5592 2225 5729 Eb)
2265 5593 2466 5647 Anton.
2507 5592 2670 5660 epist.
2701 5593 2756 5656 5,
2791 5593 2820 5664 ᾗ
2855 5592 2906 5648 5.

2173 5665 2209 5729 ί)
2252 5663 2325 5718 Id.
2354 5663 2512 5729 epist.
2539 5663 2594 5728 8,
2626 5664 2726 5718 sub
2755 5664 2848 5718 litt.

2173 5665 2209 5730 ί)
2252 5663 2325 5718 Id.
2354 5663 2512 5741 epist.
2539 5663 2594 5728 8,
2626 5664 2726 5718 sub
2755 5663 2848 5718 lin.
