3868 6282
193 336 302 392 957

1304 333 1361 388 S.
1407 332 1688 389 ΑΝΤΟΝΙΙ
1730 334 1798 389 Μ.
1838 334 2130 391 ABBATIS
2172 335 2352 391 V'ITA.

3348 325 3455 386 9.78

194 452 296 508 bus
323 448 702 506 Alexandriam
751 449 906 520 petiit
943 458 1000 504 ut
1042 448 1276 505 Arianos
1309 447 1636 514 confutaret,
1683 451 1773 519 qui
1804 455 1850 510 Α
1880 455 2054 506 monis
2097 448 2338 521 episcopi
2374 443 2616 515 Epistula
2641 443 2710 497 ad
2763 441 3104 512 Theophilum
3138 440 3457 495 Alexandri-

194 556 378 598 secum
415 540 622 596 sentire
655 540 952 596 Antonium
984 539 1412 607 mentiebantur,
1446 549 1556 594 uta
1585 548 1776 595 sancto

194 632 493 688 Athanasio
529 632 810 687 erudimur
845 630 946 702 (α).

199 725 286 778 Vl.
324 723 462 779 Alite
508 723 860 791 subjiciuntur
923 720 1176 791 Epistolas
1231 720 1327 775 XX
1359 761 1373 782 ,
1427 735 1493 776 ea:
1549 720 1775 773 Arabico

266 795 334 848 ab
366 790 669 848 Abrahamo
700 790 1030 846 Ecchellensi
1054 790 1339 845 Latinitate
1369 792 1582 845 donata:
1602 804 1623 842 :
1647 805 1776 858 quas

267 865 428 928 inter,
472 872 662 931 septem
714 862 918 929 priores
967 861 1370 925 comprehensa).
1431 859 1571 924 Quid
1599 860 1676 931 _de
1712 861 1779 912 iis

267 935 497 1014 sentiant
529 929 760 988 eruditi.
819 931 947 996 Quae
998 931 1201 1000 reliqua
1250 940 1406 997 sunt,
1453 929 1637 998 paucis
1685 944 1777 982 ex-

269 1014 459 1066 posita.

274 1095 616 1165 Subjecimus
643 1100 900 1163 praeterea
942 1091 1210 1161 Epistolas
1237 1106 1330 1159 xx,
1362 1105 1500 1161 quas
1532 1105 1600 1148 ex
1644 1091 1780 1143 Ara-

205 1186 328 1242 bico
407 1182 683 1240 transtulit
747 1182 1021 1254 ediditque
1107 1181 1333 1237 Parisiis
1432 1195 1576 1236 anno
1645 1179 1776 1234 1641

205 1277 364 1330 modo
407 1274 659 1329 laudatus
693 1273 1034 1328 Abrahamus
1076 1270 1443 1327 Ecchellensis
1493 1270 1779 1325 Maronita.

206 1366 406 1421 Harum
439 1372 644 1433 septem
678 1361 888 1432 priores
913 1362 1114 1418 eaedem
1151 1369 1277 1417 sunt
1309 1375 1432 1417 cum
1467 1361 1555 1428 iis,
1593 1361 1784 1416 ordine

206 1463 385 1506 tamen
417 1451 651 1517 inverso,
690 1450 756 1504 de
783 1449 978 1519 quibus
1027 1448 1188 1504 modo
1235 1462 1543 1504 sermonem
1590 1448 1784 1504 habui-

208 1558 347 1598 mus.
403 1541 604 1598 Verum
662 1541 782 1597 illas
832 1554 1047 1610 quoque
1112 1539 1256 1595 haud
1297 1540 1785 1610 praetermittendas

207 1632 666 1697 existimavimus,
708 1645 776 1688 eo
827 1632 880 1686 in
924 1631 1114 1702 primis
1157 1631 1376 1686 nomine
1421 1631 1564 1700 quod
1613 1630 1786 1685 Arabs

1879 557 2026 606 num,
2054 539 2133 594 De
2186 539 2579 594 conversatione
2637 543 2685 588 et
2729 533 2836 585 vita
2908 530 3012 586 SS.
3081 530 3355 585 Pachumii
3407 538 3456 583 et

1882 629 2161 694 Theodori,
2199 641 2358 697 quam
2391 641 2455 680 ex
2491 639 2593 679 ms.
2625 622 2813 677 codice
2851 620 3166 675 Florentino
3201 619 3254 672 in
3281 619 3456 672 lucent

1879 717 2060 774 emisit
2100 715 2449 771 doctissimus
2497 712 2899 782 Papcbrocbins
2951 709 3046 781 (c).
3101 709 3174 762 Ea
3217 723 3346 762 vero
3379 709 3458 761 in-

1881 807 2136 864 scribitur
2163 805 2450 860 Theodoro
2474 803 2615 859 beati
2659 802 2848 859 Orsisii
2881 802 3204 864 successori,
3231 799 3460 866 scripta-

1880 914 1985 969 que
2009 896 2320 967 perhibetur
2357 911 2502 950 anno
2552 891 2658 949 553
2691 904 2784 948 aut
2815 893 2920 948 554
2955 890 3058 961 (d),
3095 905 3218 944 cum
3249 888 3461 944 scilicet

1882 1005 2084 1044 annum
2106 988 2248 1042 ultra
2275 987 2631 1043 centesimum
2656 995 2841 1053 ageret
2867 981 3246 1036 sanctissimus
3269 979 3457 1033 abbas.

1956 1080 2181 1150 Reliqua
2221 1093 2383 1149 porro
2436 1093 2558 1146 qua:
2609 1075 3032 1144 subsequuntur,
3064 1086 3133 1126 ex
3160 1069 3460 1123 Parisiensi

1882 1174 2118 1231 editione
2156 1187 2281 1227 ann.
2339 1169 2478 1226 1646
2523 1167 2722 1224 laudati
2757 1163 3048 1221 Abrahami
3105 1160 3463 1217 Ecchellensis

1883 1264 2233 1328 exhibemus;
2267 1263 2357 1331 qui
2404 1276 2467 1317 ea
2497 1259 2682 1315 omnia
2728 1255 3000 1311 transtulit
3035 1268 3103 1308 ex
3143 1267 3246 1307 ms.
3277 1251 3464 1306 codice

1883 1356 2116 1411 Arabico
2155 1353 2368 1425 collegii
2419 1351 2808 1407 Maronitarum
2847 1349 2912 1403 de
2949 1344 3118 1410 Urbe.
3156 1343 3297 1398 unde
3335 1341 3468 1410 Epi-

1883 1446 2044 1502 stolas
2092 1459 2310 1515 quoque
2352 1443 2660 1513 descripsit.
2711 1438 3005 1495 Omisimus
3051 1445 3226 1491 tamen
3259 1432 3317 1488 S.
3358 1432 3469 1485 An-

1888 1540 2021 1594 tonii
2067 1537 2262 1604 Vitam,
2295 1551 2457 1604 quam
2511 1535 2653 1588 idem
2691 1532 2866 1587 editor
2891 1538 2946 1584 et
2978 1529 3247 1596 interpres
3273 1523 3486 1610 decep.

1886 1631 1994 1703 psit
2024 1645 2091 1686 ex
2130 1630 2318 1684 codice
2348 1627 2611 1696 inscripto
2639 1664 2655 1692 ,
2707 1622 2882 1677 Clavis
2923 1621 3102 1686 ianua:
3125 1615 3364 1687 paradisi
3405 1615 3469 1667 de

210 1725 481 1794 interpres
519 1738 627 1794 prae
650 1722 862 1788 Graeco,
889 1701 973 1776 vel
1012 1723 1057 1778 si
1106 1722 1302 1788 mavis,
1344 1701 1487 1791 quod
1523 1721 1788 1789 posterior
1821 1790 1852 1794 _
1888 1701 2045 1791 gestis
2074 1718 2448 1774 monachorum
2478 1732 2497 1770 :
2532 1715 2731 1785 quippe
2767 1725 2890 1782 quae
2931 1708 3178 1780 pluribus
3200 1719 3473 1761 commen-

213 1790 480 1886 interpres
519 1790 887 1870 licchellensis
936 1827 1046 1883 pra;
1081 1812 1264 1883 priore
1324 1790 1568 1875 Sarasio,
1613 1811 1786 1865 sancti
1819 1790 1862 1846 Β
1891 1790 1960 1866 tis
2014 1809 2216 1865 referta
2263 1823 2384 1864 esse
2427 1813 2682 1861 noscatur
2725 1803 2818 1874 (ε).
2870 1800 3082 1855 Habent
3113 1811 3264 1858 sane,
3292 1794 3473 1863 judice

211 1906 387 1963 Patris
429 1906 727 1961 sententias
773 1905 1106 1960 luculentius
1147 1902 1488 1974 expressisse
1521 1902 1786 1957 videatur.

214 1998 293 2054 Ad
332 1997 661 2068 reliquarum
703 2007 886 2052 autem
928 1995 1186 2052 tredecim
1237 1996 1381 2065 quod
1442 1993 1634 2048 attinet
1669 2007 1792 2061 pre-

215 2091 369 2157 tium,
400 2104 495 2146 eas
521 2089 582 2145 B.
619 2089 837 2144 Antonii
863 2088 1076 2159 ingenio
1104 2087 1394 2156 divinaque
1423 2085 1542 2155 ejus
1572 2084 1782 2153 sapien-

215 2181 308 2249 tia,
350 2181 585 2237 hominis
618 2195 746 2237 vere
777 2180 1142 2243 θεοδιδὰκτου,
1175 2178 1549 2250 dignissimas,
1580 2192 1644 2232 ac
1673 2177 1789 2246 ejus

216 2273 366 2328 vivos
417 2273 758 2328 characteres
823 2287 945 2327 esse
1001 2278 1189 2327 censet
1263 2268 1618 2325 Combefisius
1674 2267 1790 2337 (b).

216 2363 403 2419 Tradit
423 2377 583 2434 porro
602 2361 966 2418 Ecchellensis
997 2361 1047 2415 in
1068 2357 1392 2414 Praefatione
1418 2358 1483 2412 ad
1513 2356 1794 2422 lectorem,

216 2454 502 2510 Arahicam
564 2455 892 2516 versionem,
939 2461 1001 2506 ut
1042 2449 1348 2519 aliquorum
1393 2447 1640 2503 codicum
1692 2445 1798 2500 fert

224 2544 425 2611 titulus,
461 2544 624 2598 fuisse
652 2543 967 2599 adornatam
999 2555 1027 2595 a
1059 2541 1294 2610 quodam
1321 2537 1590 2593 monacho
1629 2535 1798 2606 IEgy-

227 2637 352 2704 ptio,
384 2637 596 2690 nomine
619 2635 947 2701 Abrahamo,
993 2631 1232 2702 ejusdem
1269 2628 1570 2685 beatissimi
1615 2627 1794 2682 Patris

226 2728 527 2783 institutum
557 2727 866 2798 profitente,
901 2725 1045 2781 circa
1085 2720 1289 2778 Christi
1333 2735 1535 2775 annum
1561 2719 1687 2774 800.

293 2819 386 2875 His
418 2820 647 2889 denique
691 2833 760 2872 xx
805 2817 1059 2888 Epistolis
1095 2813 1255 2868 aliam
1295 2811 1543 2866 addimus
1573 2825 1641 2866 ex
1664 2811 1796 2865 Am—

294 2949 370 3090 ξα)
413 2950 608 3004 Athan.
653 2948 760 3002 Vit.
795 2947 853 3003 S.
886 2948 1076 3002 Anton.
1115 2945 1143 3018 §
1172 2945 1260 3008 69,
1295 2957 1418 3012 pag.
1460 2941 1586 2998 847.

324 3020 374 3090 b)
409 3018 652 3075 Combef.
688 3019 918 3074 Recens.
951 3027 1094 3072 auct.
1153 3014 1289 3069 Bibl.
1317 3014 1563 3067 concion.

324 3010 374 3090 b)
409 3018 652 3075 Combef.
688 3019 918 3074 Recens.
951 3027 1094 3072 auct.
1117 3010 1563 3069 'Bibl.'co'ncion.
1594 3021 1723 3068 tom.
1754 3010 1798 3078 l,

229 3091 636 3286 :Efggpebr.
693 3155 809 3210 Act.
859 3158 956 3214 SS.
1007 3156 1128 3212 Maii
1185 3165 1314 3210 tom.
1366 3153 1466 3221 ll,
1524 3167 1646 3224 pag.
1695 3151 1795 3215 70,

239 3375 2191 3414 _______________.___._.____——

1889 1901 2222 1959 Renaudotio
2262 1899 2367 1969 (f),
2402 1897 2606 1952 Arabes
2635 1891 2929 1949 Christiani
2971 1889 3030 1945 S.
3075 1886 3297 1943 Antonii
3348 1885 3473 1938 vita:

1888 1994 2144 2049 historias
2185 1991 2478 2063 plurimas;
2531 2001 2654 2056 qua:
2707 1995 2910 2049 tamen,
2960 1989 3021 2036 ut
3060 1979 3246 2034 omnia
3301 1975 3474 2030 ferme

1887 2085 2091 2154 scripta
2121 2081 2408 2154 ejusmodi,
2442 2075 2638 2133 fabulis
2671 2073 3124 2146 inquinatissima:
3181 2078 3331 2135 sunt,
3373 2081 3475 2122 nec

1889 2179 2052 2235 ullius
2079 2176 2263 2248 pretii.

1957 2267 2227 2324 Caeterum
2283 2262 2503 2318 Antonii
2547 2259 2721 2331 Magni
2753 2256 2986 2313 ascetica
3030 2268 3192 2324 Opera
3246 2251 3476 2306 laudan-

1895 2367 1988 2415 tur
2065 2370 2285 2427 quoque
2336 2369 2367 2408 a
2429 2352 2638 2407 Thoma
2711 2350 2964 2418 episcopo
3033 2345 3333 2416 Margensi,
3383 2342 3476 2410 qui

1895 2451 2121 2523 Syriaco
2159 2460 2412 2502 sermone
2469 2441 2764 2498 Historiam
2821 2439 3171 2493 monasticam
3220 2435 3474 2502 scripsit,

1896 2540 2203 2610 claruitque
2261 2538 2362 2594 sub
2416 2533 2728 2590 Abrahamo
2776 2538 2832 2584 et
2880 2528 3188 2584 Theodosio
3245 2526 3479 2596 patriar-

1896 2632 2014 2688 chis
2042 2629 2239 2686 saeculo
2273 2643 2326 2683 ιιι
2377 2628 2626 2690 ineunte,
2689 2630 2749 2677 ut
2791 2630 2979 2677 auctor
2999 2628 3083 2675 est
3114 2618 3177 2673 V.
3213 2618 3275 2673 C.
3314 2617 3481 2670 Asse-

1899 2736 2092 2778 mantts
2125 2719 2225 2793 (g).

2001 2939 2059 3010 ά)
2099 2937 2310 3010 Tillem.
2344 2934 2677 3010 Mém._t_o_m.
2709 2932 2817 2996 Vlt,
2851 2943 2973 2997 pag.
3027 2938 3145 2980 .20.

2000 3003 2052 3077 εἳ
2089 3010 2189 3071 Id.,
2218 3007 2256 3061 Ι.
2280 3021 2332 3060 c.
2361 3021 2480 3077 pag.
2513 3003 2634 3058 1'56.

2084 3062 2818 3148 Renautl.Jii‘stupatriarclt.
2866 3079 3016 3148 utea.
3049 3079 3169 3148 pag.
3211 3062 3300 3148 ἥδ.

2094 3149 2304 3218 Assem.
2335 3144 2473 3198 Bibl.
2497 3136 2706 3198 Orient.
2747 3151 2879 3194 tom.
2917 3136 3014 3203 ιιι,
3052 3143 3190 3203 part.
3226 3146 3278 3195 t,
3324 3142 3484 3198 pagg.

1907 3217 2041 3284 465,
2067 3217 2193 3272 501.

2193 3354 3466 3387 _______________.____———

1113 3553 1234 3664 S.
1323 3543 1928 3663 ANTONII
2015 3536 2617 3654 ABBATIS

1710 3775 1954 3855 VITA
1991 3831 2012 3867 ,

750 3966 852 4027 Uti
889 3962 1149 4026 habetur
1185 3961 1252 4021 in
1287 3952 1753 4036 Martyrologio
1788 3951 2086 4030 ﬂigi/ptio
2111 3949 2226 4010 sub
2258 3948 2357 4010 die
2386 3963 2517 4008 XXII
2535 3944 2760 4007 mensis
2796 3941 2980 4004 Tuba.

323 4297 433 4353 Hac
477 4293 562 4350 die
610 4289 875 4361 requievit
918 4295 1158 4352 sanctus,
1186 4283 1387 4351 justus,
1425 4281 1577 4337 stella
1613 4278 1813 4336 deserti
1845 4280 1888 4338 C
1923 4273 2035 4328 haec
2087 4268 2269 4324 omnia
2325 4261 2612 4361 superabat
2672 4269 2774 4361 ope
2831 4251 3042 4361 Domini
3091 4248 3321 4361 Christi.

250 4400 310 4444 et
348 4386 585 4444 omnium
625 4383 1010 4439 monachorum
1045 4379 1225 4445 Pater,
1259 4390 1486 4447 magnus
1531 4374 1822 4430 Antonius.

253 4479 383 4534 Erat
416 4488 634 4534 sanctus
666 4476 754 4530 hic
781 4490 848 4529 ex
883 4473 1072 4528 incolis
1104 4470 1332 4531 Caman,
1358 4481 1478 4538 quae
1509 4466 1610 4521 sita
1644 4473 1726 4520 est
1759 4466 1826 4519 ad

252 4579 460 4639 partem
495 4566 783 4623 australem
815 4563 1095 4632 Memphis,
1135 4558 1458 4615 Christianis
1507 4557 1821 4626 progenitus

254 4659 586 4730 parentibus.
625 4657 673 4712 ls
715 4654 898 4723 viginti
949 4651 1228 4720 completis
1259 4649 1435 4713 annis,
1469 4661 1625 4702 sacro
1657 4644 1832 4714 bapti-

256 4759 432 4806 smate
459 4749 671 4804 ablutus
701 4756 804 4802 est.
832 4745 958 4802 Post
1003 4744 1208 4798 obitum
1238 4751 1518 4813 parentum
1567 4751 1785 4793 suorum
1810 4779 1826 4801 ,

258 4841 488 4897 inﬁrmis
529 4848 584 4895 et
614 4837 938 4908 pauperibus
980 4849 1167 4890 omnes
1213 4848 1338 4888 suas
1371 4830 1612 4902 erogavit
1655 4827 1830 4882 facul-

260 4940 426 4996 tates;
467 4937 523 4985 et
567 4929 781 4983 unicam
830 4941 991 4997 quam
1045 4923 1277 4978 habebat
1330 4935 1608 4986 sororem,
1662 4918 1833 4972 sacris

260 5020 560 5090 virginibus
591 5018 830 5074 tradidit.
874 5015 1200 5084 Religiosum
1242 5013 1440 5068 cultum
1484 5019 1540 5065 et
1581 5009 1828 5066 solitudi-

264 5123 387 5164 nem
423 5109 663 5179 apprime
688 5108 931 5170 amabat;
980 5104 1213 5158 nondum
1247 5103 1390 5156 enim
1426 5111 1556 5156 tunc
1593 5100 1834 5170 promul-

265 5210 445 5270 gatnm
481 5209 599 5254 erat
643 5197 996 5252 monachatus
1030 5209 1257 5260 nomen;
1301 5193 1393 5248 sed
1437 5192 1529 5260 qui
1557 5204 1615 5244 se
1653 5191 1706 5243 in
1746 5205 1836 5244 so-

266 5291 548 5347 litudinem
593 5288 844 5356 conferre
875 5287 1144 5351 volebant,
1189 5301 1290 5339 non
1327 5285 1483 5354 longe
1517 5281 1840 5337 secedebant

267 5400 298 5438 a
354 5383 566 5453 patria,
615 5390 674 5436 ιιι
723 5379 974 5450 religioso
1029 5377 1195 5432 cultui
1249 5390 1466 5444 operam
1538 5381 1836 5433 navarent,

270 5473 724 5544 quemadmodum
773 5471 1027 5544 praestitit
1071 5469 1225 5524 initio
1274 5481 1500 5535 magnus
1555 5465 1838 5520 Antonius.

273 5566 346 5621 lbi
399 5567 774 5636 oppugnabant
829 5579 950 5620 eum
1008 5562 1199 5616 diaboli
1238 5569 1477 5629 torpore,
1530 5557 1710 5621 taedio,
1763 5555 1844 5624 pi-

273 5657 434 5727 gritia
461 5668 516 5712 et
549 5660 800 5727 Operibus
847 5656 1087 5727 peccati;
1134 5653 1565 5720 inducebantqne
1596 5649 1670 5704 illi
1709 5649 1844 5718 figu-

276 5763 396 5826 ram
428 5749 666 5806 mulieris
699 5749 860 5804 veluti
891 5763 1013 5803 cum
1042 5761 1105 5803 eo
1135 5743 1559 5803 concumbentis.
1592 5740 1685 5798 ille
1715 5755 1846 5810 vero

1928 4376 2145 4432 semper
2179 4365 2380 4429 praesto
2416 4353 2491 4409 illi
2547 4357 2684 4406 erat.
2722 4347 2846 4400 Post
2887 4346 3001 4397 haec
3047 4337 3311 4407 quoddam
3355 4336 3509 4403 petiit

1930 4426 2370 4512 mon—amentum,
2409 4441 2783 4506 habitavitque
2832 4433 2925 4497 ibi,
2974 4429 3340 4496 maximopere
3385 4426 3511 4482 reli-

1929 4542 2102 4612 gionis
2140 4537 2375 4594 cultibus
2410 4547 2532 4589 sese
2575 4529 2792 4584 dedens.
2825 4521 2953 4576 Loci
2997 4516 3226 4574 occlusit
3265 4515 3509 4586 januam,

1932 4607 2088 4690 amici
2139 4644 2269 4686 vero
2315 4640 2438 4683 eum
2491 4622 2628 4678 cibis
2688 4616 3014 4672 inviscbant.
3069 4608 3220 4674 Quod
3267 4607 3514 4661 videntes

1932 4723 2132 4782 diaboli
2165 4708 2742 4775 invidia’exarserunt,
2773 4715 2828 4761 et
2862 4706 3223 4771 irrumpentes
3252 4699 3305 4752 in
3338 4699 3512 4766 ipsum

1934 4815 2120 4871 multis
2147 4809 2567 4876 crudelibusque
2603 4806 2931 4870 acceperunt
2963 4793 3206 4866 ﬂagellis,
3235 4801 3291 4847 et
3331 4792 3516 4858 jacen-

1938 4919 2044 4964 tem
2092 4904 2239 4960 humi
2275 4901 2632 4970 reliquerunt.
2680 4891 2970 4948 Venientes
3016 4898 3198 4942 autem
3247 4882 3432 4948 amici,
3460 4886 3518 4934 et

1935 5015 2000 5056 eo
2028 5001 2080 5054 in
2111 5006 2255 5053 statu
2288 4993 2438 5049 illum
2483 4986 2817 5058 reperientes
2859 4982 2912 5035 in
2953 4976 3241 5035 ecclesiam
3273 4982 3518 5041 asporte-

1937 5100 2151 5156 verunt,
2198 5089 2287 5144 ubi
2333 5083 2568 5141 sanitate
2599 5093 2722 5135 eum
2757 5075 2977 5133 donavit
3024 5074 3189 5128 Deus.
3221 5067 3323 5134 Qui
3363 5067 3408 5119 ir.
3460 5077 3520 5117 se

1940 5199 2189 5243 reversus
2223 5179 2474 5253 praecepit
2518 5177 2614 5239 eis,
2665 5182 2722 5228 ut
2765 5172 2818 5226 in
2854 5170 3090 5239 priorem
3141 5164 3317 5218 locum
3352 5160 3521 5214 reler—

1939 5291 2110 5338 retur.
2168 5277 2284 5334 Hoc
2341 5273 2836 5330 animadvertentes
2906 5262 3144 5324 diaboli,
3188 5256 3356 5311 variis
3418 5254 3520 5309 sub

1941 5374 2107 5429 larvis
2137 5383 2193 5426 et
2240 5364 2710 5440 phantasmatibus
2756 5360 2830 5415 illi
2870 5372 2992 5412 sese
3034 5351 3378 5412 obtulerunt,
3416 5346 3522 5440 sub

1943 5465 2132 5519 turmis
2179 5436 2385 5518 scilicet
2416 5457 2676 5518 ferarum,
2718 5459 2776 5506 ut
2814 5450 3082 5518 luporum,
3117 5443 3357 5505 leonum,
3400 5436 3524 5492 dra-

1947 5557 2182 5618 conum',
2234 5561 2576 5624 serpentum,
2618 5543 2962 5612 scorpionum
3005 5551 3070 5591 ac
3119 5529 3421 5604 ejusmodi;
3472 5536 3528 5580 et

1952 5617 2422 5716 singulatistor'um
2456 5638 2562 5690 vim
2607 5632 2877 5688 faciebant
2922 5627 2988 5681 ad
3037 5625 3185 5680 illum
3223 5617 3528 5716 deperdenv-

1954 5709 2099 5794 dum.
2128 5735 2246 5808 Ipse
2278 5747 2403 5792 vero
2433 5726 2711 5785 deridebat
2752 5738 2815 5778 ac
2874 5717 3130 5776 illudehat
3159 5727 3251 5770 eos
3294 5709 3524 5772 dicens:
3638 5709 3645 5722 ’
