3872 6278
358 252 463 311 933

1469 252 1736 310 PATRES
1769 251 2066 308 ASCYPTII
2109 253 2377 312 SECULI
2417 255 2506 312 IV.

3515 257 3649 316 θα)

357 371 416 426 δε
453 379 760 440 potestatem
811 379 977 424 uitam
1010 372 1264 425 haberetis
1312 374 1366 424 in
1401 389 1500 437 me,
1541 391 1672 427 unus
1714 384 1935 428 rastrum
1965 376 2012 433 Α
2045 383 2245 440 tomus,
2269 375 2360 443 qui
2397 375 2547 429 nihili
2579 388 2672 429 eas
2703 374 2890 438 duxit,
2915 375 3008 429 sed
3053 375 3311 430 fratribus
3333 377 3444 430 ait:
3483 377 3659 436 Ecce.

362 470 491 524 satis
543 479 698 524 esset.
731 468 884 522 Tunc
930 479 1104 522 autem
1150 467 1324 522 instar
1361 469 1490 522 fumi
1531 469 1934 538 dissipabantur

359 575 542 613 curam
569 575 661 626 eo;
690 573 740 613 et
769 561 902 614 liber
925 576 953 612 a
988 544 1328 626 passionibus
1354 571 1514 627 atque
1545 561 1934 615 tentationibus

359 651 692 706 t-ﬂiciebatur
722 669 734 705 :
767 661 819 705 et
855 652 1003 706 dedit
1044 653 1092 704 ei
1140 653 1282 706 Deus
1331 651 1714 706 auctoritatem
1749 651 1935 705 victri-

359 758 479 796 cem
526 743 784 797 adversus
825 743 1091 798 diabolos.
1130 743 1329 796 Panem
1370 743 1452 798 bis
1487 744 1537 796 in
1584 758 1727 797 anno
1767 742 1936 796 confi-

362 836 539 891 ciebat
571 845 622 890 et
659 835 920 900 torrebat,
951 845 1008 889 ut
1047 836 1237 890 melius
1281 845 1721 890 conservaretur.
1755 833 1937 890 Nemi-

362 939 483 978 :.em
526 927 592 977 ad
641 941 698 980 se
748 925 953 993 ingredi
987 927 1351 993 permittebat,
1390 927 1485 980 sed
1538 921 1669 981 foris
1697 936 1937 982 astantes

360 1015 523 1069 verba
555 1018 896 1085 excipiebant
929 1016 1046 1085 ejus
1069 1019 1158 1086 qui
1183 1033 1246 1072 eo
1273 1017 1654 1072 adventabant.

435 1105 636 1178 Viginti
684 1124 948 1163 annorum
979 1110 1154 1180 spatio
1187 1110 1427 1166 sedulam
1468 1111 1598 1164 inibi
1631 1111 1778 1166 dedit
1817 1125 1939 1179 ope-

363 1213 478 1252 ram
525 1199 793 1267 religiosis
844 1200 1081 1256 cultibus
1111 1211 1164 1256 et
1201 1201 1481 1255 institutis.
1515 1201 1650 1256 Tum
1688 1204 1941 1270 przecepit

363 1289 460 1358 ipsi
503 1290 778 1356 Dominus,
811 1301 868 1344 ttt
901 1291 1173 1360 proficuus
1205 1300 1348 1348 esset
1381 1293 1858 1362 generibumano,
1888 1303 1941 1348 et

366 1372 615 1433 timorein
652 1378 746 1434 Dei
789 1395 853 1434 ac
895 1394 1079 1432 verum
1125 1379 1240 1447 ejus
1274 1380 1475 1435 cultum
1523 1383 1774 1437 edoceret
1820 1397 1938 1439 eos.

365 1468 542 1534 Quare
569 1470 622 1522 in
644 1468 877 1532 Phainm,
894 1469 1167 1540 profectus
1189 1481 1274 1526 est
1291 1487 1303 1536 ;
1323 1481 1375 1524 et
1394 1472 1482 1540 qui
1508 1474 1636 1526 inibi
1657 1484 1810 1528 erant
1833 1475 1941 1528 fra-

367 1573 496 1624 tres,
525 1563 865 1618 continuavit
894 1573 982 1616 :et
1015 1577 1262 1617 reversus
1282 1564 1453 1618 estad
1486 1580 1640 1618 suum
1674 1577 1944 1621 monaste-

369 1652 528 1705 tium.
577 1650 842 1720 Tempore
891 1654 1283 1720 persecutionis
1334 1665 1655 1725 martyrum,
1696 1660 1940 1729 martyrii

2037 467 2290 520 habemus
2320 466 2521 522 litteras
2558 465 2716 538 Regis
2762 483 2961 536 regum,
2988 484 3104 536 qua:
3140 485 3234 522 nos
3261 470 3492 538 quotidie
3520 473 3646 523 ad-

2041 572 2282 622 nionem;
2306 568 2352 612 et
2394 576 2487 611 nos
2531 559 2678 611 nihili
2722 559 2845 611 illus
2880 559 3106 623 facimus
3135 569 3218 613 .‘et‘
3256 561 3388 630 regis
3426 563 3654 616 terreni

2041 649 2328 719 gaudemus
2373 650 2599 704 litteris?
2633 650 2696 704 Et
2739 651 2827 703 vix
2878 649 3094 718 quidem
3141 665 3460 719 responsum
3490 654 3646 707 dare

2043 742 2211 797 voluit
2242 743 2570 798 instantibus
2605 743 2884 807 fratribus,
2916 752 2973 797 et
3002 742 3345 797 dicentibus:
3383 742 3485 797 Hic
3518 748 3644 796 im-

2041 845 2254 903 perator
2290 844 2364 888 est
2399 833 2592 901 iustus,
2641 845 2849 887 amator
2899 831 3170 888 (Ecclesia).
3214 833 3312 888 llis
3353 837 3642 891 adductus

2044 926 2130 979 vix
2165 925 2406 995 scripsit,
2436 934 2491 980 et
2523 925 2729 979 solatus
2757 935 2840 979 est
2881 939 3029 990 eum,
3057 940 3122 978 ac
3156 924 3451 980 benedixit.
3481 927 3639 981 Cum

2042 1017 2331 1087 aliquando
2375 1017 2533 1072 taedio
2562 1017 2787 1074 allectus
2829 1027 3005 1080 esset,
3050 1016 3257 1071 audivit
3290 1031 3478 1071 vocem
3514 1019 3638 1073 sibi

2043 1110 2308 1166 dicentem
2338 1126 2352 1164 :
2393 1106 2656 1178 Egredere
2690 1107 2856 1176 foras,
2894 1117 2948 1162 ut
2985 1108 3197 1174 videas;
3223 1118 3280 1163 et
3317 1123 3439 1164 cum
3475 1119 3646 1168 esset

2042 1213 2316 1270 egressus,
2364 1199 2495 1255 vidit
2537 1198 2789 1270 angelum
2827 1197 2961 1252 stola
3004 1198 3271 1263 indutum,
3312 1208 3369 1254 et
3402 1200 3642 1268 cingulo

2043 1291 2354 1348 accinctum
2383 1291 2737 1354 decussatim,
2769 1290 2861 1359 qui
2897 1290 3128 1344 formam
3161 1289 3433 1346 referebat
3472 1292 3640 1361 pallii

2044 1381 2327 1436 mouastici
2356 1419 2370 1445 ,
2415 1390 2470 1435 et
2503 1379 2668 1450 capiti
2708 1379 2824 1449 ejus
2877 1378 3156 1445 cucullus,
3207 1391 3265 1434 ut
3311 1381 3464 1449 galea
3505 1391 3642 1436 erat

2046 1472 2359 1542 impositus;
2401 1481 2452 1527 et
2505 1472 2584 1526 sic
2633 1471 2830 1526 sedens
2879 1471 3007 1526 folia
3048 1471 3374 1525 contexebat
3411 1471 3638 1539 palma-

2047 1579 2166 1618 rum
2190 1579 2206 1628 ;
2242 1572 2352 1618 tum
2376 1561 2630 1630 surgebat
2656 1564 2722 1616 ad
2751 1561 3037 1627 orandum,
3067 1562 3374 1630 iterumque
3399 1563 3644 1618 sedebas

2045 1666 2100 1710 et
2139 1653 2480 1710 contexebat.
2511 1653 2576 1708 Et
2607 1653 2753 1709 venit
2789 1655 2857 1707 ad
2908 1653 3056 1707 illum
3112 1668 3214 1707 vox
3267 1655 3498 1709 dicens:
3534 1653 3632 1707 Ita

365 1747 730 1815 consequendi
767 1762 1021 1802 coronam
1075 1749 1310 1802 maximo
1347 1749 1612 1802 desiderio
1657 1748 1940 1817 flagrabat.
1976 1730 2015 1783 Β
2047 1747 2151 1817 fac,
2179 1747 2405 1812 Antoni.
2450 1760 2494 1798 ει
2541 1745 2793 1813 quiesce:-
2846 1744 3055 1799 Exinde
3101 1753 3280 1799 autem
3331 1748 3637 1813 assumpsit

367 1836 608 1907 Eamque
631 1839 700 1892 ob
731 1853 949 1894 causam
983 1841 1312 1895 monasterio
1343 1841 1530 1895 relicto
1559 1843 1943 1899 Alexandriam

366 1930 666 1994 contendit,
695 1941 750 1985 et
791 1930 861 1984 ibi
894 1931 1070 1999 palam
1101 1931 1376 1987 Christum
1406 1943 1486 1987 est
1517 1934 1818 1999 confessus,
1848 1936 1944 1990 sed

370 2033 530 2072 nemo
569 2021 742 2074 tenuit
791 2020 963 2075 illum.
1009 2021 1243 2078 Carcere
1285 2023 1528 2079 inclusos
1581 2039 1682 2094 pro
1727 2028 1946 2080 nomine

369 2110 569 2166 (:hristi
612 2112 867 2177 solandos
902 2114 1105 2167 adibat.
1150 2113 1282 2169 Cum
1321 2123 1507 2170 autem
1551 2118 1761 2173 videret
1811 2133 1947 2185 prae-

372 2203 565 2272 fectus,
610 2220 771 2275 quam
809 2221 998 2276 parum
1049 2206 1153 2262 sibi
1188 2208 1402 2264 timeret
1433 2209 1736 2275 Antonius,
1779 2209 1949 2264 edixit

371 2303 430 2348 ut
466 2295 643 2352 nullus
689 2299 986 2352 monachus
1033 2299 1084 2352 in
1133 2299 1405 2368 publicum
1441 2300 1660 2369 prodire
1701 2302 1944 2358 auderet.

373 2384 441 2435 At
471 2384 558 2440 ille
598 2401 718 2440 sese
752 2387 927 2455 palam
970 2388 1020 2444 ei
1055 2387 1338 2452 ollerebat,
1364 2401 1418 2444 et
1456 2389 1852 2459 alloquebatur,
1888 2400 1948 2447 ut

374 2472 515 2529 forte
561 2476 638 2529 ira
681 2478 954 2544 percitus,
1003 2479 1286 2533 tormentis
1327 2477 1474 2532 illum
1521 2480 1846 2549 subjiceret,
1894 2491 1949 2536 et

374 2565 455 2620 sic
484 2567 728 2636 martyrii
763 2580 1186 2636 consequeretur
1218 2569 1486 2636 lauream;
1532 2572 1626 2626 sed
1660 2588 1757 2627 nec
1786 2574 1948 2628 verbo

372 2655 588 2722 quidem
619 2658 792 2711 virum
828 2657 916 2712 Dei
957 2658 1178 2713 olfendit
1208 2671 1298 2714 aut
1333 2662 1499 2726 hesit,
1544 2666 1670 2732 quia
1719 2667 1771 2720 in
1809 2667 1950 2719 mnl~

375 2756 550 2801 torum
593 2748 876 2803 utilitatem
914 2750 1086 2819 ipsum
1124 2753 1261 2805 Deus
1303 2757 1660 2809 conservabat
1705 2777 1718 2810 :
1754 2771 1948 2825 quam-

372 2835 560 2890 obrem
590 2837 768 2891 divina
808 2839 1210 2908 dispensatione
1243 2858 1396 2896 suum
1440 2847 1653 2912 repetiit
1683 2859 1948 2902 n:0uaste-

375 2926 537 2982 rium.
569 2927 968 2995 ludumentnm,
1013 2946 1079 2985 ex
1121 2933 1241 3000 pilis
1275 2935 1454 2988 tunica
1492 2947 1628 2990 erat.
1663 2935 1798 2992 Toto
1828 2939 1950 2994 vitae

2047 1843 2149 1896 sibi
2210 1842 2453 1896 habitum
2508 1840 2658 1896 illum
2694 1841 2786 1908 qui
2837 1850 2920 1896 est
2978 1841 3197 1896 habitus
3250 1841 3630 1905 monasticus,

2046 1945 2375 2000 operamque
2421 1930 2550 1984 item
2587 1928 2737 1983 dedit
2783 1929 3085 1998 palmarum
3137 1929 3491 1983 contexendis
3541 1928 3629 1982 fu-

2048 2023 2155 2087 liis,
2183 2038 2280 2077 nec
2322 2020 2553 2091 amplius
2589 2019 2804 2075 taedium
2845 2034 3131 2089 perpessus
3159 2027 3265 2074 est.

2125 2115 2198 2169 De
2227 2113 2482 2173 Ecclesia:
2515 2112 2818 2167 vastatione
2845 2124 2939 2179 per
2973 2109 3261 2164 haereticos
3295 2109 3634 2166 vaticinatus

2051 2214 2152 2271 est,
2190 2205 2433 2273 itemque
2476 2203 2544 2257 de
2572 2200 2687 2268 ejus
2719 2202 3059 2255 restitutione
3100 2200 3150 2254 in
3186 2201 3476 2268 pristinum
3508 2211 3630 2254 sta-

2053 2306 2188 2352 tum.
2219 2295 2558 2350 Valicinatus
2602 2309 2818 2363 quoque
2851 2302 2936 2348 est
2979 2293 3048 2348 de
3098 2294 3402 2354 monachis,
3435 2308 3630 2347 eorum

2050 2387 2393 2442 multitudine
2437 2393 2492 2440 et
2530 2395 2820 2454 augmento
2849 2424 2863 2448 ,
2911 2392 2965 2438 et
2999 2385 3271 2452 quomodo
3324 2384 3488 2440 urbes
3543 2386 3632 2439 iu-

2049 2478 2348 2534 habitaturi
2374 2485 2552 2538 erant.
2585 2475 2786 2531 relictis
2812 2475 3067 2530 desertis.
3091 2473 3432 2530 Vaticinatus
3458 2476 3634 2530 etiam

2050 2581 2133 2629 est
2163 2571 2231 2626 de
2263 2569 2732 2626 consummatione
2768 2570 2971 2622 sulendi.
3003 2569 3120 2637 Ipse
3165 2566 3500 2623 Macharium
3529 2569 3631 2622 ha-

2055 2668 2168 2722 bitu
2208 2665 2383 2720 induit
2432 2663 2759 2728 monastico,
2788 2673 2842 2717 et
2866 2663 3202 2728 consolatus,
3232 2676 3354 2731 quae
3381 2662 3431 2716 ei
3463 2676 3635 2716 even-

2054 2769 2173 2813 tura
2214 2767 2370 2814 erant
2410 2756 2662 2827 praedixit
2695 2756 2818 2825 ipsi.
2864 2753 3149 2810 Profectus
3202 2757 3364 2809 etiarn
3411 2756 3478 2827 ad
3515 2769 3640 2809 ma-

2054 2867 2216 2920 gnum
2264 2851 2480 2905 Patrem
2521 2848 2581 2904 Β.
2625 2847 2885 2913 Paulum,
2921 2858 2975 2901 et
3015 2863 3198 2901 curam
3253 2847 3422 2918 gessit
3477 2861 3639 2916 sepe-

2056 2942 2216 2998 liendi
2247 2941 2364 3010 ejus
2405 2955 2624 3009 corpus,
2657 2940 2801 3009 Quod
2837 2938 3120 3002 Athanasii
3169 2938 3392 2993 involvit
3445 2938 3634 3008 pallio.

373 3018 550 3114 spatio
587 3033 685 3073 nec
716 3034 855 3089 aqua
892 3022 1108 3090 quidem
1155 3040 1356 3092 corpus
1395 3025 1540 3080 lavit.
1583 3029 1828 3086 Molestia
1863 3033 1949 3086 af—
1982 3059 2024 3114 ε
2060 3038 2228 3088 Suum
2264 3034 2563 3088 discessum
2614 3035 2681 3086 ad
2733 3033 2976 3100 requiem
3031 3032 3236 3084 instare
3281 3031 3635 3084 animadver-

373 3105 550 3162 fectus
583 3121 801 3178 pr0pler
831 3111 1193 3181 frequentiam
1229 3117 1442 3171 illoruut
1474 3121 1565 3187 qui
1602 3137 1668 3176 eo
1705 3127 1945 3179 conﬂue-

373 3198 507 3253 bant
534 3203 600 3254 ad
639 3203 953 3272 excipienda
997 3206 1116 3275 ejtts
1145 3209 1500 3275 documenta,
1543 3227 1813 3269 annuente
1850 3218 1951 3271 Do-

377 3291 522 3346 mino
549 3291 599 3345 iu
631 3293 902 3348 desertum
932 3297 1160 3352 interius
1187 3315 1246 3354 se
1279 3303 1525 3356 contulit.
1559 3303 1636 3358 Eo
1667 3305 1947 3373 profectus

376 3391 458 3436 est
493 3398 612 3436 cum
647 3386 884 3439 Arabqu
927 3391 1280 3456 quorumdam
1326 3396 1584 3448 comitatu
1633 3398 1794 3451 trium
1839 3398 1950 3453 die-

377 3486 495 3524 rum
531 3473 724 3528 itinere
759 3491 853 3544 per
902 3477 1209 3543 desertum,
1263 3483 1437 3537 donec
1478 3483 1686 3540 invenit
1731 3502 1950 3556 aquam,

375 3575 426 3616 et
459 3564 528 3618 ibi
559 3567 832 3633 constitit;
873 3570 1079 3626 Arabes
1114 3587 1242 3625 vero
1286 3573 1583 3628 afferebaut
1624 3577 1697 3630 illi
1732 3595 1948 3647 panem.

378 3652 663 3723 Perplures
706 3669 861 3711 erant
903 3674 970 3713 eo
1010 3661 1063 3713 iu
1100 3663 1316 3718 deserto
1363 3666 1572 3722 feroces
1616 3668 1764 3736 ferae,
1812 3687 1949 3740 quas

376 3744 495 3811 ejus
540 3748 789 3814 precibus
833 3749 957 3804 inde
1003 3752 1205 3819 expulit
1254 3753 1426 3819 Deus,
1471 3773 1572 3813 nec
1619 3762 1849 3829 amplius
1901 3765 1953 3818 in

378 3837 508 3892 illud
565 3839 837 3894 desertum
901 3851 1028 3898 sunt
1095 3860 1339 3901 reversae.
1397 3848 1793 3908 Revertebatur
1854 3857 1953 3908 ali-

379 3931 593 3997 quando
618 3930 684 3984 ad
717 3934 955 3989 exterius
985 3939 1390 4004 monasterium,
1436 3953 1490 3997 et
1525 3944 1722 4000 fratres
1755 3948 1847 4017 qui
1881 3949 1951 4002 ibi

381 4021 747 4090 morabantur,
780 4026 1040 4081 invisebat
1067 4039 1122 4082 et
1149 4032 1558 4100 consolabatur;
1593 4045 1702 4090 tum
1731 4039 1959 4096 interius

381 4115 660 4181 repetebat
707 4119 1111 4172 monasterium.
1158 4122 1674 4194 Constantinopolim
1715 4127 1782 4181 ad
1812 4131 1958 4184 Con-

383 4205 679 4260 stantinum
733 4205 982 4278 Magnum
1048 4211 1426 4278 imperatorem
1475 4215 1591 4283 ejus
1653 4219 1827 4274 delata
1878 4230 1959 4277 est

383 4295 550 4360 fama,
575 4298 665 4367 qui
699 4300 916 4367 scripsit
947 4301 1486 4373 Antonioepistolam
1512 4324 1614 4377 qua
1643 4310 1789 4365 illum
1817 4327 1960 4368 com-

2057 3137 2177 3178 tcns
2202 3124 2496 3186 Antonius,
2542 3131 2602 3175 ut
2633 3136 2833 3189 corpus
2863 3136 3018 3174 suum
3052 3120 3469 3185 absconderent,
3507 3119 3633 3173 filiis

2054 3217 2166 3271 suis
2197 3217 2474 3285 praecepit.
2510 3213 2786 3268 Mandavit
2813 3211 3001 3274 etiam,
3032 3210 3280 3264 baculum
3321 3225 3482 3264 suum
3509 3210 3625 3264 dari

2055 3307 2352 3372 Macltario,
2398 3318 2601 3361 vestem
2658 3305 2937 3375 pelliceam
2992 3304 3326 3364 Athanasio,
3369 3311 3423 3356 et
3473 3303 3637 3356 Sera-

2055 3400 2199 3470 pioni
2263 3398 2542 3468 pelliceam
2602 3396 2877 3451 melotam.
2931 3393 3089 3448 Humi
3146 3395 3328 3462 itaque
3373 3401 3641 3446 extensus

2055 3491 2307 3563 spiritum
2355 3490 2594 3554 tradidit,
2642 3498 2696 3542 et
2730 3487 3043 3557 angelorum
3091 3499 3155 3539 ac
3195 3493 3508 3539 sanctorum
3540 3483 3640 3536 ob-

2058 3586 2201 3640 viam
2247 3585 2374 3648 ivit,
2418 3599 2576 3652 quem
2627 3583 2692 3636 ad
2727 3582 2904 3635 locum
2956 3578 3161 3648 requiei
3198 3584 3636 3646 asportaverunt.

2057 3677 2271 3745 Corpus
2297 3692 2426 3730 vero
2472 3675 2615 3728 illius
2653 3671 2901 3740 discipuli
2929 3670 3351 3735 absconderunt,
3385 3677 3446 3721 ut
3483 3683 3639 3722 mau-

2060 3769 2285 3820 daverat
2335 3765 2485 3834 ipsis,
2519 3766 2644 3831 quia
2677 3763 3064 3817 exsecrabatur
3105 3776 3220 3824 eos,
3267 3760 3359 3829 qui
3405 3775 3638 3829 corpora

2059 3865 2370 3911 sanctorum
2402 3865 2456 3908 et
2487 3863 2782 3924 martyrum
2812 3866 2877 3905 eo
2924 3851 3268 3919 exponebant
3316 3849 3531 3918 publice
3563 3849 3632 3902 ad

2061 3960 2252 3999 aurum
2301 3942 2628 4013 cogendum,
2669 3955 2734 3994 ac
2771 3949 2992 4009 propter
3040 3939 3214 3993 solum
3265 3937 3498 4001 lucrum,
3531 3951 3639 3990 non

2061 4045 2240 4089 autem
2274 4033 2698 4088 venerationem.
2734 4031 2876 4085 Vixit
2921 4030 2987 4083 ad
3040 4027 3334 4098 perfectam
3383 4036 3640 4082 senectu-

2064 4138 2192 4193 tem,
2226 4140 2325 4181 nec
2365 4125 2707 4178 innnutatum
2741 4131 2824 4177 est
2869 4136 3066 4191 corpus
3095 4121 3236 4190 ejus,
3273 4134 3450 4189 neque
3491 4118 3641 4174 defe-

2065 4226 2257 4274 cerunt
2297 4217 2462 4280 vires,
2497 4230 2600 4270 nec
2635 4213 2827 4268 dentes
2861 4213 3201 4267 exciderunt.
3259 4211 3325 4266 Et
3362 4209 3642 4279 profectus

2067 4322 2148 4368 est
2182 4311 2248 4365 ad
2278 4309 2586 4371 Christum,
2632 4319 2790 4376 quem
2843 4304 3054 4359 dilexit.
3099 4303 3230 4374 Ejus
3280 4303 3559 4356 orationes
3590 4308 3643 4354 et

382 4389 690 4454 meudabat,
722 4405 787 4443 ac
819 4399 874 4443 ut
905 4406 1002 4459 pro
1041 4406 1099 4445 se
1144 4405 1328 4449 oraret
1367 4398 1564 4464 Deum,
1608 4402 1767 4457 enixe
1803 4419 1958 4472 roga-
1994 4395 2036 4448 Ι)
2064 4399 2470 4459 benedictiones
2498 4398 2776 4453 nobiscum
2807 4397 2937 4450 sint.
2970 4395 3162 4450 Amen.

383 4481 496 4538 bat.
531 4481 752 4540 Litteris
788 4484 933 4553 regis
985 4484 1150 4553 gavisi
1182 4495 1311 4540 sunt
1359 4487 1574 4558 fratres,
1607 4503 1661 4547 at
1704 4510 1810 4548 non
1841 4498 1955 4550 An-

1050 4735 1156 4796 Ex
1200 4737 1668 4819 Martyrologio
1703 4745 2197 4826 Maronitarum,
2243 4749 2355 4810 sub
2387 4747 2484 4808 die
2512 4763 2651 4806 xvn
2682 4739 3005 4810 Januarii.

461 4866 574 4920 Ilac
627 4865 716 4920 die
772 4866 1220 4920 commemoratio
1294 4867 1604 4924 celebratur
1661 4873 1957 4930 beatissimi

387 4957 608 5017 Antonii
651 4955 828 5028 Magni
860 4956 1093 5012 abbatis.
1126 4958 1226 5014 llic
1267 4974 1469 5029 genere
1499 4959 1788 5030 Egyptius
1817 4977 1955 5032 erat,

387 5065 550 5119 quem
587 5049 654 5104 ab
703 5050 816 5119 ipsa
867 5049 1100 5104 infantia
1145 5049 1197 5104 in
1245 5050 1552 5105 Christiana
1600 5054 1861 5124 religione
1896 5072 1958 5110 ac

388 5143 495 5201 ﬁde
529 5141 850 5197 erudierunt
881 5152 1158 5210 parentes.
1191 5139 1302 5195 Sub
1341 5141 1674 5198 Diocletiano
1701 5154 1756 5198 et
1786 5145 1956 5200 Maxi-

387 5234 572 5290 miano
617 5231 828 5297 ﬂoruit,
873 5242 927 5287 et
959 5242 1215 5301 protenso
1262 5241 1348 5285 est
1384 5230 1500 5298 ejus
1532 5241 1664 5287 astas
1707 5234 1774 5287 ad
1815 5234 1956 5289 Con-

387 5327 692 5382 stantinum
748 5324 999 5394 Magnum
1058 5322 1524 5390 religiosissimum
1580 5324 1959 5394 imperatorem

389 5434 582 5490 usque.
621 5417 854 5488 Operam
902 5415 1050 5470 dedit
1097 5413 1344 5469 instituto
1387 5415 1686 5471 monastico
1726 5429 1792 5469 ac
1830 5415 1956 5468 vita:

388 5514 694 5583 religiosae;
727 5518 1045 5577 tantumque
1082 5507 1351 5577 praecessit
1378 5521 1566 5562 omnes
1600 5506 1756 5577 hujus
1799 5507 1952 5561 iusti-

390 5604 512 5667 tuti,
547 5613 606 5656 ut
651 5601 864 5656 cunctis
913 5599 1193 5656 monachis
1243 5610 1497 5669 tanquam
1539 5598 1812 5668 exemplar
1843 5599 1963 5651 imi-

396 5689 616 5746 tandum
665 5700 1075 5763 proponetetur.
1121 5690 1274 5759 Quod
1323 5705 1450 5746 vero
1490 5690 1663 5761 magis
1697 5687 1966 5747 admiran-

2069 4878 2194 4932 dum
2231 4882 2345 4939 est,
2388 4871 2603 4927 tametsi
2653 4883 2758 4922 non
2805 4864 3044 4920 omnium
3078 4861 3285 4931 primus
3335 4861 3639 4915 institutum

2071 4969 2172 5023 boc
2193 4963 2446 5035 angelica:
2467 4962 2592 5016 vita:
2623 4960 2738 5028 ipse
2765 4963 2912 5012 esset
2941 4966 3259 5024 aggressus;
3289 4951 3356 5005 ab
3386 4950 3639 5004 omnibus

2072 5064 2250 5108 tamen
2277 5063 2334 5106 ιιι
2365 5051 2571 5119 primus
2599 5048 2705 5102 dux
2733 5055 2790 5100 et
2817 5052 3007 5098 auctor
3033 5055 3247 5108 semper
3279 5038 3491 5093 habitus
3522 5048 3631 5100 est;

2067 5143 2211 5212 quod
2241 5141 2329 5196 ille
2355 5138 2502 5195 solus
2533 5137 2600 5192 ad
2629 5137 2746 5203 ejus
2770 5147 2997 5188 summae
3039 5129 3388 5199 perfectionis
3422 5129 3632 5183 culmen

2067 5233 2434 5303 pervenisset,
2483 5238 2540 5283 ut
2597 5225 2833 5282 fidelium
2882 5221 3120 5278 omnium
3170 5235 3234 5274 ac
3297 5218 3630 5288 ubtgeutimn

2066 5325 2268 5393 scripta
2329 5329 2594 5376 testantur
2643 5326 2698 5371 et
2735 5313 3060 5370 universalis
3107 5309 3350 5366 allectus.
3401 5309 3530 5375 Ejus
3583 5307 3632 5360 itt

2067 5428 2305 5484 praesens
2330 5413 2394 5466 ad
2428 5425 2587 5467 aures
2620 5407 2854 5464 fidelium
2891 5417 3148 5462 enarrare
3179 5401 3428 5461 virtutes.
3451 5413 3634 5466 snper-

2070 5506 2234 5560 fluum
2281 5513 2457 5567 esset,
2505 5517 2627 5558 cum
2680 5513 2838 5554 nemo
2885 5510 3069 5551 earum
3122 5495 3192 5548 sit
3237 5492 3478 5561 ignarus.
3530 5487 3635 5541 Hoc

2071 5609 2249 5650 tamen
2296 5610 2461 5649 unum
2514 5591 2728 5647 silentio
2791 5604 2898 5644 non
2945 5597 3029 5642 est
3081 5582 3632 5654 praetermittendum,

2070 5689 2211 5758 quod
2257 5688 2466 5743 scilicet
2497 5699 2618 5742 cum
2651 5683 2828 5738 adhuc
2859 5689 3004 5737 esset
3042 5681 3096 5734 in
3130 5689 3356 5746 corpore
3400 5669 3632 5732 mortali,
