3868 6282
182 357 291 416 961

1188 363 1248 421 S.
1289 363 1570 421 ANTONII
1609 365 1678 420 Μ.
1722 366 2020 424 ABBATIS
2061 370 2431 428 SERMONES

3357 377 3468 435 982

183 479 324 529 vidit
351 477 703 533 ascensiones
729 488 783 534 et
811 481 1011 550 gradus
1033 480 1361 545 animarum,
1392 497 1492 538 nec
1523 500 1630 540 non
1667 485 1778 539 dia-
1806 494 1850 551 Α
1883 500 2098 544 centum
2135 492 2270 545 vixit
2313 507 2507 557 annos,
2537 500 2588 546 et
2629 492 2879 564 migravit
2908 495 2975 549 ad
3011 494 3293 550 Dominum
3329 515 3344 552 :
3374 498 3466 556 cui

183 568 346 622 lmlos
384 581 478 622 eas
521 569 907 639 illaqueantes;
936 574 1078 642 quod
1115 590 1222 630 non
1252 586 1335 631 est
1374 592 1648 648 corporea:
1680 593 1764 630 na-

183 667 332 712 tura:
383 657 688 728 facultatis,
738 663 834 719 sed
892 663 1246 736 incorporeas.
1297 669 1548 740 Quinque
1611 684 1774 739 supra

1883 584 2072 655 gloria.
2102 589 2292 641 Amen.

1119 897 1370 976 VITA
1447 900 1526 975 S.
1612 897 2045 976 ANTONII
2133 893 2562 972 ABBATlS

934 1097 946 1107 ,
1373 1037 1706 1094 AUCTORE
1747 1037 1807 1093 S.
1849 1035 2275 1092 ATHANASIO»
2521 1109 2523 1112 ⁴

861 1143 991 1200 Vide
1020 1147 1158 1202 inter
1199 1147 1370 1218 Opera
1405 1147 1465 1204 S.
1498 1151 1799 1216 Athanasii,
1831 1149 2051 1218 hujusce
2082 1149 2401 1222 Patrologtm
2433 1161 2560 1207 tom.
2592 1153 2808 1210 XXVI.

199 1273 3440 1308 .~—————.—__._____________________________________.,

799 1377 922 1492 S.
1021 1380 1631 1494 ANTONII
1720 1380 2177 1494 MAGNI
2259 1383 2863 1496 ABBATIS

1245 1571 1635 1650 ORATIO
1677 1572 1811 1649 AD
1855 1574 2442 1652 MONACHOS.

721 1706 907 1762 Exstat
935 1706 990 1762 in
1029 1705 1145 1762 Vita
1173 1705 1234 1764 S.
1267 1706 1487 1762 Antonii
1523 1709 1679 1762 modo
1723 1717 2037 1774 memorata,
2072 1706 2100 1781 §
2137 1709 2203 1764 16
2229 1727 2366 1782 sqq.,
2397 1721 2537 1767 tomo
2571 1728 2730 1782 supra
2758 1715 2943 1772 citato.

2885 1846 3466 1872 ———--————_-q

854 2008 974 2122 S.
1064 2007 1675 2125 ANTONII
1754 2011 1907 2124 M.
1994 2011 2605 2126 ABBATIS
2683 1994 2806 2071 (ω)

613 2228 846 2286 SERMO
885 2228 976 2284 DE
1011 2227 1367 2285 VANITATE
1404 2228 1623 2287 MUNDI
1661 2229 1750 2285 ET
1789 2229 1879 2285 DE
1917 2229 2505 2291 RESURRECTIONE
2546 2235 3018 2295 MORTUORUM.

267 2518 308 2571 1.
331 2515 566 2588 Tempus
584 2514 916 2585 operationis
933 2515 1390 2580 est,dilectissimi
1415 2557 1432 2583 ,
1471 2518 1524 2572 in
1556 2533 1664 2587 quo
1711 2518 1779 2572 ad
1814 2525 1858 2585 Β
1885 2533 2227 2576 exercemus.
2255 2519 2485 2577 Divitias
2509 2522 2666 2579 nobis
2692 2523 2903 2591 tribuit,
2931 2533 2990 2581 ut
3011 2535 3065 2581 et
3095 2526 3240 2597 ipsas
3268 2529 3351 2584 his
3378 2531 3471 2599 qui

183 2617 454 2662 aeternam
490 2608 776 2678 pervenire
808 2609 1079 2678 possimus
1111 2611 1302 2674 vitam,
1331 2619 1386 2664 et
1417 2609 1779 2665 incommuta-

186 2700 359 2755 bilem
401 2699 646 2770 gloriam.
700 2701 836 2756 lluic
882 2701 1028 2756 enim
1063 2703 1202 2761 avitae
1231 2703 1476 2758 succedit
1523 2710 1783 2768 mors,ct

190 2791 523 2846 mundanam
585 2791 808 2861 gloriam
866 2793 1223 2862 apprehendit
1291 2793 1560 2848 confusio.
1625 2791 1780 2846 Multi

187 2884 396 2955 quippe
426 2886 748 2954 potentium,
781 2895 910 2939 ante
939 2886 1264 2955 praeﬁnitum
1307 2894 1519 2952 tempus
1541 2924 1556 2949 ,
1585 2898 1779 2940 canum

192 2992 349 3030 inore
373 2978 424 3029 in
455 2974 724 3030 infernum
746 2975 952 3032 detrusi
975 2985 1136 3040 sunt;
1162 2982 1216 3031 et
1237 2976 1452 3045 judices
1480 2975 1546 3029 ab
1579 2975 1781 3029 inﬁmis

186 3065 422 3136 iudicati
453 3076 613 3131 sunt,
651 3076 705 3122 et
742 3065 938 3122 divites
979 3075 1242 3137 eguerunt
1287 3067 1340 3122 in
1394 3075 1695 3136 posterum,
1727 3073 1783 3119 et

191 3160 470 3232 sapientes
516 3160 865 3216 nihilominus
905 3161 960 3215 in
1009 3159 1296 3216 stultitiam
1341 3158 1580 3215 devoluti
1621 3166 1774 3213 sunt.

191 3252 418 3316 Potens,
445 3252 715 3307 invalidus
735 3251 963 3308 eﬁ'cctus
983 3261 1099 3318 est;
1127 3261 1181 3306 et
1199 3252 1292 3322 qui
1321 3250 1610 3305 incolumis
1637 3258 1778 3314 erat,

192 3339 505 3394 inﬁrmatus
529 3349 632 3394 est.
666 3340 769 3406 Qui
813 3339 1144 3405 exsultabat,
1174 3339 1503 3394 lamentatur
1542 3345 1598 3392 et
1629 3337 1782 3408 plan-

191 3432 311 3500 git;
344 3441 401 3486 et
425 3431 519 3500 qui
550 3431 914 3500 principatum
951 3431 1254 3499 obtinebat,
1279 3445 1346 3486 eo
1375 3430 1623 3500 privatus
1655 3436 1778 3495 est;

193 3519 445 3590 nihilque
472 3520 688 3575 ﬁrmum
719 3529 904 3577 manet
932 3536 997 3576 ac
1018 3521 1233 3584 stabile,
1264 3521 1392 3590 quia
1424 3520 1550 3576 boni
1576 3519 1782 3589 aliquid

195 3629 306 3668 non
347 3614 614 3683 reperitur
642 3614 693 3668 in
731 3614 950 3669 mundo.
993 3613 1116 3668 Filii
1147 3614 1360 3684 injuriis
1404 3624 1461 3669 et
1493 3623 1780 3670 contume-

192 3709 287 3764 liis
313 3723 440 3764 suos
471 3717 651 3777 patres
677 3707 949 3775 alliciunt;
981 3716 1036 3764 et
1068 3717 1250 3778 patres
1276 3707 1522 3778 proprios
1553 3707 1783 3776 perhor-

194 3809 419 3853 rescunt
460 3799 617 3854 ﬁlios.
665 3799 934 3870 Conjuges
978 3813 1107 3855 suos
1161 3800 1308 3854 viros
1371 3799 1688 3867 repudiant;
1729 3805 1784 3852 et

195 3891 303 3944 viri
326 3891 436 3945 suis
478 3866 796 3962 conjugibus
831 3866 1220 3946 conscientiam
1257 3890 1372 3962 (tt)
1404 3866 1629 3945 minime
1663 3904 1781 3944 ser-
1809 3866 1851 3924 (ἒ

194 3990 350 4036 vant.
382 3981 636 4038 Juniores
667 3997 786 4036 cum
821 3983 1128 4038 senioribus
1172 3981 1408 4038 delirare
1438 3990 1774 4047 noscuntur;

194 4087 254 4131 et
284 4089 441 4130 senes
483 4091 603 4129 cum
629 4073 917 4142 juvenibus
962 4074 1215 4130 lascivire
1265 4075 1627 4130 delectantur.
1659 4074 1778 4128 Non

193 4177 283 4221 cst
313 4167 364 4220 in
394 4165 571 4220 amico
603 4166 754 4232 ﬁdes,
778 4181 878 4221 nec
903 4165 956 4220 in
985 4165 1204 4235 pr0prio
1232 4165 1403 4221 fratre
1425 4166 1775 4222 conﬁdentia.

194 4257 375 4314 llomo
408 4257 630 4328 paciﬁca
680 4273 776 4314 sua
812 4258 1050 4328 loquitur
1093 4258 1364 4328 proximo,
1395 4267 1450 4312 et
1493 4258 1549 4312 in
1576 4267 1782 4313 semet-

195 4349 319 4419 ipso
351 4347 488 4401 mala
521 4347 782 4403 adversus
816 4363 940 4403 eum
968 4348 1262 4419 echgitat.
1308 4347 1512 4402 Invidia
1541 4357 1596 4402 et
1625 4347 1779 4402 dolus

191 4437 348 4494 omni
379 4454 501 4494 cutn
533 4436 735 4492 malitia
773 4446 1091 4502 exercetur;
1125 4442 1181 4493 et
1219 4436 1513 4492 inﬁdelitas
1561 4436 1776 4492 obtinet

192 4529 474 4584 universa.
525 4525 712 4582 Nullus
745 4526 940 4596 recipit
972 4527 1290 4582 memoriam
1323 4526 1451 4592 Dei,
1482 4541 1581 4583 uec
1625 4527 1778 4597 quis-

195 4637 364 4690 quam
413 4635 472 4677 se
511 4621 775 4675 rationem
818 4619 1159 4676 redditurum
1214 4620 1324 4676 Deo
1372 4630 1490 4690 post
1547 4629 1778 4674 mortem

193 4712 452 4769 aestimat.
501 4712 568 4768 Et
615 4722 900 4783 propterea
943 4711 1372 4782 multiplicantur
1421 4713 1596 4777 mala,
1647 4727 1781 4780 quo-

196 4807 348 4861 niam
395 4807 763 4860 coutemnitur
810 4803 973 4860 Deus.
1012 4803 1350 4861 Intellectum
1387 4806 1543 4861 nobis
1591 4804 1783 4859 tribuit

156 4938 164 4970 ᾖ
195 4895 364 4961 Deus,
411 4905 470 4951 ut
512 4896 631 4967 ejus
665 4895 880 4967 cognita
924 4895 1236 4959 voluntate,
1272 4898 1416 4966 quod
1463 4897 1666 4952 bonum
1698 4904 1778 4952 est

194 5004 525 5058 operemur:
582 5006 682 5045 nos
739 5000 920 5046 autem
965 4998 1218 5061 percepta
1265 4988 1574 5060 cognitione
1619 4986 1777 5055 ejus,

196 5081 343 5148 quod
378 5081 577 5136 malum
624 5091 710 5138 est
762 5096 1070 5151 operamur.
1107 5079 1374 5136 Virtutem
1403 5081 1570 5135 etiam
1621 5081 1779 5135 nobis

195 5171 452 5236 contulit,
482 5188 590 5243 qua
621 5175 890 5244 possimus
930 5173 1074 5244 quod
1106 5187 1319 5242 aequum
1368 5180 1422 5226 et
1454 5180 1660 5226 rectum
1697 5182 1781 5227 est

1885 2611 2128 2680 indigent
2159 2612 2568 2681 ministremus;
2605 2622 2662 2669 at
2691 2629 2789 2671 nos
2823 2618 2916 2686 qui
2957 2618 3176 2674 divitias
3225 2625 3472 2690 posside-

1883 2717 2027 2767 mus,
2067 2717 2333 2773 pauperes
2381 2719 2412 2759 e
2441 2706 2719 2761 contrario
2746 2709 3063 2777 spoliamus.
3101 2712 3471 2784 Principatqu

1884 2797 2050 2850 nobis
2071 2806 2127 2851 et
2173 2807 2497 2866 potestatem
2529 2797 2758 2869 largitus
2787 2813 2894 2867 est,
2927 2813 2985 2857 ut
3015 2819 3111 2873 per
3142 2820 3260 2859 eam
3298 2808 3474 2874 possi-

1883 2903 2004 2942 mus
2052 2888 2170 2943 illos
2201 2889 2292 2958 qui
2339 2889 2651 2944 violentiam
2704 2893 2987 2961 patiuntur
3036 2894 3368 2964 defendere;
3417 2907 3473 2952 at

1883 2992 1983 3032 nos
2012 2989 2201 3033 contra
2234 2993 2340 3034 non
2373 2981 2742 3039 defensionem
2769 2986 3005 3050 miseris,
3033 2988 3129 3043 sed
3154 2988 3471 3045 violentiam

1883 3069 2055 3138 magis
2095 3070 2398 3127 inferimus.
2453 3069 2570 3127 Non
2604 3080 2688 3126 est
2737 3073 2829 3143 qui
2882 3089 2981 3143 per
3024 3075 3168 3130 viam
3230 3077 3473 3132 ambulet

1884 3171 2123 3225 rectam,
2175 3175 2353 3231 neque
2402 3163 2493 3232 qui
2535 3163 2740 3237 justum
2785 3165 3049 3232 judicium
3083 3177 3335 3223 exerceat
3369 3180 3463 3224 aut

1881 3262 2161 3322 sequatur.
2182 3251 2416 3308 Refrixit
2437 3254 2678 3310 charitas
2695 3257 2737 3320 '.
2782 3265 2836 3310 et
2881 3258 3062 3312 odium
3093 3258 3474 3329 multiplicavit

1883 3342 2123 3398 fructum
2158 3358 2340 3398 suum.
2377 3343 2486 3399 Pro
2523 3344 2694 3400 nihilo
2723 3345 2956 3400 habetur
2979 3347 3151 3402 virtus
3179 3349 3345 3402 animi
3371 3388 3386 3413 ,
3417 3358 3474 3404 et

1883 3434 2158 3490 simulatio
2193 3437 2400 3506 passim
2445 3437 2618 3507 magis
2659 3439 2858 3506 placet.
2908 3436 2964 3493 In
3005 3439 3469 3497 abominationem

1881 3526 2031 3580 venit
2067 3526 2368 3590 humilitas,
2396 3535 2452 3580 et
2493 3527 2544 3580 in
2587 3526 2792 3582 honore
2819 3527 3062 3583 maximo
3091 3531 3323 3584 habetur
3357 3531 3471 3584 ela-

1887 3613 2052 3671 tionis
2079 3618 2415 3686 arrogantia.
2445 3617 2658 3673 Abolita
2684 3628 2768 3673 est
2794 3619 3018 3684 veritas,
3051 3628 3105 3676 et
3129 3621 3471 3677 mendacium

1883 3707 1941 3762 in
1965 3708 2127 3763 terris
2162 3709 2464 3778 prtevaluit.
2509 3708 2554 3764 Ο
2595 3711 2820 3766 altitudo
2863 3712 3194 3778 divitiarum,
3226 3714 3468 3785 benigni-

1888 3799 2014 3853 tatis
2046 3809 2094 3852 et
2135 3800 2405 3867 patientia:
2435 3799 2535 3854 Dei
2561 3801 2614 3854 ’!
2647 3803 2772 3871 quia
2813 3817 2975 3872 super
3005 3803 3092 3858 his
3122 3819 3244 3874 qua:
3269 3819 3472 3874 gerun-

1889 3898 1978 3944 tur
2007 3890 2187 3956 malis,
2220 3888 2606 3961 longanimiter
2633 3892 2833 3958 diﬁ’ert,
2862 3904 2919 3950 et
2955 3910 3295 3967 nequaquam
3339 3899 3474 3954 ulci‘

1888 3983 2080 4039 scitur.
2113 3983 2230 4039 Non
2276 3985 2430 4053 quasi
2471 3999 2536 4040 eo
2570 3987 2716 4055 quod
2763 3997 2994 4057 nequeat
3043 3990 3228 4044 statim
3271 3991 3473 4046 inferre

1888 4073 2208 4148 vindictam,
2241 4088 2396 4128 suam
2420 4073 2848 4146 indignationem
2879 4087 3165 4148 temperat,
3198 4081 3293 4137 sed
3317 4085 3469 4151 quasi

1886 4165 2010 4234 pius
2043 4173 2197 4231 pater
2247 4165 2545 4220 clementer
2579 4167 2736 4223 nobis
2777 4168 3072 4224 condolens
3111 4184 3264 4224 suam
3302 4173 3470 4228 mise-

1888 4255 2178 4311 ricordiam
2207 4257 2521 4324 praetendit,
2551 4266 2612 4311 ut
2644 4258 2728 4312 vel
2759 4272 2884 4312 sero
2913 4260 3220 4328 compuncti
3255 4262 3321 4316 ad
3351 4279 3470 4322 noe-

1889 4344 2173 4399 nitentiam
2207 4353 2616 4422 convertamur,
2649 4357 2703 4400 et
2741 4347 3020 4404 immensae
3067 4349 3328 4406 bonitatis
3352 4353 3471 4422 ejus

1888 4414 2316 4490 misericordiam
2362 4450 2781 4506 consequamur.
2831 4436 2950 4494 Non
2996 4440 3139 4494 enim
3170 4443 3283 4496 vult
3330 4445 3471 4502 Deus

1889 4534 2120 4580 mortem
2152 4527 2474 4596 peccatoris,
2517 4527 2611 4583 sed
2643 4527 3044 4596 pcenitentiam.
3093 4531 3222 4598 Qua:
3250 4544 3333 4590 est
3368 4551 3468 4590 att-

1889 4625 1997 4673 tem
2029 4627 2214 4672 nostra
2247 4618 2442 4685 virtus,
2477 4619 2620 4688 quod
2655 4619 2852 4675 divinae
2879 4621 3070 4677 virtuti
3107 4625 3468 4683 resistendum

1887 4710 2183 4778 putamus?
2213 4711 2388 4766 Flavit
2425 4711 2478 4765 in
2511 4726 2610 4766 nos
2642 4720 2853 4776 ventus,
2893 4722 2950 4768 et
2976 4715 3202 4771 arefacti
3242 4732 3466 4784 sumus,

1887 4811 1941 4856 et
1977 4811 2272 4873 tempestas
2309 4803 2466 4873 quasi
2499 4802 2834 4874 phryganum
2869 4803 2983 4878 (Ιὲ)
3019 4821 3084 4862 ac
3128 4820 3466 4866 sarmentum

1887 4907 1981 4946 seu
2015 4893 2266 4964 stipulam
2316 4894 2570 4965 dispersit
2621 4909 2740 4951 nos.
2787 4894 2988 4966 thuid
3033 4914 3161 4967 ergo
3201 4901 3470 4972 gloriatur

1890 4994 2036 5040 terra
2090 4996 2146 5041 et
2197 4987 2380 5042 cinis?
2431 5004 2555 5042 cum
2609 4987 2872 5058 scriptum
2910 4991 2986 5058 sit,
3029 5013 3040 5048 :
3082 4990 3208 5046 Vidi
3248 4995 3468 5064 impium

1887 5075 2356 5144 superexaltatum,
2393 5087 2441 5131 et
2471 5077 2728 5131 eleuatum
2763 5076 2897 5131 sicut
2937 5079 3119 5135 cedros
3152 5078 3380 5147 Libani;
3415 5091 3467 5136 et

1891 5171 2132 5237 transivi,
2166 5181 2214 5224 et
2262 5185 2376 5224 ecce
2408 5187 2514 5224 non
2551 5180 2694 5238 erat,
2725 5180 2773 5225 et
2824 5170 3039 5240 qumsivi
3079 5187 3197 5226 eum
3221 5211 3236 5236 ,
3264 5181 3314 5226 et
3363 5190 3467 5228 non

129 5327 135 5332 _
197 5263 500 5334 perﬁcere,
544 5273 599 5321 et
648 5281 749 5321 nos
798 5281 897 5336 per
950 5243 1152 5335 ipsam,
1203 5265 1381 5335 potius
1441 5263 1781 5334 iniquitatem
1814 5243 1860 5298 D
1888 5277 1958 5315 est
2002 5261 2241 5315 inventus
2271 5261 2415 5316 locus
2444 5262 2559 5331 ejus
2589 5263 2633 5320 ⁵.

284 5399 305 5428 ⁸
333 5399 521 5456 Matth.
545 5414 694 5465 xxiv,
719 5398 803 5452 i2.
865 5398 886 5430 ³
921 5395 1079 5452 Rom.
1110 5411 1186 5464 ιι,
1223 5397 1314 5451 33.
1353 5395 1373 5427 ⁸
1403 5395 1548 5450 Psal.
1579 5409 1766 5459 xxxw,
1789 5395 1880 5449 55.

271 5539 384 5611 (10)
430 5539 510 5593 Ex
552 5535 929 5611 antiquoﬁldi
980 5534 1349 5611 Manutjims;
1391 5533 1589 5611 Latino
1631 5534 1774 5611 [tunc

199 5603 507 5664 sertnonem
568 5603 736 5678 edidit
780 5606 1070 5678 Moguntize
1117 5605 1257 5678 16ρεῦ
1309 5604 1584 5678 Gerardtts
1634 5603 1774 5658 Vos-

203 5681 319 5732 sius
349 5673 1018 5746 prmpositus'l‘ungrEnsis
1056 5677 1107 5729 in
1143 5674 1366 5746 Misce".
1393 5674 1496 5729 SS.
1533 5673 1772 5746 Patrum,

201 5751 339 5818 Opp.
375 5749 433 5803 S.
467 5745 712 5817 Gregorii
743 5745 1129 5816 Tlt’aumaturgi
1163 5745 1447 5815 subjectis,
1481 5760 1600 5814 pag.
1638 5745 1760 5800 128.

1959 5535 2068 5604 (ll)
2104 5534 2511 5604 Conscientiam.
2547 5535 2751 5589 Fidem.

1957 5603 2067 5676 (l2)
2106 5603 2446 5676 Pliryganum
2470 5648 2492 5676 ,ί
2513 5605 2814 5676 Φρύγανον.
2846 5603 3141 5671 Cremium,
3171 5603 3463 5674 virgultum

1892 5675 2102 5730 aridum
2128 5685 2179 5730 et
2207 5675 2448 5730 erematu
2473 5675 2655 5729 facile.
