3872 6278
399 351 504 408 965

1493 344 1768 400 PATRES
1807 343 2106 400 IEGYPTII
2149 343 2419 401 S/ECULI
2457 344 2544 399 iV.

3570 345 3686 405 961

471 463 533 515 ll.
573 460 650 516 Ne
688 461 855 531 igitur
894 461 975 516 sic
1009 461 1360 528 arbitremur,
1413 461 1567 529 quasi
1614 471 1734 528 post
1774 461 1979 538 obitum
2011 470 2054 526 Α
2084 462 2268 530 pravis
2313 459 2570 528 operibus
2614 457 3056 512 condemnemur.
3111 455 3248 512 Nam
3309 458 3360 513 in
3414 460 3686 529 operibus

401 552 532 606 nihil
556 552 718 605 futuri
755 553 926 606 simus
946 591 960 615 ,
989 563 1041 606 et
1070 561 1188 622 post
1219 561 1544 621 praesentem
1577 552 1743 607 vitam
1773 553 1978 608 nullutn

399 646 638 698 futurum
678 645 750 699 sit
781 645 1068 712 judicium.
1126 645 1244 699 Erit
1280 646 1426 700 enim
1483 648 1809 703 resurrectio
1857 655 1980 718 post

399 746 626 790 mortem
651 777 666 803 ,
715 746 770 791 et
793 737 1071 806 judicandi
1101 739 1308 794 erimus
1328 754 1358 793 a
1387 739 1520 804 Deo,
1550 739 1642 810 qui
1673 740 1982 797 redditurus

399 837 482 882 est
516 827 806 896 unicuique
842 829 1141 884 secundum
1173 845 1338 900 opera
1364 846 1483 886 sua.
1515 829 1595 886 Ne
1624 846 1756 902 ergo
1786 846 1980 887 erran-

402 929 506 986 tes,
547 929 762 975 nosmet
801 922 948 991 ipsos
977 921 1334 994 decipiemus,
1364 931 1419 979 et
1451 925 1503 978 in
1535 925 1640 979 hac
1670 925 1779 979 vita
1810 925 1984 981 instar

397 1013 850 1069 irrationabilium
882 1016 1144 1085 pecudum
1178 1030 1589 1072 conversemur.
1623 1015 1757 1071 Nam
1791 1017 1837 1072 si
1872 1033 1978 1073 non

395 1113 479 1162 est
505 1107 870 1172 resurrectio,
908 1122 1084 1176 neque
1135 1121 1303 1163 mors.
1335 1106 1392 1163 Si
1433 1117 1612 1163 autem
1657 1109 1983 1165 resurrectio

394 1197 529 1264 erit,
565 1197 752 1268 utique
798 1207 852 1254 et
889 1198 1176 1267 judicium.
1225 1199 1327 1266 Qui
1379 1200 1524 1254 enim
1559 1201 1753 1256 statuit
1784 1202 1977 1258 mortis

365 1291 737 1355 sententiam,
781 1291 895 1361 ipse
929 1291 1289 1346 comminatus
1315 1302 1396 1347 εει
1435 1293 1599 1349 etiam
1622 1292 1978 1360 judicium”.

394 1379 452 1434 Si
481 1381 534 1434 in
560 1382 660 1436 hoc
689 1397 854 1436 verax
883 1392 990 1449 est,
1025 1398 1125 1437 nec
1156 1383 1212 1437 in
1244 1383 1333 1438 illo
1361 1393 1538 1453 potest
1565 1386 1796 1439 mendax
1827 1386 1976 1440 exsi-

393 1484 562 1528 stere.
614 1474 754 1541 Quid
801 1475 944 1530 enim
996 1475 1209 1529 facilius
1257 1486 1437 1545 potest
1484 1477 1647 1533 homo
1682 1478 1979 1547 perlicere;

394 1576 658 1622 vetustam
685 1567 906 1622 domum
939 1568 1222 1624 destruere
1245 1610 1260 1634 ,
1302 1581 1356 1623 et
1387 1584 1454 1624 ex
1493 1569 1627 1640 ipsis
1652 1570 1984 1627 reaedilicare

393 1659 718 1728 impendiis;
755 1675 822 1713 an
853 1659 1016 1714 aliam
1047 1673 1113 1714 ex
1143 1661 1352 1732 integro
1399 1677 1596 1718 novam
1625 1674 1977 1730 construere,

392 1751 479 1804 ubi
529 1749 661 1804 nihil
690 1749 886 1820 prioris
917 1751 1080 1807 fuerit
1116 1749 1369 1808 aedilicii?
1398 1753 1568 1825 Igitur
1593 1752 1638 1810 si
1684 1764 1882 1812 terram
1913 1771 1979 1810 ex

2084 551 2436 622 delinquere,
2480 549 2816 605 infirmitatis
2858 549 3120 605 indicium
3166 557 3280 616 est;
3330 551 3680 607 incredulum

2083 657 2214 698 vero
2234 657 2376 706 esse,
2405 642 2688 697 audaciam
2720 642 3047 700 temeritatis
3069 642 3364 713 significat.
3395 643 3497 698 Vgx
3525 645 3680 700 enim

2087 735 2259 789 audax
2311 745 2368 789 et
2413 736 2738 791 temerarius
2773 730 2941 789 ullum
2996 735 3198 790 bonum
3249 751 3386 806 opus
3433 736 3678 806 perlicit.

2087 824 2229 894 Ergo
2279 826 2406 881 dum
2449 835 2662 896 tempus
2708 824 3002 892 habemus,
3051 840 3338 896 parcamus
3381 829 3684 884 nobismet-

2086 919 2253 990 ipsis,
2299 929 2355 974 et
2401 919 2754 990 propitiemus
2797 919 2967 975 Deum
3002 934 3101 989 pro
3141 921 3379 989 peccatis
3431 923 3677 984 nostris,

2085 1026 2157 1066 ne
2196 1009 2438 1081 quando,
2468 1011 2644 1082 ligatis
2679 1011 2923 1066 manibus
2945 1021 2994 1066 et
3019 1013 3240 1080 pedibus
3261 1051 3278 1078 ,
3305 1013 3359 1066 in
3385 1014 3679 1067 exteriores

2085 1106 2321 1158 tenebras
2375 1105 2567 1174 projici
2606 1102 2919 1172 jubeamur,
2966 1104 3057 1158 ubi
3097 1113 3173 1158 es‘t
3207 1105 3361 1174 ﬂetus
3386 1117 3434 1160 et
3472 1107 3681 1160 stridor

2083 1195 2318 1250 dentiant
2347 1191 2389 1248 δ.
2435 1193 2575 1262 Quid
2616 1203 2797 1250 autem
2849 1193 3006 1250 lictns
3041 1197 3246 1251 indicat
3291 1206 3347 1252 et
3380 1197 3675 1266 planctus,

2085 1289 2188 1345 nisi
2219 1289 2523 1344 crudelium
2550 1299 2606 1345 et
2640 1290 2981 1345 horribilium
3013 1289 3406 1360 suppliciorum
3436 1292 3674 1347 immen-

2085 1374 2314 1430 sitates?
2339 1375 2406 1430 Et
2430 1377 2560 1445 quid
2583 1378 2855 1446 signiﬁcat
2878 1378 3081 1433 stridor
3103 1379 3372 1443 dentium,
3400 1380 3507 1435 nisi
3532 1381 3667 1450 quia

2084 1468 2394 1538 pro'iisdem
2420 1471 2683 1539 peccatis,
2707 1470 2878 1539 major
2898 1470 3002 1525 erit
3025 1472 3366 1541 postmodum
3385 1474 3672 1542 pcenitudo

2086 1558 2393 1614 malorum?
2434 1559 2587 1616 Tunc
2613 1562 2757 1616 enim
2798 1563 3138 1629 certissime,
3184 1572 3312 1620 tunc
3339 1564 3672 1635 incipiemus

2084 1656 2372 1711 adversum
2407 1657 2770 1726 nosmetipsos
2811 1657 3193 1729 indignantes,
3251 1674 3376 1713 cum
3426 1660 3670 1715 stridore

2085 1744 2324 1803 dentium
2376 1750 2682 1820 ptenitere,
2723 1747 2942 1820 quando
2980 1747 3160 1806 nullus
3205 1751 3458 1807 utilitatis
3491 1750 3672 1816 locus.

390 1857 494 1910 qua
527 1841 688 1896 homo
721 1841 900 1897 factus
928 1851 1042 1909 est,
1070 1846 1276 1900 creavit
1298 1861 1363 1900 ex
1395 1846 1595 1912 nihilo,
1627 1856 1832 1917 quanto
1863 1863 1974 1902 ma-

2086 1854 2186 1894 nee
2228 1851 2440 1910 tempus
2483 1841 2760 1911 supererit
2807 1842 3162 1911 paenitentiae.
3198 1843 3332 1898 Cum
3372 1858 3503 1914 ergo
3540 1851 3671 1914 posa

389 1933 473 2002 gis
523 1933 797 1988 hominem
847 1949 914 1990 ex
963 1937 1189 1992 materia
1228 1937 1557 1993 subsistente
1600 1947 1872 2004 erectum,
1925 1950 1980 1994 et

391 2039 421 2078 a
477 2034 653 2079 morte
694 2036 1043 2097 corruptum,
1101 2042 1169 2084 ex
1215 2029 1459 2098 ejusdem
1512 2039 1671 2086 terra:
1721 2041 1977 2087 manente

391 2118 691 2172 substantia
717 2159 733 2185 ,
780 2119 992 2174 facilius
1031 2120 1210 2175 denuo
1242 2121 1443 2190 poterit
1474 2121 1820 2178 reformare?
1857 2122 1974 2178 Non

389 2209 535 2263 enim
567 2224 688 2264 cum
714 2209 902 2266 labore
922 2221 1186 2279 operatur
1211 2212 1375 2268 Deus.
1411 2213 1605 2268 Sermo
1634 2225 1816 2269 autem
1853 2215 1968 2281 Dei,

389 2315 527 2370 opus
561 2311 646 2357 est
677 2302 828 2370 ejus;
863 2311 917 2356 et
948 2303 1257 2371 consilium,
1292 2319 1476 2360 sermo
1508 2306 1677 2376 ipsius
1702 2316 1805 2361 est.
1847 2307 1972 2364 Uti-

388 2407 494 2462 que
533 2393 673 2448 sicut
707 2393 895 2458 voluit,
963 2394 1146 2460 Dixit,
1193 2407 1242 2450 et
1285 2397 1427 2466 facta
1467 2407 1591 2452 sunt
1621 2399 1662 2452 ⁸.
1709 2398 1979 2465 Quemad-

389 2482 607 2540 modum
642 2484 907 2554 scriptum
950 2494 1074 2540 est:
1118 2484 1220 2552 Qui
1259 2497 1407 2540 vocat
1441 2503 1502 2542 ea
1535 2504 1653 2556 quae
1691 2505 1794 2543 non
1822 2501 1966 2565 sunt,

388 2582 639 2642 tanquam
680 2590 740 2627 ea
784 2591 901 2644 qua
944 2585 1065 2630 sunt
1099 2570 1141 2629 ’⁷.
1189 2575 1323 2631 Nam
1363 2578 1503 2632 sicut
1550 2579 1725 2635 virtus
1777 2580 1872 2634 Dei
1920 2589 1976 2636 et

389 2663 632 2730 potentia
676 2661 795 2734 ejus
824 2662 1391 2736 incomprehensibilis
1423 2678 1546 2724 est:
1586 2671 1657 2724 ita
1695 2679 1752 2727 et
1777 2686 1973 2741 opera~

390 2753 571 2808 tiones
612 2754 753 2823 ejus.
788 2752 858 2810 Et
904 2757 1045 2812 sicut
1090 2759 1354 2829 sapientia
1386 2761 1506 2831 ejus
1545 2759 1812 2820 immensa
1840 2773 1925 2820 est
1956 2782 1969 2818 :

389 2843 463 2897 ita
495 2851 550 2897 et
597 2844 694 2898 vite
744 2839 860 2914 ejus
907 2845 1290 2919 investigabilee
1317 2851 1364 2906 ⁸.
1404 2847 1484 2907 Ne
1525 2867 1655 2921 ergo
1709 2853 1973 2909 increduli

390 2950 805 3004 remaneamus,
851 2937 977 3008 quia
1020 2951 1213 3010 potens
1254 2952 1338 2998 est
1385 2945 1530 3000 Deus
1589 2944 1772 3000 facere
1831 2940 1974 3015 quod

390 3026 671 3095 promisit,
712 3034 769 3082 ιιι
808 3043 878 3083 ne
911 3043 1008 3100 pro
1039 3029 1419 3090 incredulitate
1461 3037 1632 3106 magis
1671 3051 1834 3107 quam
1874 3051 1972 3108 pro

459 3141 686 3219 '_llebr.
722 3159 796 3211 ιχ,
827 3144 924 3219 g3.
1002 3145 1183 3204 ‘Psal.
1217 3165 1388 3217 xxx",
1425 3151 1479 3207 9.
1527 3149 1546 3179 "
1585 3152 1740 3208 Rom.
1776 3152 1943 3219 tv,l7.
2019 3151 2224 3210 'Rom.
2256 3170 2332 3219 xr,
2368 3154 2458 3210 35.

397 3211 437 3241 "
481 3212 635 3267 Rom.
671 3229 782 3276 xvt,
821 3213 912 3268 20.

2085 1944 2274 1985 sumus
2307 1930 2363 1984 in
2407 1930 2510 1987 hoc
2554 1931 2704 1986 brevi
2741 1939 2988 2002 tempore
3013 1931 3293 1987 deservire
3324 1932 3470 1996 Deo,
3506 1941 3566 1986 et
3603 1931 3669 1985 lio

2083 2021 2263 2080 berari
2295 2039 2325 2078 a
2353 2024 2618 2095 ,gehenna
2665 2032 2721 2078 et
2765 2021 3101 2080 cruciatibus
3140 2023 3527 2092 sempiternis,
3571 2035 3672 2078 cur

2083 2115 2427 2188 negligimus,
2459 2125 2516 2172 et
2547 2116 2905 2186 despicientes
2935 2124 3206 2186 praecepta
3235 2115 3351 2180 Dei,
3390 2116 3664 2170 servimus

2087 2208 2324 2279 propriis
2351 2208 2741 2278 voluptatibus,
2775 2217 2836 2263 ut
2862 2206 3160 2263 efﬁciamur
3182 2206 3403 2263 obnoxii
3434 2207 3666 2262 irremea

2083 2298 2267 2353 diabili
2297 2299 2513 2368 poenae?
2544 2299 2685 2354 Deus
2731 2308 2911 2353 autem
2959 2307 3162 2362 noster,
3191 2297 3283 2366 qui
3314 2307 3399 2352 est
3434 2310 3670 2367 magnus

2083 2400 2140 2447 et
2193 2401 2406 2446 amator
2455 2390 2764 2457 hominum,
2809 2390 2951 2444 dives
2999 2391 3054 2443 in
3100 2387 3464 2442 misericordia
3491 2388 3560 2452 ",
3614 2397 3672 2442 et

2083 2490 2279 2552 potens
2322 2483 2375 2537 in
2407 2482 2662 2552 operibus
2697 2481 2812 2537 suis
2841 2497 2858 2537 :
2891 2483 3007 2552 ipse
3041 2470 3260 2548 adjuvet
3291 2478 3670 2534 inﬁrmitatem

2083 2584 2362 2642 nostram,
2420 2585 2707 2630 conterens
2739 2574 2997 2629 Satanam
3044 2573 3146 2627 sub
3195 2566 3422 2642 pedibus
3470 2571 3673 2626 nostris

2082 2667 2342 2725 velociter
2379 2668 2445 2732 “,
2480 2676 2535 2723 et
2575 2667 2666 2723 det
2699 2668 2955 2723 virtutem
2991 2665 3186 2733 nobis,
3227 2673 3285 2720 et
3326 2658 3672 2719 intellectum

2079 2760 2285 2816 tribuat
2315 2759 2637 2830 spiritalem,
2668 2767 2726 2814 ut
2752 2759 2805 2814 in
2837 2759 2940 2814 hoc
2961 2752 3106 2828 quod
3131 2765 3378 2827 superest
3399 2765 3671 2826 tempore.

2081 2850 2135 2905 in
2181 2850 2412 2905 veritate
2462 2850 2511 2905 ei
2565 2857 2619 2905 et
2668 2848 2899 2904 ﬁdeliter
2935 2848 3275 2912 servientes,
3321 2845 3673 2900 inveniamus

2081 2942 2310 3012 gratiam
2339 2939 2482 3012 apud
2506 2941 2701 3010 Deum,
2733 2934 2788 2995 in
2819 2934 2908 2996 illa
2937 2939 3170 2995 terribili
3193 2937 3281 2994 die
3302 2936 3492 3006 judicii
3523 2936 3669 3004 ejus.

2079 3035 2274 3089 Amen.

2533 3152 2555 3183 ’
2574 3150 2762 3206 Matth.
2788 3167 2906 3216 xm,
2940 3152 3034 3217 24,
3055 3151 3147 3207 95.
3227 3150 3488 3221 “pres.
3516 3165 3578 3218 tt,
3612 3152 3668 3206 4.

452 3365 3611 3391 ww

1045 3533 1575 3649 SANCTI
1652 3535 1974 3651 ANTt

2082 3539 2251 3653 \lII
2334 3539 2949 3655 ABBATIS

1723 3744 1978 3812 PATRIS
2015 3744 2295 3821 NOSTRI,

757 3921 1293 4004 SEBMONES
1353 3925 1485 4000 XX
1542 3925 1675 4002 AD
1752 3911 2102 4004 FILIOS
2164 3923 2418 4005 SUOS
2496 3920 3054 4008 MONACHOS
3131 3919 3272 4010 (‘3’.

974 4201 1159 4248 SECTIO
1197 4201 1382 4252 amita.

766 4280 838 4336 De
865 4282 972 4352 ﬁde
1011 4285 1066 4338 in
1102 4284 1312 4341 Christo
1344 4285 1592 4344 Domino.

459 4373 597 4428 Ante
628 4372 837 4438 omnia,
867 4373 1089 4441 fratres,
1126 4376 1412 4434 credamus
1443 4379 1498 4434 in
1537 4378 1831 4436 Dominum
1872 4393 1970 4438 no-

386 4475 558 4522 strum
585 4463 773 4521 Jesum
797 4465 1098 4536 Christum,
1129 4470 1372 4528 colamus
1405 4473 1578 4539 illum,
1602 4481 1813 4544 nosque
1843 4477 1969 4546 sub-

387 4557 668 4636 tnittamus
707 4557 829 4626 ipsi,
875 4568 930 4613 et
973 4557 1092 4628 ejus
1123 4558 1391 4615 faciamus
1427 4562 1762 4621 voluntatem
1817 4568 1968 4622 omni

387 4659 630 4716 tempore
678 4663 742 4702 ac
774 4660 1090 4717 momento;
1124 4663 1224 4707 nec
1260 4652 1314 4708 in
1355 4652 1522 4708 alium
1558 4656 1726 4712 Deum
1767 4667 1970 4728 praeter

389 4738 565 4807 ipsum
600 4740 909 4810 credamus,
937 4743 1194 4812 quoniam
1223 4753 1306 4800 est
1332 4745 1474 4803 Deus
1501 4759 1751 4820 magnus,
1789 4746 1969 4808 Domi-

388 4845 491 4885 nus
523 4831 940 4889 dominantium.
983 4832 1380 4894 Benedicamus
1411 4854 1536 4894 eum
1573 4841 1628 4895 in
1654 4841 1866 4910 justitia
1915 4853 1970 4899 et

329 4931 334 4970 ;
385 4921 651 4987 veritate,
686 4930 742 4978 et
791 4923 924 4980 nulli
952 4936 1330 4984 creaturarum
1389 4931 1751 4989 aSsimilemus
1793 4934 1967 5001 illum,

388 5026 567 5082 neque
596 5013 664 5069 iis
691 5029 810 5084 qua:
839 5027 966 5073 sunt
1000 5019 1055 5075 in
1084 5019 1241 5078 caelis
1269 5032 1510 5088 surSum,
1539 5033 1715 5094 neque
1739 5025 1792 5080 in
1823 5037 1966 5080 terra

389 5102 678 5171 deorsum,
731 5106 853 5177 quia
895 5110 1078 5165 omnia
1122 5111 1240 5166 haec
1276 5127 1376 5183 per
1422 5113 1599 5183 ipsum
1640 5113 1782 5170 facta
1821 5124 1966 5183 sunt,

385 5203 442 5249 et
464 5194 580 5266 ipse
607 5207 691 5252 est
714 5207 840 5254 ante
869 5201 1072 5269 omnia,
1099 5216 1163 5257 ac
1187 5203 1240 5258 in
1268 5212 1533 5258 aeternum
1557 5219 1966 5274 permansurus,

386 5283 704 5357 nullumque
734 5289 955 5347 habebit
995 5293 1178 5347 finem.
1210 5291 1571 5358 Quamobrem
1605 5295 1656 5349 in
1701 5311 1822 5351 cum
1851 5313 1972 5353 cre-

387 5372 580 5431 damus
600 5385 656 5431 et
682 5379 928 5436 colamus
948 5379 1119 5447 illum,
1146 5389 1207 5436 ut
1229 5397 1352 5437 cum
1378 5383 1472 5439 illo
1494 5398 1783 5454 regnemus
1807 5397 1972 5458 atque

388 5465 558 5522 simus
581 5468 634 5524 in
656 5479 919 5526 aeternum
943 5471 1062 5542 ejus
1095 5471 1341 5532 fruentes
1369 5475 1527 5533 bonis
1547 5518 1562 5546 ,
1587 5477 1713 5548 quia
1742 5487 1828 5535 est
1853 5479 1970 5536 Rex

2000 4209 2044 4266 (ς
2077 4211 2286 4268 regum,
2319 4206 2373 4253 et
2406 4199 2588 4253 omnia
2623 4211 2785 4271 regna
2817 4203 2886 4258 ab
2918 4217 2983 4258 eo
3012 4212 3160 4259 sunt.
3197 4198 3495 4263 Credamus
3529 4219 3660 4280 ergo

2078 4291 2131 4345 in
2161 4306 2284 4346 eum
2314 4299 2380 4347 ex
2414 4294 2543 4350 totis
2571 4296 2830 4351 cordibus
2874 4296 3095 4361 nostris,
3132 4309 3186 4355 et
3226 4299 3280 4353 in
3317 4299 3435 4368 ejus
3463 4303 3658 4360 ambu-

2077 4382 2250 4439 lemus
2278 4385 2586 4456 praeceptis,
2619 4390 2874 4456 quoniam
2899 4385 3030 4456 ﬁdes
3052 4391 3166 4445 sine
3185 4392 3426 4457 aperibue
3450 4405 3660 4451 mortua

2075 4483 2151 4528 est
2182 4475 2260 4527 ηε
2299 4484 2359 4530 ιιι
2401 4476 2569 4531 faciat
2602 4469 2886 4533 nobiScum
2927 4480 3356 4538 misericordiam
3401 4483 3456 4538 in
3493 4500 3661 4552 regno

2076 4578 2194 4629 suo,
2229 4575 2350 4620 cum
2381 4565 2652 4644 exibimus
2680 4582 2747 4622 ex
2773 4569 3208 4639 peregrinatione
3234 4574 3418 4629 mundi
3449 4589 3661 4643 praepa-

2071 4657 2198 4718 rati,
2248 4657 2543 4712 dicentes:
2597 4649 2791 4730 Utique
2835 4661 3070 4729 credidi,
3123 4673 3399 4733 prapterea
3454 4665 3661 4722 locutus

2069 4759 2185 4801 sunt
2211 4746 2278 4801 ¹³.

2619 4858 2808 4899 εεοτιη
2842 4859 3098 4901 εεοιιΝιιΑ.

2567 4931 2644 4988 De
2695 4937 2882 4991 timore
2920 4936 3156 4994 Domini.

2145 5022 2262 5087 Eia,
2298 5023 2523 5089 fratres,
2558 5027 2900 5085 ambulemus
2935 5030 2989 5085 in
3023 5031 3222 5088 timore
3251 5033 3486 5100 Domini,
3517 5050 3656 5106 quo-

2072 5113 2217 5168 niam
2249 5115 2625 5186 praascriptum
2657 5129 2743 5173 est
2775 5119 2953 5187 nobis,
2997 5131 3057 5177 ut
3089 5125 3393 5180 serviamus
3426 5141 3549 5181 cum
3585 5129 3654 5184 ti-

2071 5217 2225 5259 more
2253 5214 2308 5259 et
2335 5214 2572 5261 tremore
2601 5206 2666 5274 “,
2705 5218 2764 5263 ut
2805 5225 3094 5280 operemur
3123 5214 3356 5268 salutem
3386 5226 3648 5275 nostram.

2070 5295 2519 5367 Quandoquidem
2549 5299 2680 5356 nihil
2701 5305 3048 5371 prestantius
3081 5316 3166 5362 est
3202 5309 3399 5367 timore
3416 5310 3510 5367 Dei
3548 5312 3652 5368 Do-

2074 5388 2207 5443 mini
2229 5389 2404 5445 nostri
2422 5387 2549 5447 Jesu
2575 5392 2798 5451 Christi.
2823 5395 3012 5453 Timor
3035 5398 3250 5456 Domini
3274 5411 3357 5456 est
3378 5402 3570 5473 gloria,
3592 5414 3648 5458 et

2073 5481 2247 5550 gratia
2266 5485 2500 5542 maxima
2520 5504 2533 5540 :
2560 5501 2732 5557 quare
2753 5490 2933 5562 magni
2951 5493 3210 5564 ponderis
3225 5502 3279 5550 et
3293 5496 3648 5552 existimatio-

461 5621 506 5656 "
529 5622 645 5681 Jac.
679 5640 739 5692 ιι,
768 5625 860 5695 20,
888 5626 978 5683 26.
1059 5629 1102 5662 ⁸³
1127 5627 1268 5688 Psal.
1299 5648 1423 5702 cxv,
1457 5633 1542 5688 10.
1621 5635 1664 5667 ³⁸
1690 5634 1922 5709 Philipp.
1951 5652 2008 5703 ιι,
2039 5636 2127 5696 12.

461 5751 577 5825 (ιδ)
620 5755 700 5811 Ex
747 5757 981 5818 Arabico
1035 5761 1225 5821 Latine
1287 5766 1481 5823 redditi
1536 5767 1604 5823 ab
1651 5767 1960 5828 Abrahamo
1981 5768 2333 5829 Eccbellensi.
