3872 6278
199 375 307 440 983

1185 369 1248 437 Β.
1288 373 1568 433 ANTONII
1609 374 1681 430 Μ.
1721 372 2016 432 ABBATIS
2058 375 2449 434 SERMONES.

3334 377 3443 436 908

202 499 288 554 nis
312 508 394 552 est
412 495 528 562 ille,
552 509 641 566 qui
667 495 818 550 timet
839 485 1422 548 Dominum.Timorem
1446 490 1659 546 Domini
1683 489 1773 559 qui
1803 492 1850 549 Δ
1879 497 1986 554 tur,
2039 506 2158 557 qua:
2196 493 2477 562 pervagari
2530 492 2735 547 faciunt
2786 491 3155 557 intellectum,
3194 506 3256 546 ac
3303 491 3445 548 mala

197 587 462 656 possedit,
489 599 714 656 magnos
733 591 818 638 est
837 582 1059 650 adeptus
1080 581 1365 635 thesauros
1383 579 1538 634 bonis
1559 579 1776 634 aeternis

198 675 620 740 refertissimos;
649 683 704 729 et
725 674 838 740 jam
880 679 1162 738 exemptus
1194 679 1278 726 est
1303 670 1371 725 ab
1400 670 1622 725 aeternis
1652 685 1778 739 sup-

196 765 396 834 pliciis,
427 779 548 833 qua
573 762 949 833 peccatoribus
978 768 1106 816 sunt
1126 769 1336 829 parata.
1356 761 1542 814 Timor
1561 759 1775 814 Domini

194 863 286 908 est
315 855 542 915 electus,
560 848 684 919 plus
715 865 874 919 quam
910 864 1101 903 aurum
1141 859 1194 903 et
1243 860 1526 920 argentum
1566 863 1628 903 ac
1657 863 1779 917 pre-

199 945 483 1000 tiosissimi
518 943 748 1013 lapides.
775 939 963 994 Nullus
995 940 1211 1009 sapiens
1248 941 1320 994 ita
1366 951 1446 996 est
1485 940 1775 1007 exaltatus,

199 1043 261 1085 ut
299 1032 388 1087 ille
424 1031 518 1100 qui
573 1032 724 1085 tlmet
773 1031 1081 1086 Dominum.
1118 1030 1305 1085 Timor
1338 1029 1547 1084 Domini
1589 1045 1779 1085 omnes

198 1123 355 1177 dolos
385 1131 442 1177 et
469 1131 688 1190 peccata
740 1122 805 1175 ab
831 1122 1011 1174 anima
1054 1121 1317 1175 eradicat.
1361 1119 1462 1186 Qui
1495 1120 1776 1174 Dominum

199 1227 310 1266 non
365 1211 538 1274 timet,
571 1211 626 1264 in
667 1211 830 1264 multa
880 1211 1082 1266 incidet
1126 1210 1288 1264 mala.
1341 1209 1527 1265 TimOr
1568 1209 1777 1264 Domini

197 1303 478 1358 hominem
509 1299 672 1356 ellicit
695 1300 948 1365 liberum,
983 1300 1243 1368 illumque
1270 1315 1299 1352 a
1331 1300 1588 1369 peccatis,
1621 1315 1779 1368 para-

199 1394 275 1448 tis
324 1391 603 1460 suppliciis
656 1399 712 1444 et
755 1405 785 1442 a
821 1390 1057 1444 dracone
1094 1405 1323 1457 nequam
1359 1389 1552 1443 salvat.
1592 1389 1780 1444 Timor

201 1481 418 1536 Domini
460 1478 698 1548 quandiu
740 1478 958 1532 exsistit
992 1477 1044 1531 in
1080 1478 1318 1541 homine,
1362 1477 1508 1531 illum
1549 1477 1780 1532 custodit

200 1583 259 1629 et
281 1581 494 1638 servat,
521 1585 806 1640 quousque
840 1569 1062 1638 abjiciat
1103 1583 1132 1622 a
1172 1583 1232 1623 se
1262 1584 1458 1638 corpus
1482 1569 1588 1624 hoc
1617 1584 1780 1639 grave

200 1673 444 1733 portatu,
479 1670 534 1716 et
582 1661 758 1716 lueres
787 1660 1052 1714 elliciatur
1083 1659 1348 1714 bonorum
1391 1675 1514 1714 cum
1553 1660 1775 1724 sanctis,

201 1755 524 1824 quibuscum
552 1750 806 1822 gaudebit
836 1751 1033 1821 gaudio
1064 1759 1292 1817 aeterno,
1325 1750 1777 1819 quemadmodum

202 1845 467 1912 scriptum
525 1850 610 1896 est

200 1935 556 2003 concepimus,
593 1932 823 1987 dolorem
867 1943 1049 2000 partus
1087 1931 1228 1997 passi
1271 1947 1472 1995 sumus,
1502 1938 1551 1984 et
1582 1931 1782 2000 peperi-

201 2041 324 2079 mus
351 2020 594 2094 spiritum
632 2022 822 2076 salutis
857 2023 921 2076 ”.

769 2127 956 2167 SECTIO
995 2127 1218 2167 TERTIA.

726 2202 804 2257 De
837 2202 1253 2272 longanimitate.

278 2290 458 2346 Sacrae
486 2300 737 2346 asserunt
773 2292 1100 2362 Scriptura),
1148 2291 1242 2345 lilii
1286 2292 1390 2346 mei
1424 2293 1782 2359 dilectissimi,

203 2384 353 2452 quod
390 2383 580 2436 melior
605 2383 677 2436 sit
706 2382 1046 2449 longanimis,
1077 2397 1243 2451 quam
1275 2381 1430 2439 lortis
1461 2385 1512 2438 in
1545 2400 1640 2440 sua
1674 2385 1784 2438 for-

209 2474 442 2527 titudine
479 2473 544 2539 ¹⁶,
579 2474 850 2542 istumqne
886 2473 974 2528 ille
1014 2473 1232 2528 excellit
1278 2484 1534 2543 tauquam
1571 2475 1784 2545 fugiens

206 2566 279 2617 ab
311 2565 451 2631 igne.
497 2564 682 2618 Estote
722 2564 902 2632 itaque
938 2563 1041 2617 viri
1078 2563 1266 2627 fortes,
1315 2565 1410 2619 sed
1443 2566 1784 2622 ambulantes

207 2654 266 2708 in
317 2653 744 2723 longanimitate,
775 2655 899 2722 quia
948 2655 1088 2708 Deus
1126 2655 1179 2708 in
1228 2655 1520 2726 longanimi
1553 2657 1781 2713 habitat.

206 2742 305 2796 Ille
346 2758 473 2796 vero
515 2744 602 2812 qui
650 2753 876 2812 angusto
911 2753 1166 2812 operatur
1190 2759 1444 2813 pectore,
1474 2757 1558 2802 est
1584 2763 1782 2803 secun-

209 2837 339 2887 dum
373 2836 697 2891 voluntatem
725 2835 947 2903 diaboli,
971 2844 1026 2890 et
1049 2834 1165 2904 ejus
1189 2837 1541 2906 pessimorum
1563 2839 1784 2908 coadjn-

214 2934 392 2978 torum
417 2943 431 2980 :
459 2936 666 2990 contra,
692 2926 1013 2997 longanimis
1033 2936 1116 2982 est
1137 2930 1427 2984 secundum
1457 2931 1784 2985 voluntatem

208 3007 308 3069 Dei
346 3015 494 3069 omni
532 3025 796 3085 tempore.
846 3015 1177 3069 Adnitamur
1211 3017 1393 3088 igitur,
1431 3018 1522 3072 lilii
1557 3019 1662 3072 mei
1705 3018 1786 3072 di-

213 3103 522 3171 lectissimi,
547 3106 612 3160 ad
643 3108 976 3175 operandum
1005 3108 1302 3162 secundum
1326 3107 1784 3177 longanimitatem

1875 581 2115 635 excitant
2151 583 2471 646 certamina,
2496 583 2706 652 plagas,
2734 581 2956 635 bellicos
2991 597 3260 648 rumores,
3295 583 3440 635 iuvi-

1875 670 2019 724 diam
2045 710 2059 735 ,
2110 673 2292 726 odium
2331 682 2388 728 et
2424 673 2622 729 similia
2664 672 2803 727 mala
2827 712 2842 736 ,
2881 687 3000 741 qua:
3039 688 3233 743 corpus
3281 673 3448 728 etiam

1876 766 2172 824 aggravant
2202 767 2256 812 et
2287 759 2506 815 morbos
2543 761 2780 815 inferunt
2823 761 2920 816 illi.
2961 760 3062 826 Qui
3095 762 3279 816 dolose
3313 775 3446 831 ope-

1877 856 2046 908 ratur,
2089 850 2332 904 tradetur
2360 853 2670 921 suppliciis;
2702 863 2756 906 et
2790 867 2886 907 eor
2915 853 3134 920 diaboli,
3171 868 3234 908 ac
3269 856 3444 923 pessia

1877 951 2086 990 morum
2119 940 2388 994 sociorum
2421 941 2673 997 laetificat.
2729 945 2821 997 Eia
2857 942 3044 1014 igitur,
3085 944 3179 997 lilii
3219 945 3322 998 mei
3359 946 3446 998 di-

1876 1025 2188 1093 lectissimi,
2219 1040 2533 1099 comparate
2567 1034 2723 1088 vobis
2752 1035 2910 1089 modo
2943 1034 3334 1098 innocentiam,
3378 1051 3449 1089 ne

1880 1115 2190 1171 moriamini
2239 1129 2364 1174 ante
2408 1130 2617 1190 tempus
2666 1135 2902 1179 vestrum
2954 1127 3019 1181 ".
3069 1127 3448 1196 Adipiseimini

1877 1206 2032 1262 vobis
2079 1223 2294 1278 quoque
2342 1221 2654 1268 sanctorum
2706 1215 3144 1284 simplicitatem,
3180 1226 3239 1272 ut
3283 1219 3349 1271 ad
3389 1232 3450 1272 se

1879 1299 2136 1355 Dominus
2164 1310 2350 1356 noster
2373 1299 2530 1357 Jesus
2555 1303 2804 1359 Christus
2833 1321 2927 1360 vos
2961 1308 3252 1376 suscipiat,
3300 1307 3450 1361 dica-

1879 1406 2106 1459 musque
2140 1407 2263 1446 cum
2299 1393 2496 1463 gaudio
2528 1408 2544 1448 :
2579 1393 2806 1463 Propter
2839 1398 3187 1451 innocentiam
3220 1408 3454 1453 nostram

1878 1480 1946 1532 ad
1970 1490 2018 1533 te
2042 1481 2317 1550 suscepisti
2344 1497 2460 1549 nos,
2495 1492 2546 1537 et
2582 1484 2905 1552 conﬁrmasti
2936 1502 3110 1540 coram
3143 1497 3190 1542 te
3220 1489 3274 1542 in
3297 1498 3452 1542 teter-

1879 1587 2002 1624 num
2033 1571 2100 1623 ὀ.
2129 1572 2324 1626 Amen.

2439 1679 2629 1720 SECTIO
2667 1681 2886 1728 QUINTA.

2446 1757 2521 1809 De
2559 1758 2873 1812 humilitate.

673 1859 686 1896 ;
742 1839 966 1910 Propter
1024 1841 1261 1893 timerent
1317 1849 1486 1902 tuum,
1535 1837 1777 1904 Domine,
1812 1838 1856 1894 Β
1954 1838 2189 1911 Fratres,
2219 1846 2476 1914 propheta
2494 1847 2756 1902 dicitzAd
2775 1864 2925 1918 quem
2950 1849 3240 1916 respiciam,
3267 1848 3368 1902 nisi
3385 1847 3455 1902 ad

1879 1934 2078 1997 mitem,
2109 1934 2358 1988 humilem
2389 1951 2450 1989 ac
2482 1945 2782 1992 (renuentem
2821 1954 3083 1991 sermones
3131 1954 3293 2004 meos,
3325 1955 3455 2013 quos

1880 2022 2064 2090 loquor
2088 2023 2173 2074 "?
2204 2022 2462 2078 Dominus
2495 2039 2624 2078 vero
2654 2033 2836 2079 noster
2865 2026 2935 2078 ita
2961 2026 3012 2078 in
3047 2025 3338 2095 Evangelio
3366 2027 3449 2080 di-

1881 2113 1955 2164 cit
1993 2136 2007 2166 .-
2038 2110 2232 2165 Discite
2259 2130 2291 2166 a
2315 2129 2414 2178 me,
2452 2116 2576 2182 quia
2603 2116 2747 2168 mitis
2776 2131 2889 2168 sum
2931 2127 2979 2168 et
3019 2115 3231 2168 humilis
3268 2117 3455 2180 corde;

1881 2209 1927 2252 et
1963 2200 2230 2254 invenietis
2263 2202 2490 2271 requiem
2536 2201 2809 2256 animabus
2849 2205 3029 2257 vestris
3052 2205 3118 2256 “.
3160 2204 3260 2269 Qui
3293 2204 3456 2273 igitur

1883 2289 1984 2344 sibi
2051 2293 2385 2361 comparavit
2446 2293 2834 2358 humilitatem,
2897 2294 3010 2362 jam
3055 2294 3147 2348 Dei
3203 2293 3452 2348 altissimi

1883 2380 2056 2436 factus
2090 2391 2172 2436 est
2200 2382 2610 2448 habitaculum;
2642 2392 2696 2439 et
2723 2383 3082 2450 altitudinem,
3111 2399 3350 2439 amorem
3377 2384 3458 2436 iu-

1887 2471 2177 2535 nocentiae,
2237 2487 2426 2540 pacem
2466 2482 2520 2526 et
2557 2473 2875 2526 eharitatem
2928 2474 3152 2540 adeptus
3201 2481 3302 2528 est.
3360 2473 3455 2526 Eia

1886 2574 2015 2628 ergo
2046 2561 2407 2616 humilitatem
2437 2563 2590 2618 vobis
2613 2571 2944 2632 comparate,
2973 2572 3027 2617 et
3053 2578 3174 2617 cum
3204 2564 3458 2633 superbia

1885 2651 2069 2706 cordis
2123 2652 2456 2707 diabolorum
2507 2667 2574 2707 ne
2622 2653 2927 2708 ambuletis.
2992 2655 3255 2722 Superbia
3312 2656 3458 2709 enim

1885 2742 2066 2796 cordis
2097 2745 2343 2812 despecta
2372 2754 2453 2798 est
2484 2759 2670 2799 coram
2701 2745 2810 2800 Deo
2831 2753 2886 2799 et
2917 2748 3124 2816 angelis
3151 2747 3270 2816 ejus
3298 2755 3461 2815 atque

1888 2833 2111 2886 sanctis.
2149 2831 2403 2900 Quisquis
2437 2848 2566 2904 ergo
2607 2833 2847 2888 ambulat
2891 2849 3014 2888 cum
3049 2835 3299 2904 superbia
3338 2850 3462 2890 cor-

1887 2921 1990 2986 dis,
2033 2921 2365 2975 diabolorum
2414 2923 2688 2992 particeps
2731 2933 2834 2978 est.
2876 2921 3104 2992 Propter
3151 2923 3458 2993 superbiam

1888 3010 2066 3066 cordis
2104 3010 2349 3065 inclinati
2379 3021 2504 3065 sunt
2534 3011 2689 3076 caeli,
2720 3021 2774 3067 et
2800 3022 3069 3067 commota
3111 3011 3462 3067 fundamenta

1891 3111 2068 3165 terrae,
2099 3104 2432 3156 conturbata:
2464 3103 2671 3173 abyssi,
2708 3112 2765 3157 et
2792 3102 3062 3157 deturbati
3091 3102 3265 3173 angeli
3292 3118 3321 3156 a
3348 3103 3462 3174 glo-

219 3191 432 3248 Domini
492 3193 662 3249 nostri
709 3193 834 3250 Jesu
873 3195 1075 3250 Christi
1109 3196 1174 3259 ν’,
1226 3205 1284 3250 ut
1331 3187 1685 3264 adimplcatur
1723 3197 1776 3252 in
1811 3200 1856 3261 α
1889 3194 1966 3249 ria
2001 3208 2118 3255 sua,
2156 3207 2220 3247 ac
2262 3192 2459 3246 diaboli
2506 3190 2630 3246 facti
2660 3203 2882 3262 propter
2923 3193 3234 3262 superbiam
3276 3193 3460 3249 cordia

220 3286 377 3340 nobis
406 3285 627 3340 verbum
677 3286 803 3340 illud
834 3285 1130 3356 Scriptura:
1160 3303 1172 3339 :
1211 3284 1266 3340 In
1297 3297 1540 3355 tempore
1579 3287 1785 3356 requiei

219 3377 540 3449 long-animis
571 3378 690 3442 fuit,
719 3387 773 3432 et
801 3379 1041 3448 possedit
1067 3387 1467 3432 testamentum.

774 3484 962 3524 δεετιο
999 3484 1237 3532 ουΑιιτΑ.

539 3561 616 3616 De
644 3552 1006 3639 simplicitate,
1035 3577 1125 3615 seu
1160 3547 1470 3615 innocentia.

295 3654 509 3709 Asserit
549 3654 741 3708 beatus
783 3653 952 3708 David
1000 3653 1055 3708 in
1095 3652 1298 3721 Spiritu
1343 3662 1531 3708 sancto
1579 3653 1791 3707 :Inno—

220 3758 392 3799 centes
437 3755 482 3799 et
527 3747 656 3798 recti
695 3745 1027 3800 adhteserunt
1079 3745 1232 3809 mihi,
1275 3745 1402 3814 quia
1449 3745 1674 3798 sustinui
1720 3754 1788 3811 te,

223 3838 444 3892 Domine
496 3837 634 3890 Deus
692 3817 756 3890 ἐξ
811 3836 936 3892 Haec
985 3837 1282 3908 prephetia,
1337 3837 1556 3902 fratres,
1595 3845 1677 3891 est
1727 3837 1794 3890 de

221 3929 429 3983 sanctis
469 3928 558 3996 qui
600 3927 778 3998 juncti
821 3937 951 3982 sunt
993 3927 1104 3982 Deo
1140 3941 1237 3982 sua
1286 3926 1625 3992 innocentia;
1669 3925 1820 3994 quia

223 4013 537 4081 abjecernnt
571 4028 599 4067 a
651 4029 709 4069 se
743 4013 960 4079 dolum,
1001 4029 1158 4084 quem
1213 4016 1504 4084 pessimum
1556 4011 1790 4067 fructum

221 4117 346 4158 esse
378 4112 643 4157 noverunt
679 4119 694 4158 :
744 4112 929 4157 contra
983 4116 1130 4165 vero,
1170 4101 1404 4156 fructum
1443 4100 1790 4166 innocentiae,

221 4193 391 4247 vitam
433 4201 709 4247 aeternam.
741 4192 1020 4247 Hominem
1056 4193 1395 4247 innocentem
1451 4191 1504 4246 in
1558 4190 1795 4258 perfecto

224 4285 322 4341 Dei
365 4285 558 4340 timore
588 4283 910 4354 comperies.
947 4282 1200 4352 Quisquis
1229 4297 1349 4339 eam
1380 4283 1638 4352 possidet,
1672 4296 1795 4351 per-

226 4376 402 4430 fectus
430 4384 515 4430 est
551 4384 606 4428 et
633 4375 824 4430 similis
862 4375 1002 4440 Deo;
1030 4382 1083 4427 et
1120 4375 1315 4429 odores
1353 4374 1552 4428 emittit
1581 4373 1797 4429 suavis-

224 4467 395 4520 simos
431 4474 592 4534 atque
628 4473 841 4533 gratos,
871 4473 1059 4532 estque
1087 4462 1286 4533 gaudio
1327 4471 1382 4516 et
1413 4463 1581 4532 gloria
1618 4463 1793 4532 reple-

227 4569 337 4624 tus,
367 4566 422 4612 et
453 4556 656 4626 requiei
689 4556 914 4626 spiritus
950 4554 1045 4609 Dei
1089 4554 1444 4609 domicilium.
1478 4553 1791 4608 lnnocentia

223 4656 311 4701 est
354 4645 476 4699 thus
514 4644 654 4712 Deo;
686 4644 992 4712 quicunque
1023 4643 1168 4698 illam
1215 4642 1556 4712 adipiscitul',
1600 4657 1792 4698 conse-

223 4722 415 4806 quitur
446 4736 670 4807 gloriam
703 4744 758 4793 et
787 4736 1048 4791 honorem
1093 4735 1146 4789 in
1184 4734 1286 4789 hoc
1316 4735 1515 4791 seculo
1547 4744 1710 4805 atque
1738 4735 1793 4788 in

225 4830 436 4892 futuro,
474 4836 530 4882 et
569 4843 761 4884 nomen
792 4826 908 4896 ejus
935 4825 1041 4880 erit
1067 4827 1120 4880 in
1168 4827 1575 4896 generationem
1612 4837 1665 4880 et
1699 4840 1796 4895 ge-

227 4917 592 4974 nerationem.
664 4917 1126 4982 Quemadmodum
1182 4930 1346 4986 quam
1402 4919 1587 4986 plures
1633 4915 1799 4971 silvas

228 5009 501 5063 comburit
531 5008 669 5079 ignis
693 5047 708 5071 ,
735 5007 780 5062 si
819 5007 968 5062 illum
999 5007 1303 5077 neglexeris
1337 5024 1351 5060 :
1390 5008 1464 5062 ita
1499 5007 1653 5062 dolus
1683 5007 1801 5061 ani-

229 5115 373 5154 mam
406 5108 550 5152 tuam
581 5099 874 5168 deperdet,
923 5097 966 5153 si
1009 5097 1062 5152 in
1102 5097 1266 5153 corde
1308 5096 1456 5152 illum
1492 5097 1796 5163 admiseris,

228 5203 532 5258 corpusque
551 5189 618 5242 ad
641 5191 756 5242 haec
791 5198 939 5241 tuum
984 5187 1376 5256 coinquinabit,
1412 5195 1466 5242 et
1498 5187 1663 5240 multa
1698 5185 1794 5241 tibi

229 5277 421 5334 all‘eret
461 5277 598 5332 mala
635 5286 690 5333 et
727 5278 942 5348 iniquas
978 5277 1346 5347 cogitationes.
1388 5277 1605 5332 Deridet
1638 5277 1796 5330 inno-

229 5377 444 5423 centem
472 5367 710 5432 dolosus,
734 5375 789 5422 et
819 5369 988 5421 bonos
1013 5381 1237 5433 omnes;
1268 5377 1323 5423 et
1345 5381 1440 5421 cor
1465 5367 1580 5435 ejus
1612 5366 1796 5422 multis

229 5471 296 5512 ac
321 5457 572 5527 pessimis
597 5455 1018 5526 cogitationibus
1053 5473 1083 5510 a
1117 5455 1346 5512 diabolis
1374 5456 1538 5510 illatis
1567 5456 1797 5528 corripi-

305 5661 349 5692 ⁸⁵
392 5659 498 5715 lsa.
540 5677 685 5725 uri,
727 5663 816 5717 18.
893 5663 938 5696 ¹⁶
969 5661 1128 5716 Prov.
1164 5674 1276 5724 xvi,
1309 5658 1398 5714 59..

1478 5661 1518 5691 ’⁷
1547 5659 1588 5712 ll
1613 5659 1729 5714 Pet.
1774 5676 1858 5726 ut,
1894 5661 1983 5718 15.

1890 3300 2075 3340 eorum
2105 3300 2119 3337 :
2153 3284 2324 3338 iratus
2355 3292 2440 3338 est
2475 3293 2762 3352 propterea
2801 3284 3179 3352 Omnipotens,
3210 3294 3265 3338 et
3301 3285 3465 3354 abys-

1891 3391 2010 3430 sum
2054 3390 2268 3430 sursum
2301 3377 2480 3446 ignem
2513 3366 2768 3432 étnittere
2811 3377 2958 3444 fecit,
2991 3377 3257 3445 simulque
3307 3391 3460 3430 mare

1893 3469 2110 3536 igneum
2163 3483 2378 3523 sursum
2428 3468 2691 3524 extollere
2735 3467 2949 3524 fluctus.
3001 3468 3232 3538 Propter
3272 3483 3466 3537 super-

1894 3561 2035 3616 biam
2063 3561 2241 3616 cordis
2273 3560 2540 3616 infernum
2566 3561 2819 3625 instituit,
2851 3571 2905 3618 et
2925 3562 3214 3631 supplicia.
3235 3559 3467 3632 Pr0pter

1893 3652 2200 3722 superbiam
2232 3653 2414 3707 cordis
2437 3652 2650 3707 vincula
2679 3654 2822 3708 facta
2858 3663 3065 3708 suntet
3092 3651 3319 3721 ﬂagella,
3351 3651 3468 3721 qui.

1895 3745 1994 3798 bus
2042 3743 2287 3798 diabolus
2334 3745 2403 3799 ob
2448 3744 2628 3800 cordis
2670 3746 2752 3800 sui
2807 3745 3114 3814 superbiam
3163 3753 3465 3813 torquetur.

1896 3834 2122 3903 Propter
2160 3835 2467 3904 superbiam
2496 3837 2677 3892 cordis
2701 3837 2822 3907 ejus
2845 3836 3000 3892 factae
3021 3842 3150 3892 sunt
3179 3836 3356 3907 abyssi
3387 3837 3469 3890 iu-

1897 3925 2155 3991 ferorum,
2197 3937 2251 3981 et
2282 3942 2493 3984 vermes
2533 3929 2625 4000 qui
2653 3944 2762 3984 non
2793 3929 3098 3983 moriuntur
3123 3927 3174 3961 ³⁸
3209 3942 3308 3983 nec
3341 3926 3469 3982 dor-

1895 4017 2086 4071 miunt.
2135 4017 2364 4088 Propter
2391 4020 2701 4089 superbiam
2732 4020 2913 4075 cordis
2955 4019 3081 4074 facti
3116 4028 3242 4074 sunt
3272 4032 3470 4074 currus

1897 4109 2059 4178 ignei,
2099 4120 2154 4164 et
2195 4111 2551 4166 instrumenta
2588 4111 2925 4165 flammarum
2953 4111 3219 4176 ardentia,
3259 4119 3315 4164 et
3347 4124 3470 4164 car-

1895 4196 2065 4252 bones
2092 4198 2254 4266 ignis.
2294 4198 2522 4268 Propter
2554 4199 2864 4268 superbiam
2907 4199 3087 4254 cordis
3119 4197 3300 4254 omnia
3338 4211 3472 4251 eon-

1899 4288 2109 4342 turbata
2160 4295 2308 4351 sunt,
2354 4286 2759 4357 conlliguntque
2810 4285 2999 4348 simul,
3043 4285 3184 4340 unde
3220 4292 3338 4338 orta
3383 4292 3470 4338 est

1899 4377 2156 4447 tyrannis.
2198 4375 2404 4431 Cuncta
2431 4377 2546 4432 haec
2572 4375 2711 4430 facta
2751 4384 2876 4429 sunt
2916 4382 3137 4443 propter
3159 4372 3466 4442 superbiam

1899 4467 2104 4522 cordis.
2147 4465 2412 4536 Superbia
2460 4467 2640 4521 cordis
2680 4465 2958 4530 hominum
3000 4461 3183 4520 coram
3223 4463 3336 4518 Deo
3375 4464 3472 4517 im-

1901 4557 2100 4611 munda
2131 4565 2215 4611 est
2251 4575 2265 4610 :
2313 4557 2474 4611 corda
2519 4571 2650 4611 vero
2687 4554 2970 4610 bumiliata
3006 4562 3061 4608 et
3095 4553 3322 4610 contrita
3360 4567 3470 4608 non

1903 4644 2247 4699 abominatus
2275 4643 2436 4698 Deus.
2461 4643 2542 4698 Ad
2569 4658 2668 4698 nos
2693 4652 2899 4707 autem,
2933 4641 3028 4696 lilii
3062 4651 3118 4697 et
3144 4642 3340 4697 fratres
3363 4642 3469 4694 mei

1901 4734 2258 4800 dilectissimi,
2305 4734 2531 4790 veniens
2571 4733 2666 4789 Dei
2705 4733 2994 4788 clementia
3051 4733 3119 4789 ab
3165 4732 3467 4800 altissimis,

1899 4826 2040 4882 facta
2063 4834 2146 4881 est
2176 4826 2396 4880 humilis
2419 4839 2593 4896 usque
2615 4825 2680 4880 ad
2707 4825 2954 4880 ultimum
2985 4826 3260 4895 spiritum.
3289 4823 3471 4890 Quare

1899 4901 2194 4987 gloriemur
2221 4931 2344 4970 eum
2373 4916 2584 4971 dicente
2622 4931 2636 4970 :
2672 4914 2886 4984 Respice
2915 4916 3265 4970 humilitatem
3300 4929 3471 4968 meant

1898 5017 1944 5061 et
1975 5005 2205 5060 laborem
2232 5020 2430 5068 meum,
2453 5014 2502 5060 et
2528 5005 2740 5060 dimitte
2763 5006 2890 5059 mihi
2917 5016 3130 5075 peccata
3159 5021 3273 5058 mea
3294 5007 3362 5058 “.

2473 5111 2664 5153 SECTIO
2707 5111 2898 5152 SEXTA.

2497 5183 2577 5238 De
2622 5185 2875 5253 puritate.

1976 5275 2156 5331 Sacrae
2189 5282 2440 5330 asserunt
2482 5274 2797 5344 Scriptum,
2831 5277 2926 5328 lilii
2964 5273 3070 5328 mei
3110 5262 3468 5339 dilectissimi,

1904 5367 2048 5437 quod
2097 5380 2306 5437 magna:
2334 5365 2536 5421 divitia
2570 5365 2643 5420 sit
2695 5379 2865 5435 purus
2894 5364 3074 5418 homo.
3111 5361 3306 5417 Dicunt
3331 5377 3471 5431 quo-

1904 5471 2010 5527 que
2040 5471 2055 5510 '.
2088 5455 2267 5513 Estote
2295 5457 2486 5523 sancti,
2534 5455 2784 5526 quoniam
2831 5470 2924 5523 ego
2954 5465 3166 5509 sanctus
3210 5469 3348 5522 sum,
3395 5454 3474 5509 ait

2063 5661 2107 5693 "
2153 5659 2296 5716 Psal.
2342 5675 2490 5723 xxiv,
2514 5659 2603 5714 2|.
2682 5659 2724 5691 “
2757 5659 2932 5718 Ecele.
2963 5676 3059 5729 vn,
3085 5660 3174 5717 18.
3249 5660 3298 5695 ’⁸
3325 5656 3473 5719 Parii.

233 5743 326 5794 ιι..
357 5731 442 5785 13.
517 5731 560 5762 ’⁸
609 5733 710 5787 lsa.
744 5747 892 5797 vat,
921 5731 978 5786 2.
1054 5732 1099 5765 ²¹
1139 5729 1329 5786 Matth.
1369 5745 1443 5794 XI,
1485 5728 1572 5785 9.9.
1650 5730 1696 5761 ³³
1727 5729 1787 5784 bl:

1890 5770 1895 5785 .
1936 5746 2015 5802 Ix,
2043 5729 2134 5788 45.
2211 5731 2257 5764 “
2289 5730 2431 5788 Psal.
2459 5744 2610 5799 xxiv,
2657 5729 2743 5786 18.
