3872 6278
421 356 521 413 967

1519 351 1790 410 PATRES
1831 353 2129 409 IEGYPTll
2169 351 2441 408 SECUIJ
2483 350 2573 405 IV.

3574 347 3689 403 968

422 471 677 524 Dominus
724 469 1045 536 omnipotens
1081 469 1147 518 ’⁵.
1206 466 1297 520 Eia
1337 482 1466 534 ergo
1515 469 1858 525 decertemus
1907 486 2006 540 pro
2035 478 2078 532 Α
2111 476 2188 522 est
2231 467 2553 536 principium
2594 465 2768 520 omnis
2805 463 2910 518 doli
2947 474 3001 516 et
3032 462 3262 528 fraudis,
3297 463 3561 532 supplicia
3606 463 3696 518 af-

422 561 660 631 pnritate
684 575 853 628 usque
876 561 940 612 ad
966 568 1220 622 mortem,
1255 569 1308 611 et
1337 559 1404 613 ab
1429 560 1684 615 omnibus
1713 576 2002 616 caveamus

423 651 798 713 immunditiis,
829 665 948 718 qua:
973 659 1098 703 sunt
1127 661 1323 718 praeter
1348 659 1625 717 naturam,
1650 653 1805 722 juxta
1837 655 2000 708 verba

424 743 767 812 primogeniti
797 744 1181 811 prophetarum
1207 742 1426 814 Moysis.
1456 744 1754 798 Plurimum
1787 760 2003 814 quoque

425 849 710 887 caveamus
743 834 810 886 ab
839 833 940 887 hoc
975 834 1191 903 negotio
1222 848 1432 897 amaro,
1470 851 1536 888 ne
1564 835 1774 888 scilicet
1815 847 2001 891 nostra

425 922 657 975 invicem
694 920 1020 990 detegantur
1051 923 1323 989 verenda,
1360 939 1493 977 neve
1536 925 1820 978 mulierum
1855 925 2005 994 aspi-

425 1012 630 1065 ciamus
679 1010 1158 1079 pulchritudines:
1207 1013 1404 1082 quippe
1443 1014 1584 1068 haud
1633 1015 1904 1068 nescimus
1937 1029 2002 1068 ex

429 1103 511 1157 his
546 1110 772 1157 mortem
809 1111 987 1156 ortam
1035 1102 1229 1168 fuisse;
1275 1115 1328 1159 et
1380 1120 1511 1158 sane
1553 1108 1794 1158 omnium
1832 1106 2006 1175 pessi-

427 1208 572 1247 mmn
618 1204 702 1248 est
749 1194 1006 1249 mulieres
1053 1197 1299 1262 aspicere
1354 1196 1420 1248 ad
1483 1196 2002 1263 concupiscentiam.

427 1284 655 1354 Propter
685 1285 856 1339 visum
887 1287 1033 1340 enim
1063 1286 1345 1339 oculorum
1371 1285 1546 1354 angeli
1578 1287 1824 1341 cecidere
1851 1303 1878 1341 a
1909 1303 2004 1341 sua

427 1374 594 1441 gloria
639 1386 693 1428 et
721 1375 928 1429 honore
955 1376 1164 1444 spoliati
1192 1384 1336 1429 sunt.
1358 1375 1502 1429 Multi
1525 1378 1740 1444 quidem
1773 1378 2001 1445 periere,

429 1469 645 1532 fratres,
670 1480 890 1538 prepter
916 1471 1190 1523 mulieres.
1220 1470 1449 1536 Quidam
1472 1471 1614 1524 enim
1639 1472 1825 1525 uxoris
1843 1487 2003 1526 causa

430 1557 697 1612 interfecti
723 1599 738 1624 ,
781 1559 1022 1613 nonnulli
1061 1575 1310 1614 sororum
1350 1575 1535 1625 causa,
1573 1561 1736 1631 aliqui
1785 1573 2008 1632 propter

431 1649 568 1704 ﬁlias
607 1670 623 1704 ι
670 1651 850 1704 omnia
900 1661 1076 1703 autem
1116 1652 1229 1705 haec
1261 1653 1330 1705 ob
1364 1652 1534 1706 solam
1585 1653 2002 1708 immunditiam.

430 1739 782 1794 Ambulemus
812 1741 997 1810 igitur,
1029 1741 1250 1804 fratres,
1283 1743 1336 1795 iu
1371 1743 1626 1812 puritate,
1651 1743 1776 1812 quia
1802 1745 2006 1812 purita-

432 1831 499 1882 tis
531 1829 736 1883 fruetus
763 1840 846 1884 est
880 1830 1083 1897 lumen,
1120 1834 1324 1885 veritas
1357 1845 1410 1886 et
1439 1833 1751 1906 vigilantia._
1774 1833 1849 1889 Ne
1887 1836 2006 1890 sitis
2040 1815 2080 1868 Β

429 1935 558 1989 ergo
607 1921 964 1989 pessimarum
1004 1921 1446 1993 abjectarnuique
1490 1925 1805 1994 passionum
1841 1925 2003 1992 servi,

429 2003 524 2065 aut
549 2015 906 2068 obscenarum
931 2015 1268 2081 voluptatum
1300 2031 1419 2084 qua:
1448 2009 1737 2072 immundin
1766 2028 1891 2073 sunt
1915 2034 2008 2073 (το⁸

433 2120 546 2157 ram
583 2106 706 2159 Deo.
752 2106 842 2159 Dei
876 2121 1070 2162 nomen
1119 2109 1170 2160 in
1201 2109 1446 2162 cordium
1489 2121 1793 2164 vestrorum
1835 2111 2010 2166 oculis

432 2199 771 2266 perscribite,
803 2209 860 2252 ut
887 2197 1091 2269 jugiter
1134 2201 1276 2254 intra
1323 2215 1419 2255 vos
1462 2201 1730 2256 exclamet
1764 2202 1953 2256 dicens
1992 2223 2006 2258 :

440 2291 545 2344 Vos
583 2295 704 2345 estis
746 2293 936 2359 templa
970 2291 1065 2345 Dei
1101 2293 1294 2358 rivi“,
1330 2301 1384 2348 et
1416 2293 1564 2348 locus
1597 2295 1802 2362 requiei
1835 2295 2009 2365 Spiri-

437 2391 521 2434 tus
565 2381 739 2434 sancti
771 2381 838 2433 ".
871 2382 971 2446 Qui
1021 2388 1201 2436 autem
1239 2390 1499 2451 cperatur
1544 2382 1844 2447 imnmnda,
1884 2381 2009 2436 dolo

433 2470 742 2524 cumulatus
784 2480 868 2525 est
895 2481 950 2524 et
987 2471 1068 2524 ira
1100 2481 1156 2525 et
1187 2473 1549 2526 amaritudine
1577 2481 1630 2525 et
1673 2474 1921 2542 suspiriis
1957 2483 2013 2528 et

437 2561 666 2616 vinculis
716 2562 970 2630 pessimis
1011 2577 1194 2616 coram
1228 2563 1489 2618 Creatore
1536 2579 1654 2619 suo.
1693 2563 1865 2619 llmno
1913 2565 2012 2620 dc-

434 2661 622 2719 ecptus
654 2652 1035 2716 immunditiis,
1059 2653 1254 2707 similis
1279 2663 1362 2707 est
1393 2668 1574 2708 coram
1613 2654 1721 2710 Deo
1751 2656 2012 2725 jumentis

434 2743 614 2797 omnis
671 2744 996 2814 cognitionis
1071 2745 1420 2814 expertibus,
1480 2747 1630 2815 juxta
1687 2753 2010 2805 sententiam

436 2833 734 2902 psalmistae
768 2835 938 2889 sancti
977 2834 1145 2889 David
1192 2839 1470 2905 prephetm
1502 2838 1566 2892 ’⁸.
1603 2838 1700 2893 Eia
1738 2856 1881 2895 nunc
1911 2841 2014 2911 igi-

441 2935 549 2986 tur,
586 2925 679 2979 lilii
722 2925 827 2979 mei
878 2924 1256 2992 dilectissimi,
1294 2929 1497 2994 venite,
1541 2931 1666 2984 odio
1719 2931 2016 2988 habeamus

439 3013 652 3066 oculum
687 3013 834 3068 illum
870 3027 1104 3083 nequam
1131 3055 1146 3079 ,
1185 3026 1238 3070 et
1286 3019 1576 3086 puritatem
1612 3021 2011 3089 perquiramus,

439 3105 562 3174 quia
595 3105 766 3174 gloria
804 3105 918 3159 htec
965 3113 1048 3159 est
1087 3107 1402 3174 angelorum
1437 3108 1551 3164 Dei.
1587 3109 1648 3165 Si
1677 3123 1854 3166 autem
1887 3129 2011 3182 per-

440 3198 702 3250 suadente
772 3197 987 3252 diabolo
1052 3199 1442 3264 ceciderinms,
1498 3215 1594 3269 per
1638 3197 2082 3272 pmnitentiam“

439 3301 762 3356 surgamus,
795 3297 848 3341 et
903 3287 1160 3344 adeamus
1225 3289 1373 3343 illum
1439 3291 1530 3359 qui
1575 3294 1724 3348 venit
1773 3309 2016 3364 quterere

438 3390 601 3430 unam
632 3391 784 3432 ovem
826 3393 946 3447 qua:
971 3391 1252 3435 erraverat
1286 3397 1380 3450 per
1414 3396 1694 3452 peccatum
1725 3386 1804 3452 ";
1844 3388 2012 3442 Deum

441 3481 655 3537 nempe,
707 3467 798 3537 qui
843 3479 1062 3534 peccata
1114 3474 1389 3528 condonat
1441 3476 1692 3532 omnibus
1742 3479 1880 3544 illis,
1920 3483 2013 3551 qui

441 3560 616 3626 ipsum
664 3569 854 3630 rogant
883 3577 948 3617 ex
981 3570 1096 3618 toto
1130 3566 1291 3620 corde
1325 3581 1426 3622 suo
1460 3585 1473 3621 :
1504 3576 1564 3622 ut
1591 3570 1874 3641 audiamus
1918 3589 2014 3628 nos

441 3665 653 3718 quoque
691 3666 875 3706 vocem
926 3655 1069 3709 illam
1118 3671 1340 3712 suavem
1394 3661 1662 3715 dicentem
1709 3676 1723 3716 :
1775 3662 2014 3721 Pretiosa

439 3751 514 3794 est
555 3744 608 3796 in
647 3757 923 3814 conspectu
968 3747 1066 3800 Dei
1110 3766 1250 3803 mors
1297 3754 1578 3806 electorum
1617 3771 1854 3822 suorum,
1905 3759 2014 3811 sine

441 3835 655 3886 interitu
688 3837 740 3888 in
767 3843 1019 3891 sa'culum
1047 3838 1112 3891 ³ο.

978 3993 1169 4034 SEC‘I‘IO
1217 3995 1464 4036 εειιτιιιιι.

1095 4070 1171 4124 De
1208 4089 1353 4140 pace.

515 4179 628 4236 lloc
661 4181 1006 4238 manifestum
1036 4186 1190 4241 vobis
1219 4189 1312 4253 sit,
1337 4189 1554 4258 fratres,
1582 4193 1724 4262 quod
1758 4195 2018 4253 Dominus

445 4271 562 4342 ipse
586 4274 841 4343 praecepit
867 4275 1024 4330 nobis
1053 4291 1240 4346 pacem
1272 4283 1605 4350 perquirere,
1635 4294 1692 4339 ut
1718 4289 2018 4357 apprehen-

428 4365 636 4446 ‘damus
651 4377 771 4419 eam
793 4381 808 4430 ;
831 4367 1088 4435 quoniam
1103 4371 1246 4424 oculi
1273 4371 1483 4428 Domini
1509 4377 2014 4448 respiciuntjustos,

2103 561 2487 617 lectisnntfilii
2521 561 2614 613 Dei
2641 599 2655 622 ,
2680 559 2907 628 ejusque
2927 572 3088 611 causa
3120 555 3340 610 invaluit
3372 567 3690 624 peccatum;

2106 652 2355 720 regnavit
2381 665 2527 704 mors
2555 664 2718 718 super
2753 646 3048 710 infernum,
3083 655 3136 700 et
3170 648 3397 700 arbores
3432 643 3695 699 infructi-

2115 742 2242 796 lem
2273 742 2496 796 redditae
2527 749 2674 802 sunt,
2698 753 2963 808 suamque
2986 746 3388 792 commutarunt
3413 749 3694 790 naturam.

2106 833 2334 902 Propter
2398 832 2654 884 invidiam
2711 829 2868 883 effusi
2921 837 3050 882 sunt
3099 828 3394 898 sanguines
3453 828 3691 882 innoxii.

2105 923 2396 994 Fugiamus
2422 921 2583 990 igitur
2614 920 2871 974 invidiam
2917 927 2975 972 et
3004 921 3400 974 contentiones.
3426 917 3530 985 Qui
3555 919 3696 972 ami-

2108 1033 2204 1071 cus
2250 1026 2332 1070 est
2384 1014 2547 1068 invidi
2587 1024 2640 1068 et
2669 1012 3026 1078 contentiosi,
3073 1012 3283 1068 amicus
3320 1021 3404 1066 est
3443 1014 3696 1066 nocentis

2109 1109 2258 1162 ferre.
2304 1106 2417 1160 lino
2441 1107 2530 1175 qui
2556 1121 2613 1160 se
2635 1105 2858 1160 conlidit
2890 1104 3018 1159 fera:
3044 1113 3136 1158 aut
3160 1105 3405 1168 draconi,
3438 1103 3697 1158 securior

2107 1209 2189 1253 est
2235 1214 2300 1253 eo
2331 1200 2423 1268 qui
2459 1213 2519 1252 se
2555 1198 2779 1252 conlidit
2808 1199 3150 1251 contentioso
3181 1206 3236 1251 et
3273 1197 3475 1250 invido.
3511 1196 3618 1263 Qui
3660 1211 3693 1248 a

2107 1291 2546 1345 contentionibus
2574 1305 2677 1344 non
2709 1289 2985 1354 abhorret,
3015 1289 3221 1343 nemini
3253 1289 3535 1343 hominum
3565 1304 3700 1358 par-

2109 1384 2200 1447 cit,
2237 1398 2334 1436 nec
2375 1383 2505 1451 ipsis
2538 1383 2758 1443 amicis;
2801 1391 2853 1432 et
2899 1395 3059 1434 nemo
3104 1381 3182 1434 illi
3217 1390 3408 1448 potens
3449 1381 3692 1445 videtur,

2111 1489 2209 1528 nec
2238 1473 2490 1543 dirigitur
2518 1473 2570 1524 in
2602 1473 2711 1524 via.
2743 1472 2950 1526 Etenim
2978 1472 3294 1540 sanguinem
3328 1481 3479 1524 tuum
3511 1473 3695 1524 mani-

2110 1565 2210 1618 bus
2235 1564 2368 1629 suis,
2398 1573 2457 1617 ut
2485 1562 2740 1633 pugillum
2774 1577 2927 1630 aqua:
2957 1561 3234 1617 effundent
3267 1578 3431 1632 super
3461 1574 3692 1624 terram,

2119 1663 2176 1706 et
2219 1655 2328 1706 vita
2365 1661 2455 1706 tua
2489 1653 2640 1706 nihili
2690 1652 2905 1706 ducitur
2947 1652 3013 1706 ab
3048 1651 3174 1706 illis.
3220 1651 3312 1705 Eia
3353 1666 3498 1706 nunc
3537 1668 3694 1722 ergo,

2113 1742 2205 1796 lilii
2239 1745 2386 1808 mei,
2424 1740 2586 1812 fugite
2631 1743 2925 1808 invidiam,
2961 1756 3018 1799 et
3053 1756 3225 1799 estote
3277 1746 3369 1799 lilii
3417 1757 3698 1801 amatores

2110 1834 2280 1902 pacis,
2303 1843 2358 1888 et
2390 1835 2650 1902 proximis
2669 1836 2864 1891 vestris
2901 1850 2968 1890 ne
3003 1836 3386 1900 adversemini,
3423 1837 3692 1907 quoniam

2111 1924 2371 1993 perfectio
2409 1925 2536 1993 legis
2567 1935 2672 1988 est,
2709 1932 2766 1978 ut
2797 1925 3066 1979 sustineas
3087 1933 3140 1978 et
3167 1924 3359 1996 diligas
3380 1926 3695 1994 proximum

2113 2023 2262 2066 tuum
2292 2013 2356 2066 ³⁵.
2391 2012 2738 2082 Nequaquam
2773 2014 3004 2083 duplicis
3042 2014 3224 2068 cordis
3269 2015 3390 2068 sitis
3413 2053 3428 2078 ,
3463 2025 3524 2069 ut
3571 2016 3698 2069 sitis

2112 2105 2298 2160 fortes.
2345 2102 2424 2159 Ne
2469 2105 2595 2158 mali
2628 2104 2747 2158 sitis
2788 2105 2839 2158 in
2871 2106 3127 2170 invicem,
3163 2106 3290 2176 quia
3324 2107 3487 2160 homo
3515 2108 3698 2160 malus

2111 2213 2331 2253 amarus
2361 2208 2444 2253 est
2495 2207 2608 2253 tota
2655 2200 2764 2251 vita
2798 2214 2916 2266 sua,
2954 2209 3008 2252 et
3038 2199 3263 2254 festinus
3291 2212 3373 2256 est
3413 2203 3469 2256 in
3509 2203 3701 2272 operi-

2065 2359 2068 2362 .
2112 2291 2210 2345 bus
2276 2289 2634 2360 perditionis,
2685 2301 2740 2343 et
2789 2293 2912 2346 vitae
2953 2308 3172 2363 operam
3232 2294 3324 2348 dat
3376 2295 3626 2364 pessima
3680 2313 3695 2348 :

2112 2383 2360 2450 pretiosa:
2385 2391 2438 2436 et
2469 2383 2818 2438 honorabiles
2859 2393 2988 2438 sunt
3015 2387 3154 2452 apud
3188 2384 3334 2438 illum
3374 2385 3606 2453 injuriae,
3641 2397 3696 2439 ct

2114 2475 2165 2528 in
2201 2477 2377 2530 verbis
2412 2475 2658 2531 stultitia:
2697 2478 2984 2546 gloriatur.
3017 2477 3171 2531 Nunc
3203 2480 3409 2548 itaque,
3439 2480 3533 2532 lilii
3565 2481 3695 2543 mei,

2113 2569 2157 2623 si
2185 2568 2274 2636 qui
2306 2584 2371 2622 ex
2402 2565 2555 2622 vobis
2585 2573 2750 2622 vitam
2785 2583 2948 2639 agere
2984 2586 3148 2638 super
3179 2580 3379 2625 terram
3427 2572 3693 2642 deligunt,

2114 2661 2324 2714 fructus
2368 2675 2624 2730 agrorum
2677 2659 2904 2714 colendo
2933 2667 3028 2714 ant
3059 2661 3363 2725 vinearum,
3396 2677 3464 2715 ne
3507 2677 3698 2717 come-

2113 2752 2254 2807 datis
2281 2761 2335 2806 ct
2369 2751 2566 2806 bibatis
2597 2753 2716 2806 sine
2745 2767 3024 2819 mensura,
3055 2769 3122 2806 ne
3153 2753 3552 2808 obliviscamini
3591 2756 3700 2810 Do-

2116 2845 2319 2898 minum
2365 2845 2530 2899 Deum
2565 2854 2803 2898 vestrum
2858 2843 3017 2914 juxta
3058 2845 3223 2900 verba
3268 2846 3406 2900 sacri
3456 2845 3703 2917 Evange-

2116 2936 2169 2989 lii
2195 2937 2264 3002 ³⁵,
2301 2937 2396 2990 sed
2425 2936 2734 2991 laboremus
2773 2953 2938 3008 opere
2974 2953 3226 2992 manuum
3273 2946 3610 3003 nostrarum,
3639 2949 3704 2994 ut

2115 3027 2408 3083 offeramus
2439 3029 2668 3084 Domino
2697 3030 2968 3084 sacrificia
2998 3039 3053 3084 et
3082 3029 3398 3085 holocausta
3443 3031 3700 3098 pacifica,

2119 3119 2429 3187 utOptimus
2460 3130 2700 3175 nostram
2729 3122 2983 3175 exaudiat
3021 3123 3324 3176 orationem
3373 3121 3533 3185 Dens,
3567 3136 3700 3174 nos-

2117 3227 2221 3280 que
2246 3213 2530 3268 audiamus
2558 3229 2743 3268 vocem
2771 3215 2913 3267 illam
2945 3216 3114 3284 ipsius
3145 3214 3352 3268 dulcem
3384 3230 3396 3264 :
3432 3213 3589 3267 Beati
3620 3230 3704 3266 re-

2117 3302 2453 3355 ronciliantes
2487 3319 2665 3369 pacem
2694 3305 2836 3356 inter
2852 3304 3107 3370 homines,
3149 3306 3398 3374 quoniam
3438 3303 3704 3358 vocabim-

2119 3403 2205 3445 tur
2224 3394 2322 3462 filii
2349 3393 2448 3448 Dei
2468 3394 2534 3462 ³⁸,
2563 3396 2651 3465 qui
2677 3405 2760 3450 est
2783 3397 2921 3450 Deus
2946 3398 3095 3465 pacis
3117 3398 3168 3450 in
3192 3407 3476 3453 aeternum.
3504 3397 3700 3451 Amen-

2679 3549 2872 3589 SECTIO
2905 3550 3138 3592 οετΑνΛ.

2744 3628 2822 3681 De
2851 3629 3077 3680 silentio.

2191 3739 2419 3810 Sapiens
2449 3743 2645 3798 asserit
2685 3743 2938 3798 Salomon
2970 3742 3038 3807 ³⁷,
3079 3741 3436 3808 dilectissimi,
3483 3743 3704 3798 thesau-

2119 3844 2237 3884 rmn
2281 3832 2513 3886 electum
2550 3848 2670 3888 esse
2717 3834 2769 3888 in
2801 3849 2896 3888 ore
2937 3835 3236 3905 sapientis;
3271 3837 3419 3899 item,
3467 3835 3560 3904 qui
3594 3851 3704 3890 non

2118 3927 2297 3987 potest
2317 3922 2591 3976 custodire
2617 3937 2678 3976 os
2713 3937 2870 3977 suum
2903 3934 3066 3993 atque
3107 3923 3368 3992 linguam,
3400 3934 3612 3994 satagat
3636 3941 3704 3981 ne

2120 4011 2439 4079 multiplicet
2468 4014 2652 4067 verba.
2685 4013 2850 4079 Cave,
2890 4014 3070 4079 homo,
3099 4026 3153 4070 et
3177 4015 3371 4086 linguae
3397 4016 3702 4083 dominare,

2120 4105 2229 4156 nec
2277 4104 2604 4174 multiplices
2649 4106 2833 4173 verba,
2873 4123 2941 4161 ne
2982 4107 3302 4177 multiplices
3330 4109 3422 4163 tibi
3458 4117 3705 4178 peccata.

2118 4193 2208 4249 Ori
2243 4203 2334 4249 tuo
2377 4182 2516 4265 pone
2547 4197 2791 4268 digitum,
2823 4207 2876 4253 et
2906 4197 3116 4252 frenum
3161 4199 3354 4270 lingua:
3410 4211 3540 4266 tuae,
3579 4203 3704 4270 quia

2120 4285 2284 4340 homo
2321 4286 2668 4356 multiloquus
2711 4302 2972 4356 nusquam
3014 4285 3238 4356 Spiritui
3273 4298 3467 4343 sancto
3492 4289 3703 4342 inhabi-

2123 4377 2265 4430 tandi
2305 4379 2354 4431 in
2405 4393 2464 4432 se
2509 4379 2763 4448 relinquit
2816 4379 3013 4434 locum.
3065 4376 3236 4432 Noctu
3281 4379 3480 4448 diuque
3508 4395 3704 4434 nomen

443 4461 499 4505 et
525 4467 682 4508 aures
726 4453 842 4520 ejus
876 4456 1097 4512 intenta:
1142 4471 1268 4514 sunt
1316 4462 1384 4515 ad
1414 4478 1602 4519 eorum
1635 4469 1910 4526 orationes
1947 4472 2014 4526 ³¹.
2049 4509 2094 4562 D
2126 4468 2332 4523 Domini
2371 4480 2615 4525 versetur
2664 4472 2719 4524 in
2748 4486 2844 4526 ore
2871 4481 2983 4537 tuo,
3011 4480 3066 4526 et
3100 4472 3330 4539 spiritali
3369 4483 3487 4526 esto
3519 4475 3704 4527 condi~

446 4545 683 4610 Fratres,
717 4547 1100 4617 dignoscemus
1130 4564 1316 4619 pacem
1351 4552 1443 4608 Dei
1477 4563 1532 4608 ct
1563 4571 1914 4628 properemus
1948 4565 2014 4616 ad

445 4636 613 4700 illam,
656 4652 724 4691 ne
775 4639 931 4694 nobis
977 4641 1292 4710 objiciatur,
1337 4646 1480 4713 quod
1519 4662 1621 4714 pax
1667 4660 1851 4706 nostra
1912 4669 2010 4722 pax

445 4736 786 4794 peccatorum
819 4729 912 4796 sit,
943 4731 1380 4801 quandoquidem
1424 4735 1538 4804 ipse
1584 4738 1721 4793 dixit
1763 4757 1776 4793 :
1824 4737 2017 4795 Pacem

443 4833 609 4872 meam
639 4820 706 4872 do
731 4820 890 4884 vobis,
912 4829 986 4885 et,
1012 4839 1189 4888 pacem
1216 4841 1384 4879 meam
1410 4827 1647 4897 relinquo
1669 4831 1808 4884 vobis
1833 4832 1896 4885 ³¹.
1922 4832 2017 4886 Eia

443 4923 592 4976 ergo,
632 4910 852 4974 fratres,
881 4913 1063 4965 venite
1093 4928 1108 4965 :
1141 4929 1325 4968 vermn
1359 4917 1604 4974 ineamus
1639 4932 1934 4988 certamen,
1962 4934 2020 4978 ut

443 4999 600 5053 nobis
651 4999 852 5055 Christi
914 5003 1243 5058 retineamus
1301 5021 1511 5076 pacem,
1563 5011 1686 5079 quia
1739 5027 1844 5082 pax
1900 5015 2017 5070 haec

444 5089 727 5143 descendit
754 5105 784 5144 a
825 5089 986 5145 Patre
1017 5091 1282 5148 luminum
1315 5096 1383 5162 ⁸⁸,
1407 5108 1460 5152 et
1497 5097 1644 5170 Rege
1670 5104 2014 5159 saeculorum.

445 5181 675 5234 Amator
714 5181 867 5250 pacis
889 5180 1000 5249 jam
1030 5198 1258 5239 consors
1281 5186 1503 5244 ell‘eetus
1531 5201 1610 5245 est
1641 5193 1816 5247 dilecti
1844 5193 2020 5250 Patris

446 5265 572 5322 Jesu
600 5269 806 5324 Christi
836 5278 998 5339 atque
1024 5273 1360 5343 angelorum,
1386 5280 1654 5350 nullisque
1683 5283 1912 5340 allicitur
1937 5288 2018 5340 in-

443 5361 777 5430 commodis;
823 5363 911 5418 ubi
963 5378 1152 5420 osores
1185 5369 1336 5436 pacis
1376 5370 1575 5426 invidia
1623 5383 1676 5429 et
1724 5379 2014 5446 perturba-

444 5449 680 5508 tionibus
707 5463 1111 5523 retorquentur.
1141 5455 1373 5530 Propter
1400 5461 1654 5518 invidiam
1684 5477 1861 5523 autem
1895 5487 2014 5540 quae

514 5607 558 5638 "
601 5606 770 5686 Levi}.
814 5626 889 5680 xi,
929 5611 1169 5686 όιξχικ,
1202 5614 1270 5679 2;
1301 5632 1391 5684 xx,
1417 5619 1480 5683 7;
1557 5619 1574 5674 l
1610 5620 1727 5678 Pet.
1762 5641 1801 5686 ι,
1838 5626 1923 5680 l6.

441 5676 552 5757 ξιλ
636 5681 680 5709 ’³
711 5677 968 5757 [ιυρέξνκ
1093 5753 1108 5757 _
1133 5685 1176 5714 ³⁰
1223 5676 1388 5741 ΡείιΙᾘ
1421 5676 1542 5757 civ,
1598 5693 1684 5747 15.

445 5746 491 5775 ³⁵
514 5749 671 5802 Boni.
704 5764 818 5808 xm.
849 5746 961 5804 20,
1020 5754 1064 5785 ³⁸
1090 5753 1219 5809 Luc.
1258 5772 1366 5827 χχι,
1395 5759 1484 5816 54.
1531 5746 1596 5794 ’³⁸
1628 5746 1814 5821 Matth.

1767 5641 1807 5726 ξι
1838 5631 1980 5726 ‘3'...
2009 5631 2292 5726 ’°-.'__‘-‘_3.f"‘-
2329 5650 2412 5726 Ην
2443 5637 2528 5726 ιεῑτ

1793 5698 1807 5727 ¹
1859 5698 2002 5754 l’sal.
2061 5718 2262 5766 χχχιιι,
2327 5707 2413 5766 15.
2473 5709 2558 5764 16.

1804 5808 1814 5820 .
1857 5785 1905 5833 v,
1943 5775 1994 5825 υ.
2096 5774 2136 5804 ³⁷
2163 5773 2319 5832 l't‘ov.
2358 5794 2409 5834 χ.
2441 5780 2530 5834 9.0.

2309 5821 2319 5832 ο
2358 5817 2409 5845 ﬂ,
2445 5817 2530 5834 αν.

2127 4571 2212 4613 tus
2242 4562 2455 4634 sale_“,
2488 4573 2546 4616 ut
2585 4574 2876 4634 cognoscat
2923 4565 3288 4634 unusquisque
3313 4565 3706 4619 continentiam

2119 4662 2288 4705 tuam.
2343 4619 2399 4706 ᾖ
2453 4654 2574 4722 quis
2629 4656 2732 4708 tiro
2784 4655 2959 4710 adhuc
3009 4666 3181 4710 tecum
3230 4660 3456 4725 loquens
3507 4667 3559 4712 te
3619 4674 3706 4710 ro-

2120 4745 2328 4812 gaverit
2381 4746 2604 4800 verbum
2662 4747 2874 4816 aliquod
2927 4748 2980 4801 in
3031 4762 3138 4817 quo
3182 4757 3266 4802 est
3329 4748 3539 4803 lucrum
3593 4754 3702 4803 ani-

2121 4851 2240 4899 mae,
2293 4838 2557 4905 responde
2611 4838 2723 4903 illi;
2780 4839 2862 4893 sin
2911 4855 3040 4893 vero
3085 4840 3288 4894 nullum
3343 4850 3429 4895 est
3473 4841 3687 4896 lucrum

2126 4936 2242 4983 esto
2267 4940 2324 4980 ut
2350 4931 2548 4984 surdus
2596 4932 2688 5001 qui
2738 4949 2843 4985 non
2873 4933 3042 4996 audit,
3074 4942 3130 4986 et
3186 4944 3242 4986 ut
3275 4944 3457 4988 mutus
3487 4936 3578 5003 qui
3603 4951 3709 4988 non

2125 5017 2383 5088 loquitur.
2431 5020 2524 5074 Eia
2580 5038 2722 5077 nunc
2776 5023 2960 5094 igitur,
3005 5025 3096 5078 lilii
3152 5025 3278 5089 mei,
3333 5041 3519 5081 veram
3553 5030 3708 5083 vobis

2117 5123 2428 5180 comparate
2469 5115 2796 5182 doctrinam,
2853 5125 2912 5169 ut
2943 5117 3062 5171 sitis
3114 5116 3338 5186 perfecti
3383 5137 3398 5174 :
3463 5119 3707 5189 impense

2118 5203 2344 5271 quaerite
2378 5203 2663 5259 veritatem
2710 5214 2765 5260 et
2829 5207 3321 5274 mansuetudinem,
3377 5216 3436 5262 ut
3478 5208 3705 5280 implea-

2125 5298 2254 5350 mini
2281 5299 2455 5356 bonis.
2479 5299 2577 5366 Qui
2607 5314 2784 5357 autem
2840 5303 2964 5358 silet
3015 5307 3208 5359 sedens
3233 5320 3416 5360 coram
3448 5306 3580 5371 Deo,
3612 5308 3701 5361 ad-

2127 5385 2437 5454 implebitur
2473 5391 2538 5443 de
2567 5389 2656 5443 illo
2683 5392 2904 5447 verbum
2949 5395 3210 5464 scriptum
3257 5414 3271 5450 :
3303 5395 3451 5451 Beati
3476 5399 3570 5467 qui
3607 5399 3696 5450 mi-

2125 5479 2450 5534 serebuntur
2472 5481 2578 5536 illis
2605 5496 2825 5554 prapter
2854 5487 3101 5542 timorem
3131 5488 3175 5520 '°
3206 5488 3515 5558 Deijudicis
3556 5490 3702 5542 vivo-

2609 5641 2652 5672 ¹⁷
2690 5639 2705 5692 1
2735 5642 2945 5710 Cor.vr,
2981 5645 3066 5701 l9.
3145 5645 3190 5678 ’⁸
3219 5645 3360 5700 Psal.
3390 5651 3575 5707 vam,
3615 5645 3701 5707 l5,

2657 5711 2700 5741 ³¹
2742 5712 2898 5766 Joan.
2947 5730 3056 5776 xrv,
3105 5716 3192 5770 27.
3311 5717 3354 5746 ³³
3395 5715 3510 5769 Jac.
3545 5734 3582 5780 ι,
3619 5718 3697 5770 Π.

2612 5783 2654 5812 ³*
2686 5785 2890 5837 Coloss.
2922 5800 2994 5850 tv,
3025 5788 3074 5840 6.
3156 5785 3369 5855 "dudm
3398 5788 3469 5841 25
