3868 6282
181 305 290 366 κθ

1169 301 1228 354 S.
1267 295 1547 352 ANTONII
1583 293 1649 349 Μ.
1690 289 1981 346 ΛΒΒᾹἹῚΒ
2023 285 2412 344 δειιιιοΝεε.

3310 285 3420 342 970

185 442 303 482 rum
332 435 388 480 et
421 435 755 479 mortuorum
788 421 922 490 :qui
968 429 1146 475 autem
1191 418 1446 488 adimplet
1466 415 1749 470 consilium
1779 417 1825 471 Α
1854 408 2102 462 habitare
2131 421 2250 459 cum
2297 418 2614 459 susurrone.
2650 403 3001 472 Blasphemus
3040 411 3199 470 atque
3231 390 3418 474 tyran.

185 528 448 582 pistorum
487 517 604 570 sine
634 516 1001 584 corruptione,
1035 513 1180 566 vivet
1227 512 1279 566 in
1307 520 1567 564 mternum
1605 523 1667 562 ac
1699 508 1752 560 in

185 608 459 665 sarculum.
493 607 684 662 Amen.

787 714 974 755 SEC'I’IO
1008 714 1164 755 NONA.

188 791 256 846 In
300 808 404 861 qua
440 790 644 861 solatur
673 806 793 843 eum
831 791 918 858 qui
959 806 1012 843 se
1045 788 1282 861 religioni
1303 786 1518 861 addicil_
1533 783 1757 851 propria:

378 860 562 914 salutis
595 876 779 919 causa,
815 855 905 911 nec
933 855 1216 927 perseverat
1240 859 1294 910 in
1323 855 1568 923 peccatis.

260 951 407 1004 Dixit
441 948 649 1003 Psaltes
698 965 712 1002 :
755 947 948 1002 Servite
983 947 1204 1000 Domino
1242 949 1298 999 in
1332 946 1514 998 timore
1546 958 1563 995 :
1597 955 1641 994 et
1671 956 1760 993 ea:-

188 1039 388 1094 sultate
435 1039 482 1092 ei
534 1053 652 1091 cum
697 1047 923 1091 tremore
950 1038 1019 1089 ".
1079 1034 1356 1105 Scriptura
1387 1033 1547 1088 etiam
1585 1031 1756 1085 dicit:

197 1129 282 1184 Ne
307 1129 470 1182 alium
520 1127 705 1181 colatis
751 1125 918 1180 Deum
944 1135 1131 1194 pra’ter
1156 1140 1236 1178 me
1264 1123 1331 1177 δ’.
1357 1121 1584 1192 Expedit
1607 1119 1762 1174 nobis

195 1237 348 1287 ergo,
385 1220 580 1274 fratres
625 1218 982 1280 dilectissimi,
1043 1216 1245 1271 servire
1302 1214 1410 1269 Deo
1451 1227 1467 1267 :
1505 1214 1759 1282 quoniam

197 1312 382 1364 melius
437 1321 532 1374 est,
576 1311 652 1364 uti
704 1309 960 1362 scribitur
989 1307 1055 1370 δ’,
1107 1306 1368 1375 conﬁdere
1414 1306 1469 1358 in
1519 1303 1760 1365 Domino,

197 1417 355 1470 quam
383 1400 643 1466 conﬁdere
676 1396 731 1450 in
789 1395 1104 1449 hominibus.
1141 1393 1217 1447 Ne
1256 1392 1470 1448 solliciti
1523 1407 1653 1461 ergo
1687 1391 1763 1443 si-

201 1507 320 1545 lllllS
352 1491 555 1546 servire
585 1488 915 1554 hominibus,
959 1502 1024 1540 ne
1058 1487 1108 1538 in
1153 1487 1372 1554 laqueos
1403 1499 1588 1538 eorum
1626 1481 1765 1535 inci-

199 1577 413 1640 damus,
442 1590 739 1644 pravasque
767 1575 1002 1643 ipsorum
1029 1573 1513 1643 concupiscentias.
1549 1571 1627 1626 Ne
1649 1587 1767 1623 am-

201 1670 354 1724 bules
392 1678 514 1737 post
576 1667 1062 1736 concupiscentiam
1112 1667 1259 1719 visus
1308 1664 1581 1718 oculorum
1646 1673 1766 1715 tuo-

203 1779 347 1821 rum.
375 1777 474 1816 nec
507 1777 600 1816 cor
629 1770 779 1814 tuum
809 1758 1089 1819 dissolvas,
1127 1773 1195 1812 ne
1219 1757 1426 1812 incidas
1467 1757 1519 1811 in
1546 1757 1659 1810 loca
1688 1764 1766 1810 te-

205 1855 493 1908 nebrarum
540 1852 702 1906 fumis
731 1850 886 1920 plena
929 1850 978 1902 in
1007 1860 1288 1903 a‘ternum.
1320 1847 1766 1916 Concupiscentia

205 1959 436 2012 namque
469 1943 606 1997 mala
655 1958 750 1997 cor
805 1942 1082 2010 pervertit,
1109 1949 1160 1996 et
1213 1951 1444 1993 mentem
1480 1947 1766 2006 permutat.

205 2033 444 2103 Longius
474 2034 636 2102 igitur
668 2033 906 2087 recedizc
941 2032 1007 2084 ab
1038 2045 1124 2093 ea,
1157 2045 1225 2083 ne
1257 2028 1346 2082 Dei
1381 2027 1691 2081 inhabitans
1714 2027 1768 2079 in

205 2124 358 2178 vobis
387 2125 650 2178 irascatur
675 2123 929 2192 Spiritus.
963 2121 1068 2177 Vos
1096 2131 1295 2183 autem,
1337 2119 1428 2173 filii
1460 2119 1586 2184 mei,
1618 2132 1772 2186 aequo

207 2215 440 2284 fortique
468 2225 640 2270 estote
699 2215 900 2278 animo,
929 2223 983 2268 et
1015 2213 1286 2268 diabolum
1341 2211 1494 2266 flocci
1548 2212 1728 2265 ducite
1753 2249 1769 2273 ,

207 2304 460 2371 quoniam
527 2304 783 2357 habemus
829 2302 1163 2368 Creatorem,
1215 2301 1306 2371 qui
1353 2311 1548 2370 praesto
1575 2311 1659 2354 est
1707 2300 1773 2354 ad

207 2410 362 2463 Opem
391 2395 546 2450 nobis
572 2395 868 2458 ferendam,
910 2405 969 2448 ut
1007 2393 1122 2462 ejus
1154 2392 1415 2448 faciamus
1444 2393 1771 2447 voluntatem

210 2497 264 2540 et
286 2495 479 2541 cuncta
516 2487 847 2555 beneplacita
896 2487 1043 2542 omni
1087 2495 1346 2555 tempore.
1381 2485 1560 2550 Quare
1595 2485 1776 2538 excla-

213 2593 425 2632 n-icmus
451 2579 692 2631 dicentes
727 2595 741 2631 :
774 2578 910 2631 Deus
938 2578 1031 2640 nti,
1067 2593 1159 2646 ego
1182 2593 1298 2631 sum
1333 2591 1527 2638 servus,
1557 2584 1605 2627 et
1633 2573 1776 2641 [ilius

211 2666 419 2721 ancilla:
453 2678 556 2720 tute
579 2667 646 2718 ⁸³.
673 2666 811 2720 Deus
844 2666 934 2736 qui
966 2665 1110 2720 solus
1138 2665 1352 2732 sapiens
1384 2671 1488 2727 est,
1509 2663 1780 2716 custodiat

211 2773 330 2823 vos,
360 2768 417 2810 ut
450 2759 772 2812 excrescatis
824 2759 875 2810 in
906 2758 1160 2824 operibus
1196 2755 1404 2811 Domini
1436 2755 1606 2813 nOSll'i
1653 2753 1778 2810 Jesu

213 2850 436 2918 Christi,
465 2851 548 2910 cui
581 2850 748 2920 gloria
779 2851 828 2904 in
861 2860 1142 2904 aeternum.
1177 2849 1367 2904 Amen.

785 3002 973 3043 θεοτιο
1001 3002 1216 3043 DECIMA.

311 3122 526 3192 Oportet
554 3139 646 3175 nos
669 3121 952 3186 plurimum
991 3139 1171 3177 cavere
1192 3139 1223 3175 a
1249 3123 1439 3193 linguis
1469 3123 1679 3176 nostris.

286 3214 542 3268 Dominus
572 3223 755 3268 noster
784 3213 938 3268 Jesus
959 3214 1209 3270 Christus
1231 3215 1281 3267 in
1308 3230 1406 3269 suo
1428 3229 1583 3268 sacro
1615 3213 1784 3267 Evan-

216 3305 360 3373 gelio
391 3305 546 3359 nobis
579 3304 710 3357 dicit
755 3321 768 3356 :
818 3302 1018 3357 Intrate
1049 3321 1140 3372 per
1180 3315 1456 3374 angustam
1495 3303 1779 3372 portam“.

220 3397 360 3450 Dicit
390 3398 513 3450 item
547 3410 563 3448 :
598 3393 701 3449 Per
721 3396 914 3448 multas
953 3394 1315 3449 lribulationes
1353 3404 1548 3463 oportet
1573 3411 1664 3449 nos
1701 3395 1785 3447 iu-

218 3500 362 3542 trare
386 3489 442 3541 in
489 3504 704 3556 regnum
728 3488 796 3542 ⁸³.
854 3488 992 3553 Quid
1029 3497 1208 3541 autem
1249 3488 1319 3542 sit
1358 3499 1512 3556 porta
1559 3497 1784 3557 angusta

218 3595 318 3650 per
349 3594 508 3648 quam
539 3578 693 3633 nobis
730 3579 1038 3632 intrandum
1072 3589 1173 3643 est,
1204 3579 1403 3633 fratres
1428 3578 1784 3641 dilectissimi,

180 3681 185 3685 '
220 3670 278 3727 id
312 3671 465 3724 nobis
499 3669 720 3738 sapiens
767 3669 1022 3724 Salomon
1074 3671 1265 3738 aperit,
1301 3671 1429 3723 dum
1471 3670 1600 3724 dicit
1630 3687 1643 3724 :
1679 3668 1788 3721 Fili

222 3757 316 3821 mi,
339 3771 400 3810 ne
437 3757 708 3824 permittas
731 3759 823 3809 ori
852 3767 962 3820 tuo,
988 3765 1042 3808 ut
1069 3759 1359 3824 aperiatur,
1385 3773 1448 3810 ne
1465 3768 1635 3826 peccet
1665 3775 1788 3812 caro

223 3857 314 3900 tua
351 3846 418 3900 ⁸⁸.
464 3845 683 3901 Necnon
735 3865 748 3901 :
788 3845 860 3901 Os
894 3848 1064 3911 stulti,
1098 3848 1341 3900 contritio
1367 3847 1482 3916 ejus
1509 3847 1576 3900 ⁸⁷.
1620 3846 1788 3902 Adni-

225 3949 404 3994 tamur
429 3956 556 4010 ergo
583 3941 766 3995 oribus
789 3941 989 3994 nostris
1017 3940 1213 3994 fortem
1235 3953 1434 4009 ponere
1467 3941 1789 4004 custodiam,

225 4049 294 4088 ne
320 4033 444 4086 mali
471 4033 761 4102 quidquam
791 4032 1147 4101 proferamus,
1180 4031 1431 4098 quoniam
1458 4045 1636 4084 sermo
1664 4046 1790 4098 pra-

227 4139 328 4179 vus
357 4124 566 4179 cunctis
593 4124 812 4177 venenis
841 4122 989 4192 pejor
1020 4133 1121 4177 est.
1151 4121 1340 4176 Omnia
1365 4122 1582 4175 vulnera
1602 4139 1795 4176 curan-

227 4225 342 4282 tur;
375 4215 564 4269 vulnus
619 4228 748 4268 vero
770 4213 964 4280 linguae
1011 4212 1214 4267 nullam
1245 4215 1578 4267 curationem
1614 4215 1792 4270 habet.

227 4306 432 4375 Lingua
465 4305 719 4360 draconis
747 4312 972 4373 prmstat
1027 4304 1206 4374 lingua
1238 4304 1570 4368 susurronis,
1597 4306 1685 4372 qui
1716 4314 1799 4358 est

1861 513 1961 552 nus
1989 496 2237 550 meliores
2261 503 2389 550 sunt
2437 507 2752 547 susurrone.
2799 493 2992 547 Omnia
3024 490 3244 561 peccata
3269 509 3421 546 mur-

1857 590 2161 644 muratione
2191 598 2315 642 sunt
2354 586 2584 639 minora.
2638 584 2873 639 Susurro
2899 594 2955 639 et
2987 585 3078 654 qui
3133 585 3232 655 ipsi
3263 600 3426 641 aures

1858 683 2082 751 praebet,
2113 682 2355 735 eamdem
2392 677 2634 732 referunt
2660 675 3183 731 condemnationem.
3251 676 3423 744 Expe-

1860 772 2092 826 dientius
2119 769 2212 824 tibi
2252 769 2427 823 estad
2451 768 2626 836 ignem
2653 765 2907 820 accedere
2926 773 2980 819 et
3005 766 3275 829 comburi,
3322 781 3422 834 po-

1870 863 1979 916 tius
2013 875 2174 931 quam
2220 859 2476 914 accedere
2504 859 2570 912 ad
2618 871 2988 912 susurronem.
3039 856 3096 910 Si
3141 856 3430 912 incesseris

1861 967 2026 1023 super
2056 953 2231 1022 picem
2259 950 2603 1004 ebullientcm
2647 949 2850 1016 tibique
2879 947 3112 1011 caveris,
3141 947 3293 1001 facile
3322 947 3431 1002 sal-

1861 1058 1964 1098 vus
1989 1043 2182 1098 evades
2210 1060 2222 1094 :
2251 1050 2307 1094 at
2344 1041 2386 1094 si
2411 1054 2536 1093 casu
2569 1039 2848 1093 transieris
2871 1053 3035 1106 prope
3057 1052 3427 1099 susurronem,

1864 1131 2021 1203 longe
2071 1129 2265 1184 recede
2300 1128 2503 1192 abillo,
2539 1142 2604 1181 ne
2634 1127 3120 1183 irremediabilibus
3164 1138 3214 1182 te
3259 1127 3431 1196 plagis

1866 1225 2067 1284 tradat,
2101 1221 2224 1289 quia
2251 1234 2314 1274 os
2338 1217 2453 1287 ejus
2479 1219 2622 1271 omni
2652 1226 2891 1286 tempore
2916 1217 3128 1287 plenum
3155 1229 3238 1272 est
3259 1218 3432 1271 Immi-

1864 1295 2020 1369 cidiis
2055 1322 2111 1365 et
2136 1311 2433 1364 fraudibus.
2461 1309 2820 1374 Quamobrem
2852 1309 3001 1361 vobis
3025 1309 3211 1361 stricte
3241 1311 3431 1375 praeci-

1865 1405 1974 1474 pio,
1999 1413 2059 1456 ut
2085 1401 2320 1454 maxima
2361 1415 2463 1467 qua
2499 1399 2720 1468 potestis
2769 1398 2913 1468 fuga,
2948 1413 2978 1450 a
3007 1397 3295 1452 sustinente
3339 1411 3433 1450 vos

1868 1495 2183 1563 recipiatis;
2217 1493 2513 1546 monachus
2573 1492 2644 1545 sit
2678 1490 2784 1554 ille,
2836 1491 3179 1551 anachoreta,
3227 1489 3305 1543 vel
3338 1489 3436 1544 de-

1867 1597 2107 1647 certans,
2147 1585 2259 1638 sive
2284 1583 2538 1648 novitius,
2586 1581 2876 1636 dummodo
2905 1596 3127 1635 susurro
3153 1590 3256 1646 est,
3285 1583 3431 1650 quis-

1871 1678 1992 1746 quis
2025 1677 2115 1740 sit,
2146 1675 2270 1744 fuge
2296 1673 2469 1739 illum,
2495 1673 2598 1727 etsi
2627 1682 2782 1741 pater
2801 1671 2960 1725 fuerit
2981 1680 3104 1724 tuus
3129 1671 3209 1723 vel
3237 1670 3435 1734 frater;

1799 1767 1842 1822 Β
1871 1782 2095 1824 susurro
2120 1778 2224 1830 est,
2259 1765 2415 1835 longe
2453 1775 2504 1818 te
2529 1765 2596 1818 ab
2619 1765 2736 1833 ipso
2766 1763 3008 1832 recipito.
3045 1762 3268 1830 Expedit
3295 1762 3437 1815 enim

1871 1857 2040 1926 magis
2079 1855 2402 1910 commorari
2447 1867 2571 1908 cum
2628 1853 2783 1906 leone
2821 1861 2875 1905 et
2903 1851 3088 1912 lea-na,
3131 1866 3291 1919 quam
3317 1864 3440 1904 cum

1872 1961 2185 2005 susurrone.
2212 1945 2322 2001 Nec
2371 1955 2425 2000 te
2462 1944 2661 2012 pudeat
2687 1943 2808 2012 fuga
2857 1943 2925 1996 ab
2955 1941 3043 1995 illo
3071 1942 3342 2006 recedere,
3376 1955 3443 1995 ne

1871 2038 2086 2109 peccati
2112 2052 2319 2092 veneno
2349 2045 2400 2090 te
2429 2035 2652 2090 inliciat.
2676 2035 2773 2088 Eia
2809 2033 2991 2103 igitur,
3015 2032 3108 2086 lilii
3140 2032 3266 2098 mei,
3297 2047 3443 2086 mur-

1875 2131 2231 2186 murationem
2264 2130 2451 2200 fugite,
2475 2139 2531 2183 et
2566 2127 2782 2183 silentio
2805 2135 2998 2180 navale
3019 2140 3238 2194 operam
3264 2141 3279 2190 ;
3317 2125 3443 2193 quia

1875 2223 2090 2278 silentio
2117 2222 2332 2276 deditus
2363 2235 2529 2290 prope
2558 2219 2726 2274 Deum
2760 2229 2844 2272 est
2875 2227 2930 2273 et
2976 2217 3196 2286 angelos
3227 2217 3366 2285 ejus,
3389 2225 3446 2270 et

1875 2315 1930 2370 in
1961 2314 2244 2368 altissimis
2273 2313 2586 2368 collocatus.
2622 2311 2876 2365 Dominus
2913 2318 3090 2363 autem
3127 2308 3279 2370 dicit,
3303 2305 3447 2377 quod

1879 2414 2008 2458 tunc
2039 2402 2310 2458 custodiet
2337 2402 2453 2455 vias
2481 2408 2618 2462 tuas,
2649 2399 2863 2467 quando
2886 2397 3000 2465 ipse
3033 2405 3153 2450 tuos
3176 2394 3448 2450 custodies

1884 2509 2165 2551 sermones
2193 2492 2264 2544 ".
2287 2493 2549 2558 Dicetque
2583 2490 2736 2543 nobis
2760 2499 3045 2556 propterea
3072 2488 3123 2540 in
3151 2487 3237 2541 die
3272 2487 3449 2540 visita-

1881 2587 2043 2642 tionis
2071 2593 2272 2640 nostra:
2322 2605 2333 2638 :
2383 2582 2584 2637 Beatus
2610 2596 2694 2642 es,
2752 2580 2938 2644 Israel,
2999 2581 3088 2647 qui
3125 2579 3359 2632 custodis
3389 2591 3452 2632 os

1879 2688 2054 2732 tuum.
2084 2675 2216 2742 Quis
2239 2673 2433 2729 similis
2470 2682 2554 2727 est
2584 2671 2703 2724 tui?
2759 2671 2898 2724 Deus
2931 2681 3109 2724 autem
3156 2685 3249 2725 vos
3273 2677 3450 2724 servet

1882 2782 2014 2838 pace
2041 2782 2137 2822 sua
2171 2776 2334 2835 atque
2361 2763 2552 2835 gratia.
2582 2765 2775 2815 Amen.

2410 2870 2596 2909 SECTIO
2630 2867 2920 2908 UNDECIIA.

2054 2949 2128 3001 De
2153 2947 2412 3014 sapientia
2441 2956 2488 2999 et
2528 2944 2900 3013 intelligentia,
2929 2959 3018 2994 seu
3046 2944 3287 2997 scicntia.

1959 3040 2101 3096 Dicit
2149 3039 2368 3107 sapiens
2415 3036 2670 3092 Salomon
2696 3035 2740 3067 λθ
2772 3051 2786 3087 :
2820 3033 3151 3101 Principium
3186 3035 3456 3103 sapientia!

1806 3098 1852 3156 ϐ
1892 3143 1968 3186 est
2008 3133 2169 3184 timor
2200 3128 2434 3182 Domini.
2477 3127 2712 3182 Scientia
2766 3126 2950 3194 itaque
2997 3125 3235 3192 operanti
3268 3138 3458 3178 secun-

1889 3225 2017 3278 dum
2058 3221 2175 3286 eius
2225 3229 2446 3285 statuta,
2483 3219 2686 3286 optima
2737 3225 2840 3272 est.
2888 3215 3268 3269 Aitctiarn":
3304 3214 3459 3268 Omni

1887 3312 2157 3381 diligentia
2204 3310 2406 3363 custodi
2460 3325 2550 3362 cor
2581 3319 2767 3372 tuum,
2805 3306 3052 3377 quoniam
3097 3306 3293 3359 semita:
3341 3307 3460 3359 vita!

1887 3419 1951 3457 ea:
1988 3401 2067 3454 Itis
2116 3400 2421 3468 procedunt.
2469 3395 2604 3450 Nam
2654 3407 3071 3450 consentaneum
3133 3403 3254 3458 est,
3311 3403 3370 3448 ut
3409 3395 3461 3448 in

1889 3503 2075 3548 nostro
2106 3492 2367 3561 regimine
2401 3489 2617 3544 solliciti
2650 3489 2843 3550 simus,
2867 3503 2933 3541 ne
2958 3487 3108 3541 stulti
3141 3486 3460 3550 habeantur,

1896 3585 2094 3639 stultus
2126 3593 2304 3637 autem
2338 3581 2496 3635 nauci
2529 3581 2784 3643 ducitur;
2820 3578 3045 3647 ideoque
3071 3577 3288 3639 dicitur,
3322 3576 3464 3644 quod

1892 3677 2088 3732 stultus
2111 3686 2168 3730 et
2205 3675 2513 3728 lliSClhillUS
2560 3687 2662 3725 una
2716 3680 2964 3738 pereunt,
2993 3680 3046 3722 et
3109 3669 3160 3722 in
3199 3666 3342 3720 nullo
3370 3667 3466 3719 ho-

1893 3783 2026 3824 nore
2048 3769 2332 3822 habentur.
2364 3765 2504 3818 Dicit
2536 3773 2792 3833 praeterea
2835 3762 3087 3815 Salomon
3120 3779 3134 3815 :
3176 3759 3200 3812 l
3212 3777 3269 3813 ra
3324 3759 3468 3812 stulti

1892 3877 1952 3913 eo
1989 3859 2138 3927 pejor
2167 3867 2242 3911 est
2286 3856 2353 3906 δ’.
2402 3853 2618 3909 Necnon
2658 3871 2683 3936 ἱ
2729 3852 2906 3906 Durus
2930 3853 3084 3906 corde
3105 3852 3157 3904 in
3192 3849 3357 3902 multa
3385 3852 3467 3902 in-

1894 3949 2026 4002 cidet
2049 3948 2188 4001 mala
2210 3948 2256 3979 ⁵²
2282 3987 2298 4011 ,
2346 3955 2402 4001 et
2446 3945 2664 4000 ossibus
2689 3943 2806 4011 ejus
2839 3959 2943 3998 non
2980 3954 3061 3998 est
3084 3941 3309 4005 sanitas,
3376 3956 3462 3995 nev

1895 4053 2001 4107 que
2031 4037 2207 4090 anima
2243 4035 2358 4102 ejus
2385 4035 2622 4102 requiem
2679 4034 3041 4096 nanciscetur,
3095 4041 3152 4085 et
3201 4035 3250 4086 in
3299 4043 3471 4086 morte

1897 4129 2012 4196 ejus
2056 4143 2162 4182 non
2222 4139 2305 4181 est
2358 4127 2571 4195 requies
2607 4141 2781 4193 neque
2839 4126 3033 4180 honor.
3091 4125 3265 4179 llomo
3301 4125 3472 4178 elatus

1899 4219 2062 4272 corde
2091 4217 2340 4271 omnibus
2363 4225 2447 4270 est
2498 4229 2720 4279 exosus,
2753 4217 2893 4283 quod
2930 4230 3094 4284 opera
3143 4214 3286 4268 illius
3311 4215 3472 4268 nimis

1902 4307 2136 4363 fastuosa
2172 4307 2318 4392 sint;
2378 4315 2772 4375 proptereaque
2814 4306 2866 4359 in
2919 4305 3084 4360 multa
3132 4305 3322 4360 incidit
3356 4319 3487 4375 pcco

228 4417 257 4455 a
289 4401 522 4471 pessimo
550 4397 783 4463 diabolo,
825 4399 948 4466 quia
985 4398 1132 4452 rixas
1154 4406 1208 4452 et
1234 4397 1381 4451 acria
1413 4400 1711 4451 certamina
1744 4399 1794 4452 in
1830 4426 1875 4480 ι)
1902 4411 2041 4453 cata.
2091 4395 2284 4453 Omnia
2350 4408 2573 4466 peccata
2628 4411 2812 4450 coram
2867 4395 2977 4451 Deo
3025 4405 3152 4450 sunt
3200 4396 3474 4466 despecta,

229 4490 407 4546 medio
439 4489 639 4544 excitat
677 4487 930 4553 fratrum,
965 4496 1021 4543 et
1048 4487 1341 4543 seditiones
1369 4502 1434 4541 ac
1467 4487 1607 4542 mala
1629 4489 1794 4542 semi-

229 4590 325 4636 nat
351 4581 494 4635 inter
520 4579 794 4650 pacificos,
837 4586 892 4632 et
926 4579 1375 4648 congregationes
1419 4579 1648 4648 dissipat
1674 4578 1795 4646 plu-

229 4676 417 4729 rimas.
450 4673 507 4727 Si
536 4673 600 4726 ad
647 4681 700 4727 te
732 4672 878 4726 illum
930 4671 1135 4740 ingredi
1181 4672 1514 4740 permiseris,
1544 4671 1796 4726 omnibus

229 4765 579 4837 dignitatibus
612 4762 866 4834 spoliabit
895 4772 966 4816 te.
999 4761 1315 4828 Quicunque
1337 4761 1646 4815 snt'ielalem
1675 4777 1794 4814 cum

232 4859 326 4914 illo
356 4857 586 4918 iniverit,
611 4857 723 4925 jam
761 4853 1046 4909 homicidis
1076 4863 1127 4906 ct
1161 4853 1602 4906 ittlcrlicientibus
1629 4853 1804 4920 gladio

231 4951 411 5006 factus
436 4957 519 5003 est
540 4948 742 5009 socius,
779 4946 903 5014 quia
928 4945 1192 4999 homicida
1222 4951 1276 4996 et
1302 4957 1526 4997 susurro
1551 4944 1803 4997 eumdem

233 5043 539 5112 producunt
580 5039 850 5103 catulum;
892 5051 1016 5091 nam
1049 5037 1092 5088 si
1136 5034 1312 5105 gladio
1343 5049 1450 5088 non
1487 5035 1805 5088 interimunt

235 5146 309 5197 te,
345 5147 410 5186 eo
443 5140 495 5186 te
521 5131 787 5184 adducent
819 5127 1007 5183 eodem
1038 5127 1277 5180 vulnere.
1312 5123 1517 5194 Lingua
1555 5140 1806 5179 susurro-

234 5227 322 5282 nis
349 5225 489 5279 haud
521 5222 781 5278 absimilis
824 5229 908 5275 est
956 5219 1158 5273 morsui
1194 5216 1400 5270 colubri
1444 5233 1459 5269 :
1494 5215 1603 5270 imo
1639 5217 1809 5286 magis

232 5333 298 5373 cx
307 5316 456 5388 pedit
471 5314 716 5370 habitare
731 5327 852 5367 cum
868 5311 1088 5366 colubro
1107 5318 1162 5363 et
1181 5306 1490 5376 scorpione,
1509 5320 1668 5375 quam
1702 5321 1808 5360 una

313 5553 359 5582 ’θ
383 5555 520 5609 Psal.
552 5569 614 5618 ιι,
643 5553 730 5607 Η.
801 5551 844 5582 ⁸⁸
875 5549 1046 5605 Exod.
1075 5564 1168 5612 xx,
1193 5548 1247 5603 5.

236 5641 284 5668 η
320 5628 494 5681 Eccle.
529 5641 580 5689 v,
611 5624 664 5676 5.
755 5621 798 5652 ⁸⁷
830 5621 986 5675 Prov.
1017 5634 1170 5680 xvnl,
1205 5621 1256 5670 7.

241 5713 410 5762 xxvii,
464 5698 549 5751 ὃν
607 5693 652 5725 ⁸¹
678 5691 836 5745 Prov.
869 5690 1175 5750 xxv:rn,.li.

488 5791 758 5850 ΡΑτιιοι..
807 5790 924 5848 Gn.
974 5786 1104 5844 XL.

1322 5547 1367 5579 ι’
1400 5546 1536 5602 Psal.
1567 5559 1733 5609 vau,
1757 5545 1811 5599 8.

1248 5689 1292 5722 ⁸³
1322 5687 1480 5743 Prov.
1519 5701 1596 5751 Ix,
1620 5685 1669 5739 'l.

1888 5545 1932 5576 “
1956 5542 2098 5597 r’sal.
2135 5558 2258 5606 cxv,
2294 5545 2379 5598 16.

1365 5618 1408 5648 ⁸⁸
1435 5619 1590 5670 Prov.
1625 5631 1718 5669 xm
1746 5653 1762 5681 ,
1793 5616 1854 5681 3;
1889 5628 2004 5679 ιιι,
2026 5614 2115 5670 25.

1902 4492 1996 4544 sed
2025 4489 2267 4543 omnium
2314 4486 2799 4555 deSpicatissimum
2862 4494 2948 4540 est
2994 4487 3240 4554 superbia
3271 4486 3474 4544 cordis.

1903 4580 2220 4647 Quicunque
2276 4586 2370 4631 aut.
2422 4577 2559 4647 petit
2612 4586 2707 4630 aut
2759 4576 2852 4631 dat
2911 4578 3191 4632 consilium
3247 4579 3477 4646 superbo

1902 4670 2085 4736 corde,
2114 4668 2306 4723 similis
2335 4676 2417 4721 est
2443 4666 2736 4721 effundenti
2795 4682 2988 4734 aquam
3025 4669 3077 4722 in
3112 4684 3203 4722 vas
3235 4670 3477 4738 perfora-

1909 4770 2020 4812 tum
2049 4775 2063 4813 :
2095 4758 2176 4812 vel
2209 4758 2283 4812 illi
2316 4755 2509 4812 similis
2534 4768 2634 4822 est,
2677 4757 2766 4826 qui
2801 4758 3219 4813 transvolantcm
3247 4761 3477 4830 alloqui—

1905 4859 1993 4904 tur
2015 4864 2189 4904 avem.
2214 4848 2542 4904 Societatem
2565 4865 2686 4902 cum
2715 4850 2946 4904 dracone
2977 4859 3031 4902 et
3055 4851 3225 4922 hydro
3247 4853 3480 4919 pessimo

1908 4943 2066 5005 inire,
2095 4941 2472 5011 expedientius
2524 4950 2628 5005 est,
2655 4956 2815 5008 quain
2846 4956 2967 4996 cum
3011 4942 3244 5009 superbo
3269 4944 3433 4996 corde
3462 4960 3476 4996 :

1908 5048 2078 5104 quare
2121 5033 2460 5088 insensatum
2492 5032 2582 5101 qui
2651 5032 2850 5094 erudit,
2881 5035 3177 5101 exprobrat
3210 5033 3379 5102 legem
3410 5033 3511 5083 ⁸³..

1910 5126 2083 5178 Draco
2126 5125 2172 5178 si
2229 5124 2502 5178 hominem
2552 5125 2751 5177 nudum
2776 5123 2992 5187 viderit,
3018 5123 3200 5193 capite
3248 5123 3482 5176 demisso

1917 5217 2205 5270 retrocedit
2243 5234 2257 5270 :
2306 5225 2359 5268 at
2411 5215 2574 5269 homo
2603 5215 2870 5284 superbus
2897 5215 3065 5269 corde
3095 5215 3240 5267 nullo
3269 5216 3480 5280 capitur

1914 5307 2119 5376 pudore
2148 5315 2366 5378 propter
2393 5306 2782 5376 nequissimam
2810 5307 2988 5361 cordis
3009 5305 3126 5373 ejus
3150 5305 3480 5374 superbiam.

2455 5546 2502 5578 “
2521 5543 2711 5600 Matth.
2740 5561 2839 5609 vn,
2870 5547 2956 5604 15.

3034 5548 3082 5579 ⁸⁸
3099 5552 3217 5601 Act.
3251 5562 3362 5606 xrv,
3383 5546 3477 5603 21.

2221 5615 2265 5646 "
2292 5617 2448 5672 Prov.
2481 5631 2520 5684 t,
2550 5615 2602 5670 7.

2709 5615 2758 5647 ‘°
2794 5615 2953 5673 Prov.
2986 5633 3058 5684 IV,
3084 5619 3172 5672 ‘25.
3249 5617 3291 5648 ⁸⁸
3322 5619 3479 5673 Prov.

3092 5778 3161 5838 31
