3872 6278
430 323 541 382 97!

1527 312 1800 369 PATRES
1840 313 2134 369 [EGYPTII
2176 313 2445 370 SASCULI
2486 316 2575 373 IV.

3584 316 3693 374 972

434 438 704 496 .mabolus
755 437 919 492 etiam
948 435 1016 491 ob
1055 434 1236 489 cordis
1267 432 1349 487 sui
1381 429 1687 499 superbiam
1712 445 1743 485 e
1763 430 1901 486 caelo
1923 430 2018 485 de-
2046 436 2094 491 Α
2120 448 2287 487 meam
2316 435 2588 501 suscepisti
2617 450 2749 501 me,~
2777 444 2824 489 et
2846 436 3173 507 conﬁrmasti
3209 452 3289 492 me
3333 437 3391 491 in
3421 450 3691 505 conspectu

440 528 690 585 turbatus
719 537 824 583 est.
854 525 964 581 Vos
988 524 1112 593 ipsi,
1147 537 1242 581 vos
1272 522 1549 591 corrigite,
1590 532 1643 575 et
1667 530 1886 591 peccata
1917 536 2011 576 ve-

440 630 556 676 stra
578 633 760 675 coram
794 619 901 674 Deo
932 626 987 672 et
1019 614 1215 672 vestris
1238 613 1532 683 majoribus
1566 611 1928 677 confitemini,
1954 620 2014 665 ut

443 726 542 768 vos
567 711 678 780 ipse
705 708 927 772 exaltet,
957 706 1087 776 quia
1135 718 1379 759 summus
1408 702 1499 757 ille
1530 701 1584 756 in
1615 702 1769 756 ccelis
1802 709 1906 764 est,
1958 708 2013 754 et

439 803 672 859 humiles
699 817 729 855 a
770 802 928 871 longe
960 797 1201 866 respicit.
1250 796 1346 850 Eia
1377 809 1517 849 nunc
1544 792 1725 864 igitur,
1762 791 1855 845 lilii
1886 789 2009 853 mei,

440 895 786 951 decertamus
834 890 1131 946 secundum
1166 902 1346 941 veram
1408 885 1777 955 oplimamque
1799 881 2015 950 sapien-

432 983 593 1048 aiam,
625 996 693 1035 ne
716 980 782 1034 de
811 978 969 1033 nobis
1014 974 1374 1045 adimpleatnr
1413 970 1696 1035 Scriptura
1733 965 1825 1020 illa
1856 982 1870 1019 :
1911 962 2016 1019 Cor

436 1070 586 1125 stulti
622 1070 677 1123 in
708 1069 924 1123 sinistra
973 1065 1085 1136 ejus
1102 1065 1182 1131 “;
1238 1062 1334 1116 sed
1383 1067 1442 1113 ut
1471 1058 1535 1113 de
1563 1058 1718 1111 nobis
1744 1055 1956 1108 dicatur
1998 1071 2010 1107 ε

439 1161 752 1216 Intellectus
794 1158 1058 1226 sapientis
1091 1156 1145 1210 in
1177 1154 1366 1211 dextra
1400 1152 1537 1221 ejus.
1592 1149 1838 1215 Itemque
1885 1140 2015 1197 illud

438 1252 747 1307 Psalmista:
782 1268 795 1304 :
829 1248 1023 1302 Manus
1057 1257 1149 1301 tua
1180 1245 1394 1299 deducet
1437 1257 1541 1306 me,
1581 1248 1629 1294 et
1676 1238 1891 1292 dextera
1926 1243 2018 1286 tua

433 1341 660 1408 suscepit
706 1355 785 1394 me
820 1338 890 1392 ⁵⁸.
938 1336 1079 1392 Deus
1105 1344 1283 1389 autem
1309 1332 1382 1389 sit
1424 1330 1700 1386 vobiscum
1730 1323 2007 1381 omnibus.

433 1431 629 1484 Amen.

956 1528 1142 1571 SECTIO
1169 1523 1495 1568 DUODECIKA.

1003 1607 1080 1660 De
1114 1603 1452 1659 verecundia.

501 1701 694 1755 Sacrae
719 1684 970 1755 asserunt
1002 1695 1296 1764 Scripturae
1322 1692 1391 1756 “,
1417 1689 1686 1760 duplicem
1719 1701 1840 1743 esse
1872 1699 2020 1741 vere-

2114 534 2204 578 tuo
2234 526 2286 578 in
2315 534 2566 580 teternum
2594 527 2660 581 ⁸⁷.
2689 528 2888 582 Amen.

2549 632 2737 674 secrto
2775 635 2971 676 necum
3010 626 3232 675 τειιτιλ.

2672 706 2744 761 De
2774 725 2907 763 vana
2943 709 3132 779 gloria.

2187 796 2327 851 Dicit
2384 797 2667 866 propheta,
2720 795 2918 853 fratres
2956 797 3337 853 dilectissimi:
3372 797 3572 852 Panem
3600 800 3694 852 de-

2113 887 2443 942 siderabilem
2475 903 2578 941 non
2618 888 2816 941 comedi
2845 888 2914 948 ³³.
2954 904 3117 958 neque
3144 888 3365 959 gloriam
3418 890 3695 957 concupiui

2113 977 2383 1031 hominum
2403 978 2471 1032 ⁸⁸.
2512 976 2577 1031 Et
2606 977 2863 1032 Dominus
2920 987 3106 1031 noster
3137 976 3231 1046 qui
3268 978 3574 1031 animarum
3604 993 3697 1032 uo-

2115 1080 2350 1126 strarum
2382 1065 2852 1124 commiseratione
2908 1068 3143 1134 ducitur,
3173 1070 3226 1123 in
3258 1083 3416 1123 sacro
3450 1068 3696 1137 Evange-

2114 1160 2188 1217 lio
2215 1162 2346 1217 dicit
2373 1177 2389 1215 :
2428 1159 2518 1215 Va:
2554 1160 2716 1224 vobis,
2753 1161 2800 1213 si
2856 1160 3091 1215 dixerint
3125 1160 3190 1213 de
3219 1160 3360 1213 vobis
3383 1162 3519 1213 bona
3546 1161 3698 1214 verba

2115 1262 2162 1307 et
2187 1251 2479 1322 gloriﬁcent
2513 1267 2619 1316 vos,
2640 1258 2690 1304 et
2717 1250 2940 1320 gloriam
2972 1249 3064 1303 Dei
3096 1265 3197 1303 non
3218 1250 3462 1318 qua’retis
3492 1251 3561 1302 '°.
3599 1250 3697 1304 De-

2116 1353 2387 1399 certemus
2434 1342 2598 1413 igitur
2641 1356 2741 1397 nos
2793 1342 2955 1395 etiam
2978 1342 3060 1407 ;ad
3088 1350 3315 1395 mortem
3346 1355 3521 1410 usque
3551 1355 3699 1394 vana:

2119 1434 2303 1506 gloria:
2352 1434 2693 1497 obsistendo,
2742 1431 2969 1502 ejusque
3015 1432 3284 1502 pessimos
3312 1433 3701 1487 abscindamus

2119 1540 2323 1589 ramos,
2364 1540 2432 1579 ne
2468 1531 2536 1578 ad
2571 1524 2893 1594 supplicium
2927 1523 3309 1593 perducamur.
3347 1522 3497 1577 Vana
3532 1523 3698 1592 gloria

2120 1618 2372 1673 cordibus
2417 1616 2621 1670 nostris
2671 1614 2935 1669 dominari
2970 1614 3207 1670 assolet:
3247 1614 3333 1669 cui
3362 1628 3492 1670 vero
3525 1613 3694 1667 domi-

2121 1718 2248 1763 nata
2287 1718 2371 1763 est
2399 1722 2535 1761 vana
2564 1706 2756 1776 gloria,
2779 1707 2847 1761 ad
2877 1705 3384 1761 condemnationem
3415 1714 3502 1761 est
3529 1704 3692 1760 desti-

433 1791 728 1848 cundiam:
768 1804 872 1843 una
911 1801 979 1843 ex
1019 1801 1126 1856 qua
1186 1783 1460 1840 enascitur
1511 1790 1817 1853 peccaturo,
1852 1778 2010 1832 altera

2124 1808 2283 1853 natus
2329 1775 2738 1867 suppliciorum,
2792 1811 2858 1852 ac
2896 1811 3014 1851 sese
3061 1797 3114 1850 in
3167 1795 3494 1850 sacriﬁcium
3548 1792 3702 1851 oli'ert

444 1895 578 1937 vero
624 1893 689 1935 ex
744 1894 847 1948 qua
876 1877 1149 1932 enascitur
1196 1874 1368 1945 gloria
1408 1882 1464 1928 et
1504 1872 1697 1943 gratia.
1754 1871 2021 1925 Asserunt

434 1971 608 2027 etiam
660 1969 1080 2025 inverecundum
1122 1963 1374 2021 omnibus
1425 1978 1650 2018 exosum
1688 1962 2021 2030 despectum-

438 2076 551 2132 que
581 2075 741 2127 esse;
775 2058 1110 2114 verecundus
1135 2070 1263 2111 vero
1285 2053 1610 2109 verecundia
1641 2066 1739 2106 sua
1768 2050 1834 2105 ad
1864 2064 2019 2105 vere-

433 2154 690 2209 cundiam
712 2152 977 2207 elevatur.
1018 2146 1355 2202 Verecundia
1406 2146 1475 2201 ob
1508 2151 1850 2199 contractum
1890 2156 2018 2211 pec-

438 2250 622 2299 catum
648 2253 917 2309 verosque
940 2221 1146 2308 pudor,
1181 2246 1262 2291 est
1295 2235 1442 2291 utilis
1472 2232 1837 2299 verecundia;
1870 2246 2017 2287 vere-

436 2331 635 2388 cundia
669 2343 800 2384 vero
827 2343 895 2383 ex
926 2343 1031 2397 qua
1076 2325 1351 2381 enascitur
1387 2334 1691 2394 peccatum,
1727 2331 1811 2376 est
1843 2335 1907 2375 ea
1935 2334 2019 2374 ve-

433 2419 697 2477 recundia
752 2433 873 2488 quae
927 2416 1155 2484 impedit
1199 2429 1267 2469 ne
1310 2410 1649 2469 exsecutioni
1694 2410 2020 2463 mandentur

432 2510 533 2567 Dei
554 2520 840 2581 praecepta.
874 2506 995 2562 Filii
1030 2507 1157 2572 mei,
1188 2516 1394 2570 cavete,
1440 2521 1508 2560 ne
1559 2517 1776 2573 operam
1811 2501 2020 2571 injusti-

434 2603 525 2658 tia:
554 2603 762 2657 navetis
810 2609 866 2656 et
912 2597 1353 2669 oppressionibus
1403 2610 1466 2649 ac
1490 2594 1720 2663 judicio,
1746 2609 1847 2649 nec
1895 2608 2017 2647 cum

433 2693 668 2750 eliusore
696 2691 974 2761 sanguinis
1001 2686 1318 2751 ambuletis;
1363 2685 1456 2740 sed
1492 2685 1733 2739 ontnium
1780 2683 2016 2743 maxime

435 2799 660 2840 munera
712 2790 1080 2853 acceptantem
1120 2791 1175 2833 et
1224 2788 1563 2833 exercentem
1611 2780 1804 2831 usuras’
1831 2776 2017 2845 fugite,

423 2890 505 2931 «ne
528 2875 815 2946 capiamini
842 2888 1027 2927 amore
1054 2870 1286 2942 argenti,
1323 2871 1464 2923 sicut
1485 2868 1555 2921 illi
1591 2886 1605 2922 :
1634 2868 1895 2937 siquidem
1930 2882 2020 2921 ar-

426 2968 582 3039 ,genli
613 2982 766 3022 amor
796 2967 960 3021 multa
1003 2966 1115 3021 suis
1160 2964 1495 3018 amatoribus
1522 2962 1685 3019 infert
1714 2960 1876 3017 mala.
1913 2960 2020 3017 Ca-

432 3068 558 3113 vete
604 3074 672 3112 ne
732 3068 957 3127 propter
1004 3053 1386 3109 verecundiam
1437 3044 1811 3119 consentiatis,
1856 3062 2019 3123 atque

428 3150 776 3205 concurratis
809 3163 928 3202 cum
962 3146 1301 3203 multitudine
1368 3147 1420 3200 in
1448 3145 1625 3200 dolum
1666 3155 1721 3199 et
1750 3144 2006 3201 fraudem.

433 3239 635 3296 Cavete
667 3238 864 3304 adhuc,
912 3252 981 3292 ne
1042 3247 1261 3306 propter
1302 3234 1679 3293 verecundiam
1720 3237 1862 3303 quod
1924 3249 2015 3289 ve-

430 3341 607 3388 strum
638 3345 741 3386 non
773 3339 877 3394 est,
910 3328 1324 3397 concupiscatis.
1361 3328 1499 3382 0dio
1533 3341 1601 3380 ne
1636 3327 1836 3380 habeas
1858 3335 2015 3383 aetate

430 3431 738 3490 provectas,
780 3428 836 3474 et
869 3419 1074 3485 viduas,
1124 3433 1331 3472 necnon
1383 3431 1650 3486 pauperes
1700 3417 2015 3485 parentibus

422 3515 689 3581 orbatos;
742 3513 863 3583 fuge
912 3522 1088 3566 tamen
1143 3511 1357 3564 viduam
1414 3509 1639 3574 fatuam,
1675 3518 1728 3561 et
1784 3508 2015 3578 pupillos

435 3601 759 3669 cognitionis
787 3610 1057 3668 expertes.
1091 3597 1235 3652 Cave
1260 3597 1500 3661 omnino,
1526 3613 1592 3651 ne
1619 3596 1804 3666 litigiis
1833 3596 2013 3666 capia-

431 3691 531 3755 ris,
557 3693 651 3745 sed
682 3707 712 3745 a
747 3692 1185 3745 contentionibus
1238 3688 1394 3757 longe
1437 3687 1693 3742 recedito.
1731 3687 1863 3742 Cum
1897 3704 2012 3741 mu-

430 3780 564 3836 liere
602 3780 746 3835 fatua
778 3796 911 3836 cave
944 3780 1202 3850 loquaris.
1250 3787 1342 3832 aut
1382 3793 1502 3832 cunt
1531 3778 1835 3846 reprobata,
1870 3793 2011 3846 prae-

429 3877 617 3932 sertim
647 3884 850 3939 autem,
877 3890 995 3945 quae
1024 3873 1220 3943 injuria
1252 3871 1415 3927 allicit
1458 3874 1625 3939 viros,
1657 3875 2013 3943 quemadmo-

426 3968 556 4021 dum
595 3967 661 4021 de
686 3966 772 4020 illa
798 3967 1058 4035 scriptum
1095 3976 1199 4019 est.
1262 3964 1339 4019 Ne
1374 3972 1425 4018 te
1446 3964 1644 4033 pudeat
1672 3965 1923 4018 recedere
1945 3965 2012 4018 ab

430 4058 536 4112 illis
565 4057 656 4125 qui
704 4064 1067 4127 pervagantur
1109 4056 1160 4109 in
1215 4054 1428 4124 plateis,
1472 4068 1535 4108 ac
1561 4068 1660 4123 per
1680 4053 1930 4108 civitates
1954 4062 2007 4108 et

427 4149 749 4204 solitudines
787 4157 994 4214 errant,
1036 4149 1158 4215 quia
1190 4145 1407 4215 plurimi
1442 4143 1544 4198 hoc
1576 4143 1718 4213 capti
1769 4152 1897 4198 sunt
1926 4144 2007 4198 la-

422 4257 585 4309 queo.
647 4236 753 4297 Sed
783 4249 1118 4296 revertamur
1156 4254 1297 4294 nunc
1337 4238 1405 4292 ad
1454 4251 1573 4292 eam
1605 4237 2005 4304 verecundiam,

425 4350 545 4405 quae
574 4333 758 4404 gloriae
788 4342 841 4387 et
883 4332 1067 4403 gratiae
1098 4337 1181 4386 est
1219 4329 1396 4399 plena.
1450 4326 1529 4382 Ne
1552 4336 1604 4383 te
1635 4327 1798 4397 igitur
1826 4326 2006 4382 facere

2119 1888 2440 1960 praesidibus
2468 1888 2652 1957 abyssi
2686 1885 3018 1949 inferorum;
3047 1886 3347 1955 similisque
3364 1897 3447 1940 est
3469 1884 3699 1949 homini,

2118 1981 2211 2049 qui
2243 1994 2437 2050 aquam
2468 1980 2685 2050 reponit
2712 1981 2777 2035 ad
2808 1993 2960 2034 suam
2993 1978 3139 2033 sitim
3171 1977 3454 2032 levandam
3486 1977 3545 2031 in
3574 1989 3700 2030 vase

2121 2071 2417 2142 perforato.
2453 2069 2604 2141 Fuge
2635 2086 2829 2124 vanam
2853 2069 3079 2141 gloriam
3120 2087 3133 2124 :
3165 2068 3346 2139 plures
3372 2068 3516 2122 enim
3544 2068 3700 2122 inter-

2123 2164 2303 2218 ierunt
2355 2178 2519 2219 causa
2581 2162 2758 2227 illius;
2809 2161 3189 2229 hominemque
3247 2163 3316 2216 ad
3367 2160 3699 2231 multiplices

2121 2253 2382 2324 compulit
2404 2253 2635 2323 labores,
2660 2253 2884 2322 jejunia,
2911 2267 3115 2322 preces.
3153 2252 3334 2321 plures
3360 2252 3579 2322 vigilias
3607 2266 3701 2306 no-

2121 2352 2360 2406 cturnas,
2385 2341 2754 2409 elcemosynas
2795 2343 2993 2396 multas
3017 2357 3204 2397 coram
3244 2342 3699 2401 hominibusero-

2121 2444 2276 2504 gatas
2306 2449 2369 2487 ac
2419 2433 2519 2487 alia
2572 2433 2867 2503 ejusmodi;
2905 2433 3100 2502 quibus
3130 2433 3347 2488 demum
3380 2432 3515 2487 nihil
3562 2431 3701 2487 aliud

2122 2533 2485 2594 consequetur
2514 2525 2619 2579 nisi
2652 2523 3024 2579 confusionem
3063 2533 3118 2579 et
3142 2523 3517 2594 opprobrium.
3554 2523 3702 2578 llanc

2120 2635 2254 2687 ergo
2285 2618 2556 2689 fugiamus
2584 2618 2800 2672 inanem
2836 2616 3087 2687 gloriam,
3115 2618 3239 2686 quia
3287 2616 3546 2671 omnibus
3593 2616 3700 2671 dia-

2122 2710 2259 2766 bolis
2299 2710 2449 2779 pejor
2496 2720 2598 2765 est.
2668 2709 2726 2764 Si
2772 2719 2952 2764 autem
3012 2710 3159 2765 nulla
3210 2717 3392 2767 exstat
3440 2708 3495 2763 in
3549 2708 3701 2763 nobis

2121 2818 2257 2858 vana
2303 2802 2494 2872 gloria,
2560 2803 2626 2856 ad
2686 2817 2877 2872 magna
2926 2802 3245 2858 ostentanda
3290 2816 3357 2857 ne
3390 2816 3701 2868 curramus,

2123 2911 2191 2950 ne
2234 2897 2563 2949 intereamus
2623 2903 2933 2963 propterea,
2973 2903 3031 2949 et
3083 2894 3476 2963 multiplicibus
3513 2908 3701 2949 eorum

2122 2988 2291 3041 ramis
2329 2986 2687 3056 implicemur,
2749 2987 3009 3055 quoniam
3051 2985 3250 3041 diaboli
3298 2985 3476 3041 inanis
3519 2986 3700 3055 gloria=

2124 3080 2275 3134 multi
2304 3089 2432 3134 sunt
2453 3078 2629 3138 nimis.
2668 3079 2740 3133 At
2772 3079 3067 3149 impensius
3108 3078 3278 3133 multo
3307 3077 3588 3147 inquirere
3611 3077 3692 3131 ad

2078 3234 2079 3237 η
2121 3173 2359 3227 nitamur
2381 3181 2692 3225 sanctorum
2723 3169 2950 3240 gloriam
2975 3183 3271 3239 eorumque
3300 3175 3701 3239 paupertatem,

2120 3274 2178 3318 ut
2228 3278 2397 3318 suave
2454 3262 2582 3317 illud
2636 3262 3160 3331 comprehendamus
3214 3260 3309 3314 Dei
3373 3259 3701 3330 eloquium:

2074 3366 2077 3371 '
2116 3350 2271 3406 Beati
2294 3367 2545 3421 pauperes
2573 3352 2789 3420 spiritu,
2839 3353 3089 3421 quoniam
3111 3350 3345 3418 ipsorum
3375 3358 3702 3421 estregnuat

2110 3441 2362 3496 caelorum
2392 3441 2460 3494 ἰ.

2560 3565 2748 3607 SECTIO
2789 3568 2985 3608 DECIIIA
3014 3568 3249 3616 QUABTA.

2576 3665 2652 3719 De
2688 3667 2856 3735 gloria
2890 3677 2937 3720 et
2965 3668 3235 3735 patientia.

2187 3779 2325 3834 Dicit
2358 3779 2613 3834 Dominus
2645 3790 2827 3834 noster
2848 3778 3007 3836 Jesus
3038 3781 3285 3837 Christus
3308 3783 3363 3837 in
3411 3798 3572 3838 sacro
3606 3798 3703 3839 suo

2113 3871 2402 3939 Evangelia
2437 3890 2449 3925 :
2505 3870 2570 3924 In
2625 3874 2877 3939 patientia
2901 3882 3070 3927 vestra
3119 3873 3457 3929 lucrabimini
3490 3879 3702 3931 animas

2112 3975 2309 4018 uestras
2350 3964 2416 4016 ⁸³.
2453 3963 2672 4019 Necnon
2709 3981 2722 4018 :
2755 3965 2862 4030 Qui
2888 3966 3198 4020 sustinuerit
3228 3983 3390 4037 usque
3437 3968 3491 4022 in
3519 3970 3700 4037 ﬁnem,

2111 4056 2195 4109 hic
2222 4056 2398 4109 salvus
2419 4056 2519 4109 erit
2549 4055 2617 4108 “.
2644 4055 2862 4121 Quanto
2891 4059 3064 4126 magis
3091 4072 3220 4128 ergo
3248 4059 3300 4113 in
3336 4062 3573 4115 veritate
3601 4075 3701 4115 uo-

2110 4145 2194 4200 bis
2221 4144 2571 4199 laborandum
2599 4155 2655 4199 et
2691 4147 3065 4202 sustinendum
3105 4150 3233 4214 erit,
3267 4158 3324 4203 ut
3355 4164 3419 4204 ea
3456 4166 3581 4220 qua:
3607 4167 3702 4206 uo-

2109 4237 2195 4292 bis
2222 4238 2277 4292 in
2328 4239 2480 4293 cmlis
2523 4249 2709 4308 parata
2740 4249 2869 4295 sunt
2898 4242 3339 4309 consequamur?
3386 4244 3699 4314 Antequam

2109 4332 2177 4385 ad
2204 4333 2481 4401 sanguinis
2530 4330 2843 4387 eliusionem
2887 4333 3324 4402 pervenerimus,
3374 4349 3444 4389 ne
3497 4336 3701 4407 glorie-

424 4427 624 4498 pudeat
664 4425 923 4495 quidquid
945 4432 1028 4477 est
1052 4422 1345 4476 secundum
1379 4420 1710 4475 voluntatem
1738 4418 1855 4482 Dei,
1904 4406 2004 4473 nec
2035 4440 2078 4496 ι)
2109 4439 2263 4490 mur;
2321 4424 2497 4478 nullus
2540 4425 2681 4485 enim
2731 4426 2925 4480 artifex
2962 4425 3030 4480 de
3067 4441 3233 4495 opere
3255 4440 3354 4483 suo
3401 4406 3697 4498 antequam

423 4518 479 4573 in
513 4531 677 4586 opere
734 4513 985 4570 veritatis
1045 4511 1186 4567 celes
1221 4522 1294 4577 te,
1335 4526 1437 4567 nec
1466 4510 1677 4566 Domini
1727 4510 2004 4566 doctrinas

422 4610 669 4664 ediscere
720 4618 813 4662 aut
867 4607 1028 4660 verba
1067 4604 1347 4673 sapientia
1388 4602 1648 4667 verearis,
1679 4611 1771 4657 aut
1803 4612 1891 4656 tua
1919 4618 2006 4658 sa-

420 4701 628 4754 cerdoti
660 4708 751 4753 tuo
774 4708 993 4769 peccata
1045 4696 1258 4768 aperire
1317 4705 1369 4751 te
1402 4696 1619 4766 pudeat.
1670 4694 2000 4766 Principem,

421 4800 516 4845 aut
547 4792 768 4845 divitem
815 4790 1298 4845 immiscricordem
1349 4800 1415 4842 ne
1449 4790 1662 4854 timeas,
1702 4798 1794 4841 aut
1823 4803 2004 4843 verea-

420 4883 496 4937 ris
523 4890 817 4951 potentem,
861 4880 944 4935 vel
973 4890 1286 4950 tyrannum,
1316 4886 1656 4948 peccatorem
1688 4887 1781 4931 aut
1818 4892 2001 4947 perpe-

420 4983 678 5029 tratorem
735 4972 1103 5043 iniquitatum.
1156 4969 1494 5025 verecundia
1526 4968 1592 5023 ad
1626 4967 1838 5037 aliquod
1876 4983 2001 5037 peo-

415 5075 595 5118 catum
619 5065 1036 5134 perpetrandum
1085 5076 1151 5117 ne
1183 5061 1461 5116 seducaris
1495 5069 1587 5113 aut
1615 5057 1908 5121 inducaris,
1933 5072 1999 5111 ne

414 5155 503 5209 illa
535 5165 584 5210 te
618 5155 874 5222 perducat
909 5155 975 5207 ad
1024 5153 1320 5221 pessimum
1351 5148 1669 5218 supplicium
1705 5163 1721 5200 :
1771 5157 1995 5214 pr0pter

410 5258 694 5320 peccatum
757 5247 901 5303 enim
938 5244 1123 5315 gloria:
1153 5241 1481 5295 vestimento
1528 5231 1862 5306 exspoliatus
1908 5246 1994 5291 est

412 5345 596 5397 homo.
628 5342 766 5394 Deus
807 5352 938 5406 ergo
991 5332 1273 5389 scientiam
1307 5329 1460 5383 vobis
1493 5327 1780 5387 concedat,
1830 5336 1883 5379 et
1917 5327 1992 5381 in-

406 5433 534 5487 duat
564 5432 831 5500 sapientia
876 5427 1060 5499 gloria:
1109 5432 1165 5478 et
1196 5419 1586 5489 intelligentiae,
1619 5426 1676 5471 ut
1718 5418 1989 5473 exclame-

2107 4514 2440 4580 absoivatnr,
2470 4513 2756 4583 gloriatur.
2805 4514 2899 4568 sed
2939 4513 3170 4569 artificio
3191 4514 3303 4585 jam
3339 4516 3608 4585 perfecto.
3640 4515 3698 4569 Si

2103 4606 2251 4660 enim
2297 4606 2755 4660 ambulaverimus
2786 4606 3078 4661 secundum
3117 4606 3426 4671 veritatem,
3474 4616 3532 4661 et
3559 4607 3700 4660 dile-

2105 4697 2350 4752 xerimus
2382 4697 2508 4751 odio
2532 4712 2630 4752 nos
2661 4698 2945 4761 habentes,
2981 4706 3036 4751 et
3077 4702 3220 4766 quod
3251 4698 3408 4752 nobis
3442 4697 3559 4753 fieri
3595 4717 3699 4754 no-

2107 4777 2307 4853 lumus,
2335 4788 2487 4843 alteri
2520 4805 2625 4844 non
2656 4789 2965 4853 fecerimus,
2989 4798 3043 4842 et
3067 4791 3432 4845 amaVerimus
3461 4805 3657 4859 pacem
3680 4832 3695 4853 ,

2104 4879 2463 4934 humilitatem
2511 4880 2623 4947 jam
2670 4894 2857 4935 sumus
2913 4879 3211 4935 consecuti.
3262 4879 3321 4934 Si
3375 4883 3694 4949 superbiam

2102 4965 2285 5019 cordis
2311 4965 2438 5021 odio
2467 4966 2839 5032 habuerimus,
2865 4966 2978 5037 jam
3002 4969 3252 5024 inimicos
3271 4969 3561 5039 amplexati
3595 4987 3695 5025 su-

2105 5064 2484 5139 mus/nostros.
2520 5055 2576 5110 Si
2639 5056 3081 5113 benedixerimus
3113 5058 3563 5116 maledicentibus
3593 5078 3689 5115 no-

2100 5146 2204 5211 bis,
2225 5146 2336 5215 jam
2366 5146 2579 5202 frenum
2611 5149 2970 5217 imposuimus
2999 5150 3188 5205 oribus
3209 5151 3431 5207 nostris.
3463 5149 3520 5206 Si
3548 5151 3690 5205 dile-

2105 5232 2350 5293 xerimus
2376 5239 2730 5305 cbaritatem,
2747 5237 2860 5307 jam
2899 5241 3160 5308 optimum
3184 5241 3537 5310 praestitimus
3563 5240 3686 5295 cul-

2097 5336 2233 5395 tum,
2262 5328 2492 5384 vicimus
2520 5329 2760 5397 ttedium,
2810 5328 3210 5400 multiloquium
3241 5340 3297 5387 et
3341 5331 3526 5386 odium
3547 5346 3686 5401 erga

2089 5418 2417 5487 proximum.
2442 5419 2574 5474 Cum
2612 5423 2727 5475 haec
2757 5420 2939 5475 omnia
2968 5422 3319 5497 compleverit
3342 5424 3524 5489 homo,
3562 5433 3684 5479 tum

402 5535 531 5579 mus
585 5536 684 5576 nos
739 5533 954 5590 quoque
994 5516 1235 5572 dicentes
1292 5529 1305 5567 :
1352 5506 1581 5579 Propter
1634 5508 1985 5562 iiutocentiam
2089 5509 2372 5580 glorietur,
2409 5518 2468 5565 ut
2514 5510 2607 5566 ille
2642 5511 2734 5581 qui
2788 5521 2906 5568 tota
2960 5513 3049 5569 die
3076 5522 3163 5571 est
3188 5526 3469 5586 operatus,
3518 5515 3681 5585 juxta

476 5656 523 5689 “
544 5656 723 5713 Eccle.
798 5672 852 5718 κ,
886 5656 939 5712 2.
1052 5654 1097 5687 ⁸⁸
1127 5651 1269 5707 Psal.
1312 5661 1578 5714 exxxvm,
1612 5644 1701 5718 10:

403 5739 540 5784 rm.
570 5726 657 5781 16.
767 5727 811 5759 ⁸⁸
836 5715 990 5783 Joan.
1024 5741 1081 5785 v.
1121 5723 1211 5783 44.
1287 5722 1330 5753 ⁶¹
1355 5719 1546 5773 Matth.
1591 5732 1642 5781 ν,
1667 5715 1721 5770 5.

1816 5644 1863 5676 ⁸⁸
1881 5644 2010 5718 _Eccl

2116 5661 2167 5711 v,
2199 5645 2291 5718 25.
2361 5645 2594 5718 _'_"_l’sa_l.
2621 5661 2710 5712 η,
2748 5646 2840 5718 13.
2912 5648 2959 5680 ⁸⁸
2988 5649 3123 5703 Dan.
3164 5666 3217 5718 ι,
3251 5649 3308 5707 5.
3382 5650 3430 5684 "
3468 5649 3679 5708 Jerem.

1798 5715 1842 5748 "
1879 5713 2009 5771 Luc.
2040 5732 2155 5783 χχι,
2192 5716 2276 5770 l9.

2356 5716 2401 5748 ”
2426 5716 2616 5771 Matth.
2649 5733 2704 5775 Χ.
2736 5717 2806 5770 22
2828 5735 2843 5786 ;
2868 5734 3016 5784 xstv,
3050 5720 3136 5775 15.
