3872 6278
249 342 352 401 975

1239 345 1297 398 S.
1339 344 1618 400 ANTONII
1660 345 1728 398 M.
1772 343 2063 399 ADBATIS
2103 343 2467 401 SERMONES

3388 347 3492 404 974

157 441 166 448 ’
249 461 522 530 Evangelii
571 461 935 516 testimonium
968 463 1033 524 “i,
1081 471 1135 516 et
1167 477 1287 516 cmn
1338 463 1530 518 fiducia
1586 461 1820 532 postulet
1854 467 1900 522 Α
1929 472 2075 527 strae,
2113 477 2178 516 ne
2207 462 2548 532 indiligentes
2582 475 2837 518 vocemur
2867 475 2920 516 et
2954 458 3110 533 p'gri.
3148 462 3356 518 Dictum
3381 463 3494 534 jam

249 553 564 605 mercedem
583 566 772 616 suam;
832 551 972 606 Deus
1007 553 1150 607 enim
1189 563 1373 607 noster
1415 553 1554 608 haud
1591 553 1821 622 injustus

245 650 351 706 est,
383 643 476 696 sed
503 641 797 712 unicuique
827 635 1014 697 tribuit
1035 644 1330 698 secundum
1362 645 1573 698 merita.
1599 641 1692 700 Ille
1722 661 1820 698 au-

249 743 360 788 tem
394 733 584 788 beatus
627 743 710 789 est
744 734 1026 798 dicemlus,
1063 737 1152 804 qui
1203 737 1505 791 humilitate
1536 738 1820 793 victoriam

245 835 332 879 est
353 834 709 891 consecutus,
747 833 801 879 et
844 839 942 880 suo
967 837 1207 896 tempore
1259 812 1822 896 glorificabiturin-al-

249 916 496 980 tissimis,
533 926 590 970 ut
634 915 898 973 Lazarus.
967 917 1132 974 Nobis
1176 929 1354 974 autem
1410 921 1821 976 exclamandum

243 1017 353 1068 est,
380 1017 542 1074 atque
572 1008 857 1064 dicendum
892 1026 906 1063 :
949 1008 1210 1074 Quoniam
1236 1010 1542 1065 humiliatus
1590 1029 1727 1076 sum,
1757 1013 1824 1066 li-

245 1096 438 1150 ierasti
473 1116 574 1164 me,
600 1099 852 1163 Domine;
877 1110 1148 1167 revertere,
1177 1101 1355 1156 anima
1382 1118 1495 1156 mea
1517 1143 1530 1168 ,
1557 1104 1624 1158 ad
1651 1104 1823 1158 locum

245 1191 442 1259 requiei
474 1203 578 1245 tute
603 1193 656 1245 in
679 1201 931 1246 wternum
955 1193 1022 1246 “.
1053 1193 1244 1246 Amen.

689 1298 880 1338 SECTIO
918 1297 1114 1338 DECIMA
1155 1299 1374 1346 QUIN'I’A.

804 1375 880 1428 De
903 1375 1270 1444 intelligentia.

323 1465 467 1518 Dixit
494 1465 694 1533 psaltes
731 1465 896 1519 David
931 1483 943 1519 :
996 1465 1221 1533 Eloquia
1265 1475 1356 1518 tua
1399 1466 1576 1520 dulcia
1615 1477 1733 1520 sunt
1769 1483 1825 1519 in

243 1557 490 1626 faucibus
515 1556 662 1619 meis,
700 1572 808 1624 pra:
834 1556 987 1609 melle
1023 1557 1077 1608 in
1113 1571 1200 1610 ore
1228 1572 1340 1610 meo
1366 1556 1431 1611 “.
1472 1555 1602 1610 Item
1635 1573 1648 1607 :
1682 1556 1824 1611 Con-

245 1649 367 1703 silia
400 1647 578 1702 cordis
613 1647 729 1717 ejus
759 1647 928 1702 electa
976 1656 1254 1716 suanrze
1293 1648 1560 1717 lapidibus
1604 1651 1825 1718 Optimis

247 1739 523 1808 pretiosis.
551 1737 690 1791 Vere
726 1738 917 1792 beatus
945 1749 1026 1792 est
1063 1737 1148 1791 ille
1197 1739 1289 1808 qui
1322 1739 1579 1808 evigilat,
1611 1750 1664 1793 ct
1696 1741 1824 1794 facit

243 1805 516 1898 pra‘cepta
557 1826 765 1882 Domini
809 1830 976 1883 nostri
1023 1828 1151 1883 Jesu
1197 1829 1439 1894 Christi,
1472 1833 1642 1885 donec
1674 1847 1823 1886 asse-
1859 1805 1899 1858 Β

245 1931 448 1990 quatur
481 1936 665 1975 veram
692 1920 806 1986 ejus
836 1921 1140 1987 scientiam,
1170 1930 1226 1974 ut
1255 1921 1436 1975 dicere
1463 1923 1631 1990 possit
1664 1941 1675 1975 :
1711 1922 1821 1974 Ad-

246 2012 510 2065 mirabilis
557 2022 628 2065 est
674 2013 892 2066 scientia
933 2021 1023 2065 tua
1055 2013 1119 2064 ⁶⁷.
1168 2010 1399 2065 lnfidelis
1454 2026 1587 2066 cave
1620 2013 1722 2076 sis,
1759 2028 1824 2067 ne

248 2101 519 2156 irascatur
547 2101 638 2170 qui
681 2115 776 2155 nos
801 2102 1026 2155 creavit.
1062 2100 1381 2169 Quicunque
1403 2101 1545 2154 enim
1581 2117 1687 2155 non
1710 2117 1824 2154 am-

246 2192 402 2246 bulat
459 2194 755 2247 secundum
811 2202 1016 2246 rectam
1077 2191 1272 2258 fidem,
1331 2206 1512 2245 escam
1553 2193 1826 2246 vermibus

245 2285 457 2352 praebet
500 2284 588 2351 qui
623 2299 725 2337 non
765 2284 1062 2348 dormiunt,
1115 2291 1168 2337 et
1204 2283 1435 2352 principi
1479 2284 1823 2338 tenebrarum

250 2384 452 2429 mactat
475 2375 757 2440 victimas;
797 2375 1021 2444 ejusque
1059 2375 1281 2443 spiritus
1321 2373 1529 2428 alienus
1563 2376 1620 2428 fit
1657 2390 1685 2427 a
1717 2375 1825 2428 vita

248 2476 476 2529 aeterna,
505 2475 557 2520 et
588 2467 874 2522 manifeste
912 2467 1112 2521 recedit
1145 2481 1172 2520 a
1212 2466 1336 2520 Deo.
1378 2466 1575 2521 Eorum
1605 2467 1825 2536 quidem

249 2558 494 2628 plerique
527 2559 619 2628 qui
675 2559 726 2612 in
766 2558 954 2613 inferis
996 2566 1159 2625 sunt,
1205 2573 1270 2613 eo
1299 2558 1634 2613 infidelitatis
1659 2574 1824 2613 causa

254 2662 514 2721 aguntur.
566 2651 796 2720 Propter
854 2652 1224 2706 infidelitatem
1287 2651 1828 2720 incredulitatemque

250 2743 520 2798 duxerunt
544 2744 808 2815 originem
838 2744 1019 2798 omnia
1050 2759 1113 2798 ea
1135 2743 1294 2806 mala,
1319 2758 1437 2811 quze
1461 2743 1513 2797 in
1543 2744 1826 2798 Dominum

249 2846 494 2890 nostrum
519 2835 702 2890 Jesum
749 2835 1018 2890 Christum
1051 2847 1357 2905 perpetrata
1402 2846 1543 2890 sunt.
1588 2835 1694 2889 Sed
1732 2849 1828 2890 nc-

251 2944 356 2996 qne
409 2928 463 2981 in
516 2928 662 2982 illum
701 2942 730 2981 a
777 2929 1007 2982 mortuis
1061 2938 1430 2997 resurgentem
1477 2926 1828 2986 crediderunt

250 3020 441 3088 perfidi
472 3019 566 3086 illi,
601 3030 660 3074 ut
695 3021 826 3074 salvi
865 3022 1074 3075 fierent.
1110 3017 1203 3075 γε
1246 3020 1321 3074 illi
1353 3019 1715 3090 generationi!
1749 3035 1828 3073 vae

252 3112 471 3166 miseris
511 3128 697 3168 eorum
726 3112 1040 3168 animabus!
1073 3110 1172 3178 Qui
1207 3112 1485 3166 incredulo
1514 3113 1823 3178 annuntiat,
1854 3132 1897 3190 α

254 3213 347 3257 aut
379 3204 608 3274 corripit
636 3203 720 3258 vel
749 3204 904 3258 docet
941 3203 1088 3258 illum
1110 3243 1126 3270 ,
1175 3203 1369 3258 similis
1403 3213 1485 3258 est
1514 3204 1716 3260 homini
1753 3204 1824 3257 illi

253 3296 346 3366 qui
388 3295 812 3365 pretiosissimas
853 3310 1096 3364 gemmas
1154 3295 1209 3348 in
1267 3294 1592 3363 profundum
1645 3293 1829 3361 dejicit

255 3387 439 3440 maris.
499 3385 962 3451 Quemadmodum
1015 3399 1154 3455 aqua
1213 3385 1266 3438 in
1319 3385 1578 3439 declivem
1623 3395 1826 3440 terram

254 3477 516 3542 decurrit,
546 3487 598 3531 et
625 3493 690 3533 eo
717 3493 840 3532 cum
881 3477 1081 3546 impetu
1121 3477 1324 3543 fertur;
1365 3478 1438 3531 ita
1467 3479 1687 3532 verbum
1724 3479 1829 3532 Do-

253 3573 385 3626 mini
426 3570 603 3625 influit
645 3571 698 3626 in
737 3571 971 3625 animam
1005 3569 1198 3626 fidelis.
1231 3570 1326 3624 Eia
1371 3571 1551 3638 igitur,
1597 3570 1690 3623 filii
1725 3572 1828 3624 mei

252 3659 618 3726 dilectissimi,
656 3661 821 3728 fugite
856 3659 1228 3714 infidelitatem
1271 3669 1526 3728 tanquam
1562 3661 1827 3715 malorum

251 3748 497 3803 omnium
552 3749 858 3818 originem,
914 3760 974 3804 ut
1023 3752 1194 3821 magis
1247 3754 1524 3820 magisque
1571 3752 1830 3808 Dominus

253 3842 608 3912 glorificetur,
656 3842 880 3912 ejusque
924 3853 1111 3897 sancta
1155 3847 1500 3898 resurrectio.
1530 3843 1831 3900 Credamus

251 3933 496 4003 igiturin
521 3948 716 3988 nomen
744 3933 950 3988 Domini
987 3934 1078 3988 Dei
1114 3935 1290 3988 Patris
1313 3976 1326 3997 ,
1353 3947 1406 3989 et
1433 3935 1575 3999 Filii,
1615 3947 1670 3991 et
1706 3937 1828 4007 Spio

251 4025 400 4080 ritus
424 4027 628 4091 sancti,
677 4037 736 4080 ut
781 4041 878 4080 nos
915 4027 1044 4080 illud
1094 4027 1352 4096 scriptum
1406 4031 1831 4096 comprehendat

250 4120 476 4172 verbum
508 4136 522 4170 :
556 4117 658 4183 Qui
676 4119 893 4171 credunt
918 4119 970 4171 in
993 4117 1298 4181 Dominum,
1333 4129 1485 4172 erunt
1513 4121 1646 4172 sicut
1679 4136 1828 4173 mons

251 4207 383 4264 Sion
409 4223 428 4262 :
455 4210 579 4280 quia
626 4225 729 4262 non
770 4209 1173 4264 commovebitur
1212 4211 1268 4262 in
1307 4219 1591 4273 internum,
1632 4212 1720 4277 qui
1755 4220 1832 4264 est

253 4303 308 4353 in
355 4300 646 4354 Jerusalem
687 4300 730 4332 "
775 4319 788 4354 :
841 4299 1054 4353 firmum
1111 4303 1307 4371 quippe
1351 4313 1662 4356 sanctorum
1713 4316 1832 4355 om-

254 4392 402 4446 nium
433 4391 840 4446 fundamentum
885 4391 1018 4445 fides
1045 4399 1128 4445 est
1150 4433 1164 4457 ,
1219 4407 1323 4460 qua
1356 4406 1449 4445 ora
1484 4392 1832 4446 occluserunt

1925 569 2138 622 quoque
2163 563 2244 608 est
2272 572 2284 607 :
2320 555 2375 607 Si
2406 554 2714 623 possederis
2735 553 3070 624 diligentiam
3096 554 3315 623 bonam,
3343 555 3496 610 bonae

1927 644 2123 698 mentis
2151 645 2424 714 particeps
2464 644 2594 699 eris.
2633 643 2734 709 Qui
2765 644 2902 697 bona
2944 643 3218 714 diligentia
3243 655 3326 700 est
3355 661 3495 714 pre-

1926 733 2092 798 ditus,
2127 735 2380 804 templum
2405 735 2514 805 jam
2541 734 2715 790 factus
2739 744 2821 789 est
2849 736 2964 804 Dei,
2992 751 3295 807 nomenque
3317 740 3496 795 hono-

1929 823 2388 880 rificentissimum
2422 827 2526 881 sibi
2557 828 2913 896 comparavit,
2941 828 3105 883 nimis
3127 829 3408 895 dilabitur,
3433 847 3499 885 ac

1929 917 2212 970 thesauros
2236 917 2391 971 bonis
2413 919 2872 973 cumulatissimos
2909 920 3274 976 nanciscetur.
3305 921 3501 978 Beatus

1926 1006 2016 1074 qui
2053 1005 2298 1075 invigilat
2327 1008 2392 1060 ad
2443 1017 2652 1077 portam
2697 1009 2994 1078 sapientize.
3041 1009 3243 1065 Contra
3274 1012 3500 1082 diligen-

1930 1104 2033 1150 tem
2060 1095 2538 1166 invigilantemque
2561 1098 2838 1167 passiones
2872 1115 3210 1170 nequaquam
3241 1102 3501 1170 praevale-

1928 1187 2079 1240 bunt.
2109 1187 2166 1242 Si
2195 1199 2372 1243 autem
2405 1191 2662 1246 ceciderit
2685 1203 2906 1260 propter
2934 1193 3154 1248 fraudes
3187 1195 3498 1263 tentatoris,

1929 1280 2108 1332 Statim
2139 1281 2298 1350 erigit
2328 1280 2477 1336 illum
2509 1282 2785 1351 diligentia
2818 1293 2980 1352 atque
3011 1284 3311 1354 vigilantia.
3344 1286 3508 1340 Incu-

1927 1371 2040 1424 rius
2095 1379 2272 1426 autem
2316 1386 2380 1426 ac
2421 1373 2573 1441 piger
2616 1374 2943 1443 minimeque
2986 1375 3167 1432 divino
3214 1377 3502 1447 invigilans

1927 1461 2116 1524 cultui,
2152 1463 2195 1516 si
2231 1463 2494 1518 ceciderit
2525 1474 2747 1533 pr0pter
2773 1464 2972 1520 diaboli
3011 1467 3357 1532 tentationes,
3393 1484 3501 1523 non

1927 1551 2156 1605 advertit
2210 1561 2488 1621 peccatum
2542 1557 2682 1623 quod
2737 1565 3031 1624 perpetrat,
3094 1559 3219 1626 quia
3261 1573 3355 1612 cor
3379 1559 3498 1627 ejus

1928 1642 2102 1696 instar
2128 1644 2322 1713 lapidis
2347 1655 2428 1700 est
2454 1647 2668 1707 durum.
2699 1656 2753 1701 et
2774 1646 2950 1701 simile
2971 1647 3179 1702 domito
3209 1649 3500 1718 vinctoque

1930 1733 2095 1798 mulo,
2150 1749 2307 1802 quem
2353 1735 2609 1790 continuo
2663 1738 3031 1791 conscendunt
3085 1738 3307 1793 minime
3363 1740 3506 1793 relu-

1927 1832 2187 1891 ctantem,
2210 1827 2659 1894 quemadmodum
2699 1827 2966 1896 scriptum
2991 1836 3077 1883 est
3111 1846 3122 1881 :
3170 1830 3505 1884 Assimilatus

1927 1927 1997 1968 est
2017 1911 2272 1984 jumentis
2297 1959 2311 1981 ,
2342 1919 2529 1986 quibus
2578 1935 2681 1972 non
2709 1929 2784 1973 est
2815 1920 3116 1975 intellectus
3142 1922 3209 1975 ⁷ο.
3240 1921 3336 1976 llis
3363 1922 3508 1976 indi-

1929 2006 2098 2076 ligens
2124 2019 2468 2072 comparatur
2489 2010 2670 2075 homo,
2701 2011 2959 2080 quoniam
2999 2011 3052 2065 in
3097 2011 3366 2077 ejusmodi
3409 2013 3508 2092 ho:

1929 2097 2133 2151 minmn
2179 2113 2378 2168 genere
2431 2115 2558 2154 suas
2616 2100 2928 2156 manifestat
2961 2100 3208 2156 diabolus
3253 2105 3506 2173 concupi-

1929 2187 2165 2242 scentias
2190 2197 2243 2242 et
2275 2186 2567 2258 desideria,
2593 2205 2859 2260 suamque
2882 2189 3254 2248 confusionem
3289 2195 3506 2248 univer-

1928 2290 2078 2340 sam;
2103 2285 2157 2330 et
2190 2275 2337 2330 illum
2367 2292 2691 2348 quocunque
2725 2279 2869 2336 lubet
2892 2321 2908 2346 ,
2937 2282 3119 2345 trahit,
3157 2283 3328 2338 donec
3355 2297 3506 2336 com-

1929 2367 2178 2435 pleantur
2203 2368 2518 2439 iniquitates
2559 2371 2695 2440 ejus,
2734 2381 2936 2427 etcum
2970 2374 3262 2443 gemitibus
3286 2389 3349 2428 ac
3373 2374 3506 2428 ﬂetu

1933 2457 2220 2512 moriatur.
2275 2458 2370 2513 Eia
2421 2475 2564 2516 nunc
2605 2461 2793 2531 igitur,
2831 2462 2926 2517 filii
2977 2462 3079 2517 mei
3131 2464 3506 2531 dilectissimi,

1930 2561 2246 2618 comparate
2277 2552 2432 2607 vobis
2464 2553 2852 2621 perfectionem
2885 2563 2941 2609 et
2971 2554 3325 2627 diligentiam,
3361 2571 3427 2610 ne
3455 2558 3507 2610 iu

1929 2642 2110 2694 omnia
2153 2642 2322 2698 hosﬁs
2351 2643 2651 2700 certamina
2696 2645 2970 2701 incidatis.
2997 2646 3287 2718 Negligens
3336 2649 3508 2702 instar

1930 2741 2014 2786 est
2043 2733 2232 2788 domus
2255 2748 2464 2788 eversae
2488 2743 2544 2789 et
2569 2735 2842 2790 destituta:
2867 2737 3079 2801 incolis,
3106 2753 3226 2806 qua:
3254 2738 3402 2793 nullo
3426 2747 3512 2793 est

1931 2823 1982 2877 in
2005 2824 2179 2892 pretio
2203 2826 2343 2894 apud
2371 2825 2700 2894 quempiam,
2726 2828 2819 2881 sed
2843 2828 3200 2884 exsecrabilis
3233 2830 3512 2894 omnibus,

1932 2921 1992 2965 ut
2015 2912 2346 2981 viperarum,
2384 2914 2730 2982 scorpionum
2762 2923 2815 2968 et
2840 2915 3231 2971 diabolicarum
3276 2914 3510 2969 ferarum

1932 3004 2301 3071 domicilium;
2344 3019 2612 3074 nemoque
2640 3007 2704 3060 de
2734 3005 2824 3059 illa
2853 3014 3043 3073 curat,
3077 3017 3135 3060 ιιι
3172 3022 3293 3076 quae
3319 3019 3512 3060 eversa

1931 3095 1998 3149 sit
2027 3105 2083 3149 et
2113 3096 2377 3151 desolata.
2408 3095 2533 3151 "i130
2555 3105 2639 3151 est
2688 3096 2824 3152 ratio
2856 3098 3206 3168 negligentis;
3238 3113 3360 3151 nam
3391 3097 3513 3152 nul-

1933 3188 2036 3240 lam
2076 3189 2380 3257 comperies
2439 3189 2676 3243 divinam
2717 3203 2872 3257 onem
2912 3189 3060 3242 illum
3112 3190 3512 3244 custodientem

1932 3296 2022 3339 aut
2050 3285 2440 3343 inhabitantem
2472 3287 2522 3342 in
2555 3302 2640 3352 eo,
2678 3302 2798 3358 qua:
2827 3288 2941 3343 haec
2967 3289 3147 3342 omnia
3178 3291 3246 3344 ab
3290 3288 3383 3344 illo
3421 3306 3515 3343 ar-

1930 3388 2049 3434 ceat
2077 3421 2092 3443 ,
2130 3378 2261 3448 quin
2306 3379 2356 3432 in
2406 3395 2470 3435 eo
2515 3379 2779 3433 habitent.
2822 3378 2942 3434 Filii
2974 3380 3076 3434 mei
3128 3379 3511 3446 dilectissimi,

1934 3473 2072 3523 hanc
2102 3471 2432 3540 diligentiam
2482 3484 2705 3524 servare
2759 3473 2988 3540 satagite
3015 3510 3030 3535 ,
3065 3485 3162 3526 nec
3191 3486 3310 3526 eam
3347 3474 3514 3540 depo-

1933 3564 2073 3615 natis
2101 3577 2130 3614 a
2165 3561 2350 3625 vobis,
2383 3577 2450 3617 ne
2483 3561 2710 3630 imperio
2748 3561 2918 3616 hostis
2945 3562 3334 3632 subjiciamiui.
3375 3563 3513 3618 Dum

1931 3665 2106 3707 exstat
2131 3655 2180 3707 in
2220 3656 2435 3710 homine
2455 3659 2658 3725 optima
2697 3657 2972 3727 diligentia
3004 3666 3056 3712 et
3088 3672 3217 3711 cura
3242 3696 3256 3721 ,
3293 3657 3360 3711 ab
3397 3671 3514 3710 0m-

1934 3746 2089 3797 nihus
2137 3745 2354 3799 casibus
2395 3755 2450 3799 ct
2509 3747 2681 3800 ruinis
2723 3747 2882 3816 erigit
2913 3746 3060 3801 illum
3092 3755 3147 3801 et
3184 3755 3512 3816 praeservat,

1934 3835 2005 3888 ita
2037 3845 2093 3886 ut
2143 3835 2236 3888 fiat
2265 3835 2426 3888 homo
2454 3834 2540 3888 ille
2583 3835 2809 3903 Spiritui
2841 3845 3032 3890 sancto
3073 3837 3278 3906 requiei
3322 3835 3469 3892 locus
3492 3877 3510 3903 ,

1932 3935 1986 3978 et
2018 3942 2172 3978 suum
2205 3927 2306 3980 iter
2353 3926 2599 3980 absolvat
2631 3925 2885 3990 feliciter,
2935 3937 3098 3997 atque
3131 3939 3406 3984 mereatur
3435 3930 3514 3984 lo-

1933 4032 2054 4070 cum
2084 4017 2285 4087 requiei
2317 4029 2629 4072 sanctorum
2676 4019 2726 4072 in
2759 4033 2891 4086 pace
2927 4019 3104 4086 adire,
3137 4031 3192 4075 et
3231 4023 3512 4091 pulchram

1934 4128 2263 4181 suavemque
2299 4113 2446 4166 illam
2491 4115 2680 4167 audire
2724 4129 2914 4168 vocem
2949 4134 2962 4168 :
2995 4113 3101 4167 Cor
3147 4117 3427 4168 contritum
3463 4125 3513 4168 et

1935 4203 2266 4256 humiliatum
2298 4203 2439 4256 Deus
2464 4221 2566 4257 non
2590 4206 2834 4271 despiciet
2859 4205 2926 4256 '“.

2375 4310 2564 4348 SECTIO
2604 4309 2796 4348 DECIMA
2834 4310 3082 4350 SEPTIMA.

2292 4385 2368 4438 De
2400 4386 2734 4455 religiositate
2767 4396 2812 4438 et
2837 4386 3154 4454 virginitate.

254 4484 471 4537 leonum
505 4492 561 4536 et
599 4480 870 4535 ﬂammam
921 4482 1303 4537 exstinxerunt
1355 4483 1528 4550 ignis,
1565 4485 1633 4534 oh
1675 4499 1826 4536 suam
1864 4471 1906 4524 D
2007 4477 2324 4531 Audivimus
2371 4476 2587 4529 beatum
2628 4476 2852 4530 Paulum
2900 4477 3224 4546 apostolum,
3276 4493 3396 4533 cum
3443 4480 3512 4534 ad

254 4588 538 4628 accensam
565 4587 778 4642 semper
805 4575 856 4626 in
889 4574 1051 4628 Demn
1085 4575 1292 4638 fidem..

721 4680 911 4720 SEC'I'IO
949 4681 1143 4720 DECIMA
1181 4681 1372 4721 SEXTA.

757 4757 832 4811 De
862 4758 994 4811 bona
1033 4759 1328 4828 diligentia.

327 4850 541 4904 Asserit
589 4849 779 4906 beatus
827 4849 1100 4919 apOStolus
1148 4849 1345 4903 Paulus
1379 4867 1389 4900 :
1427 4848 1588 4901 Haud
1613 4865 1830 4905 consen-

255 4949 471 4993 taneum
498 4950 572 4994 est
609 4941 787 5004 nobis,
833 4942 1053 5008 fratres,
1088 4941 1251 4994 vivere
1283 4942 1569 4995 secundum
1592 4959 1830 5005 carnem,

252 5033 381 5100 quia
419 5031 703 5082 secundum
732 5046 938 5083 carnem
977 5030 1199 5083 viventes
1237 5032 1522 5084 morientur
1549 5031 1638 5084 ‘3‘.
1686 5030 1829 5085 Dixit

253 5124 419 5178 etiam
478 5122 668 5176 beatus
718 5121 952 5176 Joannes
1002 5140 1016 5174 :
1068 5120 1247 5174 Nolite
1287 5121 1504 5189 diligere
1547 5122 1822 5184 mundum,

253 5215 381 5284 quia
412 5214 638 5267 mundus
676 5215 904 5275 transit,
940 5224 987 5266 ct
1019 5229 1193 5266 omnes
1226 5215 1662 5282 concupiscentiw
1691 5215 1828 5284 ejus.

257 5304 363 5370 Qui
389 5315 561 5356 autem
586 5304 714 5371 facit
744 5304 1058 5358 voluntatem
1079 5303 1199 5367 Dei,
1220 5313 1394 5356 manet
1415 5305 1472 5357 in
1492 5317 1742 5358 (sternunt
1760 5305 1826 5357 ⁸⁹.

255 5392 585 5462 Evigilemus
614 5407 764 5463 ergo,
783 5393 872 5445 filii
899 5391 1003 5446 mei
1034 5391 1392 5454 dilectissimi,
1411 5393 1834 5445 constituamus-

256 5499 363 5554 que
403 5485 556 5540 nobis
597 5487 788 5540 bonam
831 5483 1166 5552 diligentiam
1218 5483 1270 5536 in
1299 5484 1456 5538 domo
1494 5486 1692 5540 mentis
1734 5501 1832 5540 no-

329 5690 377 5723 “
405 5689 591 5744 Matth.
631 5704 720 5750 xx,
752 5687 836 5742 li.
931 5688 974 5717 ⁶⁵
1017 5685 1156 5740 Psal.
1191 5702 1335 5751 cstv,
1382 5688 1414 5740 6
1439 5729 1452 5746 .
1491 5689 1540 5740 7.

259 5761 330 5798 ’δ’
372 5760 525 5816 IIom.
585 5773 698 5823 VIII,
728 5759 810 5825 1⁸2,
869 5757 955 5811 I3;
1025 5756 1118 5828 _"l
1155 5755 1309 5813 Joatt.
1348 5774 1406 5824 ll,
1451 5759 1534 5824 i5,
1573 5761 1657 5815 l7.

1621 5691 1663 5720 “
1696 5692 1996 5760 Ρςιτιι.κνιιι,
2034 5695 2116 5748 11.

1732 5763 1776 5792 ⁷⁰
1813 5763 1949 5817 I‘sal.
1992 5779 2176 5833 XLVII),
2216 5763 2300 5828 15,
2334 5765 2422 5817 ‘21.

1940 4568 2260 4638 virginitatis
2281 4569 2619 4638 pervenisset
2644 4568 2898 4629 honores,
2932 4567 3002 4620 ita
3029 4568 3096 4622 de
3117 4583 3180 4621 ea
3203 4569 3468 4624 dicentem
3495 4589 3509 4624 :

1942 4660 2263 4728 l’ra’ceptum
2291 4661 2384 4714 Dei
2410 4678 2511 4714 non
2533 4661 2696 4714 habeo
2719 4661 2786 4713 ".
2816 4659 2927 4728 Non
2955 4659 3140 4714 habuit
3161 4672 3510 4728 praecontum,
3563 4701 3568 4705 .

1935 4753 2062 4819 quia
2096 4767 2200 4806 non
2236 4767 2426 4806 omnes
2476 4767 2642 4821 grave
2690 4755 2789 4806 hoc
2829 4752 3019 4821 jugum
3064 4751 3204 4806 ferre
3253 4767 3512 4822 possunt:

1937 4845 2057 4898 ideo
2119 4845 2365 4898 electioni
2418 4847 2660 4900 relictum
2702 4856 2783 4900 est
2833 4860 3019 4898 eorum
3069 4847 3160 4916 qui
3209 4847 3334 4901 illud
3371 4849 3516 4904 ferre

1936 4937 2138 4990 valent.
2176 4935 2474 5007 Virginitas
2522 4948 2604 4992 est
2631 4939 3005 5007 signaculum,
3037 4941 3180 5008 quod
3231 4956 3338 4996 non
3392 4960 3514 4997 cor-

1940 5027 2242 5094 rumpitur;
2277 5028 2512 5094 perlecta
2544 5030 2878 5095 similitudo,
2919 5046 3040 5100 qua:
3073 5047 3181 5087 non
3218 5044 3542 5100 commuta-,

1940 5128 2061 5182 tur;
2100 5118 2383 5188 spirituale
2406 5130 2764 5190 sanctumque
2792 5123 3122 5178 sacrificium
3141 5167 3154 5189 ,
3181 5125 3430 5192 specula,
3461 5138 3514 5180 et
3547 5119 3562 5167 ‘-

1934 5213 2084 5265 visus
2127 5227 2233 5281 quo
2271 5213 2594 5266 observatur
2629 5213 2732 5268 iter
2775 5216 2840 5268 ad
2883 5215 3237 5283 perfectionis
3305 5212 3548 5271 ducens

1939 5314 2176 5366 metam;
2231 5303 2476 5358 diadema
2507 5305 2652 5360 veris
2697 5307 3118 5375 perfectionibus
3160 5307 3512 5373 contextum;

1940 5396 2121 5448 suavis
2179 5394 2267 5449 ille
2315 5409 2448 5460 ros,
2499 5396 2589 5465 qui
2646 5411 2836 5453 omnes
2880 5397 3164 5465 refrigerat
3205 5408 3509 5453 creaturas.

1939 5487 2057 5556 Ipsa
2094 5487 2429 5556 evangelium
2477 5489 2598 5542 vitae
2638 5489 2779 5560 quod
2817 5489 3135 5544 abscondita
3168 5491 3236 5545 ab
3262 5495 3516 5550 omnibus

2206 5695 2248 5766 {7
2283 5694 2421 5766 Psal.
2455 5708 2720 5766 cxxsyttt,
2760 5693 2816 5744 b'.
2858 5765 2861 5766 ν
2891 5695 2939 5766 1⁸
2975 5697 3111 5751 t’sal.
3145 5713 3330 5766 cxvtv,
3371 5702 3419 5766 l,
3456 5704 3512 5761 2.

2501 5765 2543 5793 τι
2581 5763 2723 5818 Psal.
2755 5778 2806 5826 ι..
2854 5765 2935 5818 to.
3015 5766 3058 5798 τι
3101 5765 3381 5833 lCor.vtt,
3409 5763 3512 5832 '23.
