3872 6278
396 403 502 460 975

1460 388 1757 447 .PATRES
1797 383 2098 443 AEGYPTII
2141 382 2415 440 SECULI
2455 382 2547 439 IV.

3549 369 3668 427 976

395 519 611 576 stnculis
657 528 713 572 et
754 512 1188 586 generationibus
1225 518 1437 567 reserat
1471 524 1693 564 arcana.
1732 505 1967 562 Maxima
1997 511 2040 565 Α
2071 503 2318 567 domum,
2364 517 2465 570 nec
2508 496 2732 554 habebit
2773 492 3144 551 hmreditatem
3203 493 3254 546 in
3296 501 3442 546 terra
3471 491 3666 546 viven-

397 628 531 670 sane
562 611 850 667 haereditas
878 618 962 662 est
993 616 1048 661 et
1079 605 1374 677 possessio,
1408 603 1710 674 virginitas.
1737 600 1838 668 Qui
1861 599 1973 652 vir-

398 705 677 776 ginitatem
739 708 1086 768 aspernatur,
1142 698 1308 752 Deum
1345 696 1434 750 ille
1477 705 1534 750 et
1565 695 1784 764 angelos
1812 689 1978 746 allicit

401 797 618 866 injuria.
654 793 821 848 Nemo
849 791 1092 860 profecto
1119 805 1188 844 ex
1215 788 1513 844 adversarii
1552 787 1793 843 exercitu
1824 800 1979 841 acce-

401 889 529 942 dere
561 887 742 953 audet,
778 894 870 938 aut
904 883 1049 938 valet
1080 884 1132 936 in
1159 896 1302 936 eam.
1330 881 1582 934 Attamen
1618 893 1778 934 nemo
1807 876 1977 935 virtti-

402 994 530 1034 num
563 978 827 1048 glorietur
865 977 932 1031 de
964 975 1274 1045 virginitate
1305 993 1319 1029 :
1349 973 1522 1045 gratia
1568 973 1767 1041 quippe
1809 969 1980 1039 ipsius

403 1073 495 1127 Dei
521 1080 624 1127 est.
649 1070 814 1140 Virgo
842 1068 1136 1123 muliebres
1158 1083 1372 1131 sensus,
1403 1065 1756 1135 cogitationes
1777 1063 1979 1127 carnis,

401 1163 579 1217 cordis
619 1161 928 1231 superbiam
970 1169 1025 1212 et
1074 1173 1314 1214 amorem
1368 1172 1555 1213 eorum
1597 1155 1837 1210 omnium
1863 1169 1985 1224 qua:

403 1252 601 1308 diaboli
639 1260 804 1314 sunt,
836 1265 866 1303 a
907 1263 966 1304 se
997 1247 1309 1301 amoliatur.
1353 1243 1836 1299 Murmuratiouem
1865 1255 1984 1310 pro-

403 1345 489 1398 cul
527 1351 780 1397 amoveat
805 1348 1056 1410 quoque;
1092 1340 1218 1393 item
1248 1352 1377 1406 erga
1424 1337 1670 1390 homines
1699 1334 1903 1395 odium,
1931 1340 1988 1387 et

405 1434 628 1504 gloriam
663 1433 869 1486 mundi.
906 1430 1172 1500 Religioni
1222 1429 1539 1491 incumbat,
1570 1427 1847 1482 contineat
1883 1423 1988 1478 lin-

405 1520 590 1596 guam,
623 1534 976 1592 ventremque
999 1523 1231 1590 castiget
1253 1520 1498 1590 jejuniis.
1523 1518 1658 1572 Nam
1689 1519 1735 1573 si
1761 1518 1844 1572 his
1865 1531 1985 1572 om-

409 1617 569 1671 nibus
595 1624 857 1670 exornata
894 1613 1077 1680 fuerit,
1114 1613 1218 1668 erit
1257 1612 1588 1667 sacrificium
1630 1611 1748 1664 sine
1778 1608 1988 1664 macula

407 1714 501 1760 aut
530 1703 846 1774 pollutione.
891 1703 1187 1770 Virginitas
1217 1718 1368 1756 urnae
1401 1717 1534 1756 auro
1572 1703 1990 1775 plen-.ecompa-

411 1804 586 1862 ratur,
609 1810 773 1864 quam
811 1794 898 1850 diu
931 1804 1201 1862 noctuque
1235 1793 1547 1847 custodiunt
1569 1792 1832 1848 excubiae.
1868 1790 1992 1846 Vir-

411 1888 613 1957 ginitas
656 1889 790 1942 odor
846 1897 932 1943 est
973 1887 1328 1942 suavissimus
1369 1887 1590 1941 Christo
1640 1887 1900 1949 Domino,
1939 1895 1996 1940 et

413 1981 718 2035 diademata
749 1981 870 2036 vitae
903 1981 1196 2035 connectit.
1232 1980 1311 2043 Si,
1354 1980 1535 2049 virgo,
1559 1979 1789 2033 sollicita
1831 1977 1995 2032 fueris

411 2072 480 2128 de
513 2071 698 2126 multis
752 2072 916 2138 cibis,
953 2081 1006 2127 et
1059 2086 1180 2126 enm
1232 2073 1307 2125 tui
1345 2070 1709 2126 ambulaveris
1759 2070 1996 2125 admira-

417 2164 583 2229 tione,
611 2164 664 2216 in
688 2163 940 2217 omnibus
966 2163 1222 2233 operibus
1247 2163 1354 2218 tuis
1373 2161 1747 2217 confusionem
1771 2160 1995 2215 referes.

417 2256 474 2310 Si
519 2257 754 2327 linguam
804 2266 948 2308 tuam
991 2271 1096 2310 non
1147 2256 1499 2320 custodieris,
1533 2269 1700 2308 vacua
1740 2255 1847 2307 eris
1887 2260 2000 2306 toto

419 2351 544 2404 vitae
578 2360 680 2404 ture
727 2365 886 2403 cursu
909 2388 923 2413 ,
956 2359 1012 2402 et
1042 2348 1426 2418 adiniplebitur
1451 2349 1516 2403 de
1558 2356 1610 2402 te
1639 2347 1876 2414 scriptus
1913 2343 2000 2399 ille

420 2455 601 2495 sermo
635 2457 648 2490 :
701 2438 999 2508 Suscepisti
1044 2455 1268 2510 magnos
1303 2441 1516 2494 labores
1556 2438 1779 2493 frustra.
1823 2435 2000 2492 Nolite

421 2544 573 2598 ergo,
603 2531 824 2595 fratres,
856 2533 1020 2585 nolite
1045 2531 1379 2598 permittere,
1411 2538 1469 2582 ιιι
1502 2529 1554 2582 id
1579 2530 1734 2584 vobis
1757 2527 1998 2593 accidat;

421 2623 516 2675 sed
552 2623 772 2692 optimze
809 2637 872 2678 ac
904 2622 1317 2692 perfectissimae
1351 2622 1623 2690 patientia
1650 2635 1868 2690 Operam
1905 2620 2000 2674 de-

425 2728 548 2769 tnns
569 2755 585 2778 ,
618 2725 675 2768 ut
713 2730 812 2770 nos
843 2729 1060 2785 quoque
1093 2715 1278 2769 dicere
1314 2715 1584 2768 valeamus
1613 2730 1628 2769 :
1662 2711 1777 2767 Non
1809 2713 2001 2775 timeo,

426 2810 550 2880 quia
586 2809 846 2864 Dominus
891 2808 1106 2878 adjutor
1153 2821 1304 2861 meus
1347 2815 1450 2860 est.
1491 2805 1557 2860 Et
1606 2805 1766 2859 sicnti
1799 2804 2002 2858 dictum

425 2912 507 2956 est
534 2919 550 2955 :
582 2901 857 2954 Timentes
885 2913 944 2954 se
989 2898 1248 2953 Dominus
1279 2897 1451 2966 diligit
1475 2897 1526 2951 itt
1555 2896 1766 2952 cunctis
1792 2895 1965 2950 bonis.

879 3005 1068 3046 SECTIO
1109 3005 1302 3045 DECIMA
1343 3003 1570 3044 οετΑνΑ.

427 3081 494 3136 In
521 3098 624 3150 qua
655 3083 909 3151 pra'cipit,
941 3091 995 3134 ut
1028 3081 1330 3134 recedamus
1360 3097 1391 3133 a
1427 3081 1587 3145 malo,
1620 3091 1666 3132 et
1697 3081 2006 3135 accedamus

766 3156 834 3204 ad
859 3152 1047 3204 bonum
1070 3192 1084 3211 ,
1127 3152 1487 3218 faciamusque
1513 3151 1663 3204 illud.

501 3241 685 3296 Sacra:
713 3251 967 3296 asserunt
992 3241 1286 3310 Scriptura:
1315 3261 1326 3295 :
1359 3241 1496 3296 Ecce
1543 3243 1793 3310 proposui
1827 3259 2002 3296 coram

429 3343 479 3389 te
507 3336 641 3388 duas
671 3335 802 3400 vias,
837 3334 1033 3387 scilicet
1065 3335 1257 3387 bonum
1295 3345 1342 3386 et
1377 3336 1576 3387 malum
1613 3335 1682 3387 ⁷³.
1727 3333 1877 3388 Viam
1910 3351 2009 3389 au-

431 3435 540 3480 tem
602 3427 727 3480 ntali
788 3426 1137 3480 noviSsimnm
1194 3425 1261 3479 ad
1329 3424 1653 3494 profumlum
1711 3427 2009 3481 inferorum

430 3519 757 3582 conducere,
788 3517 987 3572 ea‘dent
1037 3533 1136 3572 nos
1163 3518 1428 3573 certiores
1467 3519 1733 3574 fecerunt.
1767 3519 2011 3574 lleccda-

432 3625 554 3665 mus
581 3623 709 3680 ergo
735 3611 802 3664 ab
825 3626 911 3675 ea,
943 3624 998 3665 et
1031 3611 1370 3665 ambulemus
1404 3627 1526 3665 cum
1561 3612 1886 3667 rectitudine
1913 3627 2012 3681 per

427 3717 554 3758 eam
606 3719 765 3772 quam
826 3703 1238 3756 ambulaverunt
1292 3704 1504 3766 sancti,
1558 3703 2010 3772 quemadmodum

433 3796 639 3850 dictum
667 3804 750 3848 est
784 3813 796 3848 :
833 3793 979 3847 Beati
1019 3775 1345 3847 immaculati
1379 3797 1432 3848 in
1465 3797 1568 3861 ria,
1607 3797 1698 3866 qui
1742 3797 2011 3850 ambulant

435 3888 490 3940 in
523 3886 630 3956 lege
665 3885 875 3938 Domini
905 3885 971 3938 ⁷⁸.
1015 3884 1110 3938 Via
1141 3894 1455 3939 sanctorum
1488 3902 1618 3942 vero
1656 3897 1738 3942 est
1763 3928 1776 3951 ,
1812 3896 1869 3941 ut
1894 3905 2013 3942 am-

437 3976 688 4034 buletnns
720 3975 769 4029 in
804 3975 920 4044 lege
953 3973 1186 4041 Domini,
1226 3975 1434 4029 scilicet
1467 3976 1516 4028 in
1563 3977 1795 4045 puritate
1821 3992 2016 4047 corpo-

440 4071 540 4134 ris,
601 4070 834 4139 puritate
877 4069 1094 4140 linguai,
1125 4067 1362 4137 puritate
1413 4067 1716 4132 oculorum,
1779 4068 2015 4134 puritate

439 4176 720 4226 manuum,
746 4161 982 4230 puritate
1008 4159 1242 4226 aurium,
1279 4160 1512 4229 puritate
1541 4160 1760 4228 pedum,
1789 4169 1845 4213 et
1869 4169 2012 4214 recta

440 4253 506 4306 ad
537 4252 709 4306 Deum
735 4251 1059 4326 cogitatione
1083 4252 1391 4320 mundoque
1415 4252 1575 4306 corde
1600 4265 1727 4321 erga
1760 4251 2012 4315 invicem,

441 4356 499 4398 ut
529 4345 712 4398 dicere
739 4344 1012 4398 valeamus
1042 4365 1053 4398 :
1087 4342 1192 4396 Cor
1217 4343 1470 4396 mundum
1493 4358 1612 4395 crea
1634 4343 1687 4395 in
1721 4359 1821 4405 me,
1853 4342 2013 4409 Deus,

439 4449 485 4492 et
526 4437 765 4503 spiritum
798 4449 994 4488 rectum
1025 4435 1212 4488 innoua
1243 4435 1297 4486 in
1331 4435 1610 4488 visceribus
1637 4436 1764 4488 meis
1793 4434 1859 4487 ⁷⁸.

924 4541 1110 4581 εεετιο
1151 4541 1345 4580 ιιεςιιιΑ
1384 4542 1542 4594 unus.

677 4618 745 4674 In
781 4635 886 4688 qua
919 4621 1095 4688 agitur
1122 4619 1186 4670 de
1223 4619 1538 4672 continentia
1573 4617 1788 4688 tinguat.

516 4709 836 4764 Charissimi
896 4709 1134 4772 fratres,
1212 4717 1446 4760 vestram
1503 4722 1634 4776 rogo
1693 4708 2014 4763 cbaritatem

447 4818 573 4872 erga
609 4800 882 4854 Christum
917 4797 1121 4864 Deum,
1157 4806 1215 4854 ut
1257 4798 1478 4868 fugiatis
1504 4809 1558 4853 et
1586 4801 1800 4855 evitetis
1832 4816 2014 4856 semen

449 4909 713 4964 nequam,
740 4891 952 4961 plenum
994 4891 1238 4946 fraudum
1281 4901 1337 4945 et
1375 4892 1614 4945 omnium
1659 4895 2016 4960 pessimorum

451 4985 721 5040 dolorum.
775 4982 943 5036 Sacra
983 4981 1246 5049 siquidem
1289 4981 1480 5035 asserit
1517 4979 1795 5048 Scriptura
1831 5001 1845 5036 :
1894 4981 2022 5036 Lin-

449 5093 551 5146 gua
575 5075 782 5145 quidem
805 5073 1062 5126 modicum
1102 5071 1385 5126 membrum
1403 5082 1501 5134 est,
1532 5073 1620 5124 sed
1646 5073 1878 5125 maculat
1903 5089 2022 5126 cor-

447 5186 545 5241 pus
571 5177 732 5221 totum
762 5167 828 5218 ⁷⁸.
859 5165 994 5219 Dicit
1029 5167 1190 5216 item:
1223 5161 1287 5216 lu
1313 5162 1422 5226 ipsa
1447 5161 1798 5215 benedicimus
1825 5163 2021 5227 Deum;

449 5272 496 5314 et
527 5260 581 5312 in
613 5260 724 5327 ipsa
773 5242 1133 5310 maledicimus
1177 5254 1436 5315 homines,
1481 5269 1606 5317 quos
1648 5258 1836 5307 creavit
1882 5255 2019 5310 Deus
2075 5245 2082 5251 ’

451 5353 520 5403 ad
554 5365 704 5402 suam
748 5347 1144 5402 similitudinem
1177 5344 1247 5396 ⁷⁷.
1287 5341 1431 5396 Mors
1465 5357 1596 5414 ergo
1635 5346 1833 5399 residet
1869 5347 1920 5401 in
1961 5365 2026 5402 eo

453 5443 548 5510 qui
576 5441 811 5509 bicipitis
835 5449 915 5490 est
946 5439 1157 5502 linguai,
1193 5437 1314 5503 quia
1342 5452 1464 5489 cum
1500 5447 1671 5491 morte
1703 5436 1878 5492 {tedas
1898 5455 2025 5508 pcr-

456 5530 656 5595 cussil,
711 5529 921 5596 sibique
965 5527 1282 5596 perditionis
1334 5527 1385 5580 in
1442 5527 1652 5582 inferno
1705 5534 2026 5598 praeparavit

551 5663 599 5694 ⁷³
636 5662 784 5716 Deut.
830 5679 931 5717 xxx
956 5705 970 5728 ,
1002 5662 1084 5716 15.

455 5731 505 5766 ⁷⁸
545 5731 731 5792 Matth.
769 5749 896 5794 xxv,
942 5736 1002 5786 2|
1029 5774 1044 5801 ,
1080 5735 1169 5787 ‘25.

460 5813 531 5866 ι,
565 5801 651 5856 19.

1179 5663 1224 5694 ⁷³
1260 5661 1398 5717 Psal.
1427 5677 1612 5726 cxvttt,
1641 5662 1688 5715 1.

1761 5664 1806 5695 ⁷⁸
1832 5665 1969 5720 Psal.
2003 5683 2052 5734 ι,
2093 5667 2176 5722 12.

1246 5734 1292 5789 ."°
1337 5733 1476 5788 l’sal.
1522 5747 1651 5797 xui,
1705 5734 1775 5798 1.,
1831 5730 2172 5803 ⁸¹Ρεει1.’νιι,
2204 5730 2290 5784 17.

2077 595 2234 659 tintn,
2287 593 2380 664 qui
2418 592 2625 647 faciunt
2675 590 2769 644 Dei
2798 588 3150 643 voluntatem.
3181 585 3341 641 Certe
3381 585 3667 638 hominem

2076 685 2368 757 bilinguem
2402 687 2614 739 animas
2642 683 2940 753 deperdere
2983 680 3308 748 comperies,
3359 678 3670 734 familiares

2077 785 2132 833 et
2162 777 2365 832 amicos
2395 777 2734 846 perturbare,
2765 776 3032 844 dissipare
3070 785 3243 828 castus
3273 782 3328 826 et
3352 786 3662 842 congrega-

2084 869 2278 933 tiones,
2313 869 2566 923 omnibus
2616 867 2771 921 malis
2821 865 3102 936 patrandis
3141 865 3272 919 dare
3304 877 3525 932 Operam
3553 903 3571 928 ,
3607 878 3672 917 ac

2082 974 2206 1016 sese
2257 962 2605 1026 immiscere,
2650 962 2992 1029 semperque'
3015 957 3066 1012 in
3118 957 3420 1025 proximum
3463 955 3674 1010 machi-

2083 1054 2205 1106 nari
2239 1052 2442 1106 dolum.
2490 1051 2806 1112 Orationes,
2841 1050 3214 1119 eleemosynas
3244 1056 3299 1102 et
3339 1045 3542 1117 jejunia
3585 1046 3674 1099 bi-

2085 1140 2286 1210 linguis
2346 1141 2587 1199 tenebris
2639 1138 2892 1194 obvoluta
2939 1139 3242 1204 coniperies
3300 1151 3483 1189 coram
3535 1135 3675 1190 Deo.

2093 1229 2461 1296 Quamobrem
2493 1229 2755 1297 scriptum
2790 1235 2875 1280 est
2895 1267 2909 1285 .
2935 1228 3075 1294 quod
3102 1227 3276 1281 oratio
3305 1225 3540 1278 hominis
3575 1227 3681 1278 ho-

2081 1320 2316 1390 jusmodi
2346 1319 2440 1374 flat
2471 1320 2523 1374 in
2547 1325 2823 1389 peccatum
2841 1318 2909 1374 ⁷⁸.
2940 1317 3032 1373 Eia
3064 1333 3208 1372 nunc
3240 1317 3430 1386 igitur,
3470 1316 3680 1371 fratres

2089 1413 2472 1477 dilectissimi,
2509 1414 2666 1482 longe
2722 1411 2892 1483 fugite
2949 1426 2979 1464 a
3040 1409 3301 1478 bilingui,
3367 1409 3676 1464 amicitiam

2090 1522 2212 1563 cunt
2241 1521 2305 1561 eo
2336 1519 2678 1574 nequaquam
2709 1502 2922 1566 ineatis,
2947 1501 3070 1568 quia
3096 1502 3187 1571 qui
3215 1501 3513 1556 amicitiam
3539 1517 3672 1555 cum

2091 1596 2184 1653 illo
2215 1597 2457 1659 iniverit,
2499 1609 2618 1650 eam
2657 1609 2782 1649 cum
2835 1601 3008 1647 morte
3046 1591 3223 1646 inivit.
3273 1590 3386 1644 lmo
3425 1591 3681 1645 adnitere

2094 1690 2224 1744 totis
2255 1689 2486 1752 viribus,
2525 1701 2592 1741 ne
2626 1701 2747 1741 cum
2781 1684 2872 1739 illo
2906 1683 3167 1752 loquaris,
3200 1695 3266 1737 ne
3295 1682 3415 1751 ejus
3435 1683 3677 1750 pessima

2093 1780 2308 1835 ediscas
2336 1794 2498 1847 opera
2519 1820 2536 1844 ,
2567 1785 2729 1845 teque
2755 1773 2982 1829 inliciat.
3013 1773 3210 1828 Beatus
3243 1781 3326 1828 est
3359 1773 3521 1827 homo
3551 1773 3682 1834 ille,

2096 1871 2192 1942 qni
2223 1870 2327 1926 sibi
2358 1869 2646 1940 diligenter
2679 1875 2855 1933 cavet,
2891 1875 2948 1920 et
2977 1865 3352 1934 experimento
3393 1863 3594 1917 ediscit
3626 1864 3685 1916 li-

2097 1961 2272 2017 delem
2299 1961 2352 2015 in
2381 1960 2633 2014 omnibus
2663 1973 2818 2024 esse;
2863 1958 2987 2026 quia
3020 1956 3066 2010 is
3091 1969 3280 2010 vocem
3310 1955 3455 2008 illam
3500 1955 3682 2008 laetam

2097 2053 2280 2108 audiet
2315 2071 2330 2108 :
2365 2050 2508 2118 Quia
2539 2067 2694 2117 super
2726 2065 2894 2111 pauca
2917 2046 3074 2114 fuisti
3099 2047 3293 2114 ﬁdelis,
3330 2063 3491 2115 supra
3516 2047 3688 2099 multa

2098 2154 2148 2200 te
2176 2143 2490 2198 constituam
2544 2143 2685 2195 intra
2711 2141 2766 2193 in
2804 2141 3054 2209 gaudium
3087 2137 3299 2191 Domini
3334 2138 3410 2191 tui
3438 2137 3508 2191 ".

2646 2269 2837 2308 SECTIO
2878 2267 3155 2306 νιεεειιιιι.

2767 2345 2841 2399 De
2877 2345 3021 2397 dolo.

2171 2439 2508 2495 Extollemus
2535 2453 2732 2492 manus
2757 2447 2969 2491 nostras
2994 2445 3051 2489 et
3082 2433 3246 2489 corda
3279 2445 3462 2490 nosua
3493 2435 3562 2488 ad
3590 2433 3691 2488 Al-

2107 2533 2380 2588 tissimum
2412 2531 2502 2600 qui
2535 2530 2588 2583 in
2618 2529 2773 2584 cmlis
2810 2537 2915 2592 est,
2944 2536 3000 2582 et
3024 2526 3210 2596 fugere
3241 2526 3556 2580 adnitamur
3581 2527 3694 2596 pri-

2102 2639 2250 2678 mum
2303 2620 2432 2676 illud
2484 2629 2810 2691 peccatum,
2857 2631 3054 2688 nempe
3101 2615 3283 2671 dolum
3332 2616 3424 2685 qni
3459 2629 3582 2672 erat
3637 2620 3688 2670 ln

2104 2715 2237 2771 Cain
2258 2755 2274 2778 ,
2308 2713 2608 2769 secundum
2633 2711 2854 2767 verbum
2903 2710 3032 2764 illud
3065 2709 3362 2778 scriptum:
3399 2709 3536 2762 Deus
3563 2749 3581 2773 ,
3617 2711 3690 2761 1i-

2105 2806 2230 2860 bera
2260 2821 2342 2858 me
2394 2802 2458 2856 ab
2493 2803 2702 2855 homine
2752 2801 2932 2870 iniquo
2978 2813 3030 2852 et
3069 2799 3251 2852 doloso
3283 2799 3351 2852 ⁸ο.
3389 2799 3566 2874 llomo
3597 2803 3692 2853 do-

2105 2898 2252 2952 losus
2275 2897 2509 2950 animam
2536 2910 2689 2950 suam
2730 2893 2926 2963 decipit
2949 2901 3158 2946 tantum
3184 2932 3202 2957 ,
3225 2892 3351 2961 quia
3388 2893 3543 2947 dolus
3574 2892 3692 2962 ejus

2108 2989 2398 3044 revertitur
2419 2990 2472 3041 in
2493 2995 2652 3056 caput
2679 2986 2866 3052 ipsius,
2889 2995 2947 3038 ut
2965 2985 3227 3054 scriptum
3249 2995 3329 3039 est
3354 2985 3406 3038 in
3434 2983 3692 3038 Psahno:

2113 3081 2286 3135 Labor
2333 3080 2449 3149 ejus
2494 3087 2818 3132 convertetur
2858 3077 2913 3129 in
2947 3085 3103 3144 caput
3145 3075 3296 3145 ejus,
3355 3086 3404 3129 et
3439 3077 3693 3144 iniquitas

2032 3193 2074 3251 ο
2109 3175 2269 3228 veniet
2312 3188 2473 3240 usque
2521 3171 2576 3222 in
2631 3171 2861 3222 medium
2908 3169 3096 3222 domus
3148 3170 3264 3237 ejus
3313 3168 3384 3223 ⁸⁸.
3448 3167 3697 3222 Hominis

2112 3264 2236 3318 ntali
2265 3280 2330 3316 ne
2355 3261 2727 3316 familiaritate
2764 3259 2965 3324 utaris,
3005 3276 3106 3314 nec
3157 3261 3401 3329 iniquum
3445 3259 3697 3328 sequaris

2111 3354 2411 3414 hominem,
2455 3367 2557 3406 nec
2593 3351 2807 3420 penitus
2845 3363 3033 3419 tangas
3071 3352 3256 3417 illum;
3281 3350 3375 3404 sed
3405 3362 3698 3406 exsecrare

2112 3455 2166 3497 ut
2224 3443 2505 3498 sindoneut
2559 3451 2895 3495 mortuorum
2945 3441 3211 3496 fetoribus
3270 3442 3694 3511 coinquinatam.

2112 3533 2319 3604 Lingua
2357 3533 2554 3601 quippe
2592 3531 2828 3585 hominis
2871 3531 3040 3584 dolosi
3068 3532 3270 3584 excitat
3318 3534 3698 3585 contentiones

2113 3625 2257 3680 inter
2287 3626 2504 3687 turbas,
2540 3619 2971 3691 effusionemqne
3023 3623 3322 3690 sanguinis.
3361 3621 3465 3687 Qui
3502 3622 3697 3675 amici-

2116 3717 2243 3770 tiam
2275 3714 2550 3769 contrahit
2578 3728 2698 3767 cnm
2739 3713 2921 3766 dolosa
2947 3751 2966 3777 ,
3011 3715 3254 3767 eamdem
3300 3728 3423 3768 cum
3457 3715 3697 3783 pessimo

2113 3806 2330 3862 diabolo
2361 3804 2658 3860 contrahit.
2688 3803 2786 3868 Qui
2835 3805 3150 3858 societatem
3184 3804 3282 3857 init
3317 3819 3436 3858 eunt
3467 3804 3694 3868 doloso,

2115 3911 2237 3950 eam
2289 3896 2388 3949 init
2448 3909 2571 3949 cum
2627 3893 2951 3947 cffusoribns
3005 3894 3305 3962 sanguinis,
3360 3903 3414 3948 et
3467 3895 3698 3963 propria

2115 3986 2306 4040 mortis
2351 3985 2412 4038 fit
2441 3985 2555 4052 ipse
2587 3999 2730 4038 rens.
2765 3983 2931 4038 Multo
2964 3985 3346 4054 expedientius
3408 3967 3492 4039 est
3545 3986 3698 4039 habi-

2116 4086 2234 4130 tare
2273 4076 2324 4128 in
2365 4074 2657 4128 solitudine
2684 4114 2700 4139 ,
2743 4089 2903 4143 quam
2930 4091 3051 4128 cum
3081 4075 3296 4130 homine
3323 4075 3529 4131 doloso.
3566 4078 3698 4132 Cum

2115 4166 2303 4222 doloso
2340 4166 2634 4220 amicitiam
2680 4181 2746 4221 ne
2816 4169 3145 4222 contrahas:
3187 4167 3238 4220 in
3273 4168 3492 4221 domum
3537 4168 3696 4221 ullam

2117 4275 2240 4314 cum
2292 4273 2358 4314 eo
2406 4272 2475 4312 ne
2513 4257 2869 4328 ingrediaris,
2923 4258 3050 4326 quia
3105 4257 3148 4311 si
3180 4256 3350 4312 fueris
3391 4261 3698 4328 ingressus,

2116 4347 2398 4420 pertrahet
2429 4357 2478 4401 te
2510 4346 2576 4399 ad
2624 4360 2781 4398 suum
2811 4344 3057 4398 fetorem.
3102 4343 3286 4398 Satius
3327 4344 3422 4401 tibi
3466 4355 3550 4399 est
3579 4360 3700 4398 esse

2119 4454 2244 4495 cum
2297 4438 2452 4502 feris,
2483 4452 2644 4506 quam
2700 4453 2821 4490 cum
2883 4436 3104 4490 homine
3149 4437 3337 4491 doloso
3373 4455 3388 4490 :
3433 4437 3696 4504 siquidem

2043 4545 2096 4604 ι)
2123 4531 2365 4586 suaviter
2397 4531 2464 4583 ad
2495 4539 2546 4584 te
2590 4530 2799 4606 accedit
2828 4530 2929 4585 iste
2957 4568 2973 4594 ,
3005 4538 3060 4582 et
3093 4528 3318 4598 pacifice
3344 4527 3588 4597 loquitur
3629 4541 3700 4581 te-

2120 4639 2288 4686 cum;
2325 4631 2381 4675 at
2415 4622 2459 4674 si
2491 4635 2587 4674 cor
2639 4619 2782 4673 illius
2824 4621 2994 4674 semel
3044 4619 3474 4681 contristaveris,
3517 4620 3699 4672 statim

2121 4711 2502 4768 absconditum
2545 4720 2757 4765 eructat
2789 4711 2970 4765 dolum
2995 4749 3010 4775 ,
3050 4719 3209 4779 teque
3249 4711 3578 4779 imparatum
3616 4709 3702 4775 ju-

2123 4803 2672 4874 gulat.Qnamobrem
2709 4802 2847 4857 Deus
2876 4804 2966 4871 qui
3004 4812 3124 4857 erat
3149 4816 3272 4856 eum
3321 4801 3572 4871 patribus
3611 4815 3702 4854 no-

2124 4894 2252 4948 stris
2279 4893 2577 4957 Abraham,
2616 4893 2768 4946 Isaac
2792 4902 2847 4947 et
2873 4891 3061 4956 .lacob,
3089 4893 3159 4946 sit
3189 4892 3492 4960 vobiscum,
3522 4901 3583 4945 ut
3610 4905 3702 4945 vos

2124 4993 2278 5037 eruat
2299 4986 2365 5037 ab
2389 4982 2477 5036 illo
2507 4982 2661 5052 cujus
2687 4982 2941 5036 fortitudo
2966 4993 3048 5037 est
3084 4983 3135 5036 itt
3179 4981 3378 5037 lumbis
3405 4981 3474 5046 ”,
3511 4996 3702 5050 nempe

2127 5073 2372 5139 diabolo;
2399 5073 2490 5143 qui
2526 5074 2672 5128 omni
2727 5085 2972 5143 tempore
3008 5073 3274 5142 religiosis
3305 5073 3509 5144 invidet
3537 5074 3699 5138 viris,

2126 5174 2180 5219 et
2211 5179 2309 5218 suo
2340 5164 2501 5218 hamo
2535 5179 2630 5218 eos
2665 5179 2884 5233 capere,
2929 5174 2986 5218 ut
3014 5163 3295 5235 deglntial,
3335 5163 3567 5219 nititur:
3617 5179 3702 5218 reo

2130 5269 2273 5315 rum,
2306 5254 2397 5320 qui
2428 5264 2551 5309 orat
2577 5270 2673 5324 pro
2703 5256 2858 5310 nobis
2884 5256 2956 5320 ⁸³,
2997 5256 3260 5309 habemus
3293 5257 3575 5310 Dominum
3610 5272 3700 5310 no-

2124 5355 2295 5400 strum
2317 5343 2504 5398 Jesum
2535 5343 2810 5399 Christum
2837 5387 2853 5411 ,
2883 5348 2972 5415 qui
3007 5346 3162 5405 nobis
3189 5346 3337 5401 dedit
3379 5357 3698 5416 potestatem

2122 5435 2362 5489 calcandi
2423 5435 2678 5489 virtutem
2736 5436 2854 5505 ejus
2900 5437 2966 5489 ⁸⁸.
3015 5435 3216 5491 Oculus
3257 5439 3346 5505 qui
3397 5454 3426 5490 a
3479 5439 3701 5490 videndo

2123 5541 2228 5578 non
2255 5523 2604 5593 defatigatur,
2635 5534 2688 5578 et
2708 5527 2855 5580 auris
2887 5541 3006 5596 qua:
3045 5528 3113 5581 ab
3151 5529 3334 5580 auditu
3362 5541 3467 5580 non
3502 5526 3697 5589 deficit,

2269 5661 2314 5691 "
2344 5658 2458 5713 Jac.
2486 5675 2566 5725 ιιι,
2609 5661 2673 5725 5,
2705 5661 2758 5714 6.
2837 5662 2882 5692 ⁷⁷
2911 5661 3040 5716 ibid.
3074 5662 3126 5717 9.
3206 5663 3252 5693 ⁷⁸
3295 5663 3437 5716 Psal.
3476 5660 3696 5725 cvm,7.

2400 5730 2445 5761 ⁸¹
2480 5728 2580 5784 Job
2615 5747 2710 5795 ιιι,
2743 5731 2828 5785 11.
2931 5732 2979 5764 ⁸³
3007 5732 3168 5787 Ηειιτ.
3196 5749 3300 5796 vti,
3499 5733 3546 5765 ⁸⁸
3570 5731 3698 5791 Luc.
