3868 6282
211 347 316 406 977

1241 337 1299 392 S.
1337 336 1621 394 ΑΝΤΟΝΙΙ
1658 339 1729 395 M.
1772 335 2067 393 ABBA'I'IS
2104 331 2481 392 EPISTOLE.

3364 336 3481 396 978

206 451 319 521 ipsa
351 460 649 516 asseverat,
675 465 818 521 quod
846 453 1301 525 complementum
1340 458 1475 531 legis
1506 460 1579 516 sit
1606 460 1788 517 chari-
1818 467 1865 524 Α
1893 466 2037 513 stum
2084 458 2138 515 in
2163 473 2355 513 omnes
2399 454 2775 528 generationes
2797 456 2915 511 sine
2946 456 3324 526 corruptione,
3355 455 3473 512 fra-

206 551 289 597 tas
310 544 379 597 ".
414 542 551 597 Dicit
595 543 757 599 etiam
791 564 807 600 :
850 544 1051 601 [lorum
1093 550 1549 618 complementum
1581 563 1695 619 est,
1727 561 1787 606 ut

204 635 322 690 sitis
342 649 532 689 omnes
559 650 657 690 cor
678 653 841 691 unum
896 639 947 693 in
973 638 1103 694 Jesu
1147 641 1363 696 Christo
1392 661 1407 698 :
1443 659 1599 714 opem
1639 645 1786 699 invi-

205 741 322 779 cem
354 724 590 779 ferentes
612 767 627 792 ,
659 737 715 782 et
743 726 1038 784 fraternam
1065 731 1383 789 exhibentes
1417 736 1737 789 eharitatem
1767 774 1784 800 ,

204 816 586 873 misericordes
611 819 965 888 exsistentes,
1012 831 1071 876 ut
1102 822 1363 879 Dominus
1399 825 1564 880 etiam
1601 837 1786 882 nostra

204 916 472 976 praeparet
497 910 659 963 corda
692 911 760 966 ad
790 928 887 966 sua
935 914 1186 970 mandata
1220 915 1465 972 facienda
1512 933 1689 989 usque
1717 919 1785 973 ad

202 999 347 1055 diem
371 1001 825 1059 manifestationis
858 1004 1030 1075 plena:
1056 1004 1241 1077 gloriae
1273 1024 1370 1078 per
1396 1007 1581 1065 Jesutu
1628 1008 1788 1065 Chri-

270 1126 320 1158 ⁸⁸
351 1126 507 1184 Rom.
533 1145 656 1194 xm,
686 1133 771 1187 10.

1895 560 2011 606 tres
2037 566 2175 620 quos
2212 551 2401 621 diligo,
2450 565 2548 619 per
2581 547 2765 604 Jesnm
2807 547 3082 604 Christum
3109 568 3124 604 :
3156 550 3240 605 cui
3262 549 3431 620 gloria
3451 590 3475 618 ,

1893 648 1952 694 et
1988 642 2162 697 honor
2203 656 2270 696 ex
2320 655 2485 708 nunc,
2517 649 2574 695 et
2602 640 2748 694 omni
2793 651 3058 710 tempore,
3096 650 3152 696 et
3182 642 3235 695 in
3274 641 3473 698 saecula

1890 734 2235 789 saeculorum.
2265 734 2461 789 Amen.

1886 822 2143 890 Completi
2186 834 2307 895 sunt
2343 826 2526 895 viginti
2554 822 2835 878 Sermones
2868 824 3245 895 sapientissimi
3288 824 3467 879 Patris

1959 897 2125 949 nostri
2175 894 2236 949 S.
2273 895 2493 947 Antonii
2540 895 2768 960 abbatis,
2812 894 3186 948 monachorum
3236 897 3470 952 omnium

1955 967 2238 1086 parentis;4
2252 965 2510 1019 Dominus
2540 965 2708 1019 nostri
2752 980 2845 1032 per
2869 962 2984 1033 ejus
3017 965 3280 1021 orationes
3308 965 3470 1020 miss-

1964 1045 2164 1086 rentur.
2244 1050 2382 1086 men.

1964 1045 2164 1089 νεαιιιν.
2193 1045 2382 1087 Amen.

227 1263 3437 1294 mm

1095 1439 1223 1548 Β.
1312 1383 1835 1615 PATRIS
1920 1440 2581 1589 ANTONII,

881 1653 1229 1712 MERITO
1282 1649 1610 1724 MAGNI,
1669 1656 2078 1714 ABBATIS
2135 1657 2782 1733 SANCTISSIMI,

1446 1827 1978 1910 EPISTOLIE
2046 1829 2236 1923 VII,

812 2005 900 2066 Et
936 2005 1153 2069 Graeco
1184 2006 1412 2071 Latine
1460 2007 1744 2084 redditas,
1784 2008 2136 2089 interprete
2185 2009 2442 2072 Valerio
2489 2010 2569 2075 de
2599 2011 2874 2073 Sarasio.

786 2297 1122 2355 EPISTOLA
1161 2302 1203 2354 ῐ.

729 2404 798 2443 AD
838 2406 1079 2447 FRATBES
1118 2407 1268 2449 SUOS.

286 2480 325 2534 Ι.
367 2478 606 2534 Primum
656 2480 834 2536 saluto
878 2498 972 2537 vos
1017 2483 1071 2537 in
1104 2483 1349 2539 Domino.
1397 2483 1665 2540 Existimo
1697 2501 1790 2539 au-

211 2572 323 2632 tém
369 2575 580 2632 animas
624 2592 978 2648 quascunque
1029 2582 1443 2649 apprehenderit
1492 2584 1664 2653 gratia
1699 2584 1792 2640 Dei

213 2668 459 2722 vocantis
494 2668 560 2722 ad
608 2669 1043 2738 praedicationem
1094 2687 1248 2725 suam
1281 2688 1377 2743 per
1415 2672 1636 2729 verb'um
1672 2690 1796 2745 pro.

213 2761 411 2830 prium,
449 2759 650 2815 habere
678 2770 786 2816 tres
828 2764 1035 2827 modos,
1074 2778 1166 2817 seu
1202 2765 1470 2820 masculos
1496 2781 1592 2820 seu
1622 2766 1784 2820 femiv

213 2864 332 2907 nas.
374 2850 602 2917 Quidam
665 2850 807 2905 enim
848 2865 945 2921 per
1002 2855 1467 2908 testamentariam
1517 2853 1688 2924 legem
1742 2862 1798 2910 et

212 2944 442 2998 inditum
481 2943 535 2997 in
566 2942 645 2997 eis
679 2944 845 2998 semel
876 2945 1103 3010 bonum,
1134 2961 1164 2999 a
1203 2945 1378 3017 prima
1409 2947 1490 3001 sui
1526 2947 1795 3002 conditio-

215 3050 285 3088 ne
329 3034 636 3104 pertingere
682 3035 847 3089 verbo
896 3035 990 3090 Dei
1026 3035 1092 3090 ad
1123 3050 1218 3091 eos
1264 3036 1458 3091 morati
1505 3051 1611 3091 non
1644 3034 1819 3103 suut,'.

218 3126 315 3180 sed
370 3134 731 3194 perrexerunt
775 3126 949 3195 parati
998 3141 1119 3180 cum
1157 3140 1245 3191 eo,
1295 3126 1453 3182 sicuti
1506 3137 1563 3181 et
1614 3136 1801 3183 noster

217 3221 534 3287 progenitor
562 3220 867 3288 Abraham;
896 3221 983 3274 cui
1026 3222 1220 3289 primo,
1257 3222 1383 3291 quia
1422 3223 1664 3292 porrexit
1710 3221 1800 3275 in-

215 3311 468 3381 daginem
503 3308 644 3365 Deus
692 3327 788 3379 per
832 3314 1295 3366 testamentariam
1336 3312 1527 3384 legem,
1555 3313 1803 3382 apparuit

218 3403 445 3458 dicens:
470 3401 570 3458 Exi
600 3402 665 3457 de
685 3413 828 3457 terra
873 3414 965 3457 tua
995 3414 1041 3458 et
1069 3405 1133 3458 de
1160 3406 1471 3474 cognatione
1502 3415 1613 3468 tua,
1655 3412 1704 3456 et
1738 3404 1803 3456 de

217 3494 377 3546 domo
417 3494 580 3561 patris
617 3493 716 3561 tui,
751 3502 801 3547 et
847 3496 963 3548 veni
997 3495 1066 3547 ad
1102 3505 1297 3549 terram
1338 3511 1497 3565 quam
1528 3494 1802 3548 ostendero

220 3582 396 3636 tibi“.
439 3587 512 3638 At
544 3584 630 3639 ille
662 3585 717 3639 in
748 3584 898 3639 nullo
940 3585 1217 3651 haesitans,
1249 3596 1467 3656 paratus
1496 3585 1595 3640 fuit
1624 3587 1674 3641 in
1703 3599 1802 3639 νο·-

216 3671 453 3726 catione.
490 3671 590 3727 Hie
621 3685 801 3729 autem
852 3674 1023 3745 figura
1069 3686 1189 3731 erat
1235 3653 1425 3746 prima:
1467 3676 1592 3730 vitae
1640 3653 1876 3744 bujusc

222 3760 602 3832 institutionis,
654 3780 776 3836 qua:
824 3782 970 3821 nunc
1021 3782 1192 3837 usque
1231 3768 1472 3838 persistit
1507 3768 1558 3821 in
1603 3768 1684 3823 eis
1710 3768 1803 3837 qui

221 3852 343 3921 ejus
372 3865 675 3924 sequuntur
695 3857 941 3928 vestigia.
976 3857 1129 3913 Unde
1145 3868 1199 3913 et
1222 3859 1417 3914 iterum
1440 3859 1485 3913 si
1508 3859 1704 3913 animm
1725 3860 1806 3914 sic

223 3944 532 3999 sustineant
562 3945 618 4000 et
646 3946 720 4001 ita
761 3947 990 4018 egerint,
1019 3947 1179 4004 facile
1205 3950 1422 4004 easdem
1457 3949 1684 4005 virtutes
1713 3965 1803 4004 as-

224 4045 460 4100 sument,
501 4052 566 4093 eo
597 4038 740 4108 quod
775 4050 961 4106 parata
1014 4040 1123 4094 sint
1157 4041 1318 4096 corda
1368 4055 1557 4095 earum
1605 4040 1805 4111 repleri

224 4126 430 4200 Spiritu
465 4127 581 4184 Dei.
623 4129 688 4183 Et
731 4131 848 4187 haec
897 4130 1167 4187 institutio
1229 4133 1424 4202 prima.
1482 4131 1620 4188 lluic
1672 4148 1803 4189 vero

223 4218 463 4275 secunda
495 4220 711 4276 exsistit
734 4221 802 4277 de
842 4222 910 4277 iis
941 4222 1034 4292 qui
1064 4221 1293 4277 audiunt
1322 4222 1584 4292 scriptam
1630 4223 1805 4292 legem

226 4311 606 4368 testiﬁcanteut
634 4314 715 4369 eis
756 4313 1012 4369 universa
1059 4313 1320 4382 supplicia
1352 4328 1472 4382 quae
1505 4315 1809 4383 peccatori-

224 4401 327 4459 bus
356 4414 750 4471 prarparantur,
777 4412 834 4459 et
879 4406 1290 4460 annuntiantem
1331 4405 1397 4460 de
1437 4406 1641 4461 sanctis
1684 4420 1809 4476 pro-

228 4495 580 4550 missionibus
616 4496 681 4551 ad
718 4510 811 4552 eos
858 4496 948 4566 qui
1006 4496 1316 4566 proﬁciunt,
1365 4496 1563 4565 quibus
1609 4507 1664 4550 ct
1712 4511 1809 4566 per

229 4586 538 4642 testimonia
573 4587 847 4657 inscripta:
896 4587 1031 4657 legis
1070 4589 1252 4643 sobria
1285 4587 1536 4642 voluntas
1569 4588 1804 4652 exsistit,

226 4688 283 4735 et
313 4694 409 4748 per
443 4679 584 4736 hanc
607 4681 938 4749 quaesierunt
973 4681 1179 4736 intrare
1205 4681 1258 4734 in
1293 4679 1576 4735 vocatione
1613 4696 1810 4733 vocan-

227 4774 320 4826 tis.
364 4772 456 4827 Sic
497 4781 551 4827 et
595 4772 762 4827 David
810 4771 1134 4826 testiﬁcatur
1177 4773 1403 4827 dicens:
1436 4771 1544 4825 Lex
1598 4772 1810 4826 Domini

228 4862 593 4929 immaculata,
637 4879 938 4919 convertens
969 4866 1175 4920 animus
1201 4865 1267 4917 ⁸⁷.
1300 4865 1366 4919 Et
1396 4866 1448 4919 in
1484 4867 1586 4919 hoc
1620 4867 1808 4919 eodem

1827 2308 1874 2367 Β
1905 2305 2194 2361 admodum
2229 2315 2282 2363 et
2314 2306 2390 2361 illi
2416 2308 2483 2361 de
2524 2306 2721 2375 quibus
2754 2306 3001 2377 praedixi.
3046 2305 3137 2362 lla:
3163 2306 3325 2378 igitur
3348 2317 3479 2364 sunt

1898 2397 2331 2455 introductiones
2374 2408 2486 2454 tres
2527 2399 2578 2452 in
2624 2399 2907 2453 animabus
2939 2414 3058 2469 qua:
3089 2400 3154 2452 ad
3185 2400 3479 2468 paenitudi-

1898 2504 2018 2542 nem
2061 2490 2308 2555 veniunt,
2342 2491 2517 2546 donec
2553 2490 2926 2562 adipiscantur
2952 2490 3183 2562 gratiam
3215 2498 3270 2545 et
3314 2505 3478 2546 voca-

1898 2583 2097 2635 tionem
2132 2580 2254 2636 Filii
2290 2582 2410 2637 Dei.

1967 2673 2031 2728 ll.
2072 2674 2180 2729 Sed
2220 2683 2348 2743 puto
2389 2674 2535 2743 quod
2567 2687 2662 2729 eos
2707 2672 2855 2742 prius
2904 2680 3057 2728 vocet
3102 2671 3356 2742 Spiritus,
3385 2671 3480 2741 qui

1899 2763 2282 2834 ingrediuntur
2332 2779 2399 2817 ex
2447 2774 2558 2818 toto
2616 2765 2782 2820 corde
2814 2774 3112 2828 certamen,
3144 2773 3200 2817 et
3224 2763 3482 2817 ordinant

1898 2855 2222 2924 semetipsos
2270 2854 2337 2907 ad
2371 2853 2755 2908 sustinendum
2797 2853 2851 2908 in
2886 2853 3034 2908 omni
3066 2851 3362 2907 luctatione
3383 2850 3484 2907 ad-

1899 2939 2150 3010 versarii,
2178 2944 2350 2999 donec
2383 2943 2679 2999 devincant
2720 2957 2869 2998 eum.
2899 2941 3128 3003 Praestat
3160 2955 3289 2997 vero
3316 2940 3396 2997 eis
3422 2948 3485 2997 et

1899 3036 2124 3091 lenitate
2169 3035 2221 3089 in
2271 3035 2524 3090 omnibus
2556 3033 2752 3102 iuvans
2778 3046 2873 3088 eos
2918 3032 3183 3102 Spiritus,
3214 3041 3273 3087 ut
3303 3030 3480 3087 incul-

1900 3143 2095 3188 centur
2157 3133 2212 3187 in
2261 3130 2368 3187 illis
2415 3145 2579 3202 npera
2633 3128 3000 3199 pmttitentiaa;
3039 3127 3190 3197 ponit
3232 3126 3313 3185 eis
3365 3134 3481 3182 ter-

1903 3228 2079 3282 minos
2114 3240 2211 3296 per
2257 3224 2475 3279 modum
2516 3223 2804 3293 quemdam
2851 3220 3205 3292 paenitudinis
3257 3221 3310 3276 in
3358 3234 3482 3275 cor-

1902 3332 2033 3387 pore
2058 3327 2112 3372 et
2138 3318 2319 3371 anima
2358 3331 2569 3382 eorum,
2601 3327 2886 3384 usquequo
2914 3314 3133 3389 Idoceat
3166 3324 3262 3367 eos
3316 3310 3485 3366 etiam

1902 3411 2274 3467 conversionis
2330 3411 2547 3465 modum
2618 3409 2685 3464 ad
2759 3406 3093 3463 conditorem
3162 3405 3482 3479 prpprium,

1907 3503 2073 3557 Deum
2098 3517 2113 3555 :
2142 3516 2351 3556 necnon
2397 3508 2454 3555 et
2502 3500 2709 3567 praebet
2741 3499 2821 3553 eis
2848 3497 3113 3552 violentia:
3158 3494 3484 3565 compulsio-

1908 3607 2028 3647 nem
2064 3594 2116 3646 in
2155 3592 2336 3646 anima
2373 3592 2767 3646 discurrentem
2804 3597 2860 3643 et
2886 3601 3133 3655 corpore,
3164 3595 3222 3641 ut
3256 3596 3489 3655 utraque

1907 3684 2237 3741 sanctificari
2278 3695 2503 3755 queant,
2554 3693 2616 3739 ut
2660 3683 2851 3737 eodem
2904 3680 3065 3735 modo
3117 3678 3487 3735 [nereditatem

1908 3788 2136 3846 utraque
2164 3785 2381 3831 sumant
2408 3791 2421 3828 :
2454 3788 2651 3845 corpus
2682 3770 2899 3843 quidem
2936 3771 2990 3824 in
3027 3768 3248 3839 jejuniis
3278 3765 3488 3822 crebris

1907 3880 1963 3925 et
1995 3868 2229 3935 vigiliis;
2288 3868 2470 3924 anima
2508 3880 2636 3921 vero
2682 3865 2738 3920 in
2782 3863 2978 3934 spiritu
3031 3870 3195 3930 atque
3239 3858 3487 3923 solertia,

1867 4029 1870 4032 ἢ
1910 3960 2232 4015 ministeriis
2270 3972 2489 4029 quoque
2537 3971 2657 4026 qua:
2708 3953 2841 4009 facit
2880 3955 2933 4008 in
2976 3965 3228 4019 corpore.
3269 3951 3489 4006 Conan-

1908 4053 2034 4109 dum
2070 4052 2172 4108 hoc
2201 4053 2254 4107 in
2277 4050 2427 4111 omni
2453 4047 2874 4103 fructiticatione
2903 4042 3133 4098 carnali.

1979 4144 2072 4199 Ill.
2115 4143 2351 4214 Spiritus
2373 4155 2588 4212 quoque
2617 4136 2953 4210 paenitentiae
2982 4135 3242 4190 deductor
3262 4128 3488 4187 edicitur

1910 4238 1963 4290 in
2001 4235 2142 4298 istis.
2180 4242 2237 4289 et
2279 4239 2447 4289 teutat
2491 4245 2614 4286 eum
2656 4229 2711 4282 in
2742 4227 2850 4291 his,
2875 4239 2943 4280 ne
2978 4237 3084 4294 qua
3108 4222 3178 4276 sit
3207 4218 3491 4274 inimicitia

1909 4326 1978 4381 ad
2026 4328 2447 4383 convertendum
2485 4320 2622 4375 forte
2674 4327 2992 4372 retrorsum.
3036 4312 3173 4367 Tum
3209 4325 3345 4365 vero
3396 4308 3488 4363 ille

1910 4416 2173 4472 deductor
2205 4414 2438 4483 Spiritus
2470 4411 2661 4480 incipit
2691 4406 2973 4479 adaperire
2999 4405 3193 4460 anima:
3216 4402 3405 4458 oculos
3423 4402 3495 4455 ad

1911 4507 2288 4577 ptenitentiam
2322 4503 2708 4566 exhibendam,
2739 4508 2794 4554 et
2829 4508 2887 4553 ut
2917 4497 3298 4552 sanctilicetur
3324 4497 3492 4550 etiam

1910 4604 2122 4656 sensus.
2174 4590 2568 4647 districtionem
2622 4587 3006 4642 iutermediam
3072 4586 3298 4654 praebet,
3351 4584 3494 4638 inci-

1911 4687 2064 4755 piens
2096 4684 2277 4739 doceri
2302 4698 2333 4736 a
2362 4682 2572 4753 Spiritu
2623 4678 2972 4736 sanctiﬁcare
3008 4676 3256 4747 corporis
3284 4684 3339 4730 et
3373 4674 3493 4728 ani-

1915 4789 2015 4829 mae
2047 4771 2420 4844 poenitentiam
2468 4784 2633 4826 sensu
2674 4766 2870 4823 edocto
2904 4779 3000 4835 per
3035 4762 3296 4834 Spiritum
3329 4762 3493 4816 dedu-

1914 4874 2121 4920 centem
2146 4878 2244 4917 nos
2263 4861 2329 4916 ad
2350 4861 2477 4915 illud
2498 4859 2693 4914 anima:
2716 4857 3066 4928 corporisque
3089 4852 3378 4924 agendum,
3400 4849 3495 4919 qui

231 4955 351 5010 loco
378 4972 391 5008 :
423 4957 747 5020 Declaratio,
782 4956 976 5025 inquit,
1014 4950 1312 5011 sermonum
1357 4966 1567 5021 tuorum
1608 4954 1809 5009 itlumi-
1843 4981 1887 5036 ι)
1915 4949 2270 5005 sanctiﬁcaus
2301 4948 2482 5003 omnia
2540 4962 2606 5002 ac
2633 4945 3034 5001 districtionem
3078 4941 3324 5008 praebens
3351 4948 3411 4995 ut
3441 4946 3496 4993 et

232 5058 347 5112 nat,
380 5059 427 5102 et
457 5048 779 5104 intellectum
804 5049 894 5102 dat
922 5047 1156 5117 parvulis
1179 5047 1245 5101 ⁸⁸.
1278 5046 1385 5103 Sed
1413 5055 1467 5102 et
1508 5046 1612 5101 alia
1649 5061 1810 5116 quam

210 5141 493 5215 .plurima,
524 5142 590 5196 de
632 5144 831 5213 quibus
883 5142 1042 5197 modo
1075 5157 1182 5197 non
1211 5155 1501 5212 possumus
1530 5154 1810 5196 enarrare.

233 5233 406 5289 Porro
443 5233 604 5289 tertia
651 5234 918 5290 institutio
961 5243 1067 5299 est,
1102 5232 1155 5288 in
1197 5248 1305 5303 qua
1358 5232 1509 5288 duris
1558 5230 1814 5286 cordibus

235 5341 379 5395 saepe
414 5326 556 5381 inter
579 5328 709 5381 vitia
738 5336 795 5383 et
835 5326 888 5380 in
917 5325 1128 5395 peccati
1163 5322 1417 5393 operibus
1448 5321 1816 5392 permanenti-

235 5418 358 5483 bus,
391 5419 681 5489 aliquoties
714 5418 979 5489 benignus
1014 5416 1159 5473 Deus
1202 5415 1367 5472 infert
1398 5415 1608 5469 labores
1637 5416 1702 5467 ad
1729 5414 1814 5466 in-

236 5514 588 5580 crepantium,
629 5512 802 5566 donec
848 5508 1089 5564 sentiant
1128 5522 1226 5579 per
1255 5520 1574 5569 aerumnam,
1611 5512 1665 5559 et
1697 5518 1818 5574 pte-

238 5597 478 5654 nitentes
506 5616 572 5655 ex
602 5609 735 5667 toto,
767 5599 1100 5670 accipientes
1128 5606 1185 5653 et
1211 5595 1312 5666 ipsi
1341 5595 1593 5661 virtutes,
1624 5609 1817 5663 quem-

313 5736 518 5794 ”Gcn.
552 5752 651 5803 xtl.
682 5740 730 5794 Ι,

1920 5041 2103 5098 carnis
2137 5042 2430 5097 misceatur
2480 5040 2690 5095 fructus
2721 5039 2789 5092 ad
2822 5036 3075 5092 universa
3119 5031 3365 5104 corporis
3400 5045 3495 5085 na-

1921 5134 2135 5198 turalia,
2196 5149 2264 5190 ex
2319 5132 2516 5202 quibus
2570 5128 2928 5202 transgressio
2985 5126 3130 5210 fuit;_
3172 5133 3229 5181 et
3280 5122 3496 5179 adducit

1923 5226 2339 5297 unumquodque
2380 5236 2668 5293 corporum
2748 5219 3075 5275 naturalium
3131 5215 3200 5271 ad
3256 5214 3497 5285 priorem

1922 5315 2311 5375 conditionem,
2353 5328 2462 5368 non
2509 5313 2717 5368 habens
2772 5308 2976 5379 aliquid
3007 5308 3241 5362 alienum
3283 5312 3377 5358 aut
3405 5302 3493 5357 ho-

1923 5406 2048 5462 stile
2080 5405 2324 5475 spiritus.
2374 5403 2584 5471 Corpus
2613 5400 2877 5472 siquidem
2925 5398 3187 5466 redigitur
3212 5393 3314 5449 sub
3344 5400 3500 5461 pote-—

1924 5508 2118 5553 statem
2141 5511 2335 5553 sensus
2365 5496 2581 5550 doctum
2616 5507 2644 5545 a
2672 5491 2865 5560 spiritu
2898 5487 3196 5544 secundum
3222 5485 3500 5555 eloquium

1924 5589 2074 5643 Pauli
2104 5607 2118 5643 :
2150 5584 2381 5641 Obculco
2426 5597 2614 5641 corpus
2656 5594 2850 5645 meum,
2884 5587 2931 5633 et
2978 5577 3034 5632 in
3085 5576 3389 5632 servitutem
3418 5588 3501 5628 re-

808 5739 851 5773 δτ
878 5737 1019 5795 Psal.
1066 5752 1198 5793 xvnt
1252 5735 1302 5792 8,
1379 5734 1426 5767 ⁸⁸
1465 5731 1607 5789 Psal.
1633 5731 1965 5800 cxvut,130.
