3872 6278
418 408 522 461 979

1531 404 1802 461 PATBES
1840 399 2136 458 IEGYPTII
2177 396 2444 454 SECULI
2483 398 2570 454 IV.

3571 382 3681 437 980

421 520 622 589 digo".
681 518 943 585 Quoniam
1006 532 1135 572 vero
1182 533 1371 574 sensus
1424 529 1582 575 antea
1641 522 1987 587 semetipsum

2103 526 2281 580 tatem,
2307 515 2561 584 quoniam
2592 510 2898 582 huiusmodi
2941 508 3163 576 languor
3207 498 3480 555 insederat
3502 497 3553 551 ei
3585 497 3685 550 du-

422 604 725 660 sanctillcat
774 604 828 658 in
880 603 1024 658 escis
1049 613 1103 660 et
1128 607 1492 672 potationibus
1520 623 1549 662 a
1585 623 1797 678 sopore,
1825 606 1992 662 semel

421 708 486 746 ac
531 691 850 760 simpliciter
906 693 958 746 in
1009 695 1218 749 cunctis
1270 698 1501 751 motibus
1535 700 1672 765 suis,
1709 700 1908 767 quique
1939 706 1993 752 et

343 799 347 802 ·
425 781 724 836 naturalem
757 783 1000 852 copulam
1025 798 1404 856 segregaverat
1431 790 1848 845 sanctiﬁcationi
1872 803 1994 856 pro-

425 875 573 942 prius.

497 962 585 1017 lV.
637 965 780 1021 Reor
803 977 980 1020 autem
1026 966 1139 1038 (M)
1191 976 1301 1025 tres
1339 973 1583 1042 corporis
1631 981 1808 1026 motus
1849 972 1996 1027 exsi-

427 1063 594 1109 stere.
633 1055 686 1110 In
725 1058 840 1128 ipso
879 1058 1023 1113 enim
1067 1070 1147 1114 est
1193 1062 1440 1117 naturale
1487 1066 1732 1132 corporis
1778 1078 1995 1119 concre-

427 1152 538 1196 tum
577 1144 684 1209 illi;
727 1150 867 1214 quod
903 1159 1077 1202 tamen
1113 1164 1217 1204 non
1253 1163 1512 1220 operatur
1556 1161 1650 1207 aut
1687 1153 1849 1208 ellicit
1895 1156 1994 1208 ali-

425 1229 552 1296 quid
605 1233 722 1286 siue
767 1235 960 1288 animae
1011 1236 1311 1303 voluntate,
1349 1240 1450 1294 nisi
1512 1242 1652 1309 quod
1693 1243 1898 1312 iudicat
1939 1245 1993 1300 in

368 1318 380 1326 ‘
426 1334 653 1388 corpore
681 1321 875 1377 solum.
916 1323 1048 1378 Nam
1080 1336 1134 1380 et
1175 1327 1312 1384 alius
1339 1339 1523 1385 motus
1565 1331 1778 1386 exsistit
1805 1347 1869 1386 ex
1904 1350 1994 1403 pa-

425 1420 510 1464 stu
539 1413 780 1481 corporis
811 1415 1098 1470 multorum
1130 1419 1374 1474 ciborum
1400 1436 1462 1476 ac
1491 1431 1734 1492 potuum,
1774 1440 1840 1479 ex
1871 1426 1990 1492 qui-

425 1501 526 1553 bus
571 1502 847 1557 adinﬂatio
881 1506 1157 1574 sanguinis
1203 1519 1341 1573 orta,
1374 1525 1472 1578 per
1520 1526 1674 1567 escas
1722 1523 1994 1583 oppugnat

427 1591 588 1646 totius
632 1593 823 1648 anima:
859 1611 1057 1665 corpus
1093 1598 1371 1667 epularum
1432 1603 1735 1666 sumptione
1783 1620 1994 1672 permo-

427 1688 559 1734 tum.
592 1682 670 1738 Ob
698 1685 797 1740 huc
831 1696 884 1740 et
912 1687 1199 1756 Apostolus
1231 1692 1304 1745 ait
1335 1707 1347 1743 :
1377 1691 1555 1746 Nolite
1576 1694 1827 1749 inebriari
1851 1697 1990 1760 vino,

425 1771 477 1822 in
504 1787 604 1840 quo
641 1785 714 1827 est
746 1775 1042 1832 luxuria”.
1074 1779 1275 1836 Deinde
1314 1781 1542 1838 Domino
1591 1787 1872 1840 nuntiante
1912 1789 1994 1842 di-

2101 609 2250 674 dum,
2280 617 2338 661 ut
2368 607 2568 676 quibus
2598 604 2915 676 aegrotabat,
2947 615 3012 654 ex
3062 596 3192 666 ipsis
3220 607 3433 661 semper
3471 590 3678 657 aliquid

2101 699 2435 768 loqueretur,
2478 696 2701 751 tradens
2756 694 2952 758 lingua:
2991 685 3285 756 promenda
3329 695 3554 783 organo,
3589 691 3679 783 ut—

2101 800 2226 859 pote
2274 787 2506 844 exstanti
2556 787 2680 842 sibi.
2723 785 2823 839 Hic
2862 796 2991 852 ergo
3028 781 3257 848 languor
3306 774 3679 868 abundantius

2101 879 2474 958 magniﬁcatus
2523 885 2609 931 est
2650 875 2725 928 illi
2761 874 2815 927 in
2851 872 2954 925 hoc
2986 869 3230 923 membro
3259 862 3402 932 quod
3573 862 3680 961 liu-

2102 954 2222 1042 gua.
2252 970 2405 1026 Unde
2431 978 2483 1022 et
2509 968 2742 1023 Jacobus
2765 961 3040 1034 apostolus
3067 959 3386 1054 testiﬁcatur
3419 973 3432 1009 :
3464 954 3527 1008 Si
3559 955 3678 1054 quis

2101 1063 2341 1117 videatur
2390 1061 2666 1128 religiosus
2721 1071 2852 1118 esse,
2910 1069 3014 1106 non
3062 1049 3335 1116 refrenans
3400 1049 3681 1114 propriam

2103 1154 2358 1223 linguam,
2412 1151 2744 1217 semetipsum
2775 1147 2960 1216 'fallit,
3003 1155 3052 1198 et
3107 1144 3266 1211 hujus
3313 1137 3492 1206 religio
3538 1150 3682 1188 vana

2100 1255 2174 1299 est
2204 1244 2270 1298 “.
2303 1244 2557 1312 Idemque
2586 1241 2656 1296 ibi
2684 1240 2798 1294 ait:
2836 1238 2905 1292 Et
2937 1236 3114 1305 lingua
3155 1247 3315 1301 parva
3355 1238 3451 1291 est,
3487 1242 3679 1278 macu-

2100 1336 2216 1389 lans
2249 1345 2413 1389 totum
2463 1332 2740 1399 corpus”;
2786 1339 2842 1384 et
2887 1328 2991 1382 alia
3039 1325 3204 1380 multa
3237 1337 3356 1392 qua:
3396 1335 3502 1374 non
3550 1332 3683 1388 pos-

2101 1441 2219 1480 sum
2269 1423 2505 1493 adjicere
2547 1431 2764 1477 cuucta.
2796 1417 2946 1486 Quod
2973 1417 3020 1471 si
3049 1411 3432 1484 przevaluerint
3475 1422 3682 1462 sensus

2100 1530 2318 1571 sumere
2367 1515 2434 1568 ab
2475 1513 2690 1584 spiritu,
2755 1512 2869 1580 ipse
2919 1508 3068 1579 prius
3117 1501 3588 1560 sanetilicabitur:
3621 1506 3683 1551 et

2103 1609 2314 1663 tandem
2354 1616 2700 1676 perscrutans
2743 1616 3041 1664 sermones,
3083 1598 3259 1652 tradet
3296 1594 3514 1664 quidem

2102 1702 2231 1771 prim
2260 1702 2472 1770 linguze,
2496 1700 2586 1754 sed
2620 1697 2755 1752 nihil
2784 1697 3042 1749 habentes
3069 1704 3314 1760 pravum,
3335 1693 3450 1784 -au-t
3475 1693 3680 1784 animus

2102 1794 2485 1856 voluntarium,
2519 1806 2614 1860 per
2643 1803 2762 1858 quae
2813 1785 3034 1840 verbum
3075 1778 3378 1836 Salomonis
3427 1773 3682 1844 implebi-

425 1861 647 1929 scipulis
668 1864 780 1918 suis
813 1865 864 1920 in
895 1867 1212 1939 Evangelio,
1240 1872 1439 1926 dicitur
1473 1891 1487 1927 :
1530 1873 1712 1929 Videte
1735 1892 1796 1930 ne
1830 1893 1998 1946 quan-
2030 1874 2073 1928 Β
2107 1895 2192 1940 tur
2236 1885 2465 1939 dicentis
2493 1902 2508 1938 :
2541 1882 2649 1936 Mei
2699 1893 2960 1934 serntones
3011 1875 3137 1928 dicti
3179 1883 3298 1926 sunt
3335 1889 3367 1924 a
3397 1868 3529 1932 Deo,
3580 1882 3680 1918 nec

426 1951 494 2002 do
543 1966 824 2020 graventur
869 1959 1028 2012 corda
1075 1971 1243 2015 vestra
1293 1964 1350 2018 in
1382 1980 1502 2019 esca
1541 1977 1588 2019 et
1629 1978 1757 2034 potu
1782 1969 1852 2032 ⁹¹,
1882 1969 1997 2024 sive

428 2041 652 2098 deliciis.
683 2044 1083 2114 lnquirentibus
1125 2055 1425 2121 praesertim
1455 2071 1760 2111 mensuram
1797 2060 1997 2113 sancti-

428 2133 717 2198 ﬁcationis,
759 2137 994 2192 debitum
1050 2152 1134 2195 est
1185 2143 1326 2197 istud
1359 2142 1552 2201 eﬂerre
1584 2163 1598 2199 :
1628 2145 1839 2218 Castigo
1879 2166 1995 2202 cor-

426 2239 522 2288 pus
572 2242 763 2290 meum,
795 2240 844 2282 et
885 2231 939 2283 in
988 2234 1286 2286 servitutem
1331 2235 1505 2306 redigo
1523 2238 1589 2290 θ’.
1615 2238 1829 2294 Tertius
1870 2256 2024 2296 vero~

429 2325 605 2369 motus
655 2328 738 2371 est
779 2321 1062 2388 spirituum
1113 2326 1472 2395 malignorum
1531 2332 1850 2384 tentautium
1902 2347 1998 2401 per

427 2404 676 2473 livorem,
721 2425 783 2464 ac
829 2411 1118 2468 volentium
1161 2416 1495 2474 ﬂaccidiores
1526 2419 1735 2476 efﬁcere
1775 2436 1868 2476 eos
1906 2423 1993 2491 qui

429 2507 694 2553 conantur
755 2505 1096 2562 sanctiticare
1139 2509 1486 2579 semetipsos.
1532 2511 1911 2568 Verumtamen
1951 2514 1994 2568 si

429 2585 482 2640 in
515 2587 703 2643 iisdem
735 2593 906 2648 tribus
932 2597 1104 2652 modis
1127 2600 1393 2656 sustineat
1439 2602 1617 2656 anima
1651 2605 1994 2673 semetipsam

429 2677 752 2737 testimoniis
794 2684 989 2751 quibus
1037 2687 1264 2756 spiritus
1312 2691 1556 2747 docuerit
1595 2707 1839 2758 sensum,
1870 2709 1996 2749 san-

428 2769 760 2826 ctilicabitur
781 2774 832 2828 in
869 2787 1098 2848 utroque
1124 2780 1190 2834 ab
1220 2780 1310 2836 illo
1340 2781 1594 2852 languore
1627 2785 1876 2841 triformi.
1901 2785 1994 2841 Sin

429 2873 562 2914 vero
607 2862 874 2920 dimiserit
927 2871 1275 2938 semetipsum
1348 2887 1538 2928 sensus
1608 2891 1636 2929 a
1681 2877 2030 2931 testimoniis

429 2951 626 3018 quibus
655 2953 880 3023 spiritus
908 2960 1228 3014 testiﬁcatur
1253 2964 1334 3027 ei;
1374 2972 1498 3018 tunc
1525 2965 1738 3034 maligni
1774 2967 1996 3034 Spiritus

429 3047 852 3114 supersederunt
884 3054 1292 3122 congregationi
1316 3057 1580 3124 corporis,
1607 3067 1661 3112 et
1685 3069 1996 3128 oppugnant
2047 3065 2056 3072 '

429 3131 521 3186 illo
560 3145 708 3188 motu
749 3151 919 3205 usque
965 3139 1088 3192 dum
1136 3141 1314 3195 anima
1358 3141 1633 3212 fatigetur,
1674 3154 1728 3196 et
1777 3144 1996 3213 incipiat

431 3226 710 3293 requirere
761 3229 904 3283 unde
955 3229 1214 3286 auxilium
1251 3235 1466 3301 veniat;
1515 3249 1880 3303 conversaque
1915 3250 2000 3289 rc-
2027 3215 2072 3277 (ἶ

433 3316 738 3383 prehendat
795 3319 1016 3388 spiritus
1074 3321 1402 3390 testimonia,
1440 3341 1505 3380 ac
1559 3338 1801 3382 sanetur.
1851 3328 2000 3385 Tunc

434 3406 600 3459 etiam
649 3407 698 3462 ei
737 3407 829 3462 dat
861 3411 1003 3478 quod
1049 3413 1207 3468 unica
1243 3415 1315 3469 sit
1356 3417 1570 3483 requies
1616 3420 1934 3488 postulanda
1969 3435 1998 3475 a

432 3495 561 3557 Deo,
593 3500 648 3547 et
678 3495 801 3564 quia
835 3498 915 3552 sic
942 3498 994 3553 tit
1025 3514 1126 3568 pax
1157 3501 1293 3570 ejus.

511 3582 568 3637 V.
604 3585 726 3640 Haec
765 3597 942 3643 autem
973 3594 1181 3648 asserui
1213 3595 1278 3648 ad
1315 3597 1687 3665 paenitendum
1728 3599 1778 3652 in
1813 3614 2001 3670 corpo-

436 3689 494 3728 re
520 3684 575 3728 et
603 3677 801 3742 anima,
825 3688 878 3736 et
901 3682 1131 3750 qualiter
1161 3695 1371 3754 oportet
1399 3689 1643 3742 mundari
1669 3703 1785 3743 eam
1811 3706 1824 3754 ;
1853 3705 2001 3743 cmu-

435 3780 538 3831 que
572 3769 860 3836 sumpserit
903 3771 1006 3825 tale
1039 3783 1338 3841 certamen,
1376 3787 1504 3831 tunc
1561 3780 1745 3831 nuntia
1781 3779 2001 3846 spiritus

436 3854 652 3916 adsunt,
686 3865 741 3910 et
771 3857 959 3928 incipit
989 3861 1297 3918 discernere
1323 3866 1484 3920 etiam
1511 3869 1854 3936 aegritudines
1880 3870 1999 3922 ani-

437 3945 604 3999 males
665 3963 782 4014 qua:
842 3952 1104 4006 accedunt
1160 3963 1214 4008 et
1260 3971 1356 4024 per
1409 3958 1651 4026 proprias
1681 3959 1997 4029 voluptates.

438 4036 590 4090 Tunc
623 4039 887 4107 siquidem
915 4045 1020 4099 erit
1040 4047 1384 4115 participatio
1415 4050 1637 4117 spiritus
1669 4066 1790 4104 cum
1813 4066 1997 4116 sensu,

435 4141 534 4194 per
559 4131 858 4185 custodiam
891 4135 1262 4190 mandatorum
1289 4152 1408 4203 qua:
1440 4139 1487 4192 ei
1526 4141 1779 4205 tradidit;
1821 4152 1874 4196 et
1902 4143 2000 4198 do-

437 4228 522 4273 cet
555 4235 676 4275 eum
709 4237 901 4279 curare
929 4239 1145 4281 omnem
1184 4226 1494 4297 languorem
1531 4230 1758 4299 propriae
1785 4233 1997 4296 animai,

435 4315 855 4382 unumquodque
907 4331 1093 4370 eorum
1151 4319 1485 4384 discernens,
1541 4330 1595 4374 et
1651 4323 2048 4390 permistioue-

435 4409 658 4468 accepta
686 4401 736 4453 in
779 4417 1027 4471 corpore,
1063 4406 1394 4462 naturalium
1421 4424 1486 4463 ac
1519 4410 1848 4478 reliquorum
1881 4426 2000 4479 qua:

435 4499 560 4543 sunt
589 4492 937 4560 peculiariter
963 4495 1010 4550 ei
1040 4506 1190 4550 extra
1223 4513 1418 4566 corpus
1447 4516 1475 4552 a
1523 4504 1697 4570 capite
1733 4518 1901 4570 usque
1932 4508 1997 4559 ad

435 4581 619 4646 pedes,
664 4585 938 4652 propriam
987 4587 1315 4643 voluntatem
1370 4593 1682 4658 permistam
1713 4595 1914 4649 habens
1945 4597 1994 4649 in

434 4669 562 4737 illis,
597 4680 652 4726 et
683 4673 854 4728 oculis
887 4677 1104 4744 quidem
1139 4681 1428 4734 terminum
1465 4693 1524 4736 ut
1568 4695 1714 4739 recte
1754 4697 1806 4738 et
1832 4688 1998 4740 coutl-

435 4757 628 4815 deuter
660 4763 1043 4832 conspiciatur,
1094 4767 1226 4822 nihil
1267 4770 1402 4824 ultra
1436 4775 1775 4841 peregrinum
1809 4790 1997 4842 geren-

434 4858 536 4904 tes.
567 4850 766 4907 Deinde
807 4863 864 4907 ut
900 4869 1054 4911 aures
1078 4859 1297 4913 audiant
1327 4861 1377 4914 in
1408 4877 1556 4930 pace,
1595 4879 1693 4917 nec
1717 4865 1993 4918 oblecten-

435 4948 524 4992 tur
554 4941 785 5008 amplius
841 4945 1288 5003 obtreCtationem
1330 4966 1394 5005 ac
1433 4955 1791 5008 contumelias
1838 4956 1996 5022 spiri-

435 5029 609 5085 tuales
627 5033 842 5100 audire;
871 5039 966 5090 sed
997 5038 1196 5104 potius,
1229 5050 1286 5093 ut
1329 5044 1565 5094 ouinium
1603 5045 1990 5097 correctionem

430 5131 486 5174 et
519 5123 918 5183 miserationem
968 5129 1296 5186 incessuram
1350 5149 1456 5201 prae
1499 5134 1641 5186 omni
1688 5134 1994 5189 desiderent.

333 5264 341 5280 ι
429 5214 812 5281 possessione,
859 5222 1110 5286 quoniam
1176 5224 1228 5274 in
1294 5223 1400 5277 illis
1456 5227 1750 5294 a‘grotahat
1819 5229 1986 5296 prius.

431 5303 635 5360 Deinde
683 5323 868 5363 rursus
896 5320 952 5364 ut
987 5311 1221 5380 linguam
1255 5314 1526 5382 propriam
1569 5315 1758 5370 doceat
1791 5319 1989 5370 sancti-

516 5444 560 5520 ξ’
583 5445 600 5497 |
627 5446 753 5502 Cor.
789 5463 862 5520 tx_,
893 5447 982 5500 27.
1028 5519 1037 5520 ί
1075 5451 1120 5482 ⁰⁰
1145 5451 1338 5520 Ephes.
1375 5469 1428 5518 ν,
1451 5453 1535 5507 18-

429 5513 475 5544 ⁹³
505 5513 657 5600 Prov.
688 5531 803 5582 vttt,
832 5517 883 5571 8.
951 5519 995 5550 ⁸⁸
1018 5513 1298 5587 Ρτονίχιι,
1333 5513 1417 5577 18.

431 5597 512 5646 Ill,
543 5597 596 5637 ο.

1637 5457 1679 5488 ⁹¹
1717 5456 1844 5510 Luc.
1880 5475 1988 5524 χχι,
2019 5462 2105 5514 Si.

1508 5525 1552 5555 ³⁷
1580 5523 1718 5580 Psal.
1759 5542 1874 5588 exn,
1905 5529 1956 5582 2.
2018 5532 2062 5562 ⁸⁸
2080 5530 2237 5586 Prov.
2264 5547 2315 5594 κ,
2346 5533 2399 5586 4.

2104 1987 2180 2032 est
2213 1978 2264 2029 in
2291 1977 2398 2029 illis
2425 1973 2624 2044 aliquid
2671 1985 2888 2042 pravum
2925 1978 3077 2036 atque
3110 1964 3413 2034 perplexum
3428 1961 3497 2015 ³⁸.
3527 1957 3678 2011 Idem

2107 2080 2292 2120 rursus
2332 2065 2384 2119 in
2417 2064 2523 2117 alio
2559 2063 2675 2116 loco
2705 2061 2777 2114 ait
2805 2077 2818 2112 :
2844 2058 3050 2127 Lingua
3077 2055 3391 2125 sapientium
3417 2059 3571 2104 sanat
3586 2047 3678 2112 ";

2104 2167 2158 2213 et
2189 2157 2289 2211 alia
2318 2170 2479 2224 quam
2515 2153 2773 2224 plurima.
3308 2235 3321 2242 _
3660 2229 3676 2242 .

2177 2245 2262 2299 Vl.
2309 2245 2509 2298 Deinde
2549 2243 2744 2298 iterum
2787 2254 3042 2295 manuum
3082 2245 3256 2293 motus
3307 2235 3451 2289 intra
3493 2245 3579 2285 me
3625 2235 3678 2284 si

2103 2345 2262 2392 erant
2308 2335 2597 2401 aliquando
2647 2343 2830 2396 moue,
2892 2332 2943 2385 in
2989 2331 3185 2399 quibus
3234 2342 3340 2381 non
3388 2322 3680 2393 oportebat

2107 2427 2300 2481 animae
2329 2425 2725 2495 voluptatibus;
2759 2423 2853 2478 sed
2884 2436 3028 2475 nunc
3059 2420 3108 2473 ei
3143 2417 3365 2487 Spiritus
3403 2427 3540 2468 unus
3563 2422 3680 2466 ter-

2056 2514 2064 2520 “
2105 2517 2274 2572 minat
2322 2530 2562 2578 sensum,
2604 2521 2662 2566 ut
2700 2513 2752 2567 in
2793 2512 3104 2586 sanctitate,
3152 2509 3205 2561 in
3255 2505 3593 2561 orationibus
3621 2510 3683 2556 et

2106 2608 2494 2663 misericordiis
2528 2614 2866 2668 moveantur,
2902 2601 3319 2670 hujusmodique
3357 2611 3526 2667 opera
3551 2610 3682 2665 per-

2105 2699 2306 2755 ﬁciant.
2346 2697 2482 2764 Quin
2514 2698 2674 2751 etiam
2717 2696 2768 2749 in
2802 2695 2885 2749 his
2932 2693 3059 2748 illud
3095 2690 3367 2759 eloquium
3401 2685 3682 2756 complea-

2105 2800 2191 2845 tur
2232 2790 2537 2844 orationum
2599 2802 2760 2842 causa
2793 2785 3061 2855 prolatum
3096 2782 3376 2837 :Elevatio
3417 2793 3680 2832 manuum

2103 2897 2358 2943 mearum,
2388 2879 2710 2947 sacri/icium
2756 2877 3100 2944 vespertinum
3120 2875 3189 2927 ".
3222 2874 3368 2927 Idem
3405 2871 3538 2924 alibi
3568 2868 3677 2922 Sa-

2105 2971 2282 3026 lomon
2313 2990 2326 3026 :
2355 2971 2418 3024 Et
2459 2971 2584 3041 quia
2619 2986 2802 3023 manus
2858 2970 3075 3038 [artium
3108 2964 3435 3019 ditantur".
3472 2961 3680 3029 Sicque

2104 3067 2441 3132 postmodum
2473 3070 2530 3114 ut
2559 3061 2730 3130 ipsam
2761 3075 2938 3114 eseam
2963 3058 3167 3112 ventris
3187 3065 3239 3110 et
3265 3064 3447 3125 potum
3476 3067 3674 3108 emun-

2102 3154 2212 3219 det,
2263 3153 2474 3207 etiamsi
2519 3154 2586 3206 ad
2627 3151 2934 3206 satietatem
2971 3149 3050 3204 eis
3085 3157 3300 3212 utatur;
3333 3154 3428 3199 aut
3475 3143 3520 3198 si
3573 3141 3679 3195 ali-

2102 3245 2314 3314 quando
2360 3243 2466 3298 illis
2518 3245 2713 3297 animze
2745 3241 2995 3311 voluptas
3029 3241 3302 3310 paululum
3364 3237 3418 3291 in
3469 3233 3678 3288 deside-

2103 3336 2198 3390 riis
2243 3335 2427 3400 fuerit,
2462 3338 2813 3390 considerans
2843 3333 2984 3402 quod
3025 3330 3265 3386 nonnulli
3312 3331 3366 3382 in
3418 3327 3678 3382 satietate

2102 3441 2238 3482 escae
2281 3426 2364 3482 vel
2398 3435 2556 3497 potus
2593 3427 2924 3482 daemonibus
2963 3423 3411 3493 obtemperarint,
3450 3420 3516 3474 de
3550 3418 3675 3486 qui-

2101 3519 2201 3574 bus
2237 3519 2470 3590 Spiritus
2506 3535 2601 3588 per
2642 3519 2810 3574 David
2849 3520 2963 3574 ait:
2997 3516 3232 3583 Superbo
3268 3511 3419 3566 oculo
3451 3520 3497 3564 et
3524 3510 3677 3562 insa-

2103 3607 2273 3661 tiabili
2319 3608 2492 3670 corde,
2530 3625 2646 3662 cum
2689 3608 2786 3661 hoc
2839 3622 2940 3661 non
2998 3603 3300 3660 edebant”.
3332 3600 3464 3654 Nam
3499 3609 3554 3653 et
3585 3600 3674 3651 isti

2104 3699 2148 3752 si
2203 3699 2396 3752 iterum
2454 3699 2666 3753 Domini
2707 3698 3053 3767 iuquisierint
3105 3696 3476 3758 sanctitatem,
3507 3691 3676 3746 etiam

2103 3790 2326 3858 spiritus
2371 3806 2583 3846 rursum
2633 3791 2889 3844 terminat
2917 3791 2996 3845 eis
3046 3787 3234 3842 eadem
3284 3781 3675 3844 sanctimonia,

2103 3890 2162 3934 ut
2199 3881 2476 3936 moderate
2506 3891 2560 3935 et
2594 3879 2920 3936 suilicieuter
2959 3880 3023 3934 ad
3074 3878 3446 3933 sustinendum
3477 3888 3675 3942 corpus

2103 3981 2349 4038 utantur,
2393 3981 2446 4026 et
2485 3973 2623 4026 ultra
2665 3987 2769 4026 non
2817 3973 3049 4026 habeant
3087 3971 3142 4024 iu
3177 3984 3241 4023 eo
3288 3966 3655 4033 concupisccn

2105 4063 2232 4116 tiam
2269 4073 2361 4117 aut
2399 4064 2747 4133 voluptatem.
2787 4063 2986 4131 Sicque
3025 4063 3299 4132 eloquium
3335 4058 3489 4112 Pauli
3519 4072 3672 4111 com-

2102 4149 2331 4216 plebitur
2365 4150 2628 4205 dicentis:
2658 4151 2777 4206 Sive
2818 4152 3118 4212 comeditis,
3177 4151 3280 4204 sive
3334 4149 3528 4212 bibitis,
3568 4146 3674 4198 sive

2100 4240 2225 4308 quid
2275 4239 2420 4292 aliud
2468 4242 2659 4310 facitis,
2721 4244 2898 4295 omnia
2959 4244 3011 4295 in
3062 4242 3284 4310 gloriam
3316 4239 3411 4293 Dei
3445 4239 3670 4308 facite‘.

2103 4327 2304 4384 Deinde
2331 4341 2385 4385 et
2421 4332 2502 4385 his
2541 4347 2658 4398 qum
2691 4347 2787 4400 per
2817 4333 3199 4402 cogitationem
3231 4330 3402 4384 coitus
3428 4329 3526 4382 sub
3552 4327 3673 4380 alvo

2107 4421 2351 4487 metitur,
2390 4438 2572 4477 rursus
2603 4438 2796 4478 sensus
2831 4424 2894 4477 ab
2929 4425 3120 4493 spiritu
3153 4424 3363 4487 doctus,
3396 4420 3670 4474 discretio-

2104 4527 2224 4566 nem
2279 4514 2467 4567 tribuit
2515 4514 2747 4569 motibus
2792 4528 2976 4569 eorum
3029 4515 3081 4568 in
3132 4512 3457 4581 supradictis
3497 4511 3674 4564 tribus

2103 4605 2293 4669 modis,
2321 4617 2377 4658 et
2415 4605 2663 4659 innititur
2709 4606 2775 4660 ad
2826 4605 3336 4667 sanctilicatiouem,
3385 4601 3671 4656 auxiliato-

2100 4709 2211 4746 rem
2265 4695 2511 4763 spiritum
2563 4696 2789 4750 habens.
2842 4697 3216 4766 Exstinguilur
3270 4696 3433 4749 etiam
3488 4704 3672 4747 motus

2099 4785 2190 4839 ille
2228 4801 2322 4854 per
2367 4787 2620 4841 virtutem
2673 4789 2895 4856 spiritus
2948 4788 3282 4857 paciﬁcantis
3334 4798 3503 4840 totum
3557 4801 3671 4840 cor-

2098 4888 2219 4942 pus,
2252 4884 2303 4928 et
2329 4876 2639 4943 perimentis
2676 4885 2842 4931 totum
2880 4877 3025 4931 illum
3056 4888 3278 4931 motum.
3322 4875 3436 4931 Hoc
3466 4885 3548 4931 est
3579 4892 3672 4930 ve-

2096 4979 2214 5017 rum
2264 4965 2532 5034 eloquium
2575 4968 2716 5036 quod
2744 4984 2774 5021 a
2824 4967 2989 5022 Paulo
3025 4971 3337 5037 praedictum
3371 4979 3488 5023 est:
3519 4969 3672 5022 Mor-

2101 5056 2353 5124 tiﬁcantes
2404 5059 2634 5111 membra
2685 5069 2855 5118 vestra
2897 5077 3014 5128 qua:
3073 5072 3192 5114 sunt
3249 5076 3402 5128 super
3437 5071 3668 5122 terram;

2101 5143 2520 5211 fornicationem,
2572 5149 2979 5211 immunditiam,
3043 5149 3514 5216 concupiscentiam
3557 5149 3670 5200 ma-

2099 5233 2271 5295 lant';
2319 5243 2372 5288 et
2408 5252 2525 5305 qua:
2565 5237 2833 5306 deinceps.
2883 5238 2972 5293 Sic
3007 5239 3180 5293 denuo
3208 5241 3390 5310 pedes,
3423 5239 3513 5307 qui
3544 5239 3669 5293 licet

2101 5321 2388 5390 aliquando
2417 5341 2522 5377 non
2563 5335 2718 5378 erant
2745 5325 3008 5381 habentes
3037 5328 3356 5382 incolumem
3390 5342 3667 5397 gressum,

2214 5463 2289 5513 "l
2314 5462 2439 5516 Cor.
2476 5479 2549 5526 ιχ,
2572 5464 2664 5518 27.
2739 5465 2910 5520 "Jac.
2941 5483 2978 5526 ι,
3005 5467 3094 5520 26.
3187 5467 3233 5498 ⁸⁸
3254 5466 3368 5522 Jac.
3400 5482 3482 5528 ιιι,
3524 5466 3576 5527 5,
3607 5469 3661 5519 ti.

2486 5535 2530 5564 ⁹⁹
2555 5535 2694 5587 Psal.
2719 5550 2768 5602 c,
2799 5536 2851 5589 5.
2921 5537 2935 5566 ¹
2962 5537 2981 5589 l
3011 5538 3135 5591 Cor.
3161 5537 3309 5602 x,l3.
3400 5539 3420 5566 ¹
3450 5535 3660 5590 Coloss.

503 5699 1147 5792 (liiRep‘r‘autemLetc';
1171 5705 1755 5792 Citatur_liiclocusali
1777 5722 1995 5792 auctore
2022 5713 2448 5792 _(_}_i'a:co.iiic_(grto
2493 5718 2567 5792 pe
2630 5720 2792 5772 verbis
2825 5722 3105 5786 seniorum,
3151 5721 3310 5776 libell.
3338 5736 3387 5786 ν,
3427 5719 3455 5792 ς
3494 5721 3546 5787 1,
3576 5718 3660 5773 in-

434 5776 666 5837 terprete
718 5769 932 5841 Pelagio
1000 5773 1058 5828 S.
1111 5774 1173 5828 Β.
1227 5777 1288 5835 Ε.

1350 5779 1596 5835 diacono.
1633 5781 1820 5836 Exstat
1857 5798 1980 5838 vero
2020 5785 2112 5841 lib.
2144 5802 2172 5838 v
2198 5784 2273 5839 De
2323 5786 2452 5840 Vitis
2483 5788 2726 5855 Patrum,
2756 5807 2788 5859 p
2845 5807 2914 5844 ιιι.
2951 5791 3075 5844 436.
