3868 6282
271 281 370 332 901

272 405 375 446 nec
405 395 702 452 secundum
733 399 899 456 Deum
937 405 1320 462 ambulabant:
1360 412 1460 468 hos
1491 417 1684 470 iterum
1723 432 1850 472 sen-

270 494 362 574 sus
397 485 488 552 qui
513 486 614 540 sub
638 490 862 558 spiritus
888 491 1052 549 fuerit
1079 500 1376 568 voluntate,
1409 505 1474 556 ad
1512 506 1839 574 pergendum

269 573 584 633 ministrare
627 583 880 649 operibus
926 589 1143 656 optimis
1187 593 1351 662 cogit,
1397 604 1453 648 ut
1496 573 1836 654 immutatum

266 676 465 760 corpus
497 667 587 760 ﬁat
611 671 710 725 sub
735 674 956 742 spiritus
980 687 1268 746 potestate.
1297 684 1402 740 Sed
1447 689 1657 744 aestimo
1695 693 1838 760 quod

264 755 391 810 talis
431 757 689 817 habitatio
724 763 838 832 jam
881 772 1152 840 acceperit
1194 775 1357 830 etiam
1407 779 1457 832 iu
1498 781 1599 834 huc
1629 755 1835 849 partem

263 852 554 950 quamdam
591 855 890 951 spiritualis
921 865 1183 932 corporis,
1215 872 1377 936 quam
1409 883 1692 940 acceptura
1719 885 1838 930 erat

260 945 316 992 in
353 945 754 1001 resurrectione
776 948 1067 1016 justorum.

339 1028 445 1086 VII.
483 1032 610 1090 Haec
659 1052 788 1093 vero
833 1042 940 1095 dixi
979 1055 1200 1114 propter
1241 1050 1435 1106 animae
1489 1055 1834 1120 aegritudines

249 1117 380 1216 quae
422 1134 1124 1200 usurpant.permistionern
1159 1141 1297 1194 inter
1343 1148 1610 1200 naturalia
1643 1163 1835 1216 corpo-

259 1208 358 1271 ris,
385 1213 645 1270 cuminde
675 1219 858 1273 anima
896 1232 1140 1279 movetur
1171 1228 1220 1281 in
1253 1229 1376 1297 illis,
1411 1237 1668 1288 sectatrix
1701 1208 1828 1291 eﬁe-

257 1309 344 1353 cta
391 1303 746 1373 malignorum
791 1312 1101 1383 spirituum,
1139 1328 1195 1371 ut
1239 1334 1533 1389 operentur
1565 1325 1617 1378 in
1664 1343 1832 1381 mem-

255 1393 393 1448 bris.
424 1397 528 1450 Sed
561 1401 720 1453 etiam
759 1405 1001 1472 praedixi,
1033 1412 1172 1478 quod
1201 1411 1394 1466 habeat
1426 1419 1640 1484 proprie
1666 1421 1828 1474 etiam

254 1484 373 1553 ipsa
412 1489 800 1547 discretionem
852 1496 1066 1553 horum.
1110 1501 1242 1556 Nam
1299 1511 1571 1575 superbia,
1606 1511 1830 1582 languor

252 1586 336 1631 est
367 1577 606 1646 ejusdem
637 1585 885 1652 corporis
917 1587 1217 1656 :jactantia
1265 1608 1415 1660 vero,
1453 1577 1720 1666 aegritudo
1743 1611 1826 1656 est

250 1669 299 1721 ei
342 1679 493 1724 extra
546 1688 738 1740 corpus
770 1691 782 1726 :
813 1675 938 1730 item
992 1679 1214 1747 inﬁatio,
1245 1685 1450 1750 odium,
1492 1687 1713 1753 invidia,
1746 1691 1822 1744 ira

237 1767 416 1826 ’atque
452 1763 886 1831 pusillanimitas,
942 1769 1276 1839 impatientia
1323 1791 1540 1846 quoque
1589 1793 1652 1833 ac
1700 1781 1825 1835 reli-
1857 1755 1902 1808 Β

248 1871 370 1922 quae
399 1859 641 1912 minutim
674 1861 884 1916 borum.
912 1864 1062 1931 Quod
1086 1868 1132 1921 si
1161 1884 1286 1924 vero
1309 1873 1601 1930 crediderit
1631 1890 1688 1930 se
1717 1877 1824 1931 Deo

247 1961 311 2000 ex
354 1957 462 2002 toto
493 1951 681 2018 corde;
717 1961 844 2008 tunc
878 1957 1140 2027 benignus
1185 1961 1322 2017 Deus
1377 1965 1565 2019 tribuit
1588 1967 1637 2020 ei
1666 1969 1824 2037 spiri-

249 2047 361 2089 tum
394 2040 744 2106 peenitentiae,
771 2054 826 2098 et
862 2047 1179 2103 testiﬁcatur
1205 2051 1277 2105 illi
1311 2061 1368 2106 ut
1404 2053 1471 2108 de
1500 2070 1823 2125 unoquoque

247 2127 508 2196 languore
552 2133 829 2201 pceniteat.
876 2135 1102 2208 Pr0pter
1141 2156 1260 2209 quae
1308 2145 1606 2201 adversarii
1635 2150 1823 2218 prohi-

247 2220 398 2284 bent,
441 2238 561 2277 eam
596 2233 868 2283 tentantes
911 2245 1172 2300 usurpare
1205 2236 1328 2300 sibi,
1365 2254 1464 2293 nec
1488 2239 1674 2294 sinunt
1705 2258 1820 2310 pce-

249 2314 443 2367 nitere.
498 2316 597 2382 Qui
645 2319 689 2372 si
720 2322 1070 2389 sustinuerit,
1103 2326 1386 2394 obediens,
1420 2331 1725 2388 hortantem
1760 2352 1819 2392 se

249 2405 498 2469 Spiritum
550 2407 619 2461 ad
675 2413 1080 2481 paenitendum;
1123 2416 1350 2474 Creator
1399 2437 1613 2494 quoque
1657 2427 1818 2493 illius,

249 2498 622 2555 miserationis
673 2503 970 2560 visceribus
1012 2517 1193 2563 motus
1248 2526 1409 2582 supra
1464 2515 1674 2572 labores
1703 2520 1820 2588 ejus

247 2589 444 2655 quibus
504 2591 556 2645 in
632 2597 964 2664 egestatibus
1007 2601 1312 2669 corporeis,
1362 2605 1416 2658 id
1471 2616 1556 2660 est
1600 2607 1820 2676 jejuniis

244 2678 514 2746 plurimis,
565 2682 618 2736 in
671 2685 889 2756 vigiliis,
947 2690 997 2742 in
1058 2693 1498 2750 meditationibus
1529 2699 1736 2764 multis,
1765 2701 1816 2753 in

243 2773 410 2825 verbo
441 2773 556 2838 Dei,
585 2790 650 2829 ac
685 2777 936 2845 precibus
971 2780 1158 2852 largis,
1187 2785 1270 2840 vel
1305 2787 1358 2840 in
1386 2787 1818 2844 abdicationibus

243 2863 556 2930 mundanis,
589 2867 640 2918 in
674 2867 997 2935 humilitate,
1045 2872 1095 2924 in
1132 2884 1445 2943 paupertate
1479 2879 1728 2947 spiritus;
1764 2881 1816 2936 in

247 2953 448 3021 quibus
503 2959 714 3012 cunctis
767 2961 1122 3017 sustinentem
1176 2965 1316 3021 Deus
1361 2968 1624 3037 benignus
1675 2973 1817 3041 aspi-

1296 294 1353 350 S.
1395 296 1681 354 ANTONII
1723 301 1794 355 Μ.
1836 302 2126 362 ABBATIS
2164 307 2548 371 EPISTOLIE.

3411 320 3513 376 982

1879 421 1921 477 A
1948 423 2190 477 eamdem
2221 425 2432 496 plagam
2467 429 2735 500 aspiciens
2761 432 3208 489 irremediabilem
3241 432 3508 502 eﬁectam,

1946 523 1999 568 et
2027 517 2148 582 quia
2187 521 2526 588 magniﬁcata
2555 534 2698 578 esset
2723 525 3089 590 vehementer,
3122 543 3219 596 per
3249 543 3398 583 suam
3424 528 3507 583 ln-

1944 605 2291 674 dulgentiam,
2348 611 2710 668 visitationem
2767 630 2952 672 eorum
3015 618 3220 674 faciens
3287 629 3509 688 propter

1940 698 2214 766 propriam
2255 702 2567 765 bonitatem,
2622 717 2739 773 post
2769 708 3102 776 aliquantum
3145 710 3400 779 temporis
3429 710 3506 765 le-

1938 805 2058 857 gem
2098 791 2280 860 posuit
2321 793 2422 858 eis,
2476 797 2619 851 unde
2657 808 2712 852 et
2749 809 3001 866 operatus
3041 809 3123 855 est
3169 815 3269 870 per
3301 801 3503 856 Mosem

1936 882 2224 950 prtebendo
2277 885 2469 956 legem.
2523 888 2591 942 Et
2636 888 2810 944 Moses
2857 892 3071 960 quidem
3119 891 3369 946 fundavit
3423 892 3504 945 eis

1937 974 2183 1031 veritatis
2221 977 2460 1045 domum,
2515 995 2706 1037 curare
2739 983 2924 1039 volens
2974 983 3221 1038 eamdem
3264 983 3499 1038 validam
3537 1035 3540 1039 .

1934 1067 2175 1138 plagam;
2221 1071 2314 1124 sed
2363 1073 2620 1141 perﬁcere
2676 1075 2915 1144 nequivit
2948 1075 3233 1130 aediﬁcium
3287 1074 3498 1128 domus.

1935 1157 2163 1228 Insuper
2184 1172 2363 1217 autem
2394 1173 2448 1217 et
2473 1166 2650 1220 omnis
2677 1176 2988 1222 sanctorum
3021 1169 3218 1222 chorus
3242 1166 3498 1221 collectus

1935 1249 1988 1302 in
2019 1266 2204 1319 unum,
2250 1255 2403 1322 petiit
2451 1254 2629 1311 Patris
2683 1258 2975 1313 bonitatem
3011 1259 3077 1314 de
3129 1259 3350 1312 salutari
3385 1258 3496 1326 (l5)

1934 1351 2138 1408 nostro,
2175 1353 2231 1396 ut
2268 1345 2499 1401 calcaret
2532 1347 2585 1402 iu
2619 1349 2777 1403 terris
2819 1365 2916 1417 pro
2947 1361 3127 1405 nostra
3178 1339 3495 1403 cunctorum

1931 1432 2124 1497 salute,
2176 1435 2293 1504 ipso
2331 1447 2517 1507 utpote
2559 1447 2806 1494 exstante
2837 1450 3020 1495 nostro
3054 1455 3250 1510 magno
3271 1449 3326 1493 et
3356 1437 3496 1491 ﬁdeli

1931 1521 2183 1589 pontiﬁce
2218 1539 2281 1578 ac
2326 1527 2532 1582 medico
2583 1542 2733 1592 vero,
2769 1529 2858 1598 qui
2903 1531 3047 1584 solus
3085 1544 3281 1584 sanare
3316 1534 3498 1596 posset

1930 1611 2070 1667 hanc
2103 1630 2378 1670 enormem
2426 1619 2656 1689 plagam.
2707 1621 2858 1675 [inde
2903 1633 2957 1676 et
3005 1622 3282 1674 voluntate
3321 1618 3496 1673 Patris

1933 1705 2221 1759 exinanivit
2275 1709 2608 1776 semetipsum
2662 1712 2876 1780 propria
2917 1712 3379 1781 gloria,Densque
3399 1727 3496 1766 ex-

1928 1796 2145 1864 sistens,
2183 1798 2404 1866 formam
2436 1803 2569 1855 servi
2609 1805 2881 1872 assumpsit
2896 1804 3162 1867 ',tradens
3191 1818 3248 1859 se
3280 1813 3495 1873 propter

1933 1897 2118 1944 nostra
2145 1901 2385 1958 peccata.
2409 1893 2476 1947 Et
2501 1894 2691 1949 delicta
2715 1895 2930 1964 quidem
2962 1906 3146 1949 nostra
3177 1895 3492 1949 humiliave-

1928 1989 2053 2034 runt
2079 1996 2224 2049 eum,
2256 1985 2348 2038 sed
2383 1986 2544 2040 livore
2575 1986 2688 2053 ejus
2721 2003 2814 2039 nos
2847 2003 3019 2040 omnes
3047 1989 3220 2040 sanati
3252 2003 3431 2040 smnus
3449 1985 3490 2038 ⁸.

2002 2069 2087 2126 lll.
2122 2073 2505 2141 Quamobrem,
2557 2077 2887 2132 dilectissimi
2942 2077 3086 2132 ﬁlioli
3139 2078 3192 2132 in
3245 2077 3489 2137 Domino,

1926 2163 2066 2218 scire
2093 2180 2189 2219 vos
2211 2167 2332 2220 volo
2355 2169 2497 2235 quod
2523 2184 2617 2236 pro
2644 2178 2823 2224 nostra
2848 2170 3071 2226 stultitia
3099 2169 3256 2239 elegit
3279 2167 3489 2231 stulta“,

1925 2265 1977 2310 et
2001 2272 2097 2326 pro
2118 2267 2300 2312 nostra
2329 2259 2644 2316 inﬁrmitate
2667 2262 2892 2316 formam
2921 2261 3248 2316 inﬁrmitatis
3275 2276 3489 2316 assum-

1924 2349 2141 2418 psitzob
2175 2365 2333 2418 quam
2367 2362 2605 2407 nostram
2646 2353 2951 2422 pauperiem
2986 2353 3208 2408 eﬂ’ectus
3239 2361 3323 2406 est
3350 2365 3486 2419 pau-

1923 2455 2041 2508 per,
2074 2450 2128 2494 et
2161 2443 2230 2495 ob
2263 2453 2502 2496 nostram
2537 2454 2763 2497 mortem
2809 2443 3032 2513 ﬁguram
3076 2443 3246 2496 induit
3275 2442 3486 2495 mortis.

1925 2529 2064 2596 Ergo
2091 2533 2214 2598 quia
2241 2532 2292 2584 in
2322 2533 2404 2587 bis
2425 2535 2674 2589 omnibus
2699 2534 2953 2587 sustinuit
2979 2542 3193 2602 propter
3216 2547 3335 2595 nos,
3364 2545 3490 2585 vere

1926 2620 2068 2683 dico,
2093 2620 2424 2676 dilectissimi
2450 2623 2502 2676 in
2527 2623 2772 2688 Domino,
2799 2624 2923 2694 quia
2946 2640 3048 2678 non
3080 2623 3335 2678 debemus
3359 2623 3489 2676 dare

1921 2724 2170 2766 somnum
2219 2714 2390 2768 oculis
2450 2717 2671 2777 nostris,
2731 2731 2906 2784 neque
2965 2715 3234 2784 palpebris
3287 2714 3490 2768 nostris

1919 2801 2359 2859 dormitatiouem
2392 2806 2434 2869 ⁸,
2495 2805 2830 2874 postulantes
2881 2820 2944 2859 ac
2987 2813 3340 2874 perurgentes
3393 2802 3488 2858 Dei

1923 2891 2099 2948 Patris
2151 2895 2580 2949 inaestimabilem
2633 2895 2950 2959 bonitatem,
3007 2910 3284 2964 usquequo
3329 2909 3488 2965 egre-

1917 2981 2097 3035 diatur
2120 2983 2419 3045 nobiscum,
2449 2993 2504 3037 et
2545 2984 2596 3038 in
2634 2983 2735 3038 hoc
2790 2984 3026 3053 requiem
3068 2985 3360 3040 habeamus
3386 2985 3486 3040 ad-

241 3047 397 3101 ciens
445 3056 498 3101 et
541 3050 915 3117 considerans,
945 3062 998 3108 et
1046 3057 1365 3123 patientiam
1399 3058 1520 3127 ejus
1555 3061 1607 3114 in
1641 3070 1813 3117 tenta-

1924 3083 2108 3129 ventus
2137 3072 2265 3128 Jesu
2314 3084 2474 3144 atque
2504 3075 2742 3140 virtutis,
2791 3084 2851 3128 ut
2898 3074 3257 3144 obsequantur
3283 3076 3486 3130 sanctis

242 3136 482 3191 tionibus
507 3139 886 3207 perdurantem
923 3144 1206 3208 miserans,
1243 3146 1518 3217 adjuvabit
1543 3165 1685 3204 eum.

805 3233 1133 3290 EPISTOLA
1176 3237 1237 3293 ΙΙ.

803 3343 870 3381 ΔΙ)
909 3346 1240 3386 ΑιιειΝοιτΑε.

314 3416 352 3470 l.
393 3417 659 3474 Antonius
702 3421 960 3476 omnibus.
1002 3423 1370 3480 dilectissimis
1428 3429 1518 3497 qui
1567 3441 1697 3485 sunt
1759 3432 1812 3486 in

237 3510 517 3566 Arsiuoite
563 3520 618 3566 et
657 3513 710 3566 in
744 3513 1000 3581 parochia
1032 3518 1169 3584 ejus,
1197 3519 1278 3572 vel
1329 3521 1418 3587 qui
1446 3535 1567 3575 cum
1600 3521 1724 3589 illis,
1759 3524 1812 3576 in

237 3602 469 3656 Domino
506 3603 756 3662 salutem.

317 3693 613 3750 Universos
650 3711 746 3750 vos
779 3708 997 3766 paratos
1031 3701 1180 3756 abire
1221 3704 1286 3756 ad
1321 3705 1506 3771 Deum,
1555 3707 1729 3763 saluto
1759 3709 1812 3764 in

238 3783 489 3852 Domino,
519 3787 848 3854 charissimi,
881 3807 910 3844 a
952 3792 1161 3849 minore
1196 3811 1364 3865 usque
1393 3799 1459 3851 ad
1494 3800 1810 3864 maximum,

235 3887 294 3932 et
326 3895 355 3932 a
399 3877 654 3938 masculis
697 3898 868 3953 usque
912 3887 978 3940 ad
1025 3887 1279 3948 feminas.
1311 3891 1354 3945 0
1385 3890 1477 3946 ﬁlii
1525 3891 1806 3959 Israelitae,

235 3975 531 4027 secundum
598 3977 903 4031 sensualem
973 3990 1213 4035 vestram
1278 3984 1628 4038 exstantiam.
1672 3983 1812 4039 Vere

233 4063 464 4129 etenim,
502 4065 673 4133 ﬁlioli,
708 4070 928 4136 grandis
977 4071 1128 4124 vobis
1162 4072 1215 4124 in
1249 4075 1597 4141 generatione
1631 4084 1808 4130 vestra

234 4157 547 4225 promissio.
603 4159 838 4214 Decebat
893 4162 1090 4230 quippe
1146 4178 1242 4216 vos
1290 4173 1510 4232 propter
1553 4181 1674 4220 cum
1717 4167 1809 4234 qui

231 4247 600 4304 visitationem
632 4249 798 4304 vestri
845 4249 995 4317 fecit,
1046 4267 1386 4321 nequaquam
1442 4253 1655 4322 fatigari
1700 4271 1810 4310 cer-

234 4351 432 4405 tantes,
509 4342 683 4396 donec
758 4343 1116 4411 vosmetipsos
1166 4343 1432 4398 oﬁerretis
1482 4346 1804 4399 sacriﬁcium

232 4430 344 4485 Deo
385 4431 438 4485 in
485 4431 632 4486 omni
683 4432 1071 4494 sanctimonia,
1109 4431 1232 4485 sine
1271 4446 1378 4500 qua
1413 4445 1572 4486 nemo
1609 4433 1807 4499 poterit
1838 4416 1882 4472 Ῑ)

230 4523 557 4575 haereditare
602 4523 790 4577 Deum.
832 4521 965 4577 Nam
1003 4539 1099 4591 pro
1127 4533 1297 4586 certo,
1333 4523 1662 4585 charissimi,
1700 4539 1806 4577 ma-

230 4629 394 4683 gnum
425 4621 510 4668 est
543 4613 694 4669 vobis
748 4615 909 4679 istud,
956 4623 1014 4666 ut
1065 4614 1453 4682 percontemini
1507 4613 1572 4667 de
1616 4615 1797 4684 c0gnio

233 4705 378 4758 tione
413 4705 678 4759 sensualis
723 4705 1025 4768 exstantim,
1059 4705 1110 4757 in
1143 4719 1246 4775 qua
1282 4721 1385 4758 non
1420 4715 1501 4759 est
1534 4706 1804 4760 masculus

231 4810 405 4865 neque
453 4796 676 4859 femina,
716 4798 810 4850 sed
862 4797 1168 4850 substantia
1226 4805 1437 4850 tantum
1477 4798 1802 4850 immortalis

227 4888 461 4951 exsistit,
525 4887 733 4942 habens
790 4888 1003 4956 quidem
1058 4886 1402 4955 principium,
1460 4887 1620 4941 ﬁnem
1674 4902 1804 4941 vero

230 4994 571 5048 nequaquam
608 4980 994 5046 :debitumque
1025 4978 1181 5032 vobis
1210 4988 1330 5032 erat
1375 4993 1701 5047 cognoscere
1733 4978 1801 5032 de

228 5088 316 5136 eo,
345 5073 613 5141 quomodo
663 5073 884 5125 omnino
931 5070 1194 5125 deciderit
1239 5070 1291 5124 in
1347 5079 1548 5123 tantam
1581 5071 1804 5124 humili-

234 5175 396 5219 tatem
442 5177 497 5220 et
551 5164 926 5220 confusionem
977 5165 1254 5229 eximiam,
1286 5179 1406 5234 qua:
1438 5168 1802 5234 pertransiens

228 5257 284 5311 in
314 5257 564 5310 omnibus
600 5256 754 5311 vobis
789 5254 1026 5309 advenit.

302 5348 363 5402 ll.
401 5348 565 5417 Igitur
602 5347 816 5417 quando
864 5347 1167 5400 substantia
1211 5345 1532 5400 immortalis
1585 5347 1804 5400 exsistit

233 5449 339 5488 non
368 5435 728 5491 consolvenda
769 5436 1107 5505 corporibus,
1146 5433 1286 5488 hanc
1314 5436 1384 5489 ob
1416 5449 1633 5489 causam
1663 5435 1803 5490 Deus

305 5552 324 5584 ⁸
351 5551 581 5622 Philipp.
619 5568 680 5618 ιι,
721 5552 776 5620 6,
807 5553 863 5607 7.
942 5553 962 5584 ’⁵
987 5552 1087 5606 lsa.
1121 5569 1238 5618 [.Ill,
1269 5553 1325 5608 5.
1389 5550 1466 5604 ’⁸1
1497 5551 1622 5608 Cor.
1660 5571 1702 5619 ι,
1725 5555 1813 5609 27.

1919 3165 2008 3233 qui
2053 3179 2149 3218 nos
2193 3165 2441 3220 excolere
2497 3166 2793 3230 festinant,
2858 3177 3099 3238 tempore
3147 3169 3484 3238 negligentia:

1919 3261 2115 3308 nostra:
2145 3253 2481 3308 alacritatem
2527 3256 2828 3310 animorum
2869 3256 3058 3310 dantes
3091 3258 3163 3319 ei,
3191 3258 3257 3312 ad
3288 3258 3483 3326 juvan-

1916 3344 2039 3397 dum
2067 3359 2165 3400 nos
2190 3345 2240 3399 in
2271 3355 2513 3415 tempore
2537 3347 2896 3403 tribulationis
2919 3358 3118 3403 nostra:
3142 3365 3156 3402 :
3183 3357 3308 3402 tunc
3338 3348 3484 3403 enim

1915 3433 2186 3488 seminans
2216 3435 2417 3504 pariter
2446 3452 2567 3491 cum
2600 3446 2831 3490 metente
2860 3437 3129 3508 gaudebit.

1987 3523 2074 3577 IV.
2109 3524 2276 3583 Nosse
2300 3529 2462 3581 etiam
2493 3543 2588 3582 vos
2613 3527 2787 3597 cupio,
2815 3528 2980 3592 lilioli,
3007 3543 3167 3597 quam
3194 3528 3484 3598 plurimum

1915 3613 2156 3669 dolorem
2207 3633 2385 3672 meum
2429 3631 2588 3687 quem
2646 3619 2816 3673 habeo
2864 3635 2963 3688 pro
3003 3619 3175 3682 vobis,
3215 3620 3483 3688 aspiciens

1914 3707 2170 3773 grandem
2222 3708 2365 3762 illam
2411 3709 2780 3764 confusionem
2825 3725 2944 3780 qrue
2995 3726 3157 3780 super
3203 3712 3484 3766 universos

1913 3797 2151 3867 advenit,
2183 3809 2236 3856 et
2265 3801 2614 3858 considerans
2642 3801 2869 3857 multum
2906 3802 3055 3857 illum
3089 3802 3324 3858 laborem
3356 3819 3485 3858 san-

1913 3902 2123 3950 ctorum
2151 3893 2394 3948 omnium
2434 3903 2598 3963 atque
2628 3895 2883 3962 gemitum
2917 3909 3076 3963 quem
3109 3895 3361 3948 emittunt
3387 3909 3484 3964 pro

1912 3984 2066 4040 vobis
2096 3998 2308 4054 semper
2352 3985 2418 4037 ad
2473 3983 2663 4048 Deum,
2699 3993 2981 4038 cernentes
3009 3983 3247 4038 laborem
3281 3984 3490 4052 proprii

1912 4074 2243 4138 Conditoris,
2271 4087 2565 4142 onmesque
2606 4071 2839 4126 malitias
2880 4072 3351 4140 parvipendentes,
3385 4086 3485 4127 nec

1912 4180 2018 4219 non
2051 4174 2103 4217 et
2131 4163 2406 4232 decipulas
2433 4162 2627 4216 diaboli
2657 4171 2710 4214 et
2733 4162 3042 4230 angelorum
3075 4161 3191 4230 ejus
3219 4162 3479 4215 insidian-

1915 4255 2068 4314 tium,
2094 4251 2251 4322 juges
2306 4251 2372 4304 ad
2425 4253 2782 4321 perditionem
2815 4261 3072 4305 nostram.
3104 4249 3367 4316 Quoniam
3399 4262 3482 4304 et-

1912 4347 2055 4398 enim
2091 4343 2263 4412 portio
2291 4356 2479 4396 eorum
2514 4343 2566 4396 in
2597 4341 2862 4396 infernum
2896 4342 3056 4394 habet
3079 4345 3178 4404 ire,
3203 4341 3404 4395 idcirco
3431 4350 3486 4395 et

1912 4435 1984 4489 illi
2017 4434 2206 4489 volunt
2238 4441 2482 4486 nostrum
2519 4447 2734 4500 quoque
2780 4431 3014 4484 studium
3054 4446 3156 4484 una
3189 4446 3371 4485 secum
3401 4442 3485 4486 at-

1913 4524 2149 4578 trahere.
2193 4523 2330 4576 Vere
2380 4521 2565 4591 igitur,
2600 4522 2908 4576 charissimi
2959 4522 3011 4574 in
3050 4522 3294 4583 Domino,
3344 4524 3484 4578 sicut

1912 4611 2264 4683 prudentibus
2298 4611 2544 4680 loquor’,
2569 4620 2628 4665 ut
2653 4611 2995 4680 cognoscatis
3027 4622 3251 4666 cunctas
3266 4611 3483 4680 Opiﬁcis

1912 4705 2081 4758 nostri
2125 4703 2554 4772 dispensationes
2586 4718 2683 4772 pro
2717 4702 2868 4756 nobis
2899 4703 3090 4767 factas,
3127 4719 3246 4773 quae
3269 4715 3322 4758 et
3354 4705 3483 4758 visi-

1911 4799 2164 4852 tationem
2222 4795 2392 4849 nostri
2443 4794 2646 4849 faciunt
2697 4809 2794 4862 per
2842 4794 3128 4848 manifesta
3169 4805 3222 4850 et
3271 4798 3480 4851 occulta

1910 4887 2200 4958 praeconia.
2231 4886 2340 4940 Nos
2387 4902 2571 4939 sumus
2623 4885 2976 4940 rationabiles
3027 4888 3347 4956 nuncupati;
3385 4889 3481 4942 sed

1911 4982 2147 5051 gerimus
2208 4978 2628 5033 irrationabilem
2683 4994 2940 5045 sensum,
2995 4979 3119 5032 dum
3170 4979 3481 5047 ignoramus

1910 5071 2150 5128 occultas
2199 5071 2524 5123 calliditates
2570 5078 2624 5123 et
2660 5079 2806 5124 artes
2848 5064 3046 5123 diaboli
3096 5069 3478 5133 multiformes,

1909 5179 2028 5234 qua:
2056 5164 2182 5228 sint,
2220 5163 2512 5232 qualesque
2549 5173 2857 5216 noscantur.
2897 5161 3126 5227 Quando
3158 5164 3300 5217 enim
3329 5177 3478 5218 com-

1909 5256 2148 5326 pererint
2177 5253 2365 5308 conari
2388 5269 2485 5308 nos
2508 5252 2878 5309 confusionem
2911 5265 3151 5309 nostram
3182 5268 3480 5322 cognosce—

1911 5363 1993 5412 re,
2048 5357 2102 5401 et
2149 5346 2290 5416 quod
2326 5361 2632 5415 qttmramus
2667 5347 2882 5399 modum
2937 5345 3191 5401 eﬁicacize
3241 5344 3474 5409 illorum,

1910 5447 2198 5509 operantes
2251 5439 2304 5491 in
2345 5437 2530 5499 nobis;
2575 5446 2630 5490 et
2657 5452 2763 5490 non
2794 5445 2998 5489 tantum
3029 5446 3083 5489 ut
3117 5451 3219 5491 non
3255 5435 3470 5491 obediao

1894 5556 1914 5587 ⁸
1945 5553 2088 5610 Psal.
2116 5568 2300 5621 cxxxr,
2333 5553 2386 5606 4.
2470 5552 2489 5582 ⁷
2522 5552 2540 5605 1
2569 5551 2695 5606 Cor.
2744 5569 2775 5606 χ
2829 5553 2914 5606 l5.

302 5664 414 5749 (la)
459 5665 535 5749 De
562 5667 922 5749 soluturum.
951 5666 1217 5748 Toutteus
1247 5667 1581 5749 disserlr'lll
1611 5668 1799 5749 erill.
1844 5686 1990 5724 mnu.
2023 5670 2112 5734 25,
2149 5683 2267 5738 pag.
2313 5681 2454 5733 cur,
2486 5665 2769 5738 legendum
2809 5673 2990 5722 mouet
3023 5667 3086 5720 de
3117 5663 3408 5730 Saluatore.

233 5736 384 5805 Quod
413 5737 665 5804 equidem
697 5739 916 5792 minime
950 5739 1314 5793 necessarium
1349 5736 1727 5795 existimarint.
