3872 6278
381 345 493 406 983

1513 345 1790 402 PATRES
1827 340 2125 400 .EGYPTll
2169 343 2440 402 SAECULI
2483 347 2573 402 IV.

3541 333 3672 393 984

383 482 508 524 Inus
538 466 762 524 maiitiis
793 482 978 523 eorum
1030 477 1122 523 aut
1167 469 1528 524 hortamentis
1555 483 1674 536 quae
1712 466 1959 528 dissemi-
1985 465 2043 524 Δ
2065 478 2282 524 crantes
2313 465 2701 538 benignitatem
2736 461 2934 527 Patris,
2964 466 3024 515 ut
3047 471 3261 526 semper
3289 454 3516 527 possitis
3550 452 3671 507 ha-

383 572 517 616 Iztltl
561 560 615 614 in
661 560 913 615 cordibus
960 561 1180 623 nostris.
1211 560 1304 614 sed
1340 568 1396 614 et
1433 575 1500 613 ne
1543 574 1704 628 quam
1737 555 1950 628 plurimi

384 661 696 706 nostrorum
731 651 1088 720 profiteantur
1119 652 1295 705 studia
1341 666 1531 704 eorum
1567 669 1580 703 ;
1616 651 1711 718 ipsi
1744 662 1960 718 quoque

384 751 774 811 cognoscentes
816 739 1199 810 indulgentiam
1247 740 1577 805 Conditoris,
1623 740 1767 810 quod
1811 753 1960 793 mors

385 831 470 884 his
507 831 598 885 flat
627 832 678 885 in
710 832 890 898 terris,
923 832 1027 886 illis
1060 848 1187 886 vero
1230 833 1302 886 sit
1330 840 1689 902 praeparatum
1731 829 1962 886 haeredi-

388 927 504 974 tare
532 923 829 990 gehennam
864 931 1085 990 propter
1115 921 1491 992 negligentiam
1527 936 1752 980 suam...

461 1005 525 1065 V.
555 1009 710 1066 Scire
751 1020 933 1065 autem
967 1027 1060 1066 vos
1091 1012 1234 1077 volo,
1265 1011 1437 1075 filioli,
1466 1013 1609 1081 quod
1642 1027 1745 1065 non
1779 1010 1966 1065 desino

387 1101 680 1156 obsecrans
729 1117 828 1172 pro
874 1103 1024 1157 vobis
1075 1104 1241 1158 Deum
1286 1111 1444 1158 nocte
1494 1117 1559 1156 ac
1607 1101 1715 1165 die,
1757 1109 1816 1154 ut
1853 1101 1969 1167 ipse

391 1192 602 1259 aperiat
641 1191 828 1246 oculos
865 1192 1048 1246 cordis
1091 1192 1255 1245 vestri
1310 1191 1377 1244 ad
1417 1190 1807 1260 providendum
1844 1203 1966 1242 ere-

392 1277 542 1330 brins
561 1277 824 1332 occultam
857 1277 1242 1346 malignitatem
1271 1277 1504 1341 illorum,
1531 1293 1691 1346 quam
1731 1292 1824 1346 per
1849 1277 1965 1332 siu-

389 1368 511 1437 gula
565 1382 726 1437 super
783 1383 882 1423 nos
934 1367 1216 1422 effundunt
1265 1369 1316 1421 in
1365 1368 1468 1423 isto
1513 1383 1654 1422 nunc
1706 1379 1965 1437 tempore.

391 1459 585 1525 Quaeso
628 1459 788 1513 etiam
842 1468 901 1512 ut
955 1463 1218 1514 concedat
1263 1461 1418 1515 vobis
1467 1460 1712 1514 scientia:
1744 1475 1858 1524 cor,
1905 1476 1970 1515 ac

391 1548 739 1603 discretionis
787 1550 1036 1617 spiritum
1090 1558 1326 1620 prrestet,
1388 1559 1445 1604 ut
1506 1551 1726 1619 po:sitis
1768 1549 1965 1606 offerre

394 1639 669 1707 proprium
713 1640 1101 1706 cor,'ltostiam
1141 1650 1384 1695 sanctam
1428 1639 1483 1695 in
1524 1649 1812 1708 conSpectu
1857 1639 1964 1693 Pa-

395 1731 494 1784 tris
531 1731 583 1784 in
625 1732 788 1785 multa
824 1732 1136 1796 sanctitate,
1161 1741 1216 1785 et
1237 1732 1354 1786 sine
1376 1731 1617 1800 querela.
1639 1731 1776 1787 Vere
1797 1732 1964 1798 enim,

395 1821 568 1885 filioli,
613 1822 852 1877 invident
884 1824 1038 1878 nobis
1068 1841 1162 1892 per
1187 1840 1401 1880 omnem
1432 1825 1618 1879 horam
1649 1824 1701 1877 in
1727 1839 1824 1879 suo
1856 1840 1969 1880 ma-
1999 1793 2046 1854 Β

396 1910 540 1981 ligno
573 1911 802 1967 consilio
829 1922 884 1967 et
914 1915 1292 1982 persecutione
1321 1928 1481 1982 quam
1511 1912 1738 1982 plurima
1766 1921 1822 1966 et
1851 1927 1966 1964 rna-

396 2002 510 2056 litia
554 2017 672 2070 sua,
703 2017 911 2058 necnon
960 2015 1012 2058 et
1061 2004 1341 2072 spiritibus
1374 2003 1580 2058 erroris
1618 2005 1729 2057 sive
1763 2004 1970 2073 cogita-

399 2097 636 2152 tionibus
684 2096 1049 2167 blasphemis,
1086 2097 1487 2151 infidelitatibus
1521 2097 1723 2153 nostris
1756 2112 1972 2167 quoque

396 2204 518 2258 qua:
545 2189 882 2244 seminantur
913 2190 984 2244 ab
1020 2189 1151 2258 ipsis
1194 2189 1244 2242 in
1283 2190 1552 2254 cordibus,
1595 2205 1660 2242 ac
1695 2189 1972 2244 doloribus

398 2279 604 2346 multis,
633 2296 752 2350 qua:
782 2281 1027 2350 irrogant
1058 2279 1212 2334 nobis
1241 2293 1337 2348 per
1361 2295 1575 2334 onmem
1613 2281 1831 2344 horam;
1857 2279 1974 2333 ani-

397 2370 470 2422 mi
501 2370 664 2424 etiam
694 2368 1106 2434 defectionibus,
1139 2367 1194 2422 in
1225 2368 1418 2438 quibus
1446 2384 1542 2437 per
1581 2361 1789 2438 singula
1822 2368 1971 2422 labe-

396 2461 580 2516 facere
607 2461 847 2514 animum
879 2476 985 2515 non
1035 2461 1335 2526 desistunt;
1373 2460 1426 2514 in
1464 2459 1734 2514 universis
1759 2474 1974 2528 quoque

397 2553 697 2608 iracundiis
718 2553 830 2608 suis
856 2561 910 2606 et
932 2549 1438 2613 obtrectationibus,
1480 2563 1616 2619 quas
1645 2551 1843 2604 docent
1875 2563 1974 2603 nos

396 2644 621 2708 habere,
650 2652 705 2698 et
754 2643 1018 2696 adversus
1053 2641 1410 2706 alterutrum;
1442 2651 1497 2694 et
1535 2648 1592 2693 ut
1615 2640 1976 2708 iustifieemus

398 2735 759 2802 nosmetipsos
785 2734 836 2787 in
885 2734 952 2788 iis
973 2748 1091 2802 qua:
1115 2731 1365 2793 facimus.
1394 2740 1446 2783 et
1471 2731 1982 2797 condemnationem

397 2840 518 2892 qua:
554 2823 856 2879 seminatur
883 2825 950 2878 ab
984 2822 1118 2890 ipsis
1149 2821 1201 2874 in
1245 2821 1519 2874 mentibus
1563 2821 1783 2883 nostris,
1812 2821 1975 2874 etiam
2041 2818 2053 2829 ”’

399 2933 523 2972 rum
578 2916 888 2974 exsistimus
941 2914 1270 2983 singulares;
1327 2927 1559 2982 cumque
1611 2912 1820 2968 faciunt
1876 2929 1977 2969 nos

400 3010 708 3080 proximum
730 3008 1000 3078 judicare,
1033 3021 1132 3060 nec
1167 3015 1346 3059 tamen
1379 3005 1496 3075 ipso
1523 3017 1770 3060 exstante
1795 3006 1979 3062 nobis-

400 3111 525 3150 cum
551 3113 566 3152 :
597 3095 1104 3166 pratsumptionibus
1133 3095 1396 3162 siquidem
1422 3109 1553 3162 quas
1582 3095 1832 3164 ingerunt
1857 3109 1977 3150 cor-

405 3186 568 3241 dibus
606 3186 829 3251 nostris,
854 3176 914 3239 in
945 3185 1196 3254 superbia
1232 3183 1352 3238 duri
1385 3184 1566 3239 cordis
1592 3195 1891 3252 exstantes,
1923 3196 1979 3240 et

403 3280 636 3334 invicem
667 3288 1008 3348 spernentes,
1050 3277 1466 3332 amaritudinem
1509 3277 1800 3342 habentes;
1831 3277 1977 3331 onmi

403 3369 539 3425 liora
560 3370 928 3439 vituperantes
955 3368 1297 3434 alterutrum,
1347 3377 1402 3422 et
1449 3383 1553 3420 non
1585 3368 1976 3436 nosmetipsos;

404 3464 694 3532 opinantes
719 3461 958 3516 laborem
986 3471 1228 3515 nostrum
1251 3475 1316 3514 ex
1344 3462 1558 3529 propria
1593 3471 1845 3514 constare
1874 3459 1977 3513 vir-

405 3564 542 3620 tute,
566 3552 776 3622 iudices
807 3552 1139 3606 exsistentes
1174 3547 1605 3614 manifestorum,
1637 3560 1805 3605 totum
1838 3552 1980 3604 intra

404 3645 622 3700 domum
659 3651 898 3708 nostram
946 3643 1263 3698 immutante
1298 3642 1547 3708 latrone;
1590 3652 1644 3695 et
1690 3643 1742 3695 in
1785 3641 1983 3712 iurgiis

308 3743 316 3754 ‘
406 3747 572 3805 atque
604 3734 968 3789 simultatibus
1005 3733 1375 3800 adversusque
1407 3731 1729 3786 alterutrum
1775 3729 1984 3785 affecti-

406 3825 530 3890 bus,
565 3826 735 3880 donec
760 3839 1066 3879 sermonem
1100 3823 1375 3893 proprium
1416 3832 1667 3876 constare
1695 3822 1980 3889 faciamus,

409 3930 468 3970 ut
495 3931 780 3985 pareamus
809 3918 862 3969 in
891 3923 1182 3983 conspectu
1226 3923 1412 3968 nostro
1435 3912 1745 3982 iustificati,
1777 3912 1986 3968 animo-

409 4009 623 4062 sitatem
677 3992 839 4060 nobis
882 4006 1187 4072 pratbentes
1220 4018 1284 4058 ac
1336 4003 1594 4057 facientes
1640 4004 1819 4057 studia
1867 4018 1987 4071 quae

412 4108 589 4153 tamen
620 4095 952 4166 impossibile
985 4103 1070 4150 est
1113 4095 1228 4164 geri
1260 4109 1275 4147 :
1310 4093 1688 4162 intempestive
1721 4095 1866 4148 enim
1907 4094 1988 4148 fa-

409 4189 613 4244 cientes
638 4203 738 4243 nos
765 4187 980 4252 resolvi,
1014 4189 1084 4242 ob
1121 4187 1172 4241 id
1206 4188 1346 4256 quod
1375 4202 1564 4241 sumus
1593 4201 1660 4241 ex
1697 4186 1815 4253 illo,
1845 4189 1986 4258 quod

409 4279 756 4334 emolumenti
788 4288 874 4333 est
904 4279 1102 4334 nobis?
1139 4277 1367 4346 Propter
1397 4292 1519 4346 qua:
1563 4278 1742 4332 ridere
1772 4295 1870 4333 nos
1905 4279 1986 4332 fa-

411 4373 562 4426 ciunt
609 4381 848 4440 tempore
893 4369 1070 4432 fletus,
1101 4381 1152 4424 et
1188 4371 1318 4423 flere
1352 4370 1404 4422 in
1441 4379 1682 4438 tempore
1716 4369 1858 4424 risus
1892 4380 1987 4424 :et

2066 560 2195 615 bere
2220 558 2497 614 vobiscum
2531 556 2856 625 adiutorium
2901 552 3044 622 ejus,
3091 552 3526 618 doceatqne‘vos
3563 563 3674 602 co—

2065 652 2356 722 gnitionem
2390 649 2498 714 sui,
2528 649 2620 717 qui
2647 662 2707 702 se
2734 647 2869 700 bene
2894 645 3076 698 habet.

2140 744 2222 816 Vl.
2254 741 2392 797 Vere
2435 741 2634 796 etenim
2689 739 2810 791 dico
2854 735 3029 800 vobis,
3077 732 3186 787 nati
3222 731 3350 797 mei,
3390 728 3524 798 quia
3561 741 3677 784 vas

2068 835 2209 890 istud
2247 836 2298 888 in
2334 849 2441 904 quo
2489 846 2676 888 smnus
2723 828 3110 892 inhabitantes,
3173 825 3226 878 in
3287 822 3671 891 perditionem

2068 927 2224 982 nobis
2253 925 2488 990 exsistit,
2516 933 2577 977 et
2611 922 2803 976 dooms
2833 929 2917 975 est
2948 918 3104 988 plena
3131 915 3308 972 bellis.
3340 913 3446 969 Pro
3473 923 3670 974 certo,

2069 1017 2243 1081 filioli,
2272 1018 2394 1071 dico
2429 1015 2583 1069 vobis
2611 1011 2758 1084 quod
2804 1011 2981 1067 omnis
3031 1011 3193 1065 homo
3224 1007 3442 1062 illectus
3468 1004 3526 1058 in
3561 1018 3673 1056 vo-

2070 1107 2368 1178 luptatibus
2395 1107 2528 1173 suis,
2571 1115 2623 1160 et
2654 1111 2957 1175 prostratus
2999 1117 3029 1156 a
3061 1099 3486 1171 cogitationibus
3521 1109 3668 1164 pro-

2070 1196 2226 1266 priis,
2255 1195 2675 1265 complexusque
2703 1209 2731 1247 a
2762 1193 3019 1262 maligno,
3051 1188 3337 1244 seminavit
3365 1187 3419 1240 in
3442 1185 3620 1240 corde
3643 1199 3667 1238 :

2070 1287 2161 1356 qui
2192 1287 2494 1355 eongaudet
2519 1285 2621 1350 eis,
2649 1294 2704 1338 et
2733 1283 2926 1352 recipit
2949 1297 3108 1336 sensu
3135 1279 3298 1333 veluti
3331 1292 3530 1348 magna
3561 1290 3670 1328 ex-

2071 1375 2319 1431 sistcntia
2351 1383 2711 1438 sacramenta,
2743 1373 2796 1426 in
2829 1386 2895 1425 eo
2921 1372 3064 1438 quod
3099 1370 3208 1436 agit
3233 1365 3546 1434 iustificans
3572 1379 3670 1417 se-

2072 1466 2377 1535 metipsum.
2439 1463 2756 1534 [huiusmodi
2823 1461 3003 1517 anima
3055 1459 3345 1526 ,coexsistit
3397 1455 3667 1523 malignis

2073 1557 2373 1628 spiritibus,
2419 1555 2754 1611 consiliatrix
2799 1554 2855 1608 in
2907 1553 3106 1606 malum
3143 1569 3156 1605 :
3189 1564 3388 1618 corpus
3437 1562 3669 1617 quoque

2072 1646 2234 1710 illius,
2264 1646 2505 1702 custodia
2534 1655 2617 1700 est
2643 1644 3038 1700 horrendorum
3063 1657 3184 1711 quae
3207 1640 3450 1695 occultat
3477 1638 3536 1692 in
3567 1653 3662 1694 se-

2075 1735 2324 1804 metipso.
2370 1732 2741 1789 Praevalebunt
2797 1741 2976 1786 autem
3033 1733 3293 1785 adversus
3322 1726 3666 1799 huiusmodi,

2073 1826 2330 1894 quoniam
2357 1839 2461 1878 non
2495 1823 2737 1878 traduxit
2775 1835 2869 1876 eos
2903 1835 3088 1874 coram
3120 1819 3393 1874 onmibus.
3424 1819 3493 1871 At
3521 1833 3666 1872 nun-

2073 1917 2202 1986 quid
2242 1926 2298 1972 et
2333 1915 2436 1986 ipsi
2467 1916 2689 1971 nescitis
2718 1915 2861 1984 quod
2903 1929 3008 1967 non
3052 1910 3360 1982 huiusmodi
3402 1919 3666 1978 capturas

2074 2011 2328 2074 habeant,
2361 2024 2497 2078 quas
2522 2023 2620 2064 nos
2647 2016 3039 2078 cognoscentes
3071 2004 3255 2075 procul
3288 2004 3452 2058 dubio
3479 2003 3662 2074 fugia-

2075 2102 2230 2157 mus?
2263 2100 2528 2157 Carterum
2559 2109 2615 2154 et
2641 2101 2686 2154 si
2718 2099 3022 2169 quaesieris,
3050 2111 3154 2151 non
3188 2095 3434 2151 invenies
3459 2110 3664 2164 pecca-

2074 2202 2189 2246 tum
2215 2206 2401 2247 eorum
2429 2204 2527 2245 nec
2550 2190 2891 2259 iniquitatem
2915 2185 3270 2256 corporaliter
3289 2185 3660 2238 manifestam.

2074 2283 2279 2352 Corpus
2311 2283 2455 2337 enim
2494 2290 2582 2337 est
2613 2283 2810 2336 anima:
2843 2280 3108 2349 recipiens
3143 2279 3538 2348 malignitatem
3563 2294 3663 2331 eo-

2076 2390 2194 2428 rum
2224 2391 2239 2429 :
2270 2388 2430 2443 quam
2461 2388 2583 2428 cum
2609 2371 2934 2441 susceperit,
2965 2381 3092 2424 tunc
3122 2369 3165 2424 si
3193 2369 3344 2432 velit,
3373 2368 3426 2421 in
3455 2384 3663 2437 propa-

2077 2465 2191 2520 tulo
2221 2465 2374 2534 punit
2407 2479 2506 2534 per
2540 2466 2738 2533 corpus
2782 2463 2925 2518 istud
2964 2463 3017 2516 in
3061 2476 3168 2530 quo
3217 2475 3403 2514 sumus
3438 2458 3663 2512 inhabi-

2079 2567 2275 2611 tantes.
2323 2553 2480 2609 Nunc
2531 2555 2734 2623 itaque,
2790 2552 2960 2615 filioli,
3016 2567 3121 2606 non
3170 2551 3361 2604 demus
3387 2549 3437 2603 ei
3481 2549 3662 2602 locum

2078 2649 2264 2712 ullmn,
2295 2647 2538 2715 alioquin
2576 2647 2845 2701 nobismet
2879 2645 2973 2699 Dei
3015 2643 3374 2699 excitabimus
3410 2643 3573 2707 iram,
3606 2648 3664 2695 et

2079 2740 2152 2793 illi
2182 2739 2582 2808 permiscentur
2612 2737 2667 2790 in
2693 2737 2940 2792 domibus
2968 2735 3171 2791 nostris
3197 2735 3488 2788 irridentes
3521 2747 3662 2802 nos;

2079 2832 2338 2902 quoniam
2369 2832 2472 2885 hoc
2503 2838 2770 2883 noverunt
2795 2830 2936 2898 quod
2977 2829 3295 2898 perditionis
3324 2836 3409 2881 est
3436 2837 3660 2888 nostrae,

2079 2939 2198 2992 qua:
2224 2935 2401 2978 tamen
2434 2932 2487 2974 et
2522 2921 2634 2988 ipsa
2685 2921 2752 2973 de
2801 2918 3047 2986 proximo
3097 2918 3368 2982 consistit,
3414 2917 3577 2970 sicuti
3604 2925 3664 2970 et

2080 3013 2188 3066 vita
2218 3012 2283 3065 de
2315 3024 2498 3080 prope.
2529 3009 2660 3075 Quis
2686 3008 2829 3062 enim
2865 3023 3100 3077 unquam
3140 3007 3310 3061 Deum
3358 3005 3573 3075 aspexit
3601 3012 3664 3060 ut

2003 3133 2048 3193 ε
2082 3109 2268 3160 videns
2293 3106 2653 3174 congauderet
2675 3105 2724 3158 ei
2747 3105 2812 3160 de
2837 3119 2893 3159 re
2920 3114 3068 3159 tanta
3113 3107 3251 3174 apud
3280 3106 3662 3174 semetipsum,

2080 3212 2150 3252 ne
2185 3196 2326 3251 forte
2363 3195 2645 3262 aufugeret
2683 3210 2830 3258 eum,
2871 3195 2965 3249 sed
3016 3203 3074 3248 ut
3121 3195 3456 3263 adiudicaret
3497 3195 3664 3247 etiam

2080 3288 2224 3342 velut
2259 3288 2525 3342 habitanti
2566 3288 2620 3342 in
2669 3287 2773 3341 hoc
2804 3287 3041 3355 pondere
3077 3288 3261 3340 tanto?
3289 3297 3383 3339 aut
3411 3287 3536 3356 quis
3565 3286 3669 3340 ali-

2082 3379 2298 3448 quando
2328 3379 2540 3447 aspexit
2576 3376 2848 3432 diabolum
2880 3391 3278 3448 oppugnantem
3308 3393 3431 3444 nos,
3458 3389 3513 3432 et
3540 3393 3666 3447 pro.

2083 3466 2354 3520 bibentem
2398 3465 2659 3520 beneficia
2711 3452 2956 3534 adipisci,
3008 3469 3383 3521 adversantem
3423 3468 3581 3522 nobis
3611 3477 3671 3522 cl

2081 3567 2312 3612 stantem
2360 3558 2412 3612 in
2445 3557 2563 3612 loco
2603 3558 2872 3626 corporali
2897 3568 3129 3622 secreto,
3163 3568 3219 3611 ut
3249 3560 3555 3627 praevidens
3583 3560 3669 3613 fu-

2084 3661 2238 3718 geret
2267 3651 2336 3705 ab
2366 3651 2516 3724 ipsp?
2556 3651 2663 3705 Sed
2699 3651 2776 3705 illi
2829 3651 3043 3719 quidem
3078 3650 3323 3703 habitant
3352 3650 3403 3703 in
3429 3649 3666 3716 occulto,

2085 3757 2184 3796 nos
2209 3753 2384 3797 autem
2413 3743 2756 3812 propalamus
2787 3757 2882 3797 eos
2907 3757 3004 3810 per
3032 3741 3209 3796 studia
3240 3740 3486 3794 meliora.

2156 3835 2266 3889 VII.
2303 3835 2566 3900 Quoniam
2598 3835 2766 3905 igitur
2802 3850 2869 3888 ex
2903 3849 3008 3888 uno
3038 3833 3297 3889 Creatore
3321 3842 3448 3887 sunt
3478 3848 3667 3888 omnes

2086 3927 2379 3981 secundum
2409 3927 2714 3981 sensualem
2740 3928 3063 3981 exstantiam
3090 3941 3301 3989 eorum,
3330 3926 3382 3979 in
3409 3925 3666 3995 fugiendo

2088 4034 2216 4073 vero
2247 4035 2340 4074 eos
2367 4035 2396 4071 a
2416 4018 2546 4080 Deo,
2566 4028 2621 4072 et
2649 4019 2815 4072 multa
2843 4020 3129 4074 diversitas
3152 4027 3236 4073 est
3258 4019 3311 4071 in
3345 4018 3452 4072 illis
3477 4018 3665 4074 effert:

2086 4112 2155 4164 ob
2174 4111 2414 4164 diversas
2428 4111 2770 4177 operationes
2786 4110 3050 4178 ipsorum,
3068 4109 3269 4164 idcirco
3286 4117 3465 4163 autem
3485 4108 3664 4163 omnia

2089 4203 2203 4256 haec
2228 4203 2439 4254 nomina
2464 4202 2669 4270 adiecta
2692 4213 2817 4274 sunt
2839 4203 2980 4268 istis,
3002 4212 3222 4274 propter
3243 4201 3666 4271 uniuscujusque

2089 4308 2277 4346 eorum
2317 4295 2685 4362 operatiooent
2718 4311 2731 4346 :
2765 4293 2888 4346 ideo
2915 4305 2969 4348 et
3006 4310 3148 4348 nunc
3176 4293 3398 4363 quidam
3430 4293 3664 4363 ipsorum

2091 4397 2358 4440 vocantur
2387 4386 2720 4452 archangeli,
2755 4385 2844 4440 alii
2875 4385 3054 4449 sedes,
3083 4395 3139 4440 et
3167 4385 3584 4446 dominationes,
3611 4395 3667 4439 et

413 4474 473 4517 ut
525 4461 693 4516 semel
739 4473 903 4528 atque
954 4461 1270 4528 simpliciter
1321 4460 1573 4523 dixerim,
1629 4472 1977 4530 transponunl

2096 4486 2406 4545 potestates,
2429 4492 2484 4532 et
2506 4477 2804 4530 cherubim.
2837 4476 2959 4531 flare
2987 4486 3168 4530 autem
3196 4477 3275 4531 eis
3309 4477 3525 4530 nomina
3548 4486 3668 4530 sunt

414 4570 629 4623 semper
660 4569 692 4608 e
728 4564 875 4606 recta
925 4553 1006 4605 via
1042 4553 1095 4604 in
1131 4551 1252 4605 aliis
1306 4567 1464 4620 quam
1507 4552 1751 4621 plurimis
1782 4554 1987 4607 erroni-

414 4647 537 4707 bus,
569 4659 662 4714 per
706 4644 885 4696 omnia
921 4658 1018 4696 nos
1054 4643 1195 4711 ipsos
1225 4643 1438 4697 sibimet
1482 4644 1532 4688 in
1568 4645 1801 4699 famulos
1837 4647 1989 4700 rede-

416 4745 631 4804 gerunt,
680 4750 909 4802 quorum
945 4743 1154 4803 tempus
1190 4750 1293 4788 non
1339 4745 1421 4788 est
1467 4737 1520 4789 in
1559 4736 1841 4804 prepatulo
1873 4738 1988 4790 licri

418 4824 600 4880 modo.
638 4826 772 4879 Cum
807 4839 936 4879 vero
980 4824 1064 4877 Itis
1103 4825 1354 4878 omnibus
1387 4826 1548 4880 corda
1597 4836 1782 4880 nostra
1818 4826 1988 4895 reple-

417 4919 614 4981 verint,
674 4928 729 4971 et
767 4917 1017 4972 inebriati
1069 4915 1332 4972 fuerimus
1386 4916 1526 4981 illis;
1577 4927 1704 4970 tunc
1750 4918 1991 4986 indulget

418 5012 583 5077 Deus,
618 5010 855 5078 quandiu
901 5010 1040 5080 gerit
1084 5011 1285 5064 malitia
1325 5021 1546 5075 nostra;
1589 5025 1653 5066 ac
1681 5013 1749 5064 de
1785 5011 1990 5080 reliquo

418 5103 784 5158 visitationem
836 5102 1004 5156 nostri
1059 5101 1265 5156 faciens
1319 5101 1642 5156 resolutione
1683 5102 1990 5171 gravissimi

418 5193 666 5262 corporis
730 5193 888 5260 hujus
939 5192 1366 5261 relinquentibus
1395 5191 1542 5257 illud,
1587 5204 1711 5246 tunc
1758 5193 1990 5262 maligna

419 5297 586 5353 opera
609 5298 727 5350 qua:
747 5282 1070 5351 gerebamus
1095 5283 1254 5346 male,
1274 5282 1474 5337 revelat
1503 5285 1660 5339 nobis
1688 5285 1741 5338 in
1766 5301 1994 5356 corpore

420 5388 594 5443 pana:
625 5373 870 5444 exposito
911 5373 1052 5443 quod
1087 5373 1256 5427 induti
1286 5373 1546 5430 fuerimus
1593 5392 1688 5444 per
1719 5378 2000 5447 indulgen—

421 5468 553 5522 tiam
585 5467 894 5522 Conditoris
927 5485 940 5520 :
979 5477 1104 5522 tunc
1129 5469 1294 5522 etiam
1327 5467 1464 5536 ﬁunt
1497 5471 1780 5525 novissima
1812 5484 1998 5528 nostra

421 5561 605 5630 pejora
639 5559 959 5626 prioribus".
988 5559 1215 5630 Propter
1244 5565 1384 5631 quod
1435 5563 1598 5634 nolite
1638 5563 1805 5634 afﬂigi
1839 5569 1998 5621 obse-

497 5739 520 5768 "
541 5738 670 5796 Luc.
703 5753 779 5806 XI,
815 5739 899 5792 9.6.

2097 4567 2303 4629 addita,
2336 4583 2434 4634 pro
2459 4584 2524 4621 eo
2561 4571 2702 4637 quod
2733 4568 3041 4622 Conditoris
3068 4569 3266 4638 preprii
3299 4569 3666 4622 custodierunt

2099 4658 2441 4712 voluntatem.
2476 4659 2606 4712 Item
2651 4661 2720 4713 ob
2764 4660 2972 4713 crimen
3017 4660 3246 4713 aliorum
3282 4668 3548 4722 motuum,
3577 4674 3666 4712 ne-

2095 4751 2392 4804 cessarium
2427 4748 2528 4802 fuit
2571 4750 2837 4804 nominari
2880 4752 3042 4805 etiam
3085 4751 3239 4817 istos,
3273 4764 3492 4820 propter
3521 4752 3667 4804 mali-

2096 4855 2231 4908 gnas
2258 4840 2668 4896 adinventiones
2699 4840 2961 4912 ipsorum,
3004 4841 3278 4897 diabolum
3315 4853 3369 4896 et
3392 4842 3662 4896 Satanam.

2099 4930 2267 4984 Porro
2293 4931 2382 4984 alii
2411 4934 2699 5001 nuncupati
2743 4942 2868 4987 sunt
2898 4936 3170 4990 daemones
3201 4934 3535 5004 spiritusque
3561 4949 3666 4988 ma-

2098 5020 2248 5089 ligni,
2280 5023 2444 5076 etiam
2473 5025 2679 5092 nmndi,
2714 5024 2868 5079 ﬂatus
2893 5027 3114 5089 erroris,
3162 5027 3431 5095 principes
3465 5042 3666 5095 quoque

2098 5111 2278 5166 saeculi
2316 5113 2492 5182 huius,
2543 5115 2768 5185 alimque
2801 5117 3103 5186 complures
3131 5118 3183 5170 in
3211 5118 3291 5172 eis
3317 5118 3665 5170 adversitates

2099 5205 2387 5260 exsistunt.
2419 5205 2654 5261 Rursum
2695 5223 2828 5264 vero
2873 5218 2927 5263 et
2969 5209 3064 5278 qui
3098 5209 3458 5263 obviavernnt
3491 5209 3591 5262 illis
3614 5209 3662 5262 in

2100 5297 2421 5364 gravissimo
2451 5313 2676 5367 corpore
2708 5301 2812 5355 isto
2850 5302 2904 5353 in
2932 5315 3039 5368 quo
3063 5311 3116 5354 et
3146 5315 3332 5353 sumus
3371 5300 3662 5353 inhabitan-

2101 5395 2200 5452 tes,
2246 5399 2299 5442 et
2347 5389 2445 5457 ipsi
2485 5390 2648 5443 etiam
2687 5393 2976 5460 nuncupati
3029 5402 3154 5443 sunt
3193 5389 3411 5458 quidam
3445 5390 3664 5459 patriar-

2100 5479 2238 5543 ebae,
2267 5480 2356 5532 alii
2378 5494 2506 5533 vero
2531 5481 2804 5550 propheta:
2827 5491 2883 5537 et
2913 5495 3068 5550 reges
3091 5495 3155 5534 ac
3177 5481 3508 5543 sacerdotes,
3545 5495 3661 5534 non-

2101 5571 2231 5626 nulli
2264 5565 2478 5642 iudices
2502 5583 2558 5628 et
2587 5573 2841 5644 apostoli,
2871 5584 3034 5644 atque
3059 5573 3150 5630 alii
3182 5573 3334 5628 multi
3362 5573 3521 5628 electi
3550 5572 3666 5628 elle-
