3872 6278
189 385 291 443 θεδ

1221 389 1282 445 S.
1314 389 1595 452 ANTONII
1637 394 1706 451 Μ.
1748 395 2046 456 ABBATIS
2084 398 2471 457 EPISTllLE.

3355 409 3463 471 986

187 500 267 557 cli
299 504 522 568 propter
551 496 828 569 egregium
856 506 1064 573 motum
1091 515 1269 560 suum.
1302 506 1565 565 Universa
1592 519 1772 564 autem
1800 516 1850 573 Α
1875 520 1932 567 et
1967 514 2251 569 tenebrosa
2288 515 2471 569 domo.
2494 513 2670 583 Quam
2699 528 2843 570 enim
2873 519 2945 574 ob
2970 533 3189 576 causam
3221 523 3458 582 dissere-

183 593 304 648 [nec
331 589 551 645 nomina
590 590 798 646 adscita
837 602 966 648 sunt
1005 593 1107 661 eis,
1134 596 1251 653 sive
1274 603 1521 667 masculi,
1549 603 1665 658 sive
1691 601 1772 659 fe-

180 685 370 750 minae,
406 683 477 740 ob
520 682 863 741 diversitates
903 689 1240 757 operationis
1269 707 1484 761 eorum,
1527 705 1584 752 et
1615 695 1770 765 juxta

180 778 552 848 principatum
579 778 843 846 ipsorum,
872 781 999 851 quia
1029 796 1098 839 ex
1125 799 1237 841 uno
1255 796 1384 842 sunt
1404 802 1617 845 omnes.
1640 787 1774 845 Pro-

178 879 371 939 pterca
415 883 546 940 ergo
598 871 913 943 quicunque
971 873 1026 930 in
1079 877 1384 947 proximum
1439 883 1771 950 peccaverit,

176 961 237 1016 in
272 961 627 1032 semetipsum
685 964 982 1037 delinquit;
1018 976 1073 1023 et
1102 970 1198 1040 qui
1237 971 1379 1028 male
1414 972 1609 1030 fecerit
1637 990 1772 1046 pro-

177 1058 368 1121 ximo,
419 1060 772 1130 semetipsum
821 1061 989 1120 ellicit
1036 1067 1260 1122 malum.
1291 1068 1483 1125 Itidem
1512 1072 1605 1142 qui
1635 1073 1773 1128 bene

174 1150 372 1205 fecerit
421 1152 691 1221 proximo,
732 1154 954 1212 sibimet
1000 1157 1106 1214 hoc
1157 1158 1324 1227 facit;
1358 1161 1442 1217 sin
1486 1178 1618 1219 vero
1650 1164 1773 1234 quis

174 1244 288 1297 erit
333 1244 426 1314 qui
468 1243 761 1316 aliquando
799 1262 1031 1318 peccare
1070 1253 1311 1321 potuerit
1354 1253 1409 1308 in
1451 1253 1644 1320 Deum,
1687 1258 1771 1311 vel

175 1337 307 1407 quis
331 1346 415 1391 est
444 1337 535 1409 qui
566 1353 691 1394 eum
730 1355 970 1411 unquam
1004 1343 1231 1400 reficere
1258 1344 1453 1416 queat?
1481 1345 1615 1414 Quis
1645 1362 1773 1403 vero

173 1438 302 1482 erat
330 1429 420 1499 qui
447 1430 497 1484 ei
527 1431 923 1488 ministraverit
967 1434 1285 1505 aliquando,
1322 1447 1416 1493 aut
1447 1439 1571 1508 quis
1600 1440 1767 1495 bene-

176 1522 329 1579 dicat
370 1537 496 1577 eum
543 1538 808 1594 unquam,
854 1533 917 1580 ut
967 1541 1106 1596 opus
1153 1529 1352 1586 habeat
1392 1530 1772 1589 benedictione

176 1611 344 1678 ejus?
375 1612 510 1679 Quis
545 1613 695 1667 enim
722 1614 903 1684 potuit
932 1616 1207 1674 honorare
1235 1618 1410 1685 illum,
1442 1632 1500 1676 nt
1528 1622 1645 1692 ipse
1675 1625 1773 1679 bo-

178 1704 464 1758 norandus
507 1704 759 1760 exsistit?
788 1705 869 1760 vel
907 1708 1032 1777 quis
1059 1718 1146 1764 est
1191 1711 1282 1780 qui
1314 1710 1494 1768 valeat
1524 1712 1775 1770 exaltare

176 1808 309 1848 enm
344 1795 490 1849 sicut
524 1794 774 1852 excelsus
822 1796 1092 1854 habetur?
1122 1799 1488 1868 Quamobrem
1515 1804 1644 1861 dum
1682 1821 1775 1859 διι-

1878 618 1993 659 rem
2039 607 2213 674 vobis,
2266 607 2372 662 nisi
2408 613 2467 661 ut
2519 607 2759 678 requiem
2812 610 3176 668 exhiberem?
3220 614 3372 674 Unde
3404 629 3461 675 et

1875 698 2129 764 obsecro,
2150 708 2209 753 ut
2230 699 2355 769 quia
2379 714 2571 755 omnes
2601 701 2773 755 creati
2806 716 2995 759 sumus
3017 705 3177 762 unius
3202 708 3459 766 substan-

1876 790 1969 845 tia:
2002 789 2308 847 invisibilis
2346 801 2400 847 et
2430 790 2651 847 initium
2694 794 2946 851 habentis
2980 796 3101 852 sine
3142 797 3268 863 line.
3302 802 3464 859 unice

1878 881 2177 952 diligamus
2206 885 2569 953 alterutrum;
2603 895 2872 959 quotquot
2916 889 3062 945 enim
3099 896 3459 962 cognoverint

1873 976 2218 1043 semetipsos,
2274 990 2602 1049 cognoscent
2634 982 2779 1052 quod
2815 981 2976 1037 unius
3002 981 3323 1040 substantiae
3358 986 3461 1042 im-

1875 1068 2124 1122 mortalis
2151 1070 2439 1126 exsistant.

1945 1156 2038 1214 1X.
2081 1160 2235 1215 Scire
2264 1177 2487 1232 quoque
2534 1178 2631 1219 vos
2659 1163 2804 1229 volo,
2838 1165 2985 1234 quod
3020 1165 3180 1223 Jesus
3211 1165 3465 1224 Christus

1873 1246 2134 1303 Dominus
2165 1262 2351 1306 noster
2379 1253 2492 1321 ipse
2513 1249 2694 1307 Patris
2722 1268 2883 1311 verus
2917 1265 3005 1311 est
3030 1271 3244 1322 sensus,
3270 1260 3324 1311 in
3357 1273 3465 1327 quo

1873 1340 2053 1393 omnis
2102 1340 2380 1409 plenitudo
2417 1343 2584 1397 totins
2629 1354 2838 1400 naturae
2890 1347 3233 1404 rationabilis
3266 1348 3459 1405 elIecta

1873 1440 1979 1496 est,
2016 1447 2203 1487 eorum
2258 1435 2497 1489 maxime
2526 1438 2617 1507 qui
2667 1447 2798 1493 sunt
2844 1438 3067 1510 imagini
3097 1440 3217 1510 ejus
3249 1443 3467 1498 confor-

1875 1535 1992 1575 mes
2028 1519 2228 1586 elIecti,
2269 1534 2431 1590 caput
2463 1525 2630 1579 totius
2657 1536 2922 1583 creaturae
2955 1539 3010 1584 et
3043 1545 3242 1601 corpus
3270 1530 3460 1590 Eccle-

1874 1612 1989 1666 siae.
2033 1609 2168 1664 Nam
2216 1621 2271 1665 et
2323 1600 2528 1668 idcirco
2573 1629 2674 1670 nos
2706 1630 2896 1671 omnes
2922 1600 3155 1673 membro
3200 1636 3381 1676 sumus
3411 1623 3467 1677 in

1874 1700 2187 1755 alterutrum
2221 1714 2269 1756 et
2322 1719 2510 1773 corpus
2562 1703 2870 1759 Christi":
2918 1706 3030 1761 Nec
3082 1718 3251 1779 potest
3297 1712 3470 1766 dicere

1874 1803 2031 1861 caput
2067 1794 2320 1863 pedibus:
2340 1792 2464 1850 Non
2492 1796 2637 1851 vobis
2668 1798 2834 1854 habeo
2860 1815 3022 1870 opus;
3059 1803 3151 1856 sed
3180 1803 3228 1856 si
3265 1805 3470 1881 patitur

176 1902 306 1941 mus
337 1887 515 1942 vestiti
550 1888 875 1959 gravissimo
917 1905 1146 1961 corpore
1186 1894 1312 1960 isto,
1363 1896 1545 1950 alieno
1579 1896 1778 1951 invita—
1808 1882 1852 1941 Β
1880 1900 2043 1938 unum
2090 1887 2404 1953 ηιεηιίινυηι,
2450 1897 2619 1943 ιοιυηι
2665 1906 2857 1959 corpus
2899 1902 3139 1947 πιουειω·
3169 1911 3290 1949 tum
3327 1912 3388 1951 σο
3419 1905 3471 1953 ιι

175 1988 369 2033 merito
407 1981 731 2036 suscitemus
778 1980 948 2037 Deum
993 1983 1049 2038 in
1095 1986 1277 2052 nobis,
1315 1996 1375 2042 ut
1412 1988 1516 2044 hoc
1554 1998 1776 2058 agentes

173 2071 626 2128 commendemus
670 2072 817 2127 illam
866 2074 1013 2131 circa
1051 2092 1150 2132 nos
1188 2077 1454 2134 bonorum
1503 2082 1772 2136 viscerum

173 2163 499 2220 essentiam.
528 2162 643 2218 Non
696 2177 877 2221 autem
905 2165 1077 2222 simus
1108 2171 1468 2241 nosmetipsos
1500 2184 1772 2240 amantes,

170 2255 264 2311 sin
314 2256 516 2321 minus,
568 2256 784 2311 illorum
832 2258 1194 2317 inconstantis
1242 2264 1512 2333 portiouis
1544 2265 1772 2322 erimus.

174 2346 323 2404 Nam
352 2347 444 2418 qui
486 2350 827 2420 cognoverit’
853 2352 1234 2425 semetipsum,
1266 2354 1548 2413 universos
1572 2373 1776 2431 cogno-

175 2438 282 2494 vit.
321 2437 445 2495 Ideo
478 2449 534 2495 et
572 2441 836 2511 scriptum
883 2451 968 2497 est
995 2460 1010 2497 :
1039 2443 1144 2509 Qui
1175 2447 1373 2500 vocavit
1403 2463 1467 2501 ea:
1496 2448 1682 2514 nihilo,
1719 2460 1778 2504 ut

173 2541 351 2585 essent
391 2532 637 2587 cuncta“.
684 2530 799 2590 Iloc
829 2543 1013 2590 autem
1058 2536 1325 2603 dicentes,
1361 2538 1677 2610 signiﬁcant
1711 2545 1778 2597 de

177 2623 424 2677 sensuali
455 2631 671 2688 natura,
719 2640 842 2694 quae
874 2627 1086 2681 occulta
1115 2637 1199 2683 est
1227 2628 1280 2683 in
1311 2630 1412 2686 hoc
1436 2633 1778 2704 corruptibili

179 2728 436 2784 corpore,
472 2722 720 2770 exstante
767 2715 822 2770 in
873 2716 1165 2787 principio,
1201 2717 1534 2792 inerepanda
1575 2725 1644 2778 ab
1687 2740 1775 2781 eo.

178 2807 293 2861 Ant
316 2807 408 2878 qui
445 2808 685 2878 potuerit
713 2808 939 2882 diligere
973 2812 1327 2885 semetipsum
1349 2853 1367 2878 ,
1414 2815 1774 2874 nihilominus

181 2898 375 2969 diliget
400 2914 608 2956 omnes.

264 2991 402 3046 VIII.
430 2992 755 3049 Charissimi
787 2993 937 3050 filioli
966 2996 1098 3066 mei,
1125 3012 1312 3068 quaeso
1341 3014 1440 3053 vos
1468 3009 1530 3055 ut
1564 3015 1670 3056 non
1703 3001 1783 3056 la-

182 3085 413 3151 boretis,
449 3100 625 3155 neque
665 3084 968 3156 fatigemini
1014 3087 1245 3143 invicem
1290 3089 1620 3158 diligentes;
1681 3095 1778 3149 sed

184 3178 364 3234 tollite
390 3193 593 3248 corpus
627 3194 735 3249 quo
758 3180 895 3236 estis
925 3179 1125 3245 induti,
1155 3190 1210 3236 et
1237 3180 1403 3238 facite
1429 3183 1559 3239 illud
1584 3184 1777 3252 altare,

184 3282 457 3341 ponentes
495 3271 729 3341 desuper
762 3286 981 3327 omnem
1026 3271 1478 3330 deliberationem
1510 3286 1779 3345 vestram,

186 3378 525 3434 omnemque
554 3364 853 3433 malignum
884 3363 1212 3419 instructum
1241 3364 1532 3435 relinquite
1568 3368 1620 3422 in
1651 3384 1782 3424 con-

183 3467 378 3528 Spectn
428 3456 662 3511 Domini.
708 3455 967 3512 Extollite
1017 3472 1210 3512 manus
1257 3459 1441 3514 cordis
1493 3461 1661 3515 vestri
1711 3459 1781 3516 ad

184 3564 314 3604 eum
349 3548 427 3614 ης
478 3547 532 3603 id
577 3556 662 3604 est
709 3562 903 3603 sensus
950 3550 1285 3618 agendorum
1318 3567 1332 3604 :
1364 3560 1422 3606 et
1473 3553 1779 3621 preeaniini

186 3642 360 3698 Deum
385 3652 444 3695 ut
465 3641 628 3697 donet
656 3639 810 3697 vobis
852 3640 1004 3697 illum
1043 3642 1372 3700 invisibilem
1422 3654 1480 3700 et
1526 3660 1780 3716 magnum

187 3737 393 3807 ignem,
432 3735 526 3805 qui
569 3734 906 3792 descendens
930 3736 1149 3793 ctelitus
1179 3739 1433 3795 comedat
1463 3738 1637 3794 altare
1656 3739 1699 3772 ¹¹
1727 3749 1815 3795 et-

185 3828 375 3884 omnia
421 3843 544 3898 quae
588 3827 646 3884 in
689 3843 784 3896 eo;
831 3829 1183 3900 universique
1209 3832 1524 3889 sacerdotes
1550 3832 1780 3898 Baalim,

187 3922 282 3991 qui
306 3921 527 3992 quidem
565 3922 843 3977 exsistunt
872 3921 1219 3991 operatioues
1256 3924 1521 3992 adversae,
1556 3926 1784 3981 timeant

192 4013 465 4084 fugientes
508 4029 537 4069 a
588 4013 731 4071 facie
772 4015 979 4082 vestra,
1007 4017 1462 4085 quemadmodum
1496 4018 1629 4074 Elia:
1657 4034 1786 4089 pro-

192 4105 390 4175 phetae.
420 4105 572 4163 Tunc
597 4107 813 4161 demum
843 4105 1097 4161 videbitis
1125 4108 1413 4179 vestigium
1456 4111 1694 4166 hominis
1731 4113 1785 4165 in

116 4216 125 4224 ·
192 4199 331 4253 mari
379 4197 658 4254 adducens
695 4197 986 4270 specialem
1035 4198 1287 4265 imbrem,
1321 4201 1464 4269 quod
1496 4214 1582 4258 est
1618 4200 1788 4257 Para-

191 4293 318 4348 cleti
365 4291 607 4363 Spiritus
647 4296 971 4352 consolatio.
1017 4297 1369 4353 Dilectissimi
1412 4295 1517 4349 mei
1571 4295 1685 4349 nati
1728 4296 1786 4351 in

193 4385 446 4452 Domino,
496 4386 591 4440 ﬁlii
638 4385 896 4443 Israelita:
939 4389 1299 4455 sanctissimi,
1348 4402 1455 4442 non
1511 4400 1653 4457 opus
1698 4397 1789 4443 est

192 4477 493 4533 beatiﬁcari
526 4492 817 4548 corporum
862 4491 1173 4535 nostrorum
1219 4479 1486 4536 vocabula
1523 4478 1789 4534 transitu-

194 4585 290 4633 ra;
334 4584 435 4624 nec
468 4570 611 4626 enim
659 4571 923 4642 ignoratis
965 4573 1291 4629 cbaritatem
1327 4587 1489 4643 quam
1529 4571 1789 4637 habeo,in

195 4662 370 4730 vobis,
397 4663 523 4732 quia
550 4680 655 4718 non
682 4673 764 4719 est
784 4664 1028 4720 charitas
1056 4664 1385 4734 corporalis,
1410 4665 1507 4719 sed
1530 4664 1789 4735 spiritua-

192 4757 259 4810 Iis
297 4766 351 4810 et
378 4771 568 4811 amans
601 4756 788 4811 Deum.
826 4757 1035 4824 Dilecti,
1084 4759 1135 4812 in
1166 4758 1269 4812 hoc
1307 4767 1365 4814 et
1388 4756 1603 4827 repleor
1642 4756 1786 4825 quod

193 4845 479 4901 beatitudo
511 4846 666 4903 vobis
715 4845 859 4903 facta
908 4848 981 4903 sit
1024 4848 1081 4903 in
1123 4856 1370 4919 tempore
1415 4846 1542 4903 isto.
1589 4845 1788 4901 Sermo

194 4940 361 5010 igitur
388 4941 545 4997 vobis
575 4941 810 4998 exsistat
837 4942 1027 5013 iudex,
1069 4958 1135 4998 ac
1171 4958 1280 4999 non
1335 4941 1623 4999 aestimetis
1654 4957 1787 5013 per-

193 5030 395 5087 fectum
438 5043 681 5095 vestrum
729 5033 1061 5090 institutum.
1103 5033 1259 5101 Quod
1313 5040 1398 5089 est
1450 5048 1584 5104 ergo
1629 5032 1789 5089 obse-

193 5124 381 5191 quium
418 5123 533 5190 Dei,
570 5132 813 5180 nostram
864 5125 919 5181 in
959 5134 1169 5181 tantqu
1221 5126 1596 5196 operationem
1643 5125 1775 5181 exsi-

192 5215 376 5270 stere?
406 5215 512 5270 Sed
543 5225 627 5270 est
657 5216 832 5272 virtus
865 5217 1113 5286 quaedam
1142 5230 1446 5286 cooperans
1477 5215 1651 5271 vobis.
1666 5215 1791 5271 Cer-

198 5316 374 5362 tantes
405 5310 587 5377 itaque
618 5322 717 5364 vos
751 5309 900 5380 ipsos
939 5310 1130 5378 oﬂ‘erre
1158 5310 1386 5364 hostiam
1416 5309 1526 5363 Deo
1547 5311 1615 5376 ¹²,
1653 5324 1790 5364 con-

195 5401 346 5454 tinne
380 5401 617 5469 praebete
656 5402 972 5471 cooperanti
1017 5401 1173 5456 vobis
1220 5401 1411 5456 virtuti
1454 5410 1511 5455 et
1544 5401 1788 5467 requiem

146 5534 156 5544 .
197 5493 395 5547 Christi
424 5492 575 5557 Iesu.
601 5495 862 5564 quoniam
895 5495 1047 5548 unita
1081 5501 1170 5547 est
1191 5494 1449 5548 universo
1471 5502 1790 5548 sanctorum

195 5585 392 5653 choro,
425 5588 520 5642 sed
549 5595 606 5642 et
635 5587 767 5642 mihi
798 5586 1096 5643 deterrimo
1127 5584 1397 5640 habitanti
1431 5585 1484 5639 in
1514 5584 1617 5640 hac
1645 5585 1795 5640 lutea

271 5785 295 5817 '
326 5784 455 5852 ειν.
489 5801 530 5849 t,
578 5786 667 5841 Η.

200 5853 245 5887 ⁸⁸
275 5855 408 5911 ibid.
440 5857 530 5922 21,
563 5857 655 5913 96.

780 5784 825 5816 ὀ
861 5784 1004 5840 Psel.
1056 5799 1287 5847 cxxxm,
1319 5782 1375 5837 2.

737 5859 777 5888 "
821 5857 917 5912 lse.
973 5871 1105 5917 Lm,
1164 5855 1216 5907 5.

1822 4602 1871 4662 D

1498 5782 1537 5812 "
1589 5779 1649 5833 Ill
1692 5779 1826 5852 Reg.
1858 5797 2019 5849 xvm,
2056 5782 2125 5838 38
2159 5796 2315 5852 seqq.

1324 5854 1365 5885 "'
1404 5852 1546 5911 Psal.
1588 5860 1785 5917 (sui,
1824 5852 1879 5907 4.

1876 1977 2166 2046 patitur“.
2206 1978 2581 2058 Alienatorum
2624 1997 2753 2038 vero
2800 1985 3169 2042 membrorum
3219 1989 3472 2057 corporis

1876 2084 1997 2137 qua:
2029 2070 2248 2141 proprio
2293 2087 2399 2127 non
2457 2083 2585 2128 sunt
2627 2076 2789 2146 capiti
2825 2078 3058 2145 sociata,
3092 2082 3187 2135 sed
3236 2079 3472 2137 fmditati

1876 2161 2083 2227 dedita,
2117 2175 2341 2232 propter
2365 2166 2616 2236 proprias
2649 2167 2932 2224 libidinum
2960 2170 3283 2241 passiones;
3321 2172 3467 2229 irre-

1877 2254 2186 2311 mediabilis
2219 2273 2409 2314 eorum
2444 2259 2636 2316 eiI'ecta
2666 2271 2751 2316 est
2784 2262 2959 2332 plaga,
2982 2263 3109 2332 quia
3138 2263 3469 2320 oblivionem

1878 2360 2209 2419 acceperunt
2239 2352 2492 2422 principii
2526 2362 2693 2423 atque
2726 2353 2871 2409 linis.
2913 2353 2968 2409 ln
3003 2371 3113 2425 quo
3151 2367 3211 2411 et
3251 2364 3470 2412 creatu-

1880 2450 2065 2489 rarum
2099 2438 2339 2507 genitor,
2378 2440 2680 2497 visceribns
2723 2452 2902 2498 motus
2940 2458 3041 2513 pro
3084 2444 3239 2515 plaga
3277 2456 3469 2501 nostra

1878 2542 2001 2597 quae
2034 2530 2219 2585 sanari
2247 2547 2354 2586 non
2403 2542 2618 2601 poterat
2646 2534 2747 2590 nisi
2783 2551 2882 2606 per
2909 2539 3081 2594 solam
3115 2538 3285 2609 ipsius
3319 2538 3475 2596 boni-

1879 2630 2071 2686 tatem,
2126 2624 2275 2679 misit
2314 2624 2663 2696 Hnigeuitum
2702 2630 2878 2693 nobis,
2912 2639 2971 2684 ut
3006 2647 3105 2699 per
3145 2633 3472 2689 servitutem

1879 2722 2149 2781 nostram,
2188 2716 2468 2773 servitutis
2497 2730 2803 2775 assumeret
2837 2719 3094 2786 formant,
3130 2724 3477 2794 traderetque

1879 2820 1940 2860 se
1993 2822 2090 2875 pro
2122 2808 2365 2878 peccatis
2396 2812 2619 2865 nostris.
2662 2810 2727 2866 Et
2771 2822 2993 2880 peccata
3031 2813 3253 2883 quidem
3286 2825 3475 2870 nostra

1882 2898 2314 2955 humiliaverunt
2342 2916 2489 2967 eum,
2511 2901 2608 2956 sed
2639 2901 2804 2957 livore
2827 2908 2939 2973 ejus
2969 2922 3063 2960 nos
3094 2923 3271 2962 omnes
3292 2909 3474 2962 sanati

1881 3006 2065 3046 sumus
2089 2991 2157 3046 ³⁸.
2191 2991 2292 3048 llic
2328 2994 2677 3064 congregavit
2701 3008 2802 3050 nos
2836 3009 2905 3050 ex
2951 2997 3206 3053 omnibus
3246 2998 3479 3067 regioni-

1884 3080 2008 3147 bus,
2048 3096 2334 3152 usqueqno
2383 3083 2846 3140 resurrectionem
2879 3086 3123 3141 cordium
3159 3096 3473 3144 nostrorum

1884 3175 1953 3228 de
1999 3183 2144 3227 terra
2196 3175 2423 3241 faceret,
2476 3174 2677 3231 docens
2727 3188 2956 3232 cunctos
3000 3192 3104 3232 nos
3147 3178 3312 3232 unius
3355 3192 3480 3234 esse

1888 3265 2206 3320 substantia:
2238 3276 2294 3321 et
2325 3265 2947 3338 membraalterutrum.
2983 3268 3275 3338 Propterea
3306 3268 3472 3326 debe-
3496 3260 3509 3271 ’

1892 3373 2013 3413 inus
2047 3358 2277 3430 diligere
2308 3359 2679 3426 vehementer,
2708 3360 2833 3430 quia
2869 3360 3185 3432 quicunque
3229 3361 3482 3441 dilexerit

1888 3451 2222 3522 proximum,
2258 3451 2447 3522 diliget
2472 3452 2710 3505 animam
2738 3454 3039 3523 propriam.

1962 3541 2031 3596 Χ.
2063 3542 2129 3597 Ει
2156 3543 2245 3598 hic
2276 3558 2461 3599 sermo
2496 3541 2816 3600 manifestus
2847 3546 2919 3621 sit
2955 3546 3133 3614 vobis,
3167 3545 3483 3605 charissimi

1892 3636 2007 3690 nati
2043 3635 2096 3690 in
2141 3635 2395 3702 Domino,
2431 3635 2525 3691 lilii
2565 3634 2828 3694 Israelita:
2871 3639 3072 3704 sancti,
3104 3639 3198 3708 qui
3242 3639 3484 3708 parastis

1890 3728 2254 3800 vosmetipsos
2328 3728 2397 3784 ad
2465 3729 2634 3784 Deum
2695 3729 2813 3795 ire,
2870 3727 3073 3790 oderre
3122 3730 3484 3800 vosmetipsos

1893 3823 2130 3878 hostiam
2160 3822 2270 3876 Deo
2293 3820 2347 3875 in
2377 3821 2528 3875 omni
2554 3821 2872 3889 sanctitate,
2899 3821 3156 3892 quoniam
3186 3835 3287 3876 nec
3305 3829 3480 3890 potest

1894 3916 2269 3971 Increditatem
2321 3927 2521 3984 capere
2564 3914 2839 3984 quispiam
2875 3913 2997 3969 sine
3028 3913 3341 3970 sanctitate.
3375 3913 3487 3969 Aut

1893 4000 2141 4078 nunquid
2172 4007 2459 4078 ignoratis,
2489 4007 2854 4072 dilectissimi,
2875 4007 3021 4078 quod
3045 4006 3347 4063 adversarii
3370 4006 3485 4062 viro

1896 4099 2029 4153 tutis
2089 4097 2308 4153 veritati
2354 4111 2573 4167 semper
2604 4097 2972 4154 insidiantur?
2995 4095 3063 4152 Et
3094 4097 3321 4161 idcirco,
3352 4095 3486 4151 cha-

1894 4192 2121 4255 rissiini,
2151 4191 2445 4246 observate
2467 4188 2536 4245 n'e
2562 4190 2708 4244 detis
2735 4188 2912 4245 oculis
2939 4203 3213 4255 somnum,
3243 4197 3338 4241 aut
3363 4187 3485 4242 dor-

1895 4283 2239 4339 niitationem
2270 4280 2547 4351 palpebris
2579 4279 2649 4346 “,
2684 4277 3085 4348 proclamantes
3108 4277 3178 4332 ad
3201 4277 3482 4346 proprium

1894 4376 2248 4433 Conditorem
2277 4374 2366 4429 die
2388 4386 2454 4427 ac
2481 4381 2668 4437 nocte,
2696 4371 2746 4427 si
2779 4370 2921 4425 forte
2954 4369 3299 4439 regrediatur
3328 4366 3485 4423 vobis

1903 4467 2235 4537 adiutorium
2266 4467 2336 4521 ab
2372 4464 2627 4531 Excelsa,
2655 4479 2766 4534 quo
2794 4469 3137 4533 protegente,
3170 4461 3279 4515 sint
3312 4460 3479 4516 corda

1901 4570 2084 4615 vestra
2118 4565 2175 4613 et
2221 4554 2584 4627 cogitationes
2632 4554 2686 4610 in
2722 4554 2965 4609 Christo.
3002 4551 3139 4606 Nam
3167 4566 3316 4617 vere,
3348 4565 3384 4606 ο
3423 4550 3487 4605 li-

1895 4654 2036 4717 lioli,
2074 4654 2130 4708 in
2176 4653 2338 4708 domo
2381 4664 2572 4706 sumus
2606 4648 2837 4704 latronis
2875 4646 3283 4711 inhabitantes,
3327 4653 3385 4700 et
3430 4643 3488 4700 in

1893 4745 2133 4803 vinculis
2178 4742 2377 4799 mortis
2423 4750 2709 4799 exstamns
2754 4739 2943 4797 vincti.
2975 4738 3082 4796 Pro
3129 4749 3281 4795 certo
3322 4739 3487 4796 etiam

1895 4841 2025 4896 dico
2059 4837 2233 4902 vobis,
2263 4836 2412 4908 quod
2453 4844 2641 4890 nostra
2686 4832 3019 4905 negligentia
3056 4842 3113 4889 et
3157 4832 3487 4901 humiliatio,

1895 4944 2164 4992 extranea
2195 4930 2520 4995 commotio,
2546 4943 2651 4985 non
2683 4928 2843 4984 nobis
2865 4927 2999 4983 solis
3021 4935 3105 4982 est
3131 4925 3488 4991 detrimento,

1896 5029 1994 5085 sed
2041 5023 2251 5097 angelis
2297 5023 2453 5079 labor
2499 5021 2742 5087 exsistit,
2792 5027 2850 5076 et
2891 5018 3148 5074 omnibus
3180 5016 3387 5073 sanctis
3433 5015 3488 5071 in

1894 5120 2114 5177 Christo
2160 5116 2327 5183 Jesu,
2377 5115 2506 5188 quia
2568 5114 2811 5170 nondum
2873 5125 3050 5181 usque
3103 5109 3492 5179 requieverunt

1894 5222 2120 5285 propter
2140 5226 2263 5268 nos.
2287 5206 2458 5274 Vere,
2488 5209 2605 5263 nati
2636 5207 2768 5272 mei,
2798 5206 2916 5260 haec
2945 5210 3134 5260 nostra
3154 5196 3487 5262 humiliatio,

1898 5307 2012 5363 illis
2036 5305 2297 5362 omnibus
2325 5301 2556 5358 tristitia
2583 5309 2688 5365 est,
2715 5299 2860 5354 sicut
2893 5298 3089 5352 iterum
3114 5292 3265 5347 salus
3291 5299 3349 5347 et
3374 5289 3492 5360 glo-

1902 5399 2072 5454 riatio
2108 5407 2321 5461 nostra,
2363 5392 2789 5450 laetilicationem
2822 5390 2904 5446 eis
2938 5404 3004 5444 ac
3032 5384 3277 5456 requiem
3306 5382 3489 5438 omni-
3526 5446 3539 5465 l

1902 5491 2005 5547 bus
2054 5490 2283 5561 praebet,
2318 5498 2379 5543 ut
2411 5495 2596 5564 autem
2625 5482 2975 5555 cognoscatis
3012 5479 3139 5550 quia
3170 5474 3488 5547 benignitas

1902 5581 2084 5638 Patris
2115 5595 2224 5637 non
2256 5587 2456 5645 cessat,
2485 5592 2515 5631 a
2546 5591 2655 5647 quo
2686 5573 2855 5630 motio
2884 5572 3029 5628 facta
3057 5577 3165 5637 ε›ι,
3199 5564 3486 5623 beneliciis

2416 5780 2459 5812 "
2483 5776 2641 5834 Rom.
2679 5791 2775 5843 xu,
2820 5773 2871 5829 l.
2988 5770 3031 5803 ⁸³
3066 5768 3083 5825 l
3113 5766 3236 5827 Cor.
3270 5762 3491 5837 “1,37.
