3872 6278
385 357 490 417 9S7

1505 361 1775 416 PATRES
1809 358 2109 415 EGYPTII
2144 356 2416 415 SECULI
2454 356 2544 413 IV.

3531 342 3649 397 988

386 476 617 532 fulciens
659 491 874 549 semper
906 493 1076 548 usque
1122 478 1177 533 in
1209 478 1550 545 hodiernum,
1590 491 1649 535 ut
1690 481 1959 536 obnoxios
1988 483 2037 541 Α
2065 478 2203 533 ιυίιιι
2261 477 2586 532 alterutrum
2624 470 2945 543 pervidere;
2981 481 3102 566 eum
3154 462 3435 534 aufugerit
3463 462 3649 527 dolor.

389 568 593 623 faceret
615 584 715 623 nos
740 584 971 639 proprie
989 571 1172 635 morti,
1198 571 1452 639 quoniam
1484 572 1537 624 in
1563 581 1746 625 nostra
1770 583 1960 625 sumus

388 669 658 729 potestate
704 662 871 715 creati
907 679 922 714 :
955 661 1095 715 unde
1143 671 1195 716 et
1230 662 1305 715 illi
1352 649 1631 730 postulant
1668 677 1766 730 pro
1806 661 1962 715 nobis

296 805 301 813 ,
396 768 634 822 semper.
687 752 828 806 sicut
876 753 1138 823 scriptum
1179 764 1263 808 est
1302 770 1315 806 :
1350 754 1604 808 Imminet
1649 771 1703 807 se
1747 753 1961 823 angelus

393 841 605 893 Domini
654 842 711 896 in
769 841 996 895 circuitu
1046 843 1338 897 timentium
1389 858 1546 910 eum,
1605 853 1653 896 et
1721 842 1962 894 liberabit

391 948 479 984 eos
516 933 579 985 ιτ.
1180 994 1191 1001 ⁹

464 1020 554 1075 Xl.
607 1022 770 1092 Ergo,
820 1022 993 1087 filioli,
1038 999 1190 1079 scire
1220 1037 1316 1077 vos
1357 1022 1511 1086 volo,
1543 1037 1607 1077 ex
1642 1037 1750 1090 quo
1795 999 1971 1073 factus

394 1112 624 1166 mundus
648 1128 815 1183 usque
844 1129 1007 1181 nunc,
1037 1112 1292 1169 universa
1316 1128 1651 1183 quatcunque
1672 1122 1825 1167 extra
1854 1114 1964 1164 vir-

400 1214 572 1257 tutem
606 1203 855 1268 fuerunt,
892 1204 1155 1273 completa
1198 1203 1400 1258 malitia
1436 1205 1712 1271 ipsorum,
1759 1211 1814 1256 et
1865 1201 1964 1270 ipsi

380 1302 736 1363 cognoscunt
783 1308 841 1347 se
880 1295 1024 1347 inter
1073 1293 1214 1347 tilios
1254 1305 1378 1346 esse
1409 1290 1606 1346 diaboli
1658 1298 1962 1359 reputatos,

400 1393 687 1453 propterea
717 1384 861 1452 quod
897 1391 1162 1438 conantur
1205 1379 1497 1449 unicuique
1532 1388 1774 1434 nostrum
1812 1379 1964 1447 inge-

400 1489 521 1529 rere
555 1475 826 1544 propriam
853 1474 1205 1528 voluntatem.
1230 1471 1363 1526 Nam
1397 1487 1495 1541 pro
1523 1480 1673 1526 certo
1695 1479 1797 1534 est,
1826 1468 1967 1538 quod

397 1580 521 1619 cum
558 1579 617 1619 se
652 1566 861 1618 noverit
896 1562 1142 1617 diabolus
1189 1577 1286 1630 per
1319 1560 1629 1629 superbiam
1666 1569 1719 1614 et
1750 1560 1967 1613 inanem

403 1654 630 1723 gloriam
672 1653 892 1708 coalitus
927 1652 1095 1707 fuisse
1126 1652 1431 1720 dejectum;
1473 1650 1591 1704 ideo
1629 1658 1685 1703 et
1739 1647 1826 1702 ille
1874 1662 1968 1701 eos

404 1747 497 1813 qui
532 1743 878 1815 pervenerint
906 1742 957 1795 in
994 1758 1240 1813 magnam
1269 1757 1602 1806 mensuram,
1637 1740 1968 1810 aggreditur,

2068 569 2288 623 tristitia
2325 581 2390 621 ac
2421 565 2655 637 gemitus
2686 563 2756 626 “,
2792 552 3035 629 eumque
3058 569 3220 625 super
3254 562 3422 624 caput
3455 552 3650 608 exsul-

2067 658 2201 711 tatio
2244 656 2514 710 exstiterit
2563 653 2963 707 universorum.
3010 647 3180 701 Erant
3215 652 3270 701 et
3322 643 3431 697 alia
3475 641 3650 695 multa

2062 766 2183 820 quae
2220 749 2379 803 velim
2429 748 2639 812 dicere;
2672 745 2768 798 sed
2820 744 2867 798 si
2904 741 3104 796 dedero
3149 737 3497 793 occasionem
3558 747 3647 786 sa-

2063 841 2229 910 pienti
2257 839 2557 910 sapientior
2587 838 2778 892 erit“.
2809 833 3001 888 Saluto
3032 844 3224 885 omnes
3247 822 3659 883 desideratissi-

2065 948 2183 988 mos
2211 947 2361 987 meos
2387 939 2441 986 et
2471 937 2627 984 natos
2656 926 2709 979 in
2744 925 2997 988 Domino,
3030 937 3127 991 per
3158 933 3379 989 nomen.

2625 1014 2960 1071 EPISTOLA
2998 1013 3083 1066 ιιι.

2137 1112 2179 1166 I.
2216 1112 2375 1166 Scitis
2410 1110 2636 1181 gratiam
2669 1107 2875 1161 Domini
2910 1104 3073 1158 nostri
3102 1102 3228 1157 Iesu
3257 1101 3480 1165 Christi,
3507 1100 3657 1168 quod

2000 1264 2005 1267 _
2067 1212 2280 1275 propter
2314 1218 2408 1255 nos
2456 1215 2656 1268 pauper
2691 1199 2865 1266 factus
2910 1204 2988 1249 est
3023 1209 3139 1247 cum
3186 1193 3336 1244 dives
3384 1203 3557 1252 esset,
3592 1199 3654 1241 us

2069 1312 2161 1349 nos
2202 1300 2509 1364 paupertate
2549 1290 2694 1344 illius
2740 1288 3033 1340 ditaremur
3069 1284 3147 1347 ¹¹;
3201 1280 3437 1335 servitus
3463 1288 3657 1332 autem

2077 1384 2223 1440 illius
2249 1379 2502 1437 liberavit
2528 1392 2650 1443 nos,
2682 1385 2737 1431 et
2772 1373 3058 1429 infirmitas
3088 1369 3206 1440 ejus
3242 1365 3527 1447 constituit
3554 1380 3656 1418 va-

2072 1473 2236 1529 lidos.
2273 1471 2512 1526 Stultitia
2542 1469 2686 1523 illius
2721 1482 2818 1521 nos
2848 1464 3124 1533 sapientes
3153 1459 3354 1523 eliecit,
3382 1458 3428 1512 si
3463 1468 3651 1511 tamen

2075 1566 2296 1627 iterum,
2334 1578 2433 1633 per
2466 1568 2692 1615 mortem
2732 1557 3031 1627 propriam,
3069 1551 3524 1609 resurrectionem
3564 1547 3654 1601 fa-

2072 1656 2182 1710 ciat
2234 1663 2499 1714 nostram,
2538 1660 2596 1703 ut
2634 1649 2687 1703 in
2723 1649 2827 1702 bac
2858 1646 3127 1714 possimus
3162 1658 3345 1697 vocem
3395 1652 3651 1709 magnam

2072 1746 2284 1802 elevare
2323 1745 2565 1799 dicentes
2606 1760 2618 1794 :
2667 1738 2897 1793 Tametsi
2935 1737 3170 1790 novimus
3214 1734 3502 1787 secundum
3530 1745 3653 1784 car-

402 1835 456 1886 iu
486 1832 676 1901 primis
704 1832 942 1886 artifices
968 1832 1294 1886 exsistcntes
1317 1847 1411 1900 per
1441 1830 1747 1901 superbiam
1772 1838 1825 1885 et
1856 1830 1973 1883 ina-
2004 1814 2047 1868 Β
2078 1855 2214 1900 nem,
2243 1836 2332 1890 σεο(
2364 1842 2609 1888 meatum
2636 1831 2797 1886 est'in
2827 1828 3035 1884 Christo
3068 1841 3199 1879 nova
3230 1824 3297 1877 ”.
3325 1823 3489 1884 Vere,
3521 1822 3655 1875 ειη-

401 1938 525 1978 nem
582 1923 831 1992 gloriam.
891 1932 951 1977 ut
1002 1924 1113 1977 sint
1164 1924 1452 1978 adversum
1515 1936 1574 1977 se
1631 1923 1973 1988 alterutrum,

403 2016 639 2071 scientes
672 2018 813 2084 quod
842 2029 938 2085 per
970 2015 1071 2069 ista
1098 2022 1384 2085 segregent
1409 2028 1506 2068 nos
1532 2029 1562 2067 a
1593 2014 1722 2069 Deo.
1753 2013 1816 2066 Et
1847 2013 1974 2082 quia

403 2117 668 2161 noverunt
700 2108 840 2176 quod
891 2106 982 2176 qui
1029 2106 1322 2161 dilexerint
1360 2106 1693 2176 proximum,
1741 2106 1975 2176 diligant

406 2198 595 2262 Deum,
642 2197 763 2252 ideo
807 2204 861 2252 et
894 2197 970 2252 illi
1004 2213 1126 2253 cum
1178 2198 1285 2252 sint
1319 2197 1536 2251 virtutis
1573 2196 1815 2262 inimici,
1848 2211 1977 2265 pro-

405 2290 580 2358 prium
607 2293 876 2346 seminant
903 2289 1150 2344 fomitem
1176 2289 1580 2344 simulationum
1609 2287 1662 2341 in
1693 2287 1855 2342 corde
1884 2300 1980 2341 no-

406 2389 542 2445 stro,
575 2391 636 2435 ut
660 2382 1033 2462 possideamus
1057 2380 1398 2435 inimicitiam
1432 2394 1682 2448 magnam
1713 2378 1979 2432 adversus

407 2474 754 2541 alterutrum,
786 2490 851 2529 ne
883 2474 965 2528 vel
993 2475 1059 2530 de
1099 2476 1255 2545 longe
1290 2473 1543 2544 proximo
1582 2465 1976 2540 colloquamur.

410 2566 467 2620 In
509 2575 676 2619 totum
713 2580 859 2629 vere,
899 2564 1068 2631 filioli,
1109 2566 1229 2620 volo
1262 2580 1358 2619 vos
1405 2564 1566 2618 etiam
1604 2561 1745 2617 istud
1779 2576 1980 2632 cogno-

408 2672 586 2721 scere,
614 2669 735 2711 esse
776 2655 1203 2725 quamplurlmos
1268 2655 1358 2724 qui
1401 2652 1764 2708 sustinuerint
1811 2650 1983 2705 maxi-

412 2758 861 2804 tnumt-ertamen
910 2750 964 2802 in
1006 2749 1419 2803 conversatione
1459 2746 1838 2811 sanctissima;
1888 2745 1982 2800 sed

415 2840 732 2894 indiscretio
758 2838 1031 2893 interfecit
1067 2853 1182 2896 eos.
1212 2837 1371 2906 Vere,
1397 2836 1568 2902 filioli,
1602 2837 1727 2907 quia
1759 2850 1868 2891 non
1900 2841 1984 2889 est

411 2938 621 2985 tantum
667 2930 970 2985 mirandum
999 2930 1042 2985 si
1073 2929 1353 3001 negligatis
1389 2929 1783 2996 vosmetipsos,
1816 2941 1985 2996 quan—

415 3035 528 3078 tum
564 3023 609 3078 si
643 3037 747 3079 non
778 3023 1150 3077 discernentes
1181 3020 1455 3090 proprium
1485 3032 1619 3088 opus
1649 3017 1901 3073 incidatis
1930 3016 1984 3070 in

424 3129 736 3170 mensuram
769 3110 992 3177 diaboli,
1023 3111 1350 3165 arbitrantes
1381 3110 1522 3177 quod
1553 3108 1665 3177 jam
1694 3107 1856 3162 vicini
1888 3106 1979 3161 Dei
2011 3144 2054 3201 ϐ

418 3204 540 3260 sitis
570 3204 777 3271 ell‘ecti;
808 3212 861 3258 et
889 3209 1267 3272 exspectantes
1290 3199 1484 3254 fortem
1513 3198 1709 3263 lucem,
1743 3196 1981 3251 tenebris

415 3297 775 3366 occupemiui.
802 3295 940 3362 Quid
970 3295 1115 3349 enim
1138 3293 1359 3347 omnino
1382 3291 1556 3346 fuerat
1582 3304 1737 3358 opus,
1769 3297 1825 3343 ut
1848 3303 1987 3357 prae-

326 3422 337 3443 .
418 3386 648 3456 cingens
678 3399 738 3439 se
765 3384 923 3439 Jesus
956 3381 1125 3436 linteo
1156 3396 1220 3435 ac
1260 3395 1468 3449 ponens
1506 3379 1724 3449 pelvim,
1764 3375 1987 3432 inferio-

422 3491 543 3530 rum
577 3489 637 3529 se
668 3474 874 3527 lavaret
905 3471 1073 3541 pedes
1099 3470 1178 3524 “i
1215 3470 1321 3525 Sed
1354 3469 1657 3536 exemplum
1687 3468 1826 3522 istud
1857 3466 1990 3521 ell'e-

418 3566 514 3627 cit,
541 3563 858 3634 significans
904 3564 973 3618 de
1015 3560 1362 3616 conversuris
1407 3560 1473 3613 ad
1526 3558 1801 3628 proprium
1857 3556 1987 3611 illud

420 3669 824 3726 supernumque
888 3653 1212 3724 principium
1252 3670 1268 3705 :
1307 3651 1520 3705 initium
1568 3649 1765 3719 quippe
1814 3656 1992 3702 motus

420 3748 670 3817 superbia
708 3746 951 3807 exsistit,
972 3759 1090 3813 quae
1118 3743 1258 3797 facta
1283 3751 1366 3797 est
1398 3740 1452 3795 in
1499 3742 1708 3808 primis.
1745 3739 1813 3793 Et
1845 3754 1910 3793 ne
1943 3738 1990 3794 si

424 3854 613 3895 rursus
649 3846 770 3907 post
800 3835 969 3889 multa
1010 3833 1318 3890 confoderis
1367 3833 1422 3885 in
1457 3830 1622 3884 corde
1668 3838 1780 3895 tuo,
1816 3838 1872 3882 et
1936 3829 1989 3882 in

425 3939 536 3986 tota
562 3930 741 3984 anima
775 3938 886 3993 tua,
924 3926 1058 3983 etin
1084 3934 1200 3979 toto
1224 3923 1417 3991 spiritu
1449 3931 1560 3985 tuo,
1595 3921 1648 3974 in
1682 3928 1789 3975 tota
1826 3921 1992 3974 etiam

424 4019 605 4074 anima
649 4027 704 4073 et
749 4030 976 4086 corpore
1016 4024 1128 4070 toto
1165 4031 1179 4068 :
1217 4028 1325 4067 non
1366 4010 1569 4080 poteris
1624 4009 1992 4065 [nereditatem

424 4123 621 4181 capere
653 4110 803 4180 regni
840 4107 956 4162 Dei.

494 4199 610 4255 χιι.
664 4201 825 4263 Vere,
875 4196 1025 4253 filioli
1057 4194 1162 4275 mei
1193 4194 1248 4249 in
1282 4191 1533 4256 Domino,
1562 4205 1746 4260 quaeso
1773 4190 1998 4247 Creato-

425 4310 541 4350 rem
579 4308 756 4349 memn
791 4292 876 4346 die
916 4305 981 4344 ac
1023 4296 1201 4351 nocte,
1250 4301 1279 4339 a
1309 4299 1417 4354 quo
1450 4293 1505 4339 et
1546 4283 1719 4338 habeo
1745 4284 1996 4350 spiritum

425 4383 898 4447 commendatum,
932 4388 989 4433 ut
1021 4378 1230 4447 aperiat
1261 4375 1449 4431 oculos
1495 4375 1675 4430 cordis
1716 4374 1879 4429 vestri
1929 4375 1995 4429 ad

2082 1928 2283 1984 rissitni
2321 1928 2374 1981 in
2416 1925 2666 1988 Domino,
2700 1922 2822 1976 dico
2849 1920 3001 1973 vobis
3032 1916 3173 1987 quod
3201 1916 3354 1986 juxta
3392 1913 3655 1967 minutias

2078 2022 2227 2078 verbi
2264 2020 2534 2075 libertatis
2579 2019 2631 2071 in
2668 2031 2775 2085 qua
2823 2012 3000 2068 cuncti
3038 2010 3190 2064 liberi
3232 2022 3418 2062 sumus
3449 2004 3653 2069 effecti,

2083 2115 2187 2169 alia
2220 2114 2394 2168 habeo
2425 2110 2592 2165 multa
2624 2124 2743 2178 quae
2772 2108 2946 2161 dicam
2973 2102 3165 2168 vobis;
3193 2101 3287 2156 sed
3313 2115 3420 2154 non
3452 2107 3533 2153 est
3567 2097 3658 2151 hoc

2082 2218 2201 2259 rum
2243 2212 2453 2271 tempus
2482 2198 2696 2255 dicendi
2730 2197 2907 2252 modo.
2945 2194 3137 2248 Saluto
3165 2192 3383 2247 interim
3414 2205 3509 2244 vos
3531 2205 3655 2244 om-

2082 2309 2202 2359 nes,
2247 2291 2549 2347 cbarissimi
2590 2289 2692 2344 mei
2735 2289 2843 2341 nati
2887 2286 2941 2340 in
2974 2284 3223 2346 Domino,
3262 2283 3357 2335 filii
3394 2280 3658 2335 Israelita:

2081 2387 2276 2453 sancti,
2323 2385 2616 2441 secundum
2664 2392 2906 2435 vestram
2967 2376 3270 2431 sensualem
3305 2373 3655 2427 exstantiam.

2083 2476 2244 2540 Vere,
2274 2476 2516 2543 inquam,
2550 2469 2776 2525 decebat
2804 2468 2955 2520 vobis
2983 2462 3136 2533 quasi
3164 2456 3658 2531 prepinquantibus

2088 2566 2310 2638 proprio
2338 2561 2644 2627 Conditori,
2681 2559 2747 2613 ad
2780 2554 3155 2627 inquirendam
3185 2550 3418 2607 salutem
3449 2548 3661 2601 anima-

2085 2637 2203 2713 rum
2256 2665 2562 2710 vestrarum
2608 2664 2705 2720 per
2768 2644 3229 2702 testamentariatn
3281 2641 3477 2711 legem,
3533 2637 3663 2691 licet

2085 2751 2306 2815 propter
2336 2739 2738 2795 multitudinem
2763 2735 2982 2790 malitiae
2999 2743 3053 2787 et
3087 2729 3440 2801 malignitatis
3464 2728 3661 2783 distin-

2085 2837 2321 2892 ctionem
2349 2848 2413 2887 ac
2434 2832 2717 2886 libidinum
2741 2827 3047 2895 voluptates
3067 2821 3341 2877 refrixerit
3366 2828 3663 2873 testamen-

2089 2928 2227 2982 taria
2263 2924 2355 2979 illa
2386 2923 2497 2986 lex,
2526 2921 2829 2986 animaeque
2859 2922 3052 2968 vestra:
3082 2925 3274 2966 sensus
3301 2907 3479 2963 oﬂlcio
3506 2905 3663 2959 obie-

2088 3018 2200 3071 rin’t
2221 3032 2235 3082 ;
2257 3023 2313 3069 et
2335 3014 2539 3068 idcirco
2563 3020 2901 3077 nequaquam
2925 3001 3206 3072 potueritis
3228 2998 3665 3052 animadvertam

2088 3105 2394 3164 sensualem
2437 3112 2492 3157 et
2532 3100 2822 3172 gloriosam
2851 3095 3142 3150 essentiam
3168 3101 3386 3160 propter
3432 3100 3665 3141 mortem

2088 3215 2193 3269 qua
2235 3203 2584 3252 corruerunt.
2618 3192 2851 3259 Ideoque
2878 3188 3145 3255 scriptum
3175 3193 3259 3238 est
3291 3183 3344 3235 in
3379 3180 3665 3248 Scriptura

2088 3290 2291 3355 divina,
2323 3287 2465 3357 quod
2496 3286 2630 3339 sicut
2660 3285 2717 3338 in
2748 3286 2914 3337 Adam
2942 3295 3117 3335 omnes
3141 3277 3464 3336 moriuntur,
3496 3274 3579 3325 ita
3612 3280 3665 3325 et

2088 3382 2142 3434 in
2169 3380 2377 3435 Christo
2407 3392 2584 3431 omnes
2609 3374 3015 3442 viviﬁcabuntur
3042 3369 3109 3424 “.
3138 3369 3275 3438 Ergo
3299 3367 3417 3435 ipse
3444 3372 3530 3420 est
3551 3363 3668 3416 vita

2092 3472 2256 3527 totius
2290 3468 2631 3525 rationabilis
2660 3475 2887 3528 naturae,
2914 3472 3113 3519 creatae
3136 3462 3188 3515 in
3216 3461 3334 3530 ipso
3361 3455 3668 3513 secundum

2093 3561 2325 3631 elligiem
2361 3557 2613 3628 imaginis
2648 3556 2786 3625 ejus.
2832 3553 2949 3622 Ipse
2994 3552 3159 3605 etiam
3208 3545 3425 3603 exsistit
3473 3556 3671 3598 sensus

2092 3667 2253 3705 verus
2284 3649 2480 3704 Patris.
2520 3647 2625 3701 Sed
2655 3648 2832 3714 imago
2856 3643 3075 3715 quidem
3105 3638 3379 3696 Genitoris
3416 3636 3672 3690 inversa-

2100 3741 2226 3796 bilis
2255 3750 2357 3803 est,
2387 3753 2507 3808 quae
2530 3745 2803 3805 assumpta
2830 3744 2934 3790 est.
2967 3732 3171 3787 Praeter
3198 3730 3342 3784 illam
3367 3737 3547 3780 tamen
3570 3740 3674 3779 vo-

2095 3833 2179 3889 bis
2196 3832 2394 3887 aecidit
2416 3829 2641 3893 malitia,
2667 3829 2719 3881 in
2747 3841 2850 3895 qua
2876 3835 2932 3880 et
2959 3822 3194 3879 universi
3224 3819 3421 3874 mortui
3450 3832 3673 3884 sumus;

2103 3935 2260 3979 extra
2294 3932 2542 3976 naturam
2569 3918 2837 3989 siquidem
2867 3928 2950 3972 εει
2973 3914 3292 3970 substantia:
3322 3910 3592 3966 sensualis
3618 3909 3674 3963 in

2099 4014 2231 4068 Deo.
2286 4012 2428 4082 Ergo
2477 4011 2753 4073 omnibus,
2803 4000 3000 4075 inquii,
3040 4014 3194 4058 extra
3245 4012 3494 4055 naturam
3548 4008 3672 4063 est;

2101 4104 2493 4176 acquisivimus
2514 4102 2732 4155 domum
2754 4098 3098 4153 tenebrosam
3120 4109 3184 4147 ac
3206 4091 3407 4163 pratliis
3428 4090 3669 4158 plenam.

2097 4198 2164 4254 Et
2211 4198 2263 4251 in
2298 4197 2400 4250 hoc
2446 4192 2803 4248 testificamur
2836 4189 3015 4251 vobis,
3063 4187 3206 4254 quod
3259 4184 3425 4238 totius
3473 4182 3676 4251 vigoris

2100 4290 2328 4345 scientia
2356 4285 2539 4341 deficit
2570 4299 2599 4337 a
2625 4284 2805 4337 nobis.
2835 4281 2916 4336 0b
2950 4294 3109 4349 quam
3138 4279 3301 4332 etiam
3326 4290 3551 4330 causam
3579 4288 3673 4328 as-

2101 4382 2309 4460 piciens
2349 4379 2562 4448 genitor
2593 4384 2778 4429 noster
2812 4373 2956 4427 Deus
2998 4370 3369 4425 infirmitatem
3403 4378 3675 4432 nostram,

426 4476 862 4547 cognoscendam
907 4472 1252 4526 dilectionem
1285 4477 1524 4523 nostram
1563 4481 1593 4520 a
1630 4467 1803 4532 vobis,
1834 4481 1984 4535 quam

2104 4472 2249 4542 quod
2280 4469 2645 4540 impossibiles
2690 4468 2862 4521 simus
2895 4465 3071 4520 effecti
3111 4471 3325 4531 gestare
3354 4460 3673 4520 veritatem;

429 4572 604 4627 habeo
635 4583 764 4637 erga
795 4580 914 4629 vos,
951 4573 1005 4618 et
1036 4572 1095 4616 ut
1137 4561 1397 4631 patefiant
1434 4558 1649 4614 auditus
1682 4557 1876 4612 anima:
1910 4573 2001 4613 ve-

429 4672 557 4716 stras
623 4660 690 4711 ad
755 4653 1192 4724 conspiciendam
1260 4650 1630 4705 confusionem
1701 4650 1998 4719 pr0priam.

431 4751 694 4820 Quisquis
723 4748 930 4802 etenim
961 4743 1275 4815 cognoverit
1312 4741 1547 4796 dedecus
1577 4754 1755 4803 suum,
1790 4739 1877 4794 hic
1901 4741 1999 4794 do-

433 4857 582 4895 mum
612 4839 854 4907 requiret
882 4845 937 4891 et
960 4835 1188 4890 electam
1212 4833 1438 4903 gloriam
1475 4846 1650 4887 suam.
1678 4831 1747 4884 Et
1770 4830 2002 4899 quicun-

434 4945 541 5000 que
569 4926 882 4999 cognoverit
921 4924 1195 4995 propriam
1241 4928 1497 4984 mortetn,
1543 4921 1645 4975 iste
1684 4920 1879 4974 iterum
1911 4934 2007 4973 eo-

436 5029 659 5094 gnoscet
691 5020 855 5074 etiam
884 5033 1034 5071 suam
1063 5024 1323 5072 aeternam
1354 5014 1542 5067 vitam.
1577 5010 1744 5075 Quasi
1779 5009 2008 5078 pruden-

442 5114 587 5169 tibus
621 5115 809 5181 loquor
843 5112 912 5176 ι’,
938 5123 1067 5164 vere
1125 5106 1299 5169 ﬁlioli,
1327 5105 1453 5174 quia
1481 5104 1643 5157 timeo
1667 5116 1735 5169 ne
1758 5101 1897 5157 forte
1924 5100 2008 5155 fa-

439 5221 557 5261 mes
590 5218 689 5258 nos
711 5200 1141 5272 comprehendat
1171 5198 1227 5252 in
1250 5197 1362 5261 via,
1400 5204 1454 5249 et
1493 5196 1545 5247 in
1573 5194 1690 5249 loco
1723 5208 1832 5262 quo
1858 5203 2011 5261 pote-

441 5310 626 5351 ramus
652 5294 851 5349 dlvitcs
881 5292 999 5346 fieri
1029 5291 1075 5345 si
1105 5289 1350 5344 velimus.
1386 5286 1638 5340 Volebam
1673 5297 1798 5339 ante
1829 5285 2011 5342 videre

442 5403 544 5443 vos
572 5388 639 5441 ad
668 5386 863 5440 faciem
895 5384 950 5437 in
986 5378 1355 5452 corpore,‘sed
1383 5377 1492 5446 jam
1520 5386 1778 5446 exspecto
1800 5386 2011 5452 tempus

441 5480 586 5552 quod
622 5487 711 5535 est
747 5488 936 5546 prope,
970 5473 1027 5529 in
1059 5450 1167 5543 quo
1196 5469 1469 5541 possimus
1503 5484 1572 5524 ex
1604 5470 1721 5539 ipso
1748 5450 1851 5522 nos
1879 5482 2012 5523 con-

519 5683 562 5715 "
582 5682 726 5737 Psal.
750 5696 946 5741 xxxut,
978 5679 1030 5734 8.
1117 5678 1159 5710 “
1196 5676 1354 5733 Joan.
1390 5693 1513 5743 xm,
1538 5679 1613 5739 ,4,
1660 5678 1710 5731 5.

445 5765 568 5820 vttt,
599 5751 691 5806 9..
727 5752 774 5784 "
813 5751 856 5806 lt
895 5750 1021 5806 Cor.
1053 5766 1103 5818 ν,
1135 5749 1224 5814 l6,
1266 5748 1353 5804 l7.
1431 5750 1476 5780 "
1517 5749 1690 5804 lCor.
1737 5765 1826 5817 vv,
1867 5750 1957 5815 2,2.

1806 5681 1846 5711 ¹⁹
1886 5680 1902 5731 l
1932 5678 2241 5741 Cor.x,l5.
2317 5676 2362 5708 ¹⁶
2403 5676 2567 5742 Apoc.
2599 5688 2712 5739 xxt,
2744 5671 2799 5725 4.

2034 5750 2080 5781 ’⁵
2156 5747 2268 5803 Joel
2303 5762 2363 5811 tl,
2400 5744 2487 5799 15.

2107 4580 2174 4618 ex
2213 4578 2321 4631 quo
2346 4561 2508 4630 hujus
2540 4560 2617 4614 rei
2650 4561 2823 4628 gratia
2859 4558 3100 4611 bonitate
3124 4552 3344 4624 propria
3374 4550 3523 4605 venit
3552 4548 3681 4601 visi-

2108 4656 2364 4710 tationem
2407 4650 2590 4704 facere
2620 4658 2997 4703 creaturarum
3024 4660 3245 4701 suarum
3281 4657 3378 4712 per
3424 4640 3677 4696 ministe-

2101 4745 2242 4799 rium
2270 4750 2607 4796 sanctorum.

2173 4835 2234 4888 ll.
2277 4833 2515 4888 Obsecro
2545 4846 2642 4887 vos
2671 4831 2955 4885 universos
2984 4829 3038 4883 in
3066 4826 3319 4893 Domino,
3343 4825 3679 4888 charissimi,

2106 4934 2168 4979 ut
2198 4923 2511 4992 intelligetis
2543 4936 2662 4989 quae
2690 4922 2870 4976 scribo
2904 4920 3080 4975 vobis.
3119 4918 3256 4985 Quia
3292 4931 3397 4976 non
3432 4915 3682 4970 dilectio-

2109 5031 2234 5072 nem
2269 5013 2607 5084 corporalem
2654 5011 2828 5068 habeo
2859 5011 2912 5066 in
2950 5026 3065 5075 vos,
3096 5009 3191 5064 sed
3229 5007 3550 5062 cbaritatem
3573 5007 3683 5074 spi-

2111 5108 2247 5160 ritus
2270 5104 2498 5159 cultum
2529 5103 2644 5157 Dei.
2688 5101 2998 5169 Prteparate
3039 5097 3400 5167 vosmetipsos
3442 5095 3510 5148 ad
3542 5093 3683 5148 Con-

2110 5197 2343 5252 ditorem
2379 5206 2623 5250 vestrum
2655 5194 2756 5248 ire.
2794 5191 3030 5248 Scindite
3069 5190 3231 5244 corda
3275 5197 3468 5249 vestra,
3498 5196 3551 5240 et
3582 5201 3683 5239 non

2109 5293 2413 5345 uestimenta
2445 5299 2615 5342 vestra
2643 5288 2712 5339 “.
2756 5286 2823 5341 Et
2854 5287 3048 5341 scitote
3077 5282 3206 5353 quid
3228 5280 3499 5350 possimus
3530 5279 3683 5333 resti-

2116 5389 2267 5434 tuere
2308 5378 2536 5433 Domino
2585 5393 2685 5447 pro
2714 5376 2928 5431 eunetis
2966 5375 3356 5429 donationibus
3385 5386 3504 5440 quae
3543 5372 3683 5427 dedit

2116 5470 2290 5537 nobis,
2333 5470 2536 5539 quique
2581 5479 2637 5524 et
2664 5483 2838 5539 usque
2870 5477 2949 5523 ειη
2973 5467 3064 5523 hic
3108 5465 3165 5521 in
3211 5465 3313 5520 ista
3350 5465 3684 5520 habitatione

2904 5669 2948 5701 ¹¹
2980 5668 3138 5724 Prov.
3172 5682 3248 5730 tx,
3288 5667 3344 5720 9.
3418 5666 3467 5697 “
3491 5663 3531 5716 ll
3564 5662 3669 5709 Cm-
