3872 6278
229 428 332 484 98‘)

1172 471 1190 481 -
1255 426 1313 483 S.
1353 425 1635 482 ΑΝΤΟΝΙΙ
1675 428 1743 481 Μ.
1787 426 2078 483 ΑΒΒΑΤΙΞ
2118 427 2495 485 EPISTOLAE.

3386 430 3490 487 990

228 541 550 597 memoriam
597 542 766 598 nostri
815 541 965 608 facit,
990 554 1215 614 propter
1244 542 1563 599 immensam
1593 546 1808 600 bonita-
1839 555 1884 612 Α
1919 545 2062 600 bitus
2092 548 2352 614 stultitiae,
2387 556 2445 602 ut
2475 563 2572 602 nos
2597 546 2800 601 faceret
2834 546 3129 615 sapientes.
3150 544 3340 616 Inopes
3362 562 3487 602 era-

227 649 335 691 tem
364 649 518 690 suam
554 644 609 690 et
644 634 911 690 infinitam
957 635 1307 692 dilectionem
1340 652 1446 692 non
1475 636 1682 692 faciens
1713 654 1811 691 no-

225 723 311 778 bis
346 724 645 780 secundum
673 736 894 795 peccata
939 734 1129 783 nostra
1163 745 1176 780 :
1211 728 1305 797 qui
1339 738 1395 783 et
1433 728 1600 783 solem
1639 744 1809 799 usque

224 814 353 871 fecit
398 815 714 872 ministrare
762 818 925 873 nobis
969 819 1023 873 in
1067 821 1354 875 tenebrosa
1395 820 1577 887 domo,
1625 819 1806 875 lunam

224 922 447 977 quoque
491 923 553 964 ac
586 908 767 964 sidera
806 920 1000 965 cuncta
1030 912 1232 979 jubens
1271 913 1552 967 deservire
1579 913 1805 967 vanitati

223 1001 506 1069 periturae,
531 1010 750 1071 propter
775 1016 1065 1072 corporum
1094 1004 1622 1070 constabilitionem,
1646 1005 1809 1058 alias-

222 1103 330 1158 que
359 1090 588 1145 virtutes
616 1090 817 1147 multas
840 1093 995 1149 nobis
1027 1093 1341 1149 ministrare
1371 1093 1641 1163 praefecit,
1670 1108 1805 1162 quas

223 1193 410 1249 neque
448 1181 683 1237 vidimus
719 1184 965 1251 corporis
994 1184 1173 1238 oculo.
1212 1183 1353 1251 Quid
1383 1199 1515 1253 ergo
1561 1184 1803 1239 dicemus

221 1272 380 1341 quasi
414 1273 467 1326 in
508 1273 690 1343 aliquo
720 1275 847 1329 boni
867 1274 1182 1331 fraudamur
1206 1277 1356 1332 abeo
1386 1277 1529 1347 quod
1558 1277 1670 1347 ipse
1700 1291 1804 1329 non

222 1363 417 1418 fecerit
474 1366 671 1421 nobis?
704 1364 957 1436 Nunquid
991 1369 1318 1437 patriarchae
1360 1384 1467 1423 non
1508 1369 1652 1438 passi
1681 1377 1809 1423 sunt

224 1468 331 1524 pro
365 1455 543 1519 nobis,
572 1465 665 1509 aut
700 1457 1012 1511 sacerdotes
1037 1472 1142 1512 non
1166 1459 1465 1513 docuerunt
1496 1459 1632 1513 nos?
1658 1458 1806 1513 Nun-

220 1544 353 1614 quid
389 1546 668 1616 prOphetaa
699 1562 796 1616 pro
830 1547 988 1603 nobis
1019 1549 1217 1603 mortui
1252 1565 1355 1603 non
1379 1560 1528 1615 sunt,
1557 1560 1650 1604 aut
1684 1566 1807 1621 apo-

220 1636 352 1690 stoli
402 1637 839 1706 persecutionem
893 1654 1000 1695 nou
1046 1640 1422 1695 sustinuerunt
1471 1656 1566 1709 pro
1618 1640 1805 1695 nobis?

221 1726 480 1799 Nunquid
506 1729 679 1786 Filius
714 1730 810 1786 Dei
842 1730 1076 1787 dilectus
1105 1747 1210 1786 non
1241 1748 1339 1801 pro
1370 1731 1524 1788 nobis
1548 1734 1801 1788 omnibus

221 1832 478 1877 mortuus
502 1832 585 1878 est
603 1822 627 1876 ἲ
648 1821 729 1878 Ob
760 1838 880 1897 qua:
908 1824 1159 1878 universa
1188 1826 1445 1881 debemus
1467 1835 1523 1880 et
1549 1826 1650 1895 ipsi
1681 1840 1806 1895 pro-

1913 653 2056 704 mus,
2084 648 2139 692 et
2170 639 2221 691 in
2254 649 2569 708 paupertate
2602 648 2784 694 nostra
2814 638 2993 692 omnis
3026 637 3299 693 defecerat
3337 641 3490 710 vigor

1912 741 1942 779 a
1975 728 2149 781 nobis.
2184 727 2314 781 Item
2342 730 2430 782 ille
2453 730 2520 783 ob
2545 731 2659 783 [nec
2683 729 2980 798 assumpsit
3005 728 3200 796 inopiae
3232 727 3485 793 formam,

1915 826 1974 871 ut
1993 827 2311 886 paupertate
2333 835 2430 873 sua
2462 836 2559 874 nos
2588 820 2639 872 in
2663 820 2809 873 omni
2840 820 3110 889 sapientia
3130 829 3183 873 et
3212 820 3488 874 iuteliectu

1913 908 2131 963 ditaret.
2165 907 2280 962 Non
2317 910 2490 963 solum
2524 922 2702 964 autem
2735 910 2868 975 lucc,
2904 909 2996 964 sed
3026 910 3244 978 insuper
3270 909 3487 963 etinfir-

1912 1004 2120 1058 mitalis
2152 1013 2352 1058 nostrae
2386 1004 2613 1074 figuram
2644 1005 2958 1072 assumpsit,
2998 1014 3055 1057 nt
3084 1004 3302 1072 propria
3333 1003 3486 1057 infir-

1910 1094 2101 1148 mitate
2139 1109 2235 1147 nos
2271 1094 2518 1148 robustos
2551 1093 2807 1159 efﬁceret,
2840 1092 3083 1147 obediens
3124 1094 3295 1162 [actus
3338 1093 3486 1147 Patri

1909 1185 1962 1240 in
1997 1187 2253 1242 omnibus
2291 1202 2453 1257 usque
2493 1187 2561 1238 ad
2607 1195 2845 1248 mortem,
2899 1196 3115 1238 mortem
3148 1194 3323 1238 autent
3363 1201 3487 1238 cru—

1910 1279 1987 1334 cis
2026 1279 2113 1333 ":
2148 1279 2282 1333 utin
2314 1292 2409 1333 sua
2446 1286 2620 1331 morte
2651 1286 2704 1330 et
2737 1276 3041 1331 humilitate
3075 1276 3218 1330 illam
3261 1286 3486 1331 cuncto-

1911 1387 2029 1425 rmn
2061 1371 2512 1425 resurrectionem
2530 1368 2788 1435 efficeret,
2816 1385 3047 1438 eumque
3067 1370 3372 1424 destrueret
3393 1369 3485 1438 qui

1858 1520 1865 1521 ,
1910 1462 2099 1517 mortis
2127 1462 2356 1517 habebat
2400 1463 2706 1532 imperium.
2735 1462 2837 1515 hoc
2877 1468 2961 1515 est
2995 1460 3289 1516 diabolum.
3321 1460 3486 1529 lgitnr

1908 1555 1952 1609 si
1990 1571 2085 1619 pro
2126 1564 2277 1608 certo
2323 1554 2676 1608 liberabimus
2731 1552 3093 1621 nosmetipsos
3136 1552 3189 1605 in
3238 1550 3354 1620 ejus
3387 1552 3486 1605 ad—

1908 1655 2149 1708 ventum,
2177 1643 2418 1712 profccto
2452 1644 2794 1697 inveniemur
2840 1642 3089 1710 discipuli
3121 1639 3270 1701 Jesu.
3318 1650 3374 1696 et
3408 1641 3485 1696 di-

1908 1734 2049 1788 vinae
2079 1735 2409 1789 hatreditatis
2438 1736 2783 1789 instituentur
2821 1736 3083 1789 hzeredes.

1980 1823 2093 1878 lV.-
2126 1825 2448 1881 Cha‘rissimi
2496 1827 2549 1881 in
2601 1826 2860 1891 Domino,
2908 1826 3097 1880 turbor
3141 1825 3485 1881 vehementer

221 1927 421 1983 perare
462 1913 527 1968 ad
574 1916 908 1984 pergendum
949 1915 1003 1969 in
1044 1915 1191 1970 omni
1235 1917 1526 1971 sanctitate
1569 1916 1635 1971 ad
1678 1932 1806 1987 pro-
1839 1910 1880 1966 Β
1914 1927 1968 1971 et
2010 1934 2230 1974 moveor
2261 1918 2312 1973 in
2351 1919 2543 1989 spiritu
2580 1933 2736 1982 meo,
2778 1919 2917 1988 quod
2961 1918 3270 1972 nominibus
3303 1916 3486 1978 amicti

220 2008 403 2077 prium
451 2007 798 2064 Conditorem
843 2027 858 2063 :
906 2009 997 2079 qui
1049 2024 1279 2064 cernens
1333 2019 1640 2064 creaturam
1699 2027 1804 2064 non

226 2114 396 2170 posse
426 2115 625 2155 curare
662 2099 874 2172 plagam
907 2116 1028 2170 qua:
1052 2100 1198 2156 facta
1227 2102 1390 2156 fuerit
1416 2100 1638 2165 Judaeis,
1676 2117 1806 2171 pro-

229 2192 369 2262 priis
415 2191 671 2247 videlicet
722 2192 1004 2257 membris,
1054 2190 1219 2247 Pater
1254 2193 1371 2262 ipse
1402 2203 1802 2259 creaturarum,

194 2283 411 2345 sciens
459 2283 832 2339 infirmitatem
871 2299 1066 2340 sensus
1107 2299 1317 2351 eorum,
1363 2292 1448 2340 est
1482 2294 1658 2340 motus
1692 2285 1805 2340 vis-

227 2374 450 2430 ceribus
478 2373 624 2430 circa
651 2388 768 2440 eos,
795 2382 850 2429 et
877 2375 1175 2430 secundum
1202 2376 1422 2430 multam
1451 2376 1803 2432 dilectionem

220 2482 377 2523 suam
410 2482 514 2522 non
556 2469 799 2537 pepercit
833 2467 1111 2539 unigenito
1143 2467 1281 2523 Filio
1326 2484 1450 2533 suo,
1487 2469 1579 2524 sed
1613 2469 1683 2524 ob
1717 2483 1808 2523 no-

232 2567 407 2613 stram
431 2559 673 2613 omnium
700 2558 933 2615 salutem
967 2560 1190 2615 tradidit
1211 2576 1334 2616 eum
1371 2571 1589 2631 prapter
1616 2572 1802 2617 nostra

222 2658 446 2719 peccata
468 2649 537 2706 ".
570 2650 636 2704 Et
666 2649 981 2719 iniquitates
1011 2652 1228 2721 quidem
1256 2664 1454 2708 nostrae
1485 2652 1803 2709 buntiliave-

223 2750 353 2795 runt
382 2756 529 2805 eum,
567 2741 739 2797 livore
772 2751 954 2798 autem
988 2742 1106 2812 ejus
1139 2759 1236 2800 nos
1271 2759 1462 2799 omnes
1503 2745 1682 2800 sanati
1712 2761 1804 2800 su-

230 2848 354 2887 mus
388 2833 458 2886 ".
490 2831 591 2889 ilic
622 2836 972 2905 congregavit
1000 2850 1099 2891 nos
1120 2850 1187 2890 ex
1213 2838 1464 2892 omnibus
1495 2837 1804 2909 regionibus

220 2925 392 2981 verbo
424 2926 641 2981 virtutis
665 2941 798 2990 suae,
830 2928 999 2983 donec
1028 2928 1174 2982 illam
1199 2944 1393 2984 sensus
1418 2931 1588 2985 nostri
1622 2944 1797 2985 resur-

221 3017 523 3074 rectionem
554 3016 815 3083 effecerit,
842 3019 1042 3075 docens
1062 3034 1163 3075 nos
1193 3020 1517 3076 alterutrum
1540 3022 1805 3077 exsistere

221 3108 496 3163 membra.

299 3196 383 3252 ιιι.
423 3197 593 3255 Docet
634 3199 838 3255 idcirco
870 3200 1138 3258 universis
1182 3203 1340 3258 nobis
1381 3203 1802 3274 properantibus

223 3292 292 3345 ad
322 3292 602 3362 proprium
633 3293 1011 3361 Conditorem,
1035 3310 1295 3352 exercere
1331 3298 1674 3353 habitudines
1700 3315 1797 3354 no-

221 3391 369 3437 stras
402 3396 468 3437 ac
497 3397 692 3438 sensus
716 3382 891 3438 ofﬁcia
924 3387 990 3438 ad
1022 3387 1427 3454 agnoscendam
1456 3389 1795 3458 dignitatem,

218 3472 346 3528 boni
388 3473 626 3543 malique
648 3473 970 3540 discrimen,
998 3485 1056 3532 ut
1082 3478 1270 3533 sciatis
1297 3493 1490 3536 omnes
1522 3480 1638 3536 illas
1669 3480 1797 3536 Jesu

217 3566 654 3635 dispensationes
687 3582 823 3637 quas
854 3568 943 3624 ille
970 3571 1189 3639 proprio
1219 3571 1370 3626 dedit
1398 3571 1617 3637 affectu,
1643 3574 1797 3629 simi-

219 3657 286 3713 lis
317 3658 472 3713 nobis
514 3658 693 3731 factus
723 3676 819 3730 per
847 3662 1033 3716 omnia
1061 3673 1289 3732 excepto
1320 3674 1545 3734 peccato
1566 3667 1631 3719 ⁸⁸.
1672 3665 1800 3720 Pro-

217 3759 343 3820 pter
371 3751 597 3804 multam
642 3766 773 3806 vero
805 3752 1066 3807 malitiam
1102 3744 1346 3810 nostram
1375 3756 1799 3813 districtionem-

152 3832 161 3839 ’
217 3826 588 3912 ψιθήιειίιίω
624 3851 679 3896 et
732 3844 1081 3908 gravedinem
1139 3845 1520 3901 inconstantiae
1576 3856 1796 3913 nostrae,

217 3932 395 3989 factus
431 3941 515 3987 est
546 3934 812 3989 adventus
838 3934 978 4005 ejus.
1014 3938 1346 4005 quibusdam
1376 3939 1590 4008 quidem
1622 3940 1799 3995 stulti—

218 4026 315 4091 tia,
352 4025 476 4080 aliis
502 4040 637 4081 vero
662 4026 976 4081 scandalum
1001 4028 1080 4094 ²⁹;
1111 4029 1265 4084 alteri
1294 4031 1433 4099 parti
1464 4032 1799 4087 emolumen-

218 4126 372 4183 tum;
409 4116 646 4186 itemque
675 4116 795 4172 aliis
839 4118 1106 4187 sapientia
1149 4130 1204 4175 et
1247 4121 1451 4188 virtus;
1483 4136 1646 4191 porro
1676 4122 1797 4177 aliis

218 4208 550 4264 resurrectio
578 4210 796 4263 etvita.
835 4208 951 4265 lloc
979 4225 1195 4280 quoque
1226 4212 1574 4267 manifesmm
1604 4214 1678 4268 sit
1703 4229 1798 4267 vo—

215 4299 321 4362 bis,
353 4300 496 4369 quod
524 4298 789 4355 adventus
816 4299 961 4355 illius
993 4300 1172 4354 factus
1203 4302 1272 4355 sit
1301 4304 1447 4355 omni
1478 4303 1680 4358 mundo
1704 4304 1797 4374 ju-

216 4389 442 4444 dicium.
471 4386 609 4443 Ecce
637 4390 798 4455 enim,
832 4389 929 4454 ait,
955 4390 1162 4444 veniunt
1184 4392 1317 4457 dies,
1345 4392 1470 4445 dicit
1503 4391 1795 4457 Dominus;

215 4491 262 4534 et
294 4496 470 4533 omnes
498 4481 658 4534 scient
692 4497 772 4533 me
802 4497 834 4533 a
866 4481 1079 4535 minimo
1113 4499 1273 4552 usque
1298 4484 1368 4536 ad
1396 4484 1684 4537 maximum
1708 4502 1796 4540 eo-

1908 2023 2116 2072 sumus,
2150 2020 2202 2064 et
2233 2021 2551 2064 sanctorum
2602 2012 2879 2065 schemata
2928 2009 3231 2077 bajnlamus
3268 2009 3319 2063 in
3354 2023 3487 2063 con-

1908 2107 2095 2167 spectu
2148 2099 2444 2154 infidelium
2498 2099 2816 2171 gloriantes.
2871 2099 2982 2155 Sed
3016 2109 3198 2154 metuo
3240 2114 3308 2154 ne
3354 2098 3486 2153 illud

1912 2189 2064 2244 Pauli
2111 2191 2391 2245 oraculum
2438 2190 2725 2259 impleatur
2758 2192 2810 2245 in
2843 2191 3020 2255 nobis,
3053 2206 3160 2261 quo
3203 2191 3281 2244 ait
3314 2206 3329 2243 :
3365 2188 3485 2243 Ha-

1908 2284 2081 2336 bentes
2111 2284 2340 2351 {orntum
2382 2284 2613 2352 pietatis,
2652 2285 2887 2338 virtutem
2934 2294 3113 2337 autent
3146 2282 3260 2352 ejus
3289 2299 3485 2352 negan-

1907 2384 1981 2427 tes
2018 2374 2086 2429 ³⁸.
2140 2376 2212 2429 De
2250 2376 2519 2430 charitate
2565 2391 2694 2430 vero
2728 2390 2889 2445 quam
2926 2376 3099 2429 habeo
3144 2375 3196 2429 in
3229 2389 3347 2441 vos,
3389 2389 3487 2429 oro

1907 2482 2006 2535 pro
2031 2466 2185 2521 vobis
2212 2467 2276 2519 ad
2317 2466 2504 2530 Deum,
2540 2476 2598 2519 ut
2632 2466 2989 2521 consideretis
3019 2465 3186 2519 vitam
3222 2473 3485 2529 vestram,

1906 2567 1962 2611 et
1996 2558 2315 2611 haereditate
2358 2556 2587 2626 capiatis
2630 2571 2693 2608 ea
2738 2569 2860 2624 qua:
2906 2569 3014 2608 non
3046 2552 3329 2617 videntur;
3363 2567 3486 2606 nam

1906 2662 2092 2702 verum
2128 2656 2233 2713 est,
2265 2648 2440 2712 filioli,
2469 2647 2611 2716 quod
2636 2647 2799 2700 etiam
2830 2648 2874 2700 si
2903 2648 3091 2701 demus
3121 2661 3219 2701 nos
3249 2646 3392 2714 ipsos
3418 2659 3486 2698 ex

1910 2748 2018 2792 tota
2055 2740 2257 2793 virtute
2293 2739 2571 2808 inquirere
2600 2738 2789 2802 Deum,
2818 2753 2916 2791 nec
2944 2743 3024 2793 sic
3045 2738 3259 2807 quidem
3293 2737 3484 2791 condi-

1906 2847 2011 2902 gna
2044 2832 2217 2903 gratia
2249 2832 2374 2886 erit.
2405 2831 2461 2885 ιιι
2494 2830 2638 2884 enim
2687 2830 3016 2897 inquirimus
3061 2828 3204 2897 quod
3236 2837 3484 2881 nostrum

1906 2924 2153 2987 exsistit,
2200 2931 2255 2977 et
2289 2924 2433 2993 quod
2478 2921 2726 2976 naturale
2777 2930 2861 2975 est
2900 2920 3216 2974 substantia?
3266 2929 3483 2972 nostrae.

1906 3000 2045 3070 Vere
2071 3016 2257 3079 etiam,
2296 3015 2601 3069 charissimi
2634 3015 2685 3068 in
2712 3011 2961 3075 Domino,
2995 3012 3084 3081 qui
3110 3012 3161 3064 in
3187 3009 3331 3064 omni
3362 3024 3486 3064 san-

1906 3107 2096 3160 ctitate
2152 3106 2390 3173 parastis
2447 3106 2808 3174 vosmetipsos
2840 3102 3037 3158 offerre
3077 3102 3306 3156 hostiam
3346 3101 3485 3167 Deo;

1908 3197 2033 3266 quia
2063 3197 2196 3250 nihil
2230 3198 2297 3249 de
2329 3196 2413 3250 his
2439 3210 2558 3264 qua:
2587 3195 2950 3265 expediebant
2977 3193 3273 3248 celabimus
3305 3191 3483 3253 vobis,

1906 3290 2000 3343 sed
2038 3289 2320 3358 perspicua
2366 3287 2631 3342 facientes
2680 3285 3096 3341 testiﬁcabimur
3131 3302 3194 3341 ea
3228 3300 3348 3356 quae
3392 3286 3484 3339 ad-

1905 3380 2126 3434 versarii
2183 3379 2398 3434 virtutis
2443 3379 2750 3449 subripiunt
2828 3380 3062 3434 veri-tati.
3116 3378 3228 3434 lloc
3273 3394 3486 3448 quoque
3550 3394 3555 3401 '

1904 3472 2214 3541 cognoscite
2237 3513 2252 3538 ,
2281 3471 2518 3525 scientes
2543 3474 2682 3540 quod
2704 3471 2813 3535 hic,
2846 3473 2936 3541 qui
2966 3472 3248 3526 secundum
3274 3487 3485 3525 carnem

1903 3572 2000 3624 est,
2032 3578 2239 3629 semper
2270 3563 2562 3616 insectatur
2584 3580 2699 3617 eum
2715 3565 2804 3634 qui
2822 3564 3109 3618 secundum
3131 3548 3377 3632 spiritum
3400 3561 3482 3626 ³⁶;

1904 3665 1983 3719 et,
2019 3654 2159 3722 quod
2196 3654 2366 3707 omnis
2392 3654 2510 3723 quis
2566 3654 2784 3709 voluerit
2827 3654 2909 3724 pie
2950 3655 3112 3708 vivere
3159 3656 3214 3706 in
3254 3650 3484 3718 Christo,

1905 3747 2320 3817 persecutionem
2345 3741 2551 3815 patit'ur
2583 3746 2651 3801 "'.
2684 3746 2912 3817 Propter
2939 3747 3082 3815 quod
3109 3744 3268 3800 Jesus
3287 3758 3485 3813 cogno-

1905 3853 2063 3894 scens
2124 3838 2503 3893 tribulationes
2542 3854 2733 3894 omnes
2765 3855 2830 3895 ac
2870 3847 3228 3904 teutamenta,
3265 3837 3486 3893 veniens

1909 3930 1963 3984 in
2002 3930 2205 3985 mundo
2239 3930 2305 3984 ad
2340 3931 2638 4009 apostolos,
2673 3943 2727 3986 et
2753 3931 2935 3987 sciens
2970 3931 3112 4000 quod
3145 3946 3241 3999 per
3277 3932 3484 4001 patien-

1907 4021 2038 4075 tiam
2082 4035 2235 4075 suam
2283 4022 2570 4077 resolveret
2608 4022 2921 4076 universam
2967 4021 3172 4077 inimici
3208 4022 3485 4085 virtutem,

1906 4111 1959 4166 id
1988 4121 2069 4167 est
2110 4113 2493 4177 idololatriam,
2530 4114 2915 4169 consolabatur
2958 4113 3146 4168 dicens
3193 4132 3206 4167 :
3260 4112 3365 4167 Vos
3400 4115 3486 4166 tri-

1905 4202 2229 4258 bulationem
2263 4205 2461 4259 habetis
2494 4208 2555 4259 in
2593 4206 2831 4269 mundo;
2859 4205 2949 4257 sed
2984 4214 3279 4258 constantes
3300 4214 3483 4269 estote,

1901 4295 2029 4363 quia
2067 4310 2160 4362 ego
2192 4296 2294 4349 uici
2324 4298 2574 4349 mundum
2616 4297 2680 4350 ⁸⁸.
2735 4294 3081 4363 Docebatque
3106 4296 3210 4349 'eos
3243 4294 3430 4349 dicens
3466 4313 3480 4350 :

1903 4385 2080 4440 Nolite
2101 4387 2291 4441 timere
2310 4390 2589 4455 mundum,
2612 4388 2739 4458 quia
2762 4402 2950 4442 onmes
2966 4386 3284 4441 afflictiones
3298 4385 3482 4441 mundi

1903 4479 2186 4548 condigna:
2235 4494 2339 4533 non
2383 4489 2510 4534 sunt
2552 4480 2618 4533 ad
2657 4495 2776 4533 eam
2822 4494 2941 4549 qua:
2987 4486 3336 4547 exspectatur
3363 4478 3481 4548 glo-

217 4586 355 4635 runt,
374 4580 423 4624 et
450 4572 688 4624 auditum
712 4571 907 4639 faciam
926 4588 1088 4641 usque
1117 4573 1185 4626 ad
1208 4584 1498 4628 extremum
1527 4587 1682 4631 terra:
1706 4578 1786 4645 ³⁰;
1828 4609 1871 4663 D
1904 4570 2039 4623 riam
2068 4568 2134 4624 ".
2165 4569 2297 4624 Nam
2331 4572 2377 4624 εἰ
2412 4587 2498 4624 εοε
2540 4571 2630 4641 qui
2662 4580 2783 4623 αηιε
2811 4586 2898 4623 υοε
2931 4569 3169 4639 fuerunt.
3204 4567 3481 4635 PTOP’WG‘

216 4670 271 4714 ut
318 4677 469 4715 omne
511 4677 568 4715 os
603 4662 931 4731 obstruetur,
958 4674 1004 4718 et
1039 4664 1283 4719 subditus
1310 4665 1403 4734 ﬁat
1432 4668 1602 4721 omnis
1637 4685 1794 4723 mun-

215 4750 316 4803 dus
360 4750 468 4805 Deo
496 4750 540 4782 ³⁸
580 4770 595 4806 :
634 4751 772 4817 Quia
820 4770 936 4809 cum
971 4757 1329 4825 cognovissent
1365 4756 1557 4827 Deum,
1593 4776 1695 4814 non
1739 4770 1795 4813 ut

214 4853 505 4895 creatorem
534 4845 803 4912 proprium
828 4846 1255 4916 gloriﬁcaverunt
1281 4848 1325 4880 “
1357 4864 1371 4899 :
1403 4859 1456 4903 et
1487 4850 1540 4904 id
1574 4861 1795 4920 propter

219 4935 520 4989 vecordiam
558 4952 743 5002 suam,
786 4952 881 5007 per
914 4953 1074 5007 quam
1111 4954 1209 4994 nec
1252 4950 1543 5005 potuerunt
1593 4956 1789 5010 capere

216 5025 543 5092 sapientiam
572 5028 707 5096 ejus.
742 5027 849 5083 Sed
876 5032 1249 5100 unusquisque
1278 5040 1523 5087 nostrum
1553 5034 1794 5088 vendidit

215 5115 565 5184 semetipsum
597 5119 831 5187 pr0priis
869 5119 1235 5190 voluptatibus
1280 5122 1333 5176 in
1371 5123 1533 5187 mala,
1556 5133 1613 5177 et
1658 5124 1794 5195 ipsis

216 5220 405 5260 servus
435 5208 613 5263 dictus
645 5218 749 5263 est.
790 5210 868 5265 Ob
901 5226 1019 5280 quae
1060 5213 1173 5281 ipse
1202 5211 1360 5269 Jcsus
1395 5215 1682 5269 exinanivit
1712 5231 1795 5270 se-

214 5299 491 5368 metipsum
535 5314 565 5354 a
618 5301 812 5371 gloria,
853 5301 1079 5370 formam
1130 5304 1264 5358 servi
1307 5306 1565 5374 accipiens
1599 5306 1677 5372 ³³,
1735 5319 1795 5364 ut

216 5390 360 5443 illius
402 5390 637 5446 servitus
683 5407 782 5447 nos
821 5384 1095 5451 liberaret.
1146 5394 1309 5450 Stulti
1355 5395 1578 5461 fuimus,
1627 5408 1681 5453 et
1739 5399 1789 5453 in

213 5478 444 5534 stultitia
477 5488 664 5536 nostra
688 5479 902 5537 facinus
928 5484 1217 5554 gessimus.
1238 5487 1549 5556 Assumpsit
1574 5487 1664 5543 ille
1694 5488 1790 5543 ha-

1900 4661 2119 4716 insecuti
2146 4671 2291 4726 sunt,
2321 4671 2371 4716 et
2400 4678 2485 4717 vos
2523 4672 2931 4731 persequentur;
2963 4670 3009 4714 et
3038 4662 3084 4714 si
3120 4676 3201 4713 me
3234 4660 3479 4726 oderunt,

1903 4765 1951 4808 et
1979 4771 2066 4808 ros
2100 4755 2307 4809 oderint
2342 4756 2410 4809 ⁸ο.
2442 4754 2550 4810 Sed
2568 4755 2905 4810 confidentes
2931 4763 3124 4818 estote,
3145 4754 3272 4822 quia
3300 4764 3481 4809 vestra

1903 4844 2170 4913 sapientia
2211 4845 2433 4900 solvetis
2463 4861 2676 4899 omnem
2718 4843 2924 4899 inimici
2956 4845 3233 4897 virtutem.
3276 4843 3350 4896 De
3379 4843 3483 4897 mi-
3532 4872 3539 4879 -

1902 4935 2056 4988 nutia
2102 4950 2233 4990 vero
2272 4937 2420 4991 verbi
2458 4936 2729 4992 libertatis
2781 4936 2831 4989 in
2870 4950 2973 5004 qua
3017 4934 3229 4989 liberati
3270 4949 3478 4999 sumus,

1901 5025 2078 5079 habeo
2109 5025 2215 5079 alia
2248 5026 2415 5080 multa
2448 5026 2630 5082 dicere
2660 5024 2814 5079 vobis
2844 5041 2860 5079 :
2899 5025 2992 5081 sed
3024 5027 3072 5080 si
3094 5026 3285 5081 dedero
3325 5042 3480 5080 occa-

1898 5118 2097 5172 sionem
2123 5119 2371 5188 sapienti,
2400 5120 2689 5185 sapientior
2713 5121 2814 5173 erit
2839 5118 2906 5174 ".
2936 5117 3086 5188 Opus
3110 5128 3289 5174 tamen
3315 5117 3482 5173 babe-

1901 5223 2020 5263 mus
2056 5209 2325 5264 consolari
2368 5210 2597 5266 invicem
2630 5211 2840 5282 exiguis
2871 5212 3175 5281 quibusque
3215 5209 3481 5265 sermoni-

1896 5300 2043 5356 bus:
2087 5304 2227 5371 quod
2263 5303 2307 5359 si
2346 5318 2471 5359 vere
2510 5305 2850 5375 perspexerit
2890 5319 3064 5370 mens,
3112 5303 3224 5369 jam
3270 5317 3477 5372 nequa-

1895 5410 2057 5467 quam
2089 5397 2270 5467 egebit
2294 5395 2519 5467 loquela:
2542 5397 2845 5468 corporalis
2874 5394 3178 5452 mendacio.

1972 5484 2033 5541 V.
2082 5487 2305 5545 Gaudeo
2353 5497 2531 5545 autem
2580 5489 2634 5544 in
2684 5489 2934 5544 omnibus
2973 5488 3149 5554 vobis,
3197 5486 3378 5543 dilecti
3424 5487 3477 5543 in

286 5719 334 5798 ’.ξ
371 5720 528 5775 Rom.
570 5735 686 5798 vin,
717 5722 883 5798 32."?
922 5722 1058 5798 _lsa.
1091 5739 1211 5798 cur.
1247 5724 1305 5798 5.
1345 5723 1582 5798 "llebr.
1619 5740 1691 5787 Iv,
1724 5726 1807 5798 l5.
1850 5725 1895 5757 "
1936 5724 2105 5782 lCor.
2143 5744 2182 5790 ι.
2216 5729 2308 5783 2'5.
2355 5729 2402 5762 ’θ
2424 5728 2627 5786 Jercm.
2670 5747 2820 5798 xxxi,
2854 5731 2942 5785 34.
3020 5731 3063 5764 ³⁸
3087 5729 3241 5785 Rom.
3273 5745 3357 5795 tn,
3388 5729 3478 5788 19.

212 5789 275 5862 ξ’,
301 5789 455 5862 “aut.
478 5807 537 5862 _t,
568 5792 657 5848 2f.
736 5793 781 5823 ³³
817 5792 1045 5862 Philipp.
1095 5810 1153 5858 tt,
1180 5794 1232 5848 7.
1288 5796 1335 5827 ³⁸
1375 5797 1502 5850 ibid.
1526 5796 1576 5850 8.

220 5859 304 5917 13.
385 5857 428 5893 ³⁸
466 5860 621 5917 Juan.
657 5878 766 5929 xu,
804 5863 891 5918 52.
959 5857 971 5862 ⁷
998 5857 1040 5896 ³⁹
1073 5864 1228 5920 Rom.
1262 5882 1381 5935 \‘ut,
1420 5867 1500 5922 f8.

1634 5798 1699 5871 ,δξ
1743 5797 1896 5851 llom.
1931 5798 2121 5871 "[20;
2146 5797 2327 5871 TiiLl,
2368 5800 2451 5855 16.
2496 5802 2542 5833 ³⁸
2570 5801 2745 5859 Galat.
2787 5818 2861 5871 tv,
2891 5802 2983 5860 29.

1584 5868 1625 5899 τ’
1664 5866 1818 5923 Joan.
1855 5882 1948 5935 xv,
1987 5868 2075 5924 20.

3060 5802 3103 5835 ³⁷
3143 5799 3183 5857 ιι
3225 5799 3367 5858 Tim.
3387 5815 3455 5859 ιιι

2159 5870 2201 5901 δι
2241 5868 2400 5927 Prov.
2434 5886 2507 5938 ts,
2550 5873 2604 5927 9.
