3872 6278
392 351 494 412 9M

1520 340 1796 399 PATBES
1832 337 2131 397 ECYPTII
2171 337 2448 395 SECULI
2485 338 2578 395 IV.

391 472 644 539 Domino,
678 470 778 527 viri
826 469 1087 527 Israelita!
1115 468 1316 533 sancti,
1354 468 1653 524 secundum
1691 464 1964 535 propriam
1997 470 2044 525 Α
2070 462 2337 517 adventus
2403 461 2548 517 illius
2610 459 2865 516 omnibus
2907 457 3063 514 nobis
3101 454 3365 527 judicium
3414 451 3669 508 exsistit.

393 563 702 621 sensualem
730 564 1081 619 exstantium.
1113 562 1250 630 Quia
1289 563 1522 632 primum
1559 559 1779 629 quidem
1804 558 1969 614 dece-

390 658 485 711 bat
550 655 867 711 rationalem
927 655 1105 708 virum
1170 667 1502 725 cognoscere
1548 652 1900 720 semetipsum
1951 672 1967 707 :

390 747 588 811 deinde
619 755 677 813 ut
706 752 1002 815 cognoscat
1030 760 1094 800 ea
1125 760 1249 816 quae
1279 755 1405 800 sunt
1429 744 1546 809 Dei,
1576 753 1634 798 et
1678 744 1969 798 universas

393 837 565 907 ipsius
592 837 798 908 gratias
829 851 1188 908 quascunque
1212 852 1429 908 semper
1458 852 1579 891 cum
1609 850 1675 891 eo
1705 835 1866 902 facit;
1904 850 1970 891 ac

390 930 646 998 deinceps
698 931 912 985 noverit
961 931 1104 1001 quod
1148 945 1311 985 omne
1357 939 1639 999 peccatum
1684 938 1741 984 et
1796 938 1967 983 totum

390 1021 651 1092 quidquid
689 1022 1041 1092 querulosum
1084 1021 1330 1087 exsistit,
1379 1029 1532 1075 extra
1580 1032 1833 1075 naturam
1884 1030 1969 1076 est

388 1113 651 1168 sensualis
673 1114 993 1182 exstantite;
1019 1115 1253 1187 denique
1281 1113 1472 1169 videns
1494 1111 1758 1169 Conditor
1780 1125 1969 1168 noster

390 1218 490 1258 nos
516 1206 635 1259 hazc
660 1216 817 1260 extra
861 1216 1116 1260 naturam
1146 1206 1428 1285 possidere
1454 1206 1687 1262 arbitrio
1729 1204 1964 1271 liberali,

389 1311 440 1350 ιιι
478 1310 586 1366 quo
637 1297 724 1352 hic
759 1297 1140 1353 moriebantur
1175 1318 1189 1355 :
1226 1300 1420 1356 horum
1461 1313 1625 1354 causa
1664 1298 1968 1353 visceribus

387 1400 487 1454 pro
519 1389 679 1444 nobis
708 1398 907 1454 motus,
934 1390 1153 1458 propria
1185 1390 1425 1447 bonitate
1456 1390 1627 1446 voluit
1649 1400 1967 1446 convertere

390 1493 489 1533 nos
515 1479 581 1533 ad
610 1479 742 1536 illud
773 1480 894 1536 sine
920 1481 1029 1537 fine
1049 1483 1414 1552 principium;
1445 1483 1809 1540 visitationem
1840 1484 1968 1539 fecit

387 1579 763 1627 creaturarum
805 1589 911 1629 non
965 1589 1197 1644 parcens
1229 1575 1552 1645 sibimetipsi
1608 1576 1679 1631 ob
1718 1585 1961 1631 nostram

388 1663 768 1718 universorum
808 1664 1062 1720 salutem.
1108 1664 1358 1721 Tradidit
1386 1667 1588 1737 quippe
1616 1683 1678 1722 se
1716 1681 1814 1736 pro
1842 1681 1967 1737 pec-

387 1754 527 1809 catis
551 1755 785 1821 nostris;
811 1764 867 1811 et
896 1757 1212 1825 iniquitates
1233 1759 1453 1827 quidem
1483 1766 1685 1813 nostra:
1717 1757 1968 1811 humilia-

387 1852 585 1898 vcrunt
629 1859 778 1909 eunt,
823 1846 917 1901 sed
964 1846 1124 1902 livore
1165 1848 1279 1915 ejus
1331 1864 1425 1903 nos
1465 1862 1646 1903 omnes
1675 1850 1851 1902 sanati
1882 1863 1968 1902 su-

387 1951 502 1989 mus
535 1936 602 1988 δ’.
645 1935 820 1993 Verbo
864 1937 1025 1993 etiam
1055 1939 1276 1996 virtutis
1320 1954 1434 1996 suae
1481 1940 1834 2012 congregavit
1871 1955 1969 1997 nos

386 2040 455 2081 ex
484 2027 736 2084 omnibus
770 2028 1100 2101 regionibus,
1128 2031 1195 2085 ab
1227 2038 1472 2087 extremo
1501 2040 1664 2088 terrae
1697 2046 1869 2103 usque
1900 2033 1968 2089 ad

388 2118 640 2173 ultimum
692 2119 873 2187 orbis,
921 2121 1125 2179 ducens
1164 2124 1308 2194 quod
1355 2139 1600 2181 essemus
1644 2124 1968 2181 alterutrum

387 2211 649 2266 membra.
692 2212 1052 2278 Quamobrem
1080 2213 1125 2268 si
1161 2230 1260 2285 pro
1298 2224 1451 2270 certo
1490 2216 1804 2284 paravimus
1843 2231 1969 2271 nos-

387 2301 644 2369 metipsos
682 2302 885 2358 liberos
947 2303 1129 2360 facere
1163 2305 1215 2359 in
1247 2306 1368 2376 ejus
1411 2307 1669 2374 adventu,
1694 2317 1970 2363 scrutetur

387 2393 741 2462 semetipsum
794 2395 1133 2452 rationabilis
1165 2397 1348 2462 homo,
1399 2400 1655 2465 quidnam
1684 2401 1853 2467 possit
1882 2415 1969 2453 re-

389 2480 633 2537 tribuere
666 2482 775 2536 Deo
817 2498 918 2553 pro
946 2486 1164 2540 cunctis
1198 2487 1356 2542 donis
1381 2502 1502 2557 qua:
1532 2487 1662 2542 fecit
1691 2486 1754 2541 in
1785 2487 1963 2543 nobis.

396 2570 629 2629 Undeet
655 2589 755 2645 ego
785 2590 1003 2646 quoque
1044 2576 1377 2632 deterrimus
1411 2579 1505 2649 qui
1537 2580 1677 2634 hanc
1707 2568 1969 2649 descripsi

395 2663 699 2736 epistolam,
732 2663 1146 2735 expergefactus
1176 2683 1207 2720 a
1239 2667 1568 2725 dormitione
1596 2669 1808 2735 mortis,
1849 2670 1970 2737 plu-

390 2751 589 2806 rimum
618 2753 747 2807 illud
796 2760 1062 2824 temporis
1100 2757 1241 2825 quod
1288 2757 1419 2812 mihi
1451 2757 1550 2812 fuit
1578 2774 1741 2828 super
1770 2772 1969 2815 terram

392 2841 620 2909 factum,
650 2847 904 2901 existimo
936 2847 1140 2902 luctum
1168 2858 1223 2903 et
1253 2847 1468 2917 fletum,
1493 2850 1683 2919 lugens
1710 2852 1970 2922 quidnam

391 2949 611 3004 possum
661 2937 899 2992 tribuere
951 2937 1178 2993 Domino
1224 2953 1324 3009 pro
1376 2941 1634 2996 omnibus
1678 2956 1799 3011 qua:
1846 2942 1976 2998 fecit

390 3024 544 3077 mihi.
599 3024 653 3077 In
686 3025 831 3079 nullo
883 3027 1025 3080 enim
1079 3028 1329 3083 frustrati
1378 3021 1567 3085 sumus
1607 3046 1794 3087 eorum
1853 3048 1974 3103 qua:

392 3129 499 3168 non
541 3115 834 3183 perfecerit
872 3117 1028 3173 nobis
1061 3119 1115 3173 in
1144 3119 1453 3178 humilitate
1489 3132 1697 3178 nostra.
1740 3124 1974 3195 Angelos

391 3208 595 3260 etenim
639 3222 765 3263 suos
808 3210 966 3266 nobis
1009 3211 1321 3268 ministrare
1362 3213 1526 3283 fecit,
1571 3218 1973 3288 prephetasque

394 3298 648 3367 proprios
692 3300 978 3355 vaticinari
1018 3304 1300 3374 praecepit,
1348 3306 1622 3375 apostolos
1652 3307 1819 3361 etiam
1849 3322 1977 3363 suos

393 3389 551 3444 nobis
567 3392 945 3462 evangelizare
961 3393 1147 3463 jussit.
1181 3395 1405 3465 Insuper
1431 3412 1559 3452 vero
1584 3398 1713 3452 illud
1730 3399 1974 3453 oumium

394 3480 606 3552 insigne
646 3495 731 3538 est
774 3497 1189 3556 praeceptorum,
1234 3491 1377 3559 quod
1416 3487 1768 3560 Unigenitum
1818 3494 1976 3547 suum

393 3571 625 3631 formam
653 3578 796 3631 servi
829 3577 959 3633 fecit
988 3594 1270 3636 assumere
1292 3595 1393 3651 pro
1421 3583 1593 3638 nobis.

470 3664 556 3720 Vl.
597 3667 840 3722 Obsecro
885 3669 1089 3740 itaque,
1134 3671 1442 3727 charissimi
1494 3672 1549 3726 in
1594 3672 1851 3739 Domino,
1884 3689 1980 3730 vos

396 3756 489 3826 qui
515 3766 830 3813 sanctorum
860 3760 1127 3815 exsiStitis
1153 3762 1484 3827 colueredes,
1522 3774 1581 3817 ut
1614 3765 1860 3821 excitare
1889 3780 1983 3821 ve-

395 3848 508 3903 litis
544 3852 792 3919 proprias
834 3862 1043 3907 mentes
1088 3854 1144 3907 in
1188 3853 1384 3909 timore
1434 3856 1553 3910 Dei.
1591 3856 1787 3911 Sermo
1833 3859 1979 3913 enim

395 3942 552 3996 vobis
578 3942 778 3997 istesit
803 3944 1141 4011 manifestus,
1169 3945 1309 4015 quod
1337 3945 1576 4002 Joannes
1599 3949 1815 4017 quidem
1845 3966 1984 4020 pra:—

396 4048 589 4088 cursor
610 4032 738 4089 Jesu
770 4036 1129 4105 haptizaverit
1155 4037 1207 4091 in
1238 4038 1611 4093 remissionem
1638 4054 1980 4109 peccatorum

398 4137 622 4195 propter
667 4141 801 4194 nos;
837 4128 1033 4195 spiritu
1065 4140 1249 4183 autem
1278 4129 1604 4185 sanctificati
1635 4131 1901 4188 fuerimus
1927 4134 1984 4189 in

391 4218 643 4274 Christo.
669 4217 1046 4290 Praeparemus
1076 4237 1176 4277 nos
1206 4223 1352 4292 ipsos
1386 4238 1529 4279 nunc
1558 4223 1613 4279 in
1658 4228 1808 4282 onmi
1848 4241 1983 4282 san-

395 4313 592 4368 etitate
625 4313 693 4368 ad
733 4316 1070 4384 purgandam
1103 4315 1413 4370 sensualem
1446 4326 1684 4372 mentem
1715 4328 1982 4390 nostram,

397 4415 457 4459 ut
501 4406 673 4461 simus
705 4406 891 4461 mundi
926 4406 980 4460 in
1027 4406 1355 4477 baptismate
1382 4407 1509 4464 Jesu
1542 4410 1611 4465 ad
1645 4410 1983 4468 offerendum

2073 551 2284 607 Scitote
2315 552 2478 606 etiam
2505 551 2650 621 quod
2681 564 2873 605 omnes
2900 548 2956 603 in
2989 562 3047 603 se
3074 555 3356 618 gestantes
3380 544 3669 615 spiritum,

2072 644 2434 714 reSpicieutur
2463 652 2519 698 et
2564 642 2869 699 vestientur
2906 641 3233 696 vestimento
3276 637 3388 702 Illo,
3431 653 3544 707 quo
3570 653 3667 692 su-

2071 751 2190 791 mus
2221 735 2371 790 exuti
2432 734 2589 805 juxta
2636 732 2949 789 sensualem
3005 740 3249 786 nostram
3299 729 3668 787 exstantiam.

2067 825 2203 881 Nam
2234 836 2290 883 et
2323 842 2465 898 saepe
2515 827 2576 880 fit
2611 841 2714 882 vox
2756 825 2979 881 veniens
3022 837 3241 892 semper
3271 836 3302 877 a
3339 820 3453 877 Deo
3496 819 3673 878 Patre

2069 921 2137 974 ad
2172 935 2367 976 omnes
2399 919 2521 974 illos
2550 920 2643 988 qui
2676 920 2729 973 in
2765 933 2825 974 se
2847 916 3027 987 ipsum
3059 924 3276 986 gerunt,
3309 914 3502 969 dicens
3533 914 3619 969 eis
3648 931 3667 968 :

2069 1009 2455 1078 Cansolamini,
2492 1010 2841 1065 consolamini
2867 1007 3119 1078 pupulum
3156 1023 3349 1073 meum,
3381 1007 3518 1060 dicit
3561 1006 3671 1060 Do.

2068 1103 2283 1168 minus;
2326 1112 2376 1156 et
2422 1103 2744 1167 sacerdotes,
2797 1101 3076 1171 loquimini
3119 1099 3178 1154 in
3200 1099 3358 1154 corde
3400 1097 3672 1153 Hierusao

2068 1194 2256 1247 lem“.
2322 1193 2466 1249 Deus
2528 1194 2730 1265 quippe
2786 1192 3157 1249 visitationem
3207 1190 3469 1246 continuo
3528 1187 3671 1244 fecit

2066 1296 2443 1343 creaturarum
2491 1300 2739 1353 suarum,
2780 1285 3139 1340 manifestans
3183 1282 3457 1353 propriam
3504 1282 3670 1337 honi‘

2070 1387 2268 1433 tatem.-
2292 1377 2360 1431 Et
2386 1390 2535 1440 vere,
2564 1376 2895 1439 charissimi,
2927 1377 3222 1431 secundum
3245 1375 3509 1428 minutias
3539 1388 3673 1428 vere

2069 1465 2123 1521 bi
2174 1465 2444 1521 libertatis
2496 1466 2550 1520 in
2598 1480 2705 1535 qua
2754 1463 2971 1520 liberati
3029 1479 3236 1528 sumus,
3273 1472 3401 1518 sunt
3447 1471 3504 1517 ct
3551 1462 3665 1516 alia

2076 1557 2477 1627 quamplurima
2530 1572 2654 1627 qua:
2714 1556 2965 1611 dicantur
3005 1555 3157 1610 vobis
3204 1572 3220 1608 :
3259 1555 3355 1611 sed
3390 1554 3441 1607 si
3466 1551 3666 1607 dedero

2068 1650 2397 1704 occasionem
2439 1649 2687 1718 sapienti,
2731 1648 3026 1716 sapientior
3074 1648 3174 1702 erit
3195 1646 3261 1701 “.
3304 1645 3448 1700 Deus
3475 1654 3664 1699 autem

2070 1743 2219 1813 pacis
2255 1744 2344 1798 det
2370 1741 2528 1798 vobis
2553 1742 2786 1811 gratiam
2821 1739 3197 1803 discretionis,
3227 1747 3284 1793 ut
3313 1736 3666 1806 cognoscatis

2076 1849 2413 1905 quascunque
2457 1833 2639 1889 scribo
2673 1833 2843 1897 vobis,
2881 1833 3024 1901 q'uod
3077 1832 3391 1885 mandatum
3432 1827 3509 1883 sit
3551 1827 3667 1881 Do-

2077 1925 2232 1980 mini.
2273 1924 2554 1980 Custodiat
2597 1938 2693 1977 vos
2737 1923 2876 1977 idem
2923 1921 3087 1976 tutius
3123 1921 3314 1990 gratia:
3348 1919 3492 1973 Deus
3532 1933 3668 1973 san-

2077 2025 2195 2068 ctos
2231 2014 2283 2068 in
2317 2012 2543 2068 Domino
2571 2025 2741 2081 usque
2771 2013 2838 2065 ad
2879 2010 3231 2064 novissimum
3293 2005 3667 2091 flamen..0ro

2076 2112 2258 2159 autem
2300 2105 2467 2158 Deum
2512 2117 2727 2172 semper
2765 2116 2866 2172 pro
2901 2102 3143 2156 omnimn
3176 2109 3419 2154 vestrum
3461 2098 3665 2165 salute,

2077 2196 2130 2250 in
2168 2196 2395 2252 Domino
2434 2194 2795 2250 dilectissimi.
2835 2192 3025 2249 Gratia
3063 2192 3277 2253 Domini
3318 2192 3490 2247 uastri
3532 2188 3667 2247 Iesu

2076 2290 2283 2346 Christi
2316 2305 2439 2345 cum
2471 2290 2724 2345 omnibus
2759 2290 2932 2345 vobis.
2968 2289 3160 2343 Amen.

2630 2382 2969 2439 EPISTOLA
3003 2380 3095 2436 IV.

2148 2475 2192 2530 ι.
2233 2475 2585 2530 Charissimis
2626 2486 2683 2529 et
2729 2474 3156 2539 honorabilibus,
3192 2488 3246 2526 to
3275 2470 3503 2526 Domino
3526 2468 3671 2524 salu-

2080 2578 2209 2622 tem.
2244 2567 2386 2622 Vere
2418 2566 2759 2622 dilectissimi
2786 2567 2840 2623 in
2873 2566 3121 2628 Domino,
3157 2565 3282 2636 quia
3320 2579 3426 2618 non
3459 2563 3516 2617 in
3557 2576 3668 2616 uno

2081 2671 2326 2730 tempore
2372 2667 2583 2713 tantum
2623 2657 2992 2714 visitationem
3039 2659 3169 2713 facit
3207 2656 3349 2712 Deus
3375 2666 3669 2711 creatura-

2081 2767 2199 2806 rum
2234 2764 2481 2816 suarum,
2523 2751 2618 2807 sed
2655 2766 2685 2805 a
2727 2750 3121 2807 constitutione
3162 2749 3345 2804 mundi
3398 2755 3670 2817 qumquot

2083 2851 2344 2897 venerant
2390 2843 2458 2898 ad
2495 2841 2747 2912 opificem
2819 2840 2986 2895 Deum
3043 2854 3143 2909 per
3198 2838 3668 2893 testamentariam

2082 2936 2276 3007 legem,
2316 2934 2383 2991 iis
2411 2935 2636 2991 coadest
2666 2933 2810 2990 Deus
2857 2932 3086 3004 singulis
3116 2932 3168 2986 in
3192 2930 3545 2999 simplicitate
3575 2941 3670 2983 se-

2081 3029 2317 3082 cundum
2343 3028 2574 3098 gratiam
2606 3041 2705 3098 per
2739 3025 3005 3096 Spiritum
3050 3039 3229 3081 suum.
3263 3024 3338 3077 De
3377 3021 3670 3077 rationali-

2082 3120 2185 3175 bus
2218 3129 2401 3177 autem
2431 3120 2642 3175 naturis
2674 3120 2727 3174 in
2763 3119 2961 3189 quibus
2991 3118 3121 3172 illud
3159 3125 3545 3172 testamentum
3576 3128 3671 3170 ne-

2079 3213 2288 3283 friguit,
2305 3223 2362 3268 et
2385 3210 2562 3267 oﬂicia
2587 3210 2893 3267 animorum
2925 3210 3133 3266 illorum
3157 3208 3487 3263 mortificata
3512 3214 3670 3274 sunt,

2080 3307 2154 3360 ita
2195 3315 2253 3359 ut
2303 3305 2443 3360 ultra
2518 3318 2627 3359 non
2675 3302 2955 3373 inquirant
2987 3315 3316 3373 cognoscere
3346 3298 3672 3368 semetipsas

2079 3396 2380 3452 secundum
2409 3410 2561 3450 suam
2590 3394 2827 3464 priorem
2865 3394 3258 3461 conditionem,
3292 3391 3413 3445 alia:
3448 3390 3673 3443 irratio-

2082 3489 2292 3545 nabiles
2333 3488 2556 3542 omnino
2582 3486 2811 3549 effectae,
2841 3484 3149 3539 servierunt
3176 3490 3444 3537 creaturae
3489 3479 3674 3547 potius

2082 3599 2244 3655 quam
2279 3582 2548 3638 Creatori.
2584 3578 2729 3635 Idem
2770 3595 2898 3633 vero
2931 3577 3211 3641 Conditor,
3242 3575 3458 3646 propria
3511 3571 3673 3626 boni-

2085 3686 2196 3731 tate
2230 3675 2401 3729 nostri
2444 3671 2815 3727 visitationem
2855 3667 3036 3724 effecit
3076 3678 3173 3738 per
3202 3662 3672 3721 testamentarium

2085 3767 2297 3839 legem,
2360 3765 2647 3842 quoniam_
2688 3762 2991 3819 substantia
3054 3757 3378 3814 immortalis
3434 3754 3673 3811 exsistit.

2085 3861 2362 3929 Quotquot
2397 3857 2562 3929 igitur
2590 3854 2739 3924 digni
2775 3852 2942 3908 habiti
2968 3860 3095 3907 SlIlll
3128 3851 3322 3921 gratia,
3358 3857 3414 3901 et
3442 3861 3673 3903 concre-

2085 3959 2284 4005 verunt
2314 3964 2412 4019 per
2439 3963 2593 4003 suam
2638 3944 2968 4001 cardinalem
3004 3944 3199 4014 legem,
3233 3951 3289 3996 et
3328 3939 3505 3996 edocti
3546 3947 3673 3994 sunt

2090 4058 2187 4115 per
2210 4039 2474 4108 Spiritum
2508 4048 2758 4092 sanetum
2796 4036 3072 4107 rapientes
3100 4036 3331 4089 filiorum
3367 4030 3675 4102 adoptionis

2084 4135 2355 4206 spiritum,
2390 4133 2442 4188 hi
2484 4132 2648 4188 etiam
2699 4129 3099 4199 prmvaluerunt
3142 4127 3372 4181 adorare
3411 4123 3674 4179 Condito-

2086 4243 2201 4283 rem
2238 4225 2518 4297 proprium
2564 4223 2706 4277 sicut
2737 4228 2972 4291 oportet.
3007 4218 3083 4273 De
3110 4218 3303 4287 quibus
3338 4210 3538 4272 Paulus
3571 4214 3672 4283 ait,

2087 4318 2214 4390 quia
2247 4334 2352 4373 non
2383 4320 2742 4387 perceperunt
2771 4310 3219 4383 repromissiones
3240 4318 3464 4380 propter
3489 4322 3589 4364 nos
3602 4306 3671 4362 ".

2158 4411 2221 4466 Il.
2262 4409 2317 4465 In
2354 4424 2448 4464 sua
2495 4421 2624 4462 vero
2667 4404 2980 4474 impartibili
3012 4402 3299 4458 dilectione
3331 4402 3523 4455 volens
3553 4400 3671 4470 ipse

396 4500 760 4577 nosmetipsos
786 4500 1018 4556 hostiam
1066 4500 1197 4557 Deo.
1228 4501 1329 4556 Hic
1366 4517 1494 4558 vero
1523 4502 1839 4560 Paracletus
1864 4505 1989 4575 Spi-
2017 4518 2065 4575 ι)
2092 4511 2413 4558 cunctorum
2455 4497 2596 4551 Deus
2626 4492 2997 4550 visitationem
3031 4490 3213 4546 facere
3248 4489 3673 4562 refrigidationis

396 4591 537 4647 ritus
569 4593 660 4662 qui
701 4592 1016 4649 consolatur
1045 4608 1164 4660 nos,
1191 4596 1464 4651 convertit
1496 4612 1689 4652 rursus
1724 4597 1794 4652 ad
1835 4597 1985 4667 prin-

397 4681 601 4750 cipium
634 4691 880 4737 nostrum
912 4683 979 4737 ad
1026 4687 1427 4755 recuperandas
1475 4687 1825 4742 hazreditates
1858 4703 1983 4759 pro-

401 4774 577 4843 prias,
605 4783 661 4829 et
702 4775 1012 4844 magisteria
1058 4777 1301 4847 ejusdem
1338 4779 1577 4850 Spiritus
1627 4780 1989 4851 consolantis,

401 4862 563 4934 hujus
602 4863 678 4918 rei
710 4865 885 4934 gratia
920 4877 1187 4937 quotquot
1217 4870 1272 4923 in
1302 4870 1521 4925 Christo
1548 4869 1807 4940 baptizati
1833 4880 1981 4936 sunt,

399 4956 620 5013 Christo
655 4957 825 5013 induti
857 4970 1021 5026 sunt;
1057 4977 1157 5017 nec
1197 4972 1276 5017 est
1311 4963 1586 5020 masculus
1614 4972 1707 5018 aut
1734 4964 1978 5032 femina;

403 5064 508 5104 non
536 5058 619 5104 est
643 5063 834 5105 servus
869 5063 961 5106 aut
989 5052 1127 5107 liber
1146 5051 1213 5108 ⁸³.
1242 5052 1433 5111 Omnis
1456 5055 1621 5111 etiam
1653 5055 1834 5125 lingua
1862 5068 1986 5109 cor-

402 5151 593 5208 porum
634 5138 934 5195 destruitur
964 5142 1107 5212 apud
1163 5142 1302 5209 illos,
1337 5143 1728 5213 accipientibus
1754 5142 1840 5197 eis
1889 5143 1987 5197 do-

403 5229 635 5284 ctrinam
662 5231 835 5286 sancti
865 5230 1101 5302 Spiritus
1134 5232 1186 5287 in
1223 5241 1465 5302 tempore
1498 5249 1606 5304 quo
1630 5244 1848 5290 stnncnt
1877 5237 1986 5290 lue-

401 5321 689 5377 reditatem
742 5330 1012 5389 sanctam,
1067 5332 1122 5379 et
1176 5324 1482 5379 adorabunt
1540 5327 1779 5393 Patrem,
1840 5326 1986 5380 sicut

401 5420 638 5483 oportet,
693 5412 748 5467 in
797 5412 993 5482 spiritu
1029 5422 1083 5469 et
1115 5415 1423 5473 veritate“.
1461 5416 1780 5473 Manifestus
1822 5418 1990 5488 siqui-

404 5503 528 5558 dem
550 5503 637 5559 “sit
663 5502 817 5558 vobis
850 5517 1031 5560 sermo
1062 5503 1194 5573 iste,
1224 5522 1326 5564 nec
1350 5520 1671 5579 exspectare
1703 5511 1882 5566 Velitis
1898 5512 1988 5582 ju-

408 5593 606 5651 dicium
634 5592 878 5650 futurum
912 5595 964 5651 in
1002 5597 1091 5653 illa
1120 5602 1405 5672 praesentia
1441 5601 1599 5668 Jesu;
1634 5604 1749 5673 jam
1782 5606 1984 5660 etenim

479 5712 526 5788 ξ’
550 5709 654 5764 lsa.
686 5711 884 5788 tam},
958 5712 1006 5746 "
1027 5714 1203 5775 Galat.
1238 5734 1317 5788 ιιι,
1350 5720 1441 5776 27.
1518 5721 1563 5754 ιδ
1592 5720 1743 5778 Joan.
1776 5737 1851 5787 tv,
1890 5720 1982 5777 2‘5.

408 5773 460 5815 ⁸⁸
486 5779 617 5835 Luc.
661 5795 766 5847 ενι,
790 5773 889 5837 Ἰϐ.

2086 4603 2287 4648 nostra:
2324 4604 2389 4644 ac
2412 4585 2857 4656 dispensationis,
2882 4582 3147 4639 excitavit
3177 4580 3363 4637 Mosen
3396 4582 3671 4635 doctorem

2090 4685 2248 4755 legis,
2279 4681 2371 4750 qui
2409 4680 2563 4733 daret
2591 4677 2749 4732 nobis
2785 4676 2961 4745 legem
3004 4676 3056 4730 in
3093 4674 3296 4729 littera.
3329 4671 3395 4726 Et
3433 4672 3672 4727 fundavit

2052 4775 2201 4846 ~ipse
2222 4774 2376 4830 nobis
2403 4771 2651 4827 veritatis
2693 4770 2938 4833 domum,
2962 4782 3084 4837 qua:
3103 4774 3187 4821 est
3216 4764 3457 4820 Ecclesia
3484 4764 3673 4820 catho-

2087 4870 2193 4924 lica
2233 4882 2399 4937 quam
2448 4863 2677 4927 creavit,
2706 4861 2898 4915 volens
2940 4866 3261 4913 convertere
3289 4857 3433 4911 Deus
3462 4857 3530 4911 ad
3562 4856 3673 4925 pri-

2090 4975 2238 5016 mum
2275 4956 2514 5010 initium.
2550 4953 2617 5007 Et
2654 4951 2783 5021 quia
2821 4948 2998 5005 Moses
3043 4946 3264 5017 quidem
3303 4947 3590 5002 aedificavit
3619 4956 3672 5001 ut

2091 5051 2441 5124 pnecedens,
2474 5047 2679 5101 idcirco
2726 5058 2836 5098 non
2869 5041 3183 5096 timebimus
3225 5054 3475 5096 asserere
3526 5055 3674 5094 eum-

2095 5147 2217 5200 dem
2258 5142 2487 5200 latorcm
2529 5138 2666 5208 legis
2705 5150 2874 5191 unum
2930 5147 3056 5189 esse
3099 5148 3167 5187 ex
3211 5134 3672 5202 praecursoribus:

2093 5248 2148 5292 et
2170 5237 2295 5307 quia
2328 5233 2564 5306 Spiritus
2586 5231 2678 5301 qui
2706 5228 2878 5284 fuerit
2914 5242 3037 5282 cum
3069 5223 3242 5291 Moss,
3282 5224 3426 5281 idem
3449 5224 3523 5279 sit
3551 5238 3673 5293 ope~

2091 5339 2245 5385 ratus
2281 5335 2336 5382 et
2370 5327 2425 5380 in
2475 5324 2645 5378 choro
2681 5329 3018 5382 sanctorum,
3053 5332 3356 5388 omnesque
3408 5317 3673 5384 petierqu

2093 5422 2160 5476 de
2192 5416 2487 5488 Unigenito
2516 5413 2632 5469 Dei.
2670 5411 2803 5467 Item
2841 5408 3084 5466 Joannes
3114 5422 3256 5464 unus
3286 5408 3352 5462 de
3378 5422 3673 5479 praecurso-

2092 5512 2243 5567 ribus
2285 5516 2501 5571 exstat;
2542 5513 2597 5560 et
2632 5505 2753 5559 ideo
2799 5503 2885 5557 lea:
2908 5510 3067 5571 alque
3121 5500 3389 5570 prophetia
3419 5514 3581 5568 usque
3611 5499 3676 5552 ad

2091 5604 2351 5659 Joannem
2369 5600 2436 5666 ";
2469 5613 2685 5669 regnum
2715 5595 2965 5650 caelorum
3005 5594 3112 5649 vim
3134 5594 3359 5664 patitur,
3388 5598 3439 5644 et
3469 5589 3676 5644 violenti

2665 5711 2710 5744 “
2740 5711 2897 5767 l’rov.
2932 5724 2982 5764 Ix
3007 5750 3020 5777 ,
3057 5709 3112 5765 9.
3192 5706 3236 5741 "
3268 5704 3436 5761 Hebr.
3463 5720 3543 5770 xi,
3597 5707 3677 5762 l3.

2083 5720 2253 5777 “Isa.
2296 5734 2402 5783 χι..
2438 5718 2489 5784 I,
2533 5714 2587 5768 Ξ.
