3872 6278
250 371 358 430 99⁸5

1291 372 1350 430 S.
1395 367 1678 428 ANTONII
1715 370 1784 425 M.
1830 369 2125 428 ABDATIS
2167 369 2550 428 EPISTOLIE.

3425 369 3532 427 θυι

245 489 506 559 diripiunt
543 488 677 562 illud
696 489 763 546 δ’.
793 487 1163 544 Ρτωνῐιιειιιεε
1195 497 1376 543 autem
1427 491 1462 544 ii
1495 491 1586 558 qui
1633 488 1830 560 spiritu
1863 493 1906 548 Α
1948 489 2106 542 redes
2129 489 2376 544 erimus:
2414 486 2667 541 Ilwredes
2692 487 2904 557 quidem
2940 487 3056 553 Dei,
3096 489 3393 545 coliazredes
3428 510 3530 548 au-

253 582 592 648 ferebantur,
629 581 773 652 quod
806 581 950 635 nulla
982 591 1236 635 creatura
1273 582 1445 651 possit
1475 597 1668 636 curare
1696 580 1839 634 illam

245 675 662 747 grandissimum
716 674 951 743 plagam,
982 673 1087 727 nisi
1140 673 1254 728 sola
1289 673 1575 728 beatitudo
1620 674 1712 728 Dei
1747 674 1838 744 qui

244 776 330 820 est
365 765 689 836 Uuigenitus
720 765 860 835 ejus,
886 781 1159 836 quemque
1189 775 1244 820 et
1267 766 1562 822 destinavit
1589 768 1656 821 ad
1684 768 1836 822 salu-

251 868 364 914 tem
399 858 566 914 totius
594 858 766 922 orbis,
791 858 882 927 qui
910 869 964 912 et
988 868 1072 912 est
1115 858 1357 912 medicus
1386 872 1618 926 magnus
1648 868 1841 928 potens

245 967 447 1008 curare
484 951 754 1019 ingentem
811 951 1022 1021 plagam
1053 966 1150 1004 sua
1181 951 1466 1006 bonitate:
1503 951 1666 1006 Pater
1693 968 1838 1006 crea-

245 1055 498 1101 turarum
543 1060 648 1100 non
703 1045 947 1114 pepercit
989 1045 1278 1116 Unigenito
1306 1054 1530 1115 propter
1562 1060 1684 1110 nos,
1717 1061 1838 1100 eum

241 1153 346 1207 pro
370 1147 556 1192 nostra
590 1136 970 1191 universorum
1015 1137 1188 1193 salute
1221 1139 1440 1193 tradens
1469 1155 1568 1209 pro
1603 1142 1841 1208 peccatis

242 1229 452 1284 nostris
489 1237 542 1282 et
581 1242 681 1296 pro
714 1228 1088 1298 iniquitatibus
1113 1213 1181 1284 δ’.
1230 1229 1298 1283 Et
1342 1229 1456 1299 ipse
1502 1230 1720 1301 quidem
1754 1244 1841 1283 se—

244 1319 536 1390 metipsum
583 1318 909 1381 lmmiliavit,
943 1319 1039 1374 sed
1111 1319 1255 1373 illius
1303 1321 1467 1376 livore
1517 1336 1614 1376 nos
1653 1337 1842 1377 oumes

248 1412 428 1468 sanati
455 1411 730 1474 sumus“;
763 1409 1036 1478 verboque
1065 1411 1285 1464 virtutis
1338 1426 1449 1465 sum
1488 1413 1841 1480 congregavit

242 1519 348 1562 nos
375 1518 441 1558 ex
472 1500 723 1557 omnibus
763 1502 1077 1572 regionibus
1099 1501 1168 1567 ab
1198 1511 1449 1557 extremo
1483 1513 1642 1558 terra:
1673 1520 1842 1573 usque

245 1595 313 1649 ad
349 1593 597 1648 ultimum
635 1591 809 1656 orbis,
844 1591 1048 1646 faciens
1099 1594 1554 1649 resurrectionem
1591 1596 1839 1648 cordium

245 1697 564 1743 nostrorum
597 1701 625 1739 a
661 1695 834 1749 terra,
866 1684 1161 1754 docuitque
1205 1700 1306 1739 nos
1330 1685 1657 1740 alterutrum
1688 1687 1839 1741 εκεῖ-

245 1789 392 1833 stere
423 1775 661 1830 membra
681 1814 695 1828 .

1944 590 2046 633 tem
2078 578 2276 633 Christi
2295 580 2360 636 δ’.
2393 578 2715 634 Manifestus
2744 580 2915 650 igitur
2963 583 3034 636 sit
3083 583 3237 638 vobis
3277 583 3379 639 iste
3416 601 3530 640 ser-

1942 685 2056 734 mo,
2090 670 2235 740 quod
2295 671 2397 725 nisi
2456 671 2580 740 quis
2629 673 3020 740 prmparaverit
3083 675 3527 731 emendationem

1942 763 2247 831 propriam,
2281 777 2380 816 nec
2418 774 2647 816 conatus
2680 762 2846 816 fuerit
2887 780 2952 818 ex
2987 771 3096 818 tota
3130 765 3358 830 virtute,
3387 769 3530 837 quod

1943 854 2073 908 huic
2121 854 2388 908 adventus
2421 853 2721 908 Salvatoris
2757 855 2808 908 in
2839 853 3102 921 judicium
3148 857 3258 912 ﬁet.
3291 857 3529 924 Quibus-

1943 945 2065 998 dam
2115 945 2259 999 enim
2318 956 2404 1000 est
2469 949 2599 1000 odor
2637 947 2819 1002 mortis
2846 947 2899 1001 in
2929 961 3170 1013 mortem,
3217 952 3531 1019 quibusdam

1945 1045 2124 1088 autem
2152 1035 2285 1089 odor
2311 1039 2426 1091 vita:
2453 1038 2504 1090 in
2536 1040 2700 1091 vitam
2725 1038 2806 1103 ’3;
2841 1051 3123 1109 pmpterea
3155 1042 3298 1110 quod
3338 1044 3392 1096 in
3419 1045 3531 1096 rui-

1949 1144 2070 1181 nam
2120 1139 2168 1183 et
2220 1129 2276 1182 in
2334 1133 2763 1185 resurrectionem
2795 1133 3078 1186 multorum
3108 1135 3308 1202 positus
3361 1137 3432 1188 sit
3475 1137 3531 1189 in

1945 1217 2140 1281 Israel,
2184 1229 2232 1272 et
2265 1220 2319 1272 in
2352 1220 2562 1289 signum
2621 1224 3054 1277 rontradictionis
3082 1225 3150 1278 '9.
3190 1225 3532 1296 Quapropter

1947 1309 2178 1365 obsecro
2219 1325 2336 1375 vos,
2371 1326 2439 1367 ue
2485 1312 2774 1381 ttegligatis
2811 1314 3040 1368 salutem
3089 1319 3398 1384 propriam;
3433 1317 3528 1370 sed

1946 1402 2319 1471 unusquisque
2338 1412 2577 1456 vestrum
2601 1404 2809 1457 scindat
2835 1420 2953 1464 cor,
2977 1418 3030 1460 et
3056 1424 3158 1460 non
3183 1409 3526 1473 vestimenta,

1952 1508 2018 1547 ne
2055 1493 2195 1547 forte
2229 1495 2413 1547 amicti
2443 1495 2625 1548 habitu
2665 1495 2885 1565 injusto,
2915 1486 3168 1567 paremus
3210 1501 3362 1554 nobis
3383 1500 3531 1568 judi-

1945 1588 2114 1638 cium.
2168 1585 2304 1640 Ecce
2343 1587 2488 1639 enim
2537 1587 2647 1656 jam
2696 1590 3151 1659 apprOpiuquabit
3209 1601 3442 1661 tempus,
3477 1595 3527 1646 in

1945 1690 2052 1744 quo
2109 1676 2405 1746 probentur
2457 1677 2880 1746 uniuscujusque
2926 1691 3164 1735 vestrum
3210 1698 3394 1752 opera.
3453 1684 3528 1738 De

1949 1769 2173 1822 minutia
2227 1784 2355 1822 vero
2397 1770 2570 1834 verbi,
2619 1781 2776 1825 erant
2825 1773 2928 1826 alia
2991 1791 3107 1842 quae
3158 1776 3531 1831 scriberentur

317 1868 406 1926 ΙΙΙ.
445 1866 682 1923 Obsecro
713 1882 844 1936 ergo
881 1881 1002 1929 vos,
1036 1867 1344 1921 charissimi
1394 1867 1448 1922 in
1498 1868 1747 1934 Domino,
1785 1878 1844 1924 ιιι
1875 1839 1916 1894 Β
1948 1861 2119 1921 vobis,
2148 1860 2242 1915 sed
2265 1861 2528 1930 scriptum
2567 1872 2650 1916 est
2680 1885 2692 1918 :
2725 1863 2805 1916 Da
2851 1867 3076 1932 sapienti
3114 1871 3458 1932 occasionem,
3481 1879 3533 1922 et

245 1960 563 2032 intelligatis
595 1960 818 2030 scripta,
851 1961 974 2027 quia
1007 1959 1098 2014 Dei
1129 1961 1377 2013 mandata
1406 1971 1552 2014 sunt.
1585 1960 1840 2027 Magnum

244 2051 449 2124 quippe
493 2049 650 2106 nobis
698 2059 782 2104 est
833 2049 957 2115 hoc,
996 2057 1052 2102 ut
1092 2049 1443 2104 advertamus
1495 2062 1732 2104 mentem
1774 2053 1841 2104 ad

247 2145 478 2199 formam
498 2158 658 2212 quam
684 2143 978 2212 assumpsit
1001 2142 1159 2197 Jesus
1190 2154 1413 2213 pr0pter
1439 2159 1560 2208 nos,
1593 2160 1658 2198 eo
1695 2146 1841 2214 quod

246 2250 347 2310 per
380 2235 561 2290 omnia
602 2235 762 2289 nobis
812 2232 1008 2289 similis
1062 2235 1227 2289 fuerit
1267 2246 1496 2304 excepto
1527 2235 1842 2303 peccato".

259 2327 433 2382 Decet
465 2325 630 2381 etiam
672 2333 734 2379 ut
777 2335 832 2380 et
872 2339 972 2380 nos
1021 2324 1122 2394 ipsi
1161 2325 1453 2380 liberemus
1486 2325 1630 2395 ipsos
1656 2341 1754 2380 nos
1789 2327 1842 2380 iu

247 2420 370 2488 ejus
398 2419 711 2484 adventum,
741 2427 796 2474 et
827 2419 984 2474 illius-
1003 2418 1231 2473 stultitia
1282 2434 1379 2474 nos
1406 2420 1686 2489 sapientes
1726 2417 1842 2472 eiii-

251 2513 386 2578 eiat,
421 2520 712 2582 paupertas
757 2511 928 2581 ipsius
963 2512 1120 2576 ditet,
1165 2520 1222 2566 et
1259 2511 1548 2566 inﬁrmitas
1591 2512 1843 2566 robustos

247 2603 524 2667 ostendat,
563 2611 617 2658 et
661 2611 719 2657 ut
768 2603 884 2672 ipse
923 2602 1166 2657 omnium
1227 2604 1557 2658 resurrectio
1601 2603 1716 2668 ﬁat,
1753 2605 1847 2658 de—

251 2709 470 2752 struens
495 2710 616 2750 eum
644 2696 735 2765 qui
766 2695 956 2750 mortis
983 2694 1146 2750 habet
1173 2695 1482 2764 imperium.
1513 2694 1666 2750 Tune
1698 2696 1843 2750 enim

253 2788 594 2844 cessabimus
625 2801 761 2855 opus
794 2786 995 2840 habere
1025 2787 1324 2840 secundum
1367 2801 1586 2842 carnem
1635 2787 1690 2841 in
1717 2786 1843 2841 Jesu

253 2881 512 2933 adventu.
556 2877 801 2948 Namque
833 2877 992 2932 Jesus
1045 2888 1372 2946 cooperatur
1412 2878 1568 2934 nobis
1614 2879 1666 2934 in
1705 2881 1846 2934 bono

256 2967 509 3033 servitio,
555 2981 838 3036 usquequo
885 2966 1227 3020 destruamus
1289 2965 1551 3019 malitiam
1603 2981 1842 3019 omnem.

262 3059 427 3114 Tunc
476 3072 692 3128 quoque
744 3058 886 3111 dicet
937 3057 1091 3110 nobis
1141 3054 1299 3111 Jesus
1329 3074 1341 3110 :
1369 3055 1492 3110 lam
1524 3072 1627 3109 non
1655 3057 1846 3109 vocabo

1945 1952 2231 2020 sapientior
2279 1953 2375 2006 erit
2397 1953 2462 2006 ⁸ο.
2514 1953 2704 2006 Saluto
2757 1970 2853 2010 vos
2895 1973 3086 2011 omnes
3133 1960 3184 2011 in
3246 1961 3472 2014 Domino
3501 1975 3532 2015 a

1945 2043 2172 2098 minimo
2224 2059 2394 2114 usque
2425 2045 2494 2098 ad
2527 2061 2800 2116 magnum.
2841 2049 2982 2105 Deus
3027 2062 3210 2106 autem
3263 2054 3412 2122 pacis
3440 2070 3534 2108 cu-

1947 2139 2148 2193 stodiat.
2186 2155 2282 2193 vos
2321 2141 2629 2207 universos,
2664 2143 2994 2198 charissimi.

2542 2234 2880 2291 EPISTULA
2923 2236 2988 2291 V.

2015 2323 2057 2377 l.
2100 2324 2372 2379 Antonius
2403 2325 2773 2382 dilectissimis
2798 2329 2960 2393 natis,
2999 2328 3120 2385 ﬁliis
3146 2329 3407 2385 Israelitis
3445 2347 3534 2388 se-

1946 2416 2184 2471 cundum
2224 2418 2531 2472 sensualem
2564 2419 2808 2488 ipsorum
2841 2422 3166 2475 exstantiam
3205 2445 3217 2478 :
3251 2438 3356 2478 non
3386 2425 3531 2478 enim

1947 2523 2169 2562 necesse
2211 2518 2296 2562 est
2324 2510 2597 2564 nominari
2631 2511 2895 2565 vocabula
2923 2527 3044 2581 qua:
3078 2522 3379 2576 transeunt,
3405 2516 3532 2584 quia

1949 2599 2042 2653 ﬁlii
2067 2599 2200 2654 estis
2226 2599 2409 2656 Israel.
2442 2600 2635 2656 Adhuc
2668 2617 2797 2657 vere
2825 2603 2935 2656 nati
2968 2604 3092 2671 mei,
3125 2604 3342 2660 dilectio
3373 2620 3532 2674 quam

1952 2691 2126 2745 habeo
2175 2693 2227 2745 in
2262 2707 2378 2757 vos,
2414 2708 2520 2747 non
2556 2703 2636 2748 est
2680 2695 2900 2749 dilectio
2949 2696 3284 2766 corporalis,
3325 2699 3418 2751 sed
3450 2709 3535 2752 est

1948 2783 2190 2838 charitas
2218 2785 2446 2853 spiritus
2476 2785 2703 2839 cultura:
2739 2787 2856 2840 Dei.
2888 2785 3178 2856 Propterea
3214 2799 3398 2843 autem
3433 2803 3533 2843 nec

1949 2875 2232 2945 defatiger,
2263 2879 2560 2930 obsecrans
2592 2875 2761 2931 Deum
2795 2878 2881 2933 die
2912 2894 2976 2933 ac
3031 2890 3194 2935 nocte
3225 2894 3325 2948 pro
3355 2880 3542 2945 vobis...

1949 2975 2009 3020 ut
2055 2967 2274 3036 possitis
2327 2982 2655 3038 cognoscere
2700 2970 2932 3038 gratiam
2975 2985 3098 3038 qua:
3140 2985 3398 3027 concessa
3451 2982 3536 3027 cst

1951 3058 2123 3114 vobis.
2154 3059 2290 3126 Quia
2335 3075 2441 3114 non
2494 3061 2546 3114 in
2583 3075 2691 3115 uno
2727 3071 2969 3133 tempore
3000 3063 3365 3120 visitationem
3406 3065 3536 3120 facit

259 3168 349 3206 vos
389 3167 585 3215 servos,
617 3161 667 3202 at
698 3149 890 3218 fratres
912 3148 978 3200 ⁵³.
1008 3146 1237 3213 Quando
1262 3147 1425 3212 igitur
1450 3147 1530 3201 sic
1553 3162 1648 3200 eos
1683 3162 1842 3200 voca-
1872 3175 1917 3234 ο
1949 3161 2323 3207 creaturarum
2368 3169 2590 3207 suarum
2613 3193 2630 3219 ,
2683 3157 2778 3209 sed
2817 3171 2847 3209 a
2893 3157 3286 3213 constitutione
3350 3159 3534 3214 mundi

259 3243 338 3296 vit
366 3242 505 3296 Deus
531 3250 588 3294 ut
616 3241 925 3310 acciperent
957 3240 1208 3308 spiritum
1236 3239 1469 3294 ﬁliorum
1508 3239 1841 3310 adoptionis,

265 3343 396 3388 tunc
431 3341 487 3387 et
514 3332 750 3400 Spiritus
780 3341 1002 3386 sanctus
1031 3332 1214 3385 docuit
1244 3345 1337 3386 eos
1365 3331 1595 3386 adorare
1626 3331 1842 3386 Patrem

259 3428 401 3482 sicut
441 3425 743 3494 oportebat.
786 3424 934 3479 Unde
977 3434 1031 3478 et
1087 3423 1217 3477 mihi
1271 3438 1486 3493 quoque
1525 3423 1843 3489 deterrimo,

253 3519 446 3588 juncto
471 3515 620 3577 Jesu,
652 3525 864 3584 tempus
883 3515 1022 3569 istud
1051 3515 1104 3568 in
1130 3530 1238 3585 quo
1267 3515 1612 3577 advenimus,
1643 3513 1843 3568 factum

259 3619 345 3664 est
372 3608 662 3663 laetiﬁcatio
689 3616 744 3662 et
768 3607 966 3669 luctus,
999 3615 1055 3660 et
1086 3605 1268 3662 ﬂetus.
1299 3603 1569 3672 Quoniam
1603 3613 1658 3658 et
1690 3604 1843 3657 multi

261 3704 328 3756 de
355 3715 553 3770 genere
585 3710 768 3753 nostro
789 3698 1080 3752 induerunt
1113 3698 1427 3752 indumenta
1456 3697 1692 3766 pietatis,
1735 3696 1843 3749 vir-

262 3800 434 3847 tutem
458 3807 588 3847 vero
617 3801 978 3860 negaverunt.
1011 3791 1374 3857 Quamobrem
1423 3799 1479 3844 et
1516 3804 1617 3856 ego
1664 3790 1717 3841 in
1765 3789 1850 3842 his

263 3885 486 3956 quidem
540 3884 785 3939 imtiﬁcor
857 3883 946 3952 qui
1020 3879 1466 3951 prarparaverunt
1531 3881 1852 3950 semetipsos

266 3979 504 4034 liberare
557 3977 610 4031 in
653 3978 884 4030 adventu
937 3973 1106 4042 Iesu;
1144 3974 1194 4027 in
1243 3973 1350 4028 illis
1389 3987 1520 4026 vero
1551 3972 1726 4042 lugeo,
1759 3971 1847 4040 qui

266 4068 616 4138 interpellant
645 4082 844 4122 nomen
882 4063 1034 4129 Jesu,
1064 4074 1117 4120 et
1150 4064 1358 4119 iaciunt
1393 4064 1700 4119 voluntates
1729 4078 1854 4117 cor-

266 4161 353 4217 dis
394 4169 447 4216 et
495 4158 696 4214 carnis.
741 4155 962 4212 Necnon
1007 4168 1060 4211 et
1089 4171 1183 4210 eos
1225 4155 1420 4220 deﬂeo,
1447 4155 1540 4223 qui
1577 4155 1854 4208 intuentes

267 4250 660 4321 longitudinem
712 4249 999 4320 temporis,
1040 4247 1415 4317 pusillanimes
1475 4245 1652 4300 eil‘ecti
1706 4255 1852 4312 sunt,

271 4355 327 4401 et
344 4342 714 4412 spoliaverunt
734 4357 791 4397 se
807 4342 1029 4413 pietatis
1069 4340 1292 4403 amictu,
1315 4337 1443 4393 facti
1474 4337 1618 4394 sicut
1648 4338 1852 4391 bestim.

344 4435 432 4491 IV.
470 4438 782 4506 Agnoscant
830 4449 960 4490 vero
1008 4431 1319 4502 bujusmodi
1374 4429 1621 4484 dicentes
1666 4427 1855 4493 :Quia

1950 3245 2261 3297 moderatur
2295 3243 2434 3298 Deus
2467 3245 2714 3313 proprias
2742 3256 3046 3310 creaturas,
3082 3263 3178 3319 per
3218 3249 3534 3318 generatio-

1951 3349 2048 3388 nes
2076 3334 2320 3404 siugulas
2349 3337 2794 3406 expergefaciens
2841 3355 3115 3410 quemque
3149 3342 3536 3397 occasionibus

1952 3428 2274 3489 quibusdam
2324 3438 2378 3482 et
2434 3430 2636 3499 gratia.
2674 3428 2830 3484 Nune
2876 3432 3082 3500 itaque,
3137 3433 3312 3500 ﬁlioli,
3366 3433 3538 3488 nolite

1951 3518 2225 3588 negligere
2272 3518 2670 3588 proclamantes
2707 3521 2773 3574 ad
2819 3519 3105 3578 Dominum
3139 3524 3232 3580 die
3264 3539 3326 3579 ac
3357 3535 3534 3590 nocte,

1961 3607 2351 3677 compellantes
2391 3609 2778 3678 benignitatem
2811 3610 3012 3678 Patris,
3045 3623 3103 3666 ιιι
3128 3615 3229 3670 hoc
3250 3615 3411 3670 donet
3441 3630 3538 3670 vo-

1954 3699 2043 3753 bis
2092 3698 2422 3767 adjutorium
2453 3700 2520 3753 de
2572 3700 2738 3765 ewlo,
2773 3702 2976 3758 docens
3006 3719 3103 3760 vos
3131 3720 3415 3777 usquean
3441 3722 3536 3762 co-

1953 3793 2228 3860 gnoscatis
2269 3793 2398 3860 quid
2459 3791 2512 3846 in
2573 3807 2632 3846 se
2698 3794 2910 3849 habeat.
2975 3794 3111 3850 Nam
3153 3812 3298 3859 vere,
3350 3798 3537 3864 ﬁlioli,

1961 3884 2052 3950 qui
2099 3883 2151 3938 in
2209 3882 2427 3952 propria
2482 3898 2614 3938 nece
2662 3886 3053 3952 consistimus,
3108 3887 3418 3946 habitantes
3480 3901 3538 3947 et

1957 3974 2009 4027 in
2041 3973 2265 4028 latronis
2295 3975 2456 4028 domo
2487 3983 2539 4029 et
2573 3988 2856 4032 manentes
2880 4018 2896 4044 ,
2940 3994 3044 4032 non
3089 3989 3146 4034 et
3196 3982 3386 4036 mortis
3420 3984 3537 4036 vin-

1955 4064 2092 4118 culis
2156 4063 2462 4133 obligainur
2533 4081 2695 4122 nunc.
2764 4067 3106 4139 Quapropter
3151 4089 3219 4126 ne
3280 4072 3538 4128 dederitis

1959 4169 2208 4208 somnum
2263 4157 2437 4209 oculis
2471 4157 2687 4223 vestris,
2717 4172 2814 4211 nec
2865 4160 3142 4229 palpebris
3196 4163 3538 4218 dormitatio-

1957 4258 2079 4298 nem
2104 4245 2173 4310 ⁶¹,
2204 4244 2494 4301 oﬁerentes
2551 4249 2911 4316 vosmetipsos
2977 4252 3302 4306 sacrilicium
3345 4254 3454 4308 Deo
3490 4255 3542 4308 in

1955 4338 2100 4390 omni
2131 4339 2440 4400 sanctitate,
2463 4353 2623 4406 quam
2663 4355 2826 4394 neruo
2856 4341 3182 4396 hzereditare
3217 4353 3393 4412 potest
3421 4345 3544 4400 sine

1958 4428 2342 4482 sanctimonia.
2389 4429 2550 4496 Vere,
2597 4432 2905 4486 charissimi
2950 4433 3004 4488 in
3058 4434 3310 4502 Domino,
3366 4437 3545 4490 mani-

263 4531 382 4600 jam
420 4545 524 4582 non
573 4528 764 4582 vocabo
793 4543 882 4581 vos
908 4542 1103 4584 servos.
1131 4523 1222 4578 sed
1255 4533 1302 4576 et
1336 4522 1532 4574 amicos
1561 4531 1609 4574 et
1640 4519 1856 4588 fratres;
1889 4514 1932 4568 D
1962 4516 2130 4572 festus
2173 4519 2247 4573 sit
2291 4520 2443 4574 vobis
2485 4521 2587 4577 iste
2631 4537 2833 4590 sermo,
2865 4535 2916 4578 et
2953 4525 3005 4579 id
3047 4527 3190 4594 quod
3237 4527 3436 4580 bonum
3463 4537 3546 4582 est

270 4623 397 4692 quia
435 4637 756 4690 quaecunque
793 4629 912 4673 nota
968 4619 1090 4686 fecit
1143 4615 1273 4668 mihi
1306 4612 1490 4678 Pater,
1521 4611 1856 4679 manifestoui

271 4715 419 4770 vobis
443 4713 508 4768 “.
549 4711 882 4768 Conﬁtentes
927 4709 1092 4780 igitur
1133 4717 1312 4762 mente
1342 4705 1486 4775 quod
1519 4713 1858 4772 agnoverunt

273 4804 596 4873 semetipsos
620 4803 916 4856 secundum
964 4800 1272 4856 sensualem
1297 4813 1450 4852 suam
1474 4797 1856 4862 substantiam,

274 4898 540 4952 dederunt
574 4910 761 4948 vocem
799 4893 1043 4948 dicentes
1072 4907 1088 4944 :
1118 4891 1256 4956 Quia
1303 4891 1396 4944 etsi
1437 4891 1774 4958 cognovimus
1808 4901 1857 4943 te

275 4984 562 5056 aliquando
595 4982 882 5038 secundum
930 4998 1165 5046 carnem,
1201 4981 1291 5035 sed
1322 4997 1460 5034 nunc
1484 4981 1602 5050 jam
1631 4998 1733 5034 non
1764 4997 1860 5034 no-

275 5078 448 5132 rimus
473 5076 542 5130 ".
589 5076 804 5144 Quique
873 5074 1206 5143 accipientes
1261 5072 1495 5127 ﬁliorum
1553 5073 1861 5140 adoptionis

276 5171 554 5240 Spiritum,
595 5168 1042 5224 exclamaverunt
1079 5167 1358 5221 dicentes:
1389 5163 1514 5220 Non
1554 5166 1692 5219 enim
1713 5179 1863 5218 acce-

277 5262 448 5325 pimus
478 5259 722 5327 spiritum
771 5257 1032 5312 seruitutis
1068 5257 1254 5310 iterum
1280 5257 1332 5310 in
1357 5257 1564 5320 timore,
1596 5255 1686 5309 sed
1715 5271 1863 5307 acce-

277 5356 448 5422 pimus
483 5352 727 5418 spiritunt
767 5351 1065 5414 adoptionis
1100 5351 1154 5402 in
1183 5365 1283 5419 quo
1318 5349 1610 5402 clamamus
1653 5347 1860 5413 :Abba,

281 5438 446 5495 Pater
466 5442 534 5497 ".
564 5439 719 5497 Nunc
769 5457 924 5513 ergo,
959 5440 1125 5507 Deus,
1155 5443 1506 5510 cognovimus
1529 5455 1864 5509 quascunque

211 5522 222 5534 ’
280 5533 492 5588 donasti
523 5533 698 5598 nobis,
726 5543 781 5588 et
803 5534 1008 5589 scimus
1029 5532 1281 5600 quoniam
1309 5531 1400 5584 lilii
1429 5546 1638 5598 sumus,
1666 5541 1720 5585 et
1752 5530 1866 5584 ba:-

1963 4608 2200 4676 l‘aciatis,
2236 4611 2288 4663 in
2318 4627 2427 4680 quo
2456 4621 2512 4682 et
2552 4613 2836 4668 universos
2878 4615 3138 4670 reﬁcietis
3165 4628 3408 4682 sanctos,
3435 4619 3546 4673 ala-

1964 4702 2212 4757 critatem
2247 4702 2552 4757 animorum
2601 4706 2926 4776 przcbentes,
2957 4709 3276 4778 obsequiqu
3327 4711 3547 4782 angelo-

1964 4809 2107 4859 rum,
2143 4804 2196 4850 et
2230 4794 2650 4851 laetiﬁcationem
2686 4794 2836 4862 Jesu,
2870 4799 3126 4868 quoniam
3171 4803 3403 4854 necdum
3460 4815 3546 4856 re-

1965 4886 2144 4954 quiem
2171 4885 2482 4941 habuerunt
2509 4898 2731 4958 propter
2754 4905 2852 4946 nos
2880 4906 3049 4959 usque.
3073 4891 3140 4945 ad
3166 4893 3302 4946 hanc
3334 4893 3546 4958 horam,

1965 4977 2060 5032 sed
2089 4987 2145 5032 et
2173 4978 2302 5032 mihi
2330 4978 2647 5044 deterrimo,
2665 4982 2934 5037 habitanti
2971 4984 3022 5038 in
3051 4983 3152 5038 hac
3183 4983 3326 5038 lutea
3365 4985 3546 5050 domo,

1966 5073 2213 5128 eamdem
2266 5073 2508 5128 laztitiam
2560 5075 2612 5129 in
2655 5076 2847 5143 spiritu
2885 5092 3026 5133 meo.
3059 5078 3198 5134 Vere
3229 5078 3451 5145 etenim,
3483 5077 3550 5132 ti-

1968 5165 2102 5230 lioli,
2151 5164 2277 5233 quia
2314 5174 2500 5219 nostra
2543 5165 2957 5224 incommoditas
3005 5177 3059 5223 et
3102 5168 3366 5224 inutilitas
3400 5170 3550 5225 dolo-

1970 5272 2086 5312 rem
2125 5257 2204 5311 eis
2242 5257 2498 5311 omnibus
2546 5259 2772 5326 prmbet,
2827 5269 3052 5314 utuntur
3095 5261 3350 5330 lacrymis
3393 5269 3551 5330 atque

1975 5349 2268 5420 gemitibus
2302 5363 2402 5418 pro
2434 5351 2590 5404 nobis
2627 5351 2679 5404 iu
2710 5365 3005 5422 conspectu
3035 5351 3373 5417 Conditoris;
3403 5363 3457 5408 et
3485 5354 3552 5408 ob

1976 5443 2079 5496 hoc
2131 5452 2450 5495 cunctorum
2497 5443 2660 5496 etiam
2713 5442 2854 5497 Deus
2899 5446 3147 5498 irascitur
3182 5461 3344 5515 super
3387 5461 3552 5514 Opera

1973 5540 2159 5586 nostra
2203 5531 2434 5601 maligna
2473 5542 2692 5601 propter
2715 5535 2973 5603 gemitum
3005 5544 3315 5591 sanctorum
3351 5555 3365 5591 :
3394 5536 3552 5591 sicuti

355 5734 402 5768 δ’
428 5737 617 5792 Matth.
655 5755 728 5804 χι,
756 5713 841 5796 ιέ.
920 5739 966 5772 ⁸⁸
994 5738 1148 5795 Rom.
1175 5735 1402 5806 vnt,32.
1481 5736 1524 5767 “
1557 5735 1661 5789 Isa.
1693 5751 1810 5799 LIII,
1841 5737 1846 5786 1

1956 5738 1983 5768 ⁵⁸
2016 5736 2178 5792 Hebr.
2210 5755 2280 5800 tv,
2309 5739 2394 5793 lb’.
2474 5741 2520 5771 ⁵³
2545 5737 2704 5792 Joan.
2736 5753 2826 5801 xv,
2862 5738 2946 5793 15.
3005 5739 3051 5771 ³⁸
3075 5739 3202 5792 ibid.
3285 5739 3328 5770 ’⁸
3357 5739 3392 5792 ΙΙ
3425 5737 3555 5792 Cor.

283 5818 338 5876 ν,
371 5807 454 5864 ιϐ.
532 5808 580 5841 ⁸⁸
610 5807 766 5866 Rom.
797 5826 917 5879 vnt,
947 5811 1034 5866 15.
1081 5810 1124 5842 ³⁷
1157 5811 1286 5864 ibid.
1321 5808 1402 5862 l7.

1475 5808 1520 5839 '-‘
1549 5805 1594 5860 ιι
1615 5808 1742 5864 Cor.
1774 5825 1836 5876 tt,
1866 5808 1956 5862 16.

2036 5809 2080 5839 ⁸⁹
2113 5809 2244 5865 Luc.
2284 5825 2346 5878 ιι,
2376 5810 2462 5865 54.
2541 5810 2585 5841 ⁸ο
2615 5809 2775 5866 l’rov.
2807 5827 2884 5875 is,
2914 5813 2966 5865 9.
3045 5809 3086 5842 °'
3115 5808 3255 5866 Psal.
3285 5825 3468 5878 cum,
3497 5806 3553 5862 ὁ.
