3868 6282
472 295 576 363 995

475 422 674 475 iterum
726 422 1004 489 profectus
1047 431 1103 477 et
1146 425 1454 481 emendatio
1502 437 1811 483 nostrorum
1844 431 2054 485 animo-

475 527 620 580 rum,
650 513 984 568 alacritatem
1019 514 1221 583 prazbet
1250 515 1419 571 choro
1443 528 1772 574 sanctorum.
1806 521 1869 575 Et
1891 533 2053 575 utun-

475 611 565 657 tur
598 618 761 673 prece
788 610 956 659 multa
993 615 1154 674 atque
1188 605 1374 660 laetitia
1402 608 1456 661 in
1489 610 1846 664 exsultatione
1872 625 2054 665 coram

474 694 735 750 Creatore
766 705 973 751 nostro.
1014 695 1134 765 lpse
1166 712 1381 767 quoque
1406 710 1722 754 cunctorum
1747 699 1924 771 epifex
1959 703 2052 757 lae-

474 793 619 839 tatur
653 786 706 839 in
754 786 1007 855 Operibus
1045 790 1263 851 nostris,
1293 797 1349 844 et
1396 800 1615 859 propter
1664 794 2045 856 testimonium

472 887 781 933 sanctorum
810 878 975 933 donat
1007 879 1162 934 nobis
1196 880 1523 935 charismata
1550 883 1837 939 immensa.

544 966 611 1046 ll.
652 966 821 1039 lgitur
852 979 911 1023 ut
942 972 1286 1039 cognoscatis
1315 973 1457 1042 quod
1504 972 1646 1028 Deus
1677 974 1863 1046 diligat
1909 991 2052 1031 sem-

471 1070 567 1124 per
606 1040 890 1126 'pr0priam
944 1070 1273 1126 creaturam,
1305 1078 1370 1117 eo
1424 1066 1564 1134 quod
1612 1066 1684 1120 sit
1735 1067 2052 1124 immortalis

469 1151 780 1215 exstantiae,
814 1165 920 1204 non
954 1160 1037 1205 est
1072 1154 1384 1208 resolvenda
1415 1156 1753 1224 corporibus,
1789 1160 2053 1228 aspiciens

470 1237 779 1293 sensualem
828 1250 1079 1294 naturam
1108 1245 1223 1310 ipse
1259 1246 1400 1311 quod
1434 1254 1643 1299 mortua
1679 1249 1898 1303 omnino
1927 1263 2049 1317 per-

470 1331 700 1387 rexisset
724 1332 777 1385 in
807 1332 1084 1401 abyssum,
1116 1343 1171 1387 et
1222 1333 1351 1388 illud
1383 1341 1850 1394 testamentarium
1886 1340 2049 1395 refri-

468 1423 701 1492 guisset,
758 1432 871 1477 tum
919 1423 1057 1477 idem
1096 1424 1236 1479 Deus
1283 1426 1497 1494 propria
1529 1428 1771 1483 bonitate
1802 1432 2047 1486 eamdem

468 1513 657 1567 visitat
708 1527 776 1567 ex
826 1523 1018 1579 morte,
1052 1528 1149 1582 per
1200 1514 1379 1570 Mosen
1429 1516 1695 1573 aedificare
1747 1520 1951 1585 volens,
1996 1530 2051 1576 et

430 1597 435 1603 ’
470 1617 724 1672 magnam
765 1617 959 1681 curare
1020 1604 1253 1673 plagam,
1289 1607 1528 1673 gestiens
1571 1620 1885 1664 convertere
1927 1625 2047 1666 eam

471 1695 538 1748 ad
574 1695 856 1764 pristinam
902 1698 1275 1764 concordiam,
1317 1701 1410 1753 sed
1457 1708 1647 1769 potens
1691 1702 1934 1759 discessit
1979 1704 2050 1759 ab

473 1786 573 1840 eis.
606 1786 799 1841 Adhuc
844 1788 1067 1856 insuper
1116 1796 1171 1843 et
1214 1792 1392 1846 omnis
1423 1794 1805 1861 prophetarum
1847 1796 2046 1851 chorus

472 1874 879 1932 :edificaveruut
927 1893 1091 1947 supra
1149 1879 1557 1936 fundamentum
1612 1883 1797 1949 Musis,
1826 1887 1919 1940 sed
1946 1901 2048 1942 nec

467 1965 557 2022 isti
587 1968 871 2023 valuerunt
901 1970 1104 2023 mederi
1140 1971 1410 2040 ingentem
1443 1973 1654 2044 plagam
1683 1977 2045 2031 membrorum

466 2074 720 2125 suorum;
745 2072 1138 2132 cernentesque
1169 2065 1310 2141 quod
1343 2075 1612 2121 cessasset
1634 2068 1806 2122 virtus
1837 2083 2045 2136 eorum,

406 2142 409 2145 ’
467 2152 664 2208 iterato
690 2153 867 2207 adhuc
899 2154 1184 2209 universus
1209 2164 1518 2211 sanctorum
1560 2157 1756 2213 chorus
1789 2159 2048 2216 collectus

468 2261 521 2299 in
552 2260 737 2309 unum,
767 2246 1041 2300 orationes
1073 2246 1238 2300 refert
1269 2248 1321 2301 in
1348 2260 1642 2319 conspectu
1673 2252 1876 2321 proprii
1906 2253 2048 2309 Con-

467 2334 679 2396 ditoris,
707 2334 895 2389 dicens
922 2351 935 2387 :
965 2334 1225 2405 Nunquid
1262 2340 1435 2392 resina
1475 2356 1576 2392 non
1606 2352 1682 2394 est
1714 2343 1769 2395 in
1818 2341 2047 2409 Galaad,

467 2435 559 2480 aut
596 2426 830 2479 medicus
859 2426 988 2478 inibi
1015 2427 1039 2479 .7
1071 2425 1251 2490 Quare
1281 2444 1404 2498 ergo
1444 2447 1546 2483 non
1587 2433 1816 2486 ascendit
1850 2436 2049 2489 sanitas

467 2517 595 2584 ﬁlia
616 2517 794 2585 populi
822 2517 1018 2570 mei"?
1045 2517 1288 2582 Domine,
1317 2523 1614 2577 curavimus
1645 2523 1982 2594 Babylonem,
2001 2535 2050 2580 et

468 2622 573 2660 non
604 2615 681 2660 est
716 2616 906 2660 sanata
938 2623 1115 2662 :nunc
1142 2608 1404 2679 fugiamus
1442 2615 1505 2665 ab
1547 2630 1608 2666 ea
1631 2614 1676 2645 ⁸³
1705 2633 1718 2670 :
1746 2618 2049 2685 petentibus

466 2696 680 2751 cunctis
711 2696 1098 2765 benignitatem
1126 2696 1306 2753 Patris
1338 2700 1401 2755 de
1436 2700 1749 2771 Unigenito,
1776 2706 1920 2774 quod
1945 2706 2046 2760 nisi

468 2786 584 2857 i'pse
614 2788 668 2842 in
708 2790 867 2843 terris
898 2799 1133 2854 curaret,
1165 2789 1310 2845 nulla
1353 2803 1603 2848 creatura
1664 2810 1856 2851 curare
1883 2796 2051 2865 possit

466 2880 742 2951 ingentem
790 2881 1023 2951 plagam.
1076 2881 1249 2951 Hujus
1297 2882 1372 2937 rei
1431 2900 1616 2952 causa,
1656 2889 1895 2943 bonitate
1927 2904 2051 2958 pro-

467 2975 586 3043 pria
622 2988 810 3028 vocem
855 2973 1004 3028 dedit
1042 2972 1229 3030 dicens
1262 2993 1277 3030 :
1309 2974 1421 3030 Fili
1474 2978 1722 3043 hominis,
1764 2980 1903 3049 facio
1956 2981 2050 3034 tibi

466 3080 593 3118 vasa
622 3064 1019 3132 captivitatis“.
1062 3065 1322 3121 Voluntas
1351 3068 1530 3136 itaque
1564 3068 1740 3123 Patris
1762 3068 2051 3140 Unigeuito

474 3169 581 3209 non
612 3156 979 3225 pepercit'pro
1009 3165 1192 3211 nostra
1221 3159 1462 3212 omnium
1509 3160 1703 3225 salute,
1753 3162 1847 3216 sed
1897 3165 2032 3217 tradi

467 3244 550 3298 dit
604 3260 724 3299 eum
793 3260 896 3315 pro
957 3247 1193 3315 peccatis
1258 3249 1457 3303 nostris
1499 3249 1566 3306 ".
1628 3250 1695 3305 Et
1743 3251 2053 3322 iniquitates

467 3337 683 3406 quidem
715 3347 913 3392 nostra:
958 3338 1383 3393 humiliaverunt
1410 3354 1531 3394 eum
1556 3378 1572 3404 ,
1603 3342 1696 3396 sed
1746 3343 1911 3398 livore
1937 3345 2052 3415 ejus

468 3443 570 3482 nos
606 3443 784 3481 omnes
812 3429 990 3481 sanati
1020 3444 1203 3482 sumus
1226 3429 1273 3461 “
1300 3445 1314 3482 :
1344 3445 1682 3510 congregans
1711 3432 1827 3502 ipse
1861 3449 1960 3489 nos
1987 3451 2054 3491 ex

468 3519 718 3575 omnibus
747 3520 1060 3588 regionibus
1086 3535 1115 3573 a
1144 3535 1358 3576 summo
1400 3531 1559 3577 terra:
1588 3538 1756 3592 usque
1780 3524 1847 3578 ad
1872 3532 2053 3579 extre-

468 3625 618 3665 mum
664 3612 836 3677 orbis,
888 3612 1092 3667 faciens
1136 3614 1591 3668 resurrectionem
1650 3629 1906 3670 sensuum
1959 3631 2056 3669 no-

469 3712 703 3756 strorum
740 3703 807 3758 de
853 3712 1015 3770 terra,
1050 3713 1110 3759 et
1135 3705 1341 3761 docens
1368 3705 1509 3764 quod
1537 3706 1855 3760 alterutrum
1884 3722 2055 3763 mem-

469 3792 567 3848 bra
593 3808 802 3849 sumus.

544 3882 635 3938 Ill.
677 3885 954 3940 Attendite
979 3901 1134 3956 ergo,
1169 3887 1341 3952 ﬁlioli,
1373 3903 1441 3943 ne
1468 3886 1608 3943 forte
1628 3889 1757 3945 illud
1777 3890 2053 3947 oraculum

472 3974 629 4031 Pauli
659 3976 950 4044 impleatur
983 3977 1037 4031 in
1075 3978 1227 4033 vobis
1259 3996 1272 4034 :
1308 3978 1571 4034 Habentes
1595 3983 1802 4045 quidem
1830 3985 2054 4053 formam

432 4123 443 4129 ,
470 4068 703 4137 pietatis,
731 4069 971 4123 virtutem
998 4079 1173 4123 autem
1199 4071 1312 4140 ejus
1342 4082 1585 4142 negantes
1605 4073 1669 4127 ⁸⁷.
1695 4073 2054 4141 Quamobrem

471 4161 847 4230 unusquisque
877 4171 1124 4217 nostrum
1153 4165 1366 4218 scindat
1390 4167 1666 4233 proprium
1695 4181 1814 4231 cor,
1839 4165 2041 4222 deﬂens

472 4251 528 4307 in
562 4265 854 4324 conspectu
908 4255 1045 4324 ejus,
1083 4265 1139 4311 et
1192 4255 1585 4324 dicenszaaid
1632 4259 1916 4312 retribuam
1949 4259 2057 4313 Do-

472 4346 618 4399 mino
655 4361 751 4415 pro
776 4347 1019 4401 omnibus
1050 4346 1198 4403 bonis
1227 4365 1344 4419 qua:
1383 4349 1625 4403 retribuit
1664 4349 1889 4404 milii”?
1922 4350 2055 4406 For-

472 4435 623 4490 mido
663 4434 884 4504 iterum,
920 4438 1093 4506 filioli,
1126 4453 1193 4493 ne
1242 4439 1383 4494 forte
1443 4439 1573 4495 illud
1626 4441 1898 4511 eloquium
1951 4442 2053 4496 int-

485 4528 694 4597 plealur
717 4530 771 4582 in
799 4530 950 4585 vobis
982 4548 996 4586 :
1028 4530 1160 4597 Qua:
1194 4531 1394 4586 utilitas
1412 4532 1467 4585 in
1496 4534 1748 4603 sanguine
1769 4550 1902 4599 meo,
1928 4535 2053 4587 dum

477 4619 730 4675 descendo
759 4622 815 4676 in
855 4625 1239 4693 corruptionem
1258 4624 1339 4678 "'l
1375 4623 1529 4690 Vere,
1565 4625 1734 4693 filioli,
1766 4627 1889 4695 quia
1918 4628 2051 4679 sicut

478 4712 826 4778 prudentibus
856 4713 1117 4784 loquor",
1137 4724 1195 4769 ut
1218 4715 1531 4786 intelligetis
1560 4731 1680 4785 quae
1707 4719 1828 4772 dico
1854 4719 2004 4773 vobis
2034 4736 2047 4773 ε

477 4803 623 4872 quod
664 4805 767 4859 nisi
825 4807 1198 4876 unusquisque
1249 4818 1485 4863 vestrum
1553 4812 1765 4864 exuerit
1832 4824 2049 4865 omnem

480 4895 755 4965 pulverem
807 4906 1015 4952 natura:
1072 4898 1436 4967 hujuscemodi
1497 4903 1755 4968 materiae,
1787 4913 1840 4955 et
1894 4904 2053 4957 abre-

482 4988 813 5043 nuntiaverit
849 4989 897 5043 ei
931 4999 986 5044 et
1019 4992 1165 5045 omni
1208 4993 1508 5061 operationi
1541 4991 1658 5060 ejus
1696 5008 1761 5048 ex
1794 5002 1906 5047 toto
1936 5001 2057 5048 cor-

482 5079 571 5143 de,
600 5074 1029 5150 expanderitque
1064 5099 1254 5138 manus
1285 5085 1463 5139 cordis
1493 5100 1708 5139 sursum
1737 5069 1801 5138 ad
1843 5086 2058 5140 univcr-

485 5187 664 5227 sornm
718 5171 960 5239 Patrem,
1000 5185 1053 5229 et
1090 5174 1203 5243 ipse
1254 5176 1556 5232 visceribus
1603 5189 1881 5231 moveatur
1912 5178 2053 5232 circa

482 5261 725 5320 laborem
781 5264 919 5334 ejus,
968 5277 1023 5320 et
1062 5266 1226 5323 donet
1267 5268 1314 5323 ei
1372 5268 1696 5323 invisibilem
1747 5269 1923 5338 ignem
1966 5272 2056 5339 qui

485 5356 772 5411 comburat
803 5373 1017 5413 omnem
1049 5359 1449 5415 immunditiam
1485 5361 1553 5415 ab
1583 5376 1671 5428 eo,
1704 5378 1765 5416 ac
1794 5362 2059 5431 principa-

483 5450 585 5503 lem
627 5451 800 5519 lpsum
849 5467 1189 5522 expurgans;
1236 5462 1364 5509 tunc
1410 5452 1669 5524 Spiritum
1725 5470 1881 5510 suum
1932 5470 2058 5509 san-

491 5550 635 5595 ctum
670 5542 831 5595 faciat
856 5544 1105 5598 habitare
1141 5545 1443 5611 nobiscum,
1474 5555 1526 5599 ct
1548 5545 1625 5600 sic
1659 5546 1925 5614 possimus
1962 5548 2058 5601 ha-

1556 314 1828 372 PATRES
1869 316 2173 374 IEGYPTII
2214 320 2487 379 SECULI
2523 321 2611 379 IV.

3593 341 3673 396 996

2085 441 2130 496 Α
2162 434 2340 489 bitare
2378 438 2518 504 apud
2565 435 2780 491 Patrem
2820 437 2963 493 sicut
3008 446 3259 509 Oportet;
3307 457 3430 499 nam
3482 455 3672 517 quandiu

2161 523 2465 582 fatiscimus
2516 526 2749 582 naturali
2785 529 3042 598 materia),
3073 531 3222 587 velut
3263 533 3463 592 inimici
3503 545 3674 600 exsisti-

2157 631 2277 671 mus
2317 617 2631 688 angelorum
2665 619 2758 673 Dei
2786 629 2948 688 atque
2971 632 3280 678 sanctorum
3321 625 3453 695 ejus.

2230 705 2317 759 IV.
2359 707 2512 762 Nunc
2539 724 2667 778 ergo
2723 712 2951 768 obsecro
2980 725 3093 777 vos,
3140 713 3489 783 dilectissimi,
3518 720 3564 776 in
3590 740 3664 779 so-

2157 798 2305 854 miue
2342 801 2552 855 Domini
2591 804 2763 855 nostri
2797 801 2923 858 Jesu
2951 804 3175 869 Christi,
3209 807 3284 860 uti
3319 823 3383 863 ne
3424 810 3580 867 velitis
3605 828 3672 868 ne—

2158 891 2364 961 gligere
2420 893 2690 962 propriam
2750 896 2938 963 vitam,
2991 911 3090 951 nec
3142 898 3434 955 confundat
3456 904 3671 975 exiguitas

2154 981 2415 1049 temporis
2447 981 2573 1037 illud
2627 984 2745 1039 sine
2777 984 2882 1039 fine
2914 995 3143 1056 tempus,
3182 1003 3250 1041 ne
3278 989 3511 1058 pellicula
3536 997 3672 1050 carnis

2155 1074 2524 1140 corruptibilis
2551 1075 2799 1132 obfuscet
2832 1092 3058 1147 regnum
3099 1078 3383 1136 ineﬂ‘abilis
3428 1082 3565 1149 lucis,
3598 1102 3670 1141 ne-

2155 1179 2263 1234 que
2294 1168 2760 1225 condcmnationis
2793 1169 2944 1226 locus
2965 1170 3202 1229 exitialis
3234 1174 3285 1229 in
3319 1177 3508 1245 angelis
3528 1189 3669 1235 exter-

2155 1257 2324 1311 minet
2353 1262 2527 1313 sedes.
2569 1258 2728 1325 Vere,
2763 1260 2936 1328 filioli,
2969 1263 3096 1333 quia
3139 1265 3318 1320 anima
3353 1283 3462 1323 mea
3487 1268 3670 1337 phanta-

2153 1362 2268 1403 sma
2294 1351 2512 1418 patitur,
2545 1359 2599 1405 et.
2629 1352 2855 1420 spiritus
2902 1370 3056 1410 meus
3101 1356 3156 1411 in
3218 1372 3410 1426 pavore
3453 1362 3668 1430 consistit,

2152 1444 2294 1510 quod
2327 1443 2563 1498 universi
2594 1459 2690 1499 nos
2713 1444 2856 1500 velut
2897 1448 3110 1516 gurgite
3150 1448 3385 1505 immersi
3430 1466 3606 1518 sumus,
3629 1463 3670 1507 et

2154 1533 2298 1588 velut
2336 1532 2471 1589 ebrii
2526 1545 2702 1591 musto
2741 1537 3115 1605 consistimus,
3181 1554 3302 1593 cum
3356 1544 3668 1612 unusquisque

2155 1632 2402 1681 nostrum
2435 1626 2647 1696 prapria
2679 1627 3000 1684 distrahitur
3036 1629 3336 1686 voluntate.
3380 1631 3530 1699 liuius
3558 1632 3665 1687 enim

2153 1719 2388 1773 dominio
2417 1719 2787 1788 subjugamur,
2824 1720 3072 1776 nolentes
3124 1722 3369 1777 attollere
3410 1723 3572 1779 oculos
3593 1740 3665 1777 uo-

2150 1818 2291 1864 stros
2324 1810 2389 1864 ad
2414 1810 2536 1864 coeli
2564 1810 2791 1880 gloriam
2831 1811 3230 1880 inquirendam,
3256 1823 3312 1869 et
3330 1814 3464 1869 illam
3500 1824 3668 1869 sancto-

2151 1915 2270 1955 rum
2297 1901 2536 1955 omnium
2584 1902 2954 1968 operationem
3002 1904 3268 1959 illustrem
3288 1945 3304 1971 ,
3330 1907 3568 1978 .ipsorum
3599 1919 3665 1959 ve-

2150 1993 2326 2060 stigiis
2356 1993 2702 2049 inhaerentes.
2739 1994 2809 2049 Ut
2837 2008 2965 2065 ergo
2990 1997 3182 2051 sciatis
3208 1997 3348 2066 quod
3386 1997 3497 2062 caeli
3532 1995 3665 2052 sancti

2152 2082 2329 2151 angeli
2355 2084 2469 2137 sive
2490 2083 2667 2151 sedes,
2697 2083 2812 2138 sive
2838 2084 3259 2153 dominationes,
3290 2088 3399 2141 sive
3419 2085 3664 2144 cherubim.

2151 2172 2268 2225 sive
2298 2171 2598 2239 serapliim,
2628 2172 2742 2227 sive
2765 2171 2866 2239 sol,
2915 2174 3029 2228 sive
3059 2174 3210 2240 luna,
3262 2176 3372 2230 sive
3407 2187 3557 2239 astra,
3580 2175 3667 2229 sive

2151 2262 2495 2333 patriarchae,
2533 2262 2647 2317 sive
2676 2265 2974 2334 prophetia,
3003 2266 3121 2320 sive
3168 2266 3413 2336 apostoli,
3461 2268 3559 2321 sive
3580 2266 3666 2319 dia-

2149 2351 2327 2417 bolus,
2355 2352 2470 2406 sive
2499 2351 2749 2418 Satanas,
2782 2354 2894 2408 sive
2919 2355 3148 2425 spiritus
3175 2355 3408 2426 maligni,
3440 2357 3538 2410 sive
3554 2355 3666 2425 prin-

2152 2445 2298 2512 cipes
2334 2443 2477 2499 aeris
2512 2445 2692 2513 hujus,
2718 2454 2772 2501 et
2801 2447 2891 2515 (ne
2921 2446 3074 2514 plura
3105 2447 3353 2515 dixerim)
3371 2448 3476 2502 sive
3500 2459 3665 2499 mascu-

2152 2535 2390 2601 lus,sive
2409 2536 2631 2600 femina,
2657 2537 2951 2592 secundum
2975 2538 3301 2610 principium
3331 2545 3565 2594 creatura:
3582 2548 3667 2590 sua:

2151 2642 2214 2679 ex
2249 2642 2355 2681 uno
2386 2639 2513 2682 sunt
2554 2643 2759 2694 omnes,
2790 2640 3016 2699 excepta
3047 2630 3162 2686 sola
3197 2629 3422 2701 perfecta
3459 2644 3516 2681 ac
3545 2628 3663 2681 beata

2154 2715 2421 2774 Trinitate
2451 2718 2629 2773 Patris
2684 2729 2739 2773 et
2784 2718 2916 2797 .Filii
2949 2731 3005 2773 et
3028 2720 3264 2789 Spiritus
3283 2721 3463 2776 sancti.
3488 2718 3664 2787 Propter

2156 2810 2360 2864 bonum
2386 2826 2518 2866 vero
2547 2811 2904 2881 quorumdam
2947 2822 3179 2878 motum,
3208 2811 3341 2883 op'us
3368 2812 3537 2876 fuit,ut
3562 2811 3664 2863 Deus

2153 2900 2346 2954 horum
2388 2903 2605 2956 nomina
2635 2902 2923 2967 vocitaret,
2954 2913 3010 2957 et
3038 2903 3337 2959 secundum
3374 2902 3532 2957 studia
3557 2900 3665 2968 ipso.

2153 3006 2297 3054 rum,
2326 2991 2412 3045 his
2436 2991 2529 3060 qni
2554 2991 2782 3059 amplius
2831 2991 3200 3062 profecerunt,
3258 2992 3490 3049 attribuit
3524 3001 3665 3059 super-

2080 3119 2127 3180 ϐ
2156 3078 2515 3135 excellentem
2540 3079 2769 3149 gloriam
2793 3080 3095 3150 dignitatis.

2080 1781 2121 1836 Β

2700 3236 3037 3295 EPISTOLA
3094 3237 3186 3295 Vl.

2226 3349 2273 3404 l.
2316 3349 2485 3406 Debet
2521 3350 2862 3415 rationabilis
2894 3351 3056 3407 homo
3084 3362 3306 3421 paratus
3330 3366 3461 3417 esse,
3495 3359 3543 3405 ut
3563 3347 3663 3402 libe-

2155 3448 2239 3493 ret
2282 3441 2635 3511 semetipsum
2668 3442 2719 3495 in
2747 3445 2982 3497 adventu
3005 3442 3129 3498 Filii
3164 3445 3297 3509 Dei:
3321 3453 3606 3512 cognoscens
3624 3449 3665 3491 se

2156 3545 2275 3585 esse
2312 3533 2608 3586 secundum
2657 3534 2963 3588 sensualem
3009 3549 3167 3588 suam
3211 3534 3530 3591 exstantiain.
3564 3526 3665 3596 Quis

2155 3624 2462 3692 quicunque
2510 3624 2826 3695 cognoverit
2875 3625 3250 3695 semetipsum,
3284 3631 3547 3695 cognoscet
3581 3617 3662 3671 dis-

2158 3716 2530 3783 pensationem
2603 3715 2803 3786 proprii
2867 3715 3204 3782 Conditoris,
3267 3717 3347 3770 vel
3398 3721 3665 3785 quaecunque

2155 3808 2288 3863 facit
2314 3808 2368 3863 in
2398 3808 2631 3878 propriis
2657 3805 2944 3862 creaturis.
2978 3806 3324 3863 Dtlectissimi
3357 3806 3494 3860 nobis
3516 3803 3559 3855 in
3588 3799 3665 3853 Do-

2158 3902 2326 3965 mino,
2358 3900 2601 3955 membra
2634 3908 2817 3954 nostra
2844 3908 2900 3954 et
2927 3899 3239 3954 cohaeredes
3265 3908 3566 3959 sanctorum,
3593 3889 3665 3944 ob-

2158 4006 2312 4046 secro
2337 4007 2432 4047 vos
2459 3992 2511 4045 in
2545 3991 2763 4045 nomine
2793 3990 2919 4045 Jesu
2943 3990 3146 4050 Christi
3189 3991 3383 4056 facere,
3414 3997 3466 4043 ut
3495 3989 3663 4054 praestet

2163 4084 2277 4154 ipse
2305 4085 2460 4139 vobis
2490 4084 2743 4138 omnibus
2772 4083 3117 4139 discretionis
3145 4085 3390 4155 spiritum
3412 4080 3471 4134 ad
3495 4078 3663 4133 discen-

2160 4175 2286 4229 dum
2319 4184 2373 4227 et
2401 4173 2679 4230 sciendum
2704 4174 3048 4229 dilectionem
3072 4189 3236 4244 quam
3268 4173 3428 4228 habeo
3450 4171 3496 4224 in
3523 4162 3661 4223 vobis.

2158 4267 2285 4338 quia
2322 4246 2428 4321 non
2466 4277 2548 4321 est
2574 4267 2874 4336 corporalis
2923 4265 3161 4332 dilectio,
3210 4266 3300 4321 sed
3328 4271 3405 4319 est
3430 4252 3664 4330 spiritualis

2160 4357 2397 4413 cbaritas
2430 4356 2627 4412 divina:
2654 4355 2899 4412 culturae.
2944 4357 3020 4413 De
3051 4358 3354 4413 nominibus
3381 4367 3494 4409 vero
3513 4359 3661 4414 corpo-

2164 4464 2285 4504 rum
2312 4458 2622 4504 nustrorum
2650 4464 2754 4503 non
2780 4463 2915 4519 opus
2941 4457 3024 4503 est
3048 4449 3312 4505 nominari
3331 4461 3418 4514 ea;
3442 4449 3664 4515 perusus.

2161 4526 2289 4592 eunt
2317 4538 2484 4592 enim.
2522 4537 2828 4608 Cognoscat
2881 4545 3059 4593 autem
3092 4538 3252 4592 homo
3295 4535 3344 4591 id
3373 4531 3498 4604 quod
3522 4538 3663 4583 verum

2161 4641 2242 4682 est
2277 4643 2496 4684 nomen.
2529 4628 2758 4699 Propter
2786 4629 2928 4700 quod
2963 4640 3020 4685 et
3059 4627 3231 4685 Jacob
3268 4628 3487 4683 luctante
3510 4633 3587 4691 per
3607 4626 3665 4668 ιο·

2160 4731 2270 4777 tam
2300 4732 2511 4777 noctem
2537 4738 2658 4777 cum
2680 4721 2888 4791 angelo,
2917 4735 3112 4776 nomen
3141 4720 3216 4775 illi
3238 4727 3349 4775 erat
3363 4713 3529 4772 Jacob.
3547 4707 3665 4764 iisne

2161 4824 2340 4869 autem
2368 4814 2513 4869 facto
2544 4813 2756 4869 vocavit
2802 4827 3000 4867 nomen
3051 4810 3219 4882 ipsius
3270 4805 3423 4863 Israel
3451 4794 3663 4867 ἐπαυοά

2161 4916 2264 4972 est,
2296 4921 2439 4960 mens
2469 4906 2649 4960 videns
2673 4905 2857 4959 Deum.
2892 4904 3028 4959 Puto
3071 4903 3271 4959 etenim
3321 4912 3420 4955 non
3470 4895 3664 4964 ignorate

2164 5012 2281 5063 vos,
2323 4998 2464 5065 quod
2487 4996 2786 5051 adversarii
2832 4997 3047 5051 virtutis
3096 4996 3371 5051 obsideant
3413 4986 3660 5077 veritate!"-

2166 5087 2319 5143 Unde
2342 5103 2442 5142 nec
2476 5102 2584 5141 uno
2608 5095 2814 5141 tantum
2848 5098 3090 5158 tempore
3120 5085 3258 5140 Deus
3273 5081 3447 5138 visitat
3472 5078 3663 5166 proprias

2165 5186 2466 5242 creaturas,
2500 5177 2591 5231 sed
2617 5175 2684 5231 ab
2716 5176 2943 5231 exordio
2989 5175 3197 5230 mundi.
3254 5166 3486 5227 Nonnulli
3510 5167 3662 5216 etenim

2164 5278 2495 5338 paraverunt
2524 5283 2584 5325 se
2630 5270 2815 5323 venire
2860 5269 2926 5323 ad
2965 5269 3242 5338 proprium
3266 5260 3571 5320 Conditorem
3596 5258 3664 5316 Ρη

2166 5363 2628 5417 testamentariam
2663 5362 2832 5433 ipsius
2861 5362 3056 5434 legem,
3095 5360 3266 5418 edocti
3305 5356 3370 5412 ab
3393 5353 3474 5410 illo
3490 5348 3663 5402 adorare

2166 5454 2415 5524 opificem
2443 5469 2597 5509 suum
2630 5456 2772 5511 sicut
2798 5465 3036 5526 oportet.
3078 5454 3338 5522 Quoniam
3368 5458 3484 5502 vero
3500 5440 3556 5495 ob

2166 5548 2371 5602 sionem
2405 5547 2755 5615 inlirmitatis,
2784 5557 2839 5604 et
2864 5548 3205 5619 gravedinem
3231 5539 3474 5613 corppris,
3506 5546 3557 5586 ac
3578 5526 3657 5580 dis-

2086 4510 2131 4564 D

555 5651 599 5681 ⁶²
625 5649 827 5724 Jcrem.
859 5667 977 5724 vni,
1012 5652 1104 5706 22.
1183 5654 1227 5686 ⁸³
1258 5651 1458 5709 Jerem.
1500 5669 1568 5724 Li.
1597 5654 1649 5708 9.
1727 5654 1772 5685 ⁸³
1801 5654 1997 5709 Ezccli.
2029 5670 2128 5719 xtl,
2158 5657 2207 5710 5.
2263 5659 2306 5689 ⁸⁵
2338 5658 2493 5714 Rom.
2531 5674 2647 5724 vItt,
2674 5660 2762 5713 32.
2840 5659 2884 5690 “
2908 5658 3007 5713 Isa.
3033 5674 3151 5724 Llll,
3183 5657 3232 5711 5.
3274 5655 3316 5685 ⁸⁷
3342 5651 3478 5707 Rom.
3517 5655 3567 5708 ιιι
3588 5630 3660 5689 5°;

481 5718 591 5773 Tit.
627 5735 663 5788 ι,
699 5720 781 5774 16.
859 5722 902 5753 ⁸⁸
940 5720 1216 5779 Psal.cxv
1269 5724 1339 5778 12
1436 5725 1479 5757 ⁸³
1537 5723 1680 5780 Psl.
1736 5739 1889 5786 uix,
1942 5725 2029 5781 10.

2108 5727 2154 5759 ⁷ο
2195 5725 2366 5784 lCor.
2402 5744 2455 5796 κ,
2493 5729 2560 5784 15
2656 5730 2700 5761 τι
2730 5730 2866 5787 Gen.
2911 5745 3081 5795 sun,
3137 5724 3325 5783 24-28.
