3872 6278
254 328 358 385 997
1251 331 1309 387 S.
1349 329 1630 389 ANTONII
1661 331 1737 389 Μ.
1779 332 2076 393 ABBATIS
2113 337 2494 398 EPISTOLAE.
3420 349 3524 407 998

257 449 577 506 tiuctionem
606 449 900 522 malignam
950 450 1203 523 refriguit
1252 456 1720 511 testamentarium
1776 456 1839 510 il-
1867 466 1915 522 Α
1946 459 2055 515 nos'
2077 476 2142 518 ex
2173 466 2429 522 omnibus
2461 467 2773 540 regionibus
2799 470 2870 526 ab
2895 478 3141 528 extremo
3170 479 3329 528 terra:
3355 486 3527 541 usque

252 542 460 605 Iud..et
488 540 662 596 officia
718 558 912 598 sensus
966 544 1160 600 animae
1201 544 1570 610 iassaverunt,
1633 549 1836 604 idcirco
1934 554 2010 608 ad
2049 554 2299 609 ultimum
2332 557 2502 624 orbis,
2538 557 2745 615 faciens
2771 561 3226 617 resurrectionem
3264 540 3523 619 sensuum

250 645 361 686 non
395 640 690 700 potuerunt
735 632 1027 703 exquirere
1064 636 1286 704 proprie
1339 637 1641 691 secundum
1686 652 1837 692 suam

249 725 611 787 creationem,
640 726 783 793 quod
828 734 972 779 esset
1006 725 1310 781 substantia
1351 726 1701 795 immortalis,
1730 743 1836 782 non

250 814 573 870 resolvenda
604 814 964 892 corporibus:
1015 815 1157 880 unde
1188 832 1287 873 nec
1329 818 1615 887 praavaluit
1647 828 1841 873 semet-

252 908 428 977 ipsam
459 907 692 962 liberare
727 907 1014 977 injustitia.
1056 908 1227 978 Hujus
1273 911 1352 965 rei
1385 912 1560 981 gratia
1618 925 1840 981 aggres-

250 1015 349 1054 sus
372 1009 457 1053 est
484 1013 578 1054 eos
609 1000 750 1054 Deus
776 1016 873 1071 per
898 1002 1158 1070 scriptam
1193 1002 1394 1072 legem,
1420 1013 1480 1057 ut
1501 1003 1727 1058 doceret
1745 1019 1840 1059 eos

254 1091 487 1146 adorare
515 1091 735 1147 Patrem
788 1094 929 1148 sicut
975 1104 1212 1162 oportet.
1263 1078 1377 1153 Sed,
1405 1096 1663 1166 quoniam
1696 1096 1840 1151 Deus

254 1198 397 1239 unus
431 1183 665 1251 exsistit,
691 1193 747 1237 et
773 1184 1074 1239 secundum
1105 1187 1411 1241 sensualem
1457 1188 1749 1243 essentiam
1784 1190 1837 1244 in

256 1274 493 1351 idipsum
542 1284 630 1327 est
672 1273 855 1327 unitas
885 1312 901 1338 ,
961 1272 1031 1327 sit
1055 1272 1157 1327 iste
1200 1274 1358 1328 vobis
1390 1288 1570 1328 sermo
1606 1273 1838 1329 manife-

255 1376 393 1431 stus,
420 1367 562 1436 quod
594 1365 773 1421 omnis
820 1366 973 1420 locus
1028 1367 1081 1420 in
1140 1353 1468 1436 quocunque
1522 1382 1631 1421 non
1677 1367 1840 1421 fuerit

257 1457 639 1521 consonantia,
697 1457 806 1512 illic
859 1457 1000 1511 bella
1062 1470 1369 1528 congerunt
1398 1458 1524 1524 sibi,
1554 1471 1609 1528 et
1636 1459 1838 1528 judicia

256 1549 464 1605 faciunt
502 1547 635 1602 oriri
667 1551 807 1617 apud
830 1524 1196 1617 semetipsos:
1554 1524 1578 1547 ⁸

327 1644 393 1698 ll.
437 1641 638 1697 Videns
666 1620 847 1697 autem
875 1642 1137 1699 Conditor
1164 1645 1307 1714 quod
1333 1645 1487 1717 plaga
1515 1659 1702 1701 eorum
1731 1661 1841 1701 ma-

257 1736 513 1807 gnificata
543 1733 710 1789 fuerit
742 1735 1118 1799 vehementer,
1158 1747 1212 1789 et
1235 1751 1373 1805 opus
1415 1738 1641 1793 haberet
1672 1753 1841 1792 reme-

256 1828 407 1898 dium
437 1824 563 1881 Jesu
596 1825 793 1881 medici
827 1825 943 1880 veri
976 1825 1117 1896 (ipse
1149 1827 1291 1880 enim
1314 1827 1660 1898 Unigenitus,
1686 1844 1839 1883 crea-

255 1897 591 1974 tor'illorum
620 1918 858 1985 exsistit,
889 1929 942 1973 et
967 1920 1082 1989 ipse
1119 1931 1274 1976 curat
1296 1922 1433 1991 eos),
1456 1906 1601 1976 misit
1634 1932 1759 1975 ante
1781 1937 1840 1977 se

254 2010 647 2063 instructorem
680 2008 909 2074 domus;
947 2023 1010 2063 ac
1051 2008 1140 2065 ille
1168 2026 1514 2080 nequaquam
1546 2011 1840 2080 proficiens

253 2099 390 2154 abiit
412 2098 539 2153 sibi.
607 2096 853 2167 Itemque
910 2099 1052 2153 Deus
1128 2101 1389 2154 excitavit
1443 2101 1836 2170 prophetarum

252 2188 459 2245 choros
493 2199 590 2256 per
624 2185 888 2255 Spiritum
927 2201 1106 2250 suum,
1158 2188 1249 2257 qui
1281 2187 1689 2243 aadilicaverunt
1728 2190 1843 2256 qui-

254 2276 381 2331 dem
429 2289 592 2344 supra
642 2271 1055 2328 fundamentum
1099 2272 1271 2341 Mosi;
1328 2284 1703 2330 verumtamen
1744 2290 1842 2331 nec

256 2368 350 2424 isti
375 2369 592 2438 quidem
654 2373 969 2434 potuerunt,
1028 2366 1123 2421 sed
1171 2367 1359 2421 eodem
1410 2367 1576 2423 modo
1603 2368 1837 2422 derelin-

255 2464 491 2529 quentes
519 2454 769 2510 abierunt
797 2454 923 2510 sibi.
946 2454 1014 2508 Et
1049 2454 1148 2524 ipsi
1194 2455 1372 2510 cuncti
1404 2455 1668 2526 Spiritum
1701 2455 1754 2509 in
1783 2471 1843 2511 se

256 2557 515 2621 gerentes
538 2547 891 2616 perviderunt
915 2547 1127 2619 plagam
1163 2549 1306 2617 quod
1326 2547 1646 2603 insanabilis
1670 2557 1839 2612 esset,

220 2651 315 2707 ,et
335 2641 464 2711 quia
496 2653 595 2709 per
659 2637 862 2692 nullam
926 2645 1237 2691 creaturam
1283 2638 1464 2691 curari
1506 2637 1699 2706 possit,
1737 2637 1840 2692 nisi

253 2749 356 2805 per
388 2731 739 2803 Unigenitum
787 2729 879 2799 qui
935 2744 1128 2785 sensus
1180 2738 1267 2785 est
1319 2728 1522 2796 Patris,
1579 2738 1634 2784 et
1665 2730 1845 2799 imago

256 2825 380 2895 ejus
410 2822 630 2878 exsistit
663 2822 763 2887 ";‘.
789 2820 943 2888 cujus
1004 2821 1170 2875 etiam
1230 2821 1488 2891 imaginis
1516 2820 1693 2892 efﬁgie
1734 2831 1843 2875 tota

256 2915 404 2969 facta
465 2923 551 2971 est
611 2922 884 2968 creatura.
918 2911 1298 2981 Agnoscentes
1330 2911 1533 2980 liquido
1562 2911 1704 2980 quod
1755 2910 1845 2964 hic

255 3008 511 3064 Salvator
534 3015 591 3061 et
608 3006 852 3060 medicus
880 3003 1169 3058 exsisteret
1197 3018 1447 3074 magnus,
1470 3002 1679 3058 collecti
1716 3012 1845 3056 sunt

254 3100 313 3154 in
384 3100 616 3170 idipsum
671 3110 883 3161 omnes,
946 3104 1002 3150 et
1054 3095 1358 3151 retulerunt
1427 3094 1705 3148 orationes
1744 3108 1843 3163 pro

255 3187 648 3247 commembris
683 3188 832 3254 suis,
869 3186 959 3256 qui
995 3200 1184 3240 sumus
1252 3200 1375 3247 nos.
1438 3184 1845 3255 proclamantes

255 3297 323 3338 ac
352 3281 599 3345 dicentes
625 3295 639 3331 :
672 3277 927 3349 Nunquid
961 3280 1135 3333 resina
1165 3295 1267 3333 non
1307 3289 1381 3333 est
1410 3280 1465 3333 in
1496 3278 1728 3343 Galaad,
1753 3286 1844 3331 aut

258 3377 496 3431 medicus
523 3389 625 3427 non
656 3380 733 3426 est
787 3370 861 3425 ibi
886 3375 911 3427 ἲ
942 3370 1118 3435 Quare
1146 3388 1267 3440 ergo
1296 3388 1399 3425 non
1438 3370 1670 3425 ostendit
1699 3371 1845 3425 sani-

257 3483 343 3526 tas
365 3469 493 3537 ﬁlia:
520 3464 698 3538 populi
731 3465 835 3518 mei
862 3463 948 3518 ’δῖ’
983 3462 1121 3528 Quia
1151 3464 1450 3517 curavimus
1483 3478 1620 3527 eam,
1668 3471 1714 3516 et
1741 3477 1844 3514 non

253 3575 332 3621 est
385 3569 619 3617 sanata:
678 3573 817 3612 nunc
875 3573 997 3626 ergo
1047 3556 1238 3609 ibimus
1272 3554 1335 3607 ab
1363 3555 1493 3623 ipsis
1525 3553 1596 3606 ⁷⁸.
1635 3552 1704 3606 At
1730 3552 1845 3621 ipse

257 3657 402 3712 Deus
440 3650 865 3723 supereminenti
915 3657 970 3703 et
1003 3663 1111 3702 non
1148 3645 1400 3702 simulata
1436 3645 1725 3700 dilectione
1757 3644 1846 3697 ad-

254 3748 361 3804 fuit
387 3744 545 3801 nobis
570 3759 667 3813 per
685 3753 907 3797 sanctos
930 3754 1082 3802 suos,
1103 3738 1322 3793 dicens:
1349 3734 1459 3789 Fili
1488 3735 1734 3799 hominis,
1761 3733 1846 3802 [a-

254 3841 364 3894 cito
400 3838 491 3891 tibi
522 3834 844 3906 captiuitatis
874 3849 1000 3886 uasa
1047 3831 1115 3882 ".
1165 3831 1279 3898 Ipse
1317 3841 1534 3898 quoque
1592 3828 1645 3879 in
1668 3825 1844 3890 [arma

255 3933 354 3986 Dei
383 3930 767 3992 exsistensmon
793 3925 1032 3993 rapinam
1064 3921 1352 3976 arbitratus
1373 3935 1483 3974 esse
1510 3935 1565 3973 se
1588 3917 1843 3987 requa/em

252 4023 393 4088 Deo,
415 4026 744 4086 semetipsum
803 4014 1090 4071 exinanivit
1118 4014 1344 4082 formam
1390 4010 1524 4064 servi
1547 4009 1842 4077 accipiens;

252 4126 304 4169 et
347 4113 589 4169 obediens
620 4109 793 4178 factus
820 4117 895 4161 est
924 4120 1087 4176 usque
1110 4107 1179 4157 ad
1220 4112 1462 4166 mortem,
1492 4111 1710 4153 mortem
1744 4114 1845 4152 uu-

255 4218 361 4260 tem
390 4205 560 4258 erucis
586 4219 605 4259 :
628 4208 838 4271 propter
865 4197 1005 4268 quod
1036 4207 1083 4250 et
1130 4194 1273 4249 Deus
1314 4193 1466 4246 illum
1491 4191 1765 4256 exultavit,
1792 4199 1843 4244 et

254 4296 469 4353 donavit
498 4295 580 4348 illi
607 4307 793 4346 nomen
842 4290 981 4359 quod
1011 4296 1085 4343 est
1136 4301 1292 4356 super
1325 4300 1477 4338 omne
1526 4298 1751 4336 nomen;
1785 4290 1841 4334 ut

254 4393 311 4445 in
358 4389 565 4444 nomine
606 4386 737 4440 Jesu
784 4383 984 4439 Christi
1041 4396 1190 4436 onme
1228 4393 1363 4447 genu
1399 4384 1643 4430 curvetur
1690 4372 1843 4428 coele-

1943 656 2256 703 nostrorum
2280 658 2336 704 et
2360 650 2738 705 remissionem
2779 662 3152 721 peccatorum,
3183 655 3387 710 docens
3422 670 3526 710 nos

1941 738 2269 795 alterutrum
2298 742 2564 797 exsistere
2603 743 2867 799 membra.
2895 744 3262 816 Quapropter,
3304 748 3531 815 fratres,

1940 830 2170 887 obsecro
2232 832 2282 885 in
2335 832 2556 887 nomine
2614 832 2741 887 Jesu
2802 835 3032 901 Christi,
3064 845 3126 892 ut
3177 839 3520 909 cognoscatis

1948 921 2089 975 hanc
2127 930 2234 975 tam
2297 936 2549 993 magnam
2605 923 3097 994 dispensationem,
3149 926 3290 996 quod
3330 927 3526 981 similis

1942 1011 2099 1068 nobis
2133 1028 2229 1083 per
2259 1015 2439 1068 omnia
2474 1014 2658 1078 fuerit,
2716 1024 2947 1083 excepto
2985 1026 3214 1086 peccato
3243 1018 3311 1070 ⁷³.
3355 1020 3526 1073 Debet

1941 1112 2124 1156 autem
2156 1103 2413 1158 universa
2472 1106 2812 1163 rationabilis
2866 1118 3061 1163 natura
3114 1119 3334 1179 propter
3361 1125 3522 1179 quam

1942 1192 2179 1247 maxime
2211 1190 2461 1248 Salvator
2494 1196 2735 1263 advenit,
2768 1207 2825 1250 ut
2856 1197 3115 1265 dijudicet
3148 1199 3523 1254 habitudinem

1942 1296 2095 1336 suam
2125 1289 2179 1336 et
2210 1283 2572 1353 ignorantiam
2616 1289 2818 1356 proprii
2851 1304 3062 1355 sensus,
3088 1291 3526 1346 distinctionem-

1941 1387 2047 1443 que
2073 1374 2202 1428 dare
2234 1375 2377 1430 inter
2404 1376 2638 1431 medium
2676 1378 2800 1432 mali
2837 1396 2899 1435 ac
2937 1382 3086 1445 boni,
3129 1381 3345 1438 liberari
3382 1396 3526 1452 qua:-

1941 1480 2069 1521 rens
2098 1481 2195 1535 per
2232 1467 2350 1537 ejus
2401 1469 2714 1525 adventum.
2763 1472 2975 1527 Etenim
3028 1483 3296 1544 quotquot
3352 1474 3509 1529 liberi

1941 1555 2071 1611 facti
2105 1568 2232 1613 sunt
2266 1574 2363 1628 per
2412 1560 2557 1616 illius
2582 1562 3064 1632 dispensationem,
3110 1567 3144 1620 ii
3182 1569 3359 1622 vocati
3390 1574 3522 1623 sunt

1942 1651 2084 1704 servi
2120 1650 2235 1705 Dei.
2269 1651 2419 1718 Quod
2452 1661 2630 1708 tamen
2661 1655 2895 1710 necdum
2952 1657 3253 1725 perfectum
3289 1666 3394 1725 est,
3420 1657 3525 1715 nisi

1944 1743 2086 1810 quod
2119 1751 2328 1796 tantum
2357 1744 2412 1797 in
2445 1754 2686 1813 tempore
2715 1761 2814 1800 suo
2849 1747 3057 1814 justum
3091 1748 3327 1814 exsistit,
3355 1758 3409 1804 et
3438 1751 3528 1805 de-

1869 1816 1912 1871 Β
1943 1832 2101 1887 ducet
2121 1834 2187 1887 ad
2219 1833 2449 1887 ﬁliorum
2477 1834 2853 1903 adoptionem;
2898 1852 3023 1890 nam
3057 1838 3102 1892 is
3150 1836 3403 1893 Salvator
3426 1851 3527 1891 no-

1938 1932 2055 1975 ster
2088 1923 2268 1977 sciens
2293 1924 2435 1993 quod
2466 1925 2931 1994 appropinquaret
2987 1928 3238 1997 accipere
3267 1927 3523 1997 spiritum

1942 2008 2175 2066 ﬁliorum
2236 2012 2565 2081 adoptionis,
2624 2014 2772 2069 dedit
2812 2024 2871 2069 ut
2921 2015 3084 2070 etiam
3134 2026 3528 2086 cognoscerent

1942 2116 2065 2156 eum
2101 2104 2244 2157 docti
2279 2118 2307 2156 a
2340 2102 2543 2173 Spiritu
2576 2114 2792 2173 sancto,
2819 2107 2963 2175 quod
3001 2107 3268 2163 adventus
3301 2110 3426 2165 Jesu
3452 2111 3526 2164 fa-

1943 2202 2062 2246 ctus
2096 2194 2169 2249 sit
2195 2196 2507 2251 hominibus
2536 2196 2823 2266 judicium.
2860 2197 3017 2253 Unde
3065 2210 3120 2254 et
3164 2184 3281 2267 vos,
3313 2202 3527 2257 charis-

1941 2283 2063 2338 simi
2102 2284 2153 2338 in
2193 2285 2439 2351 Domino,
2476 2288 2784 2357 cognoscite
2814 2274 3195 2360 vosmetipsos,
3236 2302 3296 2346 ut
3327 2293 3394 2345 ad
3412 2274 3527 2346 hinc

1941 2386 1996 2431 et
2030 2387 2243 2446 tempus
2281 2379 2500 2448 possitis
2517 2395 2868 2450 cognoscere,
2899 2391 2953 2436 et
2980 2384 3153 2452 parati
3177 2384 3297 2438 sitis
3324 2382 3526 2439 oll'erre

1941 2466 2305 2535 vosmetipsos
2339 2467 2669 2524 sacriﬁcium
2708 2469 2839 2525 Deo.

2015 2556 2107 2613 IV.
2153 2557 2315 2623 Vere,
2352 2561 2661 2616 charissimi
2711 2560 2765 2614 in
2806 2562 3057 2630 Domino,
3088 2563 3231 2632 quod
3267 2571 3528 2634 tanquam.

1944 2648 2365 2704 rationabilihus
2424 2650 2578 2704 vobis
2616 2650 2819 2717 scribo,
2860 2660 2916 2705 et
2959 2653 3051 2722 qui
3118 2653 3378 2723 potuistis
3434 2666 3530 2710 co-

1944 2755 2210 2810 gnoscere
2260 2742 2638 2812 vosmetipsos.
2676 2742 2801 2797 Scio
2844 2744 2996 2819 enim
3028 2745 3173 2815 quod
3212 2745 3530 2816 quicunque

1944 2833 2259 2901 cognoverit
2330 2833 2704 2903 semetipsum,
2749 2844 3005 2904 agnoscet
3054 2844 3110 2890 et
3158 2836 3346 2891 Deum.
3423 2835 3529 2904 Qui

1945 2938 2077 2976 vero
2099 2924 2419 2991 cognoverit
2455 2923 2646 2991 Deum,
2687 2934 2946 2995 agnoscet
2994 2935 3050 2980 et
3095 2927 3529 2997 dispensationes

1951 3012 2123 3080 illius,
2162 3028 2297 3083 quas
2323 3012 2486 3067 eliicit
2518 3014 2569 3066 in
2611 3014 2848 3083 propriis
2879 3016 3163 3070 creaturis.
3203 3015 3530 3073 Manifestus

1947 3119 2163 3175 quoque
2190 3105 2262 3158 sit
2300 3104 2455 3159 vobis
2482 3104 2586 3159 iste
2637 3116 2841 3168 sermo,
2891 3107 3034 3175 quod
3062 3122 3170 3160 non
3190 3122 3519 3181 corpoream

1871 3162 1914 3220 ϐ
1950 3162 2297 3250 dilectionem
2332 3194 2508 3249 habeo
2530 3194 2584 3249 in
2608 3195 2787 3260 vobis,
2826 3162 2924 3251 sed
2952 3176 3275 3254 charitatem
3300 3162 3534 3268 spiritus

1947 3288 2174 3343 culturae
2201 3286 2317 3349 Dei,
2340 3284 2462 3356 ejus
2489 3284 2737 3339 videlicet
2770 3285 2887 3353 Dei,
2910 3288 3002 3356 qui
3042 3287 3305 3357 gloriatur
3326 3288 3440 3359 (16)
3472 3290 3531 3343 in

1948 3378 2169 3433 concilio
2185 3377 2455 3447 justorum
2481 3375 2550 3429 ⁸⁸.
2570 3375 2763 3430 Parate
2793 3391 3032 3447 ergovos
3061 3377 3207 3447 ipsos
3220 3379 3347 3433 dum
3366 3380 3531 3435 liabe-

1949 3470 2019 3523 tis
2048 3470 2139 3538 qui
2173 3484 2273 3537 pro
2307 3468 2461 3523 vobis
2487 3480 2737 3532 exorent,
2779 3477 2835 3523 et
2860 3469 3197 3539 postulantes
3229 3485 3326 3541 pro
3349 3482 3530 3527 vestra

1950 3560 2148 3626 salute,
2176 3569 2232 3613 ut
2259 3561 2436 3630 ignem
2464 3574 2627 3628 quem
2663 3561 2814 3617 venit
2843 3561 2958 3631 ipse
2989 3561 3207 3617 mittere
3239 3575 3403 3630 super
3420 3572 3530 3617 ter-

1948 3668 2064 3706 rum
2087 3652 2156 3715 δ’,
2182 3652 2441 3705 immittat
2469 3652 2725 3706 cordibus
2748 3651 2977 3716 .vestris,
3013 3661 3071 3705 ut
3126 3651 3344 3722 possitis
3375 3667 3530 3707 exer-

1945 3759 2073 3798 cere
2106 3741 2453 3797 habitudines
2475 3751 2697 3797 vestras
2723 3758 2739 3808 ;
2774 3750 2828 3797 et
2852 3743 2943 3797 det
2977 3756 3232 3799 sensuum
3258 3742 3433 3799 cilicia
3460 3744 3528 3798 ad

1945 3833 2387 3905 cOgnoscendum
2427 3834 2745 3890 discernere
2772 3834 3070 3904 malignum
3108 3849 3138 3890 a
3178 3834 3355 3901 bono,
3395 3850 3426 3890 a
3462 3835 3532 3891 si-

1945 3927 2122 3981 nistra
2149 3925 2499 3989 dexteram,a
2536 3925 2843 3979 substantia
2868 3925 3310 3981 insubstantiam.
3339 3923 3531 3982 Sciens

1944 4018 2091 4071 enim
2120 4015 2279 4074 Jesus
2299 4017 2443 4086 quod
2470 4017 2760 4086 imperium
2782 4016 2987 4072 diaboli
3017 4018 3246 4072 materia
3272 4018 3421 4082 facit,
3443 4019 3532 4073 ad-

1944 4124 2148 4165 vocans
2176 4110 2474 4178 discipulos
2493 4109 2628 4163 dixit
2654 4110 2734 4164 eis
2762 4124 2776 4162 :
2800 4110 2979 4162 Nolite
3000 4110 3359 4164 tltesaurisare
3384 4110 3528 4164 vobis

1944 4218 2102 4272 super
2131 4212 2325 4255 terram
2347 4201 2393 4233 ⁶¹
2424 4216 2553 4255 :nec
2575 4199 2798 4254 solliciti
2846 4200 2963 4253 sitis
3002 4200 3067 4253 de
3103 4201 3366 4261 crastino;
3403 4216 3528 4277 cra-

1944 4293 2117 4347 stinus
2143 4291 2279 4344 enim
2307 4290 2419 4343 dies
2450 4289 2713 4344 sollicitus
2736 4289 2835 4343 erit
2862 4290 2927 4341 de
2956 4288 3087 4342 se”.
3126 4287 3283 4353 Vere,
3305 4286 3526 4355 fratres,

1944 4385 2096 4440 scitis
2127 4381 2270 4451 quod
2301 4393 2544 4448 tempore
2579 4388 2868 4434 ventorum
2920 4377 3317 4447 prosperitatis,
3348 4382 3529 4435 omnis

252 4485 439 4549 stium,
466 4482 791 4535 terrestrium
837 4488 883 4531 et
918 4476 1289 4544 infernarum;
1336 4470 1607 4539 omnisque
1659 4468 1838 4537 lingua

1949 4478 2279 4547 gubernator
2302 4472 2510 4541 plaudit
2545 4471 2672 4535 sibi,
2721 4470 2775 4525 in
2829 4470 3106 4525 contraria
3142 4484 3269 4525 vero
3291 4487 3521 4542 quaeque

253 4574 592 4643 conﬁteatur,
621 4572 745 4640 quia
793 4568 1056 4621 Dominus
1089 4563 1249 4619 Jesus
1282 4560 1525 4616 Christus
1570 4560 1625 4613 in
1669 4558 1840 4629 gloria

252 4677 330 4722 est
360 4665 458 4719 Dei
481 4663 659 4718 Patris
675 4661 745 4715 ⁷⁸.

326 4757 416 4815 lli.
461 4755 614 4811 Nunc
648 4769 780 4825 ergo
813 4794 830 4821 ,
863 4751 1197 4814 charissimt,
1246 4761 1425 4804 sermo
1454 4748 1555 4801 iste
1585 4745 1659 4800 sit
1692 4742 1844 4796 vobis

252 4849 597 4913 manifestus,
620 4847 763 4917 quod
788 4845 1095 4912 benignitas
1121 4840 1303 4897 Patris
1327 4857 1432 4894 non
1459 4840 1687 4908 pepercit
1715 4833 1842 4889 Uni-

254 4942 430 5015 genito
456 4949 667 5009 propter
689 4952 782 4991 nos
800 4951 820 5000 ;
849 4936 938 4988 sed
970 4932 1192 4987 tradidit
1218 4948 1335 4986 eum
1367 4942 1579 4999 propter
1606 4936 1840 4981 nostram

253 5032 491 5087 omnium
526 5029 775 5093 salutem,
815 5026 1036 5081 tradens
1096 5026 1207 5094 ipse
1248 5024 1585 5084 semetipsum
1633 5029 1845 5090 propter

252 5136 466 5194 peccata
489 5131 670 5176 nostra
695 5119 762 5174 ⁷⁷.
799 5119 866 5172 Ει
904 5116 1221 5186 iniquitates
1251 5114 1468 5183 quidem
1508 5121 1709 5167 nostra:
1738 5112 1844 5166 hu-

253 5213 604 5269 miliaverunt
659 5226 822 5276 eum;
880 5212 977 5264 sed
1035 5210 1196 5262 liuore
1233 5206 1347 5276 ejus
1392 5222 1489 5260 nos
1533 5205 1709 5259 sanati
1755 5220 1844 5257 suo

253 5322 370 5361 mus
398 5305 467 5359 ".
494 5303 612 5361 lose
640 5317 860 5374 quoque
894 5301 1063 5357 verbo
1091 5299 1312 5355 virtutis
1343 5314 1455 5354 suae
1489 5296 1841 5368 congregavit

1944 4576 2258 4637 ventorum,
2292 4565 2472 4620 omnis
2509 4565 2845 4636 gubernator
2885 4563 3285 4618 manifestatur.
3331 4564 3528 4618 Intelli-

1943 4663 2055 4731 gite
2092 4673 2223 4729 ergo
2251 4667 2460 4728 tempus
2494 4658 2547 4711 in
2580 4655 2722 4726 quod
2758 4656 3108 4719 advenimus,
3140 4658 3300 4727 quale
3321 4658 3410 4712 sit.
3453 4658 3527 4714 De

1947 4752 2178 4807 minutia
2205 4759 2385 4805 autem
2413 4751 2562 4807 verbi
2592 4748 2882 4815 libertatis,
2931 4757 3089 4802 erant
3143 4747 3373 4817 plurima
3407 4765 3529 4821 qua:

1945 4844 2262 4898 dicerentur
2302 4840 2489 4908 vobis;
2535 4841 2630 4896 sed
2710 4839 2756 4893 si
2805 4839 3003 4895 dedero
3063 4842 3388 4895 occasionem
3440 4858 3531 4895 sa-

1943 4931 2128 5001 pienti,
2162 4930 2570 4999 sapientiorerit
2589 4930 2656 4984 ⁸⁸.
2710 4927 2897 4986 Saluto
2928 4943 3021 4984 vos
3052 4943 3082 4984 a
3109 4930 3333 4987 minimo
3356 4946 3528 5002 usque

1942 5023 2009 5077 ad
2032 5021 2350 5076 maximum.

2198 5096 2205 5103 “
2484 5112 2823 5169 EPISTOLA
2864 5114 2973 5171 vn.

2013 5208 2302 5272 Antonius,
2332 5206 2587 5261 omnibus
2620 5206 2997 5262 dilectissimis
3023 5206 3287 5260 fratribus
3338 5204 3392 5258 in
3423 5203 3524 5259 Do-

1940 5317 2112 5370 mmo,
2144 5300 2395 5356 salutem.
2448 5298 2564 5353 Non
2622 5299 2816 5353 delicio
2862 5313 3172 5354 memorans
3206 5297 3393 5361 vestri,
3431 5298 3525 5367 qui

328 5480 376 5519 “¹²
396 5487 559 5543 Hebr.
583 5500 624 5549 t,
652 5486 709 5541 3.
784 5487 830 5520 "
854 5487 1056 5543 Jerem.
1079 5501 1197 5551 vm,
1225 5484 1316 5539 22.
1347 5483 1395 5516 ⁷⁵
1430 5482 1633 5539 Jerem.
1678 5487 1827 5546 Lt,9.
1868 5486 1914 5517 "'
1953 5485 2151 5542 Ezech.
2195 5502 2294 5545 xu.
2325 5485 2380 5540 5.
2410 5485 2457 5517 ⁷⁸
2493 5482 2721 5552 Philipp.
2756 5496 2815 5545 It,
2841 5480 2995 5537 6ο11.
3033 5480 3078 5552 '_’
3122 5475 3522 5552 Rom.v_ttt,§?.

252 5558 300 5590 ⁷⁸
344 5557 445 5612 lsa.
475 5572 592 5621 LIII,
628 5556 683 5611 5.
776 5556 823 5591 ⁷⁹
861 5559 1027 5615 Hebr.
1053 5572 1125 5622 tv,
1157 5556 1248 5611 15.

252 5626 303 5661 ⁸⁵
330 5628 488 5684 Prov.
532 5645 607 5692 ix,
641 5628 695 5683 9.

327 5765 438 5838 (16)
479 5764 772 5821 Gloriatur.
797 5762 961 5818 Forte
981 5757 1338 5832 gloriﬁcatur.

1346 5555 1393 5587 ⁸ο
1432 5553 1577 5612 Psal.
1622 5570 1886 5618 Lxxxvm.
1909 5557 1962 5613 8.

2060 5558 2102 5591 ⁸³
2127 5557 2253 5615 Luc.
2287 5572 2388 5624 xu,
2419 5555 2511 5612 49.
2584 5546 2649 5585 δ”
2670 5546 2862 5607 Matth.
2895 5567 2944 5607 vt
2971 5589 2988 5619 ,
3015 5550 3103 5605 19.
3176 5549 3224 5581 ⁸⁸
3266 5549 3399 5604 ibid.
3431 5546 3524 5603 59.
