3872 6278
378 316 482 368 999

1472 307 1742 364 PATRES
1782 303 2079 362 IEGYPTII
2121 299 2396 358 δᾹΞςυιι
2431 299 2518 357 ιν.

3480 300 3627 358 ίοῦυ

376 429 510 482 estis
538 426 794 488 Ecclesiae
829 425 1111 482 catholica:
1150 423 1741 495 membra.Agnascere
1767 431 1948 476 autem
1971 423 2014 478 Α
2047 424 2162 468 tes:
2197 412 2320 467 Non
2341 415 2482 466 enim
2508 427 2806 480 accepimus
2841 412 3090 479 spiritum
3125 413 3390 466 servitutis
3434 414 3635 468 iterum

376 536 475 576 vos
500 521 628 573 volo
651 518 997 574 dilectionem
1023 531 1186 587 quam
1218 517 1396 572 habeo
1413 516 1470 570 in
1487 515 1643 570 vobis
1660 531 1672 568 :
1688 514 1817 584 quia
1841 527 1950 566 non

376 623 462 670 est
486 627 772 683 corporea,
808 611 902 666 sed
935 617 1020 664 est
1050 609 1268 664 dilectio
1307 607 1536 679 Spiritus
1568 606 1795 663 culturae
1832 602 1950 658 Dei.

376 704 684 776 Corporum
707 705 910 776 quippe
932 713 1248 760 nostrorum
1267 701 1532 762 amicitia,
1549 700 1608 754 in
1633 697 1953 754 iusubstan-

377 799 452 853 tia
475 808 530 854 et
559 799 924 854 inconstantia
953 808 1060 863 est,
1089 814 1211 868 quae
1235 807 1484 851 movetur
1511 809 1655 864 sape
1684 793 1752 846 ab
1775 799 1958 846 extra-

379 890 500 946 neis
529 891 725 946 ventis.
741 889 936 944 Cuncti
959 905 1092 944 vero
1113 890 1208 959 qui
1228 886 1752 948 timentDominum,
1776 893 1829 938 et
1853 897 1958 938 eu-

381 983 624 1037 stodiunt
642 981 896 1036 mandata
915 981 1056 1050 ejus,
1082 981 1223 1036 servi
1247 989 1376 1036 sunt
1396 980 1509 1034 Dei.
1536 977 1642 1032 Sed
1662 990 1772 1030 non
1794 983 1880 1030 est
1901 974 1957 1028 in

379 1060 493 1127 ipsa
517 1062 788 1117 servitute
821 1061 1107 1132 perfectio,
1128 1061 1231 1116 nisi
1263 1063 1406 1131 quod
1444 1070 1650 1115 tantum
1679 1059 1827 1128 justa
1870 1066 1952 1112 te-

383 1158 494 1215 net,
518 1150 792 1205 deducens
826 1152 892 1204 ad
916 1151 1148 1204 filiorum
1173 1151 1542 1218 adoptionem.
1571 1146 1956 1216 Propterquod

378 1248 433 1293 et
459 1239 735 1309 prepbetae
765 1250 820 1294 et
859 1239 1112 1308 apostoli,
1145 1238 1430 1308 omnisque
1470 1248 1785 1293 sanctorum
1821 1239 1953 1293 clio-

379 1347 471 1387 rus
500 1333 609 1387 Deo
645 1333 908 1401 suscepti,
947 1343 1005 1385 ut
1040 1334 1357 1386 crederetur
1407 1331 1456 1384 ei
1493 1331 1791 1399 apostolica
1827 1346 1958 1398 pra}-

379 1422 652 1477 dicatione
677 1437 770 1492 per
789 1422 1121 1477 voluntatem
1144 1421 1342 1484 Patris,
1368 1421 1533 1474 vincti
1559 1421 1759 1476 Christi
1779 1420 1954 1477 eil'ccti

379 1528 528 1570 sunt.
566 1515 807 1584 Denique
870 1514 1065 1568 Paulus
1118 1514 1244 1568 ait:
1300 1513 1515 1567 Vinctus
1561 1514 1690 1569 Jesu
1735 1515 1956 1579 Christi,

379 1618 592 1662 vocatus
619 1607 884 1675 apostolus
915 1607 981 1660 ⁸⁸.
1029 1607 1244 1677 Scripta
1292 1607 1474 1676 itaque
1501 1607 1584 1662 lex
1619 1609 1956 1679 cooperatrix

385 1698 479 1752 tiat
502 1697 656 1752 vobis
690 1699 740 1751 in
775 1699 878 1752 hoc
923 1699 1168 1764 servitio,
1224 1714 1502 1767 usquequo
1533 1699 1805 1753 dominari
1834 1715 1958 1769 pos-

2045 509 2101 560 in
2128 507 2337 568 timore,
2370 507 2460 560 sed
2489 506 2784 573 accepimus
2815 505 3060 573 spiritum
3111 504 3348 572 filiorum
3380 507 3636 573 adoptio-

2047 599 2149 664 nis,
2174 599 2226 650 in
2245 614 2348 668 quo
2371 598 2662 650 clamamus
2687 612 2706 650 :
2735 595 2907 660 Abba,
2957 594 3122 650 Pater
3141 595 3184 627 ³⁷
3213 614 3227 650 :
3255 607 3311 650 ut
3334 612 3639 667 cognoscav

2048 706 2170 745 mus
2193 698 2397 759 quanta
2433 688 2590 741 nobis
2640 688 2926 743 donaverit
2970 687 3133 750 Deus,
3174 687 3299 757 quia
3342 699 3398 742 et
3426 688 3639 754 ﬁliisw

2049 798 2166 836 mus
2188 793 2236 836 et
2273 779 2506 834 ha'redes
2528 797 2547 834 :
2568 777 2800 834 hatred“
2827 779 3036 848 quidem
3065 777 3488 841 Dei,colueredes
3508 795 3642 832 san-

2051 871 2339 928 ctorum“.
2366 870 2591 926 Fratres
2621 870 2960 925 dilectissimi
2994 870 3378 930 etcohaéredes
3409 883 3642 924 sancto-

2052 981 2196 1029 rum,
2232 965 2412 1020 omnis
2441 967 2619 1020 virtus
2656 979 2761 1020 non
2792 973 2878 1019 est
2897 964 3076 1018 aliena
3124 963 3298 1028 vobis,
3329 967 3425 1018 sed
3453 974 3644 1018 vestra

2053 1057 2304 1123 exsistit;
2333 1058 2380 1112 si
2411 1066 2590 1130 tamen
2623 1056 2976 1127 inculpabiles
2997 1056 3116 1110 sitis
3139 1069 3169 1108 a
3202 1056 3340 1109 mala
3357 1057 3492 1121 vita,
3526 1057 3645 1110 Deo

2054 1159 2232 1203 autem
2276 1149 2570 1206 manifesti.
2632 1147 2699 1202 In
2736 1147 2932 1202 malam
2964 1148 3102 1201 enim
3141 1149 3374 1202 animum
3426 1165 3531 1201 non
3554 1151 3647 1202 in-

2055 1242 2214 1294 trabit
2237 1240 2468 1309 Spiritus
2519 1240 2643 1304 Dei,
2669 1255 2762 1294 nec
2799 1238 3055 1293 habitabit
3081 1239 3137 1293 in
3178 1255 3394 1307 corpore
3422 1239 3646 1293 subdito

2055 1335 2282 1402 peccatis
2316 1334 2400 1409 δέ,
2423 1342 2613 1387 sancta
2651 1332 2851 1401 quippe
2900 1339 2985 1386 est
3044 1331 3219 1386 virtus
3243 1371 3260 1396 ,
3320 1332 3534 1400 fugiens
3566 1334 3646 1385 ab

2056 1427 2206 1481 omni
2235 1426 2380 1481 dolo.
2414 1426 2572 1492 Vere,
2604 1423 2976 1488 dilectissimi,
3016 1424 3155 1492 quia
3173 1425 3312 1478 sicut
3342 1425 3645 1478 rationabi-

2060 1518 2200 1571 libus
2229 1504 2412 1574 scFibo,
2463 1519 2615 1572 vobis
2660 1527 2716 1571 ct
2745 1518 2898 1586 quasi
2937 1517 3252 1585 potentibus
3307 1530 3648 1586 cegnoscere

2060 1610 2420 1677 vosmetipsos
2461 1624 2478 1672 ;
2523 1609 2648 1677 quia
2701 1609 2793 1676 qui
2871 1607 3222 1676 semetipsum
3303 1608 3647 1675 cognoverit,

2059 1699 2232 1762 Dequ
2273 1701 2565 1769 cognovit;
2599 1702 2691 1768 qui
2723 1715 2855 1754 vero
2895 1699 3216 1769 cognoverit
3256 1699 3446 1764 Deum,
3501 1701 3650 1754 hunc

381 1791 557 1845 simus
592 1791 738 1844 omni
769 1789 921 1853 vitio,
951 1799 1007 1844 et
1070 1790 1419 1857 perliciamur
1471 1791 1523 1844 in
1562 1791 1769 1860 optimo
1800 1790 1960 1844 mini-
1991 1776 2033 1832 Β
2067 1789 2298 1844 adorare
2346 1791 2506 1846 debet
2549 1791 2690 1844 sicut
2753 1800 2995 1860 Oportet,
3043 1791 3134 1855 Et,
3203 1791 3516 1846 cliarissimi
3591 1792 3650 1845 in

381 1882 552 1939 sterio
571 1883 787 1937 virtutis
814 1898 910 1952 per
959 1883 1315 1952 apostolicum
1373 1884 1712 1938 mandatum.
1739 1883 1877 1951 Quia
1912 1885 1957 1939 si

382 1993 555 2048 prope
580 1976 844 2031 fuerimus
865 1977 1041 2032 effecti
1095 1977 1160 2030 ad
1209 1977 1608 2047 accipiendum,
1653 1987 1781 2032 tunc
1817 1977 1962 2033 dicet

383 2069 538 2122 vobis
559 2067 752 2123 Jesus:
785 2068 924 2132 Quia
940 2069 1055 2138 jam
1088 2085 1187 2120 non
1229 2071 1420 2122 vocabo
1455 2085 1542 2122 vos
1591 2085 1767 2122 servos
1796 2085 1961 2132 meos,

384 2159 476 2213 sed
507 2161 706 2213 amicos
727 2169 776 2212 et
806 2159 1022 2228 fratres,
1045 2161 1168 2226 quia
1202 2176 1526 2228 quiscunque
1545 2166 1668 2214 nota
1691 2161 1809 2230 fecit
1834 2161 1964 2215 mihi

388 2248 570 2315 Pater,
598 2251 817 2304 revelavi
847 2251 988 2304 vobis
1008 2251 1075 2304 “.
1096 2249 1372 2320 Quotquot
1384 2253 1526 2305 enim
1545 2261 1960 2321 prOposuerun't,

381 2334 568 2396 'edocti
599 2350 727 2396 sunt
748 2356 842 2411 per
866 2341 1126 2411 Spiritum
1163 2352 1448 2406 sanctum,
1501 2344 1551 2398 lii
1597 2353 1969 2414 cognoverunt

391 2431 716 2502 semetipsos
776 2434 1072 2487 secundum
1105 2436 1411 2487 sensualem
1444 2449 1596 2488 suam
1624 2436 1972 2501 exstantiam;

393 2520 452 2577 in
479 2522 593 2592 ipsa
620 2539 752 2580 vero
805 2525 887 2579 sui
930 2524 1240 2594 cognitione
1274 2524 1751 2580 oroelamaverunt
1789 2525 1975 2580 dicen-

469 2715 516 2750 ³³
545 2716 738 2786 pres.
785 2732 867 2786 tu,
901 2718 966 2783 l;
1021 2716 1179 2772 Rom.
1215 2733 1254 2784 ι,
1312 2717 1363 2772 i.

1442 2715 1490 2751 ⁸⁸
1520 2714 1677 2771 Joan.
1713 2716 1899 2781 αδδ.
1974 2715 2020 2748 ⁸⁷
2062 2715 2228 2772 Rom.
2261 2730 2384 2781 vni,
2425 2715 2514 2770 15.

2067 1882 2319 1947 Domino,
2359 1883 2669 1950 cognoscite
2723 1883 3106 1952 vosmetipsos,
3141 1883 3268 1952 quia
3314 1883 3406 1952 qui
3442 1893 3649 1938 semet-

2069 1973 2213 2041 ipsos
2240 1983 2596 2043 cognoscunt,
2629 1984 2684 2028 et
2710 1984 2920 2042 tempus
2951 1984 3356 2042 cognoverunt;
3387 1976 3480 2043 qui
3516 1990 3650 2028 vero

2069 2073 2439 2133 cognoverunt
2467 2075 2699 2134 tempus,
2725 2065 2760 2119 ii
2789 2075 3044 2134 poterunt
3088 2076 3328 2119 statuere
3383 2066 3647 2132 semetip.

2069 2169 2160 2210 sos
2184 2156 2489 2212 immobiles
2512 2171 2542 2209 a
2573 2157 2888 2212 diversitate
2919 2157 3248 2226 linguarum.
3270 2157 3343 2211 De
3369 2159 3499 2211 Ario
3521 2174 3654 2212 vero

2065 2244 2154 2314 qui
2177 2245 2230 2298 in
2245 2244 2571 2299 Alexandria
2598 2247 2838 2301 surrexit
2859 2255 2913 2302 et
2931 2247 3172 2318 loquitur
3195 2248 3370 2303 aliena
3393 2250 3558 2304 verba
3574 2253 3650 2302 de

2063 2334 2387 2406 Unigenito;
2415 2337 2527 2402 cui,
2553 2338 2647 2406 qui
2667 2348 2751 2393 est
2778 2348 2829 2393 et
2854 2340 2950 2409 qui
2973 2355 3093 2394 sme
3116 2349 3357 2410 tempore
3383 2351 3487 2406 est,
3507 2351 3650 2395 tem-

2063 2441 2166 2495 pus
2191 2440 2301 2480 non
2326 2425 2551 2490 ascivit;
2583 2436 2638 2480 et
2666 2427 3034 2494 inccssabilis,
3067 2428 3228 2482 linem
3259 2428 3405 2482 inter
3426 2441 3653 2482 creatu-

2064 2534 2158 2575 ras
2181 2534 2289 2574 non
2315 2518 2498 2584 dedit;
2523 2519 2840 2584 immobilis,
2861 2520 3295 2576 immobilitatem
3319 2534 3430 2575 non
3455 2522 3650 2576 allixit.

2593 2711 2639 2748 ⁸⁸
2681 2711 2814 2770 ibid.
2845 2715 2932 2769 l‘t.
3007 2714 3055 2748 ”
3116 2715 3245 2786 Sap.
3283 2732 3322 2783 ι,
3352 2714 3406 2770 4.

723 3051 883 3205 S.
974 3057 1147 3201 P.
1246 3054 1430 3204 N.
1537 3055 1710 3200 B.
1835 3046 1997 3200 Α]

2078 3048 2641 3203 ΪΤΟΝΙΙ
2733 3049 3347 3206 MAGNI

1468 3313 1954 3371 MONACUORUM
1993 3316 2266 3373 OMNIUM
2300 3314 2646 3373 PARENTIS

1257 3497 2077 3626 EPISTOLXE
2133 3497 2856 3666 VIGINTI.

414 3747 597 3809 Nunc
628 3743 903 3824 primum
935 3761 1015 3804 ex
1049 3743 1322 3804 Arabico
1356 3741 1562 3802 Latini
1590 3741 1758 3819 juris
1781 3739 1960 3801 factm
1998 3739 2078 3800 ab
2124 3739 2485 3804 Abrahamo
2517 3741 2946 3817 Ecchellensi,
2980 3745 3293 3806 Maronita
3328 3763 3361 3805 e
3407 3746 3682 3808 Libano.

457 4078 512 4119 ta
548 4078 749 4119 NOIINE
783 4078 998 4129 PATRIS,
1039 4079 1110 4117 ετ
1157 4077 1308 4122 l-‘lLtl,
1344 4074 1414 4113 ετ
1459 4074 1704 4114 srmi'rus
1737 4074 1952 4125 SANCTI,
2021 4070 2065 4128 ο
2098 4074 2212 4119 ster
2239 4063 2514 4118 Abraham
2556 4066 2609 4120 in
2654 4067 2771 4136 lege
2809 4078 3014 4122 naturae
3044 4085 3058 4121 :
3093 4082 3261 4136 quare
3296 4068 3566 4123 allocutus
3593 4080 3678 4124 est

1049 4149 1129 4186 DEI
1173 4149 1334 4188 UNICI.

415 4269 708 4338 Incipimus
734 4285 829 4336 ope
865 4267 1073 4322 Domini
1106 4269 1269 4321 nostri
1295 4268 1424 4322 Iesu
1455 4268 1650 4321 Christi
1687 4267 1865 4338 (cujus
1892 4283 1995 4338 nie-

492 4335 676 4395 moria:
719 4341 982 4403 adoratio)
1025 4341 1250 4392 scribere
1287 4341 1469 4407 viginti
1507 4335 1777 4405 Epistolas
1815 4335 1992 4388 Patris

483 4413 651 4463 sancti
703 4409 907 4460 abbatis
959 4409 1173 4460 Antonii
1214 4410 1280 4460 ad
1323 4409 1463 4477 ﬁlios
1508 4425 1629 4462 suos
1689 4407 1992 4460 monachos.

489 4479 679 4533 Oratio
708 4479 819 4547 ejus
841 4478 907 4530 sit
936 4479 1225 4531 nobiscum.
1265 4480 1451 4532 Amen.

999 4584 1331 4640 EPlSTOLA
1369 4587 1409 4648 Ι.

423 4723 598 4789 Quam
623 4721 755 4775 dixit
784 4719 847 4774 de
883 4720 1026 4773 exitu
1061 4737 1092 4772 a
1123 4719 1315 4773 sa’culo
1341 4719 1409 4772 ad
1440 4719 1782 4773 monasticam
1812 4720 1994 4774 vitam.

491 4814 688 4868 Tribus
726 4813 914 4881 utique
951 4812 1125 4868 modis
1165 4815 1430 4883 contingit
1464 4815 1644 4867 exitus
1698 4830 1728 4866 a
1779 4811 1995 4867 szeculo.

420 4909 690 4969 Primum,
726 4915 782 4960 et
826 4915 953 4960 ante
985 4906 1169 4961 omnia
1203 4907 1361 4976 cupio
1400 4916 1636 4960 vestram
1667 4904 1894 4958 salutem
1945 4904 1998 4956 in

426 4999 677 5055 Domino.
740 4997 872 5052 Dico
919 5008 1135 5060 autem,
1181 4997 1405 5068 spiritus
1459 4998 1526 5050 ad
1575 5010 1713 5065 quos
1757 4994 2001 5064 pervenit

423 5089 818 5158 evangelizatio
853 5087 1090 5157 Spiritus
1140 5086 1270 5150 Dei,
1327 5101 1392 5140 ex
1430 5086 1562 5139 viris
1595 5093 1650 5138 et
1686 5083 2001 5138 mulieribus

426 5181 621 5251 triplici
661 5195 785 5236 esse
820 5179 874 5234 in
914 5180 1126 5235 ordine.
1165 5179 1378 5233 Primus
1428 5177 1644 5247 quidem
1697 5190 1885 5230 eorum
1918 5185 2003 5228 est

424 5274 517 5343 qui
560 5279 915 5343 susceperunt
952 5272 1004 5324 in
1040 5270 1157 5339 lege
1196 5279 1402 5322 natura:
1434 5279 1488 5323 et
1521 5267 1789 5324 libertatis
1818 5266 2002 5320 indita:

425 5366 496 5420 iis
528 5365 707 5428 initio,
735 5361 1000 5432 quidquid
1040 5359 1286 5429 pervenit
1326 5360 1391 5411 ad
1427 5374 1520 5413 eos
1557 5375 1622 5412 ex
1663 5355 2002 5427 evangeliea-

431 5458 580 5512 tione
604 5472 698 5525 per
724 5468 1053 5518 sermonem,
1082 5461 1137 5506 et
1162 5465 1270 5506 non
1302 5460 1430 5505 sunt
1460 5452 1674 5515 morati,
1707 5452 1799 5505 sed
1831 5448 2000 5518 parati

429 5547 782 5610 festinarunt,
813 5543 1266 5616 quemadmodum
1299 5551 1418 5597 erat
1459 5552 1680 5612 paratus
1708 5550 1864 5613 pater
1907 5555 2003 5595 no-

499 5723 547 5755 ”
581 5721 715 5780 Gen.
747 5738 847 5790 sn,
877 5722 926 5778 ί.
1002 5723 1044 5755 ⁹¹
1090 5721 1231 5777 Psal.
1263 5735 1420 5786 xvm,
1443 5719 1496 5774 8.

2095 4171 2218 4211 eum
2248 4157 2390 4212 Deus
2417 4159 2602 4214 dicens
2627 4177 2640 4213 :
2677 4159 2781 4213 Exi
2810 4161 2873 4213 de
2903 4169 3044 4213 terra
3079 4173 3172 4213 tua
3198 4170 3248 4213 et
3275 4160 3340 4214 de
3367 4161 3680 4229 cognatione

2096 4262 2210 4315 tua,
2240 4261 2289 4305 et
2327 4251 2598 4320 ingredere
2640 4262 2834 4306 terram
2871 4268 3032 4321 quam
3073 4253 3347 4307 ostendero
3381 4254 3474 4304 tibi
3512 4252 3594 4314 ";
3627 4260 3680 4304 et

2098 4357 2166 4396 ne
2209 4343 2286 4397 sis
2319 4343 2548 4412 duplicis
2572 4345 2772 4398 cordis.
2810 4343 2876 4398 Et
2908 4354 3130 4412 paratus
3154 4353 3239 4397 est
3264 4342 3542 4396 Abraham
3579 4341 3682 4396 hac

2099 4435 2408 4498 vocatione,
2437 4445 2492 4488 et
2521 4433 2699 4489 factus
2739 4435 2824 4490 eSt
2859 4435 3136 4505 exemplar
3166 4433 3584 4504 incipientibus;
3627 4443 3682 4486 et

2101 4542 2250 4581 nunc
2278 4542 2447 4594 usque
2479 4526 2595 4580 hzec
2621 4527 2836 4580 vocatio
2863 4524 3167 4596 permansit
3199 4525 3408 4594 ingredi
3442 4523 3679 4577 volenti-

2099 4619 2202 4672 bus
2228 4619 2522 4673 secundum
2554 4617 2697 4672 hunc
2727 4619 2982 4683 modum;
3019 4619 3065 4671 si
3098 4619 3172 4672 ita
3204 4617 3430 4687 proinde
3451 4614 3681 4681 egerint,

2103 4718 2161 4761 ut
2190 4723 2285 4762 cor
2316 4722 2506 4762 eorum
2559 4711 2629 4762 sit
2661 4720 2911 4776 paratum
2947 4707 3097 4777 sequi
3145 4706 3405 4776 Spiritum
3447 4705 3560 4766 Dei,
3605 4705 3684 4757 sic

2104 4800 2292 4868 utique
2317 4800 2619 4868 suscipient
2653 4799 3039 4869 promissiones
3063 4813 3186 4853 cum
3229 4795 3441 4865 requie.
3473 4795 3538 4848 Et
3567 4793 3684 4848 hinc

2103 4901 2186 4946 est
2219 4893 2408 4945 borum
2442 4891 2602 4944 ratio.

2176 4982 2462 5038 Secundus
2494 4994 2676 5038 autem
2713 4985 2849 5038 ordo
2873 4997 3060 5039 eorum
3097 4991 3184 5037 est
3217 4981 3308 5052 qui
3343 4979 3572 5034 audiunt
3609 4978 3683 5032 le-

2105 5092 2226 5149 gem
2261 5077 2519 5146 scriptam
2570 5085 2922 5131 attestantem
2966 5076 3035 5131 iis
3079 5075 3342 5145 judicium
3393 5075 3540 5140 quod
3583 5074 3687 5126 erit

2105 5171 2509 5240 peccatoribus,
2535 5181 2590 5224 et
2618 5168 2790 5224 bonas
2811 5168 3200 5239 promissiones
3224 5182 3345 5236 qua:
3364 5173 3529 5242 erunt
3553 5164 3687 5217 bene

2107 5263 2495 5331 Operantibus;
2524 5272 2578 5316 et
2615 5269 2838 5330 propter
2879 5260 2994 5315 [nec
3034 5259 3347 5314 testimonia
3383 5257 3590 5325 scripta
3633 5256 3685 5308 in

2108 5353 2224 5425 lege
2251 5353 2575 5423 evigilarunt
2600 5354 2796 5408 animae
2817 5366 3030 5416 eorum,
3071 5361 3128 5404 et
3155 5365 3377 5420 operam
3421 5349 3688 5402 dederunt

2113 5447 2317 5516 ingredi
2345 5447 2487 5500 lianc
2510 5446 2874 5507 vocationem,
2903 5445 3045 5498 sicut
3067 5443 3144 5496 ait
3179 5440 3346 5494 David
3382 5438 3644 5508 preplieta
3669 5453 3684 5490 :

2111 5537 2218 5593 Lex
2250 5537 2461 5591 Domini
2513 5537 2739 5604 vit'iﬁcat
2789 5536 2997 5590 animas
3051 5535 3134 5600 ⁹¹;
3183 5541 3239 5586 et
3285 5532 3426 5586 dixit
3467 5529 3686 5584 etiam:
