3872 6278
243 311 371 378 1001

1231 313 1286 366 S.
1333 307 1611 366 ANTONII
1653 301 1723 364 bl.
1768 301 2062 364 ABBATIS
2103 307 2488 372 EPISTOL/E.

3362 328 3499 388 1002

252 431 420 488 Verba
449 443 539 486 tua
577 430 750 486 lucent
792 430 947 512 uri/ii,
977 443 1024 485 et
1050 431 1136 485 lex
1167 443 1257 484 tua
1291 432 1436 484 docet
1464 429 1712 498 paruulos
1749 429 1816 482 θ’.
1850 429 1901 490 Α
1925 430 2026 485 bus
2060 433 2214 489 malis
2253 436 2319 490 ad
2366 435 2718 492 divertendos
2747 452 2862 503 eos,
2906 441 2998 509 qui
3035 440 3243 511 ingredi
3275 447 3499 514 cupiunt

241 527 308 580 Et
337 523 598 591 ejusmodi
629 523 1025 594 quamplurima
1078 526 1280 593 scripta
1309 531 1547 578 exstant.
1591 526 1604 538 '

313 662 532 717 Tertius
563 677 692 716 vero
732 662 865 715 ordo
894 671 976 714 est
1009 675 1195 714 eorum
1220 675 1450 728 quorum
1479 659 1644 716 corda
1685 659 1816 714 dura

237 763 388 818 sunt,
416 763 469 807 et
493 752 844 824 perpetrandi
878 753 1084 821 peccati
1111 752 1511 806 assuetudinem
1537 761 1822 806 contraxe-

236 858 365 903 runt
396 866 410 901 :
438 849 791 916 quamobrem
828 847 990 902 infert
1029 847 1171 902 Deus
1200 847 1516 902 misericors
1541 861 1703 916 super
1725 861 1819 900 eos

237 955 513 994 aerumnas
541 947 598 994 et
635 935 1034 1003 tribulationes,
1082 948 1141 994 ut
1181 940 1490 994 excitentur
1522 953 1722 993 arcana
1767 948 1821 994 et

238 1028 588 1082 conscientiae
631 1043 818 1082 eorum
878 1043 989 1097 prze
1044 1027 1389 1084 multitudine
1436 1027 1650 1097 illorum
1703 1041 1822 1090 qua:

239 1119 320 1172 eis
359 1102 650 1186 accidunt;
692 1135 895 1190 eosque
939 1111 1219 1188 poeniteat.
1260 1128 1314 1176 et
1356 1126 1726 1180 revertantur,
1767 1127 1822 1174 et

238 1221 638 1283 pra-parentur,
683 1217 738 1264 et
771 1208 1149 1280 ingrediantur
1188 1210 1328 1262 hanc
1373 1208 1735 1272 vocationem,
1769 1216 1822 1262 et

239 1301 624 1369 paenitentiam
651 1310 818 1372 agant
838 1314 902 1354 ex
935 1309 1046 1359 toto
1073 1299 1274 1373 corde;
1300 1307 1352 1353 et
1375 1300 1674 1368 suscipiant
1699 1314 1822 1368 pro-

239 1391 556 1456 missiones,
588 1392 726 1446 sicut
759 1391 848 1445 alii
885 1391 990 1445 duo
1027 1391 1263 1454 ordines,
1301 1390 1506 1460 primus
1540 1398 1595 1444 et
1625 1403 1821 1443 secun-

215 1478 362 1570 Ldus.
398 1482 465 1552 Hi
496 1484 710 1555 quidem
756 1493 888 1538 sunt
912 1471 1287 1538 tres‘ordines
1326 1472 1522 1552 quibus
1561 1493 1822 1542 vocantur

228 1575 437 1636 ,animze
464 1585 806 1630 revertentes
846 1576 913 1634 ad
945 1575 1255 1638 Dominum,
1284 1576 1349 1628 ad
1382 1574 1819 1642 consequendam
1907 1591 1913 1596 ~

239 1666 474 1731 gratiam
507 1665 603 1722 Dei
624 1664 748 1721 Filii
779 1665 896 1722 Dei.

1921 525 2141 592 januam
2178 530 2451 597 puritatis.

2003 615 2196 672 Verum
2237 620 2284 674 si
2325 620 2507 674 anima
2559 621 2863 678 instruatur
2905 635 3165 694 perpetua
3214 629 3498 697 patientia.

1927 714 2090 774 atque
2123 706 2449 764 testimoniis
2485 724 2604 778 qua:
2646 711 2715 766 ab
2746 711 2976 779 ipsomet
3003 713 3111 768 Deo
3137 726 3285 779 sunt,
3325 707 3502 785 spiri-

1930 807 2016 851 tus
2037 807 2261 853 sanctus
2286 799 2538 854 edocebit
2568 803 2935 868 intellectum,
2961 813 3018 860 ut
3050 806 3286 860 animam
3316 823 3504 862 enitun-

1928 889 2016 942 det
2042 899 2098 941 et
2134 903 2331 957 corpus
2361 904 2428 943 ex
2470 890 2556 945 his
2596 891 2766 945 tribus
2809 895 3062 949 motibus.
3098 894 3154 949 Si
3184 910 3314 950 vero
3344 896 3504 952 homo

1904 981 2318 1048 contempserit
2343 981 2456 1036 [nec
2490 983 2793 1054 testimonia
2829 993 2882 1039 et
2905 985 3224 1040 documenta
3247 1002 3365 1057 quae
3390 989 3503 1058 jam

1931 1071 2173 1155 audivitb
2209 1082 2335 1126 tunc
2382 1074 2748 1142 praevalebunt
2797 1078 3054 1134 adversus
3101 1094 3224 1134 eum
3281 1082 3504 1150 spiritus

1930 1161 2078 1231 mali,
2108 1170 2162 1216 et
2189 1161 2546 1231 inquinabunt
2571 1179 2767 1234 corpus
2795 1166 2930 1234 ejus,
2955 1169 3302 1239 ambigetque
3324 1172 3504 1226 anima

1931 1251 2075 1306 illius
2118 1253 2258 1307 unde
2292 1254 2468 1308 veniat
2498 1255 2598 1316 sibi
2631 1257 2909 1313 auxilium.
2944 1260 3015 1314 At
3055 1261 3100 1315 si
3132 1277 3347 1317 reversa
3393 1264 3505 1318 fue-

1933 1341 2024 1406 rit,
2059 1351 2112 1395 et
2146 1344 2436 1402 adhaeserit
2457 1343 2678 1413 Spiritui
2707 1346 2916 1411 salutis,
2947 1356 3055 1403 tum
3092 1361 3380 1422 cognoscet
3409 1368 3503 1422 pa-

1932 1429 2175 1507 tientiam
2213 1447 2332 1500 qua:
2367 1443 2449 1488 est
2491 1435 2543 1488 in
2580 1434 2828 1500 Domino,
2860 1454 2978 1494 esse
3015 1441 3098 1494 sui
3141 1443 3380 1510 requiem
3421 1453 3506 1497 at-

1930 1535 2034 1588 que
2089 1537 2296 1592 pacem.
2335 1524 2460 1579 Haec
2512 1537 2689 1581 autem
2743 1530 2882 1583 dicta
2935 1545 3054 1598 quae
3094 1533 3224 1594 dixi,
3262 1543 3388 1588 sunt
3439 1536 3506 1588 ad

1932 1615 2276 1668 concordiam
2315 1619 2559 1686 corporis
2585 1629 2638 1674 et
2683 1620 2874 1678 animae
2907 1622 2958 1675 in
2999 1623 3333 1690 poenitentia.
3369 1625 3507 1679 Cum

1932 1720 2061 1759 vero
2114 1719 2437 1762 consecutus
2491 1710 2656 1764 fuerit
2704 1711 3010 1770 intellectus
3057 1716 3286 1780 gratiam
3342 1717 3504 1778 hanc.

313 1799 444 1857 Dico
489 1805 702 1864 autem,
755 1815 944 1857 omnes
997 1800 1090 1871 qui
1145 1800 1376 1870 ingressi
1428 1809 1554 1854 sunt
1602 1813 1668 1853 ex
1714 1806 1825 1850 toto
1859 1786 1901 1840 Β
1933 1805 2042 1853 tum
2079 1810 2282 1868 quaaret
2321 1801 2582 1870 Spiritum
2622 1813 2890 1871 sanctum,
2928 1815 2983 1861 et
3017 1806 3238 1875 incipiet
3271 1808 3508 1875 abjicere

237 1891 406 1947 corde
431 1906 551 1955 suo,
585 1890 658 1945 ita
699 1889 948 1945 ediscant
994 1891 1336 1960 patientiam,
1370 1899 1426 1944 ut
1457 1889 1599 1944 hosti
1632 1889 1824 1943 adver-

239 1984 352 2039 sari
385 1982 618 2038 valeant.
651 1982 821 2036 Porro
852 1991 978 2036 ante
1011 1984 1193 2037 omnia
1221 1982 1456 2051 Spiritus
1481 1991 1703 2036 sanctus
1728 1995 1824 2035 eos

241 2081 424 2134 vocat,
459 2082 514 2132 et
543 2073 729 2127 omnia
755 2071 876 2126 illis
904 2071 1084 2126 facilia
1117 2073 1314 2136 reddit,
1348 2080 1406 2126 ut
1437 2072 1504 2127 iis
1539 2065 1822 2126 dulcescat

242 2159 524 2235 ingressus
545 2163 612 2218 ad
642 2162 1045 2231 paenitentiam,
1077 2172 1130 2216 et
1161 2164 1398 2218 ostendit
1428 2162 1535 2217 illis
1564 2163 1681 2216 vias
1708 2162 1824 2231 ejus

241 2255 542 2312 secundum
574 2255 882 2319 veritatem,
907 2265 966 2308 ut
989 2269 1085 2310 eos
1114 2255 1376 2323 poeniteat
1408 2255 1602 2324 spiritu
1631 2263 1686 2308 et
1712 2269 1826 2308 cor-

240 2359 409 2414 pore;
447 2353 503 2400 et
528 2355 870 2403 revertantur
897 2347 965 2401 ad
1001 2347 1170 2402 Deum
1207 2357 1534 2411 creatorem,
1578 2345 1669 2416 qui
1701 2362 1825 2400 cor-

241 2435 527 2499 roborabit
550 2451 646 2511 eos
679 2437 743 2492 ad
774 2440 1132 2492 coercendum
1169 2449 1365 2504 corpus
1387 2444 1442 2489 et
1468 2433 1739 2504 spiritum,
1768 2442 1827 2486 ut

236 2526 509 2594 ,mundent
554 2529 719 2583 verba
769 2544 898 2594 sua,
951 2537 1008 2583 et
1051 2527 1299 2583 haeredes
1348 2526 1652 2581 eﬂiciantur
1701 2525 1826 2581 vitae

239 2627 480 2672 aeternae.
519 2616 732 2688 Corpus
776 2627 958 2673 autem
994 2627 1276 2673 coercetur
1321 2615 1491 2670 multo
1517 2614 1726 2684 jejunio
1770 2624 1826 2668 et

242 2705 447 2774 vigiliis
483 2716 539 2761 et
568 2706 982 2773 certaminibus,
1024 2721 1090 2762 ac
1123 2705 1348 2775 reliquis
1385 2704 1727 2769 ministeriis,
1772 2712 1826 2756 et

243 2799 434 2854 labore
474 2798 745 2856 fructuum
780 2797 1172 2868 corporalium.
1213 2797 1396 2862 Quare
1437 2796 1666 2866 spiritus
1709 2810 1823 2863 pce.

244 2890 488 2946 nitentia;
528 2891 636 2945 erit
687 2890 814 2944 huic
859 2890 912 2945 in
955 2889 1420 2954 consolationem,
1473 2886 1830 2955 edocebitque

243 2994 368 3035 eum
414 2997 482 3035 ne
529 2991 836 3038 revertatur
877 2991 1063 3045 retro,
1106 2989 1162 3034 et
1211 2995 1277 3033 ne
1318 2979 1522 3033 haereat
1577 2978 1827 3046 cuiquam

1928 1889 1996 1941 ab
2027 1890 2203 1942 anima
2232 1891 2410 1943 omnia
2437 1891 2605 1944 ardua
2637 1906 2758 1960 quae
2785 1892 3038 1948 eveniunt
3064 1908 3094 1946 a
3118 1894 3508 1963 concupiscen-

1931 1978 2018 2038 tiis
2049 1979 2246 2035 cordis.
2282 1980 2377 2035 llic
2420 1991 2599 2037 autem
2643 1981 2898 2051 Spiritus,
2939 1984 2983 2039 si
3037 1984 3503 2055 participationem

1932 2071 2182 2130 habuerit
2223 2087 2346 2135 cum
2380 2073 2652 2130 intellectu
2686 2077 2754 2128 ob
2789 2086 3175 2145 praeceptorum
3213 2092 3334 2146 qua:
3364 2079 3504 2133 didi-

1928 2166 2005 2217 cit
2041 2164 2468 2229 observantiam,
2503 2165 2654 2224 illum
2695 2167 2893 2236 diriget
2923 2169 2989 2223 ad
3023 2169 3356 2226 amovendas
3392 2169 3509 2224 sin-

1928 2255 2082 2325 gulas
2138 2257 2206 2310 ab
2257 2255 2438 2314 anima
2479 2258 2772 2326 passiones,
2825 2273 2944 2326 quae
2973 2257 3086 2328 jam
3146 2261 3360 2328 corpori
3413 2263 3510 2316 ad-

1931 2347 2104 2399 mistac
2146 2357 2313 2414 stant;
2362 2363 2463 2402 nec
2501 2363 2606 2402 non
2643 2350 2924 2417 passiones
2969 2350 3017 2408 ei
3058 2350 3358 2418 peculiares
3387 2366 3508 2420 qua:

1931 2437 2006 2490 illi
2053 2438 2260 2501 insunt,
2313 2437 2526 2507 penitus
2564 2437 2746 2498 evellit
2779 2454 2810 2502 a
2850 2440 3054 2492 vertice
3099 2440 3294 2508 capitis
3339 2455 3508 2509 usque

1931 2529 1998 2584 ad
2033 2529 2198 2588 intum
2227 2529 2460 2598 pedum;
2495 2538 2550 2584 et
2577 2530 2765 2588 oculos
2805 2530 3009 2600 dirigit,
3052 2541 3108 2586 ut
3135 2532 3352 2589 luceant
3385 2549 3506 2587 cum

1946 2619 2270 2674 rectitudine
2297 2630 2351 2674 et
2372 2621 2593 2676 videant
2625 2637 2746 2682 cum
2768 2622 3025 2690 puritate,
3058 2632 3113 2676 et
3138 2638 3206 2678 ne
3232 2635 3511 2681 remaneat

1939 2709 1992 2762 in
2027 2708 2133 2763 illis
2163 2709 2458 2778 quidquam
2486 2708 2754 2773 alienum;
2788 2721 2840 2766 et
2873 2725 3056 2775 aures,
3091 2720 3151 2766 ut
3190 2711 3414 2768 audiant
3455 2714 3506 2765 in

1915 2813 2073 2870 .pace
2094 2838 2110 2863 ,
2148 2807 2476 2853 non‘autem
2519 2799 2572 2853 in
2605 2801 2982 2856 susurratione
3016 2817 3190 2871 neque
3219 2805 3509 2874 opprobrio

1934 2905 2198 2960 unquam,
2227 2890 2322 2945 sed
2352 2889 2404 2943 in
2427 2889 2770 2955 rectitudine,
2801 2901 2856 2946 et
2881 2891 3161 2948 intendant
3186 2893 3238 2948 in
3274 2895 3513 2964 puritate

1933 2991 1986 3036 et
2017 2981 2370 3036 miseratione
2394 2981 2445 3042 in
2478 2981 2782 3036 universam
2815 2991 3156 3050 creaturam;
3182 2995 3236 3039 et
3273 2984 3507 3055 linguam

246 3089 428 3129 rerum
455 3073 865 3150 saeculiijus.
895 3072 1108 3140 Aperit,
1131 3071 1395 3140 praeterea
1417 3070 1610 3124 oculos
1635 3071 1830 3123 animae
1858 3107 1904 3168 ο
1939 3070 2145 3142 dirigit,
2180 3081 2240 3126 ut
2282 3071 2539 3141 loquatur
2572 3085 2693 3130 cum
2740 3072 2993 3140 puritate,
3039 3083 3204 3143 atque
3235 3083 3294 3129 ut
3330 3077 3510 3130 anima

245 3161 313 3216 ad
354 3160 732 3230 paenitentiam
760 3175 975 3230 puram,
1013 3167 1075 3212 ut
1115 3159 1366 3226 expietur
1394 3172 1498 3210 una
1542 3172 1666 3212 cum
1705 3171 1829 3211 cor-

248 3268 402 3323 pore,
448 3261 504 3308 et
527 3254 638 3316 sint
668 3253 831 3309 ambo
863 3265 1028 3305 unum
1061 3249 1114 3304 in
1141 3250 1397 3320 puritate.
1432 3249 1555 3304 Haec
1579 3257 1662 3304 est
1683 3250 1826 3302 enim

247 3346 499 3400 doctrina
529 3343 767 3414 Spiritus
798 3342 996 3406 sancti,
1025 3341 1117 3410 qui
1146 3355 1242 3396 eos
1266 3341 1521 3411 pra-cedit
1543 3349 1599 3395 et
1635 3355 1829 3394 emun-

255 3439 373 3501 dat,
427 3437 675 3506 deletque
709 3436 779 3493 ab
823 3434 954 3503 ipsis
999 3445 1224 3488 naturas
1276 3433 1476 3487 invidia
1514 3432 1828 3498 perristas,

261 3544 469 3599 eosque
511 3527 770 3586 transfert
822 3527 888 3582 ad
934 3527 1251 3596 primaevam
1308 3524 1670 3580 conditionem
1713 3537 1833 3590 quae

251 3621 355 3675 fuit
413 3630 544 3676 ante
586 3619 1035 3681 inobedientiam,
1079 3620 1252 3671 donec
1291 3614 1424 3668 nihil
1463 3623 1739 3668 remaneat
1778 3613 1830 3666 in

252 3710 475 3771 homine
500 3724 699 3777 eorum
739 3723 862 3779 qua}
909 3707 1080 3762 hostis
1135 3713 1282 3760 sunt.
1328 3705 1464 3759 Tum
1507 3719 1704 3774 corpus
1749 3718 1833 3758 se-

252 3811 454 3873 quetur
505 3803 846 3859 voluntatem
891 3798 1238 3862 intellectus;
1285 3796 1485 3866 quippe
1529 3795 1833 3850 intellectus

254 3894 482 3954 mundat
515 3893 646 3950 illud
689 3893 742 3950 in
774 3891 896 3947 cibo
930 3901 986 3945 et
1032 3898 1160 3959 potu
1205 3897 1258 3943 et
1293 3902 1486 3942 somno
1519 3902 1582 3942 ac
1616 3886 1836 3955 reliquis

254 3986 376 4058 ejus
403 3986 726 4048 actionibus,
769 3994 824 4038 et
864 3992 1124 4053 perpetuo
1166 3995 1234 4036 ex
1273 3978 1482 4049 Spiritu
1507 3983 1698 4032 sancto
1719 3977 1835 4031 edi-

253 4079 381 4142 scit,
423 4076 882 4148 quemadmodum
919 4073 1055 4130 dixit
1084 4070 1374 4140 Apostolus
1402 4087 1416 4124 :
1450 4068 1686 4138 Subjicio
1715 4085 1834 4120 σοι-ς

252 4187 354 4240 pus
385 4184 578 4230 meum,
620 4178 666 4222 et
704 4167 881 4236 redigo
909 4165 1040 4219 illud
1082 4165 1138 4217 in
1178 4163 1480 4216 servitutem
1520 4160 1586 4212 9’.
1627 4160 1838 4214 Etenim

259 4260 404 4326 haud
446 4273 536 4314 me
562 4258 715 4321 latet,
766 4267 874 4318 tres
921 4255 1100 4310 inesse
1135 4253 1348 4322 corpori
1381 4261 1583 4305 motus.
1625 4251 1839 4304 Primus

256 4351 477 4424 quidem
522 4364 738 4419 semper
768 4347 817 4403 ei
846 4349 1009 4412 inest,
1040 4360 1141 4400 nee
1183 4345 1346 4397 ullam
1380 4343 1638 4410 operaudi
1677 4343 1840 4396 habet

1938 3163 2174 3231 linguam
2203 3163 2438 3216 instruat
2463 3162 2642 3230 eloqui
2668 3173 2926 3231 perpetuo
2952 3164 3093 3219 bona
3121 3181 3139 3219 ;
3163 3167 3361 3220 etenim
3391 3179 3512 3235 pas-

1939 3255 2124 3308 siones
2144 3254 2224 3307 hae
2252 3253 2540 3312 dominatae
2571 3264 2699 3308 sunt
2736 3255 2789 3309 in
2824 3269 2968 3322 eam,
3001 3256 3180 3326 lingua
3215 3259 3506 3318 ttrcdiante.

1935 3345 2080 3399 sicut
2113 3344 2190 3398 ait
2221 3345 2500 3412 apostolus
2532 3342 2769 3399 Jacobus
2800 3363 2812 3397 :
2859 3344 2918 3400 Si
2945 3348 3062 3415 quis
3095 3357 3270 3402 autem
3301 3349 3428 3402 dicit
3459 3365 3512 3404 se

1937 3435 2138 3488 servire
2166 3433 2300 3498 Deo,
2336 3441 2386 3487 et
2433 3450 2538 3487 non
2569 3434 2800 3502 refrenat
2845 3434 3080 3502 linguam
3109 3453 3282 3503 suam,
3312 3438 3511 3492 seducit

1937 3541 2027 3577 cor
2073 3539 2248 3586 suum,
2293 3531 2341 3575 et
2389 3537 2584 3576 uanum
2629 3533 2706 3576 est
2761 3524 3105 3578 ministerium
3149 3525 3260 3594 ejus
3307 3526 3374 3581 ’⁷.
3422 3529 3514 3582 Ait

1937 3615 2101 3670 etiam
2134 3612 2240 3667 alio
2274 3613 2333 3668 in
2371 3612 2491 3668 loco
2520 3633 2531 3667 :
2561 3612 2793 3684 Lingua,
2827 3614 3091 3669 modicum
3121 3620 3328 3686 quidem
3356 3635 3508 3674 ment-

1938 3704 2089 3758 brum
2122 3713 2221 3766 εει.
2258 3713 2305 3758 et
2336 3705 2573 3774 inquinat
2614 3721 2802 3773 corpus
2835 3705 2914 3771 ’3;
2950 3713 3006 3760 et
3029 3706 3292 3776 ejusmodi
3325 3725 3516 3780 quam-

1943 3795 2174 3863 plurima
2218 3795 2270 3848 in
2315 3794 2487 3850 sacris
2521 3805 2736 3850 exstant
2787 3795 3104 3866 Scripturis.
3149 3797 3284 3853 Cum
3336 3809 3513 3854 autem

1938 3886 2325 3941 corroboratus
2351 3886 2517 3942 fuerit
2545 3885 2876 3952 intellectus,
2913 3900 2965 3943 et
2994 3892 3267 3960 acceperit
3291 3906 3357 3945 ex
3387 3892 3514 3961 Spi—

1938 3977 2080 4043 ritu,
2131 3978 2543 4044 emundahitur;
2601 3988 2712 4035 tum
2771 3980 3119 4047 iuvestigabit
3172 3984 3236 4036 de
3291 3983 3516 4054 singulis

1939 4070 2122 4124 verbis
2164 4084 2283 4138 quae
2334 4069 2583 4138 loquetur
2625 4070 2840 4140 lingua,
2890 4080 2946 4123 ut
2981 4071 3124 4124 nulla
3175 4072 3300 4126 insit
3347 4075 3398 4128 itt
3452 4092 3515 4128 ea

1941 4161 2176 4216 carnalis
2217 4161 2504 4220 voluntas;
2538 4169 2701 4230 atque
2743 4163 2806 4216 de
2850 4162 2936 4214 illa
2976 4162 3284 4230 implebitur
3313 4163 3515 4218 dictum

1943 4252 2248 4306 Salomonis
2279 4253 2510 4307 dicentis
2543 4270 2556 4305 :
2598 4250 2668 4305 In
2699 4253 2860 4306 verbis
2895 4269 3011 4322 quw
3058 4254 3185 4306 data
3229 4267 3348 4308 sunt
3394 4257 3518 4311 mihi

1943 4337 1975 4397 α
2013 4344 2137 4407 Deo,
2185 4342 2333 4397 nulla
2377 4352 2455 4396 est
2494 4343 2773 4396 declinatio
2819 4355 2908 4398 aut
2947 4345 3226 4410 obliquitas
3273 4349 3340 4398 ’9.
3382 4348 3518 4401 Dicit

257 4451 582 4514 potestatem
627 4441 747 4496 sine
787 4439 1065 4494 voluntate
1111 4438 1318 4490 animae.
1369 4434 1520 4515 Alter
1557 4448 1684 4487 vero
1718 4447 1837 4488 mo-
1869 4449 1917 4505 ι)
1945 4437 2106 4490 etiam
2143 4452 2155 4487 :
2187 4435 2391 4504 Lingua
2423 4435 2558 4504 justi
2590 4446 2742 4488 sanat
2775 4436 2837 4488 ab
2866 4437 3260 4502 inﬁrmitatibus
3296 4440 3336 4492 ⁸.
3368 4439 3521 4492 lusu-

261 4545 351 4590 tus
376 4547 572 4603 corpus
613 4540 793 4593 movet
823 4531 889 4584 ad
931 4531 1109 4585 cibum
1141 4539 1196 4585 et
1237 4537 1445 4596 potum,
1493 4526 1836 4595 appetibiles,

259 4624 699 4698 quandoquidem
734 4623 886 4678 calor
915 4622 1195 4692 sanguinis
1223 4621 1312 4690 qui
1343 4635 1406 4674 cx
1435 4620 1589 4686 cepia
1613 4619 1840 4672 alimen-

265 4728 445 4774 torum
477 4715 671 4779 oritur,
711 4713 910 4769 bellum
942 4713 1084 4783 gerit
1111 4712 1373 4764 adversus
1417 4725 1637 4778 corpus,
1674 4708 1834 4761 illud-

259 4821 374 4880 que
400 4804 638 4862 deﬂectit
673 4806 739 4858 ad
765 4802 936 4864 malas
963 4800 1450 4870 concupiscentias.
1474 4799 1658 4865 Quare
1678 4797 1841 4851 Chii-

265 4912 384 4958 stus
433 4899 696 4955 Dominus
738 4903 924 4954 noster
969 4895 1097 4965 (cui
1139 4893 1356 4962 gloria)
1397 4905 1528 4945 suos
1566 4890 1844 4944 admonuit

265 4989 593 5060 discipulos,
621 4988 809 5042 dicens
847 4985 929 5039 eis
973 5001 986 5038 :
1023 4981 1106 5037 Ne
1146 4990 1428 5051 graventur
1471 4981 1634 5032 corda
1676 4988 1846 5033 vestra

267 5082 517 5136 satietate
557 5087 606 5132 et
656 5079 902 5134 ebrietate
940 5075 1010 5126 “.
1059 5073 1122 5127 Et
1157 5071 1357 5126 Paulus
1391 5069 1670 5138 apostolus
1723 5071 1798 5122 ait
1829 5085 1846 5121 :

268 5173 395 5228 Non
423 5169 692 5224 ebrientini
720 5167 858 5230 vino,
882 5180 1058 5234 exquo
1079 5163 1290 5216 luxuria
1307 5161 1453 5216 ⁹⁸·⁹⁶.
1480 5161 1849 5229 Oportetergo

267 5273 330 5320 ut
360 5275 551 5318 omnes
589 5259 679 5332 qui
713 5257 956 5314 habitum
987 5254 1214 5307 induunt
1243 5253 1628 5316 monastlcum,
1662 5251 1847 5304 dicant

269 5371 396 5413 cum
435 5353 603 5408 Paulo
637 5369 650 5412 :_
687 5349 924 5417 Subjicio
955 5363 1144 5414 corpus
1188 5361 1382 5411 meum,
1418 5353 1466 5398 et
1500 5344 1678 5412 redigo
1711 5342 1842 5395 illud

268 5452 325 5506 in
367 5449 694 5503 seruitutem.
753 5441 932 5497 Motus
984 5449 1166 5495 autem
1212 5438 1406 5493 tertius
1430 5447 1602 5492 estex
1633 5435 1845 5505 spiriti-

1945 4543 2064 4598 per,
2097 4537 2150 4582 et
2170 4527 2421 4581 manibus
2450 4526 2538 4578 alii
2569 4535 2694 4580 sunt
2721 4535 2896 4582 motus
2919 4539 3208 4597 operantes
3234 4530 3520 4599 aliquando

1949 4618 2242 4674 secundum
2293 4618 2489 4672 animae
2530 4619 2940 4686 propensionem
2975 4637 2989 4673 :
3031 4619 3171 4688 quod
3215 4635 3347 4675 sane
3380 4622 3520 4676 haud

1951 4717 2377 4764 consentaneum
2425 4718 2532 4772 est,
2579 4724 2700 4762 cum
2747 4709 2971 4778 spiritus
3025 4725 3118 4765 eas
3173 4711 3522 4772 destinaverit

1950 4798 2169 4867 puritati
2208 4805 2262 4852 et
2307 4797 2592 4853 elevationi
2645 4798 2697 4852 in
2733 4799 3005 4870 precibus,
3047 4810 3103 4856 et
3132 4803 3524 4860 misericordiae

1951 4899 2006 4943 et
2037 4887 2378 4960 elargitioni;
2414 4897 2468 4943 et
2498 4888 2824 4956 implendum
2860 4891 2930 4944 sit
2970 4892 3036 4945 de
3065 4890 3172 4947 illis
3205 4895 3347 4962 quod
3388 4895 3521 4948 scri-

1955 4987 2106 5048 ptum
2139 4988 2224 5032 est
2253 4978 2319 5032 de
2353 4980 2559 5031 sanctis
2586 4977 2962 5034 orationibus:
3001 4978 3238 5034 Elevatio
3271 4998 3522 5036 manuum

1948 5083 2184 5121 mearum
2232 5068 2365 5120 sicut
2413 5065 2736 5134 sacriﬁcium
2791 5071 3135 5138 vespertinum
3168 5071 3206 5121 ¹.
3246 5070 3321 5123 De
3365 5072 3525 5124 misc-

1948 5160 2182 5214 ricortlia
2235 5167 2447 5224 autem,
2493 5169 2546 5212 et
2600 5159 2946 5229 elargitione,
2979 5162 3056 5215 ait
3097 5179 3112 5215 :
3156 5160 3348 5216 Manus
3396 5179 3522 5216 ntea-

1951 5252 2116 5320 fortes
2149 5251 2480 5318 elargiuntur
2513 5267 2631 5303 cum
2680 5251 2942 5304 celeritate
2983 5252 3024 5303 ³.
3074 5251 3272 5305 Venter
3311 5267 3525 5321 quoque

1953 5351 2144 5398 caveat
2170 5358 2200 5396 a
2238 5343 2360 5398 cibo
2386 5353 2441 5396 et
2467 5351 2616 5410 potu,
2647 5342 3100 5412 quemadmodum
3128 5343 3259 5395 dicit
3289 5343 3525 5411 Spiritus

1953 5451 2050 5504 per
2085 5436 2322 5505 linguam
2366 5434 2534 5488 David
2577 5453 2590 5487 :
2621 5433 2744 5488 Non
2785 5435 2934 5488 etlam
2965 5450 3082 5487 cum
3113 5433 3333 5501 pra-dita
3368 5436 3526 5489 arido

345 5661 392 5691 θ’
430 5655 571 5712 Psal.
600 5667 787 5716 cxvtn,
817 5651 938 5707 150.
1015 5650 1062 5683 ’³
1101 5650 1116 5702 1
1144 5649 1268 5703 Cor.
1299 5661 1376 5709 rx,
1407 5645 1498 5716 27.
1573 5645 1618 5716 ’ζ
1657 5641 1790 5716 Luc.

1938 5682 1953 5716 ,
1985 5640 2087 5716 54._
2136 5637 2272 5716 _"-"
2313 5635 2583 5716 Ephrem,
2615 5636 2702 5694 18.
2777 5637 2820 5668 ⁹⁷
2859 5635 2975 5693 Jac.
3009 5652 3046 5698 t,
3072 5635 3164 5690 26.
3227 5635 3409 5691 "Jac.
3439 5655 3524 5706 nt,

274 5735 327 5797 ες,
357 5731 411 5786 6.
484 5727 531 5759 ⁸⁸
559 5727 717 5779 Prov.
745 5715 863 5784 rm.
891 5723 942 5776 8.
1022 5722 1038 5751 ¹
1069 5719 1224 5775 Prov.
1255 5715 1458 5783 xu,18.

525 5821 795 5878 ΡΔτειοι.
843 5817 964 5875 (in.
1009 5817 1148 5909 XI...

1537 5717 1557 5746 ¹
1590 5713 1730 5767 Psal.
1762 5713 1886 5779 (ιη,
1917 5714 1974 5767 ‘2.

2070 5709 2090 5740 ³
2133 5708 2292 5763 Prov.
2327 5724 2378 5772 χ,
2408 5709 2459 5760 4.

3171 5805 3250 5864 32
