3868 6282
501 404 640 462 1005

501 609 608 663 cibi
637 615 692 661 et
722 615 881 673 potus
905 612 958 656 et
991 597 1437 658 msatiabilitatis,
1464 595 1791 651 cl-allexerit
1818 594 1966 648 illum
2000 595 2065 645 ad

503 701 620 754 haec
659 698 838 752 anima
882 688 1348 760 concupiscibilis,
1383 686 1768 743 admiscebitur
1815 697 1946 739 sane
1999 683 2073 737 illi

506 789 744 859 potentia
775 783 966 840 hostis.

575 897 766 962 Porro,
820 893 911 965 qui
945 892 1084 946 hanc
1116 904 1426 946 mensuram
1473 897 1528 943 et
1560 886 1852 956 puritatem
1886 899 2074 952 exqui-

502 997 654 1052 runt,
702 985 897 1055 diriget
931 995 1025 1038 eos
1065 981 1297 1052 Spiritus
1346 979 1438 1032 Dei
1475 981 1540 1031 ad
1593 978 1703 1030 vias
1748 984 1966 1040 rectas;
2025 982 2079 1027 et

506 1078 716 1149 paritas
744 1082 797 1130 et
823 1073 1005 1128 carnis
1040 1070 1308 1125 rectitudo
1333 1069 1412 1124 eis
1435 1067 1811 1138 opitulabitur,
1837 1063 2080 1134 implebi-

507 1180 702 1238 turque
735 1168 800 1221 de
833 1164 938 1220 illis
970 1163 1173 1217 dictum
1199 1158 1615 1230 Pauli.apostoli
1652 1156 1880 1216 dicemis
1907 1173 1921 1209 :
1958 1155 2079 1208 Sive

505 1275 626 1329 ergo
655 1255 986 1311 manducatis
1016 1254 1120 1307 sive
1145 1252 1322 1306 bibitis
1353 1260 1401 1302 et
1431 1247 1684 1319 quidquid
1715 1247 1910 1314 facitis,
1937 1245 1992 1296 id
2016 1244 2079 1295 sit

502 1355 560 1408 in
583 1351 812 1424 gloriam
843 1347 939 1402 Dei
967 1347 1010 1400 ⁸.
1039 1345 1172 1398 Nam
1205 1343 1250 1396 si
1284 1340 1497 1410 corpori
1534 1339 1919 1406 praevaluerint
1943 1349 2082 1404 prae--

509 1443 792 1500 memorati
828 1450 937 1494 tres
970 1445 1167 1501 motus,
1200 1433 1438 1501 illudque
1475 1446 1506 1484 a
1539 1429 1865 1484 rectitudine
1909 1426 2082 1479 abdu-

508 1533 971 1603 xerint,rcupieus
1012 1529 1239 1584 salutem
1295 1523 1591 1581 secundum
1639 1520 1921 1574 veritatem
1939 1557 1970 1583 ,.
1992 1531 2085 1571 eos

505 1641 632 1680 cum
670 1621 856 1691 requie
878 1635 909 1673 a
940 1633 999 1673 se
1027 1615 1322 1678 amovebit,
1353 1613 1722 1682 persistetqne
1748 1609 1800 1661 in
1827 1607 2080 1676 puritate.

511 1713 958 1783 Quandoquidem
989 1709 1223 1778 Spiritus
1246 1705 1360 1774 jam
1382 1704 1558 1758 factus
1583 1710 1666 1756 est
1694 1701 1818 1754 huic
1845 1697 2076 1768 asylum,

511 1819 674 1876 atque
725 1803 1038 1858 fortitudine
1082 1799 1228 1854 illum
1275 1795 1514 1865 augebit,
1567 1801 1621 1848 et
1663 1793 1968 1860 exstinguet
2017 1790 2085 1842 ab

513 1899 604 1953 illo
633 1897 814 1951 omnia
849 1903 1004 1948 mota
1036 1892 1088 1946 in
1141 1903 1264 1944 eum
1296 1887 1460 1948 mala.
1493 1882 1944 1954 quemadmodum
1985 1894 2083 1934 nos

515 1991 669 2045 docet
699 1985 896 2041 Paulus
930 1980 1208 2052 apostolus
1248 1979 1432 2033 dicens
1458 1993 1470 2029 :
1502 1971 1824 2040 Mortiﬁcate
1854 1969 2088 2024 membra

505 2094 684 2139 vestra
714 2095 831 2152 qua:
870 2090 1028 2146 super
1067 2085 1287 2135 terram,
1333 2083 1533 2133 nempe,
1571 2063 1994 2134 fornicationem,
2040 2067 2088 2112 et

498 2171 933 2234 immunditiam,
975 2176 1022 2220 et
1063 2165 1366 2234 passiones,
1409 2167 1458 2212 et
1506 2156 1676 2210 maias
1718 2152 2092 2220 concupiscen-

513 2269 616 2321 tias
648 2265 704 2331 ⁶-;
735 2278 799 2318 ac
824 2261 1028 2328 reliqua
1061 2255 1347 2327 ejusmodi.
1383 2251 1556 2306 Pedes
1588 2262 1828 2317 quoque,
1866 2245 1910 2299 si
1947 2243 2088 2298 haud

514 2355 647 2412 recti
683 2352 901 2418 iuerint,
935 2363 1036 2403 nec
1078 2341 1474 2400 ambulaverint
1515 2339 1809 2394 secundum
1863 2334 1954 2390 Dei
1994 2349 2093 2387 vo-

516 2447 778 2502 luntatem
807 2446 861 2498 in
887 2443 1171 2506 libertate;
1193 2452 1289 2492 cor
1313 2434 1458 2502 quod
1483 2431 1762 2499 impletum
1791 2439 1873 2483 est
1894 2427 2090 2498 gratia,

514 2537 781 2600 custodit,
811 2544 868 2591 et
907 2532 1089 2603 dirigit
1125 2529 1423 2585 secundum
1482 2523 1815 2577 voluntatem
1854 2518 2094 2588 Spiritus

515 2631 716 2698 sancti,
741 2635 808 2686 ad
834 2624 1236 2683 inserviendum
1262 2619 1484 2690 optimis
1515 2617 1568 2670 in
1600 2615 1785 2677 rebus,
1815 2621 1873 2666 ut
1895 2627 2095 2678 corpus

499 2721 774 2780 °omnibus
796 2718 950 2772 bonis
976 2713 1310 2785 perﬁciatur,
1340 2719 1394 2764 et
1417 2709 1706 2762 reducatur
1732 2704 1833 2759 sub
1857 2703 2094 2773 Spiritus

498 2815 688 2871 ἐθηειὶ
714 2810 1070 2882 potestatem.
1110 2805 1257 2860 Sane
1289 2802 1431 2866 dico,
1464 2813 1664 2869 corpus
1698 2796 2094 2866 hujuscemodi,

497 2908 622 2976 'jam
659 2903 928 2974 particeps
959 2898 1210 2954 effectum
1241 2909 1361 2950 esse
1384 2892 1612 2962 corpori
1642 2899 2017 2961 resurrecturo
2040 2887 2094 2942 in

499 2995 916 3053 ‘resnrrectione
948 2990 1244 3061 justorum.
1294 2983 1408 3038 Hoc
1445 2991 1624 3036 autem
1667 2981 1997 3035 assentimus
2027 2979 2098 3032 ob

498 3090 712 3142 anima:
749 3084 1047 3155 passiones,
1080 3093 1201 3146 quae
1247 3091 1372 3130 cum
1405 3074 1618 3143 corpori
1659 3071 1934 3141 permisla!
1965 3070 2093 3132 sint,

504 3179 648 3234 'illud
676 3182 974 3231 moventet
1009 3169 1275 3225 inclinant
1305 3165 1370 3220 ad
1403 3164 1628 3234 spiritus
1659 3162 1856 3225 malos,
1891 3159 1977 3213 bis
2010 3158 2096 3211 in-
2123 3160 2170 3220 α

506 3269 824 3324 servientes
869 3261 1124 3317 omnibus
1185 3259 1237 3311 in
1291 3254 1571 3310 membris.
1625 3251 1756 3304 Dico
1805 3259 2092 3320 praeterea,

515 3361 655 3416 Ilios
683 3356 919 3411 animam
932 3351 1146 3406 'habere
1178 3354 1375 3409 motus,
1406 3353 1465 3399 ut
1488 3344 1694 3399 dictum
1715 3350 1821 3402 est,
1847 3354 1982 3410 quos
2009 3354 2098 3394 vo-

518 3452 604 3509 bis
635 3449 874 3504 indicare
903 3443 1171 3498 volumus.
1214 3440 1281 3494 Et
1310 3447 1436 3492 sunt
1466 3434 1738 3505 superbia,
1783 3433 1948 3486 variae
1972 3447 2098 3502 pas-

519 3549 699 3602 siones
729 3558 758 3596 a
785 3537 1127 3610 passionibus
1150 3532 1414 3601 corporis,
1443 3527 1644 3597 injuria
1670 3523 1981 3580 hominibus
2013 3522 2098 3577 in-

521 3637 766 3700 ferenda,
796 3633 897 3695 ira,
931 3623 1368 3698 pnsillanimitas,
1397 3619 1599 3676 oblivio
1625 3632 1688 3673 ac
1719 3616 1940 3684 reliqua:
1971 3628 2097 3683 pas-

520 3729 720 3782 siones.
765 3719 916 3788 Quod
961 3718 1005 3770 si
1052 3713 1229 3768 anima
1271 3712 1379 3764 Deo
1419 3723 1542 3762 sese
1570 3705 1855 3761 tradiderit
1887 3720 1956 3759 ex
1987 3713 2098 3758 t0ta

523 3829 619 3871 sua
648 3813 865 3874 virtute,
902 3805 1196 3874 elargietur
1223 3800 1272 3854 ei
1308 3801 1447 3853 Deus
1481 3797 1720 3867 Optimus
1759 3810 1943 3849 veram
1977 3809 2096 3863 poe-

523 3905 826 3968 nitentiam,
854 3908 910 3955 et
941 3892 1253 3952 emundabit
1284 3891 1524 3959 singulas
1553 3889 1670 3958 ejus
1698 3887 2000 3956 passiones,
2034 3895 2096 3941 ut

523 3996 772 4054 deﬂectat
802 3992 870 4045 ab
901 3990 1001 4054 eis,
1031 4001 1101 4041 ne
1124 3982 1448 4055 praevaleant
1467 3979 1728 4034 adversus
1759 3994 1879 4033 eam
1912 3988 2090 4032 motus

523 4090 892 4150 inimicorum,
930 4077 1293 4136 mediantibus
1325 4070 1713 4129 tentatiunibus
1748 4088 1761 4124 :
1800 4070 1998 4124 etenim
2033 4084 2098 4123 ea

523 4193 610 4240 est
635 4193 821 4237 eorum
854 4173 1102 4237 intentio,
1143 4180 1200 4224 ut
1230 4169 1298 4224 ab
1330 4167 1411 4222 eis
1452 4165 1672 4220 minime
1711 4164 1995 4233 eripiatur.
2033 4162 2092 4218 Si

523 4283 704 4332 autem
739 4265 1172 4342 perseveraverit
1201 4263 1252 4316 itt
1282 4258 1542 4330 patientia
1569 4267 1624 4312 et
1661 4258 1804 4312 bona
1838 4256 2100 4311 obedien-

524 4371 597 4423 tia
622 4336 859 4438 Spiritus
881 4359 1078 4422 sancti,
1100 4356 1190 4427 qui
1217 4365 1336 4409 eam
1361 4351 1425 4406 ad
1451 4349 1828 4420 paenitentiam
1847 4336 2096 4412 attrahit,

522 4460 754 4514 Creator
795 4452 1108 4508 misericors
1139 4447 1258 4518 ejus
1304 4443 1650 4499 miserebitur
1683 4441 1987 4505 laboribus,
2029 4439 2102 4494 la-

523 4547 856 4615 boribusque
901 4539 1182 4610 corporis,
1231 4535 1323 4604 qui
1374 4541 1500 4588 sunt
1551 4532 1777 4586 nimium
1809 4530 2096 4598 jejunium,

523 4639 731 4698 crebra:
763 4633 980 4705 vigilite,
1012 4627 1292 4686 meditatio
1322 4623 1631 4679 divinarum
1664 4621 2096 4689 Scripturarum,

524 4733 704 4789 oratio
745 4728 863 4781 sine
891 4719 1322 4779 intermissione,
1354 4713 1562 4768 servire
1581 4710 1835 4766 omnibus
1867 4709 2103 4764 homini-

523 4823 623 4880 bus
655 4821 708 4874 in
740 4815 976 4887 puritate
1005 4809 1206 4875 cordis,
1236 4813 1525 4875 paupertas
1550 4803 1800 4872 spiritus.
1833 4802 1890 4858 Si
1919 4813 2098 4860 autem

525 4915 580 4970 in
612 4914 698 4967 his
746 4903 1197 4978 perseveraverit,
1227 4900 1368 4954 Dens
1394 4899 1634 4968 optimus
1670 4897 1738 4952 ad
1770 4913 1889 4953 eam
1932 4898 2102 4967 respi-

522 5011 653 5073 ciet,
699 5013 930 5069 eamque
964 4994 1259 5050 vindicabit
1289 4992 1358 5047 ab
1400 4991 1653 5047 omnibus
1684 4991 2096 5055 lentationibus,

522 5115 586 5155 ac
605 5113 700 5153 sua
728 5092 921 5160 eripiet
950 5085 1297 5142 miseratione
1321 5102 1336 5137 :
1364 5090 1576 5137 amator
1596 5081 1796 5151 quippe
1821 5081 2096 5135 hominum

522 5199 625 5246 est.
657 5187 828 5254 Quem
867 5183 1022 5237 decet
1054 5179 1192 5244 laus,
1224 5173 1529 5243 Filiumquc
1571 5174 1689 5242 ejus
1734 5175 2091 5246 unigenitum,

524 5298 588 5336 ac
645 5277 909 5348 Spiritum
953 5273 1072 5342 ejus
1123 5279 1371 5326 sanctum
1413 5268 1466 5322 in
1507 5265 1704 5322 saecula
1750 5268 2094 5324 saeculorum.

525 5373 719 5430 Amen.

603 5726 626 5757 ⁵
665 5723 805 5779 Psal.
837 5741 885 5780 ε.
917 5723 972 5778 5.

539 5793 584 5826 “
614 5795 815 5849 Bacch.
848 5809 944 5860 stt,
972 5793 1027 5847 3.
1107 5793 1147 5824 ’ί
1190 5790 1355 5846 Hebr.
1398 5807 1470 5862 tv,
1511 5791 1598 5845 l5.

1581 385 1858 448 Pinnas
1896 376 2193 447 lEGYPTIl
2227 340 2494 447 SIECULI
2533 389 2620 443 tv.

501 518 676 577 oculo,
703 510 985 567 insatiabili
1014 509 1167 563 corde
1202 506 1242 559 ⁵.
1273 506 1328 560 Si
1365 520 1492 560 vero
1526 503 1869 574 prmvaluerit
1903 504 1951 557 ei
1980 503 2064 556 vis
2095 504 2145 560 Α

3563 374 3670 446 teat

2730 497 3064 555 EPISTOLA
3109 498 3166 553 ll.

2179 593 2438 673 Arb/51.508
2483 609 2605 673 suos
2640 595 2929 673 mon-aelios
2954 591 3462 673 tle-promulgatione
3494 595 3612 663 legis,
3637 609 3666 649 et

2248 666 2311 714 de
2347 664 2705 715 incarnatione
2742 661 2835 731 Dei
2895 662 3082 726 Verbi;
3110 678 3293 731 eosque
3325 664 3491 716 incitat
3517 661 3572 717 ad
3601 670 3668 719 int-

2245 733 2435 796 plemla
2465 729 2762 795 prwcepta.’
2789 731 2932 785 Dixit
2955 747 2972 784 :

2250 822 2514 876 Antonius
2545 823 2666 876 ﬁliis
2713 823 2826 876 suis
2858 822 3218 876 dilectissimis
3249 822 3300 875 in
3339 823 3544 877 Domino
3576 803 3683 880 sui!

2181 913 2331 978 bens,
2381 912 2605 966 salutent
2648 913 2794 966 dicit.
2817 905 2992 977 Ecce,
3020 912 3350 967 dileCtissimi
3383 931 3396 966 :
3431 929 3521 968 non
3557 931 3670 970 unum

2183 1012 2392 1058 tantum
2433 1016 2518 1059 est
2550 1015 2780 1074 tempus,
2813 1020 2919 1074 quo
2949 1014 3102 1058 suam
3139 1004 3278 1058 Dens
3305 996 3479 1059 invisit
3512 1018 3667 1060 creatu-

2183 1109 2298 1148 ram
2320 1112 2334 1160 ;
2357 1109 2539 1149 verum
2560 1096 2704 1148 omni
2734 1105 2972 1164 tempore
2990 1111 3018 1148 a
3038 1095 3344 1149 conditione
3375 1097 3538 1149 tnundi
3559 1113 3674 1166 usque

2185 1187 2252 1239 ad
2295 1187 2452 1240 llnern
2499 1188 2636 1256 ejus.
2670 1187 2988 1257 Quicunque
3035 1187 3202 1256 igitur
3232 1188 3419 1255 quaerit
3462 1189 3674 1242 Dominum

2186 1292 2308 1330 cum
2358 1277 2724 1330 sollicitudine
2751 1285 2806 1330 et
2835 1277 3144 1343 dilectione,
3179 1288 3334 1345 prout
3365 1279 3426 1332 ab
3457 1277 3573 1334 illius
3593 1295 3674 1348 per-

2185 1367 2316 1434 cipit
2359 1367 2720 1432 documentis,
2774 1369 2888 1437 ipse
2920 1369 3024 1424 erit
3054 1385 3176 1424 cum
3222 1384 3288 1423 eo
3327 1381 3377 1423 et
3420 1372 3606 1439 gratiam
3640 1376 3670 1422 ci

2186 1461 2445 1530 largietur
2475 1460 2713 1531 Spiritus
2743 1463 2944 1517 sancti.
2972 1461 3106 1517 Cum
3141 1474 3318 1518 autem
3351 1474 3535 1517 natura:
3565 1465 3677 1515 ratio-

2188 1552 2339 1607 nales
2371 1567 2655 1620 corpornm
2681 1553 2993 1623 participes,
3024 1555 3310 1610 inﬁrmata:
3328 1565 3476 1625 atque
3502 1557 3677 1610 alterum

2187 1643 2295 1696 sint
2323 1644 2392 1697 ob
2415 1643 2608 1698 anima:
2633 1656 2830 1709 motus,
2857 1659 2920 1700 ac
2946 1645 3306 1712 mortiﬁcatrr,
3333 1655 3389 1698 ut
3415 1661 3504 1701 non
3529 1646 3676 1699 valeant

2189 1736 2428 1806 cogitare
2461 1738 2527 1791 de
2568 1738 2824 1806 primaria
2857 1739 2940 1793 sui
2969 1738 3305 1800 conditione,
3337 1739 3424 1793 sed
3452 1739 3578 1793 facte
3603 1740 3672 1791 sint

2119 1835 2159 1889 ῃ
2191 1837 2442 1895 tanquam
2489 1828 2820 1898 jnmcutum,
2855 1839 2909 1884 et
2947 1832 3240 1884 servierint
3291 1833 3546 1894 creaturis,
3599 1832 3676 1900 plus

2191 1933 2351 1987 quam
2381 1913 2648 1986 Creatori,
2675 1921 2856 1974 invisit
2882 1921 3107 1976 Creator
3146 1923 3387 1976 omnium
3415 1924 3580 1977 virtute
3604 1935 3676 1976 sua

2194 2010 2450 2064 bonitatis
2477 2026 2629 2065 suam
2654 2022 2958 2067 creaturam
2985 2013 3096 2068 suis
3119 2013 3500 2068 vivilicantibus
3517 2015 3676 2084 legibus.

2193 2099 2292 2167 Qui
2319 2115 2446 2154 vero
2486 2102 2623 2157 hanc
2650 2115 2957 2158 meruerunt
2988 2106 3245 2174 gratiam,
3279 2114 3331 2161 et
3353 2106 3679 2159 ambulaverunt

2195 2190 2248 2244 in
2273 2190 2480 2259 legibus
2510 2207 2577 2247 ex
2604 2201 2712 2248 lota
2744 2209 2842 2248 sua
2872 2194 3072 2249 virtute
3095 2205 3151 2250 et
3185 2197 3467 2261 voluntate,
3489 2207 3529 2250 et
3556 2211 3679 2249 susce-

2195 2293 2395 2351 perunt
2429 2283 2679 2352 spiritum
2716 2285 3012 2353 ﬁliationis,
3043 2297 3099 2342 et
3125 2289 3303 2344 edocti
3333 2299 3449 2343 sunt
3479 2304 3504 2342 a
3536 2287 3677 2356 Spiritu

2199 2385 2407 2437 sancto,
2447 2375 2758 2430 maluerunt
2804 2377 3036 2433 adorare
3069 2379 3402 2445 Creatorem,
3437 2392 3486 2434 ut
3510 2390 3677 2450 oportet.

2189 2465 2345 2534 juxta
2377 2468 2578 2522 dictum
2608 2468 2756 2523 Pauli
2789 2471 3015 2540 apostoli
3046 2491 3060 2527 :
3092 2473 3248 2539 Quod
3279 2475 3330 2528 Iri
3349 2476 3431 2544 qui
3459 2474 3678 2527 testiinoaio

2182 2553 2319 2635 ﬁdei
2375 2572 2486 2609 suae
2539 2557 2766 2624 probati,
2810 2575 2914 2612 non
2956 2563 3251 2626 acceperint
3298 2563 3676 2630 repromissionem,

2200 2658 2430 2702 nostram
2489 2648 2596 2703 Deo
2644 2651 2945 2718 providente
2989 2653 3310 2720 utilitatem,
3349 2671 3408 2708 ne
3448 2655 3541 2707 sine
3580 2653 3678 2704 nobis

2197 2751 2690 2794 consummarentur
2731 2742 2770 2795 ".
2825 2740 2907 2797 Ob
2956 2745 3380 2813 magnitudinem
3422 2756 3570 2798 autem
3608 2753 3679 2795 sua

2199 2828 2458 2883 bonitatis
2498 2831 2640 2898 (cum
2686 2830 2758 2885 sit
2788 2831 2932 2887 Deus
2963 2835 3232 2902 omnium)
3269 2845 3486 2889 nostram
3513 2834 3677 2888 invisere

2197 2920 2370 2973 voluit
2420 2920 2814 2988 iulirmitatem,
2861 2924 3202 2980 c0nstitueus
3252 2927 3397 2980 nobis
3423 2925 3599 2995 Moysen
3633 2926 3677 2975 Ic-

2198 3010 2510 3079 gislatorcm
2538 3051 2552 3077 ,
2606 3013 2762 3081 cujus
2798 3017 3044 3070 manibus
3091 3019 3317 3072 tradidit
3369 3019 3504 3074 nobis
3547 3018 3677 3085 legem,

2203 3104 2488 3172 posuitque
2523 3103 2928 3160 fundamentum
2976 3121 3119 3162 verae
3155 3111 3365 3176 domus,
3399 3125 3503 3180 qua:
3527 3120 3588 3163 est
3614 3106 3678 3158 EC-

2203 3193 2364 3247 clesia
2398 3194 2731 3250 rationabilis
2753 3196 2914 3250 unica
2936 3214 2950 3262 ;
2975 3197 3209 3255 intendit
3235 3217 3451 3271 namque
3473 3200 3678 3254 restituere

2209 3296 2518 3339 creaturam
2554 3285 2620 3340 ad
2647 3287 2962 3356 primariam
2992 3291 3073 3344 sui
3101 3293 3471 3347 conditionem.
3493 3290 3678 3346 Edilica-

2197 3377 2275 3430 vit
2313 3377 2498 3446 itaque
2531 3376 2742 3447 Moyses
2778 3380 3021 3446 domum,
3057 3397 3222 3452 quant
3251 3399 3352 3439 non
3380 3384 3592 3439 absolvit:
3619 3380 3676 3434 sed

2198 3482 2262 3522 ea
2304 3468 2587 3535 derelicta,
2625 3471 2894 3527 discessit.
2942 3473 3084 3528 Deus
3115 3484 3298 3530 autem
3340 3474 3574 3530 substituit
3600 3480 3676 3540 post

2199 3575 2323 3614 eum
2358 3561 2585 3616 chorum
2623 3563 3011 3632 prophetarum
3042 3566 3142 3620 hoc
3171 3569 3356 3624 eodem
3389 3566 3559 3638 Spnitu
3584 3583 3594 3617 :
3617 3561 3675 3630 qui

2201 3651 2540 3706 mdilicarunt
2588 3664 2641 3708 et
2679 3655 2780 3718 ipsi
2826 3670 2986 3723 super
3035 3658 3139 3712 hoc
3187 3662 3369 3714 eodem
3415 3657 3678 3711 fundamento

2202 3743 2344 3811 quod
2387 3753 2639 3809 posuerat
2678 3743 2914 3814 Moyses.
2957 3760 3055 3800 nec
3091 3747 3430 3814 absolverat;
3466 3757 3513 3800 at
3539 3746 3676 3800 disces-

2203 3842 2393 3888 serunt
2435 3842 2489 3887 et
2521 3833 2646 3903 ipsi,
2679 3850 2741 3889 ea
2789 3836 3070 3892 derelicta.
3110 3838 3248 3896 llinc
3284 3850 3452 3910 patres
3491 3840 3533 3892 bi
3563 3834 3674 3890 nostri

2204 3923 2546 3993 spirituales,
2600 3941 2720 3980 cum
2763 3928 3008 3983 morbum
3068 3931 3214 3986 hunc
3254 3930 3564 3987 insanabilem
3602 3939 3676 3982 esse

2201 4017 2486 4083 vidissent,
2504 4029 2769 4075 noverunt
2789 4020 2987 4075 nullam
3015 4034 3383 4079 creaturarum
3405 4025 3530 4080 illum
3547 4030 3676 4078 sanare

2204 4126 2384 4179 posse,
2418 4123 2645 4180 excepto
2668 4112 2784 4167 solo
2815 4112 2995 4168 Patris
3034 4115 3340 4186 Unigeuilo,
3367 4122 3448 4190 qui
3474 4128 3539 4174 est
3562 4118 3674 4170 forma

2220 4205 2336 4273 ejus
2366 4202 2710 4267 aeternitatis,
2741 4217 2837 4272 per
2871 4219 3030 4273 quem
3062 4216 3170 4260 tota
3214 4209 3348 4264 facta
3375 4220 3449 4265 est
3484 4216 3674 4262 creatura.

2215 4309 2336 4363 qua:
2383 4304 2466 4349 est
2522 4295 2638 4362 ejus
2691 4295 3020 4362 similitudo;
3059 4313 3124 4353 ac
3175 4302 3424 4356 certiores
3459 4299 3560 4354 lacti
3597 4304 3676 4348 sunt

2211 4385 2385 4454 ipsum
2408 4385 2672 4440 duntaxat
2697 4400 2820 4440 esse
2839 4386 3183 4443 liberatorem
3205 4400 3259 4444 et
3289 4391 3538 4445 medicum.
3558 4389 3676 4452 Quam

2133 4508 2178 4564 Β
2206 4475 2364 4530 enixe
2393 4485 2654 4544 rogarunt
2685 4490 2782 4545 pro
2806 4479 2961 4532 nobis
2985 4478 3204 4548 (quippe
3229 4495 3404 4534 eorum
3431 4480 3474 4533 in
3497 4475 3677 4532 membris

2191 4581 2392 4620 .sutnus
2420 4566 2735 4636 participes)
2767 4566 3010 4623 dicentes
3047 4588 3060 4624 :
3112 4569 3363 4643 Nunquid
3389 4587 3480 4624 non
3512 4578 3573 4623 est
3602 4566 3675 4616 the-

2206 4658 2352 4710 riaca
2385 4657 2438 4710 in
2467 4657 2702 4724 Galaad,
2726 4669 2815 4710 aut
2846 4662 3119 4717 medicus?
3153 4663 3327 4728 Quare
3353 4664 3496 4732 igitur
3527 4676 3603 4713 non
3624 4671 3676 4708 rt-

2207 4751 2285 4802 nit
2325 4751 2526 4804 sanitas
2554 4750 2684 4819 ﬁlia:
2715 4751 2895 4820 papuli
2929 4753 3028 4806 mei
3063 4753 3127 4808 ‘1’
3156 4753 3395 4809 Dedimus
3436 4764 3579 4807 nostra
3604 4764 3673 4800 rae-

2208 4841 2510 4904 dicamina,
2555 4849 2604 4895 et
2649 4857 2755 4893 non
2795 4849 2872 4896 est
2916 4853 3143 4910 sanata;
3188 4846 3567 4915 derelinquataas
3597 4853 3675 4904 erga

2208 4945 2323 4982 eam
2346 4927 2389 4981 '.
2433 4929 2575 4983 Deus
2608 4937 2788 4985 autem
2834 4929 3064 4985 Verbum
3107 4949 3200 4988 sua
3243 4925 3674 5004 incomprehensibili

2209 5018 2477 5074 charitate
2509 5021 2656 5074 venit
2696 5021 2764 5075 ad
2799 5037 2900 5077 nos
2937 5023 3094 5093 juxta
3139 5027 3352 5081 oracula
3381 5039 3564 5080 suorum
3590 5034 3674 5073 sau-

2209 5119 2420 5164 ctorum
2445 5111 2830 5181 prophetarum
2856 5129 2871 5167 :
2893 5113 3002 5167 Fili
3027 5115 3269 5182 hominis,
3290 5133 3424 5171 sume
3437 5115 3518 5168 tibi
3538 5114 3670 5164 instri-

2209 5209 2440 5254 mentum
2485 5201 2801 5270 captivitatis
2847 5203 2932 5258 ’σε
2978 5205 3121 5274 quod
3166 5218 3248 5261 est
3278 5205 3360 5260 ille
3396 5202 3608 5274 perfectus
3639 5194 3671 5244 in

2211 5289 2381 5358 “Sura
2417 5290 2536 5357 Dei,
2569 5291 2663 5360 qui
2701 5307 2810 5347 non
2843 5293 3102 5362 rapiendo
3128 5295 3298 5364 rapuit
3333 5293 3380 5347 id
3403 5286 3523 5361 quod
3543 5292 3616 5343 est.
3637 5292 3672 5329 se

2211 5398 2330 5438 esse
2365 5382 2625 5453 aequalem
2669 5383 2810 5451 Deo;
2843 5385 2936 5440 sed
2981 5387 3292 5441 humiliatus
3319 5393 3414 5448 est,
3455 5391 3500 5435 et
3533 5370 3671 5438 πίτνει

2207 5475 2435 5530 formam
2479 5476 2624 5531 servi
2662 5475 2739 5547 (et
2781 5477 3114 5534 assimilatas
3162 5489 3242 5534 est
3275 5477 3414 5532 nobis
3449 5464 3671 5526 hominibus

2208 5575 2436 5636 excepto
2469 5576 2689 5636 peccato
2730 5567 2798 5640 “)
2847 5584 3016 5637 usque
3041 5572 3108 5624 ad
3139 5579 3356 5626 mortem
3383 5562 3532 5622 crucis
3559 5565 3669 5622 τραγ

1066 5722 1144 5797 '_l
1170 5718 1295 5797 (lor.
1323 5721 1483 5786 x,3l.
1517 5721 1806 5797 __fColoss.
1841 5737 1923 5792 nt,
1947 5723 2002 5780 5.
2076 5725 2097 5758 "
2131 5723 2295 5783 Hebr.
2329 5742 2406 5795 XI,
2435 5728 2523 5797 39,
2549 5726 2638 5784 40.
2714 5728 2736 5760 ⁸
2769 5726 2968 5785 Jerem.
2990 5744 3106 5797 vrrr,
3149 5727 3235 5785 22.
3309 5728 3328 5759 ’
3358 5724 3528 5781 Jerem.
3555 5707 3649 5776 tt,9
