3872 6278
236 378 381 436 εοοδ

1225 378 1283 434 S.
1325 378 1603 436 ANTONll
1640 379 1709 434 Μ.
1749 380 2042 436 ABBA'llS
2085 382 2466 438 El’lSTOL/E.

3349 391 3483 449 l006

232 504 354 565 pter
381 491 524 564 quod
569 490 824 547 exaltavit
856 491 1004 546 illum
1055 491 1193 547 Deus
1225 494 1416 564 magis,
1460 503 1514 549 et
1549 493 1696 550 dedit
1723 495 1798 548 illi
1835 503 1880 561 Α
1921 495 2221 562 vobiscum,
2257 495 2404 551 ﬁlioli
2438 495 2792 561 dilectissimi,
2827 497 2877 552 in
2912 499 3105 556 saecula
3134 501 3477 560 saeculorum.

233 600 430 641 nomen
483 583 654 654 majus
695 584 947 638 omnibus
993 585 1335 649 nominibus,
1382 594 1441 640 ut
1485 589 1536 640 in
1584 588 1798 642 nomine

227 675 354 731 Jesn
404 688 565 730 omne
597 689 734 743 genu
781 672 1046 738 ﬂectatur,
1093 674 1413 738 caelestium,
1461 677 1794 730 terrestrium

226 778 280 820 et
331 763 696 831 infernarum;
738 774 797 819 ut
841 765 1020 820 omnis
1068 766 1243 834 lingua
1288 767 1628 829 conﬁteatur,
1674 767 1798 835 quia

225 858 387 914 Iesus
413 866 495 912 est
529 851 806 921 Dominus,
837 866 891 911 et
923 857 1092 925 gloria
1123 858 1214 912 Dei
1247 857 1422 912 Patris
1450 857 1512 909 ¹’.

296 948 352 1002 lu
386 957 657 1016 posterum
700 945 903 1016 itaque,
937 948 1291 1012 dilectissimi,
1321 950 1391 1004 sit
1424 951 1577 1004 vobis
1619 965 1796 1004 sermo

223 1039 315 1093 hic
349 1037 700 1101 manifestus,
739 1039 879 1106 quod
911 1039 1049 1092 Deus
1082 1037 1244 1092 Pater
1273 1053 1366 1092 sua
1410 1039 1649 1093 bonitate
1684 1052 1794 1092 non

167 1169 176 1178 .
226 1130 523 1199 pepercerit
559 1128 696 1184 Filio
724 1144 821 1183 suo
867 1129 1159 1198 uuigenito,
1194 1129 1289 1184 sed
1331 1130 1613 1185 tradiderit
1648 1129 1794 1184 illum

223 1235 323 1290 pro
371 1230 552 1275 nostra
601 1220 920 1275 liberatione
959 1220 1028 1275 ab
1077 1221 1453 1291 iniquitatibus
1496 1222 1695 1277 nostris
1743 1230 1797 1276 et

220 1315 458 1383 peccatis
502 1315 705 1368 nostris
734 1310 812 1378 ¹³;
846 1324 900 1366 et
935 1313 1245 1369 humiliatus
1279 1324 1360 1369 εει
1401 1329 1498 1383 pro
1535 1314 1711 1377 nobis,
1742 1323 1796 1368 et

218 1404 434 1459 sanavit
474 1419 574 1470 nos
621 1404 734 1459 suis
773 1404 1079 1469 doloribus,
1128 1415 1182 1460 et.
1225 1405 1388 1461 verbo
1429 1407 1642 1460 virtutis
1684 1420 1795 1459 suae

218 1495 478 1548 adunavit
520 1511 616 1549 nos
662 1510 725 1549 ex
769 1507 998 1564 quatuor
1039 1505 1198 1551 terra}
1237 1496 1548 1551 cardinibus
1575 1505 1794 1565 totoque

221 1587 501 1642 habitabili
530 1589 698 1648 orbe;
731 1587 1118 1658 constituitque
1149 1589 1303 1642 nobis
1338 1589 1790 1642 resurrectionem

217 1688 274 1733 et
307 1678 533 1734 salutem
573 1693 604 1731 a
637 1679 835 1733 nostris
878 1679 1148 1749 peccatis,
1186 1694 1247 1733 ac
1284 1678 1512 1732 invicem
1548 1692 1644 1732 nos
1675 1689 1794 1730 esse

221 1763 485 1833 membra,
539 1768 796 1824 certiores
833 1768 980 1823 fecit.
1023 1767 1174 1836 Rogo
1217 1769 1399 1836 itaque
1445 1783 1563 1830 vos,
1600 1767 1794 1822 fratres

1911 587 2102 641 Amen.

2469 677 2796 735 EPISTOLA
2832 679 2915 735 III.

1906 765 1989 818 Ad
2016 769 2312 843 ﬁliossuos
2346 771 2625 843 monncjtos
2650 786 2667 823 :
2693 788 2822 843 quos
2847 772 3031 826 incitat
3059 775 3129 826 ad
3157 776 3479 843 operandam

1982 840 2380 891 auctoritatibus
2410 855 2474 892 ea:
2509 838 2812 910 Evangelia,
2839 851 2888 894 et
2911 838 3358 910 ApostolofDixit
3387 862 3406 898 :

1977 953 2151 1008 Filioli
2201 954 2325 1017 mei,
2376 955 2536 1008 homo
2575 955 2854 1011 rationalis
2885 957 2930 1010 si
2977 968 3310 1027 praeparetur
3362 959 3479 1012 vino

1906 1045 2086 1100 dicare
2127 1058 2247 1100 sese
2285 1045 2335 1098 in
2383 1045 2690 1101 libertatem
2737 1047 2789 1100 in
2836 1047 2926 1102 die
2955 1049 3220 1102 adventus
3264 1049 3475 1103 Domini

1905 1137 2072 1191 nostri
2141 1134 2262 1189 Iesu
2314 1134 2537 1196 Christi,
2594 1145 2851 1204 agnoscat
2912 1138 3257 1207 semetipsum
3319 1139 3478 1193 intel-

1904 1226 2114 1280 lectuali
2149 1226 2486 1290 substantia;
2543 1241 2663 1277 nam
2696 1228 2784 1292 qui
2814 1229 3060 1295 agnoscit
3094 1230 3472 1298 semetipsum,

1903 1318 2147 1388 agnoscit
2186 1325 2238 1369 et
2269 1315 2698 1384 dispensationes
2729 1316 3004 1372 Creatoris
3035 1320 3087 1373 in
3122 1319 3236 1388 ejus
3263 1330 3476 1376 creatu-

1903 1425 1992 1463 ras
2020 1407 2396 1461 dilectissimas
2431 1406 2482 1459 iu
2515 1406 2763 1471 Domino,
2797 1417 2851 1461 et
2885 1423 3072 1463 earum
3103 1411 3474 1480 participatio-

1902 1513 2023 1552 nem
2061 1497 2111 1550 iu
2148 1505 2346 1550 aeterna
2390 1496 2705 1548 haereditate
2740 1496 3169 1566 participationis
3203 1500 3471 1554 membro.

1903 1603 2018 1640 rum
2051 1597 2384 1640 sanctorum.
2417 1585 2597 1650 Quare
2631 1600 2761 1656 rogo
2792 1601 2885 1640 vos
2921 1586 2973 1640 in
3013 1588 3230 1643 nomine
3258 1588 3469 1643 Domini

1902 1676 2071 1731 nostri
2117 1673 2242 1730 Jesu
2283 1674 2509 1737 Christi,
2549 1685 2603 1726 ut
2650 1676 2876 1745 impigre
2909 1686 3086 1731 vestra
3119 1678 3340 1734 solvatis
3375 1680 3470 1734 de-

1900 1767 2006 1820 bita
2055 1765 2302 1831 Domino,
2349 1775 2406 1819 ut
2445 1765 2739 1835 elargiatur
2767 1766 2918 1820 vobis
2943 1768 3192 1823 omnibus
3222 1770 3470 1837 spiritum

220 1858 580 1926 dilectissimi,
610 1859 662 1912 in
707 1857 922 1914 nomine
954 1859 1162 1914 Domini
1195 1858 1364 1913 nostri
1393 1857 1520 1913 Jesu
1566 1858 1789 1923 Christi,
1821 1862 1863 1917 Β
1893 1859 2236 1913 discretionis
2291 1859 2357 1910 ad
2423 1858 2836 1912 discernendum
2896 1867 2952 1912 ct
3005 1862 3465 1929 cognoscendum,

219 1961 277 2005 ut
312 1951 619 2020 agnoscatis
653 1950 790 2006 hanc
834 1965 1084 2020 magnam
1119 1951 1574 2020 dispensationem
1597 1989 1610 2015 ,
1647 1949 1793 2005 scili-

218 2051 308 2097 cet
336 2043 499 2096 Deum
535 2039 770 2096 Verbum
806 2040 959 2097 nobis
989 2056 1110 2097 esse
1147 2041 1504 2096 assimilatum
1539 2040 1592 2094 in
1625 2041 1794 2096 omni-

219 2134 321 2188 bus
345 2143 539 2202 practer
562 2143 864 2202 peccatum.
891 2125 1024 2187 Nam
1054 2144 1478 2188 consentaneum
1511 2141 1597 2188 est
1625 2131 1794 2186 omni-

219 2225 322 2280 bus
365 2223 576 2280 ratione
625 2224 884 2295 pratditis,
941 2227 1042 2279 hoc
1071 2227 1211 2279 scire
1245 2225 1542 2279 secundum
1578 2223 1793 2278 intelle-

219 2315 453 2370 ctualem
489 2315 776 2380 rationem,
802 2329 867 2370 ac
895 2323 955 2368 ut
985 2313 1481 2382 distinguantinter
1511 2314 1709 2366 bonum
1740 2319 1792 2363 et

221 2406 443 2472 malum,
491 2416 549 2462 ut
593 2406 745 2462 liberi
788 2421 908 2461 esse
959 2415 1159 2475 queant
1190 2405 1240 2459 in
1275 2403 1390 2473 ejus
1438 2406 1667 2457 adventu
1724 2400 1791 2453 ad

221 2514 341 2552 nos.
382 2497 480 2564 Qui
514 2507 691 2552 autem
722 2496 875 2552 liberi
908 2503 1034 2550 sunt
1067 2493 1279 2559 eﬂecti,
1315 2491 1542 2562 ejusque
1574 2489 1793 2558 dispen-

219 2595 429 2648 satione
464 2592 544 2646 usi
575 2600 720 2654 sunt,
757 2591 809 2644 hi
845 2599 969 2663 sunt
995 2589 1042 2644 ei
1078 2588 1242 2642 servi.
1275 2587 1384 2641 Nec
1416 2597 1549 2640 sane
1579 2581 1792 2638 vocatio

219 2685 336 2739 haec
388 2693 472 2738 est
503 2681 801 2752 perfectio;
837 2694 1018 2734 verum
1048 2678 1257 2748 justitia
1301 2691 1397 2731 suo
1437 2685 1680 2744 tempore
1709 2681 1791 2726 est

219 2774 502 2846 perfectio,
526 2788 644 2843 quae
666 2772 851 2842 dirigit
878 2771 942 2824 ad
967 2769 1301 2824 ﬁliationem.
1329 2766 1507 2834 Quare
1532 2781 1653 2820 cum
1686 2764 1791 2818 Do-

220 2864 400 2920 minus
428 2874 614 2920 noster
645 2863 802 2919 Jesus
841 2861 1092 2918 Christus
1131 2859 1372 2915 novisset
1404 2872 1530 2912 suos
1558 2856 1792 2923 discipuo

220 2955 301 3010 los
332 2957 400 3010 ad
432 2956 748 3010 ﬁliationem
783 2954 896 3021 jam
922 2951 1237 3014 accessisse,
1271 2949 1557 3019 ipsumque
1587 2959 1791 3016 cogno—

217 3049 385 3112 visse,
431 3057 486 3101 et
525 3062 554 3100 a
596 3045 801 3114 Spiritu
836 3053 1026 3099 saneto
1054 3055 1175 3097 esse
1203 3040 1446 3102 edoctus,
1487 3038 1624 3091 dixit
1657 3036 1736 3091 eis
1775 3053 1789 3090 :

217 3138 344 3198 lam
384 3155 487 3193 non
515 3155 638 3193 voco
672 3153 757 3191 vos
788 3150 982 3200 servos,
1017 3133 1105 3187 sed
1140 3133 1336 3185 amicos
1360 3140 1406 3182 ct
1431 3129 1643 3195 fratres,
1665 3127 1791 3192 quia

219 3233 394 3284 omnia
425 3243 743 3299 quacunque
771 3225 948 3279 audivi
978 3242 1009 3277 a
1052 3221 1234 3285 Patre,
1264 3231 1385 3273 nota
1429 3218 1529 3286 [cci
1555 3217 1694 3272 vobis
1725 3215 1788 3268 “.

219 3324 407 3393 Itaque
440 3325 530 3391 qui
561 3326 896 3392 agnoverunt
923 3331 1103 3371 veram
1143 3315 1408 3369 rationem
1442 3325 1552 3366 sua:
1579 3310 1792 3364 intelle-

219 3415 416 3471 ctualis
441 3411 781 3476 substantize,
813 3425 939 3465 suas
961 3406 1300 3478 protulerunt
1329 3419 1488 3459 voces
1511 3403 1751 3458 dicentes
1777 3420 1790 3454 :

221 3505 648 3574 Haudquaquam
676 3502 970 3571 accepimus
996 3499 1245 3567 spiritum
1271 3493 1535 3550 servitutis
1564 3501 1620 3546 ut
1654 3493 1795 3545 time-

217 3612 428 3661 remus,
465 3595 556 3649 sed
604 3595 851 3661 spiritum
892 3589 1169 3659 ﬁliationis
1220 3602 1314 3656 per
1361 3601 1512 3656 quem
1550 3599 1793 3637 vocamus

219 3688 436 3743 Patrem
473 3686 690 3739 Abbana
723 3683 919 3755 (Pater
951 3680 1160 3748 noster)
1195 3679 1261 3732 ".
1298 3676 1515 3745 Utique,
1545 3673 1792 3737 Domine,

219 3780 468 3837 novimus
494 3775 676 3832 omnia
705 3788 823 3843 qua:
853 3773 1007 3826 nobis
1040 3770 1305 3839 elargitus
1333 3781 1428 3830 es;
1465 3780 1588 3820 nam
1621 3765 1665 3820 si
1697 3762 1790 3818 filii

217 3886 427 3937 sumus,
459 3867 700 3923 heredes
724 3879 937 3934 quoque
969 3877 1178 3926 sumus,
1210 3870 1266 3915 et
1295 3858 1453 3912 amici
1482 3872 1547 3912 ac
1576 3855 1794 3926 partici-

217 3979 314 4036 pes
359 3960 691 4017 bmreditatis
735 3956 858 4012 Jesu
906 3954 1127 4010 Christi.
1176 3951 1346 4006 Notus
1380 3964 1510 4016 ergo
1538 3949 1688 4004 vobis
1723 3947 1794 4002 sit

217 4070 400 4114 sermo
443 4054 564 4119 hic;
613 4051 754 4122 quod
800 4049 1105 4118 quicunque
1154 4044 1280 4099 totis
1325 4043 1528 4097 viribus
1569 4053 1793 4108 surgere

217 4158 438 4220 paratus
492 4160 594 4198 non
646 4142 840 4205 fuerit,
905 4139 950 4194 is
1009 4138 1145 4192 sciat
1201 4134 1413 4189 Domini
1479 4133 1792 4188 liberatoris

217 4242 506 4297 adventum
539 4237 612 4290 illi
647 4235 761 4290 fore
791 4234 856 4287 ad
894 4231 1156 4300 judicium
1185 4247 1199 4282 :
1231 4227 1428 4283 Sumus
1450 4228 1636 4296 quippe
1669 4225 1792 4292 qui»

215 4333 436 4386 busdam
462 4331 592 4382 odor
631 4327 809 4380 mortis
855 4326 907 4377 in
939 4333 1174 4382 mortem,
1208 4319 1330 4372 aliis
1361 4333 1477 4372 vero
1513 4317 1644 4369 odor
1675 4317 1793 4368 vita:

214 4426 271 4479 in
298 4424 459 4478 vitam
490 4420 552 4471 “.
587 4418 688 4472 llic
717 4418 854 4471 enim
876 4425 950 4469 est
979 4414 1047 4467 ad
1078 4427 1259 4466 casum
1282 4421 1330 4466 et
1361 4409 1792 4466 resurrectionem

213 4517 504 4572 multorum
535 4529 598 4566 ex
624 4511 748 4581 ﬁliis
781 4507 970 4572 Israel,
999 4519 1043 4561 et
1075 4507 1128 4560 in
1162 4506 1367 4574 signum
1390 4503 1459 4557 ad
1484 4502 1623 4573 quod
1653 4502 1792 4571 aspi-

214 4609 356 4662 citur
387 4605 451 4657 ".
501 4603 648 4673 Rogo
697 4601 879 4670 itaque
913 4613 1044 4664 vos,
1092 4597 1290 4650 fratres
1323 4592 1700 4656 dilectissimi,
1740 4593 1790 4645 in

215 4697 440 4752 nomine
485 4693 698 4747 Domini
730 4690 899 4744 nostri
931 4686 1057 4743 Jesu
1089 4685 1328 4752 Christi,
1370 4699 1436 4739 ne
1478 4698 1576 4738 vos
1615 4683 1795 4752 pigeat

216 4797 415 4845 vestra:
436 4784 646 4849 salutis,
674 4782 768 4837 sed
799 4780 1170 4848 unusquisque
1192 4775 1440 4831 vestrum
1463 4774 1674 4830 scindat
1700 4788 1795 4827 cor

215 4893 400 4946 suum,
435 4891 541 4932 non
573 4884 753 4931 autem
787 4872 1164 4927 vestimentum
1195 4869 1238 4902 ⁸⁸
1263 4886 1278 4923 ;
1307 4882 1374 4923 ne
1402 4866 1574 4922 induti
1609 4865 1795 4920 habitu

217 4968 610 5032 monacbatus,
663 4977 1030 5036 praeparemus
1087 4960 1242 5016 nobis
1288 4958 1585 5028 judicium;
1626 4969 1794 5024 prape

217 5073 456 5128 namque
492 5066 702 5126 tempus
737 5062 822 5108 est
856 5051 1130 5122 judicandi
1167 5061 1603 5118 unumquemque
1634 5045 1786 5114 juxta

212 5165 382 5222 opera
415 5164 532 5205 sua.
575 5146 658 5204 0b
689 5145 953 5202 sermonis
978 5152 1158 5198 autem
1199 5142 1355 5211 hujus
1380 5139 1790 5204 obscuritatem,

213 5245 371 5318 plura
433 5241 586 5297 vobis
652 5239 892 5294 scribere
953 5237 1343 5298 decreveram;
1409 5231 1592 5285 destiti
1662 5243 1794 5284 vero

216 5345 438 5406 propter
469 5333 737 5388 dicentem
771 5344 786 5383 :
839 5329 917 5382 Da
949 5325 1174 5394 sapienti
1210 5323 1573 5383 occasionem,
1607 5333 1654 5372 et
1697 5336 1797 5372 au-

213 5437 366 5500 getur
391 5425 649 5494 sapientia
695 5421 808 5490 ejus
855 5420 919 5473 ".
959 5417 1090 5470 Dico
1127 5414 1280 5468 vobis
1321 5413 1550 5500 salutem
1599 5409 1651 5462 in
1689 5410 1792 5462 Do-

216 5499 390 5581 mino,
429 5514 680 5570 maximis
723 5510 1106 5578 minimisque;
1147 5516 1200 5560 et
1237 5503 1411 5572 gratia
1460 5499 1674 5554 Domini
1725 5501 1795 5554 sit

765 5701 920 5757 6-H.
1027 5697 1071 5730 ”
1105 5695 1262 5751 Rom.
1303 5709 1420 5759 vni,
1460 5693 1551 5749 52.

292 5710 334 5740 "
374 5707 606 5776 Philipp.
647 5721 709 5772 tt,
765 5707 920 5757 6-H.
1027 5707 1071 5730 "
1109 5707 1262 5751 nam.
1303 5709 1420 5759 vni,
1460 5707 1551 5749 52.

305 5777 434 5833 Luc.
480 5791 541 5836 tt.
578 5776 666 5830 54.
745 5773 788 5805 ¹⁸
824 5771 941 5827 Joel
968 5785 1028 5836 tt,
1069 5769 1154 5823 15.
1234 5765 1275 5798 ⁸⁸
1310 5765 1470 5821 Prov.
1508 5781 1582 5830 tv,
1625 5767 1678 5820 9.

218 5776 261 5811 ⁶’
305 5777 434 5833 Luc.
480 5791 541 5838 ιι.
578 5776 666 5830 54.

1649 5693 1693 5725 ¹⁸
1729 5693 1884 5749 Joan.
1926 5708 2014 5757 xv,
2061 5692 2148 5746 15.

1773 5764 1817 5795 ²⁰
1857 5762 1992 5818 Gen.
2037 5777 2210 5826 xxxtt,
2249 5761 2440 5816 Ωιι-28.

1895 1951 2212 2004 charitatetn
2259 1965 2380 2019 qua:
2417 1959 2500 2003 est
2537 1949 2587 2002 in
2625 1951 2805 2014 vobis,
2857 1965 2962 2003 non
3011 1965 3134 2006 esse
3173 1952 3466 2018 carnalem,

1895 2043 1987 2097 sed
2014 2040 2352 2111 spiritualem
2381 2041 2718 2094 charitatem.
2750 2038 2958 2095 idcirco
2989 2041 3210 2096 minime
3241 2058 3334 2096 vos
3373 2057 3470 2111 ap-

1893 2134 2158 2203 pellamus
2186 2134 2382 2187 vestris
2416 2132 2726 2186 carnalibus
2757 2132 3083 2199 nominibus,
3121 2135 3318 2204 quippe
3353 2135 3468 2189 haec

1897 2226 2187 2282 transitura
2218 2234 2364 2291 sunt,
2394 2225 2485 2280 sed
2512 2223 2981 2294 permanantibus.
3015 2225 3463 2294 Quandoquidem

1897 2318 2271 2388 unusquisque
2305 2316 2453 2370 novit
2485 2329 2680 2370 nomen
2718 2330 2902 2368 verum
2939 2331 3035 2384 per
3065 2326 3366 2386 respectum
3399 2319 3466 2372 ad

1897 2423 2093 2464 nomen
2117 2408 2394 2473 veritatis;
2425 2406 2878 2476 quemadmodum
2913 2415 3031 2461 erat
3078 2423 3269 2462 nomen
3300 2408 3468 2464 Jacob

1895 2501 2081 2570 prius,
2124 2500 2342 2569 quando
2374 2511 2494 2552 cum
2531 2495 2722 2566 angelo
2771 2505 2928 2550 noctu
2975 2506 3119 2561 erat;
3163 2498 3339 2567 cujus,
3390 2499 3470 2550 ln-

1893 2603 2144 2650 cescente
2175 2607 2352 2655 mane,
2393 2589 2604 2645 vocavit
2647 2604 2840 2644 nomen
2890 2587 3062 2644 Israel
3087 2590 3155 2643 ³ο.
3197 2593 3470 2660 Interpre-

1896 2686 2031 2740 tatio
2057 2694 2233 2738 autem
2259 2681 2422 2738 Israel
2449 2691 2552 2748 est,
2577 2682 2868 2736 intellectus
2901 2683 3157 2750 aspiciens
3182 2683 3250 2735 ad
3277 2681 3466 2738 Deum.

1895 2776 2156 2846 Equidem
2187 2774 2322 2840 scio,
2361 2787 2458 2828 vos
2499 2772 2720 2827 minime
2755 2771 2942 2837 latere,
2974 2773 3190 2828 virtutis
3212 2772 3470 2826 adversa-

1896 2867 2004 2921 rios
2070 2875 2328 2941 perpetuo
2380 2863 2658 2917 intendere
2716 2862 3138 2916 destructionem
3198 2863 3468 2917 veritatis.

1897 2957 2037 3012 Deus
2074 2969 2202 3009 vero
2238 2954 2385 3008 omni
2441 2962 2681 3020 tempore
2731 2967 2883 3008 suam
2936 2953 3120 3007 invisit
3160 2962 3466 3008 creaturam

1896 3064 1925 3100 a
1971 3046 2278 3102 conditione
2306 3043 2489 3098 mundi
2523 3059 2695 3114 usque
2729 3045 2780 3097 in
2812 3052 3096 3097 aeternum.
3137 3043 3337 3108 Quare,
3377 3045 3468 3114 qui

1897 3138 2159 3192 accedere
2188 3135 2374 3189 volunt
2398 3135 2462 3189 ad
2493 3134 2804 3189 Creatorem
2837 3146 2902 3186 ex
2936 3141 3044 3187 tota
3079 3131 3193 3201 lege
3222 3133 3468 3187 cordiutn

1896 3242 2116 3281 suorum
2137 3266 2152 3288 ,
2189 3226 2305 3292 ipse
2339 3225 2553 3280 docebit
2587 3215 2855 3292 eos,'qna
2893 3224 3102 3278 ratione
3139 3238 3260 3276 cum
3293 3224 3470 3279 colere

1896 3319 2146 3372 debeant.
2184 3317 2316 3370 Cum
2347 3321 2538 3370 autem‘
2569 3331 2678 3385 prae
2708 3315 2873 3369 nimia
2907 3315 3220 3368 infirmitate
3249 3330 3314 3368 ac
3345 3331 3472 3384 gra-

1898 3409 2061 3462 vitate
2089 3407 2391 3472 cadaveris,
2416 3417 2470 3460 et
2497 3407 2795 3462 certamine
2825 3405 3184 3472 malignorum
3207 3407 3465 3472 hostium,

1895 3499 2138 3568 corporis
2179 3497 2338 3564 hujus
2381 3497 2695 3567 apparentis
2741 3497 2988 3556 aruerint
3027 3511 3242 3562 sensus,
3269 3509 3324 3552 et
3354 3499 3468 3551 vir-

1896 3599 2009 3645 tute
2040 3589 2279 3645 destituti
2307 3589 2419 3643 sint
2449 3603 2642 3649 sensus
2696 3588 2889 3642 animae
2935 3588 2952 3655 (
2976 3591 3172 3659 quippe
3199 3603 3318 3658 quas
3344 3603 3468 3645 cum

1893 3694 2120 3749 corpore
2162 3679 2490 3736 dissolubilis
2533 3696 2638 3735 non
2672 3688 2789 3744 est,
2827 3689 2882 3734 et
2914 3681 3214 3736 substantia
3245 3691 3328 3736 est
3367 3682 3470 3736 im-

1895 3773 2162 3838 mortalis,
2198 3787 2298 3828 nec
2339 3772 2486 3828 valet
2510 3786 2570 3827 se
2596 3787 2692 3827 sua
2729 3772 2938 3840 jnstitia
2982 3773 3467 3845 vindicare);pro-

1896 3878 2081 3936 pterea
2132 3875 2408 3934 nequeunt
2440 3864 2655 3932 assequi
2678 3905 2694 3929 ,
2720 3867 2862 3933 quod
2919 3865 3020 3919 sibi
3057 3865 3326 3935 peculiare
3363 3878 3467 3934 est,

1896 3965 1974 4012 ut.
2003 3971 2124 4013 sese
2171 3957 2432 4011 reducere
2471 3955 2681 4024 possint
2713 3957 2779 4008 ad
2812 3955 3122 4022 primariam
3156 3956 3237 4010 sui
3278 3951 3469 4010 condi-

1896 4048 2121 4106 tionem.
2169 4047 2510 4114 Quapropter
2542 4053 2797 4113 operatus
2822 4053 2904 4098 est
2936 4044 3076 4099 Deus
3103 4060 3222 4100 cum
3256 4045 3334 4099 eis
3371 4060 3466 4098 sua

1895 4137 2157 4201 bonitate,
2188 4145 2244 4192 et
2273 4137 2458 4191 docuit
2483 4148 2577 4189 eos
2610 4135 2840 4188 adorare
2867 4132 3105 4196 Patrem,
3137 4145 3192 4187 ut
3216 4143 3465 4204 oportet;

1897 4228 2040 4283 Deus
2063 4227 2209 4282 enim
2238 4240 2377 4280 unus
2401 4235 2520 4291 est;
2551 4225 2851 4279 substantia
2879 4224 3253 4279 intellectualis
3274 4226 3325 4279 in
3351 4227 3471 4280 uni-

1896 4329 2006 4375 tate
2044 4329 2129 4375 est
2155 4320 2280 4372 item
2314 4317 2507 4386 posita.
2545 4313 2630 4369 Sit
2655 4330 2787 4386 ergo
2825 4329 3005 4369 sermo
3046 4315 3134 4369 hic
3169 4317 3322 4372 vobis
3355 4333 3468 4370 ma-

1896 4412 2146 4473 nifestus,
2171 4407 2313 4477 quod
2338 4421 2528 4461 omnes
2551 4405 2889 4475 congregati,
2919 4404 3022 4458 nisi
3046 4419 3210 4459 unum
3237 4406 3472 4461 habeant

1826 4521 1868 4575 ο
1897 4518 2015 4568 cor,
2043 4500 2328 4554 animabus
2369 4499 2483 4553 suis
2521 4499 2817 4552 certamina
2851 4497 3136 4561 inducent,
3168 4496 3473 4568 facientque

1899 4592 1998 4648 sibi
2025 4589 2310 4658 judicium.
2341 4583 2476 4643 Cum
2508 4587 2707 4641 viderit
2748 4586 2929 4655 itaque
2957 4586 3182 4642 Creator
3207 4599 3472 4644 creatura:

1895 4682 2006 4751 jam
2036 4681 2322 4734 dilatatam
2358 4693 2479 4734 esse
2514 4677 2730 4743 vulnus,
2754 4687 2810 4732 et
2837 4677 3062 4732 medicis
3085 4678 3152 4732 ad
3182 4679 3470 4734 sanitatem

1899 4771 2316 4843 comparandam
2360 4769 2639 4839 indigere,
2679 4770 2944 4838 praemisit
2983 4769 3244 4825 Dominus
3289 4783 3476 4827 noster

1898 4860 2056 4917 Jesus
2083 4859 2354 4922 Christus,
2377 4858 2470 4928 qui
2491 4868 2575 4913 est
2601 4857 2718 4926 ejus
2741 4857 2970 4913 Creator
2989 4870 3045 4913 et
3067 4859 3325 4926 Medicus,
3349 4873 3475 4915 ante

1900 4967 1959 5008 se
1998 4951 2415 5020 prmdicatores;
2452 4963 2554 5005 nec
2595 4963 2842 5004 asserere
2883 4951 3192 5006 dubitamus
3233 4952 3472 5023 Moysen,

1904 5043 2195 5096 maximum
2229 5040 2610 5110 prophetarum
2643 5050 2699 5094 et
2736 5040 3122 5109 legislatorem,
3155 5059 3278 5097 esse
3306 5060 3470 5097 unum

1903 5134 2340 5204 prtedicatorum.
2387 5131 2626 5198 Spiritus
2667 5142 2846 5187 autem
2877 5134 2970 5202 qui
3013 5145 3270 5202 operatus
3303 5147 3386 5188 est
3421 5136 3472 5188 in

1907 5224 2110 5294 Moyse,
2143 5223 2281 5277 idem
2308 5231 2563 5292 cperatur
2591 5223 2643 5276 in
2677 5223 2897 5292 reliquis
2925 5225 3130 5278 sanctis
3153 5234 3274 5292 post
3298 5224 3473 5285 illum,

1905 5312 2001 5382 qui
2030 5325 2218 5367 omnes
2247 5309 2413 5364 locuti
2446 5319 2573 5364 sunt
2600 5311 2667 5364 de
2705 5311 2842 5366 Filio
2889 5313 2978 5366 Dei
3022 5313 3318 5381 unigenito.
3350 5311 3474 5368 Pari

1903 5401 2119 5472 quidem
2156 5399 2368 5456 ratione
2403 5399 2637 5455 Joannes
2693 5415 2826 5456 unus
2861 5411 2944 5456 est
2991 5401 3403 5468 praedicatorum
3461 5420 3475 5455 :

1903 5494 2100 5562 quippe
2126 5492 2214 5545 lca:
2236 5507 2396 5561 usque
2422 5493 2489 5544 ad
2523 5491 2804 5554 Joannem,
2830 5503 2875 5544 et
2914 5492 3103 5545 exinde
3139 5493 3238 5546 vim
3275 5493 3480 5559 patitur

2254 5693 2296 5762 ῆι
2341 5690 2496 5762 Boni.
2537 5705 2652 5755 vttt,
2713 5687 2801 5744 15.
2935 5691 2978 5725 ³⁸
3020 5688 3063 5745 ιι
3100 5689 3226 5746 Cor.
3270 5707 3351 5762 _tt,
3395 5690 3481 5747 ιϐ.
