3872 6278
393 434 398 438 -
411 405 536 458 r5100
546 404 573 454 7

1525 385 1793 450 PATRES
1834 385 2130 450 Aseve‘m
2172 388 2445 448 SiECUlJ
2485 391 2571 447 tv.
2632 407 2640 414 -

3533 388 3699 450 1008

432 535 647 586 regnum
672 515 786 580 Dei,
811 527 858 570 et
884 518 982 570 vim
1005 516 1283 580 inferentes
1314 503 1447 566 illud
1477 516 1684 580 rapiunt
1718 515 1784 566 ²¹.
1812 513 1871 565 lli
1905 529 1996 564 au-
2029 519 2074 572 Α
2105 493 2299 563 sermo
2329 511 2416 564 hic
2464 511 2615 564 vobis
2659 517 2835 572 notus,
2877 509 3035 563 sicuti
3077 507 3323 578 superius
3363 507 3471 562 dixi
3493 550 3508 573 ,
3537 497 3696 577 quod

437 621 542 663 tetu
575 624 761 662 mnnes
793 609 901 660 Deo
933 606 1122 670 induti,
1155 613 1415 658 noverunt
1465 605 1662 658 nullam
1723 615 1999 657 creatura-

435 715 557 754 rum
604 699 708 751 taie
739 706 1054 764 tantumque
1086 709 1282 750 sanare
1327 710 1482 764 posse
1528 697 1742 760 vulnus,
1779 707 2002 760 excepta

401 827 406 834 -
435 789 552 843 Filii
586 789 677 843 Dei
700 787 976 857 ‘nnig'eniti
1010 786 1279 848 bonitate,
1309 801 1468 856 quem
1513 787 1660 839 misit
1692 787 1746 839 in
1777 785 2004 839 salutem

438 880 672 933 universi
704 877 1016 932 habitabilis
1052 879 1220 931 orbis.
1255 876 1370 943 Ipse
1406 892 1636 944 namque
1670 887 1752 929 est
1783 891 2006 945 magnus

431 969 522 1021 ille
550 966 812 1028 Medicus,
845 967 936 1035 qui
969 981 1161 1021 sanare
1209 977 1384 1035 potest
1421 968 1614 1019 vulnus
1661 968 1761 1019 hoc
1793 967 2003 1034 ingens.

405 1058 599 1112 -l’ater
623 1073 754 1112 vero
782 1073 877 1113 sua
917 1058 1191 1122 bonitate,
1242 1059 1382 1110 haud
1424 1074 1517 1110 suo
1556 1058 1775 1126 pepercit
1812 1057 2008 1126 Uuige-

435 1150 566 1210 nite,
593 1153 680 1202 sed
714 1149 929 1201 tradidit
965 1149 1112 1201 illum
1150 1161 1244 1211 pro
1275 1150 1496 1216 peccatis
1527 1151 1806 1212 ttostris‘",
1833 1160 1886 1202 et
1909 1157 2010 1218 pro

410 1251 618 1296 .nostra
651 1241 889 1294 omnium
928 1240 1243 1295 liberatione
1277 1240 1346 1292 ab
1375 1240 1752 1307 iniquitatibus
1789 1242 2007 1304 nostris,

433 1343 490 1387 et
535 1348 657 1387 sese
706 1347 820 1400 pro.
851 1332 1004 1385 nobis
1055 1330 1251 1384 obtulit
1299 1330 1638 1399 Unigenitus,
1688 1332 1878 1398 bisque
1915 1345 2011 1383 nos

411 1441 624 1479 conmes
670 1423 919 1485 sanavit,
962 1433 1015 1476 et
1067 1423 1263 1476 virtute
1317 1423 1463 1475 verbi
1518 1423 1598 1476 sui
1650 1423 1717 1477 ab
1761 1424 2012 1476 universo

413 1516 654 1580 -mundo,
693 1530 721 1566 a
752 1513 1063 1567 cardinibus
1093 1521 1249 1566 terra:
1279 1526 1451 1580 usque
1490 1512 1555 1565 ad
1591 1513 1839 1565 cardines
1879 1526 2010 1566 con-

433 1606 713 1676 gregavit;
764 1614 817 1657 et
865 1604 1147 1657 constituit
1198 1602 1459 1656 cordibus
1511 1605 1713 1656 nostris
1765 1606 2011 1657 resurre-

416 1695 736 1750 -ctionem'e
769 1705 934 1758 terra,
961 1702 1257 1760 notumque
1288 1693 1447 1746 nobis
1482 1692 1630 1756 fecit,
1658 1677 1885 1746 invicem
1916 1697 2012 1747 nds

418 1797 555 1840 esse
585 1785 845 1838 membra.

2107 604 2332 666 scilicet,
2359 618 2462 656 non
2497 600 2700 656 carnali
2727 602 3017 656 dilectione
3055 599 3243 669 scripsi
3279 599 3452 664 vobis,
3493 616 3695 653 vermst

2115 695 2204 747 Dei
2228 693 2495 762 spirituali
2523 693 2833 756 dilectione,
2870 693 2958 760 qui
2991 701 3072 746 est
3099 689 3434 760 gloriflcatus
3467 691 3522 746 in
3551 706 3696 742 curi-

2108 785 2232 837 cilio
2281 794 2590 837 sanctorum
2631 783 2697 836 ⁸⁵.
2749 784 3040 852 Agnoscite
3089 784 3249 837 etiam
3305 783 3430 838 totis
3476 782 3697 834 viribus

2113 877 2313 931 vestris
2346 892 2468 929 eum
2499 877 2588 942 qui
2625 877 2790 928 Deum
2827 890 2991 929 causa
3034 883 3216 928 vestra
3249 876 3596 938 deprecatur,
3636 884 3696 925 ut

2111 967 2284 1034 ignem
2318 981 2476 1036 quem
2517 965 2698 1030 injecit
2742 966 2997 1019 Dominus
3023 961 3181 1019 Jesus
3225 965 3473 1017 Christus
3521 978 3695 1032 super

2087 1065 2310 1110 terram
2337 1057 2404 1122 ",
2438 1043 2644 1124 ἰίιῇἱιιὶέιι
2681 1056 2730 1108 in
2762 1057 2923 1109 corda
2956 1064 3170 1117 vestra;
3203 1066 3256 1108 ut
3285 1055 3533 1124 dirigatis
3560 1069 3697 1120 pro-

2113 1150 2284 1216 posita
2327 1158 2502 1202 vestra
2533 1164 2595 1202 ac
2639 1163 2830 1202 sensus
2863 1159 3093 1212 vestros,
3143 1159 3304 1215 atque
3347 1145 3718 1215 distinguere

2091 1239 2327 1308 'queatis
2371 1239 2514 1292 inter
2564 1239 2760 1291 bonum
2803 1249 2857 1293 et
2907 1239 3132 1299 malum,
3185 1247 3236 1290 et
3279 1253 3370 1291 eos
3411 1239 3502 1305 qui
3558 1247 3694 1291 sunt

2093 1333 2345 1386 'tlextera:
2393 1342 2446 1384 et
2477 1333 2568 1398 qui
2602 1341 2728 1384 sunt
2763 1330 3022 1394 sinistrae,
3063 1342 3116 1384 et
3157 1329 3372 1384 stabiles
3408 1332 3472 1382 ah
3514 1332 3695 1383 insta-

2089 1423 2326 1476 'bilibus.
2359 1425 2616 1477 Domitius
2656 1425 2822 1486 enim,
2871 1406 3140 1476 diabolum
3194 1426 3530 1476 seductorem
3567 1440 3697 1476 esse

2093 1513 2311 1579 'sciens,
2362 1514 2588 1583 ideoque
2641 1517 2751 1568 suis
2812 1515 3092 1581 discipulis
3141 1513 3391 1582 praecepit
3442 1511 3690 1569 dicens:

2117 1603 2293 1658 Nolite
2361 1607 2718 1658 thesaurizare
2783 1606 2922 1658 vobis
2983 1607 3250 1658 thesauros
3301 1607 3351 1656 in
3409 1615 3548 1656 terra
3610 1606 3691 1664 ’7;

2095 1692 2256 1748 dixit
2286 1707 2540 1765 praeterea
2573 1714 2587 1752 :
2624 1695 2804 1750 Nolite
2843 1713 2963 1764 ergo
3000 1713 3108 1749 esse
3147 1695 3362 1748 solliciti
3394 1696 3447 1747 in
3491 1699 3692 1747 crasti-

2117 1807 2271 1850 num;
2321 1792 2579 1842 crastinus
2626 1791 2761 1843 enim
2799 1791 3060 1842 sallicitus
3101 1791 3194 1842 erit
3245 1789 3444 1842 sibimet
3493 1788 3593 1855 ipsi
3623 1789 3689 1841 ".

424 1921 430 1928 .
514 1881 660 1949 Rogo
693 1881 874 1948 itaque
904 1892 1026 1940 vos,
1054 1875 1388 1929 dileCIiSSimi
1423 1875 1474 1926 in
1506 1872 1756 1936 Domino.
1781 1882 1841 1926 ιιι
1866 1872 2009 1926 Scri-
2041 1859 2084 1912 Β
2123 1879 2376 1946 Equidem
2434 1881 2586 1942 dico,
2631 1881 2823 1932 fratres
2875 1883 3016 1942 mei,
3077 1888 3318 1947 tempore
3365 1878 3695 1945 mquationis

424 1982 652 2040 .pturam
686 1967 1024 2036 expendatis,
1055 1982 1215 2034 quam
1242 1964 1334 2018 Dei
1364 1975 1628 2034 praecepta
1657 1967 1778 2018 esse
1804 1964 2008 2017 sciatis.

427 2063 691 2131 Magnum
721 2054 822 2114 hac
855 2060 1050 2128 quippe
1083 2057 1235 2111 nobis
1264 2057 1368 2119 est,
1401 2057 1541 2124 quod
1571 2064 1655 2109 est
1689 2062 2012 2124 cognoscere

425 2153 672 2208 fortnam
702 2151 913 2204 Domini
952 2149 1158 2210 nostri,
1191 2161 1479 2216 quam-pro
1507 2147 1662 2200 nobis
1685 2146 2010 2214 assumpsit,

440 2255 495 2298 et
518 2243 694 2298 lactus
723 2253 806 2296 est
838 2242 992 2296 nobis
1029 2239 1221 2294 similis
1263 2239 1314 2291 in
1361 2237 1609 2292 omnibus
1650 2248 1844 2305 praeter
1891 2252 2014 2306 pec-

429 2344 619 2390 voatum
650 2334 734 2394 υς
765 2335 992 2402 ideoque
1019 2346 1119 2385 nos
1145 2332 1343 2384 liberos
1369 2330 1482 2382 ﬁeri
1509 2339 1742 2396 eportet,
1778 2339 1834 2380 ut
1865 2329 2013 2382 laete-

444 2425 651 2480 mur-in
684 2425 806 2492 ejus
831 2425 1084 2476 adventu.
1134 2421 1578 2487 Quandoquidem
1609 2419 1725 2487 ejus
1757 2420 2014 2472 stultiori-

427 2517 544 2568 -~btss
577 2514 702 2568 iacti
746 2526 932 2565 sumus
973 2511 1266 2579 sapientes,
1301 2519 1356 2562 et
1387 2508 1502 2575 ejus
1549 2517 1858 2576 paupertate
1890 2509 2013 2562 lacti

435 2615 630 2659 smnus
651 2603 866 2665 divites,
894 2601 1090 2669 etejus
1115 2599 1429 2654 inﬁrmitate
1451 2600 1579 2654 l'acti
1605 2613 1791 2652 sumus
1813 2599 2013 2664 fortes;

444 2706 501 2748 et
533 2695 646 2760 ipse
679 2693 852 2747 factus
886 2702 969 2748 est
1003 2691 1164 2745 nobis
1197 2691 1448 2744 omnibus
1489 2691 1832 2753 resurrectio,
1867 2705 2016 2745 amo-

437 2801 578 2842 vens
620 2801 648 2838 a
699 2784 855 2840 nobis
888 2794 1208 2852 potestatem
1247 2777 1455 2837 mortis.
1511 2782 1646 2837 llinc
1693 2783 2011 2851 quievimus,

437 2876 690 2930 necalio
716 2875 1020 2945 indigemus
1046 2874 1171 2929 .lesn
1209 2877 1260 2928 in
1289 2890 1452 2928 carne
1486 2891 1499 2928 :
1531 2875 1730 2928 etenim
1757 2875 2016 2927 adventus

434 2966 657 3020 Domini
695 2965 889 3020 'nostri
933 2964 1060 3019 Jesu
1111 2965 1313 3018 Christi
1364 2965 1677 3019 servitutem
1714 2965 1865 3020 nobis
1898 2980 2018 3019 esse

436 3060 701 3126 optimam
730 3055 932 3122 effecit,
959 3067 1015 3112 et
1040 3059 1241 3112 amovit
1267 3061 1448 3113 omnia
1484 3060 1659 3123 mala;
1697 3069 1805 3113 tum
1835 3061 1963 3114 dixit
1999 3079 2013 3115 :

443 3151 567 3204 Jam
598 3165 700 3202 non
726 3163 847 3203 uoco
869 3165 956 3202 vos
979 3150 1206 3218 amplius
1233 3165 1428 3212 seruos,
1457 3151 1546 3202 sed
1569 3151 1759 3218 fratres
1788 3167 1926 3205 meos
1947 3152 2013 3206 “.

443 3243 690 3311 Cumque
719 3256 885 3310 prope
920 3241 1165 3309 spiritum
1191 3240 1476 3294 liliationis
1509 3252 1688 3294 essent
1722 3244 2016 3310 accepturi,

445 3333 632 3388 docuit
682 3345 775 3387 eos
826 3333 1058 3400 Spiritus
1117 3343 1340 3386 sanctus
1392 3333 1621 3387 adorare
1664 3333 1919 3400 Patrem,
1963 3344 2022 3387 ut

445 3433 684 3494 oportet.
712 3422 824 3494 Ego
856 3434 1033 3478 autem
1065 3422 1249 3477 infelix
1284 3425 1496 3478 vinctus
1531 3425 1584 3478 in
1615 3424 1744 3479 .lesu
1779 3427 2020 3493 Christo,

443 3519 592 3583 dico,
627 3532 704 3570 ex
749 3519 852 3570 hoc
893 3525 1156 3582 tempore
1180 3516 1232 3568 in
1268 3529 1376 3583 quo
1426 3531 1630 3582 sumus,
1683 3533 1780 3572 nos
1815 3520 2022 3587 cepisse

442 3607 728 3672 -la:titiam,
763 3615 820 3661 et
849 3605 1311 3670 lamentationem,
1346 3621 1410 3658 ac
1437 3604 1644 3664 ﬂetum.
1674 3607 2021 3678 Quandoqui-

443 3701 580 3755 dem
626 3699 839 3769 generis
887 3698 1060 3752 nostri
1097 3697 1278 3766 plures
1311 3697 1483 3750 induti
1521 3709 1645 3752 sunt
1677 3699 1862 3753 habitu
1899 3702 2024 3755 reli-

448 3791 628 3861 gionis
657 3807 672 3843 :
705 3805 736 3842 e
759 3788 955 3858 quibus
979 3788 1198 3857 quidam
1225 3788 1429 3854 operati
1466 3798 1591 3842 sunt
1620 3803 1686 3842 ex
1721 3798 1832 3844 toto
1861 3791 2024 3846 corde

447 3890 574 3950 post
601 3888 944 3934 consecutam
976 3893 1071 3946 per
1099 3877 1389 3931 adventum
1427 3878 1638 3934 Domini
1670 3879 1871 3935 Christi
1907 3897 2024 3936 ma-

451 3972 877 4034 uumissionem;
932 3980 983 4023 et
1028 3969 1078 4023 hi
1123 3969 1339 4038 quidem
1379 3980 1539 4035 sunt,
1582 3987 1810 4040 quorum
1859 3989 2022 4028 causa

449 4064 628 4118 laetor.
656 4061 758 4115 Alii
790 4074 919 4115 vero
966 4060 1126 4129 hujus
1170 4069 1362 4130 negata
1391 4060 1588 4114 virtute
1609 4102 1622 4125 ,
1655 4064 1864 4130 operati
1900 4073 2026 4118 sunt

450 4166 619 4225 penes
655 4152 836 4207 cordis
871 4151 950 4204 sui
988 4150 1275 4219 carnisque
1314 4150 1646 4205 voluntatem
1692 4167 1754 4207 ac
1791 4168 2024 4222 propen-

449 4244 696 4307 sionem;
737 4243 1018 4308 lactusque
1047 4251 1127 4295 cst
1167 4250 1447 4309 propterea
1483 4241 1550 4296 iis
1584 4243 1791 4298 Domini
1823 4247 2025 4300 adven-

449 4345 540 4391 tus
574 4335 627 4388 in
659 4332 1002 4402 supplicium,
1033 4343 1087 4384 ct
1135 4333 1188 4386 bi
1221 4332 1463 4400 profecto
1505 4343 1651 4398 sunt,
1695 4317 1792 4404 pro
1830 4337 2026 4404 quibus

448 4439 777 4494 conqueror.
823 4422 1000 4478 Porro
1048 4424 1138 4476 alii
1196 4423 1457 4492 temporis
1503 4425 1916 4481 diuturnitatem
1961 4441 2025 4480 ac

2045 3203 2088 3261 C

2121 1982 2399 2024 ventorum
2454 1987 2640 2025 omnes
2692 1982 2884 2025 nautas
2933 1985 3051 2025 sese
3096 1970 3333 2040 jactare;
3384 1980 3436 2022 at
3474 1961 3693 2022 contin-

2121 2072 2277 2130 gcnte
2325 2071 2612 2114 ventorum
2665 2060 2996 2124 mutatione,
3052 2058 3344 2128 peritorum
3401 2067 3692 2109 nautarum

2121 2153 2342 2205 scientia
2395 2153 2711 2204 innotescet.
2750 2149 2862 2215 Qua
2895 2150 3161 2204 dc‘causa
3205 2147 3517 2217 perpendite
3554 2156 3697 2198 tem-

2121 2256 2220 2308 pus
2267 2241 2367 2294 hoc
2411 2241 2462 2293 in
2504 2256 2609 2309 quo
2651 2256 2859 2303 sumus,
2905 2237 3062 2308 quale
3111 2241 3200 2292 sit.
3248 2239 3320 2290 De
3372 2237 3456 2290 his
3508 2247 3693 2289 autem

2127 2332 2305 2386 verbis
2339 2347 2634 2400 eorumque
2664 2332 2994 2385 obscuritate
3028 2330 3178 2399 plura
3212 2329 3338 2382 mihi
3372 2338 3578 2381 restant
3616 2327 3696 2378 di-

2123 2425 2317 2488 cenda,
2373 2424 2467 2478 scd
2503 2425 2626 2492 quia
2679 2426 2866 2477 dicens
2915 2424 3040 2477 dicit
3090 2441 3103 2476 :
3155 2422 3228 2475 Da
3264 2423 3488 2490 sapienti
3538 2437 3695 2474 ocra-

2123 2514 2360 2578 sionem,
2392 2521 2467 2566 ‘el
2517 2525 2739 2584 augetur
2785 2516 3039 2580 sapientia
3097 2515 3208 2583 ejus
3239 2515 3320 2579 ¹⁹;
3376 2514 3497 2568 dico
3546 2514 3699 2566 vobis

2123 2607 2378 2660 omnibus
2406 2606 2653 2671 salutem,
2684 2607 2932 2661 maximis
2956 2607 3320 2675 minimisque.
3346 2606 3397 2660 in
3422 2605 3656 2661 Domino
3682 2623 3695 2658 :

2125 2698 2210 2751 cui
2241 2697 2355 2752 laus
2387 2714 2598 2768 semper
2631 2701 2681 2754 in
2709 2699 2924 2754 szecula.

2683 2790 3013 2846 EPISTULA
3056 2790 3143 2848 IV.

2128 2877 2245 2942 Qua
2287 2879 2434 2932 docet
2477 2881 2770 2933 servitutem
2809 2879 2864 2932 in
2911 2881 3019 2950 lege
3058 2880 3286 2950 uirtutis,
3335 2879 3547 2950 minime
3589 2895 3700 2931 esse

2267 2954 2585 3014 servitutem,
2613 2953 2702 3003 setl
2732 2947 3038 3018 [tliatiouem
3067 2949 3340 3003 libertatis.
3371 2947 3555 3001 Dixit:

2195 3064 2458 3118 Antonius
2490 3063 2613 3117 liliis
2640 3063 2752 3117 suis
2793 3062 2844 3116 in
2879 3061 3107 3115 Domino
3149 3061 3513 3116 dilectissimis
3546 3060 3700 3116 salu—

2129 3160 2236 3203 tem
2269 3152 2480 3204 scribit.
2509 3150 2790 3219 Nunquam
2825 3164 2976 3205 cesso
3002 3167 3031 3202 a
3074 3160 3249 3204 vestra
3286 3152 3664 3206 recordatione
3685 3195 3699 3211 .

2123 3249 2402 3297 consortes
2480 3240 2733 3295 Ecclesia:
2812 3241 3147 3296 orthodoxa.
3216 3240 3343 3296 Volo
3401 3252 3577 3296 autem
3647 3254 3701 3296 ut

2122 3334 2330 3396 sciatis,
2385 3348 2558 3386 meam
2609 3347 2734 3400 erga
2775 3347 2867 3386 vos
2909 3333 3226 3386 cbarilalem
3281 3333 3699 3400 haudquaquam

2122 3423 2392 3478 carnalem
2433 3437 2585 3484 esse,
2623 3422 2716 3477 sed
2750 3422 3117 3491 spiritualem;
3154 3437 3273 3474 nam
3309 3422 3544 3474 carnalis
3574 3438 3700 3490 par-

2128 3515 2366 3582 ticipatio
2394 3514 2658 3568 instabilis
2681 3523 2734 3568 et
2765 3514 3076 3567 inconstans
3109 3523 3194 3566 est
3224 3529 3238 3566 :
3272 3521 3518 3567 movetur
3548 3530 3700 3565 nam-

2122 3620 2227 3673 que
2258 3621 2379 3658 cutn
2410 3605 2580 3658 ventis
2610 3605 2866 3658 externis.
2898 3603 3216 3673 Quicunque
3239 3619 3366 3672 ergo
3403 3603 3557 3657 timet
3601 3606 3702 3657 Do-

2126 3698 2359 3759 minum,
2410 3697 2634 3766 ejusque
2675 3704 2854 3750 servat
2887 3705 3184 3765 prmcepla,
3223 3697 3311 3748 hic
3349 3697 3454 3750 Deo
3507 3711 3701 3750 servus

2123 3789 2248 3841 erit.
2297 3787 2422 3842 llaec
2471 3803 2598 3842 vero
2649 3789 2882 3841 servitus
2931 3786 2982 3838 in
3018 3801 3119 3854 qua
3165 3802 3462 3848 versamur,
3496 3804 3703 3852 nequa-

2125 3891 2284 3946 quam
2316 3877 2548 3930 servitus
2578 3867 2683 3939 esi,
2709 3876 2799 3928 scd
2826 3875 3036 3944 .jnstitia
3068 3878 3268 3929 ducens
3298 3877 3362 3930 ad
3398 3878 3534 3929 viam
3564 3880 3704 3930 lilia-

2129 3969 2309 4022 tionis.
2342 3967 2702 4033 Quamobrem
2731 3968 2888 4037 elegit
2916 3966 3173 4020 Dominus
3203 3977 3387 4020 noster
3413 3969 3704 4036 prophetas

2126 4068 2180 4113 et
2213 4057 2518 4128 apostolos,
2554 4057 2888 4126 crediditque
2927 4058 3007 4111 eis
3043 4057 3392 4126 apostolicam
3429 4058 3704 4124 cvangeli-

2130 4150 2417 4213 zationem,
2465 4157 2519 4202 et
2561 4148 2726 4201 vincti
2782 4157 2904 4202 sunt
2957 4148 3009 4201 in
3057 4147 3180 4201 Jesu
3229 4147 3465 4201 Christo.
3508 4146 3705 4200 Paulus

2127 4243 2269 4294 enim
2300 4242 2571 4311 apostolus
2603 4240 2731 4293 dicit
2766 4258 2779 4292 :
2817 4239 2928 4308 Ego
2963 4241 3164 4293 vinctus
3195 4238 3322 4293 Jesu
3357 4238 3579 4300 Christi,
3615 4256 3702 4292 uo-

2129 4343 2276 4384 catus
2310 4330 2585 4401 Apostolus
2614 4331 2679 4383 ³⁰.
2715 4329 2877 4385 Liber
2907 4345 3119 4400 quoque
3148 4330 3278 4399 legis
3306 4330 3581 4385 constituit
3609 4347 3704 4383 no-

2131 4425 2213 4478 bis
2269 4425 2578 4479 servitutem
2639 4425 2916 4494 Optimam,
2987 4434 3042 4476 ut
3110 4423 3375 4479 dominari
3431 4423 3705 4476 valeamus

449 4517 788 4572 distantiam.
825 4515 1178 4584 pensitantes,
1231 4517 1396 4568 corde
1451 4517 1795 4583 ceciderunt;
1856 4531 2025 4585 quare
2053 4529 2104 4588 ι)
2131 4517 2339 4570 cunctis
2372 4515 2714 4584 passionibus
2737 4554 2751 4579 ,
2783 4525 2837 4568 et
2873 4517 3133 4584 optimum
3167 4514 3428 4584 perlicere
3457 4513 3703 4567 ministe-

451 4606 664 4673 abjecto
691 4604 964 4670 religionis
995 4602 1356 4666 habitu,facti
1387 4613 1513 4657 sunt
1541 4612 1792 4673 tanquam
1825 4606 2019 4672 bruta;

451 4707 508 4751 et
534 4695 588 4750 bi
625 4709 854 4765 quoque
901 4702 1025 4748 sunt
1074 4708 1236 4763 super
1277 4709 1414 4764 quos
1452 4694 1576 4759 lico,
1608 4711 1729 4751 cum
1762 4699 2024 4752 adventus

455 4787 669 4842 Domini
704 4785 876 4839 nostri
923 4784 1050 4839 Jesu
1083 4783 1290 4840 Christi
1324 4785 1497 4840 factus
1531 4787 1602 4841 sit
1637 4787 1740 4840 illis
1785 4788 1836 4841 in
1874 4788 2023 4858 judi-

451 4881 616 4933 cium.
659 4877 1020 4942 Quamobrem
1045 4917 1062 4944 ,
1107 4875 1445 4932 dilectissimi
1485 4878 1537 4931 in
1573 4878 1820 4943 Domino,
1855 4897 2024 4951 agno-
2054 4898 2056 4900 '

451 4973 584 5025 scite
619 4978 826 5037 tempus
853 5008 867 5032 ,
898 4979 954 5022 et
992 4976 1166 5023 estote
1211 4983 1276 5023 ex
1315 4978 1427 5024 toto
1473 4970 1639 5024 corde
1676 4972 1849 5025 hostia
1897 4974 2021 5028 Deo.

451 5060 611 5115 Certe
642 5073 872 5128 namque
896 5099 911 5124 ,
941 5059 1276 5114 dilectissimi
1310 5058 1362 5111 in
1407 5059 1664 5124 Domino,
1699 5063 1889 5131 scripsi
1929 5079 2023 5117 vo-

451 5152 556 5216 bis,
611 5151 778 5205 siouti
837 5149 1096 5205 scribitur
1153 5149 1464 5202 hominibus
1515 5151 1871 5208 rationalibus
1933 5155 2024 5224 qui

453 5244 794 5312 Seripturam
842 5241 1122 5309 percipere
1162 5239 1379 5305 valent;
1432 5256 1552 5294 nam
1590 5255 1676 5296 me
1718 5257 1825 5298 non
1866 5243 2025 5315 fugit,

453 5332 836 5402 pereipientem
874 5327 1211 5396 Scripturam
1255 5326 1414 5382 facile
1445 5328 1612 5382 Deum
1643 5345 1972 5401 cognoscere
2007 5347 2020 5388 :

450 5425 542 5492 qui
570 5433 749 5478 autem
781 5421 948 5475 Deum
996 5419 1313 5488 cognoscit,
1345 5419 1462 5489 ejus
1493 5425 1770 5488 cognoscit
1810 5425 2028 5494 dispen-

451 5514 688 5570 sationes
720 5526 854 5582 quas
878 5516 1136 5579 operatur
1163 5509 1236 5576 _in
1281 5511 1395 5564 suis
1431 5512 1720 5567 creaturis.
1771 5513 1854 5568 Sit
1891 5530 2023 5586 ergo

521 5679 563 5710 ⁶¹
611 5677 743 5732 an.
789 5693 899 5742 xvi,
945 5675 1048 5740 l6;
1089 5673 1276 5727 Matth.
1317 5688 1393 5737 ιι.
1437 5674 1523 5728 12.

447 5743 708 5809 tum",
751 5749 804 5800 8.
909 5747 953 5779 "
995 5744 1120 5797 an.
1161 5759 1254 5802 xu.
1297 5743 1381 5795 149.

1488 5746 1530 5776 ’⁷
1576 5746 1761 5804 Matth.
1795 5765 1868 5812 γι,
1918 5752 1994 5803 19.

453 5818 607 5869 lium.
653 5830 692 5877 ι.
733 5817 782 5870 1.
874 5815 915 5848 ⁸¹
952 5814 1108 5869 Joan.
1148 5828 1238 5878 xv,
1280 5812 1364 5866 lii.

1617 5678 1663 5707 “
1706 5679 1861 5732 Rom.
1905 5696 2037 5747 vm,
2077 5680 2168 5736 3'2.

2132 4606 2271 4658 rium
2316 4605 2565 4671 virtutis,
2596 4607 2662 4660 de
2692 4622 2796 4676 qua
2834 4607 3041 4661 locutus
3075 4616 3158 4660 est
3190 4605 3500 4674 Apostolus.
3533 4605 3704 4658 Acce-

2131 4699 2378 4753 dentibus
2409 4708 2586 4753 autem
2621 4700 2774 4754 nobis
2802 4699 3018 4768 propius
3059 4701 3122 4752 ad
3159 4697 3407 4766 gratiam,
3438 4697 3574 4752 dicet
3610 4695 3705 4749 Do.

2133 4790 2308 4844 minus
2339 4801 2520 4844 noster
2544 4790 2699 4846 Jesus
2721 4791 2988 4853 Christus,
3012 4800 3066 4843 ut
3099 4791 3231 4842 dixit
3255 4787 3532 4858 discipulis
3554 4788 3702 4841 suis:

2134 4881 2258 4934 lam
2294 4898 2398 4935 non
2425 4898 2550 4936 voco
2584 4899 2669 4936 eos
2705 4899 2899 4944 servos,
2923 4882 3011 4936 sed
3047 4883 3242 4935 amicos
3275 4897 3412 4934 meos
3438 4889 3487 4933 et
3517 4881 3706 4947 fratres

2130 4985 2296 5038 meos;
2309 4975 2431 5041 quia
2449 4973 2622 5025 omnia
2651 4989 2966 5042 qutrcunque
2996 4972 3170 5026 audivi
3191 4989 3219 5024 a
3247 4969 3405 5024 Patre
3432 4985 3563 5030 meo,
3585 4979 3706 5020 uola

2139 5059 2237 5128 feci
2282 5064 2422 5116 vobis
2463 5063 2528 5115 ³⁸.
2585 5063 2684 5128 Qui
2727 5073 2906 5117 autem
2959 5063 3023 5117 ad
3060 5063 3283 5132 gratiam
3332 5070 3702 5117 accesserunt,

2138 5151 2396 5220 Spiritum
2439 5165 2688 5208 sanctum
2731 5162 3136 5221 cognoverunt,
3168 5162 3222 5206 et
3255 5166 3406 5206 suam
3446 5155 3707 5203 noverunt

2137 5245 2546 5300 intellectualem
2588 5246 2980 5310 substantiam;
3030 5260 3131 5314 qua
3167 5244 3345 5311 agnita
3376 5254 3429 5296 et
3461 5242 3708 5310 cognita.

2134 5339 2572 5392 exclamaverunt
2621 5339 2914 5393 dicentes:
2969 5337 3081 5392 Nos
3121 5338 3334 5390 minime
3385 5333 3710 5398 suscepimus

2129 5430 2374 5495 spiritum
2414 5429 2677 5480 servitutis
2709 5438 2762 5480 ut
2805 5428 3128 5490 timeremus,
3168 5427 3256 5480 sed
3286 5428 3532 5490 spiritum
3570 5431 3710 5495 ﬁlia-

2129 5521 2286 5574 tionis
2346 5535 2448 5588 quo
2495 5535 2740 5572 vocamus
2794 5516 3008 5572 Patrem
3064 5517 3277 5571 Abbana
3313 5517 3568 5588 (Patrem
3618 5537 3710 5573 no-

2265 5677 2310 5712 ¹³
2351 5676 2514 5732 llebr.
2558 5691 2632 5738 Iv,
2677 5676 2761 5730 15.

2095 5752 2139 5782 ’⁸
2183 5748 2310 5802 ibitl.
2357 5748 2445 5802 54.

2851 5678 2897 5708 ⁸⁵
2933 5675 3090 5732 Joan.
3134 5690 3233 5738 xv,
3276 5676 3363 5729 15.
3479 5676 3528 5707 ’⁸
3567 5673 3706 5728 Psai.

2539 5747 2782 5802 "Prov.
2824 5763 2900 5813 rx,
2959 5749 3012 5802 9.
3147 5746 3191 5777 ⁸⁸
3261 5747 3458 5814 Ephes.
3503 5761 3593 5808 ιιι.
3651 5747 3709 5811 l;
