3868 6282
168 328 320 381 ιυθο
1145 335 1203 383 δ.
1245 331 1525 387 Αινιοιηιι
1563 333 1636 393 Mi
1675 333 1770 388 Alli

1876 334 1968 392 l'lS
2007 334 2389 394 EPISTDLE.
3304 330 3466 398 1οἰου

174 438 380 508 atrum)
404 437 448 471 “
481 480 495 494 .
524 437 899 510 Agnoscamus
927 440 1090 512 igitur
1118 447 1346 513 gratiam
1372 463 1534 518 quam
1556 450 1766 523 .elargl-
1793 456 1841 513 Α
1868 451 2004 507 bona
2026 454 2285 523 egeritis,
2313 455 2593 525 quiescere
2634 454 2844 509 facietis
2876 463 3313 513 omnessanctos
3339 457 3448 514 im-

177 534 268 580 tus
293 537 375 582 est
410 526 551 583 Deus
578 528 753 592 nobis,
786 530 1126 597 constituens
1157 550 1255 590 nos
1290 536 1449 601 ﬁlios,
1479 551 1532 593 et
1570 556 1763 597 conse-

172 629 409 688 quenter
428 620 673 677 haeredes
696 630 863 693 atque
886 635 1172 683 consortes
1195 628 1526 687 bmreditatis
1552 644 1764 689 sancto-

142 698 147 707 ’
173 726 324 766 rum.
348 710 524 781 Nunc,
561 713 760 774 fratres
792 715 1153 786 dilectissimi,
1178 730 1488 776 sanctorum
1521 725 1765 779 coluere-

171 802 294 869 des,
331 818 437 858 non
478 804 636 874 longe
682 821 710 859 a
756 806 912 862 vobis
946 819 1154 864 cuncta:
1200 821 1327 865 suut
1374 814 1629 881 virtutes,
1667 816 1760 870 sed

172 905 377 949 vestra:
419 905 547 952 sunt
592 907 753 967 atque
797 900 849 953 in
895 901 1080 968 vobis;
1115 917 1214 957 nec
1259 904 1508 963 celamini
1559 907 1611 959 in
1659 907 1763 962 hoc

171 996 562 1050 momentaneo
586 991 806 1055 mundo,
842 991 936 1045 sed
976 991 1086 1046 Deo
1134 996 1405 1062 manifesti
1442 998 1596 1052 estis.
1639 996 1763 1066 Spi-

172 1078 317 1131 ritus
345 1087 527 1133 autem
575 1078 670 1135 Dei
702 1080 926 1147 minime
957 1082 1307 1141 inhabitatin
1342 1089 1520 1145 anima
1551 1098 1603 1144 et
1632 1104 1756 1156 cor:

169 1184 311 1239 pore
357 1169 575 1240 pollutis
620 1183 843 1243 peccato
875 1175 964 1234 ³³,ε
996 1176 1195 1246 quippe
1221 1189 1443 1234 satietas
1472 1189 1576 1246 est,
1608 1192 1660 1236 et
1695 1182 1762 1237 ab

171 1259 325 1312 oumi
359 1259 481 1314 dolo
508 1260 737 1316 alienus.
771 1262 883 1333 Ego
912 1275 1092 1320 autem
1121 1268 1302 1321 scribo
1327 1270 1498 1331 vobis.
1526 1272 1763 1327 dilectis.-

172 1348 326 1413 simi,
351 1360 602 1420 tanquam
632 1353 938 1409 hominibus
961 1355 1390 1423 rationabilibus,
1418 1372 1589 1414 semet
1618 1362 1762 1430 ipsos

176 1440 396 1496 novisse
436 1442 777 1511 valentibus;
805 1447 1005 1519 etenim
1038 1448 1129 1516 qui
1165 1459 1339 1503 semet
1377 1450 1549 1519 ipsum
1591 1435 1759 1518 novit,

169 1533 288 1600 jam
341 1534 507 1599 Deum
537 1538 706 1600 novit.
742 1537 856 1605 Qua
895 1537 964 1593 de
995 1554 1156 1607 causa
1195 1554 1620 1598 consentaneum
1665 1560 1761 1597 no-

173 1621 266 1677 bis
294 1632 396 1690 est,
428 1625 576 1679 illum
605 1635 662 1680 ut
687 1638 909 1701 oportet
931 1629 1179 1688 adorare.
1213 1630 1364 1702 Jam,
1399 1631 1758 1700 dilectissimi,

175 1715 456 1782 agnoscite
478 1729 684 1773 vosmet
714 1719 894 1789 ipsos:
919 1721 1008 1790 qui
1045 1722 1189 1778 enim
1217 1733 1392 1779 semet
1423 1725 1568 1794 ipsos
1593 1739 1759 1796 agno-

1860 543 2207 609 tnaculatos,
2238 550 2362 599 cum
2415 543 2595 599 adhuc
2640 559 2823 597 veram
2875 545 3109 614 quietem
3152 561 3271 602 non
3327 549 3435 605 sint

1864 635 2076 703 adepti;
2122 651 2244 705 quae
2299 636 2443 702 erit,
2488 651 2612 691 cum
2668 636 3016 706 perliciemur
3049 653 3187 702 nos;
3233 647 3445 695 necnon

1863 727 2107 782 all‘eretis
2132 738 2385 796 magnum
2412 729 2668 799 gaudium
2703 729 3005 791 ministerio
3022 730 3358 800 angelorum,
3389 740 3446 787 et

1859 818 2123 879 adventui
2161 818 2376 875 Domini
2415 818 2658 884 Christi,
2694 818 2780 871 cui
2835 819 3042 887 gloria;
3083 820 3229 874 mihi
3264 831 3444 876 autem

1865 906 2207 974 miserrimo,
2252 905 2454 962 luteam
2500 909 2641 963 hanc
2687 908 2941 965 incolenti
2986 909 3205 963 domum
3249 911 3447 966 dabitis

1864 994 2126 1061 lwtitiam,
2149 1005 2204 1055 et
2234 996 2445 1064 spiritui
2487 1010 2630 1051 meo.
2660 996 2927 1065 Equidem
2956 996 3445 1069 scio-.omnessan-
3483 1002 3495 1011 ‘

1866 1094 1987 1141 ctos
2020 1085 2394 1154 ittirnaculatos
2423 1087 2771 1153 contristari,
2803 1101 2924 1149 eum
2962 1087 3273 1156 nospigros
3304 1086 3449 1142 inor.

1863 1185 2062 1246 tesque
2111 1178 2370 1243 videant,
2421 1179 2774 1248 etlacrymas
2823 1178 3163 1248 gemitusque
3199 1177 3453 1234 Creatori

1862 1264 2080 1340 oﬂ‘erre.
2143 1267 2411 1332 Dominus
2468 1278 2650 1322 autem
2711 1267 3152 1321 obtsauctorum
3213 1268 3448 1332 gemitus

1862 1344 2141 1435 spiritibus
2206 1358 2528 1431 adirasci‘tu‘r
2556 1357 2773 1424 ,malis,
2839 1357 3159 1435 refringens
3201 1374 3233 1412 a
3277 1358 3463 1425 nobis.

1864 1448 2043 1521 malas.
2089 1463 2281 1517 eorum
2309 1496 2316 1503 .
2344 1450 2720 1517 operationes.
2761 1449 2895 1515 Cum
2945 1465 3099 1511 .vero.
3123 1434 3301 1523 rectos
3352 1466 3460 1506 nos-

1860 1550 1979 1592 csse
2008 1536 2229 1593 etl'ectos
2263 1538 2497 1617 viderint
2536 1541 3013 1621 a,tqtie,crevisse.
3067 1542 3310 1611 impense
3355 1537 3449 1594 lai-

1863 1638 2065 1692 tantur,
2107 1643 2171 1683 ac
2193 1629 2398 1699 jugiter
2426 1615 2779 1708 eum-gaudio
2803 1638 2858 1685 et
2879 1615 3077 1686 'lmtitia
3120 1629 3446 1708 multiplices

1862 1732 1959 1788 pro
1987 1719 2145 1773 nobis
2180 1718 2429 1774 Creatori
2471 1706 2751 1775 ellundunt
2796 1710 3013 1797 preces.
3038 1706 3219 1787 Quare
3258 1712 3449 1775 Domié

173 1815 361 1869 δευιιι»
390 1820 690 1883 agnoscunt
711 1820 764 1865 ct
798 1820 1047 1883 tempus;
1079 1814 1171 1882 qui
1204 1830 1331 1870 vero
1358 1824 1568 1885 tempus
1594 1832 1760 1886 agno.
1792 1806 1834 1864 Β
1865 1826 1964 1866 nus
1998 1818 2179 1866 noster
2204 1811 2410 1885 nostris
2451 1812 2609 1866 bouis
2636 1812 2889 1881 operibus
2932 1810 3165 1878 laetetur,
3205 1828 3303 1867 nec
3337 1827 3443 1884 non

174 1904 360 1962 scunt,
397 1900 710 1969 resurgeudi
753 1902 951 1957 habent
985 1914 1306 1975 potestatem
1345 1908 1462 1963 sine
1490 1908 1596 1962 ulla
1639 1924 1761 1977 per-

177 1987 487 2043 turbatione
526 1990 888 2050 innovatiouis
940 1996 1281 2069 idiomalum.
1328 1998 1762 2069 Siquidenrsun

177 2081 325 2133 rexit
356 2081 699 2139 Alexandriae.
738 2086 898 2140 Arius
922 2125 938 2151 ,
971 2096 1023 2141 et
1056 2096 1311 2155 externas
1342 2105 1503 2146 voces
1532 2072 1597 2145 de
1626 2090 1762 2146 Uni-

174 2171 366 2241 gonito
388 2174 652 2241 protulit,
688 2176 1031 2232 constituens
1059 2178 1384 2247 principium
1413 2195 1516 2233 non
1544 2180 1764 2236 habenti

176 2261 543 2332 principium,
593 2273 647 2319 et
680 2265 1075 2334 imperturbata
1100 2340 1105 2346 δ
1128 2268 1614 2336 perturbationem.
1656 2268 1765 2324 Nos

176 2362 364 2429 autem
404 2356 609 2413 scimus
656 2359 797 2427 quod
852 2358 896 2412 si
952 2359 1113 2431 homo
1168 2360 1372 2414 homini
1422 2364 1762 2432 peccaverit,

180 2443 350 2525 Deum
380 2459 476 2514 pro
522 2446 613 2500 illo
648 2446 940 2515 supplicari
984 2461 1181 2525 posse;
1218 2458 1274 2502 at
1297 2450 1389 2518 qui
1423 2450 1533 2506 Deo
1572 2466 1766 2521 pecco:

179 2523 350 2600 verit,
399 2537 521 2604 quis
556 2551 652 2607 pro
687 2538 779 2591 illo
826 2523 1192 2609 supplicauit?
1234 2538 1408 2596 Homo
1446 2552 1628 2598 autem
1674 2545 1768 2619 ille

174 2622 273 2693 qui
307 2636 392 2681 est
417 2626 601 2694 Arius,
642 2629 846 2699 grande
888 2641 971 2686 est
1009 2627 1298 2702 aggressus
1330 2648 1487 2703 opus,
1520 2644 1575 2689 et
1621 2636 1766 2711 lusa-3

177 2716 343 2770 nabili
379 2731 667 2799 percussus
691 2730 775 2775 est
796 2720 948 2792 plaga
973 2740 989 2789 ;
1015 2726 1106 2792 qui
1138 2738 1289 2789 sane,
1322 2723 1367 2778 si
1391 2734 1565 2780 semet
1585 2725 1763 2799 ipsum

177 2820 310 2860 vere
351 2799 617 2871 novisset,
648 2810 829 2881 lingua
866 2813 990 2881 ejus
1026 2829 1129 2868 non
1170 2815 1505 2890 protulisset”
1527 2798 1669 2889 quod
1706 2817 1767 2901 ειη

180 2894 294 2949 lum
339 2896 566 2969 latebat.
592 2899 771 2967 Quare
806 2900 1023 2972 planum
1059 2914 1175 2971 est,
1207 2919 1329 2958 eum
1382 2914 1559 2959 semet
1587 2894 1762 2976 ipSuni

185 2994 294 3071 non
321 2991 630 3059 agnovisse,
674 2976 903 3061 ideoque
939 2996 1141 3049 temere
1171 3009 1336 3049 ausus
1363 3005 1451 3071 est
1477 2995 1529 3049 in
1552 2978 1767 3066 'mySte-l

182 3068 327 3134 rium
363 3074 487 3135 Filii
523 3084 807 3153 unigeniti.
842 3083 939 3138 Cui
968 3101 1089 3140 cum
1124 3083 1281 3163 Patre
1313 3068 1451 3163 suo,
1475 3091 1530 3142 et
1560 3085 1764 3155 Spiritu

1868 1917 2087 1958 suorum
2106 1911 2433 1957 sanctorum
2466 1906 2791 1959 testimoniis
2819 1920 2881 1958 ac
2906 1906 3157 1974 precibus
3178 1922 3203 1971 ;
3222 1906 3449 1973 ideoque

1867 1995 2019 2063 plura
2042 1994 2199 2057 nobis
2214 1994 2525 2065 gelargietur
2552 1995 2727 2061 dona.
2748 1996 2966 2062 Etenim
2986 1994 3241 2062 Deminus
3263 2005 3447 2067 noster

1868 2066 2139 2164 perpetuo,
2179 2084 2292 2139 suis
2353 2086 2508 2141 adest
2552 2088 2822 2155 creaturis
2868 2085 2985 2153 ejus
3030 2066 3451 2155 adimplentibus

1868 2176 2358 2257 praecepta,~sicuti
2388 2178 2539 2232 vobis
2574 2177 2633 2257 iu
2673 2180 2874 2232 nostris
2904 2176 3155 2245 Epistolis
3196 2176 3449 2246 praedixi:

1869 2280 2009 2340 mus.
2038 2263 2391 2340 Deploremus
2423 2266 2625 2334 itaque,
2663 2265 2809 2318 lilioli
2842 2265 3183 2334 tnei,‘coram
3213 2263 3452 2334 bonitate

1865 2336 2017 2426 ejus,
2048 2336 2373 2429 elidicamus
2414 2367 2471 2410 ut
2504 2358 2639 2411 dixit
2686 2342 2981 2412 Paulinus:
3025 2355 3163 2421 Quid
3200 2354 3451 2408 retribue-

1869 2463 1984 2501 mus
2020 2430 2116 2516 pro
2156 2430 2459 2517 bonis-qua:
2487 2446 2603 2515 fecit
2651 2448 2796 2501 nobis
2825 2448 2907 2499 ³σῖ
2956 2432 3211 2517 Dicamus
3236 2458 3450 2518 quoque

1867 2540 2068 2593 dictum
2096 2538 2316 2593 Davidis
2339 2540 2402 2595 in
2425 2538 2638 2593 Psalmo
2665 2554 2680 2590 :
2719 2538 2851 2603 Qua:
2887 2537 3087 2590 utilitas
3117 2522 3455 2619 i'nsanguins'

1867 2645 2004 2701 meo,
2032 2630 2078 2683 si
2104 2628 2421 2684 ducendam
2455 2631 2523 2683 ad
2556 2630 2902 2699 perditionem
2940 2628 3027 2699 ³ἶῖ
3099 2691 3105 2698 ι
3153 2684 3159 2691 ,
3282 2626 3287 2633 ’

1944 2720 2116 2791 Cupio
2142 2704 2304 2776 etiam
2330 2760 2346 2786 ,
2376 2729 2432 2773 ut
2466 2702 2817 2791 percipiatis,
2848 2706 2977 2788 quid
3019 2706 3128 2771 tum
3166 2716 3279 2771 sim:
3299 2712 3454 2769 vobis

1872 2814 2116 2890 dicturus
2159 2794 2325 2882 atque
2353 2800 2783 2881 'testilicaturus.
2809 2809 3080 2871 Profecto,
3118 2805 3265 2861 lilioli
3301 2805 3445 2868 mei,

1868 2904 2176 2977 quicunque
2201 2902 2326 2958 odio
2369 2919 2477 2957 non
2522 2901 2774 2956 habuerit
2801 2915 2865 2955 ea
2890 2915 3012 2968 quae
3053 2895 3346 2952 materialis
3378 2909 3454 2977 ac,

1869 2976 2096 3050 terrena:
2115 3003 2324 3049 naturae
2346 2993 2562 3063 propria
2579 3001 2726 3056 sunt,
2742 3005 3036 3059 omnesque
3051 2990 3167 3059 ejus
3181 2976 3457 3065 operatio;

1873 3101 1968 3141 nes
1991 3100 2057 3140 ex
2081 3087 2244 3142 corde
2269 3062 2390 3149 suo,
2421 3093 2476 3139 et
2495 3099 2710 3139 sursum
2739 3082 2805 3136 ad
2833 3081 3044 3136 Patrem
3067 3062 3455 3158 omniumfiuﬁ

183 3184 286 3224 suo
307 3181 496 3252 sancto
518 3170 716 3243 gloria,
740 3183 794 3226 et
825 3174 1100 3242 maiestas,
1124 3157 1182 3230 et
1209 3156 1383 3230 bonor
1406 3155 1471 3230 ac
1496 3153 1764 3241 adoratio,
1795 3153 1839 3210 θ
1878 3177 2152 3233 telleetum
2174 3193 2332 3232 suum
2361 3192 2467 3261 non
2496 3173 2797 3257 sustulerit,
2823 3171 3051 3227 salutem
3080 3167 3335 3249 consequi
3355 3166 3458 3247 mi:

184 3274 254 3313 ex
283 3248 428 3315 nunc
459 3270 513 3316 et
549 3263 601 3316 in
633 3259 830 3316 saecula
862 3264 1202 3341 szeculorum.
1252 3252 1447 3320 Amen.

748 3371 1081 3428 EPISTOLA
1131 3373 1196 3447 v.
1268 3352 1273 3357 ’

184 3457 347 3537 ἶιε’ἱιίἰε
388 3461 495 3537 suis
536 3464 832 3537 monachis,
870 3465 1095 3518 incitans
1154 3481 1239 3537 eos
1266 3456 1358 3537 ἀᾴ
1404 3476 1612 3537 structos
1655 3467 1774 3537 imi:

188 3528 199 3538 ’
352 3529 558 3596 tandm,
591 3528 870 3607 eorumque
899 3542 1043 3602 gesta
1071 3534 1394 3588 tumulando.
1440 3534 1625 3590 Dixit:

194 3635 203 3641 ‘
259 3622 524 3679 Antonius
567 3625 814 3679 scribens
855 3618 978 3679 li'liis
1012 3618 1126 3679 suis
1161 3625 1527 3681 dilectissimis
1570 3627 1622 3680 in
1669 3626 1774 3680 Do-

187 3714 359 3777 lnino,
385 3714 720 3769 salutem‘eis
739 3716 887 3769 dicit.
922 3713 1093 3769 Filioli
1132 3716 1259 3781 mei,
1294 3718 1465 3771 sancti
1500 3706 1774 3783 lsraelitm,

189 3798 244 3858 in
286 3792 383 3858 sua
441 3805 788 3859 intellectuali
833 3796 1168 3872 substantia,
1215 3802 1357 3861 haud
1393 3808 1521 3862 mihi
1560 3797 1778 3862 necesse

187 3907 274 3950 est
312 3895 508 3952 'vestra
559 3896 866 3967 nuncupare
920 3900 1158 3953 carnalia
1207 3899 1447 3966 nomina,
1495 3915 1614 3968 qua:
1656 3914 1776 3953 cum

190 4002 421 4058 corpore
467 3996 786 4055 transeunt,
826 3992 936 4046 'setl
993 4004 1243 4062 nuncupo
1292 4006 1389 4045 vos
1434 4006 1591 4046 veros
1642 3986 1780 4047 filios

192 4078 487 4135 Israelilas‘.
522 4082 718 4137 Notum
761 4080 911 4137 vobis
960 4072 1060 4148 sit,
1086 4097 1260 4137 meam
1303 4097 1428 4151 erga
1468 4098 1562 4137 vos
1595 4068 1776 4137 citari;

197 4182 365 4227 tatem
404 4166 551 4226 haud
589 4169 863 4226 carnalem
898 4187 1020 4227 esse
1036 4165 1059 4237 ;’
1092 4156 1293 4226 idcirco
1328 4188 1430 4224 non
1484 4187 1641 4229 cesso
1689 4174 1782 4228 de—

195 4266 404 4333 precari
436 4265 598 4319 Deum
620 4263 724 4334 pro
752 4265 903 4319 vobis
923 4307 936 4328 ,
971 4276 1028 4317 ut
1060 4266 1366 4333 agnoscatis
1393 4263 1624 4333 gratiam
1662 4252 1782 4334 quae

194 4356 355 4411 vobis
388 4348 642 4411 concessa
685 4366 810 4411 est:
862 4356 1006 4410 Deus
1039 4356 1182 4408 enim
1222 4369 1412 4408 omnes
1444 4368 1555 4407 sua:
1596 4354 1784 4423 gratiae

1876 3271 2022 3324 nime
2056 3271 2276 3340 poterit.
2326 3268 2595 3345 Quivero
2626 3266 2706 3322 sic
2733 3262 2941 3336 egerit,
2980 3262 3243 3339 Dominus
3271 3266 3456 3312 noster

1878 3360 2022 3425 illius
2053 3360 2401 3415 miserebitur
2427 3358 2737 3422 laboribus,
2767 3354 3086 3433 invis‘bilem
3119 3346 3455 3433 immateria-I

1879 3442 2091 3519 lemque
2118 3451 2297 3519 ignem
2332 3449 2602 3519 elargiens
2631 3447 2681 3504 ei
2709 3447 2775 3501 ad
2809 3443 3206 3524 comburendas
3233 3447 3461 3519 cunctas

1880 3529 2159 3611 passiones
2190 3554 2312 3610 qua:
2348 3539 2397 3594 ei
2428 3539 2644 3601 insunt,
2674 3534 3122 3607 purgandumque
3154 3528 3273 3600 ejus
3303 3528 3458 3605 intel-

1878 3634 2112 3697 lectum;
2163 3643 2273 3684 tum
2316 3645 2445 3684 vero
2490 3620 2813 3683 inhabitabit
2844 3627 2898 3679 in
2922 3612 3043 3705 illo
3076 3621 3312 3699 Spiritus
3350 3618 3456 3672 Do-

1882 3722 2011 3777 mini
2065 3722 2233 3793 nostri
2282 3720 2408 3776 Jesu
2456 3716 2656 3775 Christi
2685 3758 2701 3784 ,
2731 3717 2945 3787 eritque
2977 3728 3098 3769 cum
3130 3712 3222 3767 illo
3254 3712 3322 3765 ad
3354 3707 3459 3764 Pa:-

1883 3827 2017 3869 trem
2039 3794 2456 3868 adorandumut
2479 3822 2712 3882 Oportet.
2730 3796 2873 3863 Nam
2899 3807 3137 3879 quandiu
3160 3803 3459 3860 concordes

1882 3890 2067 3962 sumus
2095 3921 2216 3961 cum
2246 3906 2348 3959 hac
2374 3904 2638 3958 materiali
2656 3904 2888 3967 "natura,
2921 3898 3108 3954 hostes
3134 3912 3321 3952 sumus
3348 3894 3461 3969 Deo

1884 3997 2195 4068 angelisqoe
2222 3995 2338 4064 ejus
2373 4010 2436 4049 ac
2459 3993 2665 4049 sanctis
2682 3994 2956 4048 omnibus.
2985 3991 3096 4060 Ego
3116 3988 3294 4042 autem
3330 4002 3461 4056 rogo

1882 4104 1979 4144 vos
2020 4089 2074 4143 in
2096 4084 2326 4142 nomine
2364 4084 2573 4140 Domini
2610 4084 2782 4139 nostri
2820 4082 2945 4136 Jesn
3005 4078 3230 4144 Christi,
3265 4091 3333 4130 ne
3367 4089 3462 4128 ve-

1894 4194 2062 4237 stram
2096 4182 2261 4235 vitam
2292 4177 2630 4242 salutemque
2662 4174 2963 4244 negligatis,
2997 4187 3098 4226 nec
3140 4165 3466 4238 permittatis

1887 4254 2154 4326 modicum
2182 4258 2289 4324 hoc
2304 4278 2516 4336 tempus
2546 4276 2981 4320 momentaneum
3006 4261 3290 4329 subripere
3313 4256 3465 4311 vobis

1890 4372 2098 4432 tempus
2128 4370 2420 4427 aeternum,
2444 4358 2527 4413 cui
2561 4359 2680 4411 linis
2706 4372 2810 4411 non
2839 4363 2955 4418 est,
2988 4366 3089 4407 nec
3127 4365 3325 4420 corpus
3362 4348 3464 4403 hoc

124 4482 135 4489 -
195 4449 485 4503 ell'ectibus
517 4447 735 4503 excitat.
770 4446 971 4514 Quare,
998 4445 1146 4500 lllioli
1180 4430 1436 4510 mei,non
1474 4445 1654 4514 pigeat
1692 4454 1770 4497 aut

1888 4430 2143 4509 carueum
2186 4448 2477 4505 deturbare
2528 4463 2620 4503 vos
2667 4463 2698 4501 a
2752 4461 2920 4515 regno
2972 4442 3270 4507 luminum,
3322 4441 3464 4512 quod

196 4538 396 4597 hedeat
426 4556 520 4596 vos
549 4540 856 4595 exclamare
910 4539 975 4592 ad
1027 4539 1193 4591 Deum
1238 4537 1327 4591 ditt
1356 4528 1666 4606 noctuque,
1716 4534 1783 4592 ad

193 4623 496 4704 cogendam
539 4633 633 4687 Dei
669 4631 849 4685 Patris
884 4631 1214 4695 bonitatem,
1260 4637 1316 4684 ut
1369 4629 1521 4683 vobis
1551 4628 1785 4697 desuper

194 4730 357 4796 'opem
389 4718 701 4795 elargiatur,
747 4733 806 4779 ut
853 4738 973 4790 qua:
1021 4720 1384 4776 conslentanea
1416 4728 1542 4775 sunt
1577 4708 1781 4774 sciatis.

197 4810 701 4886 Quandoquidem,
725 4805 877 4868 lilioli
920 4813 1022 4868 mei
1046 4851 1060 4876 ,
1124 4826 1222 4866 nos
1252 4825 1382 4866 vere
1417 4810 1783 4864 inhabitamus

196 4908 420 4963 domum
464 4908 754 4971 latronum,
782 4916 837 4960 et
860 4905 1090 4959 vinculis
1115 4902 1307 4958 mortis
1334 4918 1431 4958 nos
1452 4915 1643 4956 onmes
1666 4899 1778 4981 (l7)

200 5000 446 5071 cogentis
475 4994 638 5054 vincti
685 4986 893 5054 sumus.
930 4994 1049 5050 Jam
1094 4995 1262 5063 igitur
1302 5009 1370 5048 ne
1414 4991 1780 5057 sedueamini,

206 5106 384 5162 neque
411 5091 548 5148 detis
581 5078 828 5147 somnum
860 5088 1035 5143 oculis
1063 5088 1280 5151 vestris,
1318 5098 1492 5155 neque
1528 5098 1782 5155 50porem

205 5176 478 5257 palpebris
499 5186 696 5240 vestris
718 5183 785 5246 “,
811 5191 869 5237 nt
893 5182 1134 5237 olleratis
1157 5174 1367 5233 vosmet
1389 5178 1533 5248 ipsos
1558 5177 1787 5232 Domino

206 5280 414 5333 hostias
449 5279 594 5333 omni
625 5266 881 5347 puritate,
904 5288 1136 5343 eumque
1163 5270 1512 5333 intueamini;
1538 5269 1657 5324 sine
1690 5284 1789 5338 pu-

200 5367 544 5446 ritate'euim
581 5364 739 5425 sterno
771 5370 936 5424 Deum
966 5365 1158 5421 intueri
1190 5372 1401 5433 potest,
1436 5370 1494 5415 ut
1528 5362 1603 5415 ait
1633 5362 1781 5430 Apo-

1888 4547 2208 4599 immensum
2263 4551 2427 4611 atque
2479 4537 2749 4595 inell‘abile
2804 4548 2925 4602 est;
2975 4549 3151 4604 neque
3210 4532 3466 4587 throumn

1881 4635 2028 4688 hunc
2052 4633 2314 4687 caducum
2341 4629 2574 4700 dejicere
2600 4645 2696 4684 vos
2721 4644 2749 4683 a
2777 4627 2992 4691 throno,
3024 4626 3116 4694 qui
3147 4625 3463 4703 angelorum

1884 4713 1968 4778 est
1995 4722 2348 4778 domicilium.
2408 4720 2699 4782 Profecto,
2744 4719 2892 4772 lilioli
2942 4716 3086 4780 mei,
3132 4717 3325 4769 anima.
3349 4732 3469 4795 mea

1884 4817 2108 4869 confusa
2139 4822 2194 4869 et
2223 4814 2453 4884 spiritus
2486 4826 2637 4867 meus
2665 4797 2911 4881 stupidus
2931 4818 3019 4864 est
3040 4847 3057 4872 ,
3089 4822 3154 4861 eo
3184 4806 3343 4876 quod;
3371 4822 3468 4859 no-

1891 4907 1973 4963 bis
2016 4906 2268 4963 omnibus
2309 4906 2539 4977 eligendi
2581 4899 2808 4959 libertas
2841 4904 2967 4956 data
3001 4902 3094 4964 sit,
3139 4900 3206 4953 ad
3237 4888 3471 4979 operauf

1891 5002 2015 5054 dum
2059 5015 2225 5069 opera
2277 5007 2621 5060 sanctorum;
2666 5010 2768 5050 nos
2814 5008 2940 5048 vero
2977 4982 3320 5061 passionibns
3354 4989 3469 5056 jam

1889 5093 2025 5149 ebrii
2061 5090 2190 5147 facti
2224 5106 2442 5157 sumus,
2483 5094 2741 5160 tanquam
2780 5088 2815 5142 ii
2846 5089 2937 5157 qui
2970 5088 3078 5141 vlui
3110 5083 3471 5157 delectatione

1888 5183 2139 5251 inebriati
2179 5192 2335 5248 sunt;
2368 5181 2578 5252 erigere
2626 5178 2876 5234 nolumus
2907 5175 3213 5232 intellectus
3255 5180 3471 5224 nostros

1887 5266 1942 5328 et
1989 5287 2280 5342 supernam
2333 5272 2623 5340 exquirere
2673 5268 2939 5340 gloriam,
3001 5279 3099 5318 nec
3157 5272 3471 5318 sanctorum

1889 5365 2132 5419 omnium
2164 5361 2368 5416 imitari
2398 5368 2551 5430 gesta
2586 5367 2680 5413 aut
2711 5370 2897 5412 eorum
2926 5355 3179 5409 insistere
3208 5349 3470 5418 vestigiis,

202 5444 383 5520 ‘stolus
406 5445 489 5526 ’5:
530 5466 731 5534 Itaque,
770 5458 1105 5516 dilectissimi
1154 5458 1282 5520 mei,
1313 5455 1526 5517 scitote,
1571 5453 1711 5521 quod
1745 5452 1790 5506 si
1893 5455 1960 5506 ad
1993 5468 2180 5507 eorum
2215 5452 2584 5507 litereditanda
2613 5463 2775 5519 Opera
2802 5489 2817 5514 ,
2850 5456 2910 5500 ut
2939 5460 3062 5501 cum
3100 5444 3179 5499 eis
3208 5450 3470 5496 aeternam

204 5560 231 5657 ὲ
281 5579 326 5611 ιιι
369 5542 537 5634 ηδζίιρ
564 5593 683 5643 Vm,
731 5568 859 5632 15,‘
891 5574 934 5607 ⁸³
965 5557 1102 5643 ειη).
1140 5586 1187 5645 ¹ι,
1218 5571 1281 5625 ,4.
1357 5568 1404 5601 ³⁸
1445 5567 1588 5622 Psal.
1635 5582 1770 5621 cxx:

212 5663 367 5702 xxix.
407 5648 493 5702 Η).

1880 5565 1937 5621 4.
2013 5568 2058 5600 ³⁸
2100 5567 2265 5637 Hebr.
2304 5583 2416 5631 xu,
2473 5567 2559 5622 14.
2635 5565 2681 5599 ³⁸
2722 5562 2866 5620 Psal.
2914 5575 3041 5626 cxv,
3078 5559 3164 5613 1'2.
3243 5557 3285 5589 ³⁷
3325 5553 3485 5614 Pw.

212 5663 367 5711 xxix,
407 5649 493 5702 ll).

288 5769 401 5842 (l7)
445 5768 657 5826 Videsis
694 5767 747 5823 in
779 5766 922 5823 lnmc
964 5765 1174 5827 locum,
1220 5772 1338 5829 quae
1364 5755 1745 5814 adnotavimus
1779 5753 1846 5810 ad
1883 5750 2039 5825 epist.
2076 5766 2184 5804 xix.
