3872 6278
423 339 557 396 Ιολί

1521 331 1800 387 PATRES
1835 331 2137 388 IEGYPTII
2177 331 2451 390 SECULI
2494 332 2583 389 lV.

3560 331 3715 386 10Ιῖ

421 466 830 525 consequamur
861 447 1253 506 lnereditatem.
1291 447 1500 504 Scitote
1542 459 1745 516 autem,
1768 450 2008 504 dilectis-
2039 457 2084 512 Α
2115 452 2393 507 Creatoris
2419 493 2434 517 ,
2493 448 2718 521 ejusque
2771 450 3113 507 visitationes
3170 449 3342 506 nostri
3397 453 3710 506 secundum

423 545 587 609 simi,
631 543 859 596 virtutes
895 547 1146 603 sanctas,
1180 553 1478 608 supernas,
1516 538 1908 594 intellectuales
1941 555 2006 595 ac

422 634 733 706 splendidas
760 671 776 697 ,
825 640 878 685 ct
915 641 1139 685 naturas
1171 629 1432 696 illustres,
1465 632 1532 686 ad
1565 647 1729 686 unum
1760 632 2006 688 conditas

420 705 544 782 esse
575 742 604 779 a
631 725 714 780 sui
743 723 1032 794 principio,
1065 724 1210 792 quod
1241 733 1326 779 est
1356 723 1448 778 Dei
1481 723 1754 789 laudatio;
1794 735 1849 779 et
1881 733 2008 780 sunt

421 819 599 886 angeli
629 829 683 874 et
715 816 1028 885 archangeli
1057 825 1112 870 et
1147 816 1326 872 throni
1351 825 1405 871 et
1431 817 1850 883 dominationes,
1879 832 2007 887 pro-

419 915 600 982 pheta:
627 922 683 966 et
710 909 975 978 apostoli,
1015 918 1069 964 et
1103 908 1304 963 Satana
1337 919 1393 965 et
1435 909 1669 974 diaboli,
1700 919 1753 962 et
1784 909 2006 979 spiritus

420 1003 570 1066 mali,
612 1011 668 1057 et
717 1002 992 1072 principes
1033 1002 1195 1055 aeris.
1250 999 1314 1054 Hi
1367 1002 1584 1070 quidem
1635 1016 1826 1056 omnes
1875 1014 2006 1056 sunt

418 1111 554 1166 opus
583 1095 867 1150 Trinitatis
907 1094 1268 1149 sanctissima:
1300 1093 1500 1161 Patris,
1531 1105 1584 1150 et
1616 1094 1761 1162 Filii,
1793 1104 1847 1150 et
1876 1095 2005 1165 Spi-

418 1188 559 1241 ritus
589 1187 786 1242 sancti.
830 1185 1072 1254 Quorum
1111 1188 1371 1257 quosdam
1407 1189 1476 1241 ob
1519 1202 1709 1242 eorum
1766 1189 2002 1258 optimos

416 1287 597 1333 :nolus
647 1277 977 1347 nuncupavit
1026 1277 1168 1332 Deus
1222 1279 1518 1333 secundum
1559 1295 1724 1349 opera
1771 1295 1997 1345 eorum;

415 1370 510 1440 qui
542 1385 670 1424 vero
699 1368 817 1439 plus
843 1379 1152 1433 creverunt,
1196 1370 1316 1438 plus
1343 1372 1628 1442 gioriﬁeati
1654 1381 1776 1426 sunt
1811 1387 1838 1429 α
1870 1372 1998 1436 Deo,

417 1459 503 1513 cui
535 1460 789 1527 tnajestas
814 1468 866 1513 et
891 1459 1065 1514 honor
1101 1460 1153 1513 in
1193 1461 1388 1515 saecula
1429 1464 1775 1520 saeculorum.
1804 1464 1997 1518 Amen.

975 1576 1316 1632 EPISTOLA
1358 1575 1442 1632 Vl.

417 1689 464 1743 F
467 1691 573 1746 iliis
599 1694 709 1746 suis
740 1693 1012 1746 monachis
1035 1733 1048 1755 ,
1078 1701 1202 1746 nota
1237 1693 1310 1744 eis
1333 1692 1533 1761 faciens
1563 1694 1853 1746 certamina
1883 1698 1997 1745 dm-

483 1778 735 1826 monum,
772 1773 818 1816 et
869 1763 1075 1816 auxilia
1117 1773 1426 1815 sanctarum
1461 1765 1708 1815 virtutum
1753 1779 1772 1816 :

485 1849 574 1885 eos
605 1844 862 1898 prwterea
894 1835 962 1884 ad
988 1833 1322 1898 patientiam,
1357 1843 1402 1884 et
1435 1833 1818 1886 absolutionem
1849 1834 1994 1886 illius

481 1903 551 1954 ad
584 1903 723 1972 quod
750 1903 943 1971 egressi
966 1912 1108 1956 sunt.
1144 1901 1209 1955 In
1249 1919 1374 1972 pace
1401 1901 1628 1956 Domini.
1669 1902 1812 1956 Dixit
1835 1919 1854 1956 :

477 2014 762 2096 AntOnius‘
791 2013 915 2070 ﬁliis
954 2014 1068 2071 suis
1114 2014 1484 2071 dilectissimis
1530 2016 1584 2071 in
1635 2016 1865 2073 Domino
1890 2059 1905 2085 ,
1940 2028 1996 2074 et

411 2109 662 2164 omnibus
698 2108 789 2178 qui
828 2109 894 2163 ad
932 2108 1101 2164 Deum
1140 2109 1406 2164 accedunt
1433 2109 1501 2164 de
1534 2118 1646 2166 toto
1671 2111 1833 2165 corde
1870 2126 1990 2176 suo,

409 2199 637 2255 salutem
674 2200 806 2256 dicit
835 2201 1089 2255 omnibus
1121 2200 1295 2264 vobis,
1331 2202 1583 2256 maximis
1615 2202 1986 2271 minimisque,

409 2292 499 2360 qui
538 2308 662 2347 vere
701 2291 957 2350 Israelin
987 2292 1141 2347 estis.
1172 2292 1466 2348 Consecuti
1510 2292 1656 2348 enim
1699 2295 1833 2349 estis
1868 2293 1992 2349 feli-

409 2399 526 2437 cem
558 2386 873 2440 beatitatem
905 2385 1076 2455 gratia
1106 2396 1368 2455 operante
1389 2428 1403 2452 ,
1444 2401 1564 2456 qua:
1594 2395 1678 2441 est
1719 2386 1772 2440 in
1809 2386 1986 2444 vobis.

411 2471 797 2529 Verumtamen
849 2485 1102 2544 oportet,
1149 2486 1205 2528 ut
1254 2477 1467 2548 impigri
1510 2476 1733 2532 certetis
1773 2486 1993 2548 propter

408 2577 530 2616 eum
555 2564 644 2631 qui
671 2564 897 2618 uisitauit
918 2581 1003 2619 vos
1031 2567 1206 2619 oriens
1233 2582 1298 2619 ex
1327 2565 1436 2621 alto
1455 2566 1521 2634 ³⁸,
1547 2579 1606 2621 ut
1625 2566 1923 2622 efﬁciamur
1941 2570 1991 2621 ei

406 2655 583 2710 hostia
622 2665 807 2709 sancta
831 2695 846 2719 ,
880 2656 1248 2730 immaculata.
1296 2655 1512 2712 Scimus
1540 2657 1687 2712 enim
1715 2658 1991 2726 quomodo

406 2745 606 2801 cecidit
653 2755 844 2800 natura
892 2748 1005 2801 haec
1038 2747 1418 2803 substantialis
1451 2765 1518 2804 ex
1555 2765 1651 2804 sua
1701 2749 1990 2805 altitudine

407 2840 462 2891 iu
508 2837 839 2907 profundum
886 2839 1198 2908 ignominia:
1241 2851 1296 2896 et
1338 2841 1606 2903 miseriae,
1633 2853 1687 2896 et
1715 2843 1989 2912 quomodo

407 2929 646 2984 visitavit
685 2946 803 2984 eam
839 2929 980 2986 Deus
1013 2931 1324 2987 misericors
1360 2932 1474 2986 suis
1506 2933 1712 3009 legibus
1743 2951 1842 3004 per
1872 2951 1988 2989 ma.

406 3038 510 3077 nus
559 3023 791 3101 Moysis,
851 3022 1290 3095 reliquorumque
1337 3025 1742 3094 prophetarum,
1797 3025 1987 3082 Novis-

1815 1764 1997 1852 ί¹ἔ9ἐ¹9ἔ
2030 1797 2073 1852 Β

2116 545 2386 600 hominem
2416 553 2700 599 externum
2728 553 2782 598 et
2830 543 3104 598 internum
3126 585 3140 608 ,
3181 557 3248 598 eo
3277 543 3421 613 quod
3452 560 3577 598 cum
3620 559 3710 598 ra-

2114 634 2342 689 tionales
2373 634 2568 698 simus,
2600 633 2725 689 facti
2750 648 2938 689 sumus
2968 633 3316 690 irrationales
3345 635 3417 689 ob
3457 645 3705 689 nostram

2112 726 2518 781 inclinationem
2558 742 2680 779 cum
2710 724 2986 780 voluntate
3013 726 3185 780 hostis
3225 724 3366 780 mala
3397 726 3705 795 operantis.

2110 819 2281 887 patris
2306 819 2592 873 mendacii.
2627 818 2798 889 Cupio
2826 828 3006 874 autem
3033 835 3128 874 vos
3169 820 3336 882 scire,
3364 829 3499 888 quot
3520 834 3704 889 quan-

2113 921 2286 981 taeque
2322 911 2628 966 daemonum
2663 912 2862 965 artium
2896 911 3190 982 myriades,
3224 919 3280 966 et
3307 927 3471 981 quam
3505 925 3698 965 earum

2109 1006 2320 1074 species
2373 1005 2670 1058 innumerae
2722 1004 2829 1058 sint
2876 1021 2890 1058 :
2945 1004 3035 1073 qui
3084 1018 3207 1059 cum
3253 1003 3553 1069 vidissent,
3603 1017 3703 1058 nos

2100 1093 2214 1164 jam
2257 1095 2505 1164 proprias
2535 1093 2818 1164 passiones
2843 1094 3305 1163 ignominiamque
3327 1092 3656 1164 cognovisse
3676 1129 3694 1154 ,

2107 1200 2170 1238 ac
2216 1195 2474 1254 pranerea
2524 1199 2711 1238 eorum
2761 1184 2932 1238 malas
2977 1184 3322 1252 operationes
3355 1198 3494 1253 quas
3539 1184 3698 1238 nobis

2106 1287 2438 1348 suggerunt,
2489 1277 2673 1347 fugere
2716 1287 2945 1332 conatos
2989 1290 3148 1340 esse;
3186 1290 3363 1344 neque
3403 1275 3519 1329 hare
3549 1275 3693 1327 duu-

2109 1380 2276 1434 taxat,
2306 1385 2491 1424 verum
2519 1371 2684 1424 etiam
2713 1369 2869 1424 malis
2895 1384 3083 1424 eorum
3113 1367 3356 1423 consiliis
3379 1381 3502 1438 qua:
3532 1366 3693 1422 nobis

2107 1462 2356 1532 injiciunt
2403 1452 2573 1516 aures
2618 1477 2722 1516 non
2765 1462 2894 1515 dare
2940 1479 2954 1516 :
3001 1475 3137 1530 opus
3183 1475 3339 1514 suum
3392 1475 3516 1515 cum
3562 1458 3694 1527 joco

2104 1555 2343 1624 aggressi
2394 1564 2540 1608 sunt.
2593 1553 2805 1608 Norunt
2841 1553 2989 1608 enim
3039 1553 3122 1607 sui
3173 1549 3452 1607 Creatoris
3487 1550 3693 1604 donum

2105 1647 2306 1700 factum
2336 1662 2456 1702 esse
2488 1646 2590 1702 sibi
2621 1646 2709 1701 hic
2743 1647 2794 1700 in
2827 1654 3082 1710 mortem,
3111 1652 3165 1700 et
3191 1644 3300 1713 jam
3331 1644 3398 1697 de
3425 1657 3484 1698 se
3510 1656 3689 1696 actum

2102 1753 2222 1794 esse
2251 1739 2568 1810 praeparari,
2601 1749 2657 1793 et
2686 1753 2807 1794 esse
2833 1738 3074 1793 hairedes
3109 1735 3405 1792 inferorum
3435 1736 3506 1788 ob
3533 1749 3687 1787 suam

2102 1831 2439 1886 aversionem
2471 1847 2534 1885 ac
2568 1832 2793 1886 nimiam
2818 1831 3106 1884 malitiam.
3138 1828 3501 1898 Quapropter,
3537 1824 3687 1881 ﬁlioli

2103 1921 2207 1976 mei
2240 1920 2616 1988 dilectissimi,
2647 1934 2926 1990 nunquam
2972 1933 3129 1975 cesso
3161 1929 3321 1973 noctu
3351 1918 3551 1986 diuque
3593 1931 3691 1986 pro

2103 2015 2252 2068 vobis
2277 2015 2590 2081 deprecari,
2624 2023 2682 2066 ut
2710 2013 2955 2067 cordium
2983 2019 3298 2066 vestrorum
3329 2008 3541 2078 aperiat
3583 2007 3688 2060 Do-

2101 2108 2277 2161 minus
2297 2107 2506 2171 oculos,
2531 2116 2587 2159 ut
2619 2107 2801 2162 videre
2827 2105 3040 2176 queatis
3062 2104 3481 2174 magnitudinem
3507 2100 3692 2196 multj—

2101 2200 2298 2253 tudinis
2316 2199 2564 2253 fraudum
2581 2199 2883 2254 diemonum
2905 2212 3204 2266 eorumque
3226 2195 3486 2251 malitiam
3518 2195 3685 2264 quam

2101 2292 2254 2346 nobis
2281 2290 2536 2360 ingerunt
2566 2290 2829 2360 quotidie,
2861 2303 2926 2344 ac
2957 2297 3015 2344 ut
3048 2288 3200 2342 vobis
3247 2287 3536 2356 elargiatur
3593 2299 3690 2338 cor

2099 2382 2326 2453 vigilans
2387 2393 2443 2436 et
2487 2383 2737 2451 spiritum
2768 2381 3147 2444 discretionis,
3199 2389 3255 2433 ut
3305 2382 3689 2447 vosmetipsos

2095 2477 2290 2531 oll'erre
2315 2476 2532 2545 possitis
2557 2475 2664 2529 Deo
2689 2475 2916 2528 hostiam
2949 2473 3150 2536 vivam,
3182 2472 3609 2536 immaculatam,
3633 2481 3690 2525 et

2095 2583 2289 2623 cavere
2321 2569 2578 2621 invidiam
2614 2567 2920 2621 daemonum
2958 2566 3104 2622 onmi
3134 2575 3376 2634 tempore
3409 2577 3464 2618 et
3491 2579 3686 2619 eorum

2097 2657 2235 2712 mala
2263 2657 2518 2722 consilia,
2547 2656 2870 2725 illorumun
2896 2657 3127 2712 latentes
3156 2656 3587 2711 machinationes
3620 2670 3686 2709 ac

2093 2751 2428 2807 sobvelatam
2470 2753 2754 2820 malitiam,
2788 2761 2842 2808 et
2872 2755 3098 2822 spiritus
3139 2769 3328 2810 eorum
3369 2754 3684 2810 subducen-

2095 2856 2212 2912 tes,
2252 2857 2308 2903 et
2355 2848 2718 2918 cogitationes
2758 2847 3108 2918 blaSphemas
3133 2890 3148 2913 ,
3189 2860 3244 2903 et
3300 2847 3685 2902 inﬁdelitatem

2094 2954 2255 3008 quam
2295 2939 2498 3010 jugiter
2547 2950 2881 3010 suggerunt,
2929 2950 2984 2996 et
3032 2940 3213 2996 cordis
3263 2939 3637 3009 stupiditatem
3666 2977 3685 3002 ,

2094 3031 2426 3104 subtilesque
2484 3047 2673 3087 eorum
2727 3034 3172 3102 perturbationes
3223 3047 3360 3102 quas
3435 3032 3686 3102 quotidie

406 3117 604 3169 simum
637 3125 817 3168 autem
850 3114 901 3169 id
941 3114 1142 3170 factum
1175 3127 1256 3170 est
1287 3131 1386 3186 per
1428 3117 1620 3170 Filium
1650 3117 1768 3186 ejus
1800 3119 1984 3186 unige-
2013 3152 2056 3208 ο
2095 3123 2332 3178 inferunt
2371 3141 2494 3180 cum
2542 3126 2802 3180 mastitia
2847 3127 3061 3193 cordis,
3109 3136 3165 3183 et
3215 3141 3407 3181 eorum
3452 3126 3590 3179 iram
3628 3137 3688 3181 et

403 3205 598 3268 nitum,
623 3205 713 3283 qui
747 3216 1056 3262 nostrorum
1080 3207 1393 3275 pontiﬁcum
1419 3206 1680 3277 Princeps
1706 3219 1787 3263 est
1813 3210 1986 3263 maxi-

402 3310 557 3359 mus,
584 3305 640 3350 et
685 3294 925 3364 Medicus
967 3306 1156 3352 noster
1182 3313 1373 3362 verus,
1411 3299 1504 3366 qui
1539 3311 1754 3353 nostros
1785 3315 1986 3354 sanare

403 3387 548 3442 valet
587 3387 833 3451 dolores;
890 3395 984 3458 qui
1037 3391 1334 3460 assumpsit
1381 3406 1578 3459 corpus
1607 3401 1886 3455 nostrum,
1930 3401 1986 3446 et

407 3481 630 3535 tradidit
683 3494 854 3536 semet
900 3482 1072 3552 ipsum
1128 3498 1225 3553 pro
1279 3485 1436 3538 nobis
1489 3499 1552 3538 ac
1603 3500 1697 3554 pro
1744 3485 1985 3554 peccatis

403 3573 610 3628 nostris
635 3613 650 3637 ,
679 3573 952 3641 accipiens
985 3583 1208 3643 propter
1241 3585 1481 3629 nostram
1526 3577 1810 3629 stultitiam
1846 3576 1980 3647 ﬁgu-

403 3679 516 3719 ram
543 3665 805 3732 stultitiae,
831 3675 884 3718 et
916 3676 1136 3736 propter
1160 3677 1400 3720 nostram
1435 3665 1803 3720 inﬁrmitatem
1839 3666 1986 3721 simi-

400 3756 684 3811 litudinem
719 3755 1092 3820 inﬁrmitatis,
1128 3764 1183 3810 et
1215 3766 1435 3825 propter
1478 3768 1719 3810 nostram
1757 3772 1982 3826 pauper-

403 3855 566 3901 tatem
590 3846 816 3915 ﬁguram
849 3848 1214 3916 paupertatis,
1240 3856 1293 3901 et
1321 3857 1542 3916 propter
1569 3861 1808 3903 nostram
1840 3864 1984 3903 mor-

403 3937 670 3991 talitatem
712 3937 949 4007 gustavit
993 3947 1243 3992 mortem.
1292 3939 1420 4004 Quae
1464 3941 1645 3993 omnia
1676 3956 1866 4009 passus
1902 3953 1983 3995 est

399 4045 498 4100 pro
523 4028 698 4093 nobis,
724 4043 788 4083 ac
811 4045 906 4098 per
928 4028 1047 4098 ejus
1076 4040 1302 4083 mortem
1329 4031 1539 4084 liberati
1563 4046 1773 4084 sumus.
1805 4032 1984 4103 Quare

403 4137 502 4176 nos
530 4131 743 4190 oportet
781 4122 906 4175 totis
935 4121 1218 4176 decertare
1249 4123 1453 4176 viribus
1493 4134 1656 4192 atque
1697 4125 1896 4188 nervis,
1927 4135 1983 4177 ιιι

396 4215 646 4280 laetentur
679 4230 776 4285 pro
811 4215 963 4267 nobis
991 4218 1161 4269 sancti
1191 4230 1402 4280 omnes,
1440 4215 1528 4283 qui
1572 4232 1668 4283 pro
1700 4215 1855 4270 nobis
1889 4219 1982 4272 de-

398 4315 694 4375 precantur
745 4313 989 4374 tetnpore
1042 4316 1243 4358 nostra:
1288 4305 1557 4374 pigritiic,
1603 4304 1981 4373 laetabiturque

396 4411 585 4451 serens
619 4407 781 4466 atque
809 4407 1018 4452 metens
1045 4397 1201 4450 sitnul
1235 4397 1302 4448 ".
1337 4396 1566 4462 Oportet
1590 4407 1851 4467 praeterea
1886 4413 1981 4454 vos

2089 3217 2518 3272 susurrationem
2553 3232 2718 3288 quam
2757 3216 3007 3286 injiclttnt
3039 3217 3220 3282 nobis,
3251 3224 3310 3270 ut
3345 3219 3412 3272 de
3443 3217 3683 3272 invicem

2089 3323 2434 3364 susurremus
2457 3350 2472 3376 ,
2507 3318 2720 3365 nosmet
2763 3310 2910 3380 ipsos
2975 3311 3238 3365 duntaxat
3275 3311 3681 3379 justiﬁcantes,

2083 3400 2391 3466 judicantes
2425 3402 2604 3466 alios,
2659 3403 2891 3459 invicem
2929 3403 3346 3470 maledicentes,
3394 3405 3544 3458 suavi
3597 3404 3683 3458 lo-

2088 3503 2318 3561 quentes
2372 3493 2588 3564 lingua,
2645 3496 2844 3550 nostris
2896 3496 2947 3548 in
3001 3496 3256 3550 cordibus
3311 3496 3686 3552 amaritudine

2092 3587 2410 3652 recondita;
2445 3588 2679 3656 proximi
2732 3589 3101 3643 extrinsecutn
3143 3589 3480 3658 judicantes,
3531 3587 3684 3642 intra

2090 3690 2188 3730 nos
2225 3678 2487 3732 habentes
2520 3677 2828 3744 latronem;
2862 3679 3206 3733 decertantes
3237 3687 3291 3732 et
3318 3681 3685 3734 adversantes

2088 3769 2250 3824 nobis.
2286 3769 2516 3823 invicem
2543 3810 2557 3834 ,
2607 3769 2674 3825 ad
2729 3779 2916 3825 nostra
2960 3770 3282 3825 stabilienda
3321 3772 3484 3824 verba
3520 3779 3577 3824 et
3624 3782 3687 3825 ut

2086 3858 2521 3912 houorabiliores
2549 3859 2852 3912 videamur.
2884 3857 3158 3913 Praeterea
3186 3874 3287 3913 nos
3314 3857 3379 3911 ad
3413 3858 3514 3912 alia
3543 3873 3685 3913 con-

2087 3954 2253 4006 citant
2283 3966 2448 4020 opera
2493 3967 2613 4020 qua:
2649 3963 2968 4022 perpetrare
3013 3951 3156 4008 hami
3187 3951 3463 4016 valemus,
3497 3951 3685 4007 iuver-

2088 4051 2263 4097 tentes
2286 4059 2404 4112 qua:
2426 4051 2624 4097 nostra:
2649 4053 2771 4096 sunt
2803 4043 3074 4096 utilitatis.
3103 4041 3280 4108 Quare
3310 4057 3407 4094 uos
3433 4051 3684 4109 tempore

2086 4131 2304 4200 lugendi
2337 4132 2404 4188 ad
2426 4131 2590 4185 risum
2612 4132 2864 4195 incitant,
2895 4142 2949 4186 et
2971 4131 3154 4202 lugere
3183 4147 3282 4188 nos
3310 4141 3505 4186 curant
3536 4142 3686 4186 tem-

2087 4235 2216 4290 pore
2249 4221 2555 4289 gaudendi,
2605 4232 2866 4291 perpetuo
2911 4223 3260 4279 iutendentes
3297 4233 3534 4276 nostram
3583 4225 3686 4278 de-

2083 4313 2430 4369 clinationem
2465 4330 2493 4366 a
2542 4316 2624 4367 via
2674 4323 2821 4369 recta
2867 4325 2926 4369 ut
2967 4331 3065 4370 nos
3093 4317 3197 4370 sibi
3244 4316 3356 4370 suis
3391 4317 3685 4372 fraudibus

2085 4404 2394 4474 subjiciunt.
2446 4405 2599 4463 Haud
2627 4406 2961 4462 enucleauda
3009 4397 3060 4461 in
3096 4422 3336 4475 praesens
3371 4408 3502 4461 mihi
3542 4422 3683 4462 sunt

396 4489 569 4551 scire,
601 4487 746 4542 ﬁlioli
786 4489 922 4552 mei,
955 4503 1116 4556 quam
1152 4489 1203 4541 in
1229 4488 1592 4557 gravissimis
1626 4505 1814 4544 versor
1857 4505 1980 4560 pas-

2096 4497 2296 4567 singula
2328 4513 2516 4552 eorum
2550 4498 2691 4552 mala
2731 4509 2958 4570 excepto
2993 4500 3133 4570 quod
3181 4501 3226 4554 si
3273 4501 3437 4554 corda
3485 4511 3682 4555 nostra

396 4575 640 4629 sionibus
671 4591 830 4629 causa
866 4587 1065 4630 vestra.
1107 4575 1240 4628 Nam
1273 4579 1474 4644 aspicio
1503 4578 1718 4633 labores
1754 4591 1979 4635 sancto-

395 4682 514 4719 rum
548 4669 644 4735 pro
683 4667 834 4722 vobis
859 4707 874 4732 ,
911 4682 1210 4737 eorumque
1241 4671 1475 4737 gemitus
1515 4685 1576 4723 ac
1619 4687 1809 4740 preces
1839 4687 1978 4741 quas

393 4757 541 4809 onitii
602 4769 845 4824 tempore
896 4773 1080 4810 coram
1143 4757 1250 4810 Deo
1311 4775 1406 4826 pro
1464 4760 1614 4814 vobis
1673 4763 1977 4818 cUttutlnnt.

395 4848 574 4914 Quare
616 4847 814 4912 imitari
853 4865 949 4901 eos
986 4848 1219 4918 satagite
1252 4867 1264 4902 :
1316 4851 1516 4919 quippe
1548 4852 1639 4919 qui
1683 4869 1980 4924 prOSpexeo

396 4948 522 4993 runt
548 4939 631 5003 sui
664 4939 944 4994 Creatoris
969 4939 1020 4994 in
1053 4957 1150 4994 sua
1183 4943 1420 4996 mirabili
1450 4942 1834 5001 lncarnatione
1868 4949 1980 5001 dis-

395 5029 763 5099 pensationes,
823 5029 1048 5106 ejusque
1099 5033 1311 5089 labores
1369 5049 1470 5110 pro
1523 5046 1706 5091 nostra
1765 5040 1978 5104 salute,

395 5121 674 5192 hostisque
720 5121 874 5176 dolos
911 5126 1209 5192 quaerentis
1249 5141 1466 5194 semper
1508 5140 1749 5184 nostram
1795 5133 1977 5200 perdi-

395 5215 595 5270 tionem
635 5215 689 5270 in
721 5215 934 5271 inferno
965 5217 1144 5288 (quod
1189 5228 1271 5272 est
1311 5219 1429 5294 ejus
1466 5236 1796 5292 suorumque
1824 5239 1977 5279 com-

397 5305 695 5361 militonum
744 5309 994 5380 portio;;
1047 5324 1263 5379 semper
1315 5325 1548 5380 namque
1603 5314 1830 5380 perdere
1881 5332 1978 5369 nos

396 5395 627 5454 intendit
659 5402 760 5454 hac
791 5417 982 5470 magna
1016 5403 1340 5472 perditione.

467 5489 618 5560 liogo
650 5491 832 5561 itaque
861 5506 985 5557 vos,
1019 5493 1170 5546 ﬁlioli
1205 5493 1309 5548 mei
1364 5493 1703 5550 dilectissimi
1731 5534 1747 5559 ,
1785 5505 1844 5550 ut
1875 5496 1978 5552 hoc

395 5581 745 5655 percipiatis,
799 5593 853 5638 et
906 5585 1254 5653 perpendatis
1309 5587 1746 5656 dispensationcs
1806 5590 1974 5643 nostri

465 5758 511 5806 μ
547 5758 678 5828 Luc;
713 5776 750 5828 ι,
785 5762 872 5819 78.
955 5763 998 5795 ³⁸
1037 5759 1191 5824 Joan.
1226 5779 1297 5833 tv,
1333 5764 1426 5828 56.,

2088 4586 2418 4655 ejusccmodi
2457 4588 2618 4642 rebus
2653 4589 3003 4657 impleantur,
3048 4600 3299 4659 tanquam
3336 4605 3463 4645 esca
3503 4590 3682 4657 ﬁent;

2090 4688 2201 4734 tum
2244 4695 2373 4734 vero
2407 4680 2861 4750 ‘multiplicabitur
2897 4684 2947 4736 in
2985 4684 3142 4738 nobis
3178 4684 3378 4738 malum
3405 4722 3421 4747 ,
3462 4684 3687 4740 radices

2085 4771 2367 4837 etnittens,
2401 4771 2613 4841 eritque
2655 4774 2810 4828 nobis
2844 4775 3175 4830 horrendum
3215 4774 3562 4844 supplicium.

2155 4861 2498 4930 Quapropter
2531 4879 2630 4917 nos
2659 4873 2878 4933 oportet
2910 4865 3160 4918 assiduas
3196 4866 3262 4918 ad
3303 4863 3486 4918 Patris
3521 4865 3686 4918 boni-

2087 4962 2248 5006 tatem
2287 4952 2565 5009 eﬁ‘undere
2593 4970 2804 5023 preces,
2837 4966 2896 5010 ut
2921 4957 3104 5010 veniat
3135 4955 3254 5024 ejus
3287 4956 3580 5019 auxilium,
3627 4967 3686 5012 et

2084 5043 2137 5098 in
2159 5046 2370 5100 cunctis
2389 5045 2696 5101 actionibus
2717 5047 2918 5104 nostris
2941 5047 3240 5116 epituletur
3264 5049 3442 5102 nobis.
3469 5047 3687 5116 Quippe

2090 5147 2382 5205 apparatus
2420 5138 2506 5192 hic
2537 5139 2604 5193 ad
2645 5149 2886 5194 nostram
2932 5142 3294 5211 perditionem
3329 5152 3454 5206 est,
3486 5155 3542 5197 et
3579 5145 3683 5197 do-

2091 5243 2208 5281 nms
2231 5228 2551 5284 confusione
2588 5229 2762 5299 plena.
2802 5231 2930 5287 Dico
2947 5243 3123 5288 autem
3159 5234 3334 5297 vobis,
3363 5233 3514 5288 ﬁlioli
3547 5236 3682 5300 mei,

2079 5319 2222 5388 quod
2249 5321 2425 5375 omnis
2455 5323 2615 5375 homo
2639 5323 2731 5391 qui
2756 5324 2869 5377 suis
2893 5323 3195 5379 delectatur
3224 5325 3679 5394 cogitationibus.

2080 5422 2272 5479 sponte
2300 5411 2484 5476 cadit,
2527 5428 2650 5467 eum
2685 5414 2752 5468 iis
2786 5430 2906 5484 qua:
2943 5415 3046 5470 sibi
3075 5415 3403 5482 ,inferuutur
3437 5416 3677 5484 lauetur,

2077 5517 2248 5570 eaque
2278 5518 2571 5574 permagna
2603 5521 2724 5561 esse
2757 5507 3017 5577 mysteria
3043 5509 3340 5573 existimet,
3383 5525 3448 5564 ac
3499 5489 3680 5564 seruet

2079 5595 2252 5665 ipsum
2281 5594 2538 5664 jastiﬁcet
2581 5599 2632 5652 in
2665 5599 2734 5654 iis
2766 5599 3030 5656 duntaxat
3057 5616 3177 5672 quae
3211 5612 3507 5673 operatur;
3546 5616 3675 5658 cum
