3872 6278
239 296 377 352 1015

1208 303 1266 358 S.
1309 301 1594 361 ΑΝΤΟΝΙΙ
1632 306 1702 361 Μ.
1744 306 2038 364 ABBATIS
2077 307 2462 367 EPISTOLA‘I.

3365 307 3504 364 10M

237 413 307 466 sit
341 411 704 467 habitaculum
749 412 872 467 mali
913 414 1137 483 spiritus
1175 418 1266 486 qui
1295 419 1433 474 mala
1469 421 1519 476 ei
1553 421 1808 488 consulit,
1849 425 1895 480 A
1923 439 2060 493 quas
2089 427 2414 481 Greater-de
2441 423 2745 493 privatione
2761 422 2837 477 ad
2862 435 2980 477 esse
3018 421 3300 490 produxit;
3334 432 3504 491 agno-

236 513 399 573 atque
435 519 633 572 corpus
681 505 822 560 illius
854 506 1165 576 implebitur
1195 509 1314 579 ejus
1367 514 1644 582 mysteriis
1685 515 1816 570 aboo

239 594 587 650 minabilibus
636 597 986 654 absconditis.
1038 600 1148 671 .Qui
1196 603 1339 657 enim
1370 606 1630 672 ejusmodi
1695 617 1814 673 est,

237 689 655 756 apprehendunt
697 689 844 744 illum
881 694 1164 761 passiones
1191 695 1519 760 tlinmonum,
1549 713 1690 752 cum.
1716 699 1817 754 mi-

238 781 384 834 nime
414 797 444 833 a
484 795 544 835 se
574 795 668 837 eos
699 783 965 853 abegerit.
999 781 1110 839 Nos
1143 786 1324 855 itaque
1353 801 1582 842 noscere
1605 798 1820 858 oportet

238 870 438 926 diaboli
475 873 694 943 laqueos
720 873 947 944 ejusque
966 876 1309 943 calliditates,
1338 888 1394 933 et
1416 895 1509 934 eas
1543 881 1819 936 declinare

239 973 406 1034 atque
437 964 656 1036 fugere;
688 968 1124 1036 quandoquidem
1161 980 1380 1039 peccata
1413 981 1468 1027 et
1506 973 1820 1043 iniquitates

237 1071 360 1128 qua:
404 1065 530 1112 sunt
572 1072 604 1110 a
647 1058 1018 1124 (immanibus,
1066 1062 1288 1118 minime
1330 1067 1648 1135 apparentia
1696 1075 1821 1121 sunt

239 1155 335 1200 aut
361 1161 645 1217 corporea.
679 1147 795 1204 Non
831 1151 975 1205 enim
1016 1162 1141 1207 sunt
1170 1155 1255 1209 isti
1289 1157 1522 1212 visibilia
1556 1173 1816 1228 corpora;

239 1251 426 1292 verum
462 1252 560 1292 nos
600 1237 703 1293 illis
741 1254 969 1310 corpora
1006 1256 1233 1309 smnus,
1281 1246 1582 1316 animmque
1625 1258 1823 1304 nostra).

237 1327 308 1382 ab
345 1327 449 1384 illis
481 1331 830 1393 tenebrarum
863 1335 1144 1404 excipiunt
1177 1338 1535 1407 cogitationes
1574 1359 1586 1394 :
1623 1341 1822 1410 quibus

235 1422 498 1490 exceptis,
535 1421 795 1481 elﬁcimus
821 1441 914 1481 eos
949 1426 1266 1484 manifestos
1296 1430 1348 1482 in
1378 1446 1626 1500 corpore.
1693 1433 1821 1487 Sat-

236 1513 384 1583 agite
412 1514 618 1585 itaque,
649 1517 796 1573 lilioli
819 1520 943 1584 mei,
980 1536 1048 1574 ne
1081 1519 1256 1575 locum
1285 1521 1392 1577 illis
1427 1524 1478 1577 in
1510 1523 1662 1580 vobis
1694 1541 1826 1580 con-

237 1603 478 1669 cedatis,
520 1619 585 1659 ne
611 1607 791 1664 veniat
813 1608 906 1663 ira
940 1607 1152 1663 Domini
1181 1625 1344 1680 super
1375 1626 1503 1678 nos,
1537 1613 1823 1681 gaudenti-

240 1695 344 1750 bus
374 1695 479 1751 illis
503 1696 950 1766 etirridentibus,
979 1700 1134 1756 nobis
1159 1701 1458 1758 destitutis.
1489 1703 1665 1760 Verba
1705 1721 1821 1762 mea

1921 526 2036 571 seet
2073 517 2238 571 etiam
2272 517 2413 572 hanc
2443 525 2698 570 naturam
2743 511 3184 578 intellectualem,
3219 512 3504 567 immorta-

1920 607 2048 672 lem,
2083 607 2136 661 in
2172 609 2274 662 hoc
2307 608 2611 663 dissolubili
2644 623 2871 678 corpore
2912 609 3246 663 reconditam
3284 621 3409 662 esse
3436 609 3503 660 ad

1919 713 2048 753 suas
2097 698 2452 767 prOpalandas
2485 701 2830 768 operationes
2881 699 2932 753 in
2982 700 3072 753 illo
3111 715 3176 754 ac
3218 714 3314 768 per
3348 696 3500 752 iliud.

1921 789 2020 857 Qui
2052 799 2230 846 autem
2266 792 2366 847 hoc
2409 793 2638 857 noverit,
2674 791 2837 847 Deum
2892 791 3066 846 solum
3102 791 3326 860 diligere
3350 799 3505 860 pote-

1923 882 2025 946 rit;
2054 882 2143 951 qui
2169 897 2299 936 vero
2319 883 2601 936 Dominum
2629 883 2821 952 diligit,
2844 898 3032 937 omnes
3062 882 3255 951 diligit.
3285 881 3498 950 Itaque,

1924 973 2075 1026 lilioli
2113 974 2216 1026 mei
2247 973 2614 1039 dilectissimi,
2654 975 2884 1044 impigre
2918 983 3082 1043 atque
3123 973 3497 1026 indesinenter

1923 1065 2154 1120 invicem
2185 1065 2411 1134 diligite,
2441 1080 2639 1135 corpus
2669 1067 2771 1120 hoc
2800 1080 2906 1133 quo
2937 1063 3107 1117 induti
3143 1062 3294 1126 estis,
3328 1060 3492 1114 thuri-

1923 1156 2104 1210 bulum
2136 1157 2547 1224 constituentes,
2580 1158 2631 1210 in
2663 1172 2769 1226 quo
2798 1156 3040 1211 olferetis
3073 1169 3261 1210 omnes
3294 1153 3501 1219 cogita-

1927 1248 2101 1303 tiones
2148 1256 2356 1302 vestras
2401 1263 2464 1302 ac
2511 1259 2691 1302 vestra
2738 1248 2875 1302 mala
2921 1247 3164 1309 consilia,
3207 1261 3270 1301 ea
3318 1258 3506 1302 coram

1925 1338 2150 1393 Domino
2177 1348 2499 1403 statuentes,
2535 1337 2856 1393 extollendo.
2889 1337 3052 1393 corda
3083 1348 3265 1393 vestra
3307 1343 3504 1405 poten-

1926 1430 2166 1499 tiamque
2201 1429 2619 1495 intellectualem
2669 1432 2734 1485 ad
2770 1432 2942 1495 illum,
2973 1430 3286 1501 ﬂagitantes
3314 1430 3382 1485 ab
3414 1442 3501 1495 eo,

1926 1531 1986 1575 ut
2033 1523 2184 1576 vobis
2241 1521 2538 1589 elargiatur
2589 1522 2658 1577 ab
2707 1523 2814 1577 alto
2882 1539 3036 1578 suum
3089 1523 3502 1578 immaterialem

1927 1613 2105 1680 ignem
2137 1614 2204 1665 ad
2236 1611 2664 1666 comburendum
2691 1612 2954 1682 quidquid
2989 1623 3071 1667 est
3107 1613 3158 1665 in
3197 1612 3288 1666 illo
3327 1613 3502 1666 thuri-

1929 1702 2077 1768 bulo,
2104 1704 2333 1773 expians
2359 1703 2514 1758 illud.
2549 1704 2614 1758 Et
2648 1705 2916 1759 timebunt
2944 1704 3296 1759 adversantes
3323 1718 3505 1759 sacer-

241 1787 410 1851 nolite
432 1791 1124 1859 negligere;etenimbeue
1150 1795 1348 1862 sciunt,
1391 1807 1632 1853 nostram
1659 1801 1821 1876 vitam
1854 1778 1898 1832 Β
1926 1799 2082 1852 dotes
2129 1796 2280 1861 Baal,
2329 1795 2648 1866 fugiantque
2687 1813 2718 1851 e
2765 1807 3061 1860 conspectu
3105 1807 3302 1863 vestro,
3343 1797 3508 1854 sicuti

239 1881 312 1935 ab
336 1880 564 1935 invicem
585 1883 872 1952 impertiri.
898 1883 1032 1938 Nam
1055 1886 1178 1955 quis
1207 1887 1373 1942 Deum
1399 1890 1534 1944 vidit
1561 1907 1822 1961 unquam,

238 1984 300 2025 et
331 1974 690 2042 apprehendit
721 1974 870 2028 illum
905 1992 973 2030 ne
1013 1992 1044 2031 a
1095 1992 1154 2034 se
1185 1979 1550 2053 elongaretur,
1590 1993 1642 2037 et
1675 1994 1731 2038 ut
1759 1999 1824 2040 eo

238 2064 544 2132 gauderet,
593 2075 648 2120 et
699 2066 1006 2123 salvaretur
1048 2085 1078 2124 a
1126 2074 1374 2142 corporis
1432 2073 1592 2144 hujus
1642 2077 1826 2146 gravis

237 2154 745 2212 obluctationibus?
798 2161 901 2215 Aut
967 2162 1085 2229 quis
1141 2164 1412 2221 diabolum
1467 2170 1827 2238 corporaliter

238 2254 434 2300 contra
473 2261 532 2300 se
569 2258 802 2303 stantem
835 2252 1000 2319 vidit,
1033 2263 1092 2307 ut
1124 2269 1245 2310 eum
1274 2255 1569 2327 ell'ugeret?
1599 2271 1826 2328 excepto

240 2338 422 2406 quod,
469 2354 591 2394 cum
645 2341 841 2396 diaboli
896 2345 1004 2399 sint
1051 2345 1104 2399 in
1157 2336 1514 2416 abscondito,
1554 2367 1654 2407 nos
1707 2353 1827 2408 illos

245 2431 452 2484 nostris
508 2431 917 2489 manifestamus
973 2439 1408 2507 operationibus;
1465 2458 1586 2497 nam
1637 2460 1828 2500 omnes

243 2518 491 2586 ejusdem
541 2531 664 2575 sunt
712 2523 1030 2580 substantiae
1075 2527 1488 2596 intellectualis;
1527 2532 1628 2586 sed
1677 2548 1828 2588 rece-

244 2611 442 2666 dentes
471 2629 498 2666 a
535 2612 642 2668 Deo
667 2654 681 2679 ,
709 2615 826 2670 haec
867 2617 1014 2671 varia
1044 2620 1221 2674 sortiti
1255 2631 1381 2675 sunt
1412 2625 1660 2691 norniua,
1691 2643 1828 2696 quo-

245 2717 369 2756 rum
407 2703 558 2772 plura
592 2707 657 2760 de
686 2707 751 2760 iis
777 2711 1126 2779 comprobata
1168 2723 1296 2767 sunt
1323 2713 1394 2768 ob
1426 2718 1606 2783 plures
1636 2733 1824 2773 eorum

247 2787 589 2864 iniquitates.
623 2796 691 2851 Et
734 2806 858 2853 "sunt
893 2800 1059 2856 Satan
1084 2842 1099 2867 ,
1127 2803 1362 2871 diaboli,
1393 2807 1573 2876 genii,
1604 2810 1828 2878 spiritus

251 2885 403 2952 mali,
460 2897 680 2959 turpes,
742 2891 966 2960 perﬁdi,
1013 2894 1283 2964 principes
1337 2897 1500 2968 hujus
1555 2902 1826 2958 tenebrosi

251 2979 439 3032 mundi
470 2989 525 3034 et
558 2981 709 3049 plura
766 2982 1094 3048 huiusmodi.
1128 2986 1195 3039 At
1229 2988 1532 3044 caelestium
1567 2993 1824 3046 virtutum

251 3068 472 3124 nomina
525 3081 680 3136 sunt,
728 3073 1076 3144 archangeli,
1132 3075 1350 3143 throni,
1399 3080 1826 3150 dominationes,

250 3167 572 3226 potestates,
596 3161 898 3228 cherubim,
919 3166 1186 3234 seraphim
1211 3185 1225 3233 ;
1251 3178 1305 3222 et
1326 3173 1678 3240 comprobata
1705 3187 1831 3231 sunt

249 3251 321 3304 de
351 3250 416 3305 iis
458 3251 573 3308 haec
598 3255 848 3321 nomina,
889 3259 1144 3326 quoniam
1176 3273 1463 3316 servarunt
1497 3263 1827 3320 voluntatem

251 3340 336 3393 sui
383 3338 677 3400 Creatoris.
727 3344 827 3411 Qui
880 3361 1010 3401 vero
1053 3347 1178 3403 odio
1226 3350 1537 3406 habuerunt
1585 3357 1832 3424 corporis

253 3431 414 3501 hujus
445 3450 553 3504 quo
591 3451 778 3492 sumus
821 3437 993 3493 induti
1023 3442 1293 3495 sarcinam
1317 3483 1331 3505 ,
1368 3443 1515 3498 illam
1547 3462 1575 3498 a
1606 3463 1663 3501 se
1696 3449 1831 3518 abji-

252 3526 503 3592 cientes;
537 3542 726 3586 eorum
757 3529 976 3598 quidam
1008 3533 1300 3600 nuncupati
1330 3543 1457 3587 sunt
1483 3536 1829 3604 patriarcha},

251 3619 471 3689 quidam
499 3622 774 3691 prophetae
796 3632 850 3676 et
876 3637 1053 3690 reges,
1083 3635 1137 3676 et
1161 3628 1491 3693 sacerdotes,
1524 3638 1578 3682 et
1599 3629 1830 3696 iudices,

252 3721 308 3765 et
348 3711 598 3778 apostoli.
640 3711 770 3778 Qua:
817 3714 1032 3783 quidem
1079 3718 1294 3771 nomina
1325 3720 1502 3773 sortiti
1532 3732 1688 3786 sunt,
1720 3725 1835 3779 sive

253 3801 356 3854 viri
402 3801 530 3864 sint,
557 3802 670 3856 sive
712 3803 1000 3868 mulieres,
1037 3806 1106 3859 ob
1149 3805 1294 3858 varia
1338 3792 1527 3860 eorum
1578 3821 1726 3877 gesta
1773 3827 1836 3865 ac

257 3896 672 3964 propensionem
714 3895 766 3949 in
795 3896 993 3950 bonum
1015 3937 1030 3961 ,
1062 3905 1115 3951 et
1149 3898 1300 3967 plura
1329 3901 1590 3968 ejusmodi
1618 3919 1631 3967 ;
1667 3918 1834 3972 quan-

257 3999 421 4060 qqam
455 3999 648 4040 omnes
686 4001 752 4040 ex
784 4002 892 4041 uno
921 3987 1218 4056 eodemque
1245 3991 1354 4043 sint
1387 3991 1657 4060 principio
1685 4004 1738 4047 et
1771 4011 1834 4050 ex

256 4078 446 4133 eadem
495 4075 1117 4148 substantia.'ldeoque
1158 4082 1250 4150 qui
1298 4081 1350 4136 in
1400 4083 1624 4140 fratrem
1679 4103 1836 4141 suum

259 4179 480 4240 peccat,
531 4182 620 4224 aut
670 4170 720 4223 in
771 4171 1073 4240 proximum
1125 4189 1320 4236 suum,
1367 4176 1419 4228 in
1457 4177 1837 4246 semetipsum

259 4275 488 4333 peccat;
518 4273 572 4318 et
617 4264 924 4333 quicunque
974 4266 1025 4318 in
1077 4267 1379 4334 proximum
1429 4283 1584 4322 suum
1619 4272 1841 4324 molitur

258 4357 460 4411 malum
484 4396 498 4420 ,
537 4356 619 4408 vel
651 4358 700 4410 in
730 4357 991 4426 mqualem
1018 4356 1119 4411 sibi
1157 4359 1206 4411 in
1244 4374 1463 4428 genere,
1505 4362 1556 4415 id
1597 4364 1840 4428 profecto

1927 1900 2273 1958 eeouspectu
2311 1888 2438 1943 Elize
2480 1889 2756 1958 prephctze
2773 1888 2839 1940 "°.
2867 1887 3002 1941 Tum
3044 1887 3294 1944 videbitis
3335 1891 3504 1944 homi-

1929 1995 2052 2034 nem
2093 1990 2465 2049 emergentem
2491 1995 2558 2034 ex
2594 1979 2749 2049 aquis
2777 1981 2942 2034 divini
2985 1980 3170 2045 fontis,
3199 1982 3288 2050 qui
3319 1983 3507 2052 pluere

1928 2074 2094 2128 faciet
2125 2073 2278 2130 vobis
2299 2072 2598 2142 spiritalem
2625 2072 2888 2143 pluviam,
2915 2075 3006 2143 qui
3037 2084 3120 2129 est
3143 2074 3374 2143 Spiritus
3403 2074 3508 2128 Pa-
3559 2096 3562 2098 ν

1929 2165 2140 2220 racleti.
2185 2166 2322 2221 Cum
2361 2180 2543 2230 autem
2574 2169 2852 2222 consecuti
2899 2167 3133 2232 fueritis,
3176 2166 3324 2221 lilioli
3373 2167 3512 2229 mei,

1931 2259 2044 2313 haec
2076 2261 2391 2328 praestantia
2425 2264 2584 2321 d0na,
2619 2260 2787 2314 nolite
2824 2269 3014 2328 putare
3036 2275 3099 2312 ea
3128 2275 3249 2314 esse
3279 2274 3344 2312 ex
3381 2275 3509 2328 ope-

1930 2350 2078 2403 ribus
2110 2352 2324 2415 vestris,
2354 2367 2476 2406 cum
2515 2353 2699 2406 adsint
2739 2361 2793 2406 et
2825 2352 2977 2405 vobis
3010 2352 3237 2405 virtutes
3282 2359 3511 2412 sanctae,

1929 2441 2095 2494 vestri
2132 2440 2428 2510 participes
2458 2441 2512 2494 in
2544 2441 2756 2495 cunctis
2785 2442 2982 2494 vestris
3032 2439 3358 2494 actionibus.
3397 2439 3509 2511 Ego

1931 2541 2112 2586 autem
2145 2548 2241 2588 vos
2269 2533 2518 2600 obsecro,
2552 2543 2609 2586 ut
2632 2533 2961 2587 incumbatis
2984 2541 3038 2585 et
3067 2531 3428 2601 perseveretis
3457 2531 3510 2582 in

1932 2625 2130 2679 vestris
2169 2626 2389 2695 optimis
2419 2626 2695 2696 operibus,
2731 2634 2789 2682 ut
2813 2624 3063 2679 laetentur
3094 2624 3146 2677 in
3189 2623 3343 2677 vobis
3385 2639 3511 2680 sang-

1932 2714 2003 2769 cti
2038 2730 2228 2768 onmes
2271 2729 2336 2768 ac
2359 2716 2586 2784 spiritus
2625 2713 2729 2766 mei
2774 2710 3028 2774 infelicis,
3065 2726 3186 2763 cum
3222 2723 3412 2762 omnes
3443 2722 3512 2761 est

1933 2822 2041 2861 uno
2073 2806 2340 2876 principio
2371 2815 2424 2860 et
2458 2821 2523 2858 ex
2554 2819 2656 2857 una
2700 2803 2997 2871 eademque
3026 2800 3326 2855 substantia
3357 2799 3515 2852 intel-

1935 2897 2148 2952 lectuaii
2189 2895 2444 2951 invisibili
2484 2895 2684 2950 conditi
2747 2894 2936 2948 simus.
2977 2893 3078 2959 Qui
3119 2894 3300 2959 itaque
3340 2900 3515 2944 semet

1939 2989 2110 3058 ipsum
2152 2987 2451 3058 cognoscit,
2497 3002 2556 3041 se
2601 2984 2961 3039 immortalem
2999 2981 3361 3038 substantiam
3391 2995 3514 3035 esse

1937 3081 2115 3143 novit;
2164 3087 2218 3132 et
2251 3059 2394 3146 quod
2448 3077 2705 3131 Dominus
2747 3085 2934 3131 noster
2968 3073 3124 3130 Jesus
3155 3074 3406 3129 Christus
3439 3076 3511 3128 sit

1938 3186 2099 3225 verus
2129 3169 2306 3223 Patris
2336 3168 2666 3231 intellectus,
2698 3182 2733 3221 a
2760 3183 2870 3237 quo
2894 3176 2978 3222 est
3011 3181 3135 3220 vera
3170 3166 3312 3219 ratio
3344 3165 3516 3219 totius

1939 3261 2219 3317 rationalis
2250 3271 2480 3324 naturae,
2519 3275 2636 3328 qme
2665 3260 2732 3312 ad
2763 3257 3172 3312 similitudinem
3215 3255 3335 3326 ejus
3379 3257 3516 3308 iuta-

1935 3353 2074 3423 ginis
2108 3353 2319 3406 condita
2354 3351 2474 3403 fuit.
2505 3351 2638 3404 Cum
2676 3365 2804 3404 vero
2833 3349 2905 3404 sit
2935 3357 3088 3417 caput
3139 3347 3396 3416 corporis,
3423 3361 3521 3400 ca-

1936 3453 2033 3515 put
2067 3444 2338 3504 Ecclesiae,
2382 3452 2440 3496 ut
2484 3442 2684 3497 asserit
2716 3440 2916 3494 Paulus
2955 3439 3326 3508 apostolus“;
3360 3447 3415 3492 et
3439 3437 3518 3491 id-

1937 3538 2306 3592 circoomnes
2338 3533 2572 3588 invicem
2608 3549 2794 3587 sutnus
2829 3532 3094 3594 membra,
3129 3541 3182 3584 et
3203 3545 3367 3584 unum
3393 3544 3517 3584 cor-

1939 3641 2038 3696 pus
2062 3625 2300 3680 Christo.
2350 3621 2462 3677 Nec
2503 3632 2666 3692 potest
2708 3631 2860 3685 caput
2906 3621 3076 3674 dicere
3102 3621 3318 3688 pedibus
3341 3636 3360 3674 :
3393 3617 3522 3672 Non

1942 3719 2064 3772 estis
2098 3717 2228 3770 milii
2269 3716 2584 3780 necessarii;
2611 3716 2700 3768 sed
2743 3730 2860 3767 cum
2899 3729 3061 3790 unum
3107 3713 3310 3780 patitur
3365 3726 3524 3765 mem-

1940 3812 2114 3875 brum,
2153 3811 2328 3863 omnia
2382 3809 2613 3862 membra
2673 3807 3086 3874 compatiuntur,
3139 3813 3197 3856 tit
3254 3804 3396 3856 idem
3447 3803 3524 3856 ait

1941 3901 2231 3970 Apostolus
2248 3900 2315 3952 δ’.
2349 3899 2500 3954 Unde
2531 3898 2873 3967 potissimum
2909 3911 3008 3950 nos
3035 3904 3253 3960 oportet
3277 3909 3406 3965 erga
3441 3895 3525 3948 in-

1943 3993 2116 4047 vicem
2147 4007 2368 4047 servare
2395 3991 2758 4045 dilectionem.
2787 3988 3023 4050 Etenim,
3045 3989 3133 4056 qui
3159 3987 3375 4057 fratrem
3403 3987 3529 4041 dili-

1943 4085 2016 4154 git
2053 4100 2228 4148 suum,
2262 4083 2306 4136 is
2340 4081 2507 4136 Deum
2553 4080 2762 4150 diligit;
2806 4079 2896 4150 qui
2935 4094 3062 4133 vero
3113 4079 3286 4148 diligit
3337 4078 3526 4142 Deum,

1949 4186 2120 4231 semet
2165 4176 2337 4243 ipsum
2379 4173 2574 4242 diligit,
2622 4171 3080 4240 quemadmodum
3127 4170 3256 4223 dicit
3291 4168 3532 4223 Joannes

1947 4265 2224 4336 apostolus
2242 4265 2306 4316 “.
2340 4263 2490 4332 Rogo
2514 4277 2606 4314 vos
2639 4270 2921 4328 prteterea,
2963 4259 3114 4312 lilioli
3150 4259 3258 4313 mei
3284 4259 3529 4313 dilectis-

1945 4355 2091 4419 simi,
2133 4361 2190 4408 ut
2225 4351 2560 4422 percipiatis,
2601 4351 2742 4417 quod
2784 4357 3110 4417 potestatem
3167 4349 3219 4400 in
3283 4357 3524 4401 nostram

261 4451 314 4504 in
350 4449 586 4502 animam
628 4464 781 4503 suam
833 4449 1070 4504 molitur.
1109 4450 1242 4504 Nam
1289 4454 1410 4520 quis
1442 4469 1676 4523 unquam
1731 4455 1838 4510 Deo
1870 4463 1914 4517 ι)
1943 4446 2271 4500 Voluntatem
2331 4443 2590 4496 habentes
2629 4439 2828 4492 conditi
2873 4453 3092 4504 sumus,
3124 4453 3188 4493 ac
3240 4446 3527 4508 propterea

260 4540 463 4596 inferre
498 4540 661 4593 valuit
698 4541 937 4596 laborem
977 4552 1067 4596 aut
1096 4543 1500 4623 requie-iuuant
1536 4544 1607 4597 illi
1663 4545 1839 4600 inser-

260 4633 375 4687 vire
398 4641 456 4686 ut
485 4647 606 4686 euut
631 4634 804 4697 decet,
834 4644 927 4686 aut
949 4633 1168 4687 laudare
1195 4646 1459 4703 quantum
1487 4638 1535 4690 ei
1563 4639 1838 4702 convenit,

259 4737 355 4780 aut
388 4727 654 4780 honorare
677 4738 938 4795 quantum
963 4714 1226 4792 lueretur,
1258 4739 1349 4780 aut
1379 4729 1620 4782 exaltare
1660 4743 1832 4797 quan-

263 4833 376 4875 tum
407 4832 492 4875 est
539 4819 776 4890 dignus?
823 4819 976 4886 Quod
1028 4819 1246 4889 quidem
1283 4820 1352 4874 ob
1399 4822 1644 4888 corporis
1682 4820 1841 4890 hujus

262 4913 584 4981 gravitatem
632 4927 738 4982 qua
789 4913 1167 4982 opprimimur,
1211 4913 1426 4969 accidit.
1476 4913 1839 4978 Quamobrem

265 5015 692 5058 consentaneum
722 5003 880 5057 nobis
901 5013 1007 5067 est,
1028 5003 1112 5057 his
1129 5003 1379 5072 cognitis,
1404 5003 1644 5074 excitare
1675 5002 1842 5055 Deum

267 5096 665 5150 inhabitantem
690 5097 742 5150 in
776 5094 952 5158 nobis,
985 5097 1186 5150 nostris
1209 5096 1466 5166 operibus
1486 5104 1540 5148 et
1565 5095 1760 5160 gaudio
1792 5101 1848 5147 et

267 5189 705 5245 miserationibus
735 5204 860 5256 erga
889 5188 1122 5242 invicem
1150 5206 1164 5252 ;
1199 5198 1250 5241 et
1279 5204 1342 5241 ue
1368 5187 1540 5242 nostri
1578 5197 1848 5240 amatores

268 5281 618 5348 essistamus,
660 5297 726 5335 ne
761 5281 888 5335 mali
924 5282 1100 5349 portio
1132 5279 1451 5334 elliciamur.

343 5373 447 5430 Sed
481 5384 694 5430 nosmet
721 5375 866 5444 ipsos
897 5390 1253 5446 agnoscamus
1280 5388 1292 5424 :
1319 5373 1516 5440 quippe
1555 5373 1643 5438 qui
1677 5382 1850 5424 semet

272 5469 446 5538 ipsum
497 5468 763 5537 agnoscit,
801 5466 1042 5536 agnoscit
1075 5480 1291 5534 quoque
1328 5475 1519 5518 omnes
1565 5471 1847 5514 creaturas

350 5681 394 5712 δ’
425 5679 487 5734 Ill
513 5680 645 5750 Reg.
685 5695 836 5747 svnt,
870 5677 940 5739 25
967 5691 1110 5755 sqq.
1212 5671 1260 5709 δι·
1283 5670 1490 5733 Coloss.
1529 5685 1568 5736 ι,
1603 5671 1696 5733 ~18.

277 5767 468 5815 sum,
497 5755 550 5808 8.

1815 5666 1900 5721 ιιι
1933 5667 2058 5723 Cor.
2094 5681 2195 5732 xu,
2225 5627 2324 5728 ἐι,
2360 5660 2592 5731 26,127.
2697 5655 2784 5709 ιιι
2820 5653 2978 5710 Joan.
3012 5669 3088 5714 iv.
3111 5653 3202 5720 ει.

1950 4555 2049 4592 nos
2089 4545 2401 4606 Oppugnaut
2447 4533 2670 4602 spiritus
2737 4530 2981 4599 maligni,
3042 4545 3143 4584 nos
3193 4529 3528 4584 obsidentes.

1950 4631 2332 4685 Verumtamen
2366 4627 2623 4694 percipite
2641 4624 2782 4693 quod
2815 4624 3078 4692 scriptum
3104 4623 3252 4676 estin
3272 4621 3491 4677 Psalmo
3516 4641 3528 4676 :

1951 4723 2180 4792 Angelus
2217 4721 2430 4773 Domini
2459 4730 2635 4772 castra
2665 4727 2892 4770 metatur
2923 4717 2979 4770 in
3007 4717 3232 4770 circuitu
3255 4717 3534 4770 electorum

1951 4815 2088 4882 ejus,
2119 4822 2166 4865 et
2199 4810 2264 4863 ab
2297 4809 2536 4863 omnibus
2571 4807 2882 4860 maeroribus
2923 4807 3107 4874 eripiet
3146 4822 3232 4859 eos
3255 4805 3320 4858 “.
3363 4804 3537 4872 Cupio

1953 4906 2116 4960 etiam
2152 4913 2210 4957 ut
2231 4902 2438 4968 sciatis,
2474 4903 2617 4970 quod
2640 4900 2706 4952 de
2735 4899 2991 4951 onmibus
3021 4898 3111 4966 qui
3143 4897 3378 4968 elongati
3414 4908 3541 4952 sunt

1954 5015 1983 5051 a
2021 4998 2239 5060 virtute,
2263 4995 2375 5064 jam
2419 5000 2794 5049 consummata
2830 5001 2917 5044 est
2979 4990 3288 5043 daemonum
3360 4988 3537 5055 fraus,

1953 5100 2009 5145 et
2041 5088 2350 5159 'Scriptura
2413 5084 2705 5154 adimpleta
2747 5092 2834 5147 est
2868 5081 2936 5138 de
2974 5080 3102 5146 illis,
3139 5083 3285 5150 quod
3329 5080 3542 5135 scilicet

1954 5183 2064 5239 sint
2125 5181 2215 5236 lilii
2248 5177 2478 5243 diaboli;
2508 5175 2755 5231 diabolus
2799 5174 2944 5230 enim
2979 5188 3103 5226 cum
3150 5187 3217 5225 ex
3253 5186 3351 5226 suo
3379 5173 3543 5224 cmic-

1954 5275 2022 5329 sti
2049 5273 2236 5328 ordine
2283 5270 2352 5325 ob
2384 5267 2690 5337 superbiam
2714 5266 3022 5326 cecidisset,
3056 5273 3318 5332 perpetuo
3360 5261 3541 5316 inten-

1955 5366 2036 5419 dit
2089 5380 2274 5419 casum
2335 5360 2574 5416 omnium
2649 5358 2739 5428 qui
2799 5357 2866 5410 ad
2931 5354 3218 5409 Dominum
3280 5353 3542 5411 accedere

1959 5458 2184 5527 cupiunt
2247 5455 2372 5510 totis
2435 5453 2658 5514 viribus,
2729 5451 2833 5504 hac
2862 5448 3053 5503 eadem
3115 5456 3232 5500 arte
3271 5461 3378 5528 qua
3429 5447 3542 5513 ipse

3343 5649 3383 5683 ’⁵
3401 5651 3550 5708 Pint.
