3868 6282
440 277 580 329 ιοιδ

1536 272 1812 333 PATBES
1840 274 2142 332 ᾸΞΟῩΡΤΙΙ
2180 270 2454 334 διδωμι
2495 278 2582 334 lV.

3558 272 3672 338 l0l6

438 384 661 448 cecidit,
687 383 937 452 superbia
975 384 1228 439 videlicet
1263 395 1316 438 et
1345 386 1522 440 inanis
1561 386 1746 456 gloriae
1802 399 2008 442 amore.
2041 391 2087 447 Α
2114 387 2204 455 qui
2232 403 2423 457 egenus
2470 390 2640 457 [actus
2674 396 2754 442 est
2798 397 3012 457 prapter
3053 366 3144 445 nos
3195 362 3433 444 cunam
3458 392 3606 455 dices,
3627 404 3670 446 ut

510 476 605 531 llis
636 477 819 546 itaque
857 491 956 531 nos
1003 486 1313 548 oppugnant
1355 478 1639 545 daemones
1681 494 1781 534 nos
1821 493 1851 532 a
1899 479 2011 534 Deo

440 570 525 623 his
560 568 790 638 aliisque
823 583 1081 638 separare
1130 579 1402 639 putantes.
1440 570 1631 625 Sciunt
1662 570 1831 633 enim,
1870 570 2011 637 quod

440 659 751 726 quicunque
796 658 971 728 diligit
1027 657 1252 717 fratrem
1302 674 1480 723 suum,
1525 658 1703 726 diligit
1731 666 1786 712 et
1819 658 2009 712 Deutu.

388 752 391 759 '
434 734 620 813 'Quare
665 747 910 818 injiciunt
953 749 1006 803 in
1050 750 1214 804 corda
1268 759 1447 804 nostra
1473 750 1564 817 (ob
1601 763 1790 803 eorum
1825 747 2011 803 stulti-

443 840 573 891 tiam
613 849 668 892 et
713 839 1080 906 inimicitianf,
1118 856 1223 909 qua
1266 841 1519 907 virtutem
1561 840 2010 910 prosequuntur,)

445 929 626 983 odium
658 944 786 998 erga
821 930 1049 986 invicem
1075 950 1089 986 :
1119 932 1190 985 ita
1224 931 1466 1001 quidem,
1504 941 1561 985 ut
1591 945 1763 999 neque
1792 930 2012 984 fratrem

443 1022 629 1076 videre
666 1025 953 1094 quisquam
996 1034 1243 1078 nostrum
1289 1023 1551 1078 sustineat
1595 1037 1774 1084 suum,
1799 1028 1895 1079 aut
1933 1021 2014 1075 di-

442 1128 565 1168 cere
590 1113 642 1169 ei
670 1114 916 1169 verbum.
957 1113 1342 1181 Quamobrem,
1376 1112 1526 1168 ﬁlioli
1555 1113 1682 1178 mei,
1711 1120 1895 1166 notum
1924 1125 2015 1165 vo-

444 1202 527 1259 bis
573 1203 737 1270 iacio,
772 1205 912 1274 quod
960 1205 1111 1259 multi
1158 1221 1282 1261 vere
1331 1219 1603 1260 summum
1638 1201 2016 1272 impenderunt

446 1296 684 1350 laborem
715 1297 769 1350 in
811 1298 1051 1363 virtute;
1094 1295 1165 1351 ob
1210 1311 1364 1351 suam
1413 1309 1543 1349 vero
1597 1292 2013 1362 imprudentiam

444 1394 616 1441 semet
646 1387 788 1454 ipsos
818 1386 1227 1441 interemerunt.
1268 1385 1333 1438 Et
1357 1398 1487 1438 sane
1517 1382 1654 1447 scio,
1688 1384 1791 1436 hoc
1820 1381 2014 1441 mirum

445 1492 555 1532 non
584 1491 725 1541 esse,
752 1493 874 1530 cum
906 1491 1002 1532 vos
1039 1476 1290 1531 taeduerit
1322 1473 1653 1544 operationis
1700 1472 2018 1527 existiman-

448 1579 529 1623 tes
556 1569 837 1638 possidere
873 1568 924 1622 in
950 1568 1219 1623 vobismet
1258 1567 1387 1636 ipsis
1421 1567 1685 1619 virtutes:
1715 1564 1843 1618 hinc
1872 1562 2017 1618 ccci--

445 1659 603 1714 distis
628 1658 681 1714 in
716 1660 856 1713 hunc
881 1658 1202 1715 diabolicum
1232 1660 1498 1724 morbum,
1536 1657 1629 1728 qui
1657 1664 1740 1711 est
1780 1655 2016 1725 pruden-

449 1752 536 1805 tiae
561 1752 814 1822 privatio,
850 1759 1098 1820 putantes
1121 1751 1452 1821 prepinquos
1477 1764 1574 1805 vos
1602 1764 1723 1811 esse
1748 1748 1858 1810 Deo
1878 1756 1933 1801 et
1959 1747 2012 1801 in
2043 1731 2087 1787 Β

447 1834 652 1896 lumine
679 1854 802 1896 esse
832 1841 1179 1906 constitutos,
1213 1857 1335 1894 cum
1368 1857 1424 1895 re
1451 1854 1575 1895 vera
1601 1840 1653 1893 in
1681 1838 1918 1895 tenebris
1939 1840 2015 1893 si-

446 1931 537 1984 tis.
574 1929 751 1985 Filioli
802 1932 930 1998 mei,
957 1933 1114 2002 quid,
1154 1934 1406 1996 obsecro,
1451 1932 1735 1991 Dominum
1768 1939 2013 1985 nostrum

444 2018 630 2075 Jesum
662 2022 939 2077 Christum
986 2024 1052 2077 ad
1109 2023 1470 2090 acciugendos
1498 2022 1713 2077 lumbos
1748 2035 1876 2076 suos
1901 2020 2015 2075 siu-

446 2111 608 2180 tlone,
634 2123 689 2168 et
715 2115 1026 2184 deponenda
1053 2115 1397 2181 vestimenta,
1428 2124 1484 2169 et
1517 2128 1711 2183 aquam
1744 2115 1796 2168 iu
1820 2112 2014 2182 pelvim

446 2202 794 2272 fundendam,
822 2216 875 2262 et
903 2206 1066 2277 pedes
1086 2222 1143 2262 se
1175 2206 1491 2262 inferiorum
1510 2206 1771 2262 lavandos
1796 2205 1845 2237 "
1866 2220 2018 2261 com-

448 2297 586 2367 pulit
605 2341 621 2366 ,
653 2298 756 2354 nisi
780 2311 847 2375 ut
877 2298 1238 2355 humilitatem
1289 2315 1389 2355 nos
1449 2299 1700 2354 doceret?
1728 2296 1899 2364 Quam
1922 2311 2019 2353 no-

447 2388 534 2445 bis
556 2389 659 2445 boc
686 2389 934 2461 exemplo
955 2391 1096 2459 quod
1120 2399 1375 2459 operatus
1403 2400 1511 2455 est,
1555 2389 1737 2444 retulit
1763 2407 1777 2444 :
1809 2397 1862 2443 et
1887 2403 2019 2444 sane

451 2495 644 2536 omnes
678 2481 770 2550 qui
800 2482 867 2534 ad
898 2481 1185 2550 pristinum
1216 2482 1458 2536 ordinem
1490 2480 1824 2551 postliminio
1851 2480 2019 2550 recipi

452 2573 696 2643 cupiunt,
731 2573 783 2628 id
815 2574 1026 2643 assequi
1062 2573 1282 2627 minime
1312 2572 1509 2636 valent,
1536 2573 1636 2627 nisi
1672 2571 1973 2627 humilitate
2001 2590 2015 2624 :

448 2664 649 2719 etenim
679 2663 837 2719 initio
866 2674 1044 2719 motus
1068 2663 1334 2739 superbiat
1366 2663 1488 2727 fuit,
1521 2677 1641 2732 qua:
1675 2661 1784 2734 (18)
1822 2678 1854 2717 e
1879 2662 2018 2718 coelo

449 2757 774 2811 deturbavit.
820 2754 933 2810 Nisi
977 2769 1106 2825 ergo
1157 2755 1347 2825 ingens
1395 2755 1447 2808 in
1487 2755 1707 2808 homine
1751 2753 2021 2809 exstiterit

451 2848 733 2902 humilitas
759 2847 825 2901 de
854 2855 968 2901 toto
997 2847 1158 2901 corde
1184 2856 1243 2899 et
1269 2846 1335 2899 de
1364 2855 1472 2900 tota
1512 2856 1692 2900 mente
1726 2855 1782 2900 et
1813 2845 1879 2899 de
1909 2853 2019 2900 toto

452 2938 647 3008 spiritu
689 2948 744 2992 et
788 2939 853 2992 de
897 2946 1006 2990 tota
1042 2936 1220 2990 anima
1272 2947 1326 2989 et
1374 2938 1438 2991 de
1493 2947 1605 2991 toto
1637 2950 1886 3005 corpore,
1914 2951 2017 2989 non

2113 477 2227 546 ejus
2259 487 2486 549 egestate
2523 478 2852 544 ditentur";
2894 480 3121 550 ejusque
3168 479 3493 534 moniamur
3527 479 3673 536 humi-

2116 566 2292 635 litate,
2322 580 2377 625 et
2407 571 2679 639 sapientes
2706 569 3003 626 etiiciamur
3026 571 3077 624 in
3105 569 3464 627 stultioribus
3488 571 3612 638 ejus,
3634 584 3669 625 et

2115 658 2465 714 illiusmorte
2489 672 2861 729 resurgentes,
2894 667 2947 714 et
2977 660 3285 715 clamemus
3318 670 3448 713 eum
3480 660 3673 730 Aposto-

2114 749 2165 804 lo
2192 751 2432 806 dicentes
2469 766 2483 803 :
2517 750 2583 804 Et
2613 752 2657 804 si
2688 737 3049 819 cognoscimus
3076 751 3234 805 illum
3264 746 3322 805 in
3377 762 3554 817 carne,
3583 766 3675 804 ato-

2114 841 2182 895 do
2220 857 2323 895 non
2357 842 2713 910 cognoscimus
2742 840 2890 894 illum
2917 841 2995 895 sic
3014 840 3081 895 ‘7.
3113 840 3336 896 Revera
3384 850 3583 909 autem,
3608 841 3675 896 di-

2116 931 2419 995 lectissimi,
2464 931 2584 986 dico
2635 932 2807 997 vobis,
2833 933 2996 987 verba
3051 934 3164 990 haec
3205 933 3441 990 subtilia
3493 950 3605 992 esse
3630 936 3671 991 iu

2119 1036 2219 1078 suo
2248 1037 2433 1087 sensu,
2465 1021 2739 1091 multaque
2774 1024 2946 1079 habeo
2971 1027 3038 1080 de
3062 1025 3166 1081 illis
3203 1024 3444 1081 dicenda
3474 1040 3489 1081 :
3518 1042 3673 1083 verum

2121 1114 2224 1166 hoc
2260 1122 2471 1181 tempus
2496 1128 2600 1167 non
2639 1123 2728 1168 est
2750 1112 3192 1184 exponendi‘ea;
3232 1119 3338 1172 sed
3369 1126 3430 1172 ut
3454 1115 3674 1188 incipiam

2116 1204 2297 1259 dicere
2348 1203 2501 1257 vobis
2540 1204 2767 1260 salutem
2815 1206 2866 1259 in
2924 1207 3173 1275 Domino,
3207 1208 3368 1263 ﬁlioli
3406 1206 3507 1264 mei
3538 1209 3677 1266 bene?

2118 1296 2266 1357 dicti,
2299 1306 2595 1365 notumque
2620 1296 2777 1353 vobis
2822 1297 3026 1364 facere,
3049 1298 3195 1370 quod
3229 1301 3398 1357 nobis
3419 1303 3508 1372 qui
3549 1292 3681 1358 acce-l

2118 1384 2248 1438 dere
2296 1386 2540 1441 volumus
2579 1390 2643 1441 ad
2673 1387 2989 1445 Creatorem
3026 1402 3311 1457 nostrum,
3346 1406 3568 1448 necesse
3593 1395 3666 1456 sit,

2119 1484 2181 1527 ut
2209 1485 2484 1531 certemus
2514 1493 2609 1547 pro
2632 1477 2958 1534 liberatione
2979 1480 3294 1536 animarum
3327 1492 3621 1537 nostrarum
3648 1498 3672 1535 a

2086 1626 2095 1640 ,
2120 1567 2461 1635 passionibus
2489 1568 2785 1624 secundum
2814 1564 3243 1628 intellectualem
3274 1572 3477 1643 legem.
3496 1573 3674 1642 Quippe

2119 1673 2186 1712 ex
2220 1658 2606 1728 adimpletioue
2628 1660 2878 1726 fraudum
2910 1673 2967 1717 et
2991 1662 3364 1718 delectatione
3398 1664 3671 1733 passionum

2118 1757 2174 1804 et
2228 1749 2621 1806 diabolicarum
2671 1751 3029 1807 tentatiouum
3072 1751 3432 1807 tnultitudiue
3468 1753 3675 1807 inﬁrma-

2118 1852 2228 1909 tum
2264 1853 2348 1897 est
2375 1842 2632 1898 sensibile
2661 1854 2928 1909 nostrum,
2956 1852 3013 1899 et
3037 1844 3316 1900 demortui
3370 1852 3498 1899 Sunt
3526 1854 3671 1899 motas

2116 1934 2419 1989 animarum
2452 1939 2799 1990 nostrarum:
2829 1935 3058 2003 ideoque
3090 1948 3195 1990 non
3229 1935 3482 1991 valemus
3508 1942 3674 1989 nostra

2117 2024 2497 2081 intellectualis
2530 2024 2850 2080 substantiae
2893 2038 3231 2094 cognoscere
3279 2023 3670 2094 magnitudinem

2117 2126 2336 2190 propter
2364 2117 2642 2188 passiones
2672 2116 2727 2170 in
2763 2130 2901 2186 quas
2944 2116 3281 2183 incidimus;
3332 2130 3504 2184 neque
3545 2112 3691 2168 nobis

2117 2210 2261 2266 salus
2290 2220 2395 2277 est,
2437 2210 2540 2265 nisi
2580 2224 2674 2281 per
2709 2197 2995 2264 Dominum
3042 2219 3293 2263 neStrum
3337 2205 3518 2263 Iesum
3544 2204 3671 2263 Chri-

2118 2312 2284 2361 stum.
2316 2302 2592 2372 Scriptum
2625 2303 2768 2356 enim
2797 2311 2880 2357 est
2913 2302 2967 2356 in
2998 2300 3247 2371 apostolo
3272 2300 3443 2355 Paulo
3463 2299 3529 2362 “,
3550 2297 3669 2368 quod

2119 2409 2216 2464 per
2242 2394 2475 2463 primum
2511 2390 2681 2446 Adam
2722 2392 2826 2447 fuit
2868 2407 3037 2459 mors,
3064 2401 3120 2447 et
3151 2408 3255 2462 per
3280 2376 3557 2448 Christum
3589 2380 3668 2440 luit

2119 2487 2250 2541 vita.
2296 2484 2555 2540 Dominus
2580 2483 2747 2552 igitur
2778 2482 2919 2537 Deus
2956 2493 3142 2538 noster
3170 2482 3440 2538 Christus
3467 2487 3545 2535 est
3576 2477 3667 2529 vita

2119 2576 2357 2630 omnium
2396 2573 2740 2629 rationaliqu
2770 2575 2838 2627 ad
2877 2573 3300 2629 similitudinem
3352 2571 3469 2639 ejus
3505 2568 3666 2637 imagi-

2121 2667 2206 2721 nis
2221 2664 2558 2720 couditorum
2594 2678 2610 2730 ;
2647 2679 2769 2734 quas
2792 2674 2876 2719 est
2901 2678 3061 2720 verus
3086 2662 3266 2719 Patris
3302 2660 3668 2720 intellectus,rt

2123 2758 2301 2826 imago
2347 2755 2524 2815 Patris
2576 2755 3005 2811 inconvertibilis
3042 2764 3097 2809 et
3140 2751 3514 2809 immutabilis.
3553 2746 3655 2803 llaec

2123 2862 2250 2902 vero
2275 2848 2449 2918 imago
2480 2861 2748 2915 apparens
2771 2846 3045 2903 exsisteus
3080 2847 3130 2900 iu
3158 2845 3429 2901 creaturis
3464 2852 3658 2896 conver-

2125 2938 2289 2995 tibilis
2309 2947 2395 2993 est
2424 2957 2438 2993 :
2467 2938 2670 2993 idcirco
2700 2937 2755 2991 in
2782 2948 2847 2992 ea
2875 2936 3015 2991 facta
3040 2947 3125 2991 est
3155 2949 3319 2992 tnorl'
3338 2943 3516 2989 nostra
3537 2932 3658 3001 (eon-

453 3028 793 3108 bzereditabit
822 3043 1046 3097 regnum
1085 3028 1202 3091 Dei,
1238 3029 1535 3082 secundum
1568 3029 1710 3096 quod
1756 3027 2017 3096 scriptum
2045 3060 2092 3122 ϐ
2125 3038 2208 3087 tra
2242 3043 2369 3099 vero
2395 3037 2480 3083 est
2510 3036 2703 3081 natura
2738 3026 3165 3096 intellectualis),
3191 3035 3250 3080 et
3275 3040 3342 3080 ex
3364 3037 3428 3080 ea
3454 3024 3660 3077 income

453 3105 572 3172 est.
594 3118 880 3187 Equidem,
907 3118 1053 3194 ﬁlioli
1090 3118 1433 3172 dilectissimi
1462 3118 1516 3171 in
1552 3118 1797 3194 Domino,
1827 3118 2020 3185 depre—

454 3223 551 3265 cor
582 3209 893 3265 Creatorem
935 3190 1194 3263 meumiu
1228 3210 1381 3279 cujus
1410 3190 1658 3264 manibus
1694 3219 1774 3264 est
1799 3209 2024 3278 spiritus

455 3319 627 3369 meus,
662 3313 820 3358 noctu
863 3303 1082 3371 diuque,
1106 3312 1167 3354 ut
1203 3298 1469 3356 illuminat
1496 3303 1684 3355 oculos
1723 3301 1901 3356 cordis
1930 3315 2024 3354 ve-

458 3397 581 3459 stri,
620 3403 677 3448 ut
700 3392 1009 3464 agnoscatis
1038 3392 1269 3459 primum
1308 3407 1491 3463 meam
1506 3405 1633 3462 erga
1668 3405 1760 3444 vos
1776 3389 2021 3458 _cltarita-

457 3501 604 3551 tem;
634 3496 743 3540 tum
783 3483 1124 3555 prospiciatis
1162 3494 1324 3552 atque
1368 3483 1717 3552 cognoscatis
1743 3482 1902 3535 conl’u
1941 3482 2022 3534 io~

457 3592 581 3630 nem
621 3585 889 3639 vestram;
937 3589 1060 3628 nam
1108 3574 1199 3643 qui
1239 3588 1393 3627 suam
1435 3574 1710 3641 cognoscit
1750 3571 2025 3627 confusio-

461 3684 606 3731 netu,
640 3669 694 3740 is
709 3667 933 3737 gloriam
965 3668 1193 3721 electam
1224 3681 1406 3719 veram
1443 3666 1639 3734 quaerit
1671 3684 1682 3718 :
1710 3665 1907 3734 quippe
1934 3664 2027 3733 qui

457 3774 608 3813 sinam
628 3759 774 3812 novit
791 3757 1187 3822 mortalitatem,
1209 3759 1255 3809 is
1271 3757 1382 3823 jam
1403 3757 1545 3810 novit
1570 3757 1729 3808 vitam
1747 3765 2024 3823 aeternam.

459 3850 650 3903 Timeo
680 3863 833 3913 sane,
860 3848 1017 3920 ﬁlioli
1043 3848 1167 3909 mci,
1198 3862 1264 3901 ne
1288 3846 1708 3914 comprehendat
1740 3860 1833 3898 vos
1854 3846 2029 3898 chari—

460 3953 544 3993 tas
589 3949 638 3993 et
687 3948 975 4007 paupertas
1011 3937 1062 3989 in
1108 3937 1189 3988 via
1225 3936 1553 4004 perducenle
1588 3936 1654 3988 ad
1703 3934 1896 3998 locum,
1920 3950 2029 4004 quo

458 4034 673 4101 assequi
709 4029 895 4084 valetis
923 4028 1157 4083 divitias.
1191 4028 1364 4097 Cupio
1391 4037 1570 4099 autem
1600 4027 1782 4081 videre
1818 4043 1911 4080 vos
1944 4028 2029 4080 hic

457 4124 513 4178 in
554 4136 781 4191 corpore
809 4140 823 4188 ;
853 4130 1088 4175 attamen
1122 4129 1377 4189 exspecto
1401 4119 1654 4175 saeculum
1684 4118 1810 4173 illud
1840 4120 1892 4173 in
1922 4135 2029 4188 quo

458 4216 604 4270 nulla
652 4216 794 4270 inest
832 4214 1086 4269 lllCBSlilia
1117 4227 1291 4283 neque
1326 4226 1530 4267 mceror
1567 4226 1741 4285 neque
1772 4212 2025 4281 gemitus,

457 4310 551 4363 sed
583 4307 767 4362 hetitia
803 4315 859 4360 et
881 4306 1133 4375 gaudium
1169 4304 1419 4358 omnibus
1445 4318 1572 4359 vere
1606 4303 1735 4357 illud
1770 4305 2027 4382 merenti-

459 4505 573 4543 vos.
621 4490 840 4543 Demum
888 4487 1056 4541 multa
1093 4486 1269 4541 adhuc
1307 4493 1515 4540 restant
1560 4486 1690 4540 mihi
1732 4488 1895 4542 verba
1944 4502 2032 4541 voc

460 4585 542 4640 bis
566 4585 825 4638 dicenda:
863 4596 1048 4637 verum
1083 4591 1294 4652 tempus
1323 4581 1462 4635 haud
1499 4590 1858 4651 opportunum
1886 4595 2030 4637 nunc

460 4684 573 4741 est;
606 4676 699 4728 sed
738 4683 948 4741 tempus
986 4683 1102 4736 est,
1134 4682 1192 4727 ut
1240 4672 1761 4744 vobisxnominatim
1800 4672 2026 4726 salutem

460 4770 658 4827 u'cam,
700 4764 846 4819 ﬁlioli
898 4765 1000 4818 mei
1041 4764 1398 4819 dilectissimi.
1434 4764 1515 4823 Ac
1569 4763 1798 4818 Domino
1845 4772 2030 4818 nostro

460 4854 586 4909 Jesu
610 4838 828 4909 Christo
860 4854 933 4907 sit
954 4852 1120 4923 gloria
1150 4854 1201 4905 in
1221 4853 1415 4907 sazcula
1447 4854 1791 4908 saeculorum.
1827 4857 2023 4909 Amen.

1005 4987 1341 5042 EPISTOLA
1380 4986 1492 5041 γη.

468 5102 618 5158 Ι-Ἢίἱε
652 5103 761 5157 suis
782 5102 1071 5163 monachis,
1094 5102 1148 5155 in
1162 5119 1266 5172 qua
1290 5102 1396 5172 illis
1413 5102 1758 5165 demonstrat,
1797 5114 2030 5156 nostram

528 5174 752 5227 salutent
813 5187 976 5241 neque
1014 5186 1104 5236 per
1156 5170 1614 5241 angelumdncqae
1646 5189 1738 5237 per
1771 5173 2029 5225 hominem

531 5243 726 5309 {actam
765 5238 898 5307 esse,
930 5242 1020 5296 sed
1050 5256 1144 5309 per
1199 5239 1364 5309 Deum
1398 5238 1620 5297 Verbum
1672 5241 2026 5295 incarnatum.

531 5312 757 5380 Insuper
781 5329 867 5365 eos
898 5308 1081 5364 incitat
1113 5310 1179 5362 ad
1214 5308 1585 5380 decertandum
1626 5327 1826 5364 summa
1854 5324 2029 5365 certae

528 5377 686 5443 mine,
720 5392 773 5434 ut
809 5381 1028 5434 salutem
1059 5388 1463 5448 consequantur.
1500 5377 1643 5432 Dixit
1680 5397 1698 5433 :

531 5491 793 5554 Eauidem
824 5494 942 5546 novi
965 5492 1191 5563 gratiam
1226 5489 1439 5546 Domini
1470 5491 1632 5543 nostri
1652 5490 1779 5545 .Icsu
1804 5490 2025 5557 Christi,

533 5602 581 5632 “
602 5604 758 5664 Joan.
793 5620 912 5663 xm.
940 5605 973 5658 4
999 5620 1119 5674 sqq.

531 5694 646 5763 (l8)
674 5694 822 5762 Qum.
861 5695 953 5751 Vel
980 5697 1089 5763 qui.

1208 5603 1255 5635 “
1284 5601 1327 5657 ll
1350 5601 1475 5657 Cor.
1512 5616 1633 5671 nu,
1661 5601 1712 5656 9.
1791 5603 1835 5634 ’⁸⁷
1862 5602 1913 5661 ll
1935 5602 2059 5683 Cor.
2093 5607 2257 5674 v,16.

2124 3123 2234 3176 nati
2269 3136 2474 3186 sumus,
2524 3129 2579 3176 et
2622 3120 2764 3177 facti
2792 3135 2982 3177 sumus
3021 3122 3211 3176 domus
3243 3121 3405 3192 plena
3445 3112 3662 3173 certaui-

2123 3213 2228 3267 nis.
2259 3211 2371 3281 Ego
2418 3199 2599 3266 autem
2655 3211 2921 3266 testiﬁcor
2951 3212 3101 3267 vobis
3137 3224 3196 3267 et
3220 3208 3371 3277 dico,
3401 3206 3534 3280 quod
3562 3215 3657 3258 cum

2117 3301 2230 3369 jam
2268 3301 2646 3357 amisissemus
2683 3312 2873 3357 omnes
2915 3301 3167 3367 virtutes,
3202 3302 3525 3368 Vidissetque
3549 3290 3661 3346 Dens

2124 3393 2287 3449 Pater
2330 3400 2570 3449 nostram
2616 3393 3008 3457 inﬁrmitatem,
3034 3400 3089 3447 et
3120 3393 3265 3462 quod
3308 3390 3560 3447 sustinere
3583 3382 3660 3438 uti-

2128 3485 2272 3539 nime
2296 3484 2536 3539 valemus
2567 3483 2685 3551 ejus
2719 3484 2771 3539 in
2795 3483 2949 3538 nobis
2975 3481 3467 3538 manifestatlonem
3503 3489 3660 3531 secun-

2126 3577 2252 3630 dum
2288 3575 2555 3643 propriam
2584 3574 2814 3628 lormam
2853 3588 3021 3641 penes
3047 3587 3229 3627 veram
3262 3573 3383 3642 ejus
3409 3569 3655 3623 rationem.

2128 3665 2276 3720 misit
2305 3665 2494 3720 Filium
2530 3680 2686 3719 suum
2730 3664 3090 3734 unigenitum,
3123 3664 3216 3733 qui
3260 3658 3543 3729 assumpsit
3564 3667 3660 3709 car-

2128 3773 2250 3812 nem
2304 3766 2567 3821 nostram,
2606 3767 2659 3811 et
2695 3770 2847 3810 suam
2897 3755 3080 3809 invisit
3123 3764 3431 3809 creaturam
3462 3754 3657 3813 suosque

2130 3848 2406 3903 ministros
2450 3859 2515 3902 et.
2545 3856 2762 3903 sanctos
2789 3846 2902 3900 suis
2940 3845 3116 3899 donis.
3156 3845 3365 3915 Itaque,
3402 3838 3539 3897 ﬁlioli
3575 3833 3655 3888 mei

2131 3941 2264 3995 mihi
2304 3939 2667 4002 dilectissimi,
2709 3940 2939 3993 obsecro
2989 3952 3083 3993 vos
3118 3952 3214 4006 per
3239 3950 3414 3992 meam
3445 3944 3557 4001 erga
3584 3937 3657 3979 *σε

2129 4030 2490 4099 dilectionem,
2530 4039 2587 4086 ut
2626 4029 2899 4084 accedstis
2920 4029 2987 4082 ad
3018 4022 3306 4081 Douﬁuum
3336 4028 3401 4081 de
3430 4034 3532 4079 toto
3550 4031 3651 4073 eor-

2130 4125 2195 4179 de
2226 4133 2424 4187 vestro,
2449 4124 2785 4192 exploratum
2827 4121 3105 4183 habentes,
3145 4122 3288 4191 quod
3327 4118 3496 4175 omnia
3525 4119 3655 4181 oper!

2132 4225 2318 4271 nostra
2347 4229 2468 4284 quae
2505 4214 2732 4268 Domino
2777 4210 3078 4277 oderimus,
3124 4212 3296 4281 gratia
3342 4222 3494 4280 quam
3532 4199 3654 4258 nobis

2132 4307 2391 4375 clargitus
2417 4315 2502 4362 est
2538 4306 2826 4372 mediante,
2856 4303 2972 4371 ejus
3008 4316 3110 4372 pro
3158 4303 3318 4359 nobis
3340 4290 3653 4357 humilistinoi

355 4459 362 4466 _
457 4399 592 4463 bus;
632 4413 696 4452 ac
744 4406 802 4451 ut
839 4396 1224 4476 conveniamus
1264 4394 1336 4450 ibi
1380 4408 1541 4463 quam
1570 4394 1678 4449 cito
1715 4403 1772 4448 et
1815 4396 2026 4450 videant
2061 4397 2104 4451 Ι)
2133 4399 2543 4467 haudquaquam
2593 4396 2703 4452 sint
2754 4395 3142 4465 comparanda.
3198 4393 3365 4450 Nobis
3403 4389 3532 4446 enim
3571 4393 3652 4476 non

2131 4490 2354 4559 indiget,
2389 4502 2565 4559 neque
2589 4489 2654 4542 ad
2685 4503 2785 4543 nos
2811 4488 2959 4543 venit
2991 4496 3473 4565 propternnostram
3510 4468 3655 4565 humi-

2130 4581 2356 4647 litatem,
2386 4594 2572 4634 verum
2595 4579 2663 4635 ob
2690 4580 2960 4649 ingentem
2990 4576 3108 4646 ejus
3130 4559 3427 4634 bonitatem
3446 4581 3497 4628 et
3517 4559 3650 4620 hamis

2130 4671 2334 4727 litatem
2364 4670 2799 4738 cbaritatemque
2838 4668 3458 4738 incompceheusibilem.
3497 4656 3648 4721 Νιηυθ

2130 4768 2240 4836 egit
2291 4765 2570 4825 nobiscum
2604 4764 2758 4832 juxta
2806 4772 3026 4835 peccata
3084 4774 3295 4827 nostra,
3341 4760 3432 4818 sed
3463 4743 3651 4823 iniu!!!il

2135 4857 2274 4911 luna:
2316 4865 2373 4910 et
2419 4855 2590 4912 stellis
2646 4857 2911 4911 inservire
2949 4855 3132 4909 domui
3187 4855 3313 4911 huic
3361 4847 3649 4906 tenebrat“Ill

2140 4964 2257 5018 qua
2284 4956 2366 5002 est
2399 4947 2654 5011 inundus,
2677 4948 2745 5002 ad
2776 4948 3020 5016 corporis
3046 4945 3469 5003 subsistentiam.

2205 5038 2498 5099 Constituit
2533 5048 2795 5108 praeterea
2844 5015 2947 5091 alia
2984 5038 3250 5108 permulta
3304 5032 3498 5093 ‘occulta
3527 5015 3650 5078 nobis

2136 5130 2506 5194 inservientia.
2547 5145 2665 5200 qua:
2698 5130 2972 5198 corporeis
3025 5130 3229 5186 nostris
3267 5126 3433 5184 oculis
3469 5111 3646 5200 miniata

2132 5221 2431 5277 cernimus.
2463 5221 2572 5284 Nos
2596 5237 2725 5277 vero
2752 5222 2823 5276 ob
2853 5229 3162 5276 nostrorum
3195 5223 3521 5290 peccaturum
3541 5196 3645 5290 ωιξί·

2134 5311 2443 5379 titudinem,
2474 5327 2664 5367 eorum
2701 5326 2828 5381 erga
2881 5325 2979 5365 nos
3019 5285 3339 5365 servitutem
3373 5285 3641 5390 irritam}:

2132 5404 2329 5459 cimus.
2354 5404 2425 5457 At
2465 5404 2616 5472 quid,
2654 5405 2839 5469 sodes,
2879 5402 3108 5458 Domino
3151 5410 3339 5456 nostro
3373 5394 3453 5451 die
3487 5382 3639 5458 indic“

2133 5496 2414 5553 dicemus?
2445 5496 2578 5553 Nam
2625 5498 2752 5568 quid
2798 5479 3073 5553 bonorum
3127 5493 3406 5550 nobiscum
3458 5475 3635 5554 ipsam“

2390 5611 2434 5642 “
2460 5608 2477 5664 l
2508 5609 2634 5667 Cor.
2671 5626 2762 5675 sv,
2786 5607 2876 5662 22.
