3872 6278
169 275 312 338 10ιῖ

1171 278 1230 334 s.
1272 278 1556 336 ANTONII
1598 277 1672 335 ιι.
1712 264 2434 341 ΑΒΒειτιδ-ΕριδτοιΕ.

3307 290 3450 347 1018

170 400 428 460 operatus
448 404 558 446 non
586 389 949 457 astilitenim
981 404 1081 446 nec
1115 393 1444 462 patriarcha:
1467 384 1566 466 pro
1604 394 1763 452 nobis
1790 394 1837 456 Α
1867 395 2090 456 «lamiae.
2117 377 2254 455 Nam
2282 388 2596 472 quicunque
2617 398 2725 456 Deo
2751 399 3082 471 inservierit,
3108 400 3365 474 illumque
3387 406 3455 460 de

168 484 451 556 defatigati
475 495 625 550 sunt,
668 496 768 540 nec
800 485 1116 541 sacerdotes
1146 500 1248 543 nos
1293 488 1621 555 docuerunt,
1656 506 1758 548 nec

166 580 466 649 judices,et
490 591 649 647 reges
667 588 767 647 pro
792 577 948 635 nobis
982 578 1335 636 decertarunt
1387 595 1487 637 nec
1522 584 1757 653 apostoli

171 686 269 739 pro
304 669 464 726 nobis
500 669 939 738 persecutionem
971 671 1116 739 passi
1146 682 1297 739 sunt,
1338 673 1435 727 sed
1461 671 1636 726 Filius
1667 671 1759 727 di-

172 759 661 829 lectus,‘Verbum,
694 776 793 831 pro
839 762 997 817 nobis
1054 764 1309 819 omnibus
1368 772 1614 819 mortuus
1650 773 1756 820 est.

173 853 548 920 Quamobrem
580 853 728 907 omni
772 853 1007 923 puritate
1047 868 1146 909 nos
1181 854 1364 925 parari
1390 864 1633 926 oportet,
1664 869 1760 910 ea-

171 947 407 1014 demque
437 946 757 1001 ordinantes
791 947 1068 1016 proposita
1104 958 1158 1001 et
1186 960 1381 1003 sensus
1429 954 1647 1005 nostros
1675 948 1761 1001 lu-

172 1047 259 1092 ιρι·
289 1040 488 1099 bonum
508 1047 574 1095 et
601 1037 799 1093 malum
838 1038 1157 1105 Varisbiles;
1197 1054 1321 1094 cum
1353 1050 1580 1096 necesse
1628 1046 1763 1110 Quo»

174 1146 283 1200 que
311 1130 402 1194 sit.
436 1146 537 1186 nos
579 1130 861 1185 immutari.
899 1141 954 1187 et
982 1147 1279 1188 occurrere
1317 1132 1545 1188 Domino
1578 1142 1764 1188 nostro

172 1220 306 1277 Jesu
337 1221 579 1284 Christo,
609 1223 702 1292 qui
728 1223 960 1278 veniens
983 1225 1049 1279 ad
1090 1239 1189 1280 nos
1216 1222 1329 1281 suis
1359 1224 1615 1280 omnibus
1644 1223 1763 1278 dis.

176 1315 617 1385 pellS'JIiODibllS,
665 1329 769 1372 nos
813 1316 1103 1380 liberavit,
1141 1326 1199 1373 et
1230 1318 1283 1372 in
1316 1317 1569 1373 otnnibus
1594 1314 1768 1370 nobis

176 1406 522 1475 assimilatus
560 1416 645 1462 est
690 1416 886 1477 praeter
937 1419 1220 1478 peccatum
1249 1404 1316 1462 δ’.
1350 1406 1503 1476 Quod
1546 1407 1765 1478 quidem

183 1498 462 1568 aliquibus
486 1497 585 1552 luit
614 1498 1032 1565 inrscaudalum,
1067 1500 1192 1556 aliis
1218 1512 1347 1557 vero
1379 1501 1432 1555 in
1457 1500 1765 1567 utilitatem,

176 1587 308 1645 aliis
350 1591 404 1643 iu
451 1588 772 1659 sapientiam
800 1600 857 1646 et
904 1591 1299 1659 lortitudinem,
1336 1593 1462 1648 aliis
1495 1593 1550 1648 in
1585 1608 1771 1649 resur-

179 1679 483 1735 rectionem
533 1690 588 1735 et
624 1682 812 1736 vitam.
847 1682 1053 1754 Itaque,
1102 1684 1249 1740 ﬁlioli
1284 1686 1415 1751 mei,
1444 1692 1633 1741 notum
1668 1684 1772 1742 hoc

1868 495 1988 544 toto
2016 491 2180 545 corde
2202 490 2502 559 quaesierit,
2530 488 2582 545 id
2622 500 2756 546 sane
2781 488 2912 546 facit
2934 488 3298 547 sna'naturali
3324 492 3456 549 sub-

1868 579 2092 635 stantia.
2135 578 2196 637 Si
2234 591 2416 637 autem
2450 583 2847 654 perpetraverlt
2892 580 3175 653 peccatum
3210 583 3454 655 aliquod,

1870 671 2301 742 reprehensione
2335 686 2565 747 pmnave
2585 672 2783 746 dignus
2812 678 2937 741 erit,
2974 694 3095 733 cum
3131 678 3185 733 id
3213 667 3453 734 alienum

1869 766 1943 819 sit
1974 781 2003 820 a
2034 767 2263 821 naturali
2305 770 2630 824 substantia;
2666 767 2856 840 Itaque
2900 770 3002 825 hoc
3046 772 3379 839 cognoscite,
3402 780 3459 827 et

1870 856 2066 913 scitote
2095 873 2179 913 me
2221 856 2352 913 nihil
2396 858 2573 915 celare
2606 875 2726 925 vos,
2760 869 2853 915 aut
2887 862 3180 932 quidquam
3227 863 3460 917 abscon-

1870 947 2000 1005 dere
2027 965 2058 1005 a
2084 945 2240 1005 vobis
2276 950 2417 1021 quod
2445 948 2515 1031 ad
2546 962 2781 1031 vestram
2815 962 3025 1024 spectet
3052 953 3309 1009 salutem.
3340 953 3458 1010 No-

1874 1050 1986 1096 tum
2030 1052 2292 1113 praeterea
2338 1028 2695 1111 vobislfacio,
2726 1056 2931 1114 corpus
2953 1052 3216 1116 perpetuo
3246 1047 3462 1116 spiritui

1873 1132 2171 1199 adversari,
2208 1145 2266 1190 ut
2314 1136 2391 1190 ait
2434 1128 2639 1193 Paulus
2694 1124 2972 1207 apostolus
2998 1137 3066 1192 ⁸⁸.
3099 1137 3464 1204 Quamobrem

1873 1224 1962 1294 qui
2005 1221 2374 1294 religiositatis
2407 1224 2573 1279 vitam
2604 1226 2656 1279 in
2688 1225 2815 1281 Jesu
2859 1226 3078 1283 Christo
3127 1226 3279 1297 sequi
3313 1229 3470 1297 cupi-

1876 1313 1965 1376 tis,
1996 1325 2096 1366 vos
2133 1322 2350 1383 oportet
2384 1308 2549 1384 longe
2596 1315 2869 1385 expellere
2909 1314 3224 1387 corporales
3265 1332 3470 1372 concu-

1878 1404 2172 1474 piscentias
2215 1407 2469 1475 precibus
2507 1406 2573 1462 ad
2622 1409 2917 1463 Dominum
2974 1400 3222 1463 uestrum
3279 1404 3467 1464 Jesum

1877 1494 2151 1550 Christum
2191 1495 2347 1564 lusis,
2376 1494 2469 1566 qui
2512 1513 2609 1551 sua
2651 1496 3026 1553 misericordia
3055 1509 3109 1554 et
3133 1496 3471 1569 benignitate

1877 1589 2151 1642 amovebit
2188 1605 2217 1642 a
2252 1588 2405 1644 vobis
2444 1599 2666 1644 cunctas
2724 1604 2999 1645 aerumnas
3031 1605 3096 1645 ac
3138 1589 3473 1645 teutationes

1880 1694 2001 1748 qua:
2045 1694 2073 1733 a
2121 1695 2356 1750 corpore
2392 1690 2715 1750 emergunt;
2747 1681 2938 1751 quales
2960 1682 3104 1752 passi
3133 1692 3260 1737 sunt
3286 1692 3474 1753 patres

176 1772 341 1826 vobis
376 1772 472 1835 sit,
512 1772 661 1841 quod
707 1786 904 1844 nempe
935 1776 1146 1830 Domini
1191 1776 1363 1831 nostri
1396 1776 1664 1849 adventus
1692 1775 1771 1830 l'a-
1804 1754 1849 1819 Β
1886 1770 2059 1826 nostri
2096 1770 2349 1843 apostoli,
2401 1772 2492 1841 qui
2543 1787 2641 1829 sua
2688 1774 2963 1828 mediante
3005 1774 3272 1843 patientia
3295 1775 3472 1857 hostis

183 1874 312 1917 ctus
333 1862 406 1918 sit
439 1861 547 1918 illis
573 1863 627 1918 in
649 1862 937 1934 judicium,
962 1874 1021 1919 et
1046 1867 1099 1921 in
1129 1867 1309 1920 vitam.
1331 1866 1473 1922 istis.
1500 1867 1570 1921 At
1597 1869 1666 1922 de
1690 1868 1772 1922 his

180 1954 317 2008 dicit
345 1952 613 2011 Jrremias
645 1955 955 2025 propheta:
985 1954 1200 2011 Venie‘nt
1251 1956 1387 2021 dies,
1418 1952 1551 2011 dicit
1586 1957 1777 2012 Domis-

176 2061 307 2111 nus,
339 2054 387 2098 et
417 2046 735 2100 constituam
754 2045 918 2116 legent
955 2048 1195 2101 meantin
1225 2049 1522 2114 pectoribus
1546 2064 1749 2113 eorum,

174 2143 234 2194 et
261 2134 487 2191 scribunt
506 2133 656 2195 illam
676 2136 733 2189 in
756 2135 1002 2191 cordibus
1030 2152 1211 2190 eorum
1228 2152 1248 2201 ;
1266 2148 1318 2191 et
1346 2151 1439 2192 ero
1468 2137 1578 2192 illis
1596 2136 1755 2201 Deus,
1781 2167 1787 2173 -

174 2235 232 2282 et
266 2237 418 2280 erunt
450 2225 581 2280 mihi
623 2225 884 2295 populus;
933 2236 984 2280 et
1020 2236 1146 2281 tum
1172 2230 1323 2282 nemo
1355 2228 1560 2283 docebit
1594 2230 1773 2283 virent

178 2333 365 2381 suum,
396 2333 557 2387 neque
588 2316 808 2387 fratrem
837 2335 1014 2379 suum.
1043 2320 1221 2373 dicens
1248 2334 1268 2373 :
1297 2317 1564 2389 Cognosce
1590 2317 1773 2373 Domi~

180 2425 353 2475 suum;
381 2410 570 2465 etenim
605 2425 781 2481 omnes
827 2424 913 2485 me
933 2420 1244 2481 cognoscent
1270 2428 1304 2465 a
1333 2411 1526 2465 minori
1557 2411 1771 2471 adiuu-

172 2500 380 2572 jorem,
422 2510 820 2556 etgemantcos
851 2516 886 2555 ιι
916 2502 1143 2570 peccatis
1191 2517 1396 2568 eorum,
1426 2517 1518 2555 nec
1545 2494 1793 2570 amplins'

183 2604 422 2646 revertar
472 2592 743 2647 recordari
805 2591 1017 2659 illorum
1070 2600 1404 2662 peccatorum
1426 2594 1495 2647 5°.
1540 2592 1615 2647 De
1667 2591 1775 2648 illis

182 2699 321 2738 vero
364 2683 669 2752 Apostolus,
710 2684 881 2740 dicit:
909 2684 980 2740 Ut
1041 2701 1213 2740 omne.
1245 2702 1305 2740 os
1354 2685 1687 2750 obstruetur,
1723 2696 1774 2740 et

183 2777 450 2830 subdatur
484 2778 652 2845 omnis
694 2778 919 2833 mundus
970 2777 1165 2833 Deo“.
1202 2777 1412 2848 Quippe
1452 2778 1551 2847 qui
1600 2778 1793 2847 Deum,

186 2877 602 2940 cognoverunt,
642 2881 752 2925 .nec
795 2865 944 2927 illum
992 2874 1051 2920 ut
1076 2866 1269 2925 ‘Deuus
1306 2867 1804 2939 laudauerunt-ob-

186 2975 352 3015 St'attt
372 2958 761 3028 .iusipientiaut
784 2968 906 3029 qua
930 2947 1257 3028 sapientiam
1286 2959 1377 3013 Dei
1400 2959 1658 3030 excipere
1689 2973 1779 3014 ue-

189 3051 337 3120 quit,
366 3050 448 3104 ira
481 3064 646 3118 super
674 3049 797 3106 illos
825 3050 1139 3105 descendet.
1172 3048 1319 3116 iam,
1348 3049 1501 3105 ﬁlioli
1530 3051 1660 3117 mei,
1702 3050 1784 3104 vi-

191 3146 298 3200 deo
335 3142 479 3211 quod
523 3143 900 3214 unusquisque
935 3154 1185 3198 nostrum
1229 3158 1355 3199 sese
1388 3143 1548 3198 malis
1588 3154 1783 3213 sponte

190 3237 482 3291 tradiderit
508 3253 523 3289 :
550 3251 672 3306 quae
698 3236 918 3305 quidem
941 3236 996 3290 in
1023 3235 1181 3291 nobis
1211 3247 1583 3291 consummata
1616 3244 1781 3303 sunt;

188 3328 266 3383 ob
296 3338 538 3384 nostram
579 3328 944 3398 insipientiam
973 3329 1128 3384 nobis
1154 3328 1604 3383 dominatatsunt.
1649 3361 1653 3366 ν
1696 3350 1702 3364 ι
1796 3336 1812 3353 ο

270 3421 634 3489 Quamobrem
676 3421 908 3477 formam
960 3422 1106 3477 servi
1139 3422 1326 3477 uoster
1358 3421 1649 3490 assumpsit
1684 3416 1788 3473 Do-

194 3513 402 3577 minus,
438 3520 498 3566 ut
530 3527 631 3580 per
667 3526 787 3566 eam
850 3526 950 3567 nos
1008 3512 1267 3574 salvaret,
1321 3523 1514 3565 omnes
1560 3508 1788 3578 impletis

197 3620 332 3662 suas
361 3605 795 3675 dispensatioues
824 3617 994 3672 usque
1015 3603 1081 3657 ad
1108 3611 1335 3657 mortem
1366 3601 1565 3667 crucis,
1589 3609 1647 3653 ut
1670 3599 1818 3670 ejus.

198 3708 382 3755 morte
414 3706 581 3767 atque
609 3695 1115 3750 resurrectionesit
1138 3694 1294 3748 uobis
1339 3684 1813 3761 praestantissima“

198 3792 555 3854 resurrectio,
583 3797 873 3856 cessetque
908 3801 940 3841 a
977 3788 1140 3842 nobis
1177 3787 1373 3840 mortis
1400 3795 1644 3855 potestas
1669 3796 1792 3852 qua:

196 3895 291 3940 est
330 3894 569 3954 potestas
610 3882 840 3946 diaboli,
869 3889 925 3935 ut
960 3889 1172 3934 nosmet
1207 3878 1354 3947 ipsos
1387 3876 1792 3942 abstrahentes,

197 3976 739 4049 ejusmtesimitantes
774 3972 1157 4038 humilitatem,
1192 3984 1324 4026 vere
1352 3971 1523 4026 simus
1552 3971 1601 4025 ei
1629 3967 1794 4026 disci-

199 4071 341 4140 puli.
370 4067 544 4122 Filioli
592 4067 701 4122 mei
734 4064 1165 4121 dilectissimi=itt
1204 4064 1455 4129 Domino,
1482 4065 1605 4119 dico
1630 4065 1785 4119 vobis

204 4174 550 4230 nte-corpore
589 4169 761 4229 atque
796 4158 991 4228 spiritu
1028 4150 1188 4210 valde
1227 4169 1347 4211 esse
1387 4142 1793 4226 perturbatum,

200 4272 273 4311 co
316 4253 460 4324 quod
508 4260 824 4308 sanctorum
873 4249 1170 4318 nuncupati
1237 4250 1408 4303 simus
1462 4247 1792 4313 nominibus,

200 4362 512 4417 eorumque
548 4345 722 4400 induti
759 4342 944 4398 habitu
978 4356 1085 4411 quo
1110 4355 1294 4397 coram
1342 4339 1651 4397 inﬁdelibus
1678 4339 1796 4410 glo-

1874 1872 2219 1933 putestatem,
2240 1858 2877 1933 idololatriamyidelicet
2895 1864 3236 1919 debellarunt
3257 1883 3271 1918 :
3299 1878 3477 1939 quare

1876 1953 2140 2023 elargitus
2169 1960 2255 2009 est
2273 1954 2361 2009 eis
2392 1951 2654 2009 Dominus
2680 1953 3105 2010 causolatione'm
3129 1963 3183 2010 et
3213 1944 3476 2011 virtutem

1877 2046 2065 2101 dicens
2089 2043 2196 2101 illis
2229 2064 2243 2099 :
2276 2043 2397 2100 Erit
2414 2046 2559 2101 vobis
2592 2060 2843 2114 pressura
2866 2046 2921 2100 in
2953 2047 3188 2112 mundo;
3216 2048 3307 2102 sed
3343 2064 3470 2102 con-

1877 2134 2026 2203 ﬁdite
2063 2153 2081 2190 :
2108 2153 2200 2207 ego
2225 2137 2363 2191 enim
2393 2137 2491 2191 vici
2516 2136 2770 2191 mundum
2791 2135 2858 2192 “.
2890 2135 3037 2192 Dixit
3063 2138 3167 2193 illis
3216 2153 3470 2209 quoque:

1878 2224 1939 2281 Si
1966 2226 2247 2295 prophetas
2285 2228 2544 2296 persecuti
2572 2236 2716 2294 sunt,
2738 2236 2805 2281 tet
2840 2242 2922 2281 me
2944 2238 3065 2281 sunt
3114 2228 3394 2302 persecuti,
3422 2242 3473 2284 et

1881 2329 1967 2371 ros
2009 2327 2426 2388 persequentur:
2453 2328 2500 2372 et
2528 2318 2575 2371 si
2611 2319 2732 2372 odio
2763 2332 2845 2372 nte
2874 2318 3192 2384 habuerunt,
3227 2335 3315 2373 vos
3344 2332 3478 2389 quo.

1876 2420 1974 2479 que
2000 2409 2123 2463 odio
2157 2409 2449 2469 habebant;
2478 2408 2571 2462 sed
2604 2404 2869 2476 conﬁdite,
2899 2417 2947 2463 et
2978 2409 3158 2461 scitote
3187 2406 3329 2477 quod
3380 2423 3473 2460 oe-

1876 2513 1990 2554 stro
2015 2490 2266 2567 patientia
2298 2498 2505 2553 solveris
2534 2496 2774 2554 virtutem
2808 2499 2971 2554 hostis
2991 2498 3058 2569 5'.
3093 2498 3204 2568 Ego
3237 2492 3475 2569 quoque,

1878 2592 2027 2646 ﬁlioli
2061 2591 2164 2644 mei
2182 2582 2473 2655 benedicti,
2504 2593 2661 2660 cupio
2686 2600 2745 2645 ut
2772 2591 2958 2646 sciatis
2979 2576 3120 2647 hunc
3140 2578 3482 2668 sermonem,

1882 2698 1984 2737 nec
2030 2696 2137 2736 nun
2172 2696 2295 2752 qua:
2342 2682 2478 2736 dixit
2524 2680 2723 2738 Paulus
2754 2682 3055 2752 apostolus,
3080 2683 3222 2753 quod
3268 2683 3479 2737 scilicet

1883 2775 2158 2844 passiones
2192 2774 2566 2845 bujussteculi
2614 2789 2718 2829 nou
2753 2775 2863 2828 sint
2892 2775 3269 2845 comparandae
3295 2772 3480 2844 gloria:

1883 2868 1934 2921 in
1972 2868 2126 2923 nobis
2174 2866 2583 2941 manifestandre
2599 2866 2667 2921 ⁸⁸.
2701 2867 2765 2921 Et
2808 2878 2990 2921 nolunt
3028 2867 3185 2923 vobis
3212 2866 3302 2931 sit,
3336 2867 3479 2936 quod

1884 2970 2103 3033 propter
2126 2955 2465 3029 ‘meain‘erga
2499 2971 2595 3014 vos
2616 2950 2940 3015 citaritalem
2965 2959 3177 3013 modica
3215 2960 3330 3013 haec
3362 2973 3481 3012 νει-ε

1886 3056 1950 3108 ha
1981 3053 2283 3123 spiritualia
2313 3068 2409 3109 vos
2437 3068 2555 3108 sum
2584 3051 2870 3117 allocutus,
2898 3058 2956 3106 u't
2976 3067 3131 3130 aequo
3153 3040 3273 3107 sitis
3297 3049 3489 3125 cordes.

1887 3148 2014 3204 Mihi
2069 3147 2267 3217 quippe
2302 3155 2521 3201 constat
2568 3144 2910 3215 evigilautem
2963 3141 3297 3198 intellectum
3355 3157 3479 3194 cor-

1862 3239 2054 3315 .porali
2119 3239 2404 3315 verborum
2473 3235 2868 3305 multiplicitate
2933 3233 3177 3303 indigere
3235 3230 3480 3287 minime.

1885 3312 2146 3400 Equidmu
2166 3312 2381 3400 gaudeo
2417 3326 2469 3383 in
2507 3324 2737 3383 Domino
2772 3332 2993 3397 propter
3017 3324 3314 3389 vos,'liliuli
3348 3323 3483 3378 dile-

1889 3422 2137 3485 ctissimi,
2198 3420 2373 3475 sancti
2423 3419 2476 3474 in
2525 3430 2703 3474 vestra
2755 3418 3099 3473 intellectuali
3144 3416 3489 3484 substantia;

1888 3523 1942 3568 et
1967 3515 2147 3584 cupio,
2183 3524 2245 3569 ut
2289 3512 2472 3568 sciatis
2526 3527 2835 3567 mensuram
2876 3513 3142 3567 donorum
3173 3528 3293 3582 qua:
3330 3509 3493 3565 nobis.

1890 3610 2024 3661 ﬁunt
2062 3621 2095 3659 ιι
2128 3605 2354 3677 Domino
2405 3604 2473 3658 ad
2523 3604 2763 3679 nostram
2815 3603 3289 3675 conserVatiouem
3324 3598 3489 3675 ctqu

1891 3680 2250 3761 elementum,
2299 3690 2451 3751 etut
2516 3692 2949 3763 amplectamini
2985 3685 3149 3758 epeia
3178 3702 3182 3709 ‘
3217 3679 3490 3747 naturalia

1893 3788 2290 3852 substantialia,
2318 3802 2425 3841 non
2445 3796 2630 3840 autem
2650 3798 2771 3856 qua:
2792 3785 3167 3869 substantialia
3192 3801 3307 3865 non
3341 3794 3497 3869 sunta

1964 3884 2077 3940 Nec
2113 3900 2219 3940 non
2260 3897 2361 3954 ego
2391 3882 2579 3937 infelix
2613 3882 2833 3952 planum
2864 3897 3081 3952 quoque
3125 3881 3280 3937 vobis
3314 3881 3490 3947 facio,

1894 3978 2355 4048 quemadmodum
2415 3975 2676 4035 Dominus
2714 3991 2869 4030 meus
2893 3991 2989 4029 sua
3018 3974 3193 4046 gratia
3224 3974 3493 4028 excitavit

1896 4073 2230 4146 intellectum
2262 4086 2443 4141 meum
2469 4085 2497 4123 a
2534 4070 2917 4143 dormitatione
2967 4068 3180 4133 mortis,
3213 4077 3269 4133 et
3294 4067 3497 4135 ingens

1888 4144 2000 4238 jam
2034 4144 2261 4237 contigit
2292 4160 2422 4214 mihi
2477 4160 2721 4229 ploratus
2755 4169 2919 4226 atque
2955 4155 3190 4224 gemitus
3237 4161 3353 4205 toto
3404 4151 3511 4238 ιιι-κ

1899 4255 2124 4310 tervallo
2156 4252 2353 4308 modici
2391 4252 2652 4322 temporis
2681 4249 2863 4317 hujus,
2898 4247 3041 4317 quod
3083 4246 3216 4299 mihi
3256 4245 3307 4297 in
3348 4255 3492 4327 terra

1902 4352 2176 4417 superest.
2208 4342 2424 4399 Etenim
2453 4356 2665 4397 mecum
2697 4342 2897 4412 rogito,
2936 4339 3066 4409 quid
3103 4335 3359 4412 dabimus
3386 4332 3495 4388 Do-

201 4444 439 4504 riomur,
468 4437 729 4508 Operaudi
779 4448 907 4491 vero
950 4435 1206 4490 virtutem
1255 4434 1477 4488 minime
1507 4432 1793 4487 habemus.
1828 4459 1874 4515 ι)
1903 4440 2051 4494 mino
2102 4453 2197 4508 pro
2238 4432 2307 4491 iis
2357 4451 2477 4505 qua!
2518 4435 2676 4499 nobis
2728 4432 2888 4493 fecit?
2922 4434 3055 4486 Cum
3096 4428 3318 4499 angelos
3364 4440 3495 4480 suos

206 4533 421 4588 Vereor
450 4530 693 4600 quidem,
725 4527 1109 4597 nerimpleatur
1138 4526 1206 4581 de
1238 4526 1396 4581 nobis
1435 4523 1676 4595 Apostoli
1710 4524 1795 4579 di-
1822 4542 1827 4547 ·

206 4638 363 4679 ctum
390 4638 406 4675 :
436 4622 701 4678 Habentes
741 4620 968 4690 formant
996 4619 1375 4688 religiositatis,
1402 4618 1557 4687 cujus
1586 4615 1796 4682 inlicia-

202 4734 334 4773 πτειν
364 4718 609 4772 uirtutem
628 4715 697 4768 ε’.
731 4713 843 4783 Ego
866 4720 1047 4766 autem
1077 4712 1148 4765 ob
1177 4725 1350 4764 meam
1373 4724 1504 4779 erga
1524 4714 1636 4764 vos
1666 4708 1800 4764 cha-

204 4812 455 4873 ritatetn,
482 4820 757 4877 nunquam
793 4804 960 4858 Deum
992 4810 1093 4872 pro
1119 4801 1269 4857 vobis
1295 4801 1577 4870 deprecari
1606 4813 1794 4864 cesso,

205 4914 274 4958 ut
320 4900 636 4971 percipiatis
678 4906 915 4953 vestram
951 4895 1005 4950 in
1051 4894 1205 4950 vobis
1240 4895 1482 4947 abditam
1510 4893 1709 4956 vitam,
1741 4901 1801 4948 et

206 5011 313 5069 per
345 5008 469 5049 eant
488 4991 791 5063 operamini
822 4991 874 5045 id
898 5002 1009 5060 quo
1038 4989 1184 5058 digni
1221 4985 1529 5041 eiliciumini
1558 4985 1800 5040 invisibi-

203 5090 321 5145 lem
358 5084 618 5154 consequi
650 5082 1046 5139 hereditatem.
1082 5078 1411 5148 Sciatisque,
1436 5076 1799 5141 dilectissimi,

204 5180 360 5251 quod
410 5186 593 5232 nostra
645 5175 928 5235 absolvere
971 5187 1139 5242 opera
1190 5172 1391 5227 nostris
1442 5170 1804 5240 pro'viribus

204 5270 518 5328 semiudum
561 5268 679 5336 ejus
727 5266 1087 5330 voluntatem,
1120 5265 1171 5319 id
1202 5274 1324 5319 esse
1350 5263 1491 5332 quod
1518 5261 1800 5329 debemus,
1836 5266 1841 5271 '

205 5381 339 5418 cum
371 5370 576 5417 nostra;
602 5359 924 5417 substantia
948 5358 1000 5413 id
1025 5356 1275 5411 naturale
1300 5355 1407 5420 sit;
1442 5369 1506 5408 ac
1535 5361 1799 5421 praeterea

210 5457 444 5511 virtutis
488 5461 693 5508 bostne
735 5453 878 5508 haud
936 5450 1284 5505 tribuendum
1329 5457 1417 5503 est
1469 5447 1809 5516 superatum-

1903 4530 2061 4586 nobis
2099 4528 2307 4584 servire
2345 4527 2558 4590 iecerit,
2588 4534 2645 4579 et
2676 4524 2973 4594 prophetas
3005 4535 3135 4576 suos
3183 4517 3339 4573 nobis
3368 4533 3496 4587 pro-

1904 4622 2149 4692 phetare,
2176 4610 2227 4674 et
2254 4606 2531 4689 apostolos
2564 4630 2693 4672 Suos
2724 4614 2880 4670 nobis
2918 4609 3513 4684 evangelizarezquod‘

1904 4727 2034 4771 vero
2078 4714 2161 4767 his
2209 4696 2462 4768 omnibus
2496 4702 2683 4779 'majus
2717 4717 2837 4772 est,
2880 4706 3031 4762 misit
3088 4704 3285 4759 Filium
3337 4717 3496 4758 suum

1904 4808 2241 4875 unigenitum
2272 4805 2338 4859 ad
2367 4796 2609 4858 nostram
2635 4802 2888 4856 salutent.
2917 4799 3098 4867 Quare
3127 4810 3223 4852 vos
3245 4782 3497 4857 obsecro,

1906 4909 1963 4953 ut
1987 4899 2152 4954 corda
2189 4909 2371 4951 vestra
2398 4896 2651 4952 excitetis
2686 4896 2740 4948 in
2778 4876 2974 4948 timore
3000 4886 3240 4951 Domini,
3270 4897 3325 4943 et
3358 4887 3499 4941 scia-

1904 4993 1994 5055 tis,
2035 4991 2177 5060 quod
2221 4987 2461 5045 Joannes
2502 4984 2986 5059 przecursor‘aqua
3036 4971 3403 5053 baptizaverit
3430 4979 3498 5032 ad

1904 5081 2278 5152 pthuitcu‘tiam
2308 5079 2362 5135 in
2395 5063 3245 5155 preparationem'ad'baptisma
3284 5068 3500 5147 Domini

1909 5174 2083 5229 nostri
2120 5171 2249 5228 Jesu
2280 5170 2508 5238 Christi,
2541 5166 2634 5241 qui
2658 5160 2957 5240 baptizavit
2987 5164 3194 5235 Spiritu
3227 5156 3416 5245 sancto
3444 5167 3502 5213 et

1912 5266 2042 5338 igni,
2081 5267 2172 5337 qui
2223 5274 2307 5322 est
2342 5258 2483 5335 ignis
2525 5258 2789 5319 bonorum
2832 5274 3082 5330 opermn.
3120 5248 3504 5339 [Di-separemur

1915 5360 2081 5430 igitur
2133 5350 2198 5414 ad
2250 5355 2653 5414 emundandum
2711 5342 3100 5419 nosmetipsos
3159 5360 3393 5416 corpore
3446 5350 3503 5411 et

1914 5451 2111 5520 spiritu
2163 5452 2230 5506 ad
2284 5442 2695 5518 suscipiendum
2734 5444 3004 5515 baptisma
3057 5436 3270 5496 Domini
3328 5435 3524 5525 nostri,
3610 5492 3615 5497 ,

295 5665 340 5747 ‘_’
366 5661 528 5719 llebr.
564 5678 643 5747 ιχ,
672 5661 787 5747 15;.
820 5659 904 5747 .”
932 5656 1466 5747 Jerctti.axxXI;.Z>-i-3
1482 5656 1525 5711 i.
1561 5654 1777 5747 _,".R‘o‘t

1890 5671 1949 5721 tt,
1977 5652 2062 5709 19.
2142 5651 2187 5713 ε’
2218 5650 2377 5705 Dom.
2413 5664 2473 5715 ιι,
2505 5643 2610 5712 '20;
2637 5641 2748 5700 Tit.
2779 5657 2818 5709 ι,
2858 5640 2941 5701 lii.
3046 5637 3094 5669 ⁸³
3116 5636 3292 5730 Calat.
3320 5650 3387 5717 γ,
3409 5630 3503 5691 θ’.

210 5735 274 5773 ⁵⁵
302 5732 459 5792 JOan.
489 5749 546 5803 x,
573 5724 663 5789 3‘2.
741 5730 788 5765 ⁸⁸
811 5729 969 5787 Ioan.
1012 5744 1101 5796 xv,
1129 5727 1217 5785 ευ.
1293 5727 1339 5762 ⁵⁸
1366 5727 1526 5783 Itoni.
1561 5741 1678 5794 vnt,
1711 5724 1796 5781 18.
