3872 6278
428 294 569 351 1019

1535 272 1808 335 PATBES
1845 267 2146 328 IEGYI’TII
2187 265 2464 323 S£CILI
2505 266 2592 322 IV.

3556 267 3708 322 10ξο

429 410 558 465 Jesu
589 406 828 472 Christi,
863 414 917 461 et
959 402 1023 457 ad
1057 397 1411 472 operandum,
1457 406 1622 464 atque
1666 389 2006 448 offerendum
2035 388 2087 446 Δ
2115 401 2251 455 quos
2277 385 2440 456 diligo
2467 399 2540 445 ex
2565 392 2674 440 toto
2697 385 2862 440 corde
2901 399 3041 450 meo,
3073 385 3231 457 cupio
3259 401 3380 443 esse
3413 390 3556 457 apud
3602 405 3706 444 vos

433 509 646 554 nosmet
692 499 838 568 ipsos
899 494 976 550 illi
1016 491 1248 548 hostiam
1301 486 1712 558 aceeptabilem.
1769 481 2009 552 Spiritus

433 607 666 662 namque
683 590 986 646 consolator
1019 585 1110 656 qui
1137 583 1430 653 θυι-1111111111·
1458 580 1511 635 111
1540 576 1830 648 baptismo,
1853 574 2009 628 nobis

431 683 690 750 elargitnr
728 677 940 749 operari
979 677 1030 731 111
1074 673 1419 745 pretiitentia,
1463 680 1520 725 ut
1564 671 1760 724 iterum
1793 682 1891 722 nos
1919 679 2010 720 re-

431 776 593 830 ducat
644 774 708 826 ad
786 771 1070 842 pristinum
1126 766 1486 838 principatum
1548 771 1791 818 uestrum
1835 769 1890 814 et
1941 760 2010 814 ad

434 864 805 918 haereditatem
886 868 1294 932 permanentem
1351 854 1722 910 obtinendam.
1804 851 2010 906 Scimte

434 954 637 1022 itaque,
698 956 838 1024 quod
893 967 1079 1007 onmes
1127 951 1217 1020 qui
1274 950 1327 1003 in
1381 947 1598 1002 Christo
1631 946 2008 1014 baptizantur,

429 1045 706 1100 Christum
752 1044 1009 1108 induunt,
1044 1053 1102 1098 ut
1151 1041 1324 1111 inquit
1366 1039 1563 1095 Paulus
1610 1035 1888 1107 apostolus
1928 1036 2009 1100 ⁵⁷,

432 1137 794 1206 adipiscentes
831 1136 1060 1207 gratiam
1104 1133 1337 1203 Spiritus
1379 1131 1576 1186 sancti.
1641 1128 1853 1183 Etenim
1901 1135 2010 1180 tam

436 1243 629 1283 servus
668 1244 828 1298 quam
872 1229 1033 1291 liber,
1071 1237 1178 1279 tam
1216 1239 1331 1279 mas
1359 1238 1521 1291 quam
1553 1221 1777 1283 femina,
1827 1218 2009 1273 statim

432 1325 596 1387 atque
627 1318 764 1372 hanc
785 1317 1138 1385 consequitur
1161 1314 1416 1384 gratiam,
1454 1321 1671 1366 cessant
1691 1310 1758 1364 ab
1789 1325 1854 1365 eo
1889 1323 2013 1363 cor-

433 1408 639 1476 poralia
692 1411 808 1464 haec
851 1411 1136 1471 idimnata;
1183 1417 1238 1460 et
1310 1403 1544 1474 Spiritus
1592 1401 1766 1456 sancti
1817 1400 2015 1468 accipit

432 1501 734 1556 doctrinam
755 1516 820 1556 eo
839 1511 1080 1569 tempore
1107 1514 1213 1568 quo
1240 1497 1618 1568 adipiscuntur
1643 1493 2012 1548 hzereditatem

433 1593 585 1661 regni
614 1593 874 1647 caelorum
909 1593 1297 1661 sempiternam
1332 1591 1625 1642 adorantes
1661 1585 1900 1648 Patrem,
1932 1583 2012 1639 uti

431 1685 608 1750 decet,
638 1684 688 1738 in
721 1685 912 1757 spiritu
936 1693 989 1740 et
1022 1684 1249 1737 veritate
1265 1682 1332 1735 ⁸⁸.
1354 1679 1463 1734 Nec
1482 1679 1750 1750 quispiam
1774 1689 2012 1732 vestrum

435 1775 612 1839 dicat,
655 1775 805 1829 filioli
842 1776 972 1838 mei,
1011 1775 1151 1843 quod
1186 1773 1338 1826 nobis
1369 1787 1473 1825 non
1517 1770 1622 1824 erit
1659 1768 1920 1838 judicium
1958 1768 2013 1822 in

435 1864 522 1919 die
563 1865 827 1919 adventus
876 1864 1088 1919 Domini
1145 1862 1468 1918 novissimi:
1510 1875 1695 1915 verum
1751 1861 2009 1927 sciamus,

433 1956 578 2029 quod
615 1957 877 2010 adventus
914 1954 1123 2008 Domini
1164 1953 1333 2008 nostri
1377 1951 1578 2007 Christi
1625 1950 1832 2020 primus
1898 1949 2012 2020 jam

436 2048 592 2101 nobis
633 2048 994 2101 comminatus
1035 2046 1196 2099 fuerit
1239 2044 1500 2112 judicium
1551 2045 1602 2096 in
1639 2043 1724 2096 die
1761 2042 1872 2104 illa,
1908 2043 2012 2098 nisi

435 2137 580 2191 illius
619 2138 1094 2207 adimpleverimus
1134 2147 1424 2206 praecepta.
1478 2135 1542 2190 Et
1587 2136 1822 2199 scitote,
1870 2134 2014 2204 quod

435 2245 624 2284 onmes
658 2229 848 2304 spiritu
881 2229 1052 2284 induti
1089 2230 1332 2297 impense
1384 2242 1481 2296 pro
1518 2225 1674 2280 nobis
1719 2226 2017 2296 deprecan-

437 2333 556 2385 tur,
601 2332 658 2376 ut
696 2323 922 2378 Domino
971 2325 1156 2378 nostro
1205 2321 1496 2384 uniamur,
1551 2333 1605 2375 et
1641 2321 2016 2376 haereditemus

436 2413 579 2480 quod
610 2412 766 2467 nobis
803 2417 870 2466 ab
900 2412 1053 2466 initio
1079 2412 1255 2466 fuerat
1283 2412 1660 2475 constitutum,
1696 2411 1890 2464 iterum
1933 2412 2018 2464 in-

435 2504 665 2560 dueutes
717 2517 956 2560 nostram
996 2505 1278 2575 pristinam
1322 2505 1728 2558 substantialem
1783 2503 2013 2558 formam

437 2610 542 2664 qua
581 2611 676 2664 per
716 2597 1132 2650 inobcdientiam
1157 2596 1302 2650 exuti
1334 2609 1542 2649 sumus.
1585 2595 1794 2664 Quippe
1839 2593 2018 2650 Patris

439 2702 544 2740 vox
588 2687 671 2741 his
698 2688 888 2756 spiritu
922 2688 1123 2742 indutis
1165 2702 1379 2756 semper
1424 2702 1577 2741 suam
1623 2686 1837 2755 planam
1889 2687 2018 2742 facit

441 2779 757 2845 bonitatem,
789 2780 839 2832 in
889 2796 1073 2834 eorum
1111 2781 1373 2834 reducens
1403 2780 1723 2832 memoriam
1774 2777 2018 2846 Scriptu-

444 2885 558 2922 ram
585 2870 852 2924 dicentem
890 2887 903 2922 :
937 2868 1288 2924 Consolemiui
1332 2871 1579 2937 papulum
1624 2885 1817 2934 meum,
1841 2886 2016 2922 sacer-

437 2959 604 3025 dotes,
640 2969 689 3013 et
727 2960 1001 3031 loquimini
1041 2962 1092 3014 in
1129 2964 1284 3014 corde
1325 2960 1621 3014 Jerusalem
1658 2976 1678 3012 :
1715 2975 1808 3028 ego
1840 2971 2014 3014 autem

2109 476 2254 530 omni
2286 486 2546 544 tempore,
2571 483 2624 530 ct
2665 491 2758 530 vos
2791 475 2978 532 videre
3015 493 3080 533 ac
3119 473 3459 537 benedicere.
3487 482 3704 553 Quippe

2113 568 2286 623 foedus
2315 579 2554 624 vestrum
2585 569 2711 624 mihi
2739 569 3063 640 prmstituni,
3105 571 3575 642 imitationemque
3610 591 3705 630 ve-

2112 669 2280 715 stram
2304 659 2431 725 mei,
2459 675 2522 715 ac
2539 671 2776 715 vestram
2805 661 2869 716 ad
2895 661 3062 716 Deum
3095 664 3486 732 reversionem,
3517 677 3706 721 rectas

2111 755 2326 824 quidem
2354 769 2475 809 esse
2495 755 2731 824 aspicio;
2753 755 2916 810 etiam
2945 755 3257 812 inhabitatis
3281 757 3332 810 in
3375 760 3540 813 corde
3577 774 3706 813 meo

2112 848 2364 903 omnibus
2414 848 2611 904 modis.
2667 847 2805 903 Ilinc
2861 856 3044 904 autem
3096 865 3224 920 rogo
3292 849 3461 905 Deum
3515 865 3703 905 meum

2113 955 2276 994 causa
2312 940 2478 996 vestri
2509 949 2670 996 noctu
2711 941 2940 1013 diuque,
2975 955 3032 997 ut
3070 943 3366 1011 elargiatur
3403 944 3559 999 vobis
3599 960 3702 999 sua

2115 1030 2252 1085 dona
2283 1046 2404 1101 qua:
2448 1031 2586 1086 mihi
2612 1031 2834 1087 indulsit
2881 1049 2976 1089 sua
3014 1035 3274 1089 duntaxat
3324 1037 3537 1105 gratia,
3587 1053 3699 1092 non

2114 1129 2296 1174 autem
2329 1119 2467 1174 meis
2500 1119 2727 1177 meritis.
2784 1122 2994 1176 Etenim
3027 1125 3139 1177 haec
3165 1135 3290 1178 sunt
3334 1142 3541 1196 magnze
3591 1129 3702 1184 illa:

2113 1214 2319 1269 divitiae
2347 1229 2484 1282 quas
2515 1213 2645 1267 mihi
2681 1215 2951 1270 concessit
2980 1215 3238 1272 Dominus
3269 1228 3475 1282 noster,
3529 1236 3701 1290 quem

2114 1308 2356 1378 supplico
2392 1318 2449 1362 ut
2476 1323 2568 1363 eas
2607 1307 2757 1363 vobis
2785 1323 2998 1379 quoque
3032 1313 3331 1376 concedat;
3364 1323 3418 1366 et
3454 1313 3570 1368 haec
3618 1326 3703 1369 est

2113 1415 2327 1455 summa
2381 1400 2785 1456 desideriorum
2811 1416 3054 1456 meorum
3096 1411 3152 1456 et
3204 1405 3516 1472 deprecatio
3577 1422 3701 1460 inea

2114 1500 2274 1548 noctu
2301 1493 2518 1562 diuque,
2567 1503 2625 1548 ut
2657 1493 2776 1548 sitis
2812 1509 3020 1549 rnecum
3070 1495 3122 1548 in
3173 1495 3290 1550 Ioco
3335 1496 3388 1550 in
3432 1511 3541 1566 quo
3574 1514 3699 1561 ero,

2113 1600 2236 1642 cum
2277 1586 2583 1642 discessero
2614 1601 2681 1654 ex
2727 1587 2830 1642 hoc
2873 1602 3122 1656 corpore.
3163 1588 3421 1644 Dominus
3469 1591 3701 1659 quidem

2118 1685 2304 1732 noster
2329 1691 2542 1746 semper
2570 1678 2796 1733 exaudit
2823 1694 2907 1733 me
2937 1695 2966 1732 a
3014 1695 3132 1733 mea
3175 1681 3401 1748 pueritia
3435 1697 3613 1752 usque
3647 1683 3700 1737 in

2120 1768 2439 1822 hodiernum
2472 1769 2636 1836 diem,
2687 1781 2744 1824 et
2782 1771 2896 1824 scio
2937 1785 3148 1841 quoque
3201 1773 3342 1841 quod
3395 1773 3501 1827 hoc
3545 1773 3700 1827 aliud

2117 1865 2213 1918 Sua
2246 1862 2620 1917 misericordia
2652 1863 2781 1918 mihi
2816 1864 3117 1932 praestabit.
3168 1863 3292 1919 Ilaec
3325 1881 3457 1920 sane
3496 1867 3698 1934 scripsi

2117 1951 2306 2018 vobis,
2349 1951 2495 2006 lilioli
2538 1953 2680 2018 mei,
2725 1953 2793 2007 ob
2830 1954 3051 2008 nimiam
3088 1955 3266 2009 cordis
3297 1955 3402 2009 mei
3432 1969 3557 2022 erga
3604 1970 3704 2010 vos

2116 2041 2434 2098 charitatem
2461 2059 2476 2104 ;
2505 2044 2938 2113 quandoquidem
2969 2044 3162 2099 vestris
3185 2043 3574 2098 certaminibus
3599 2060 3705 2113 pro

2117 2134 2344 2190 Domino
2376 2135 2478 2190 mei
2503 2136 2804 2192 imitatores
2837 2137 2891 2190 in
2918 2136 3172 2192 omnibus
3203 2135 3508 2190 exstitistis.
3537 2135 3705 2189 Scia-

2120 2228 2188 2282 tis
2217 2227 2420 2296 itaque,
2457 2229 2598 2296 quod
2627 2227 3084 2284 Dominusnoster
3106 2227 3354 2281 Christus
3381 2226 3560 2298 (cujus
3586 2243 3703 2282 me.

2117 2321 2303 2374 moria:
2335 2319 2602 2389 adoratio)
2637 2319 2709 2375 ob
2757 2321 2976 2373 nimiam
3008 2335 3159 2374 suam
3192 2320 3513 2373 eharitalem
3549 2319 3703 2373 simi-

2116 2412 2239 2467 liter
2267 2422 2523 2482 operatus
2572 2420 2655 2466 est
2695 2412 2809 2466 suis
2864 2411 3160 2480 discipulis,
3211 2427 3332 2465 eum
3381 2412 3520 2466 dixit
3560 2413 3699 2466 eis:

2119 2502 2312 2574 Utique
2339 2521 2441 2560 non
2474 2521 2596 2560 voco
2626 2521 2710 2560 vos
2739 2521 2936 2566 seri-os,
2972 2505 3067 2559 sed»
3093 2505 3308 2572 fratres,
3331 2514 3380 2557 et
3403 2505 3630 2566 amicos,
3653 2514 3704 2559 et

2117 2595 2254 2662 ﬁlios
2278 2596 2345 2648 ⁸ο.
2383 2595 2626 2663 Cumque
2659 2595 2784 2649 facti
2813 2604 2995 2650 essent
3015 2595 3063 2649 ei
3098 2597 3151 2648 in
3185 2595 3344 2662 filios,
3374 2597 3583 2665 rogavit
3606 2612 3704 2664 pro

2119 2688 2198 2742 eis
2236 2687 2448 2741 Patrem
2487 2687 2674 2741 dicens
2705 2703 2718 2738 :
2755 2685 2935 2751 Pater,
2963 2687 3077 2741 volo
3107 2696 3159 2739 ut
3222 2687 3327 2740 sint
3367 2687 3454 2741 isti
3483 2688 3569 2739 ubi
3611 2705 3704 2741 ero

2119 2789 2164 2833 et
2196 2795 2290 2849 ego
2312 2795 2331 2833 :
2357 2780 2604 2848 quoniam
2629 2796 2721 2849 ego
2747 2796 2861 2833 sum
2887 2781 2938 2833 in
2961 2790 3027 2844 te,
3057 2791 3106 2834 et
3137 2781 3224 2834 isti
3239 2781 3292 2834 in
3318 2796 3418 2844 me,
3456 2790 3510 2832 ut
3533 2781 3703 2833 simus

2120 2884 2299 2922 omnes
2325 2867 2545 2936 perfecti
2571 2869 2625 2920 in
2656 2867 2854 2921 unitate
2886 2867 2952 2920 “.
2996 2866 3292 2922 Considera
3330 2865 3494 2934 igitur
3530 2875 3589 2918 ct
3615 2867 3703 2918 in-

2126 2959 2322 3027 telligo,
2357 2972 2461 3027 qua
2519 2958 2728 3012 ratione
2782 2957 2992 3028 rogavit
3027 2957 3283 3011 Dominus
3315 2966 3497 3010 noster
3539 2954 3705 3010 Iesus

440 3049 646 3102 mittant
689 3051 735 3104 ei
761 3067 940 3120 pacem
995 3051 1051 3103 in
1082 3051 1444 3104 misericordia
1472 3049 1605 3118 ejus,
1637 3051 1779 3102 omni
1820 3060 2015 3117 tempo-
2047 3073 2089 3130 ρ
2121 3050 2370 3105 Christus
2416 3051 2628 3104 Patrem
2659 3066 2815 3104 suum
2845 3065 2943 3118 pro
2973 3048 3254 3120 discipulis
3293 3050 3427 3113 suis,
3463 3065 3528 3102 eo
3557 3051 3700 3118 quod

440 3139 582 3193 re”.
615 3141 714 3206 Qui
757 3144 944 3198 invisit
983 3153 1262 3199 creaturas
1297 3157 1424 3196 suas
1478 3141 1830 3198 manifestans
1860 3142 1911 3194 in
1938 3144 2017 3196 eis

443 3245 596 3287 suam
652 3233 968 3313 bonitatem,
1020 3235 1321 3303 elargiatur
1381 3234 1530 3288 vobis
1584 3235 1906 3302 sapientiam
1963 3243 2018 3286 et

446 3321 801 3378 scientiamet
837 3327 1064 3394 gratiam
1100 3338 1150 3379 et
1173 3325 1421 3392 spiritum
1462 3327 1806 3380 discretionis
1832 3325 1896 3378 ad
1933 3327 2018 3379 in-

441 3414 788 3484 telligendum
819 3432 937 3486 quae
981 3417 1172 3485 scripsi
1207 3416 1358 3470 vobis
1381 3432 1445 3470 ex
1475 3419 1760 3486 prazceptis
1784 3417 2016 3485 Domini,

440 3515 497 3560 et
524 3521 587 3560 ea
616 3509 878 3572 doceatis,
911 3517 970 3562 ut
1012 3523 1106 3562 vos
1155 3523 1320 3576 puros
1356 3517 1577 3562 servent
1609 3523 1779 3576 usque
1809 3510 1874 3562 ad
1919 3524 2009 3563 no-

444 3597 725 3652 vissimum
773 3600 1046 3668 spiritum.
1081 3599 1303 3666 Ipseque
1335 3597 1594 3666 suscipiat
1625 3612 1653 3649 a
1709 3611 1793 3652 me
1832 3614 2021 3666 preces

447 3687 547 3742 has
571 3703 717 3742 meas
741 3705 860 3757 quae
883 3700 1008 3743 sunt
1035 3707 1132 3759 pro
1165 3700 1340 3743 vestra
1370 3689 1612 3743 omnium
1639 3689 1834 3752 Salute,
1872 3691 2019 3745 lilioli

443 3782 551 3848 mei
590 3783 930 3837 dilectissimi
967 3784 1019 3837 in
1052 3786 1297 3840 Domino.
1339 3784 1436 3838 Cui
1479 3784 1649 3855 gloria
1682 3794 1735 3838 et
1765 3786 2022 3856 majestas

445 3874 798 3929 inmteruuut.
838 3875 1030 3928 Anien.

980 4009 1309 4064 EPISTOLA
1358 4009 1490 4064 VIII.

448 4122 608 4181 Fifiis
640 4128 749 4180 suis
781 4129 1043 4180 monachis
1066 4171 1078 4189 ,
1127 4129 1350 4181 incitans
1380 4145 1465 4182 eos
1507 4131 1575 4180 atl
1607 4131 1934 4196 certandum,
1969 4143 2023 4184 ut

519 4210 900 4270 consequantur
949 4199 1032 4250 hic
1075 4197 1327 4270 Spiritum
1384 4211 1617 4252 sanctum
1671 4201 1877 4268 igneum
1904 4240 1918 4263 ,
1953 4213 2016 4270 ’et

516 4268 673 4320 simul
709 4270 1010 4321 conveniant
1046 4270 1175 4320 illic.
1210 4267 1319 4321 Nec
1353 4286 1455 4322 non
1504 4271 1557 4322 iu
1601 4267 1782 4322 eorum
1813 4267 2016 4324 revocat

517 4340 819 4390 meritoriam
859 4356 953 4390 sua
985 4341 1296 4397 certamina.
1342 4339 1646 4407 signiﬁcans
1681 4341 1753 4393 eis
1802 4358 1917 4409 qua:
1947 4353 2022 4395 est

517 4420 908 4479 consecuturus,
940 4418 992 4460 ut
1027 4413 1105 4460 his
1130 4409 1245 4461 illos
1273 4405 1940 4479 inritet.Oportetau’tem,
1969 4423 2023 4464 ut
2060 4405 2101 4459 Ι)

517 4476 720 4547 legatur
742 4479 824 4530 die
843 4478 953 4547 ejus
979 4481 1168 4530 obitus.
1196 4479 1337 4532 Dixit
1364 4492 1382 4530 :

519 4613 858 4666 Dilectissimi
890 4613 938 4665 in
995 4612 1242 4673 Domino,
1283 4611 1464 4666 scribo
1518 4613 1701 4678 vobis,
1762 4625 2017 4684 tanquam

447 4705 592 4769 filiis,
633 4705 745 4759 suis
773 4705 1091 4774 parentibus
1136 4705 1494 4760 charissimis.
1524 4705 1737 4761 Etenim
1778 4709 1869 4762 filii
1902 4724 2024 4764 car-

446 4798 618 4863 nales,
643 4799 689 4852 si
713 4813 932 4852 suorum
970 4807 1249 4868 parentum
1276 4798 1576 4854 imitatores
1601 4800 2022 4870 obedientesque

448 4890 789 4957 exstiterint,
839 4906 933 4945 eos
981 4890 1207 4960 diligant
1257 4875 1512 4960 parentes
1558 4909 1621 4948 ex
1657 4904 1769 4949 tots
1815 4895 2018 4960 corde,

449 4995 771 5050 stitiimoque
797 4997 1200 5050 prosequuntur
1240 4984 1468 5049 honore,
1496 4985 1613 5054 plus
1638 5002 1798 5055 quam
1833 4987 2021 5041 inube-

448 5071 657 5128 dientes
708 5075 809 5128 sibi
870 5073 1026 5128 filios.
1087 5075 1145 5130 Si
1197 5077 1324 5145 quid
1357 5092 1482 5132 vero
1513 5078 1720 5146 pulchri
1772 5081 2006 5148 bonique

447 5165 626 5236 adepti
669 5167 890 5233 fuerint,
933 5168 984 5222 id
1022 5169 1206 5223 liberis
1251 5169 1352 5224 sibi
1401 5170 1777 5225 obedientilms
1823 5173 2018 5241 suique

450 5259 806 5315 imitatoribus
857 5271 1136 5329 reponunt.
1194 5261 1248 5314 Si
1305 5275 1434 5329 ergo
1467 5260 1713 5315 carnales
1764 5273 2015 5330 parentes

449 5349 500 5406 id
529 5363 806 5420 praestant,
835 5367 900 5407 eo
928 5354 1101 5423 magis
1134 5363 1315 5422 patres
1351 5352 1519 5405 nostri
1549 5352 1861 5418 spirituales
1890 5370 2025 5422 prte-

448 5452 596 5498 stare
626 5446 846 5513 cupiunt
895 5446 1128 5498 honores
1165 5443 1310 5496 tiliis‘
1337 5442 1450 5496 suis
1497 5442 1598 5496 sibi
1651 5443 2022 5501 obedientibus

451 5533 646 5601 suique
677 5536 1058 5590 imitatorihus.
1094 5533 1647 5600 Quare,dilectissimi
1687 5535 1739 5588 in
1773 5534 2019 5601 Domino,

519 5707 568 5746 ⁵⁷
594 5711 772 5772 6111111.
803 5733 883 5783 111,
923 5717 1014 5785 9.7,
1055 5718 1144 5770 ‘28.
1188 5717 1266 5778 ,⁸⁸
1293 5716 1446 5772 1111111.
1480 5734 1553 5782 |\',
1589 5717 1679 5772 25.
1756 5719 1802 5750 ⁸⁹
1829 5717 1930 5773 Isa.
1966 5734 2050 5783 XL,
2085 5718 2138 5784 I,
2167 5714 2220 5768 ‘2-

2123 3144 2247 3198 faeti
2281 3153 2406 3198 sunt
2437 3143 2486 3197 ei
2512 3143 2628 3206 lilii,
2656 3152 2714 3196 ut
2740 3145 2846 3197 sint
2874 3142 3122 3196 videlicet
3145 3158 3266 3196 cum
3297 3157 3362 3196 eo
3395 3141 3703 3222 ubicunque

2121 3237 2245 3289 erit.
2279 3234 2455 3289 Simili
2489 3236 2650 3288 modo
2681 3242 2763 3288 est
2788 3235 3096 3302 deprecatio
3126 3234 3240 3288 haec
3285 3249 3426 3296 mea,
3457 3233 3700 3288 dilectis-

2122 3327 2245 3383 simi
2279 3326 2431 3390 mihi,
2465 3335 2522 3379 ut
2555 3325 2726 3380 simus
2749 3339 2937 3379 omnes
2965 3314 3123 3378 simul
3143 3325 3195 3379 in
3224 3323 3342 3379 loco
3372 3324 3485 3388 illo,
3517 3325 3567 3379 in
3596 3341 3701 3394 quo

2123 3418 2265 3474 nulla
2289 3427 2370 3473 est
2405 3417 2684 3481 maestitia,
2717 3431 2889 3486 neque
2917 3416 3221 3479 infirmitas,
3247 3432 3420 3486 neque
3442 3418 3701 3481 tenebar,

2124 3525 2299 3580 neque
2331 3509 2553 3578 spiritus
2596 3507 2753 3571 mali;
2801 3507 2896 3561 sed
2931 3517 3018 3561 est
3050 3508 3196 3562 omni
3232 3506 3466 3562 refertus
3493 3507 3698 3570 laetitia,

2123 3609 2178 3655 et
2209 3601 2429 3663 lumine,
2462 3609 2517 3654 el.
2547 3599 2653 3652 vila
2691 3609 2915 3662 aeterna,
2957 3608 3013 3650 et
3051 3597 3269 3652 coronis
3316 3599 3698 3667 incorruptibi-

2125 3692 2286 3754 libus,
2328 3690 2555 3758 aliisque
2593 3705 2714 3758 qua:
2747 3688 2944 3742 ibidem
2990 3698 3242 3753 exstant,
3294 3704 3417 3756 qua:
3470 3689 3703 3742 humana

2125 3783 2306 3849 lingua
2331 3795 2589 3836 enarrare
2617 3795 2720 3833 non
2762 3788 2974 3847 potest;
3009 3780 3268 3834 duratura
3313 3796 3551 3850 namque
3579 3789 3703 3834 sunt

2127 3873 2179 3926 in
2207 3873 2401 3926 sarcula
2433 3872 2774 3927 sareulorum.

2198 3963 2378 4029 Quare
2408 3973 2582 4026 orate,
2619 3963 2764 4016 lilioli
2812 3962 2938 4026 mei,
2964 3962 3271 4026 Dominum,
3323 3973 3382 4016 nt
3411 3962 3570 4018 facile
3605 3961 3705 4017 iter

2129 4070 2305 4108 meum
2354 4053 2423 4106 ad
2478 4069 2574 4108 vos
2609 4054 2803 4107 iterum
2845 4053 3054 4116 reddat,
3092 4062 3149 4106 ut
3185 4067 3532 4120 permaneant
3565 4054 3703 4122 apud

2131 4162 2226 4199 vos
2256 4144 2456 4212 aliquid
2492 4144 2774 4211 temporis.
2805 4141 2955 4196 IIaud
3010 4142 3157 4196 enim
3189 4158 3275 4196 me
3302 4142 3451 4204 latet,
3496 4143 3598 4196 hoc
3639 4142 3701 4196 ad

2130 4246 2363 4290 vestram
2388 4234 2801 4290 :edilicationem
2841 4245 2895 4288 et
2919 4233 3176 4302 gaudium
3202 4233 3255 4286 in
3296 4233 3400 4288 fide
3430 4232 3569 4286 fore.
3595 4234 3703 4304 Ego

2128 4344 2344 4400 quoque
2378 4329 2642 4396 gaudebo,
2678 4341 2799 4380 cum
2841 4341 3038 4380 venero
3065 4326 3130 4378 ad
3169 4340 3285 4388 vos,
3324 4335 3383 4378 ut
3427 4325 3707 4395 gaudeatis

2132 4434 2183 4478 et
2210 4439 2324 4488 vos,
2349 4419 2723 4475 etalIIuentius
2752 4418 3016 4472 crescatis
3047 4417 3099 4469 111
3130 4418 3235 4471 fide
3257 4435 3270 4470 :
3293 4433 3390 4470 nec
3427 4434 3532 4469 non
3558 4417 3706 4484 plura

2132 4513 2371 4582 aperiam
2411 4509 2564 4561 vobis
2603 4522 2822 4569 arcana,
2847 4520 2968 4574 qua:
2993 4505 3096 4559 hac
3127 4504 3182 4557 in
3206 4503 3431 4573 epistola
3468 4506 3710 4557 scribere

2132 4621 2359 4675 nequeo.
2422 4601 2687 4660 Caudebit
2731 4615 2944 4669 quoque
2996 4598 3048 4651 111
3102 4597 3252 4651 vobis
3303 4607 3476 4649 mater
3529 4607 3710 4652 vestra

2132 4697 2290 4760 Sara,
2328 4709 2447 4764 qua:
2472 4702 2554 4748 est
2585 4693 2764 4745 anima
2803 4708 2944 4754 mea,
2984 4691 3099 4745 haec
3125 4705 3246 4759 qua:
3275 4687 3516 4758 perfecta
3546 4699 3635 4742 est
3660 4690 3712 4742 in

2131 4805 2228 4842 suo
2267 4802 2474 4850 amore,
2515 4796 2569 4840 et
2612 4784 2818 4854 peperit
2872 4783 2924 4836 in
2963 4782 3116 4836 vobis
3145 4782 3382 4835 divinum
3421 4781 3712 4849 Spiritum,

2132 4881 2395 4950 cupitque
2418 4894 2516 4932 vos
2541 4881 2806 4946 perlicere
2828 4916 2844 4940 ,
2889 4875 3341 4944 quemadmodum
3397 4876 3582 4942 rogavi
3616 4889 3713 4942 pro

2131 4976 2315 5038 vobis,
2365 4987 2420 5028 ut
2465 4973 2727 5043 Spititum
2776 4970 2924 5023 illum
2969 4969 3187 5040 igneum
3242 4982 3493 5037 magnum
3547 4983 3710 5035 quem

2131 5069 2368 5134 suscepi,
2390 5065 2700 5134 suscipiatis
2728 5075 2784 5117 et
2815 5078 2908 5116 vos
2929 5081 2941 5123 ς
2963 5078 3120 5130 quem
3146 5061 3189 5114 si
3219 5062 3497 5128 suscipere
3525 5060 3710 5123 vultis,

2131 5159 2203 5212 ita
2241 5169 2298 5210 ut
2327 5167 2542 5210 maneat
2573 5157 2624 5209 in
2669 5155 2842 5216 vobis,
2883 5151 3076 5207 offerte
3123 5154 3272 5220 prius
3303 5167 3468 5219 opera
3515 5167 3714 5220 corpo-

2131 5251 2226 5316 ris,
2255 5259 2310 5304 et
2341 5250 2520 5304 cordis
2556 5247 2941 5309 humilitatem,
2982 5256 3038 5300 et
3068 5254 3280 5300 vestras
3308 5241 3520 5297 elevate
3561 5241 3712 5312 cogi-

2132 5344 2365 5398 lationes
2407 5343 2459 5396 in
2504 5342 2699 5395 etelum
2746 5350 2906 5393 noctu
2946 5339 3178 5406 diuque,
3225 5345 3281 5390 et
3317 5335 3548 5404 quaerite
3585 5349 3714 5388 cum

2131 5436 2312 5491 cordis
2339 5435 2663 5490 rectitudine
2694 5433 2956 5501 Spiritum
3011 5431 3154 5484 hunc
3201 5429 3440 5497 igneum,
3487 5435 3713 5495 tumque

2133 5532 2354 5587 dabitur
2385 5531 2558 5585 vobis.
2620 5527 2735 5582 I'Iac
2765 5527 2908 5581 enim
2948 5523 3159 5577 ratione
3194 5521 3344 5575 illum
3383 5530 3716 5574 consecutus

2298 5713 2342 5744 θ’
2381 5710 2534 5765 .Ioan.
2576 5725 2694 5772 .\lll,
2725 5707 2808 5761 15.
2888 5706 2930 5738 ⁸³
2956 5704 3109 5761 Joau.
3142 5717 3272 5768 xvu,
3301 5699 3390 5762 21,
3424 5698 3513 5758 21.
