3872 6278
229 294 361 356 1021

1225 297 1282 353 S.
1307 297 1609 378 ‘ANTONII
1648 299 1720 355 Μ.
1763 301 2055 360 ABBATIS
2095 305 2476 364 EPISTOLAE.

3351 316 3494 374 {0'32

225 429 310 475 cst
345 417 490 473 Elias
527 413 842 484 'l’hesbites,
881 423 937 470 et
975 413 1203 472 Elisatus
1243 432 1368 472 cum
1417 418 1643 488 reliquis
1686 434 1811 489 pro—
1840 426 1885 483 Α
1915 423 1981 478 de
2029 433 2143 482 toto
2183 430 2368 494 corde,
2417 439 2473 484 et
2512 429 2580 486 de
2628 435 2738 484 tota
2781 430 3127 500 cogitatione,
3166 442 3220 487 et
3262 433 3328 489 de
3381 444 3494 491 tota

227 511 426 582 phetis.
460 507 573 564 Nec
594 507 844 579 cogitetis
876 507 931 562 in
964 507 1219 564 cordibus
1241 509 1456 575 vestris,
1478 520 1532 570 et
1557 510 1810 582 ancipitis

226 601 411 656 cordis
439 599 583 666 sitis,
619 599 864 653 dicentes
899 616 914 654 :
947 597 1079 664 Quis
1122 599 1263 654 valet
1305 600 1450 654 hunc
1484 601 1812 671 suscipere?

154 694 157 696 ’
232 691 626 761 Nequaquam,
673 689 823 744 lilioli
871 690 1014 754 mei,
1066 705 1408 761 nequaquam
1454 693 1648 749 sinatis
1711 693 1810 748 has

225 783 582 854 cogitationes
633 783 685 836 in
741 791 918 837 vestra
972 785 1156 838 venire
1190 785 1405 849 corda,.
1432 788 1526 840 sed
1583 785 1810 854 quaerite

227 890 351 929 cum
385 873 712 929 rectitudine
736 874 937 938 cordis,
965 883 1020 930 et
1036 876 1348 946 suscipietis
1369 875 1519 930 illum
1544 877 1808 947 profecto.

232 966 346 1037 Ego
377 975 558 1020 autem
591 964 756 1020 Pater
797 974 978 1021 vester
1019 982 1122 1021 una
1154 982 1368 1038 quoque
1400 968 1679 1023 vaiscum
1716 968 1808 1023 de-

226 1067 402 1120 certo,
435 1072 532 1127 pro
568 1057 722 1110 vobis
770 1071 966 1127 rogans
1013 1068 1070 1111 ut
1101 1058 1251 1112 illum
1295 1058 1647 1126 suscipiatis;
1686 1056 1810 1112 novi

230 1165 462 1218 namque
499 1164 597 1204 vos
625 1148 901 1218 perfectos
930 1165 1070 1218 esse,
1103 1151 1365 1219 illumque
1393 1150 1675 1220 suscipere
1713 1166 1810 1204 va-

228 1241 421 1298 lentes.
460 1241 776 1310 Quicunque
816 1242 960 1297 enim
989 1252 1164 1298 semet
1209 1243 1384 1313 ipsum
1441 1243 1542 1297 hac
1597 1242 1810 1296 cultura

229 1336 385 1402 colit,
425 1336 640 1390 dabitur
661 1336 709 1390 ei
743 1334 983 1403 Spiritus
1019 1335 1108 1390 ille
1141 1350 1356 1405 semper
1383 1336 1623 1403 atquein
1655 1344 1812 1390 aeter-

228 1446 380 1485 num.
411 1428 536 1483 Scio
567 1435 746 1481 autem
787 1429 1072 1496 quosdam,
1113 1429 1117 1432 ’
1148 1428 1238 1498 qui
1274 1443 1394 1482 cum
1432 1428 1582 1482 illum
1625 1441 1812 1482 susceo

227 1521 464 1590 pissent,
501 1530 555 1573 et
579 1518 722 1572 hanc
759 1533 863 1572 non
903 1516 1263 1585 perfecissent
1297 1518 1592 1583 culturam,
1623 1517 1676 1572 in
1703 1517 1810 1572 illis

227 1615 450 1670 minime
477 1612 863 1682 permansisse.
892 1611 964 1665 At
991 1611 1462 1676 vos,dilectissitni
1497 1609 1654 1675 mihi,
1677 1625 1813 1680 quos

226 1706 415 1760 videre
441 1703 598 1773 cupio
615 1713 835 1771 propter
856 1702 1227 1758 intellectuum
1263 1712 1566 1758 vestrorum
1591 1703 1814 1758 rectitu-

226 1797 434 1864 dinem,
472 1793 747 1865 persistite
787 1795 839 1848 in
882 1795 1134 1863 precibus
1181 1809 1303 1850 cum
1345 1795 1713 1851 sollicitudine
1742 1809 1811 1848 ex
1843 1781 1888 1840 Β

228 1889 358 1946 totis
402 1888 655 1944 cordibus
697 1889 927 1955 vestris,
976 1897 1030 1943 et
1071 1889 1290 1944 dabitur
1336 1891 1529 1946 vobis.
1575 1889 1813 1959 Spiritus

225 1995 464 2052 namque
505 1979 596 2036 ille
640 1980 693 2034 in
720 1980 974 2036 cordidus
1006 1980 1276 2035 inhabitat
1319 1981 1502 2036 rectis.
1541 1981 1642 2048 Qui
1679 1994 1813 2035 sane

222 2083 508 2143 susceptus
525 2073 784 2128 revelabit
803 2073 955 2128 vobis
975 2073 1188 2128 excelsa
1211 2088 1432 2142 arcana,
1457 2073 1629 2128 aliave
1649 2088 1810 2142 quam

217 2151 384 2238 plura
424 2180 543 2235 qua:
583 2165 794 2231 charta,
837 2163 1048 2219 calamo
1081 2173 1495 2236 atramentoque
1540 2179 1814 2234 exponere

224 2272 335 2311 non
362 2255 549 2333 valeo;
585 2265 641 2310 et
673 2257 946 2311 amovebit
969 2270 1000 2310 a
1031 2257 1185 2312 vobis
1224 2255 1474 2312 timorem
1507 2257 1810 2322 hominum,

221 2359 281 2404 et
311 2348 631 2415 bestiarum,
664 2356 718 2403 et
749 2348 1076 2402 charilatum
1126 2348 1464 2418 aliorumque
1505 2347 1806 2418 ejusmodi;

219 2453 274 2496 et
303 2443 407 2496 erit
432 2440 589 2497 vobis
613 2440 835 2496 caeleste
872 2442 1121 2510 gaudium
1157 2450 1315 2495 noctu
1355 2442 1577 2511 diuque,
1623 2438 1808 2496 eritis-

221 2547 333 2602 que
376 2531 429 2586 in
472 2531 572 2586 hoc
613 2545 842 2600 corpore
891 2541 1148 2600 tauquam
1186 2530 1262 2585 illi
1299 2531 1388 2600 qui
1419 2530 1532 2598 jam
1579 2539 1707 2584 sunt
1754 2530 1808 2584 in

225 2639 416 2695 regno.
457 2622 570 2679 Nec
625 2638 746 2698 pro.
775 2622 1057 2678 animabus
1089 2623 1288 2678 vestris
1345 2622 1612 2692 rogabltis
1669 2623 1809 2676 dun-

226 2726 398 2781 taxat,
451 2731 637 2771 verum
667 2717 831 2770 etiam
860 2729 958 2785 pro
994 2713 1137 2779 aliis,
1169 2729 1290 2768 cum
1319 2715 1630 2783 quicunque
1669 2715 1811 2767 hunc

223 2808 528 2878 susceperit
578 2807 840 2874 Spiritum
899 2821 996 2876 pro
1059 2822 1119 2862 se
1163 2820 1354 2876 rogare
1409 2805 1548 2858 haud
1609 2799 1812 2871 indiget

225 2899 479 2970 amplius,
501 2899 594 2953 sed
624 2913 722 2966 pro
755 2898 899 2952 aliis.
916 2896 1383 2964 Quemadmodum
1417 2890 1805 2962 fecitMoyses;

225 2991 320 3060 qui
355 3006 475 3044 cum
513 2990 662 3044 hunc
695 2990 937 3058 suscepit
973 2987 1272 3058 Spiritum,
1316 2986 1525 3055 rogavit
1577 2999 1676 3054 pro
1712 2999 1809 3052 po-

1913 525 2114 584 mente,
2161 529 2216 574 et
2263 521 2331 577 de
2361 529 2471 576 tota
2506 522 2706 577 virtute
2748 537 2868 588 sua,
2908 523 3157 578 timorem
3205 527 3496 595 consequi-

1914 614 2033 670 tur;
2060 607 2220 664 timor
2249 617 2431 665 autem
2471 622 2696 681 generat
2730 611 2949 680 ﬂetum;
2981 613 3136 668 ﬂetus
3166 628 3296 668 vero
3325 629 3493 685 gene-

1914 706 1999 750 rat
2035 695 2456 755 fortitudinem:
2497 703 2694 771 quibus
2738 703 3131 758 consutnmatis
3173 704 3226 757 in
3287 704 3492 765 anima,

1914 790 2121 845 fructus
2151 792 2290 847 feret
2324 794 2377 847 in
2415 795 2690 851 omnibus.
2736 795 2880 852 Deus
2910 806 3091 851 autem
3123 796 3368 864 pulchris
3407 797 3494 851 his

1919 883 2184 940 fructibus
2237 887 2288 940 in
2322 889 2503 944 anima
2544 891 2845 960 perspectis
2867 890 3101 944 attrahit
3140 889 3286 944 illam
3328 890 3395 944 ad
3435 905 3496 944 se

1923 982 2180 1046 tauquam
2205 979 2426 1034 odorem
2467 981 2640 1037 thuris
2668 981 2849 1048 electi,
2882 981 3079 1050 illaque
3109 982 3322 1035 hetatur
3368 995 3489 1034 cum

1913 1069 2118 1137 angelis
2147 1070 2292 1122 omni
2333 1078 2597 1140 tempore,
2649 1071 2922 1142 elargiens
2971 1071 3045 1125 illi
3092 1085 3306 1139 quoque
3359 1068 3491 1123 laeti-

1917 1162 2070 1223 tiam,
2099 1175 2326 1230 eamque
2351 1163 2588 1216 custodit
2618 1163 2670 1216 in
2702 1163 2952 1218 omnibus
2982 1163 3082 1216 viis
3108 1162 3243 1231 ejus,
3274 1170 3331 1213 ut
3368 1175 3493 1229 per-

1913 1252 2092 1306 veniat
2129 1254 2194 1306 ad
2235 1253 2412 1308 locum
2459 1269 2571 1308 suae
2617 1255 2861 1323 requiei;
2915 1263 2970 1309 et
3021 1268 3126 1308 non
3180 1249 3493 1322 praevalebit

1912 1346 2170 1399 adversus
2203 1359 2320 1400 eam
2350 1345 2616 1408 diabolus,
2647 1346 2837 1400 videns
2855 1346 3172 1399 altissimum
3201 1341 3484 1398 custodem

1914 1435 2059 1489 illam
2118 1436 2586 1501 circumdantem;
2630 1436 2835 1490 idcirco
2877 1433 3080 1489 homini
3123 1433 3198 1486 illi
3231 1431 3491 1486 accedere

1913 1524 2139 1596 prorsus
2191 1527 2363 1592 timet,
2416 1527 2484 1580 ob
2535 1540 2787 1596 magnam
2839 1525 2984 1578 illam
3025 1524 3305 1578 virtutem.
3337 1518 3491 1573 Nunc

1914 1631 2119 1682 autem,
2176 1618 2516 1674 dilectissimi
2573 1618 2677 1672 mei
2725 1619 2778 1672 in
2835 1617 3084 1678 Domino,
3135 1628 3269 1682 quos
3317 1609 3493 1678 diligit

1921 1714 2103 1767 anima
2129 1727 2245 1768 mea
2277 1714 2537 1782 novitque
2563 1727 2685 1766 esse
2717 1709 2812 1764 Dei
2849 1718 3140 1771 amatores,
3179 1711 3494 1773 comparate
3545 1710 3547 1712 ‘

1915 1803 2070 1858 vobis
2106 1803 2361 1857 virtutem
2410 1803 2571 1865 hanc,
2606 1811 2665 1855 ut
2712 1809 2946 1870 paveant
2976 1813 3072 1853 vos
3113 1798 3405 1858 daemones,
3439 1801 3495 1848 et

1915 1893 2195 1950 laboribus
2235 1909 2370 1962 quos
2413 1892 2694 1962 peragitis,
2739 1889 3012 1953 levemiui,
3047 1898 3101 1942 et
3131 1886 3309 1941 divina
3338 1884 3492 1939 vobis

1917 1985 2234 2040 dulcescunt
2266 2000 2282 2037 :
2313 1983 2578 2053 siquidem
2626 1981 2792 2037 divini
2849 1980 3052 2034 amoris
3099 1977 3324 2033 dulcedo
3371 1977 3494 2032 favo

1922 2079 2079 2148 longe
2106 2077 2316 2132 dulcior
2344 2087 2446 2131 est.
2491 2077 2637 2130 Multi
2664 2090 2793 2131 sane
2826 2090 2892 2130 ex
2927 2073 3207 2128 monachis
3240 2081 3295 2126 et
3319 2070 3491 2141 virgi-

1915 2169 2073 2224 nibus
2113 2170 2205 2238 qui
2249 2169 2299 2222 in
2333 2167 2840 2237 congregationibus
2871 2172 3015 2226 sunt,
3067 2177 3190 2219 cum
3231 2162 3372 2216 hanc
3418 2159 3496 2214 di-

1917 2259 2025 2312 vini
2060 2259 2263 2313 amoris
2291 2258 2628 2313 dulcedinem
2669 2259 2892 2312 minime
2927 2259 3302 2328 degustasseut
3325 2298 3340 2321 ,
3393 2267 3494 2309 nec

1917 2350 2156 2406 divinam
2189 2350 2556 2405 fortitudinem
2585 2359 2770 2405 essent
2794 2349 3093 2412 consecuti,
3113 2345 3492 2414 autumabant,

1914 2457 1974 2498 se
1994 2458 2112 2520 eam
2131 2443 2241 2511 jam
2297 2453 2484 2498 nactos
2512 2457 2653 2508 esse,
2685 2456 2848 2512 quam
2886 2450 3064 2494 tamen
3087 2439 3285 2493 lucrari
3317 2438 3492 2492 haud-

1917 2551 2185 2604 quaquam
2217 2545 2344 2591 suut
2371 2535 2552 2589 conati
2588 2551 2602 2588 :
2641 2534 2871 2604 ideoque
2892 2532 3114 2587 minime
3153 2546 3270 2585 eam
3297 2527 3494 2599 elargi-

1916 2635 2002 2680 tus
2035 2637 2119 2682 est
2153 2627 2262 2682 illis
2311 2628 2470 2682 Deus.
2518 2624 2770 2680 l‘rol'ecto
2813 2625 2956 2680 enim
2991 2624 3303 2692 quicunque
3345 2620 3491 2674 illam

1914 2717 2114 2774 lucrari
2142 2729 2394 2782 conatur,
2436 2732 2554 2771 eam
2586 2717 2946 2787 consequitur
2967 2714 3058 2770 Dei
3091 2713 3441 2768 concessione
3474 2726 3488 2762 :

1869 2832 1875 2839 τ
1913 2810 2349 2879 quandoquidem
2380 2823 2735 2878 personarum
2790 2823 2893 2862 non
2922 2816 3005 2861 est
3030 2813 3282 2873 acceptor
3309 2803 3489 2867 Deus;

1912 2915 2098 2954 verum
2131 2899 2384 2953 omnibus
2407 2899 2460 2952 in
2491 2898 2954 2968 generationibus,
2987 2896 3337 2967 generatione
3373 2901 3495 2963 post

1915 2992 2318 3065 generationem
2345 3031 2388 3068 ,.
2424 2990 2571 3044 illam
2636 2990 2892 3060 largitur
2927 2986 3276 3056 operantibus
3325 2997 3489 3052 opera

223 3083 354 3154 pulo
375 3083 559 3137 dicens
583 3084 726 3136 Deo:
759 3081 821 3138 Si
848 3082 1144 3151 deperderis
1165 3079 1408 3145 hos,dele
1435 3093 1621 3132 nomen
1639 3091 1807 3130 meum

1916 3087 2076 3140 illius.
2110 3083 2285 3148 Nunc,
2312 3082 2646 3138 dilectissimi
2683 3081 2784 3136 mei
2816 3081 2868 3134 itt
2903 3079 3140 3143 Christo,
3179 3078 3318 3132 bene
3354 3076 3492 3142 scio,

223 3173 292 3228 de
312 3174 444 3228 libro
468 3175 583 3229 vitae
600 3175 664 3228 “.
699 3173 976 3242 Ejusmodi
1011 3187 1228 3241 quoque
1247 3179 1331 3225 est
1361 3168 1672 3237 deprecatio
1693 3182 1808 3220 om-

226 3267 375 3322 nium
412 3275 744 3330 sanctorum,
773 3264 1113 3331 aliorumque
1143 3263 1234 3332 qui
1271 3263 1338 3316 ad
1373 3261 1515 3314 hunc
1547 3273 1808 3328 pervene-

225 3366 356 3413 runt
414 3356 732 3419 terminum,
785 3367 923 3422 quos
979 3351 1298 3405 nominatim
1357 3362 1649 3402 recensere
1697 3361 1804 3401 non

225 3451 421 3515 valeo;
463 3464 559 3502 vos
588 3462 720 3502 vero
753 3461 875 3500 cum
907 3442 1184 3512 sapientes
1218 3441 1362 3504 sitis,
1395 3454 1489 3493 eos
1534 3435 1809 3506 cognosci-

225 3522 466 3596 tis.lMea
497 3547 678 3593 autem
725 3533 1035 3604 deprecatio
1069 3541 1229 3586 noctu
1259 3529 1458 3598 diuque
1489 3536 1591 3590 est,
1625 3541 1683 3578 ut
1736 3523 1808 3577 sit

223 3638 279 3691 in
309 3634 463 3686 vobis
499 3629 813 3700 magnitudo
849 3625 1086 3694 Spiritus
1130 3624 1324 3693 hujus,
1359 3635 1519 3690 quem
1554 3633 1805 3687 suscepe-

222 3737 352 3780 runt
371 3723 548 3779 sancti
571 3734 779 3776 omnes.
813 3719 1099 3786 Equidem,
1138 3713 1283 3768 lilioli
1312 3713 1414 3768 mei
1443 3709 1802 3772 dilectissimi,

221 3826 509 3887 postquam
543 3809 827 3882 epistolam
867 3808 1006 3862 hanc
1049 3806 1418 3873 scripseram,
1462 3800 1668 3871 Spiritu
1711 3797 1804 3852 Dei

221 3917 404 3963 motus
432 3906 574 3969 sum,
608 3911 665 3957 ut
697 3901 989 3956 scriberem
1037 3899 1190 3953 vobis
1242 3897 1294 3950 in
1345 3895 1505 3964 hujus
1542 3893 1692 3947 calce
1736 3891 1801 3945 de

222 4000 430 4070 Spiritu
488 3999 593 4052 hoc
650 3998 838 4066 igneo,
870 4007 1032 4066 atque
1069 3998 1136 4049 de
1175 3992 1355 4048 divina
1401 3989 1686 4045 charitale.
1736 3986 1807 4040 At

222 4105 349 4144 cum
373 4101 574 4143 venero
611 4088 678 4142 ad
699 4102 792 4142 vos
821 4085 1028 4140 Domini
1052 4100 1175 4154 ope,
1201 4083 1302 4138 alia
1323 4098 1483 4152 quam
1505 4081 1660 4151 plura
1680 4089 1805 4135 n0Ia

220 4181 376 4236 vobis
404 4179 600 4235 faciam
629 4181 694 4235 de
725 4181 825 4234 hoc
857 4178 1086 4247 Spiritu,
1121 4186 1259 4230 utea
1289 4177 1471 4230 omnia
1499 4188 1804 4243 consequa-

221 4273 375 4328 tnini.
430 4270 915 4340 Quemadmodum
972 4283 1102 4323 vero
1157 4267 1388 4322 salutem
1440 4267 1596 4321 vobis
1650 4266 1805 4318 ini‘tio

218 4364 466 4435 epistola:
500 4365 662 4431 hujus
695 4378 814 4418 sum
847 4361 1184 4430 itnpertitus;
1219 4358 1476 4414 similiter
1501 4357 1625 4411 dico
1653 4354 1807 4410 vobis

1916 3194 2008 3232 vos
2031 3177 2196 3231 Deum
2223 3175 2482 3244 diligere;
2514 3189 2701 3228 verum
2729 3172 2982 3241 satagite,
3003 3178 3060 3223 ut
3086 3170 3136 3224 id
3170 3168 3242 3223 sit
3268 3183 3336 3223 ex
3361 3167 3489 3222 totis

1913 3269 2165 3330 cordibus
2198 3268 2434 3332 vestris;
2464 3267 2516 3320 in
2548 3280 2655 3334 quo
2689 3264 2904 3334 quidem
2940 3263 3147 3317 ltetatnr
3162 3275 3257 3316 cor
3285 3275 3486 3324 meum,

1913 3369 1970 3413 ut
2005 3359 2230 3412 valeatis
2259 3357 2508 3412 obtinere
2535 3357 2790 3410 virtutem
2821 3354 2936 3418 Dei,
2985 3363 3041 3408 et
3070 3352 3332 3420 reliquum
3365 3351 3490 3405 vita:

1913 3459 2104 3504 vestra:
2123 3465 2242 3503 cum
2267 3448 2463 3517 gaudio
2482 3457 2538 3502 et
2573 3447 2757 3502 laetitia
2787 3446 3105 3511 transigere,
3128 3455 3180 3499 ct
3201 3453 3262 3498 ut
3287 3443 3488 3497 leviora

1913 3542 2068 3596 vobis
2099 3541 2392 3595 reddantur
2421 3555 2586 3609 opera
2627 3539 2860 3598 Domini.
2898 3554 3020 3592 cum
3049 3538 3219 3591 virtus
3247 3551 3366 3605 qute
3396 3535 3494 3587 ho-

1921 3631 2052 3684 mini
2091 3630 2288 3695 datttr,
2332 3645 2394 3684 ea
2437 3630 2548 3698 ipsa
2585 3631 2655 3684 sit
2694 3645 2815 3699 qua:
2850 3629 2994 3682 illmn
3035 3628 3220 3696 dirigit
3262 3627 3328 3679 ad
3371 3625 3488 3678 loca

1913 3723 2155 3792 requiei,
2210 3721 2471 3791 illumque
2511 3721 2751 3776 custodit
2813 3735 3094 3791 quousque
3151 3722 3492 3788 pertranseat

1911 3827 2104 3866 omnes
2139 3827 2330 3866 aereas
2363 3813 2621 3876 virtutes,
2685 3811 2826 3865 sicut
2855 3810 2932 3864 ait
2961 3809 3208 3863 Psatmus
3237 3823 3250 3858 :
3292 3805 3491 3860 Beatus

1910 3905 2010 3970 uir,
2035 3921 2122 3973 qut
2151 3903 2369 3972 complet
2391 3904 2706 3958 desiderium
2735 3918 2888 3956 suum
2910 3916 2974 3955 ea:
3008 3903 3134 3970 ipsis
3157 3914 3176 3964 ,'
3207 3912 3330 3962 tunc
3353 3896 3491 3950 enim

1911 4010 2014 4047 non
2044 3993 2420 4063 confundetur,
2461 4011 2579 4047 cum
2627 3993 2926 4064 alloquetur
2975 3993 3218 4046 inimicos
3257 4006 3378 4043 suos
3417 3988 3489 4042 'in

1906 4092 2074 4158 portis
2094 4089 2162 4146 ⁸³.
2193 4089 2400 4144 Scitote
2434 4088 2638 4156 itaque,
2674 4085 2821 4140 lilioli
2858 4086 2982 4150 mei,
3007 4084 3148 4155 quod
3172 4085 3298 4136 dum
3327 4082 3490 4136 habet

1911 4181 2078 4235 homo
2110 4180 2289 4234 lumen
2313 4178 2405 4234 Dei
2425 4179 2791 4245 virtutemque
2811 4178 2948 4245 ejus,
2977 4174 3263 4244 opprobria
3303 4171 3486 4226 mundi

1920 4271 2078 4339 hujus
2111 4271 2415 4326 contemnit
2458 4279 2620 4337 atque
2647 4269 2810 4321 etiam
2843 4269 3078 4323 honores
3113 4266 3253 4335 ejus,
3287 4273 3342 4319 et
3366 4264 3492 4317 odio

1912 4363 2075 4418 habet
2105 4361 2289 4416 omnia
2323 4377 2444 4432 quae
2489 4373 2616 4417 sunt
2666 4362 2718 4416 in
2757 4362 2859 4415 hoc
2887 4359 3108 4424 mundo,
3141 4367 3196 4412 et
3243 4356 3491 4424 corporis

217 4455 450 4511 εδιυωηι
483 4455 537 4508 in
575 4452 842 4508 οιιίηίιθιθ
875 4450 1086 4506 Domi!“
1131 4451 1182 4504 ίιι
1228 4449 1334 4503 “ne
1359 4448 1503 4503 ίιιίυδ
1525 4463 1618 4517 Per
1654 4447 1798 4501 hunc
1833 4457 1878 4512 D
1908 4455 2151 4523 requiem
2175 4495 2191 4520 ,
2237 4455 2603 4526 emundatque
2629 4469 2723 4510 cor
2753 4468 2907 4508 suum
2949 4451 3015 4506 ab
3044 4449 3296 4504 omnibus
3333 4447 3490 4502 malis

218 4546 488 4616 Spiritum
536 4545 778 4616 igneum,
829 4558 991 4614 quem
1061 4543 1400 4612 suscepimus
1446 4557 1545 4610 ego
1597 4551 1652 4594 et
1705 4555 1803 4596 vos

219 4638 397 4710 gratia
438 4639 672 4693 Domini.
716 4637 866 4708 Rogo
906 4638 1122 4692 demum
1180 4651 1308 4700 vos,
1366 4644 1424 4689 ut
1485 4634 1805 4704 relinquatis

217 4740 455 4786 vestram
488 4729 794 4784 sensualem
829 4727 1159 4784 voluntatem
1181 4767 1197 4791 ,
1238 4736 1294 4781 et
1331 4725 1500 4798 quieti
1552 4725 1805 4781 omnibus

218 4822 396 4877 modis
435 4822 785 4885 iucumhatis,
818 4829 877 4875 ut
910 4819 1216 4875 inhabiteut
1259 4819 1400 4888 apud
1445 4833 1544 4875 vos
1575 4817 1804 4873 excelsa:

215 4917 448 4970 virtutes
485 4913 644 4981 hujus
676 4913 913 4982 Spiritus
969 4913 1141 4966 sancti
1185 4910 1386 4978 alliatu,
1441 4927 1600 4982 Opem
1648 4910 1802 4966 vobis

217 5005 458 5059 ferentes
504 5006 571 5057 ad
617 5003 954 5074 operandam
1007 5001 1160 5071 juxta
1223 5002 1554 5056 voluntatem
1600 5012 1803 5055 sanctae

227 5097 529 5162 Trinitatis,
567 5097 762 5162 Patris,
799 5107 854 5152 et
883 5095 1029 5162 Filii,
1066 5107 1118 5152 et
1157 5095 1397 5166 Spiritus
1445 5096 1620 5150 sancti
1658 5111 1670 5146 :
1713 5093 1798 5150 cui

220 5194 334 5247 laus
366 5206 584 5262 semper
618 5193 669 5246 in
702 5204 982 5247 aeternum.

787 5281 1116 5338 EPISTOLA
1141 5281 1230 5337 IX.

222 5349 379 5407 Filiis
401 5355 509 5405 suis
527 5353 826 5406 monachis:
847 5366 1018 5407 notam
1038 5355 1110 5407 eis
1131 5354 1260 5420 facit
1277 5369 1573 5406 mensuram
1594 5351 1802 5405 virtutis

292 5423 389 5476 Dei
416 5423 472 5477 in
503 5426 721 5477 sanctis.
743 5423 1004 5475 Hortatur
1036 5440 1122 5476 eos
1136 5433 1392 5491 prwterea
1419 5425 1486 5474 ad
1520 5422 1666 5474 illam
1686 5437 1804 5474 con-

287 5496 624 5563 sequendam,
639 5506 690 5546 ut
709 5495 975 5547 obtineant
995 5510 1207 5562 regnum
1224 5497 1614 5562 sempiternum.
1635 5491 1800 5546 Dixit:

293 5583 642 5640 Dilectissimi
675 5585 726 5639 in
756 5584 1007 5649 Domino,
1055 5584 1101 5639 si
1142 5584 1304 5639 homo
1349 5583 1519 5640 Deum
1547 5584 1799 5640 dilexerit

297 5743 340 5776 ⁸³
375 5744 545 5800 Exod.
572 5760 745 5814 χχιιι,
785 5744 873 5800 5‘2.
952 5745 996 5776 ⁸³
1021 5743 1162 5801 Psal.
1197 5761 1378 5809 cxxvt,
1413 5745 1467 5808 5,

1908 4543 2370 4614 cogitationibus;
2425 4553 2536 4598 tum
2578 4542 2841 4613 jejunium
2896 4541 3055 4595 oll‘ert
3111 4549 3166 4594 et
3221 4539 3491 4609 laerymas

1909 4644 2071 4690 noctu
2108 4635 2344 4703 diuque,
2396 4649 2497 4690 nec
2531 4649 2638 4691 non
2680 4649 2846 4704 puras
2895 4647 3082 4703 preces
3114 4646 3128 4684 :
3185 4645 3352 4701 quare
3384 4631 3492 4684 lar-

1907 4729 2085 4799 gietur
2117 4727 2365 4787 ei.Deus
2397 4728 2656 4782 virtutem
2705 4726 2886 4781 illam.
2927 4725 3150 4794 Itaque,
3192 4723 3341 4777 lilioli
3385 4725 3488 4776 mei

1911 4823 2211 4887 benedicti,
2264 4823 2408 4876 hanc
2452 4821 2703 4877 obtinere
2747 4819 3004 4874 virtutem
3051 4817 3320 4887 satagite,
3379 4832 3485 4885 qua

1911 4917 2184 4970 mediante
2204 4914 2562 4984 operabitnini
2579 4913 2759 4968 omnia
2779 4927 2944 4983 Opera
2964 4920 3145 4966 vestra
3164 4926 3288 4965 cum
3305 4911 3490 4978 requie.

1908 5017 1964 5062 ct
2008 5007 2296 5071 levamine,
2333 5021 2693 5077 magnamque
2733 5004 3120 5060 nanciscemini
3163 5019 3349 5059 coram
3385 5004 3475 5056 Da-

1913 5099 2058 5154 mino
2107 5099 2392 5167 ﬁduciam,
2435 5107 2490 5154 et
2543 5097 2784 5168 implebit
2824 5099 2982 5154 vobis
3033 5112 3226 5152 omnes
3281 5103 3492 5149 vesulus

1909 5193 2217 5263 petitiones.
2270 5191 2536 5246 Prteterea
2594 5193 2792 5248 scitote
2843 5193 2987 5262 quod
3047 5190 3201 5259 plura
3247 5188 3485 5243 scribere

1910 5285 2062 5339 vobis
2094 5284 2259 5340 verba
2290 5285 2641 5340 decreveram
2670 5285 2740 5340 ob
2764 5300 2938 5339 meam
2978 5299 3108 5354 erga
3141 5298 3239 5336 vos
3257 5281 3490 5336 charita-

1911 5394 2042 5452 tem,
2078 5401 2266 5441 verum
2300 5387 2452 5442 brevi
2478 5390 2577 5441 hac
2606 5387 2841 5456 epitome
2862 5394 3149 5442 contentus
3174 5384 3270 5439 lui.
3303 5383 3486 5438 Domi-

1911 5500 2036 5540 num
2091 5496 2270 5543 autem
2323 5487 2584 5557 deprecor
2624 5483 2810 5542 Jesum
2871 5483 3194 5550 Christum,
3247 5491 3306 5537 ut
3354 5496 3482 5536 eam

1909 5589 2206 5646 constituat
2243 5591 2296 5646 in
2338 5601 2569 5648 vestram
2617 5588 2845 5646 salutem
2886 5596 2942 5645 et
2985 5586 3263 5658 gaudium.
3313 5584 3484 5654 Quem
