3868 6282
184 383 324 445 ιδεδ

1177 383 1232 436 S.
1278 378 1558 434 ANTUNH
1599 378 1668 434 Μ.
1712 377 2004 433 ABBATIS
2040 376 2424 433 EPISTOLIE.

3294 373 3436 430 {0‘36

167 498 494 578 sequmniui.
528 506 658 560 cum
687 508 896 567 autem,
928 504 1075 558 ﬁlioli
1113 504 1254 568 mei,
1290 503 1423 557 mihi
1461 502 1586 556 iacti
1628 501 1747 555 silis
1777 506 1822 567 Α
1853 499 2240 568 sempiternum
2268 512 2298 550 a
2323 498 2434 550 Deo
2459 506 2663 560 nostro,
2698 503 2752 548 et
2775 501 3034 561 augeatur
3060 491 3228 560 gloria
3257 502 3434 546 vestra

165 595 516 653 dileclissiitli
541 635 556 661 ,
585 604 639 649 et
668 594 762 647 ﬁlii
795 594 973 661 regni,
1008 608 1105 661 pro
1148 593 1302 646 vobis
1335 592 1450 646 sine
1479 591 1752 645 intermis~

167 691 326 743 sione
377 689 662 754 deprecor,
708 695 765 737 ut
803 686 1098 754 elargiatur
1144 685 1295 738 vobis
1336 684 1476 737 Deus
1526 683 1750 751 gratiam

170 779 493 849 providendi
541 787 598 831 et
645 778 982 831 discernendi
1032 775 1210 829 omnia
1240 816 1255 840 ,
1303 784 1361 827 nt
1410 774 1753 843 distinguatis

134 867 313 934 :inter
365 870 565 922 bonum
610 878 665 922 et
719 868 936 921 malum.
991 865 1202 920 Etenim
1263 864 1524 931 scriptum
1575 874 1657 917 est
1701 865 1750 916 in

169 963 341 1017 Paulo
387 960 654 1031 apostolo,
705 960 851 1030 quod
891 975 1006 1012 esca
1041 957 1563 1027 fortis-perfectorum
1589 968 1660 1009 est
1685 957 1759 1010 "3

167 1058 235 1110 lli
264 1066 446 1109 autem
492 1063 656 1116 sunt,
703 1054 791 1120 qui
828 1058 954 1105 suos
996 1041 1290 1104 erexerunt
1321 1065 1513 1104 sensus
1548 1065 1610 1102 ac
1655 1063 1751 1101 sua

165 1145 448 1214 proposita
477 1144 640 1197 nimia
672 1141 1022 1210 inquisitione
1045 1141 1187 1193 circa
1217 1143 1411 1193 bonum
1435 1148 1489 1192 et
1515 1139 1711 1192 malum
1736 1152 1750 1200 ;

169 1248 228 1290 et
258 1245 540 1306 propterea
578 1235 668 1288 ﬁlii
707 1233 857 1301 regni
888 1232 1014 1286 facti
1048 1241 1190 1296 sunt,
1219 1243 1274 1285 et
1305 1232 1500 1284 divina
1529 1229 1751 1298 ascripti

173 1328 465 1381 liliationi:
516 1328 718 1380 idcirco
767 1326 906 1377 hanc
949 1324 1053 1377 illis
1086 1324 1272 1376 tribuit
1315 1321 1657 1391 prudentiam
1701 1329 1755 1372 ct

174 1417 559 1471 discretionem
611 1415 664 1467 in
714 1413 968 1467 omnibus
1003 1428 1190 1466 eorum
1238 1412 1525 1480 operibus,
1563 1426 1630 1464 ne
1664 1425 1751 1463 se-

175 1508 342 1562 ducat
372 1521 466 1561 eos
492 1507 604 1559 sive
633 1505 798 1561 homo
821 1505 938 1558 sive
966 1504 1228 1558 diabolus.
1259 1501 1548 1557 Sciendum
1572 1503 1755 1570 itaque

175 1598 335 1651 vobis
374 1605 454 1651 est
503 1598 710 1650 hostem
748 1595 1017 1650 vlidelibus
1075 1594 1347 1668 adversari
1397 1594 1517 1647 boni
1551 1594 1751 1662 specie,

176 1688 465 1755 pluresque
505 1685 787 1754 decipere,
816 1698 880 1738 eo
900 1683 1040 1752 quod
1082 1683 1303 1736 minime
1344 1681 1451 1734 illis
1497 1695 1753 1735 concessa

168 1788 264 1831 Vest
302 1776 585 1845 prudentia
611 1785 664 1827 et
708 1774 983 1828 discretio.
1018 1771 1153 1826 lline
1179 1812 1192 1835 ,
1228 1788 1348 1825 cum
1390 1773 1486 1825 has
1521 1771 1759 1824 novisset

1859 591 1915 645 in
1951 591 2200 644 omnibus
2225 628 2241 652 ,
2269 598 2324 642 et
2371 589 2460 642 det
2491 587 2643 641 vobis
2677 587 2778 640 alia
2821 585 3088 654 permulta
3137 600 3255 652 quae
3298 601 3438 638 nun--

1858 697 2018 752 quam
2074 681 2422 748 cognovistis.
2477 678 2586 748 Ego
2635 687 2813 732 autem
2869 676 3028 731 Pater
3077 685 3250 730 vester
3307 691 3440 744 rogo

1857 774 2020 828 etiam
2049 787 2145 840 pro
2178 773 2347 835 vobis,
2377 780 2435 824 ut
2468 772 2532 823 ad
2571 773 2711 823 hanc
2745 783 3056 823 mensuram
3084 783 3203 836 qua:
3235 777 3317 821 est
3344 784 3438 820 no-

1859 865 1962 926 bis,
1995 864 2346 932 perveniatis;
2380 862 2589 914 Etenim
2627 861 2778 914 multi
2821 860 3290 914 monachornmet
3329 859 3439 909 vir-

1858 953 2040 1022 gitmm
2073 953 2161 1021 qui
2198 962 2324 1005 situt
2371 953 2420 1004 in
2452 950 2997 1019 congregationibus,
3046 951 3184 1002 hanc
3224 964 3439 1000 mensu-

1859 1059 1976 1098 ram
2019 1059 2124 1098 non
2153 1044 2474 1114 attigerunt.
2514 1041 2621 1096 Vos
2666 1050 2845 1096 autem
2885 1041 2929 1095 si
2965 1042 3104 1094 hanc
3133 1054 3438 1094 mensuram

1859 1137 2124 1205 attingere
2173 1135 2401 1204 cupitis,
2437 1150 2556 1204 quae
2605 1146 2689 1189 est
2730 1133 3029 1204 perfectio,
3085 1132 3321 1187 recedite
3371 1132 3440 1182 ab

1859 1227 2112 1280 omnibus
2155 1226 2219 1279 iis
2249 1227 2337 1295 qui
2386 1225 2690 1293 hujusmodi
2745 1226 2946 1281 habent
3004 1241 3218 1289 nomen,
3251 1241 3441 1279 monar

1861 1321 2053 1373 chains
2082 1319 2331 1374 videlicet
2362 1330 2417 1372 et
2440 1318 2791 1387 virginitatis,
2826 1333 2924 1371 nec
2955 1318 3224 1386 reperitur
3257 1317 3308 1368 in
3339 1315 3444 1368 illis

1862 1410 1976 1463 hac
2005 1411 2340 1479 providentia
2371 1418 2424 1463 et
2449 1410 2737 1474 discretio;
2780 1425 2901 1461 nam
2934 1409 2975 1462 si
3008 1424 3132 1461 eum
3166 1407 3270 1460 illis
3297 1422 3444 1460 com-

1862 1504 2286 1567 municaveritis,
2351 1505 2615 1572 proiicere
2676 1518 2769 1555 vos
2807 1517 2912 1554 non
2957 1502 3301 1571 permittent,
3338 1500 3448 1552 imo

1861 1596 2206 1662 exstinguent
2245 1594 2479 1647 calorem
2535 1609 2600 1646 ex
2638 1594 2795 1647 vobis
2821 1633 2835 1656 ,
2871 1608 2992 1646 cum
3034 1593 3086 1644 in
3131 1591 3234 1644 illis
3267 1593 3446 1642 nullus

1863 1695 2038 1740 exstet
2066 1687 2233 1748 calor,
2267 1687 2362 1740 sed
2395 1685 2567 1753 algor,
2604 1685 2943 1738 ambulantes
2990 1684 3284 1737 secundum
3319 1699 3448 1734 suos

1865 1776 2190 1830 voluntates.
2225 1776 2282 1830 Si
2311 1792 2440 1844 ergo
2465 1777 2798 1829 venerintad
2822 1791 2938 1839 vos,
2977 1786 3028 1829 et
3053 1775 3213 1828 locuti
3249 1774 3449 1826 lucrmt

179 1873 372 1923 heatns
398 1867 602 1922 Paulus
625 1867 842 1921 divitias
872 1880 990 1935 quae
1019 1873 1179 1920 erunt
1219 1863 1500 1926 ﬁdelibus,
1531 1877 1756 1930 quarum
1795 1869 1832 1921 Β
1866 1869 2140 1922 vobiscum
2178 1870 2341 1922 verba
2396 1868 2554 1936 hujus
2591 1868 2770 1921 51mm“
2819 1877 2874 1920 ει
2921 1883 3040 1935 qua,
3091 1881 3277 1918 υοηηη
3319 1883 3447 1918 cum-

180 1961 569 2030 magnitudinis
619 1974 725 2014 non
769 1969 853 2013 est
909 1958 1172 2013 terminus
1200 1995 1217 2020 ,
1255 1956 1470 2024 scripsit
1512 1953 1770 2021 Ephesiis-

181 2055 297 2122 (qui
331 2055 479 2107 liberi
511 2054 558 2106 ei
606 2053 732 2106 facti
775 2061 925 2106 erant
957 2093 969 2112 ,
1001 2061 1057 2104 et
1106 2049 1200 2102 tilii
1243 2048 1411 2118 regni)
1437 2049 1505 2100 ob
1539 2049 1758 2100 nimiam

177 2146 328 2198 illius
355 2160 482 2214 erga
520 2158 614 2198 eos
641 2145 962 2198 charltatem
993 2143 1200 2194 licens:
1237 2138 1506 2194 ("idolibus
1546 2139 1758 2201 sanctis,

179 2239 273 2308 qui
319 2247 441 2291 sunt
487 2236 699 2304 Ephesi.
753 2233 837 2287 Es:
882 2250 983 2301 quo
1018 2233 1193 2285 audivi
1239 2233 1393 2298 [idem
1444 2239 1663 2283 vestram
1709 2232 1761 2281 in

184 2329 466 2383 Dominum
509 2337 744 2380 nostrum
790 2325 972 2379 Iesum
1018 2324 1319 2385 Christum,
1352 2334 1398 2375 et
1431 2323 1761 2375 dilectionem

181 2430 558 2488 vestram-erga
603 2435 778 2471 omnes
811 2429 1020 2470 sanctos
1041 2457 1054 2480 ,
1087 2432 1186 2468 non
1211 2431 1354 2468 cesso
1383 2416 1580 2484 gratias
1611 2429 1774 2482 agere-

181 2527 280 2580 pro
319 2511 479 2577 vobis,
506 2521 554 2562 et
583 2509 854 2563 recordari
888 2507 1048 2562 vestri
1079 2509 1132 2560 in
1166 2506 1489 2560 orationibus
1528 2508 1672 2570 meis,
1708 2513 1762 2558 ut

187 2602 356 2656 Pater
388 2601 600 2655 Domini
647 2603 814 2654 nostri
856 2599 986 2652 Jesu
1018 2598 1233 2663 Christi,
1264 2597 1425 2651 Pater
1451 2597 1651 2666 gloriae.
1678 2599 1762 2650 det

184 2693 332 2747 vobis
369 2693 609 2759 spiritum
655 2692 926 2757 sapientia:
962 2700 1011 2744 et
1049 2691 1404 2759 intelligentirv
1429 2730 1443 2753 ,
1482 2701 1532 2742 ut
1567 2690 1765 2742 illumi-

185 2795 378 2836 nentur
403 2783 542 2836 oculi
573 2784 812 2835 cordium
840 2788 1129 2835 vestrorum
1155 2822 1170 2845 ,
1200 2793 1242 2836 et
1275 2783 1454 2834 sciatis
1496 2782 1765 2852 quiddita-

187 2884 292 2926 tem
323 2872 434 2943 (i9)
473 2875 580 2941 spei
611 2884 794 2927 vestra:
827 2875 1114 2927 vocationis
1139 2915 1153 2938 ,
1202 2883 1248 2926 et
1278 2875 1625 2942 quidditatem
1649 2877 1734 2943 glo

187 2967 284 3020 ria!
321 2966 623 3018 divitiarum
670 2966 994 3018 Ittereditatis
1034 2965 1147 3035 ejus
1181 2967 1233 3018 in
1263 2966 1457 3019 sanctis
1489 2965 1554 3018 ⁸⁸.
1601 2965 1669 3019 Ει
1694 2968 1779 3019 ait'

187 3060 354 3111 etiam
381 3099 396 3112 .
419 3055 684 3125 Equidem
710 3059 860 3127 [lecto
880 3051 1049 3128 genua
1079 3060 1308 3111 adorans
1348 3058 1583 3122 Patrem,
1606 3075 1637 3112 a
1663 3075 1766 3128 quo

189 3150 560 3202 denominatur
579 3150 746 3202 omnis
779 3149 1088 3216 paternitas,
1133 3159 1240 3200 tam
1271 3149 1334 3201 ‘in
1364 3149 1489 3200 calo
1527 3165 1683 3217 quam
1713 3152 1767 3201 in

189 3253 368 3304 terra,
413 3251 465 3293 ut
516 3240 766 3292 concedat
802 3239 943 3293 vobis
1000 3240 1286 3292 secundum
1333 3240 1543 3293 divitias
1585 3240 1767 3308 gloriw

186 3351 323 3401 aute,
355 3346 409 3387 ut
444 3334 784 3400 eun/irmctur
810 3333 940 3401 fides
961 3341 1166 3394 vestra,
1198 3341 1246 3384 et
1280 3333 1573 3385 corroboret
1608 3333 1767 3384 auxi-

189 3425 322 3476 lium
350 3422 579 3491 Spiritus
612 3425 694 3475 sui
745 3425 800 3476 in
838 3423 1010 3484 vobis,
1059 3430 1114 3474 ut
1145 3421 1397 3474 inhabitet
1445 3421 1682 3476 Christus
1716 3424 1782 3474 in'

189 3517 401 3569 herniae
427 3529 588 3569 vestro
619 3516 824 3568 interno
853 3530 944 3580 per
963 3501 1140 3578 ﬁdem,
1171 3525 1217 3566 et
1252 3515 1308 3565 in
1327 3513 1569 3566 cordibus
1592 3515 1770 3566 vestris

190 3623 287 3677 per
308 3607 634 3661 dilectionem
657 3646 672 3668 ,
703 3605 913 3673 ﬁrmam
940 3606 1184 3658 habentes
1229 3604 1459 3657 radicem
1489 3615 1538 3658 et
1571 3604 1772 3673 funda-

193 3711 429 3753 mentum
456 3708 700 3758 restrum,
731 3708 785 3750 ut
812 3695 1026 3766 possitis
1055 3689 1482 3763 comprehendere
1508 3712 1626 3748 cum
1661 3712 1770 3748 om-

193 3791 350 3843 nibus
401 3791 596 3843 sanctis
621 3790 888 3858 quidnam
924 3788 990 3840 sit
1030 3785 1280 3850 latitudo,
1311 3795 1356 3839 et
1386 3786 1656 3854 longitudo
1677 3823 1691 3848 ,
1724 3793 1774 3838 et

194 3881 446 3946 altitudo,
473 3888 522 3932 et
551 3879 886 3948 profunditas
910 3877 976 3934 ".

269 3972 590 4026 lntueamini
619 3973 823 4040 itaque,
851 3970 996 4024 ﬁlioli
1024 3971 1150 4032 mei,
1184 3973 1329 4026 hunc
1357 3987 1606 4039 magnum
1635 3971 1775 4039 Apo—

195 4063 395 4121 stolum
419 4103 434 4127 ,
480 4064 569 4132 qui
601 4079 724 4117 cum
756 4063 1098 4132 cognovisset
1127 4063 1548 4132 magnitudinem
1584 4063 1792 4118 harum‘

197 4156 534 4221 divitiarum,
559 4170 695 4224 quas
716 4155 1036 4222 ignorabant
1060 4155 1134 4206 illi
1161 4156 1251 4221 qni
1283 4155 1333 4207 in
1367 4154 1503 4208 ﬁlios
1526 4155 1573 4208 ei
1599 4161 1659 4210 se
1684 4157 1779 4208 ad-

199 4257 618 4305 numeraverant
644 4262 739 4316 per
765 4248 968 4300 aditum
997 4246 1060 4300 ad
1090 4247 1276 4308 ﬁdem,
1303 4249 1510 4316 rogavit
1529 4262 1628 4316 pro
1652 4247 1777 4316 illis,

198 4351 262 4396 ut
301 4341 490 4394 harum
536 4339 845 4394 divitiarum
885 4338 1273 4405 magnitudinis
1318 4348 1780 4406 consequerentur

199 4433 564 4504 cognitionem
603 4445 760 4499 quam
793 4431 904 4499 ipse
938 4437 1161 4484 noverat
1182 4469 1196 4492 ,
1223 4444 1343 4498 qua:
1385 4439 1469 4483 est
1499 4443 1624 4482 vera
1652 4443 1779 4497 pro-

1864 1969 2067 2027 grmmt
2100 1959 2489 2024 voluntatibus,
2529 1960 2694 2012 nolite
2727 1959 2832 2012 illis
2865 1959 3142 2012 assentiri.
3172 1958 3446 2026 Scriptum

1862 2053 2007 2106 enim
2043 2062 2127 2106 est
2154 2053 2208 2105 in
2243 2052 2414 2106 Paulo
2470 2052 2755 2122 apostolo:
2789 2050 2910 2115 Non
2950 2051 3293 2120 exstinguatis
3324 2049 3448 2117 Spi-

1863 2144 2044 2207 ritum,
2077 2161 2168 2196 nee
2195 2145 2545 2197 contemnatis
2581 2146 2880 2211 proiihetias
2902 2145 2970 2196 ⁷ο.
3005 2141 3212 2195 Scitote
3241 2150 3446 2205 autem,

1864 2234 2013 2288 ﬁlioli
2053 2235 2179 2299 mei,
2212 2235 2356 2304 quod
2385 2235 2622 2304 Spiritus
2651 2250 2757 2287 non
2784 2234 3145 2303 exstinguitur
3174 2247 3243 2286 ex
3273 2231 3448 2291 nobis,

1864 2325 1968 2378 nisi
2009 2325 2188 2379 verbis
2217 2325 2470 2378 inanibus
2521 2323 2751 2392 aliisque
2777 2322 3162 2395 hujuscemodi
3193 2321 3450 2390 operibus

1864 2418 2166 2486 permultis,
2195 2432 2314 2486 qua:
2335 2418 2548 2488 singula
2578 2419 2820 2472 scribere
2851 2434 2958 2472 non
2987 2417 3159 2471 valeo.
3189 2416 3324 2470 Cum
3355 2429 3451 2467 au-

1869 2520 1972 2564 tem
2019 2511 2136 2564 illos
2168 2504 2448 2582 t‘ugeritis,
2482 2527 2576 2566 eos
2619 2521 2980 2565 "contemnere
3032 2511 3230 2576 nolite;
3264 2523 3450 2562 verum

1869 2602 1972 2656 illis
2009 2603 2349 2668 benefacite,
2389 2619 2494 2656 non
2534 2613 2714 2656 tamen
2742 2618 2864 2656 eum
2907 2602 3012 2656 illis
3043 2601 3453 2655 communican-

1870 2701 1968 2757 tes,
2014 2706 2081 2745 ne
2111 2707 2207 2747 vos
2241 2693 2585 2746 retrocedere
2618 2692 2843 2746 faciant.
2891 2691 2948 2744 Et
2985 2705 3086 2749 pax
3115 2690 3324 2742 Domini
3359 2705 3456 2742 no-
3515 2739 3518 2741 Α

1867 2784 1965 2836 stri
1998 2783 2069 2836 sit
2102 2797 2226 2836 cum
2257 2782 2541 2850 spiritibus
2577 2783 2773 2836 vestris
2812 2781 3109 2835 mansuetis
3130 2821 3144 2843 ,
3172 2781 3316 2834 lilioli
3350 2779 3455 2832 mei

1871 2872 2236 2927 dilectissimi.
2264 2872 2364 2926 Coi
2400 2872 2518 2926 laus
2544 2882 2598 2926 et
2628 2873 2801 2926 honor
2823 2873 2892 2927 ab
2914 2875 3166 2930 omnbus
3191 2872 3458 2926 creaturis

1871 2965 1922 3019 in
1953 2973 2237 3019 aeternum.
2263 2964 2459 3018 Amen.

2422 3069 2758 3127 EPISTOLA
2809 3071 2922 3126 XII.

1875 3165 1946 3218 De
1993 3166 2267 3219 charitate.
2317 3165 2472 3232 Cupit
2507 3175 2762 3233 prazterea
2807 3181 2894 3218 eos
2943 3164 3140 3225 videre,
3185 3175 3240 3215 ut
3296 3163 3454 3217 simul

2095 3251 2271 3290 omnes
2302 3237 2662 3289 consolatione
2687 3235 3025 3303 participem.
3055 3235 3201 3287 Dixit
3222 3249 3240 3286 :

1945 3329 2174 3392 Scitote,
2210 3329 2548 3383 dilectissimi
2589 3329 2692 3380 mci
2735 3329 2787 3381 in
2833 3327 3084 3391 Domino,
3111 3327 3254 3397 quod
3281 3325 3462 3380 chari-

1877 3430 1958 3475 tas
1993 3418 2198 3474 Domini
2233 3430 2497 3490 perpetuo
2529 3430 2737 3474 mentes
2765 3429 2983 3473 nostras
3023 3420 3233 3485 invisit,
3281 3420 3461 3474 omni-

1877 3514 2088 3579 busque
2125 3512 2446 3579 opitulatur,
2479 3512 2571 3579 qui
2605 3511 2786 3565 cordis
2820 3513 2901 3564 sui
2933 3513 3287 3581 cogitationes
3318 3527 3460 3582 pra-—

1877 3615 2137 3673 pararunt
2190 3603 2254 3656 ad
2336 3603 2764 3656 recordationem
2827 3602 3081 3658 Ecclesiae
3142 3605 3466 3674 primogeni-

1878 3703 2052 3748 torum
2080 3694 2124 3723 '”
2153 3705 2315 3747 noctu
2367 3693 2590 3760 diuque,
2619 3708 2721 3747 nec
2759 3695 2825 3747 ad
2871 3694 2972 3747 alia
3015 3709 3108 3750 eas
3153 3698 3462 3752 admovent.

1876 3788 2337 3853 Quemadmodum
2368 3795 2551 3842 autem
2589 3788 2778 3841 horum
2812 3793 3114 3844 recordatio
3141 3805 3354 3860 semper
3381 3803 3465 3847 est

1877 3877 1968 3931 Dei
2007 3878 2260 3948 Spiritus,
2289 3878 2404 3948 ipse
2433 3878 2771 3947 potissimum
2796 3895 2892 3948 pro
2920 3881 3022 3935 illis
3063 3893 3234 3950 rogat,
3267 3883 3468 3954 quippe

1877 3972 1970 4040 qui
2007 3973 2136 4025 tacti
2167 3975 2294 4026 Suttl
2345 3973 2393 4026 ei
2450 3971 2568 4035 ﬁlii,
2605 3985 2805 4041 eosque
2853 3975 2903 4026 in
2954 3975 3060 4027 Deo
3098 3976 3302 4042 genuit.
3338 3976 3461 4030 Pari

1878 4066 2091 4136 Quidem
2117 4066 2325 4121 ratione
2352 4080 2455 4119 non
2478 4081 2632 4120 cesso
2661 4065 2824 4119 vestri
2855 4067 3127 4120 recordari
3154 4068 3244 4120 diu
3271 4078 3462 4122 noctu.

1879 4172 1985 4228 que
2018 4157 2069 4210 in
2112 4157 2453 4211 orationibus
2490 4157 2646 4222 meis,
2689 4164 2745 4208 ut
2781 4156 2932 4208 ﬁrma
2975 4157 3044 4210 sit
3091 4157 3222 4211 ﬁdes
3260 4173 3462 4224 vestra,

1880 4261 1935 4304 et
1969 4251 2231 4302 virtutum
2283 4249 2539 4316 operibus
2577 4248 2906 4316 augeamini,
2941 4262 3104 4317 azque
3139 4262 3192 4304 ut
3227 4253 3468 4305 stabiliat

1881 4340 2145 4396 Dominus
2181 4349 2366 4393 noster
2398 4349 2634 4392 vestram
2675 4341 3066 4406 providentiam
3101 4351 3153 4393 et
3183 4331 3467 4396 diserctio-

1883 4449 2032 4498 nem,
2080 4441 2136 4486 et
2188 4445 2460 4499 magnam
2491 4429 2696 4483 tribuat
2737 4429 2891 4484 vobis
2941 4431 3311 4486 fortitudinem
3349 4435 3468 4504 plus

206 4524 478 4590 videntia,
518 4538 639 4592 qua:
673 4532 756 4576 est
795 4522 1079 4585 discretio,
1121 4537 1226 4590 qua
1269 4520 1443 4590 majus
1477 4529 1559 4576 est
1594 4521 1645 4574 in
1679 4508 1782 4576 ﬁde
1818 4552 1857 4605 ι)
1887 4542 2046 4596 quam
2077 4524 2287 4595 praediti
2319 4523 2470 4578 estis.
2506 4522 2630 4577 llam
2664 4525 2882 4592 quidem
2915 4534 3001 4578 est
3031 4540 3148 4578 inea
3189 4541 3288 4595 pro
3316 4529 3470 4585 vobis

200 4616 510 4673 Christiana
552 4614 706 4668 nihil.
743 4612 856 4668 Hoc
896 4621 1075 4666 autem
1116 4620 1333 4682 propter
1367 4613 1793 4684 ingentem'ejus'

201 4707 528 4762 charitatem
553 4720 679 4774 erga
718 4705 871 4769 illos;
898 4704 1074 4759 sciens
1103 4705 1246 4757 enim
1270 4705 1414 4773 quod
1450 4705 1492 4760 si
1527 4720 1644 4758 eam
1671 4707 1784 4760 fuc-

200 4799 317 4854 rint
358 4796 670 4862 consecuti,
706 4795 880 4849 nullus
911 4794 1016 4848 erit
1049 4793 1155 4847 illis
1183 4794 1332 4849 labor
1371 4795 1423 4848 in
1471 4810 1740 4864 quoquam
1768 4835 1784 4860 ,

203 4904 306 4945 nec
357 4888 704 4943 terrebuntur
747 4888 939 4940 timore
979 4885 1125 4947 ullo,
1174 4893 1227 4938 et
1264 4885 1515 4954 gaudium
1574 4883 1788 4939 Domini

202 4981 576 5037 consolabitur
606 4980 724 5034 illos
752 4990 914 5034 noctu
946 4980 1175 5048 diuque,
1203 4988 1255 5032 et
1291 4994 1453 5047 opera
1495 4988 1656 5034 erunt
1682 4977 1794 5034 illis

205 5073 383 5129 dulcia
423 5086 638 5143 semper
665 5082 718 5126 et
747 5072 998 5126 omnibus
1036 5071 1383 5140 temporibus.
1425 5071 1649 5140 ideoque
1683 5074 1787 5125 im-

206 5168 440 5236 pertitur
463 5165 545 5221 eis
567 5165 710 5221 Deus
740 5165 1100 5220 revelationes
1125 5180 1442 5234 magnorum
1466 5179 1788 5218 arcanorum

209 5260 376 5313 iuturi
406 5258 610 5323 saeculi,
654 5273 775 5328 qum
817 5273 1012 5312 carnea
1039 5257 1218 5327 lingua
1253 5257 1525 5326 exiilicare
1557 5271 1660 5310 non
1696 5271 1792 5309 va-

207 5353 405 5408 lenms.
440 5351 644 5420 itaque,
679 5350 1016 5406 dilectissimi
1051 5351 1104 5405 in
1137 5349 1383 5414 Domino,
1419 5349 1506 5419 qui
1537 5349 1629 5402 lilii
1661 5347 1788 5404 facti

208 5444 364 5508 estis,
393 5453 577 5514 rogate
610 5453 769 5498 noctu
801 5441 1002 5512 diuque
1027 5441 1387 5513 lacrymarum
1419 5441 1663 5495 ubertate
1697 5457 1794 5510 pro

214 5539 317 5591 hac
352 5535 692 5605 providentia
720 5545 776 5590 et
816 5534 1176 5597 discretione,
1213 5541 1270 5587 ut
1295 5535 1364 5589 sit
1406 5535 1557 5588 vobis
1591 5535 1791 5588 bonum

293 5653 340 5720 3"
363 5650 526 5720 Hebro
555 5665 607 5712 ν.
639 5651 728 5704 14.
841 5652 886 5683 ⁸⁸
907 5650 1104 5720 Ephes.
1128 5665 1167 5714 ι,
1193 5647 1371 5703 15-18.

213 5719 263 5755 "
281 5717 324 5772 ll
351 5719 494 5777 Tim.
519 5737 558 5785 t,
587 5721 701 5775 5-5.

291 5814 336 5876 (l
350 5814 404 5877 9)
443 5810 832 5869 Substautiam.

1485 5649 1529 5681 "
1553 5647 1747 5719 Ephcs.
1810 5665 1893 5715 Ill,
1924 5651 2100 5707 iri-18.

1889 4619 2102 4673 assidua
2145 4615 2476 4685 deprecatio,
2525 4630 2646 4668 cum
2682 4631 2779 4669 vos
2828 4615 2878 4669 in
2912 4616 3131 4674 Christo
3161 4624 3464 4690 genuerim,

1891 4722 1947 4766 ct
1978 4711 2108 4764 mihi
2144 4709 2238 4764 ﬁlii
2269 4707 2393 4763 facti
2438 4707 2577 4764 sitis.
2613 4707 2702 4763 Sic
2738 4706 3043 4783 Timotheo,
3073 4723 3193 4762 cum
3225 4727 3347 4765 eum
3379 4729 3469 4784 ge-

1894 4804 2072 4858 nuerit
2102 4801 2300 4857 Paulus
2351 4802 2624 4870 apostolus
2669 4801 2719 4854 in
2772 4801 2901 4866 Deo,
2936 4809 2990 4854 et
3026 4800 3200 4855 iactus
3230 4803 3302 4856 sit
3329 4805 3376 4858 ei
3411 4803 3472 4858 ﬁ-

1895 4896 2018 4960 lius,
2050 4895 2269 4962 scripsit
2304 4894 2373 4946 ita
2411 4893 2636 4947 dicens:
2665 4890 2930 4944 Recordor
2951 4895 3026 4944 tui
3054 4892 3109 4945 in
3146 4894 3474 4950 orationibus

1896 4993 2022 5044 meis
2068 4999 2221 5043 noctu
2265 4989 2480 5056 diuque,
2535 4996 2584 5041 et
2634 4987 2794 5055 cupio
2821 4998 2868 5039 te
2900 4985 3102 5050 videre;
3152 4995 3200 5039 et
3232 4990 3476 5040 recordor

1897 5083 2250 5152 lacrymarum
2299 5089 2510 5132 tuarum
2531 5117 2546 5141 ,
2582 5088 2640 5131 ut
2670 5077 2890 5142 implear
2921 5078 3152 5156 gaudiis,
3182 5094 3477 5134 memorans

1897 5173 2019 5243 ﬁdei
2070 5181 2175 5225 tua:
2227 5171 2446 5228 verw".
2487 5170 2844 5225 Considerate
2891 5161 3096 5245 itaque.
3148 5169 3297 5228 ﬁlioli
3347 5172 3478 5234 mei,

1902 5268 2041 5319 hunc
2065 5264 2407 5336 Apostolum,
2438 5274 2492 5316 et
2525 5248 2795 5332 quomodo
2826 5247 2923 5332 pro
2956 5261 3240 5316 Timotheo
3273 5261 3364 5331 qui
3403 5261 3480 5315 fa-

1900 5366 2021 5409 ctus
2071 5367 2156 5410 est
2195 5357 2243 5408 ei
2292 5354 2433 5408 ﬁlius
2473 5343 2708 5423 eumque
2741 5351 2942 5406 in’Deo
2985 5353 3190 5422 genuit,
3231 5355 3343 5406 hcce
3377 5354 3478 5410 tria

1901 5447 2134 5502 faciebat
2160 5465 2174 5501 :
2204 5461 2394 5515 nempe
2426 5446 2570 5500 illius
2607 5453 2768 5499 noctu
2821 5443 3020 5512 diuque
3067 5443 3478 5508 recordabatur,

1902 5555 1998 5608 pro
2027 5538 2118 5593 illo
2145 5539 2358 5602 orabat,
2391 5553 2456 5592 ac
2482 5539 2657 5609 ipsum
2689 5536 2872 5590 videre
2900 5534 3172 5603 cupiebat.
3213 5534 3331 5590 Pari
3365 5536 3479 5604 quis

2208 5650 2300 5705 ⁷⁰1
2338 5651 2530 5706 Thess.
2557 5665 2588 5705 ν
2643 5648 2730 5706 19,
2784 5646 2876 5700 20.
2987 5646 3030 5676 “
3063 5644 3226 5699 lichr.
3261 5661 3360 5709 xu,
3383 5647 3476 5700 25.
