3872 6278
514 386 650 443 1027
1599 381 1868 437 PATRES
1910 380 2205 436 IEGYPTII
2248 383 2518 441 SECULI
2565 387 2650 442 IV.
3637 390 3746 443 1628

511 509 634 562 dem
669 506 896 568 ratione,
935 501 1267 557 dilectissimi
1300 500 1426 561 mei,
1458 516 1592 569 quos
1615 503 1683 555 ob
1721 501 1966 556 COI‘tiiUﬂl
1998 513 2083 552 vc-
2111 501 2157 557 A
2188 507 2244 552 ut
2277 499 2555 568 aperiatur
2590 499 2745 554 vobis
2797 498 3104 569 magnitudo
3137 513 3491 554 arcanorum
3521 501 3626 564 Dei,
3655 521 3746 572 qua

513 609 750 651 utrorum
783 593 1152 649 rectitudinem
1182 606 1277 646 cor
1305 607 1478 644 mcum
1513 592 1707 662 diligit,
1740 592 1878 646 facio
1905 601 1957 646 et
1979 606 2079 662 ego
2183 605 2394 658 nequeo
2450 591 2630 661 lingua
2678 605 2794 645 mea
2839 591 3146 660 explicare;
3213 591 3436 646 etenim
3493 592 3547 645 in
3575 609 3746 650 summa

508 685 960 759 quemadmodum
1001 683 1129 737 fecit
1167 683 1361 737 Paulus
1406 683 1708 745 Timotheo,
1747 688 1859 738 haec
1890 685 2076 738 eadem
2179 691 2303 734 sunt
2331 682 2594 736 collocata
2620 681 2926 736 altitudine.
2953 680 3069 734 Non
3097 682 3330 750 quidem
3350 683 3504 737 sicut
3533 699 3614 745 ea,
3643 701 3745 754 qua-

509 782 641 842 tria;
678 779 840 831 vestri
879 775 1084 830 scilicet
1119 775 1395 839 recordor,
1432 791 1528 828 oro
1580 792 1675 845 pro
1704 775 1854 828 vobis
1903 786 1955 828 et
1999 777 2078 828 vi-
2180 773 2248 826 lia
2282 783 2406 827 sunt
2427 775 2584 842 lmjus
2640 774 2854 838 mundi;
2891 789 3065 841 neque
3117 775 3437 828 immundis
3476 776 3745 830 revelantur

508 874 633 926 dere
662 886 754 921 vos
779 869 957 936 cupio.
989 867 1116 932 Qua:
1167 881 1296 920 sane
1341 879 1555 936 prtesto,
1591 884 1796 922 memor
1830 868 2074 922 laborum
2178 863 2484 925 animabus,
2511 865 2603 918 sed
2642 864 2745 917 illis
2769 863 2860 932 qui
2916 864 3076 917 corda
3105 878 3202 916 sua
3237 864 3546 932 expiaruot
3569 868 3633 920 ab
3653 883 3721 920 om

505 970 802 1015 vestrorum
833 962 1106 1028 vestrique
1134 961 1365 1029 gemitus
1397 969 1450 1014 et
1483 960 1664 1015 cordis
1690 960 1852 1014 vestri
1881 975 2077 1014 maero-
2177 955 2340 1009 nibus
2363 956 2612 1009 sordibus
2641 967 2695 1010 et
2721 958 2978 1025 operibus
3030 957 3187 1025 hujus
3224 958 3426 1011 mundi
3464 962 3741 1015 transituri;

505 1053 598 1115 ris,
633 1067 694 1104 ac
725 1067 929 1120 magna:
961 1060 1148 1105 vestrae
1196 1052 1466 1120 patientiae
1503 1060 1664 1115 atque
1713 1050 2077 1103 mansuctudi-
2178 1042 2302 1096 iSIis
2326 1044 2574 1097 videlicet
2600 1045 2690 1114 qui
2720 1046 2977 1098 mundum
2997 1046 3118 1099 odio
3148 1045 3484 1100 habuerunt
3513 1061 3669 1115 usque
3691 1051 3738 1102 ad

505 1146 607 1208 nis,
640 1160 760 1197 cum
793 1145 904 1196 ιιωο
934 1142 1144 1196 faciatis
1170 1141 1332 1195 corde
1372 1141 1548 1194 valido
1582 1150 1744 1207 atque
1783 1139 2071 1208 sapientia.
2175 1135 2386 1190 animas
2417 1151 2632 1204 quoque
2686 1152 2847 1201 suas,
2903 1145 2958 1190 et
3000 1151 3220 1192 crucem
3272 1148 3566 1207 portantes
3604 1143 3740 1194 secuti

503 1234 818 1304 Quicunque
843 1235 986 1287 enim
1019 1248 1177 1300 opera
1207 1232 1300 1286 Dei
1327 1240 1607 1299 operatur,
1642 1231 1829 1298 spiritu
1858 1229 2072 1297 sapien-
2173 1236 2299 1281 sunt
2352 1227 2655 1293 Dominum,
2711 1229 2764 1283 in
2833 1229 3084 1284 omnibus
3125 1239 3440 1297 operantes
3472 1233 3735 1284 secundum

501 1313 588 1380 tite
605 1338 873 1392 operatur.
909 1325 1038 1378 lIinc
1064 1325 1138 1376 ait
1161 1323 1358 1376 Paulus
1403 1319 1868 1390 apostolus:Deus
1899 1320 2071 1372 Itaud-
2173 1317 2293 1383 ejus
2325 1317 2676 1372 voluntatem.
2711 1319 2891 1385 Quare
2929 1320 3262 1373 inltabitavit
3303 1323 3360 1374 in
3398 1321 3468 1374 iis
3497 1322 3735 1384 divinitas,

499 1434 759 1486 quaquam
783 1417 928 1468 nobis
953 1415 1093 1468 dedit
1117 1416 1358 1481 spiritum
1387 1414 1609 1476 timoris,
1627 1429 1802 1466 verum
1829 1413 2069 1477 spiritum
2172 1417 2226 1461 et
2250 1410 2330 1462 eis
2363 1409 2586 1479 clargita
2605 1422 2687 1464 est
2713 1411 3054 1464 dulcedinem
3076 1422 3248 1481 atque
3283 1412 3543 1466 Iustitiam
3564 1414 3611 1466 in
3631 1413 3734 1476 Deo,

499 1509 768 1578 sapientia:
819 1525 879 1560 ac
926 1508 1165 1560 virtutem
1209 1505 1561 1558 eltaritatis".
1596 1503 1852 1558 Dominus
1887 1514 2068 1557 autem
2171 1516 2291 1568 qum
2319 1499 2560 1570 profecto
2596 1502 2778 1557 lastitia
2819 1504 3028 1558 animas
3059 1504 3176 1570 alit,
3225 1520 3446 1572 easque
3479 1506 3643 1560 satius
3660 1521 3734 1557 au.

502 1607 682 1651 noster
718 1594 976 1650 rationem
1003 1595 1409 1661 abttnoquoque
1439 1604 1678 1646 nostrum
1710 1592 1908 1662 exiget,
1942 1608 2066 1646 num
2170 1599 2281 1661 get.
2338 1592 2404 1646 Et
2452 1595 2904 1660 quemadmodum
2975 1595 3201 1650 arbores
3242 1597 3356 1651 nisi
3427 1597 3647 1651 biberint
3683 1613 3730 1650 et

498 1702 660 1754 opera
690 1685 803 1753 ejus
827 1687 935 1739 sint
965 1686 1260 1740 secundum
1295 1684 1432 1738 hanc
1470 1684 1812 1752 sapientiam.
2173 1693 2366 1737 natura
2408 1699 2584 1753 aquae,
2645 1700 2893 1741 crescere
2939 1697 3219 1755 nequeunt
3247 1705 3262 1740 :
3315 1687 3400 1742 sic
3427 1691 3623 1750 anima,
3649 1688 3726 1740 nisi

571 1775 680 1846 Ego
716 1778 892 1838 modo,
929 1776 1073 1829 filioli
1127 1776 1254 1838 mei,
1289 1789 1416 1844 rogo
1461 1774 1764 1840 Dominum,
1796 1783 1853 1828 ut
1882 1775 2068 1829 faciles
2098 1833 2137 1847 η
2169 1776 2472 1844 susceperit
2495 1776 2718 1831 cmleste
2763 1777 3040 1846 gaudium,
3105 1795 3293 1847 neque
3342 1794 3592 1834 crescere
3615 1779 3726 1829 valet

501 1867 687 1920 reddat
712 1867 824 1918 vias
863 1880 1013 1918 meas
1065 1866 1130 1916 ad
1179 1880 1292 1929 vos,
1353 1874 1410 1917 ut
1461 1865 1653 1918 iterum
1705 1865 1924 1919 veniens
1973 1883 2065 1918 \05
2098 1833 2138 1886 Β
2170 1880 2342 1933 neque
2367 1881 2586 1920 sursum
2621 1867 2919 1922 extollitur.
2977 1870 3048 1922 At
3101 1871 3310 1923 animae
3360 1886 3483 1938 quae
3511 1870 3722 1937 spiritum

499 1958 728 2012 videam.
755 1957 961 2026 Quippe
989 1958 1128 2011 haud
1173 1973 1258 2013 me
1287 1958 1435 2021 latet,
1478 1973 1572 2012 vos
1605 1973 1688 2011 me
1723 1959 1934 2013 videndi
1970 1958 2067 2010 ιιι.
2167 1967 2542 2026 susceperunt,
2570 1959 2891 2028 emleStique
2934 1961 3151 2016 imbuta:
3203 1963 3415 2031 gaudio
3441 1972 3596 2024 sunt;
3632 1975 3725 2028 quae

497 2067 656 2119 grare
687 2051 974 2115 desiderio,
999 2051 1444 2118 quemadmodum
1471 2067 1568 2120 ego
1595 2050 1764 2120 magis
1790 2051 2064 2120 magisque
2163 2062 2379 2102 sursum
2428 2064 2675 2103 crescere
2727 2050 2928 2114 valent,
2993 2065 3114 2104 cum
3174 2050 3550 2104 custodierint
3605 2049 3718 2117 quod

499 2159 592 2196 vos
619 2144 797 2197 videre
816 2144 989 2211 cupio.
1031 2142 1139 2196 Hoc
1164 2152 1342 2196 autem
1376 2143 1654 2212 percipite,
1677 2144 1818 2212 quod
1844 2143 1972 2197 nihil
2011 2143 2062 2196 in
2164 2148 2292 2192 ante
2324 2139 2589 2193 diximus:
2619 2149 2780 2209 atque
2827 2142 2961 2196 adeo
3019 2151 3207 2208 aperta
3254 2152 3390 2196 sunt
3422 2141 3525 2194 illis
3553 2155 3717 2193 arcana

499 2245 638 2288 terra
670 2237 759 2297 sit,
791 2235 934 2304 quod
970 2235 1139 2287 amori
1173 2245 1457 2302 parentum
1490 2251 1615 2301 erga
1652 2236 1808 2299 filios,
1837 2244 1892 2288 et
1924 2234 2062 2288 ﬁlio-
2166 2227 2314 2293 regni
2348 2230 2604 2283 caelorum
2639 2231 2816 2284 adhuc
2846 2231 2898 2285 in
2932 2232 3031 2286 hac
3056 2249 3227 2287 carne
3259 2231 3653 2292 exsistentibus,
3676 2241 3716 2282 ct

499 2341 618 2379 rttm
648 2341 774 2396 erga
808 2335 1056 2396 parentes
1085 2328 1382 2394 comparari
1419 2327 1625 2394 possit;
1659 2327 1710 2380 hi
1743 2327 1886 2381 enim
1913 2327 2060 2382 omni
2162 2318 2410 2372 ﬁduciam
2437 2335 2619 2374 coram
2650 2321 2760 2376 Deo
2801 2322 2855 2376 in
2889 2324 3137 2378 onmibus
3189 2324 3268 2379 ita
3309 2334 3444 2379 sunt
3495 2323 3643 2386 nacti,
3672 2331 3716 2370 ιιι

500 2426 743 2486 tempore
768 2433 826 2472 se
859 2418 1085 2472 invicem
1115 2419 1297 2472 videre
1321 2417 1563 2485 cupiunt.
1599 2416 1654 2470 Si
1687 2427 1941 2484 parentes
1971 2417 2063 2487 igi.
2163 2411 2536 2480 adimpleverit
2567 2413 2672 2466 illis
2727 2422 2951 2468 cunctas
3003 2430 3193 2468 eorum
3242 2416 3557 2485 petitiones.
3589 2412 3713 2465 Nunc

497 2517 585 2561 ιιιι·
608 2509 807 2577 ﬁliique
832 2509 1079 2562 carnales
1107 2508 1208 2562 hac
1247 2519 1373 2561 sum.
1407 2507 1614 2576 prmditi
1639 2510 1925 2572 charitale,
1952 2523 2060 2578 quo
2164 2499 2365 2568 itaque,
2394 2501 2730 2554 dilectissimi
2768 2504 2870 2556 mei
2901 2513 2949 2556 el
2988 2504 3323 2567 honorandi,
3369 2505 3484 2558 haec
3520 2511 3597 2556 est
3617 2513 3709 2552 nica

498 2599 664 2668 magis
699 2598 1004 2667 spirituales
1048 2609 1295 2665 parentes
1337 2613 1631 2664 eorumque
1667 2599 1716 2650 in
1769 2599 1876 2652 Deo
1926 2597 2060 2651 lilii?
2158 2601 2420 2658 perpetua
2495 2594 2825 2659 deprecatio,
2881 2603 2938 2646 ut
2983 2596 3049 2647 ad
3073 2595 3215 2649 hanc
3264 2596 3522 2648 nimirum
3555 2606 3710 2662 perte-

495 2687 857 2756 Qnamolirem
903 2704 961 2743 se
1008 2688 1235 2742 invicem
1283 2703 1403 2742 cum
1458 2689 1649 2742 timore
1694 2689 1786 2742 Dei
1836 2688 2059 2758 ejusque
2161 2680 2324 2733 niatis
2361 2691 2580 2744 metam,
2612 2690 2670 2735 ut
2695 2684 2880 2736 sciatis
2914 2694 3077 2752 atque
3119 2687 3470 2754 cognoscatis
3511 2681 3696 2736 divitias

493 2781 758 2835 cbaritate
791 2781 969 2833 videre
991 2779 1232 2845 cupiunt,
1259 2793 1381 2833 cum
1416 2789 1669 2848 parentes
1711 2781 1762 2833 in
1809 2779 1915 2833 Deo
1942 2796 2058 2832 ma-
2161 2772 2310 2839 regni
2344 2771 2460 2836 Dei,
2491 2772 2645 2842 cujus
2670 2790 2770 2828 non
2806 2787 2887 2829 est
2914 2791 3163 2829 mensura
3217 2791 3400 2844 neque
3441 2775 3572 2827 linis.
3603 2769 3703 2824 Scio

488 2872 635 2942 jores
667 2873 775 2925 sint
814 2871 1124 2938 parentibus
1163 2869 1216 2923 in
1265 2884 1451 2924 carne.
1479 2872 1646 2924 Amor
1683 2870 1810 2924 item
1862 2886 2060 2938 pareu-
2161 2863 2404 2930 quidem.
2430 2867 2532 2918 hoc
2564 2865 2706 2918 haud
2745 2868 3066 2934 promereri,
3120 2869 3230 2923 nisi
3280 2868 3489 2936 aliquos
3522 2879 3582 2919 ex
3608 2876 3699 2915 mo.

491 2973 601 3014 tum
625 2977 752 3032 erga
785 2963 923 3016 titius
957 2962 1125 3028 major
1161 2972 1246 3016 est
1290 2977 1474 3017 amore
1520 2963 1754 3018 ﬁliorum
1797 2979 1926 3032 erga
1971 2980 2058 3032 pa-
2159 2954 2347 3006 nachis
2369 2962 2425 3007 et
2459 2955 2758 3022 virginibus
2787 2958 2876 3025 qui
2913 2969 3040 3011 sunt
3091 2959 3144 3012 in
3191 2954 3696 3027 congregationibus,

493 3063 691 3106 rentes.
729 3053 860 3110 llinc
903 3055 981 3108 ait
1015 3054 1226 3109 divinus
1253 3053 1450 3108 Paulus
1479 3055 1789 3124 apostolus:
1829 3054 1889 3108 Si
1912 3055 2022 3109 vobi

2164 3046 2298 3112 quod
2326 3047 2672 3114 pervenerint
2701 3049 2768 3101 ad
2838 3049 3126 3103 terminum
3162 3050 3536 3118 perfectionis,
3565 3059 3693 3115 para-

489 3155 564 3198 ω
589 3161 710 3214 erga
739 3161 819 3198 me
849 3146 1052 3198 modica
1084 3146 1313 3210 dilectio,
1339 3147 1551 3198 dilectio
1574 3163 1686 3199 mea
1715 3163 1838 3216 ergo
1873 3164 1959 3200 vos
1983 3152 2018 3199 it

2166 3147 2334 3206 Itaque
2357 3149 2482 3192 sunt
2510 3139 2590 3193 eis
2632 3141 2810 3204 sedes,
2855 3152 2912 3194 ut
2945 3143 3168 3196 sedeant
3213 3159 3384 3212 super
3421 3142 3532 3196 illas
3558 3140 3602 3192 in
3627 3135 3695 3188 die

489 3236 690 3304 gentior
718 3235 926 3304 quidem
967 3235 1119 3288 est".
1158 3235 1277 3290 Pari
1324 3251 1454 3290 sane
1500 3237 1708 3290 ratione
1743 3237 1844 3291 mei
1877 3233 2018 3292 Pati'i

2158 3225 2340 3295 judicii
2373 3227 2829 3296 adjudicandutn.
2881 3230 3039 3287 Certe
3087 3238 3212 3287 novi
3267 3235 3475 3303 aliquos
3502 3231 3687 3284 bacnoa

492 3325 676 3390 vestri,
728 3325 899 3390 filioli,
947 3341 1101 3379 amor
1143 3342 1268 3394 erga
1307 3342 1401 3382 vos
1436 3329 1703 3396 ingentior
1741 3337 1824 3382 est
1867 3344 2021 3386 amor

2159 3329 2267 3372 stra
2301 3327 2484 3384 actate,
2515 3321 2606 3389 qui
2635 3323 2700 3373 ad
2733 3321 2874 3375 hunc
2916 3323 3193 3378 liliationis
3242 3325 3339 3380 Dei
3377 3327 3688 3392 pervenerunt

488 3417 824 3484 vestro'erga
866 3429 968 3479 me,
1008 3430 1114 3484 qua
1157 3416 1286 3468 mihi
1333 3417 1426 3469 lilii
1470 3416 1596 3470 facti
1635 3417 1789 3471 estis.
1823 3415 2017 3472 Oremu

2157 3408 2463 3460 terminum.
2499 3408 2605 3462 Nec
2637 3409 2739 3462 ulla
2764 3426 2901 3471 sane
2945 3423 3075 3466 tetas
3121 3427 3185 3466 ex
3244 3414 3489 3468 artatibus
3528 3418 3684 3474 expers

488 3504 648 3573 igitur
665 3503 823 3558 simul
841 3518 1028 3558 omnes
1054 3513 1111 3558 ut
1133 3504 1286 3560 nobis
1308 3505 1566 3560 concedat
1583 3504 1842 3562 Dominus
1865 3521 2052 3562 noster
2155 3499 2254 3552 ίίιίι
2276 3500 2489 3564 horum.
2517 3501 2605 3569 (illi
2632 3503 2697 3555 ad
2738 3501 2881 3556 hunc
2903 3518 3269 3571 ροτνθιιθτυηι
3295 3505 3683 3562 terminumincc

487 3594 677 3646 iterum
753 3592 980 3646 invicem
1051 3593 1254 3648 videre.
1311 3592 1560 3649 Profecto
1615 3595 1728 3650 scio
1797 3612 2014 3667 magnut

2155 3589 2349 3644 futurae
2371 3592 2532 3644 etiam
2561 3601 2750 3646 aetates
2788 3593 2979 3647 borum
3010 3605 3170 3650 erunt
3207 3606 3476 3666 expertes,
3507 3607 3597 3644 non
3623 3586 3680 3637 ti-

485 3683 736 3752 gaudium
761 3692 922 3752 atque
953 3684 1189 3738 laetitiam
1215 3686 1363 3738 vobis
1391 3686 1678 3741 allaturum
1708 3687 1826 3740 fore
1859 3689 1959 3742 mei
1984 3689 2048 3742 ad
2163 3695 2344 3734 τοτυῐη
2375 3682 2660 3747 duntaxat.
2697 3699 2884 3738 verum
2911 3697 2964 3740 θι
2993 3686 3305 3743 ωυιίθτυιιιο
3330 3689 3428 3754 Qui
3478 3697 3586 3738 cum
3612 3691 3679 3732 κ’

485 3790 581 3828 vos
621 3775 930 3834 adventum,
966 3777 1422 3844 quemadmodum
1459 3779 1533 3830 ait
1582 3779 1908 3846 Apostolus:
1949 3779 2049 3834 γε·
2152 3771 2330 3826 derilll
2357 3788 2518 3843 ευρθτ
2551 3775 2726 3839 sedes.
2756 3785 2812 3829 υι
2838 3773 3678 3848 [)l'ilttltt'v'ssiltsermO,"humillimi"c

483 3866 745 3919 hementer
770 3881 855 3918 vos
881 3867 1052 3919 videre
1079 3867 1254 3933 cupio,
1277 3867 1518 3934 vobisque
1536 3869 1808 3921 utilitatem
1834 3872 2049 3935 spiritus
2149 3879 2336 3919 eorum
2354 3866 2618 3932 judicabit
2664 3869 2916 3925 homines
2965 3888 3076 3927 sua:
3109 3877 3314 3938 aetatis,
3355 3889 3417 3927 eo
3447 3869 3572 3939 quod
3605 3863 3676 3916 de-

483 3957 693 4025 a/ferre,
735 3967 869 4010 utea
903 3957 1241 4022 conﬁrmetur
1261 3955 1389 4021 ﬁdes
1422 3970 1608 4021 uestra,
1650 3971 1694 4011 et
1725 3962 2050 4014 consolemur
2150 3966 2430 4008 certarunt
2479 3957 2650 4012 donec
2702 3958 2921 4028 perfecti
2967 3973 3128 4030 sunt;
3181 3980 3307 4017 nam
3357 3965 3444 4030 qui
3485 3952 3672 4028 perfecti

483 4065 658 4102 autne:
683 4047 838 4100 simul
872 4047 975 4115 ﬁde
1023 4063 1134 4100 mea
1170 4065 1230 4100 ac
1257 4049 1360 4115 ﬁde
1393 4049 1640 4102 vestra".
1680 4049 1889 4106 Etenim
1921 4068 2050 4106 con-
2148 4057 2280 4098 sunt
2304 4086 2317 4110 ,
2344 4045 2672 4113 iudicabunt
2697 4052 2904 4105 orbem.
2936 4052 3113 4122 Atque
3152 4055 3256 4110 hoc
3275 4064 3357 4110 est
3386 4053 3434 4106 id
3459 4047 3582 4118 quod
3597 4055 3671 4112 Ρτο

481 4139 780 4204 venientes,
849 4139 950 4192 alia
996 4140 1390 4209 quamplurima
1437 4151 1562 4194 nota
1616 4141 1768 4196 vobis
1831 4143 2043 4210 faciam,
2150 4137 2301 4192 vobis
2331 4139 2594 4206 deprecor
2629 4150 2788 4195 noctu
2825 4143 3045 4210 diuque,
3069 4144 3466 4213 utperveniatis
3489 4139 3545 4190 ad
3564 4137 3672 4188 hunc

480 4245 598 4297 qua:
623 4230 814 4283 litteris
843 4231 907 4282 ad
942 4245 1036 4284 vos
1059 4229 1187 4284 dare
1218 4246 1322 4284 non
1361 4230 1531 4295 valeo,
1567 4241 1624 4286 ut
1647 4233 1715 4286 sit
1757 4233 1856 4288 hoc
1898 4236 2048 4290 vobis
2152 4243 2464 4283 mensuram
2492 4230 2768 4300 judicandi
2809 4233 3055 4288 homines
3106 4247 3302 4290 vestrm
3340 4233 3521 4289 anatis.
3547 4219 3668 4291 Quod

479 4321 626 4374 salus
653 4323 704 4372 in
731 4319 958 4374 Domino
983 4318 1107 4375 Jesu
1140 4320 1375 4376 Christo.
1401 4321 1497 4376 Cui
1530 4323 1720 4392 gloria,
1749 4336 1802 4378 et
1853 4324 2042 4391 honor,
2150 4336 2284 4374 sane
2313 4334 2393 4376 εει
2440 4323 2507 4375 ob
2555 4323 2774 4376 nimiam
2818 4340 2992 4378 meam
3044 4342 3171 4396 erga
3236 4343 3329 4382 vos
3370 4321 3665 4380 charilalcmv

477 4423 534 4467 et
556 4414 850 4478 veneratio,
883 4422 936 4467 et
970 4413 1085 4468 Iaus
1117 4414 1168 4466 in
1207 4426 1489 4468 aeternum.
1514 4417 1705 4470 Amen.
2075 4483 2108 4488 _
2147 4426 2308 4479 quam
2345 4407 2617 4479 explicare
2641 4413 2823 4468 verbis
2866 4431 2969 4468 non
3004 4433 3244 4486 possum,
3275 4430 3439 4488 neque
3461 4417 3663 4474 \‘OS‘IW'

1007 4503 1337 4559 EPISTOLA
1378 4504 1514 4561 XIII.
2075 4483 2120 4538 D
2147 4520 2251 4572 que
2282 4504 2525 4572 potestis.
2552 4503 2686 4558 Nam
2740 4515 2796 4558 ut
2846 4483 3040 4561 Paulus
3101 4483 3373 4578 apostolus
3401 4505 3469 4558 ait
3505 4501 3562 4553 iis
3594 4491 3660 4562 (Ιυί

476 4594 668 4650 Incitat
693 4612 777 4650 eos
807 4597 874 4648 ad
909 4598 1323 4670 consequendum
1363 4600 1635 4670 gaudium,
1677 4603 1814 4670 quod
1858 4619 2040 4657 come-
2147 4596 2248 4648 sibi
2292 4596 2344 4648 in
2405 4595 2542 4648 lilios
2587 4597 2806 4664 ascripti
2855 4609 3057 4654 erant:
3112 4598 3252 4654 Nolo
3289 4601 3510 4654 exhibere
3551 4587 3659 4641 tabis

878 4678 1110 4757 quunlur
1137 4667 1441 4720 ηιὶίὶιαηίεεο
1467 4667 1612 4721 Dixit
1651 4667 1697 4722 ί
2145 4686 2635 4753 evangelizutionem
2660 4698 2885 4752 tantum,
2929 4689 3018 4742 sed
3055 4702 3101 4742 et
3136 4702 3315 4746 memet
3343 4691 3518 4757 ipsum.
3558 4691 3661 4748 quo‘

542 4755 660 4808 Jam
688 4757 861 4819 scitis,
893 4756 1227 4810 dilectissimi
1262 4759 1363 4811 mei
1397 4759 1447 4812 in
1481 4760 1723 4825 Domino,
1762 4764 1902 4829 quod
1929 4765 2041 4818 uni-
2154 4779 2298 4829 niam
2333 4777 2458 4843 facii
2487 4779 2610 4830 cui;
2637 4780 2763 4842 ηιξ]ιῇ
2785 4779 3076 4834 οίεατῖεεδηιε
3103 4786 3156 4836 in
3186 4755 3401 4837 υοηείιέο
3423 4779 3480 4830 ⁷⁸,
3501 4769 3654 4838 Etjatn

470 4861 642 4900 versae
670 4857 933 4901 creaturae
964 4849 1234 4911 rationali,
1268 4851 1382 4904 sive
1435 4867 1546 4905 mas
1578 4854 1690 4906 sive
1721 4854 1915 4908 femina
1951 4857 2038 4909 illa
2148 4868 2267 4919 misi
2302 4868 2450 4920 νυωε
2486 4867 2602 4921 loco
2630 4871 2730 4922 mei
2769 4870 2959 4924 Filium
3019 4889 3196 4928 meum
3227 4875 3489 4932 dilecium,
3517 4864 3653 4916 donec

470 4936 655 5000 fuerit,
684 4937 812 4991 insit
838 4952 1100 5006 organum
1128 4942 1331 4995 amoris
1360 4943 1424 4995 ad
1476 4954 1786 5011 utrumque,
1843 4947 1907 5000 ad
1959 4948 2041 5000 di-
2143 4936 2363 5010 facilem
2394 4959 2583 5011 reddat
2618 4957 2757 5013 Deus
2787 4963 3128 5029 praesentiam
3166 4980 3334 5018 meam
3361 4955 3486 5030 apud
3515 4965 3590 5005 νοεῖ
3611 4946 3649 4997 ίη

470 5029 594 5082 vina
619 5027 871 5082 videlicet
900 5041 953 5084 ct
973 5031 1205 5084 humana
1239 5034 1606 5102 amplectenda
1635 5055 1648 5102 ;
1686 5038 1855 5092 divini
1893 5041 2036 5095 enim
2142 5060 2386 5115 corpore,
2424 5047 2751 5120 alteramque
2775 5027 2928 5106 vobis
2964 5056 3216 5123 gaudium
3245 5073 3348 5126 pra:
3384 5027 3552 5121 gaudio
3575 5051 3642 5089 te-

470 5119 650 5173 di'illa
697 5118 945 5190 ἀίιῖευιιι.
1003 5121 1253 5178 carnales
1303 5139 1432 5180 vero
1493 5127 1720 5198 diligunt
1770 5131 2032 5188 carnalia.
2144 5147 2296 5206 stro;
2329 5155 2450 5194 nam
2484 5118 2678 5196 videns
2697 5118 3108 5202 Dominusillios
3132 5118 3273 5218 diligi
3304 5163 3331 5200 a
3369 5118 3580 5214 parente,
3602 5127 3646 5180 ﬁt

467 5210 733 5276 Quoniam
773 5225 903 5266 vero
951 5211 1128 5266 divina
1171 5212 1224 5266 in
1275 5215 1425 5269 vobis
1457 5227 1601 5282 sunt,
1639 5219 1800 5289 diligo
1830 5235 1923 5276 vos
1964 5238 2030 5278 ex
2149 5229 2254 5284 iliis
2286 5233 2535 5286 omnibus
2564 5233 2674 5298 ipse
2701 5235 2976 5304 gaudium,
3022 5210 3266 5296 tribuen's
3307 5210 3406 5294 illis
3439 5233 3640 5294 magna"I

466 5311 580 5358 ῑοίο
608 5303 798 5372 spirit“
833 5320 972 5369 meo:
1005 5318 1068 5360 θο
1112 5307 1252 5376 (ιυοά
1287 5307 1450 5362 Deum
1507 5311 1557 5364 in
1615 5314 1766 5368 vobis
1798 5316 2028 5382 habetis,
2147 5323 2397 5378 virtutem
2431 5334 2485 5378 et
2515 5339 2700 5394 pacem
2738 5328 2790 5381 in
2819 5328 2938 5383 loco
2967 5331 3310 5396 solitudinis;
3339 5325 3466 5398 quad
3490 5326 3557 5374 est
3579 5324 3640 5364 rc-

463 5405 517 5449 et
537 5401 648 5463 jam
686 5411 850 5465 penes
881 5413 964 5452 me
1012 5415 1207 5467 magno
1258 5401 1312 5455 in
1368 5402 1483 5457 loco
1535 5409 1810 5461 constituti
1865 5411 2019 5476 estis,
2141 5428 2301 5482 gnum
2341 5424 2627 5482 teternum,
2662 5423 2801 5487 quod
2837 5421 2969 5476 estis
3021 5422 3353 5480 consecuturi
3391 5411 3535 5486 gratia
3559 5402 3637 5456 υο-

461 5499 781 5582 semperque
816 5488 977 5544 Deum
1005 5508 1180 5576 meum
1212 5509 1308 5564 pro
1357 5499 1504 5552 vobis
1534 5516 1683 5568 rogo,
1729 5513 1784 5554 ut
1813 5503 1864 5556 in
1907 5520 2028 5557 cor-
2145 5504 2276 5557 mini
2312 5506 2474 5558 nostri
2501 5505 2624 5561 .lesu
2661 5506 2882 5564 Christi.
2910 5511 3005 5567 Cui
3036 5513 3172 5579 laus,
3201 5525 3252 5570 et
3282 5509 3455 5584 gloria»
3490 5507 3534 5554 θι
3554 5504 3619 5545 ¹¹¹²

461 5577 621 5633 dibus
643 5580 836 5635 vestris
871 5582 1066 5640 divinis
1087 5589 1387 5657 augeamini
1427 5589 1478 5642 in
1524 5590 1614 5644 Dei
1646 5593 1931 5660 charitatc,
1970 5603 2024 5649 ct
2134 5592 2308 5663 jeStas
2342 5597 2392 5651 in
2425 5599 2697 5654 saeculum.
2736 5602 2924 5656 Amen.

527 5752 576 5789 "
611 5754 651 5810 ll
677 5754 816 5815 Tim.
851 5776 890 5824 ι,
926 5762 976 5815 7.
1055 5761 1100 5793 "
1131 5764 1166 5816 Il
1201 5765 1322 5819 Cor.
1355 5781 1422 5830 vt,
1465 5766 1545 5819 l2.
1623 5769 1666 5800 "
1712 5770 1861 5823 'tozn.
1898 5789 1938 5836 ι,
1980 5773 2056 5838 Il,

1263 5781 1322 5819 η’.
1355 5781 1422 5830 vt,
1465 5766 1545 5819 l2.
1623 5769 1666 5800 "
1712 5770 1861 5823 'tozn.
1898 5789 1938 5836 ι,
1980 5773 2060 5838 Il,
2092 5773 2176 5826 12.
2253 5777 2298 5807 ⁷⁸
2338 5777 2584 5832 IThess.
2636 5795 2697 5842 tt,
2745 5780 2792 5834 8.
