3868 6282
130 343 284 413 1ὒ29

671 472 1003 532 EPISTOLA
1051 476 1191 533 XIV.

137 565 223 621 De
248 563 513 633 implendti
534 565 850 630 obedientia,
880 580 933 621 ut
958 569 1212 624 inhabitet
1235 572 1288 625 in
1310 572 1416 627 illis
1440 572 1727 629 benedictio

592 648 799 705 patrum
834 655 1073 694 suorum.
1100 641 1248 695 Dixit
1290 657 1310 696 :

215 748 558 811 Dilectissimi
591 751 725 806 mihi
780 752 835 807 in
900 752 1131 809 Domino
1155 756 1372 825 quidem
1419 759 1570 823 estis,
1601 760 1726 829 quia

136 849 354 894 vosmet
387 839 533 911 ipsos
556 843 789 912 parastis
820 844 886 898 ad
926 860 1151 916 regnum
1185 847 1468 915 cielorum,
1491 858 1546 905 et
1561 851 1726 906 Deum

134 931 376 999 rogastis
404 940 460 984 ut
490 942 639 987 esset
682 933 858 1000 vobis,
908 936 1069 990 sicuti
1122 946 1207 993 est
1255 938 1402 993 Patri
1439 951 1641 1009 vestro,
1672 952 1729 997 ut

136 1024 372 1080 abirctis
402 1026 468 1080 ad
499 1026 675 1081 locum
710 1030 776 1082 ad
827 1045 990 1099 quem
1024 1031 1272 1088 abiturus
1318 1044 1401 1088 est
1433 1035 1595 1089 Pater
1633 1052 1728 1091 ve-

136 1126 279 1181 ster,
296 1129 361 1173 ἐι
382 1129 441 1172 ιιι
469 1119 775 1176 benedictio
816 1138 935 1192 qua:
967 1124 1295 1180 inbabitavit
1322 1127 1377 1182 in
1418 1127 1530 1193 illo,
1565 1128 1727 1185 inha-

133 1207 280 1262 bitet
309 1208 362 1262 in
394 1209 573 1275 vobis,
607 1219 660 1265 et
678 1211 913 1281 gloriam
965 1229 1124 1283 quam
1181 1225 1267 1270 est
1309 1231 1726 1286 consecuturus,

135 1300 575 1368 consequamini,
609 1317 676 1356 eo
708 1305 852 1373 quod
893 1305 1023 1360 lacti
1058 1308 1191 1363 estis
1214 1311 1264 1363 ei
1304 1310 1397 1366 lilii
1430 1313 1727 1366 secundum

138 1390 464 1472 tiliatiom-m
497 1394 745 1450 veritatis
774 1405 827 1450 et
850 1395 1247 1456 benedictionis
1264 1411 1432 1472 atque
1467 1404 1728 1459 obedien-

138 1484 253 1536 tia‘.
280 1466 499 1537 Etenim
532 1477 625 1539 lilii
658 1487 977 1544 obedientes
1007 1502 1219 1558 patrum
1250 1508 1468 1549 suorum
1489 1497 1728 1563 divitias,

132 1571 414 1642 justitiam
447 1582 503 1628 et
532 1574 967 1633 benedictionem
1016 1590 1073 1635 ιιι
1127 1583 1368 1640 heredes
1391 1601 1731 1658 consequun-

136 1672 235 1718 tur
264 1665 598 1722 hereditatis
613 1668 760 1738 jure.
794 1669 1090 1728 Enimvero
1120 1690 1312 1745 preces
1334 1691 1470 1746 quas
1492 1678 1721 1735 fundunt

136 1752 238 1809 lilii
264 1771 446 1811 coram
474 1757 604 1823 Deo,
640 1758 845 1815 similes
873 1770 1004 1815 sunt
1055 1762 1306 1832 precibus
1359 1775 1574 1835 patrum
1601 1783 1730 1822 suo-

134 1862 302 1914 rum;
346 1848 521 1919 iisque
570 1852 934 1908 mediantibus
982 1827 1321 1911 hereditatis
1359 1827 1486 1924 iure
1537 1873 1729 1916 conse-
1762 1827 1804 1882 Β

134 1950 387 2008 quuntur
437 1949 693 2008 paternas
745 1944 996 2000 virtutes.
1044 1946 1111 2001 Et
1144 1963 1277 2003 sane
1333 1965 1526 2020 preces
1558 1950 1728 2007 Jacob

135 2027 358 2084 similes
379 2040 540 2084 erant
576 2031 830 2100 precibus
858 2045 1070 2103 patrum
1104 2051 1326 2092 suorum
1356 2040 1408 2092 in
1432 2040 1685 2095 omnibus
1716 2062 1728 2096 :

139 2121 377 2188 ideoque
427 2123 828 2180 descenderunt
885 2142 1050 2197 super
1079 2127 1229 2183 illum
1267 2144 1459 2186 omnes
1509 2131 1731 2187 benedi-

135 2212 357 2266 c‘tiones
384 2222 600 2281 patrum
632 2230 883 2281 suorum,
934 2218 1243 2287 meruitque
1272 2219 1537 2275 visionem
1574 2220 1733 2277 scalae

136 2298 469 2373 spir‘itualis,
521 2300 956 2365 escendentibus
1008 2319 1066 2364 et
1124 2312 1583 2369 descendentibus
1631 2329 1731 2383 per

137 2395 294 2449 illam
321 2396 547 2464 angelis.
582 2398 890 2470 Antequam
916 2415 1046 2456 vero
1078 2403 1411 2473 suscepisset
1444 2414 1729 2473 parentum

124 2500 371 2541 suorum
429 2489 899 2558 benedictionem,
966 2509 1066 2550 nec
1116 2510 1283 2549 unum
1348 2497 1566 2567 quidem
1597 2498 1733 2553 vidit

136 2576 398 2642 angelum
422 2582 447 2633 ‘z
484 2590 539 2634 at
594 2596 717 2635 cutn
776 2582 1216 2640 benedictionem
1250 2596 1469 2656 patrum
1505 2604 1750 2644 suorum.

144 2679 303 2724 esset
334 2684 691 2740 consecutus,
717 2677 935 2747 angelos
992 2679 1149 2744 vidit,
1222 2691 1276 2733 et
1305 2682 1621 2737 benedictus
1649 2694 1735 2737 est

143 2759 372 2814 abillis.
401 2761 526 2817 Pari
555 2765 772 2833 quidem
805 2768 1021 2823 ratione
1055 2770 1165 2824 veri
1198 2770 1295 2825 lilii
1332 2783 1729 2842 cognoverunt,

136 2860 209 2901 se
238 2844 442 2901 nullam
474 2849 727 2904 virtutem
767 2852 954 2909 videre
984 2869 1165 2924 posse,
1198 2856 1302 2911 nisi
1337 2859 1576 2913 assecuti
1612 2858 1732 2913 fue-

135 2937 261 2992 rint
291 2938 718 2997 benedictionem
748 2956 1035 3014 parentum
1086 2964 1331 3004 suorum.
1387 2950 1566 3017 Quare
1600 2951 1733 3007 obe-
1762 2950 1775 2961 '

139 3031 410 3085 dientiam
433 3035 752 3103 parentibus
797 3050 1054 3107 pricstare
1084 3042 1262 3096 conati
1300 3052 1450 3107 sunt,
1483 3057 1576 3098 eos
1607 3059 1733 3113 sup.

138 3120 415 3193 plicantes
442 3133 498 3179 ut
549 3125 619 3181 ab
651 3126 755 3182 illis
809 3128 1282 3194 benedicerentur,
1315 3143 1372 3186 ut
1402 3148 1589 3187 eorum
1623 3149 1733 3187 me-

140 3206 425 3269 diautibus
451 3214 923 3275 benedictionibus
979 3225 1162 3277 videre
1193 3236 1533 3279 mererentur
1571 3241 1730 3281 exer-

138 3304 293 3361 citus
319 3306 656 3378 angelorum,
686 3311 883 3379 quibus
908 3312 1034 3367 Visis
1064 3313 1204 3368 ﬁrmi
1238 3313 1578 3371 etlicerentur
1611 3318 1731 3372 sine

138 3397 562 3466 perturbatione
593 3401 846 3457 omnibus
877 3404 929 3458 in
958 3404 1196 3460 sacculis.
1248 3405 1516 3462 Similiter
1536 3407 1737 3464 Paulus

136 3485 450 3555 apostolus,
485 3504 607 3543 cum
640 3489 740 3546 hos
777 3491 1022 3557 vidisset,
1072 3493 1428 3551 confirmatus
1458 3508 1513 3551 et
1541 3513 1732 3569 corro-

134 3579 374 3634 boratus
402 3589 510 3646 est,
537 3588 590 3638 et
631 3582 960 3639 exclamavit
1003 3586 1229 3641 dicens:
1260 3585 1385 3642 Non
1408 3600 1616 3657 separat
1653 3606 1735 3644 me

134 3689 174 3727 α
206 3674 469 3728 εΙιαιὶιαιε
492 3673 688 3729 Christi
708 3686 1100 3741 nocnmentum,
1130 3687 1221 3731 aut
1241 3694 1441 3751 carcer,
1490 3690 1581 3733 aut
1611 3696 1735 3750 per-

136 3765 374 3830 secatio,
398 3773 489 3819 aut
513 3766 714 3835 fames;
743 3779 832 3821 aut
876 3768 1113 3833 nuditas,
1138 3780 1229 3821 aut
1274 3771 1599 3837 adversatio,
1642 3780 1735 3825 aut

137 3857 362 3930 gladius
384 3856 465 3931 ".q
495 3860 588 3913 Ait
642 3876 859 3930 quoque
891 3876 905 3913 :
942 3857 1127 3931 Neque
1171 3876 1334 3925 mors,
1392 3878 1556 3933 neque
1603 3863 1736 3929 vita,

140 3967 321 4020 neque
340 3952 534 4022 angeli,
563 3969 725 4023 neque
763 3954 1023 4023 principes
1054 3994 1070 4020 ,
1117 3970 1281 4024 neque
1307 3966 1613 4025 potestates,
1652 3972 1739 4011 ne-

137 4058 252 4113 que
283 4043 396 4096 Imm
421 4044 877 4115 instantia,neque
901 4043 1110 4114 futura,
1151 4063 1314 4114 neque
1360 4052 1600 4113 virtutes,
1641 4064 1735 4102 ne-

140 4149 258 4206 que
275 4133 524 4199 altitudo,
548 4152 711 4206 neque
751 4136 1113 4206 profunditas,
1136 4153 1300 4208 neque
1339 4154 1400 4191 ea
1450 4138 1560 4193 alia
1590 4155 1740 4194 crea-

140 4237 280 4281 tura
310 4225 531 4297 inferior
571 4237 738 4296 potest
781 4244 863 4282 me
903 4229 1143 4283 decidere
1191 4246 1224 4282 a
1260 4229 1519 4283 cltaritate
1546 4230 1642 4284 Dei
1682 4231 1737 4285 in

139 4317 386 4375 Domino
423 4330 601 4375 nostra
647 4320 777 4375 Jesu
811 4320 1023 4376 Christo
1070 4322 1138 4377 ".
1172 4321 1368 4378 Videte
1423 4322 1626 4392 itaque,
1659 4324 1741 4377 di-

140 4412 439 4467 lectissimi
465 4413 593 4480 mei,
624 4414 895 4483 quomodo
926 4429 1115 4469 onutes
1138 4413 1230 4483 qui
1260 4413 1617 4469 decertarunt
1643 4414 1767 4468 ds-‘

1124 355 1182 413 Β.
1224 355 1509 414 ANTONII
1546 360 1615 414 Μ.
1656 361 1955 419 ABBATIS
1992 364 2375 424 EPISTOLE.

1762 3173 1809 3236 ϐ

3279 376 3422 468 “BQ

1761 485 1802 540 Α
1833 492 1939 540 tem
1969 486 2147 551 vobis,
2176 488 2318 558 quod
2371 502 2645 559 nunquam
2673 504 2832 546 cesso
2862 491 3142 563 deprecari
3186 508 3284 564 pro
3314 509 3429 559 Vit-7

1832 576 1940 641 bis,
1974 586 2035 632 ut
2060 578 2180 633 sitis
2228 594 2440 635 mecum
2490 581 2580 636 ubi
2615 581 2800 649 lucro;
2839 584 2962 638 facti
3007 601 3241 655 namque
3284 583 3437 679 mihi;

1830 667 1963 721 estis
1994 666 2114 735 lilii,
2146 677 2199 724 et
2223 670 2592 725 obedientiam
2623 673 2755 727 mihi
2813 673 2867 727 in
2921 676 3173 740 omnibus
3199 666 3441 749 praestiC;

1833 757 1995 813 tistis.
2021 757 2154 812 Nam
2186 774 2309 814 cum
2338 761 2566 817 vidisset
2592 762 2855 819 Dominus
2875 775 3062 823 noster
3080 745 3239 824 Jesus
3253 770 3414 826 Cbri-
3435 745 3445 819 ’-

1831 860 1950 903 stus
1984 851 2280 920 discipulos
2305 868 2431 909 suos
2464 855 2565 910 sibi
2598 856 2934 921 obedientes,
2965 861 3175 932 rogavit
3200 861 3416 918 Patrem

1831 954 1987 994 suum
2030 943 2253 998 dicens:
2291 941 2471 1013 Pater,
2496 946 2550 999 in
2577 947 2690 1001 loco
2714 949 2768 1001 in
2796 966 2895 1019 quo
2918 967 3026 1018 ero,
3068 953 3183 1007 volo
3220 962 3277 1008 ut
3311 955 3417 1010 sint

1831 1029 1886 1083 Ιιὶ
1916 1046 2113 1086 mecum
2140 1050 2158 1097 ;
2184 1037 2431 1103 quoniam
2493 1038 2777 1093 audierunt
2833 1041 2988 1095 verba
3033 1059 3169 1108 mea,
3214 1053 3264 1098 et
3324 1062 3417 1115 ego

1830 1121 1985 1175 trado
2028 1137 2211 1178 memet
2244 1126 2414 1195 ipsum
2455 1144 2551 1195 pro
2573 1128 2702 1186 illis.
2729 1130 2914 1197 Pater,
2966 1150 3019 1186 es
3045 1135 3222 1199 inme,
3250 1147 3296 1190 et
3324 1153 3419 1206 ego

1830 1210 1886 1263 in
1945 1222 2109 1269 te:et
2144 1214 2199 1267 hi
2246 1216 2300 1268 in
2368 1217 2513 1270 nobis
2574 1221 2678 1272 sint
2740 1220 2909 1289 igitur
2949 1222 3003 1277 in
3057 1224 3257 1279 unitate
3280 1229 3418 1281 sicut

1829 1321 1926 1357 nos
1954 1305 2020 1360 τ’.
2047 1305 2371 1362 lntueamini
2400 1309 2603 1380 itaque,
2648 1311 2793 1366 lilioli
2825 1314 2953 1379 mei,
2980 1314 3417 1385 deprecationem

1832 1394 2045 1449 Domini
2076 1398 2247 1451 nostri
2291 1414 2388 1467 pro
2427 1401 2709 1471 discipulis
2738 1402 2875 1465 suis,
2927 1414 2985 1457 ut
3013 1406 3121 1460 sint
3154 1406 3242 1460 ubi
3275 1408 3415 1474 erit;

1835 1499 1937 1539 nec
1980 1501 2088 1541 non
2120 1488 2558 1557 deprecationem
2606 1492 2723 1560 ejus
2753 1494 2819 1546 ad
2864 1492 3113 1561 Patrem,
3151 1506 3209 1551 ut
3237 1507 3421 1553 custo-

1830 1573 1943 1628 diat
1969 1589 2064 1632 eos
2095 1592 2125 1631 a
2154 1580 2316 1647 malo,
2351 1580 2525 1636 donec
2561 1585 2881 1652 perveniant
2922 1587 2988 1639 ad
3028 1587 3144 1642 loca
3184 1590 3416 1659 requiei,

1830 1680 1896 1721 eo
1923 1667 2064 1737 quod
2100 1668 2223 1724 facti
2290 1679 2414 1727 sunt
2441 1673 2515 1727 illi
2565 1675 2747 1730 amici.
2804 1674 3011 1733 Scitote
3057 1691 3234 1735 autem
3274 1682 3420 1751 ejus-

1832 1758 1975 1812 modi
2008 1775 2180 1814 meam
2205 1776 2329 1818 esse
2358 1779 2456 1833 pro
2497 1765 2648 1820 vobis
2665 1768 3104 1837 deprecationem
3131 1776 3196 1825 ad
3224 1772 3417 1837 Deum,

1836 1860 1893 1905 ut
1929 1862 2112 1907 servet
2139 1868 2292 1909 vosa
2352 1856 2521 1923 malo,
2576 1858 2745 1915 donec
2794 1863 3120 1929 perveniatis
3175 1866 3242 1919 ad
3298 1865 3417 1920 loca

1834 1944 2070 2014 requiei,
2100 1955 2156 2000 et
2211 1955 2271 2000 ιιι
2334 1948 2488 2003 vobis
2544 1949 2808 2021 largiatur
2849 1954 3279 2010 benedictionem
3322 1972 3419 2026 pa-

1836 2042 1975 2087 trum
2006 2044 2339 2089 nostrorum.
2390 2037 2602 2093 Etenim
2662 2039 3068 2097 benedictiones
3129 2044 3245 2098 ista:
3278 2047 3324 2099 si
3359 2047 3415 2099 in

1833 2123 1987 2177 vobis
2014 2124 2456 2190 iubabitaverint,
2483 2131 2715 2183 maxima
2769 2130 2921 2187 vobis
2971 2134 3159 2201 gratim
3205 2133 3297 2189 liet
3327 2151 3422 2190 ac-

1833 2214 2029 2269 cessio.
2056 2213 2502 2287 Quandoquidem
2534 2204 2704 2276 Jacob
2733 2220 3175 2291 Mesopotamiam
3207 2233 3417 2295 petens,

1834 2313 1954 2374 post
1985 2315 2264 2373 acceptam
2306 2306 2763 2378 benedictionem,
2806 2314 2942 2368 vidit
2974 2317 3217 2386 angelos,
3251 2317 3418 2372 bene-

1834 2396 2080 2466 dixitque
2117 2411 2241 2451 eum
2298 2398 2441 2455 Deus
2479 2403 2549 2457 ob
2600 2404 2898 2472 praestitam
2946 2406 3266 2474 parentibus
3289 2409 3421 2462 obe-

1835 2484 2116 2551 dientiam,
2150 2500 2451 2557 eorumque
2477 2488 2904 2548 benedictiones.
2934 2491 3069 2547 Cum
3123 2505 3308 2549 autem
3336 2495 3422 2549 vi-

1833 2573 2008 2629 disset
2041 2578 2264 2646 angelos
2293 2578 2435 2633 facie
2471 2582 2540 2635 ad
2584 2580 2782 2636 {aciem
2834 2583 2935 2638 sibi
2970 2593 3316 2655 apparentes,
3344 2593 3426 2640 te—

1835 2667 1953 2721 nuit
1985 2684 2149 2723 unum
2186 2684 2400 2735 eorum,
2466 2673 2640 2728 donec
2718 2674 3072 2743 multiplicem
3120 2678 3426 2747 accepisset

1837 2759 1905 2812 ab
1941 2759 2032 2814 illo
2060 2760 2518 2830 benedictionem,
2561 2780 2668 2834 qua
2718 2764 3001 2820 benedixit
3037 2766 3180 2823 tilios
3207 2781 3426 2838 quocse

1835 2866 1988 2906 suos.
2022 2851 2288 2908 Similiter
2316 2855 2479 2909 etiam
2509 2855 2697 2910 infelix
2744 2870 2844 2926 ego
2893 2857 3063 2912 Deum
3116 2873 3293 2914 meum
3329 2858 3425 2915 de-

1835 2959 2050 3014 precor,
2080 2945 2164 2998 cui
2203 2961 2231 2999 a
2261 2946 2496 3015 pueritia
2535 2961 2661 3000 mea
2680 2961 2853 3017 usque
2898 2963 3040 3001 nunc
3077 2949 3337 3018 inservio,
3370 2960 3426 3005 at

1838 3051 1933 3091 vos
1955 3036 2260 3101 benedicat,
2314 3048 2618 3109 augeatque
2653 3039 3157 3106 benedictionibus,
3193 3050 3252 3095 ut
3281 3042 3424 3097 tiatis

1840 3127 1979 3195 patri
2014 3136 2201 3181 nostro
2238 3125 2409 3182 Jacob
2445 3126 2915 3182 benedictionibus
2957 3127 3155 3183 referto
3186 3168 3202 3193 ,
3236 3130 3290 3185 in
3312 3133 3426 3201 spi-

1839 3218 2034 3273 ritibus
2055 3227 2110 3272 et
2135 3218 2457 3289 corporibus
2501 3218 2701 3273 vestris
2731 3218 2960 3274 similes.
3008 3219 3217 3276 Scitote
3243 3220 3427 3291 itaque

1839 3309 1980 3379 quod
2011 3322 2168 3379 pater
2196 3318 2381 3366 noster
2400 3308 2569 3365 Jacob
2596 3311 2723 3365 dum
2769 3319 2916 3365 esset
2937 3310 2989 3364 in
3032 3312 3427 3382 Mesopotamia

1840 3402 2156 3457 recordatus
2184 3411 2272 3457 est
2297 3410 2582 3470 parentum
2610 3418 2857 3470 suorum,
2883 3412 2939 3457 et
2974 3416 3223 3459 reversus
3250 3414 3336 3459 est
3371 3405 3425 3457 in

1841 3500 2040 3546 terram
2075 3507 2272 3561 suam;
2309 3502 2365 3547 et
2389 3493 2584 3548 timens
2628 3493 2857 3548 fratrem
2897 3509 3076 3560 suum,
3129 3493 3325 3549 obtulit
3367 3494 3418 3549 ei

1840 3593 2134 3653 antequam
2157 3583 2349 3640 obvius
2379 3583 2456 3639 illi
2483 3593 2652 3650 esset,
2679 3594 2913 3655 quatuor
2948 3601 3208 3651 munera;
3235 3597 3291 3641 et
3314 3587 3430 3658 qui-

1840 3675 1961 3731 dem
1996 3675 2082 3731 bis
2131 3675 2355 3731 minime
2396 3676 2675 3747 indigebat
2726 3674 2846 3746 ejus
2892 3676 3081 3743 frater,
3117 3694 3239 3733 cum
3282 3688 3428 3734 esset

1839 3766 1998 3820 valde
2028 3766 2219 3832 dives;
2248 3781 2436 3822 verum
2466 3766 2569 3821 hoc
2605 3765 2735 3822 fecit
2787 3772 2856 3822 ad
2902 3768 3303 3825 dissolvendam
3328 3771 3433 3826 ini-

1843 3859 2107 3914 micitiam
2137 3861 2432 3929 quaeinter
2476 3867 2772 3931 utrumque
2810 3860 3225 3930 intercedebat,
3273 3873 3329 3919 et
3361 3865 3430 3921 ad

1843 3952 2290 4020 consequendam
2354 3962 2641 4022 parentum
2689 3967 2912 4007 suorum
2956 3953 3429 4023 benedictionem;

1843 4046 2051 4101 sciebat
2076 4046 2222 4100 enim
2252 4045 2511 4100 virtutem
2546 4044 2942 4101 benediCtiunis
2983 4056 3267 4116 parentum
3297 4062 3425 4103 suo-

1845 4154 1963 4193 rum
1994 4138 2289 4192 maximam
2322 4152 2467 4193 esse.
2520 4136 2793 4204 Scriptum
2846 4150 3081 4206 namque
3104 4148 3187 4192 est
3205 4129 3229 4192 ἐ
3258 4136 3431 4191 Bene-

1842 4230 2003 4282 dictio
2025 4240 2235 4299 patrnm
2272 4227 2546 4281 descendet
2581 4227 2638 4280 in
2662 4227 2804 4294 ﬁlios
2831 4227 2899 4279 ⁸ο.
2927 4228 3004 4281 Ex
3049 4243 3194 4283 nunc
3225 4228 3431 4297 itaque,

1845 4320 2188 4375 dilectissimi
2215 4319 2341 4385 tnei,
2380 4319 2433 4373 in
2468 4318 2723 4387 gaudium
2753 4319 2885 4373 tnihi
2945 4319 3072 4386 erit,
3107 4328 3165 4373 ut
3194 4334 3326 4375 mea:
3351 4320 3435 4374 in~

1846 4411 2120 4467 felicitatis
2160 4426 2430 4466 memores
2461 4410 2617 4477 sitis;
2648 4425 2749 4466 nec
2771 4425 2879 4467 non
2912 4418 3200 4481 parentum
3224 4424 3432 4467 vestro-

140 4519 261 4563 nec
292 4505 768 4575 imperturbabiles
801 4518 929 4562 sunt
957 4505 1166 4573 ctl'ecti,
1214 4506 1283 4563 de
1342 4507 1487 4563 nullo
1518 4507 1739 4577 penitus
1771 4511 1816 4567 D
1847 4521 1963 4559 rum
1983 4504 2281 4560 carnalium
2307 4504 2690 4566 recordemini,
2715 4512 2774 4558 ut
2802 4504 3138 4560 descendant
3157 4520 3321 4575 super
3337 4522 3433 4562 vos

141 4597 373 4656 solliciti
400 4608 548 4654 sunt.
588 4599 680 4654 Sic
712 4614 805 4655 vos
830 4615 949 4656 esse
993 4599 1173 4670 cupio,
1220 4616 1287 4656 ac
1315 4615 1412 4656 vos
1436 4600 1621 4656 videre
1645 4601 1742 4656 de-

142 4692 341 4748 sidero
369 4693 440 4746 ob
466 4692 688 4747 nimiam
720 4694 885 4749 vestri
912 4694 966 4748 in
1002 4692 1113 4749 Deo
1170 4693 1492 4749 cbaritatem
1514 4732 1530 4757 ,
1579 4708 1739 4764 quem

140 4799 289 4855 rogo
310 4793 471 4839 noctu
522 4777 726 4857 diuque
751 4826 768 4852 ,
796 4796 856 4841 ut
907 4787 1211 4842 inhabilem
1249 4787 1302 4841 in
1334 4787 1487 4842 vobis
1517 4786 1744 4841 benedi-

138 4875 369 4933 ctiones
398 4886 611 4947 patrum
669 4887 1007 4943 nostrorum,
1064 4887 1120 4932 et
1177 4878 1486 4933 benedictio
1521 4891 1739 4950 quoque

143 4969 656 5041 mei-infelicium
704 4970 979 5025 resideant
1039 4969 1091 5024 in
1126 4971 1279 5026 vobis
1335 4968 1734 5025 intellectuales

142 5066 410 5131 virtutes,
435 5074 491 5119 et
539 5063 853 5133 transigatis
888 5063 1155 5132 reliquum
1205 5062 1328 5117 vita:
1360 5071 1557 5118 vesmc
1589 5062 1738 5117 omni

141 5157 377 5230 gaudio.
446 5155 658 5210 Etenim
708 5154 1021 5225 quicunque
1077 5155 1217 5209 banc
1268 5170 1579 5209 mensuram
1633 5170 1741 5209 non

142 5248 428 5319 attigerit,
452 5246 874 5317 haudquaquam
896 5246 1199 5302 caelestium
1235 5246 1430 5316 gaudia
1462 5248 1744 5301 nancisci-

144 5354 272 5399 tur.

231 5432 444 5490 Scitote
472 5433 625 5500 item,
668 5431 816 5490 lilioli
847 5430 977 5491 mei.
1021 5440 1291 5503 urmccpta
1351 5443 1526 5499 neque
1559 5430 1745 5500 gravia

140 5538 287 5583 esse
308 5538 488 5596 neque
516 5524 809 5591 laboriosa,
837 5504 932 5579 sed
976 5522 1155 5577 lumen
1187 5535 1378 5576 verum
1400 5529 1455 5576 et
1488 5520 1744 5592 gaudium

48 5613 91 5659 ί
144 5617 555 5680 semuiternum
583 5616 1009 5689 adimplentibus
1060 5615 1451 5671 obedientiam.
1486 5614 1615 5670 Dico
1642 5629 1745 5669 au-

234 5801 281 5836 "
321 5797 479 5858 Rom.
505 5816 627 5874 vtu,
660 5800 750 5858 35.
825 5802 872 5836 "
907 5799 1040 5857 ibid.
1066 5798 1157 5856 38.
1179 5797 1272 5855 39.
1293 5798 1410 5887 ,ἐπ’
1449 5796 1606 5856 Joan.
1646 5813 1733 5855 xvi

1839 5802 1868 5865 ι,
1895 5794 1978 5861 t9,
2000 5793 2089 5861 es,
2125 5792 2216 5848 at.

1322 5889 1382 5899 Α...

1846 4613 2033 4653 eorum
2059 4597 2473 4652 benedictiones
2525 4595 2674 4650 omni
2716 4605 2979 4665 tempore.
3011 4595 3124 4652 Hoc
3154 4597 3307 4652 vobis
3330 4613 3430 4653 nu-

1849 4698 1959 4743 tum
2000 4689 2092 4743 sit.
2122 4689 2186 4742 Et
2229 4704 2332 4757 pax
2364 4688 2576 4744 Domini
2597 4700 2779 4744 servet
2812 4688 2975 4744 corda
3005 4699 3210 4753 vestra,
3235 4699 3289 4744 et
3309 4705 3437 4758 gra-

1849 4782 1921 4836 tia
1949 4782 2066 4851 ejus
2098 4782 2250 4837 vobis
2282 4781 2600 4850 opituletur.
2628 4780 2726 4837 Cui
2753 4780 2875 4836 laus
2909 4781 2978 4836 ab
3000 4780 3250 4836 omnibus
3276 4782 3437 4835 ratio-

1852 4875 2121 4931 nabilibus
2152 4876 2205 4931 in
2229 4885 2521 4931 teternum.
2545 4875 2746 4931 Amen.

2396 4967 2731 5025 EPISTOLA
2773 4967 2891 5024 XV.

2556 5060 2703 5114 Dixit
2739 5076 2757 5116 :
3082 5100 3107 5123 ο
3150 5098 3159 5106 -

1922 5153 2062 5208 Ante
2087 5152 2294 5219 omnia,
2325 5151 2475 5207 ﬁlioli
2537 5153 2642 5208 mei
2703 5152 2998 5217 benedicti,
3032 5150 3201 5207 Deum
3238 5150 3435 5220 depre-

1850 5261 1965 5312 cor,
1998 5256 2056 5299 ut
2085 5245 2240 5300 vobis
2262 5245 2558 5314 elargiatur
2585 5245 2880 5300 invisibilia
2917 5264 2931 5299 :
2969 5242 3181 5298 Etenim
3206 5243 3434 5297 uisibilia

1847 5338 1979 5403 Ittl’C,
2009 5336 2319 5407 temporalia
2344 5346 2466 5391 sunt
2517 5346 2564 5390 et
2598 5337 2833 5401 caduca;
2863 5334 2956 5388 illa
2978 5350 3098 5389 vero
3124 5332 3434 5399 invisibilia,

1848 5436 2071 5491 (eterna,
2115 5427 2481 5494 permanentia
2504 5426 2573 5480 ⁸⁸.
2611 5426 2677 5480 Et
2707 5439 2824 5480 mea
2848 5425 3063 5492 quidem
3110 5424 3228 5480 haec
3246 5424 3439 5490 depree

1847 5516 1994 5572 catio
2017 5530 2116 5587 pro
2139 5516 2296 5570 vobis
2319 5527 2424 5583 est,
2455 5516 2599 5587 quod
2645 5514 2901 5570 vidissem
2964 5514 3175 5572 fructus
3225 5525 3437 5570 vestros

1846 5608 2000 5663 vivos
2031 5608 2406 5675 rationabiles,
2430 5609 2651 5679 etquod
2702 5607 2830 5663 facti
2875 5608 3072 5664 essetis
3103 5609 3215 5664 Deo
3259 5606 3437 5664 Verbo

2278 5861 2282 5864 ι
2327 5793 2375 5826 ⁸⁰
2416 5792 2580 5850 Eccli.
2623 5807 2706 5862 nt,
2734 5792 2818 5849 il.
2921 5794 2964 5825 ⁸¹
3008 5792 3050 5851 ιι
3092 5792 3219 5852 Cor.
3247 5806 3319 5861 tv,
3348 5792 3433 5847 t3.
