3872 6278
512 358 649 446 issi

1622 378 1899 437 PATRES
1935 373 2234 435 ᾹΞΕῨΡΊΊΙ
2276 376 2552 435 SECULI
2591 378 2681 436 IV.

3638 394 3732 450 105?

513 502 757 561 haarados
791 512 958 571 atque
983 500 1296 572 participes.
1329 499 1694 565 Quamobrem
1743 501 2095 556 vehementer
2120 501 2171 560 Α
2197 494 2401 553 Christi
2431 497 2699 554 inhabitet
2736 498 2788 553 in
2820 500 3277 587 omnibusvohts.
3312 503 3412 559 Cui
3446 505 3556 561 laus
3579 525 3733 579 semper

446 599 461 608 ‘
512 610 609 651 cor
640 610 819 650 meum
848 594 1093 650 laetatum
1122 603 1235 651 est:
1265 592 1381 648 scio
1414 592 1612 664 quippe
1636 592 1803 646 Deum
1843 592 2012 647 lauari
2049 592 2103 647 in

517 688 585 744 iis
620 701 849 756 quorum
889 685 1099 755 fructus
1146 694 1273 739 sunt
1325 686 1395 741 ita
1428 685 1534 740 vivi
1571 685 1945 745 rationabiles,
1977 700 2125 738 θος-ι

511 794 619 848 que
645 778 751 835 sibi
781 774 1027 833 hmrodes
1079 792 1144 832 ac
1184 776 1477 847 participes
1526 775 1760 832 allicere.
1792 779 1864 831 At
1915 791 2107 832 omnes

511 885 746 940 quorum
803 868 1016 925 fructus
1073 870 1275 923 mortui
1315 878 1462 933 sunt,
1518 869 1942 938 haudquaquam
1995 870 2106 925 Dvo

513 962 815 1031 participes
841 968 1203 1032 reputantur;
1257 974 1443 1014 verum
1478 959 1596 1031 ipse
1635 961 1810 1030 magis
1865 960 1987 1014 illos
2020 975 2105 1015 re‘

514 1054 845 1122 prehendat,
901 1054 1043 1109 sicut
1094 1053 1250 1108 dixit
1283 1054 1566 1120 propheta,
1591 1052 1641 1107 id
1674 1052 1780 1106 illis
1804 1062 1993 1107 uotum
2021 1051 2104 1106 fac

514 1147 665 1201 ciens
694 1146 909 1201 dicente
927 1145 984 1199 ei
1040 1144 1152 1198 Deo
1201 1161 1215 1197 :
1255 1142 1440 1198 Clama
1469 1158 1587 1199 cum
1635 1142 1963 1213 fortitudine,
2015 1159 2107 1196 nec

512 1253 721 1305 parcas,
748 1246 797 1290 et
843 1235 1022 1290 exulta
1054 1250 1228 1288 vocem
1270 1246 1415 1287 tuam
1453 1235 1605 1305 quasi
1650 1236 1797 1295 tuba,
1855 1247 1903 1288 et
1931 1236 2106 1287 indica

514 1329 708 1397 populo
737 1344 850 1382 meo
892 1336 1108 1397 peccata
1160 1342 1366 1389 eorum,
1415 1334 1465 1380 et
1508 1325 1690 1380 domui
1711 1324 1880 1379 Iacob
1906 1326 2107 1380 scelera

517 1435 742 1481 eorum:
778 1422 969 1489 quippe
1001 1418 1153 1488 longe
1220 1435 1324 1472 non
1378 1428 1518 1482 sunt,
1570 1429 1617 1472 et
1667 1429 1900 1489 qumrent
1940 1434 2020 1472 me
2053 1421 2107 1473 in

518 1514 813 1567 novissimis
839 1513 1042 1566 diebus.
1104 1511 1219 1581 Ipsi
1274 1528 1392 1566 vero
1419 1528 1517 1566 sua
1572 1511 1828 1565 irascibili
1859 1514 2108 1579 concupi-

517 1607 719 1665 scentia
754 1606 1001 1658 dixerunt
1034 1617 1053 1655 :
1087 1603 1266 1668 Quare
1282 1603 1667 1673 jejunaviatus,
1697 1614 1746 1657 et
1778 1605 1989 1657 nescisti
2016 1619 2035 1668 ;
2058 1612 2106 1657 et

519 1697 916 1753 Itttmiliavimus
972 1699 1182 1753 animos
1236 1708 1464 1757 nostras.
1498 1708 1544 1750 et
1587 1713 1689 1751 non
1718 1697 1969 1766 aspeaisti
1989 1697 2011 1750 !
2042 1696 2107 1751 Et

522 1790 808 1858 respondit
855 1790 1207 1844 dicentibus:
1279 1788 1542 1854 Quoniam
1603 1788 1659 1841 in
1708 1787 1887 1841 diebus
1910 1787 2106 1856 jejunii

2208 588 2263 644 in
2299 601 2588 645 aeternum.
3178 617 3190 625 -

2743 681 3079 738 EPISTOLA
3120 684 3267 741 XVI.

2922 777 3071 831 Dixit
3102 794 3123 832 :

2286 862 2618 921 Rocenseam
2674 867 2852 932 vobis,
2891 867 3037 925 ﬁlioli
3071 870 3178 925 mei
3213 870 3567 935 dilectissimi,
3597 888 3731 941 parum

2210 970 2275 1009 ex
2318 956 2488 1025 gestis
2521 966 2735 1026 patrum
2761 968 3071 1015 sanctorum
3097 976 3363 1030 purormn
3386 1002 3401 1027 ,
3430 977 3557 1031 quos
3578 965 3729 1017 enim.

2209 1047 2285 1100 vit
2317 1048 2461 1101 Deus
2507 1059 2729 1118 propter
2780 1050 3254 1118 ltttmiliationem,
3314 1062 3369 1106 et
3424 1053 3731 1120 pristiutesna

2213 1141 2550 1207 paupertatis
2573 1139 2757 1209 jngem
2789 1142 3227 1201 recordationem
3256 1159 3271 1209 ;
3309 1143 3556 1212 deditque
3583 1143 3732 1198 illishic

2212 1230 2439 1300 gloriam
2469 1241 2523 1286 et
2550 1233 2790 1298 divitias,
2817 1248 2883 1287 eo
2917 1235 3063 1302 quod
3101 1228 3385 1290 hum‘iliati'
3432 1226 3549 1290 sunt
3576 1238 3630 1291 ex
3657 1232 3731 1289 ιοιὸ

2208 1323 2377 1377 corde
2411 1338 2531 1388 suo,
2551 1334 2843 1395 antequam
2884 1327 3263 1397 magniﬁcare:
3292 1343 3389 1382 eos
3434 1329 3577 1382 Deus.
3607 1327 3731 1381 Euar-

2211 1428 2395 1469 remus
2419 1415 2601 1486 itaque
2628 1418 2784 1472 vobis
2836 1419 3069 1488 primum
3110 1420 3178 1474 de
3210 1427 3366 1490 patre
3393 1431 3587 1493 patrum
3611 1420 3730 1472 Abra-

2210 1505 2354 1569 ltam,
2390 1521 2549 1575 quem
2578 1508 2721 1562 Dens
2741 1509 3001 1563 cxaitavit
3036 1509 3103 1564 de
3136 1522 3455 1585 paupertate
3478 1513 3537 1565 ad
3550 1510 3728 1567 divitias.

2207 1610 2263 1653 et
2300 1600 2369 1659 de
2394 1612 2707 1673 contemptu
2745 1603 2810 1657 ad
2842 1604 3069 1675 gloriam
3099 1623 3113 1660 :
3150 1621 3316 1661 omne
3350 1615 3520 1661 autem
3549 1608 3730 1661 hoccona

2208 1695 2488 1763 paraliter.
2525 1695 2634 1751 Nec
2656 1698 2777 1751 ideo
2808 1698 3047 1766 pristina:
3098 1714 3213 1753 sua:
3240 1700 3558 1768 paupertatis
3575 1682 3727 1752 obtunsi

2210 1796 2294 1839 est
2323 1787 2613 1854 Abraham,
2644 1805 2833 1844 verum
2868 1792 3182 1846 umbracula
3243 1791 3505 1846 incolebat
3540 1810 3554 1845 :
3585 1792 3727 1846 simili-

519 1880 678 1935 vestri
707 1880 1018 1933 invenimini
1048 1881 1298 1949 facientes
1335 1879 1651 1933 voluntatem
1682 1891 1969 1940 vestrorum
1997 1897 2109 1934 ma-
2140 1857 2183 1912 Β
2216 1885 2404 1946 terque
2436 1876 2605 1942 lsaac,
2640 1891 2693 1933 et
2723 1879 2911 1935 Jaroh.

521 1971 653 2036 lant,
694 1982 742 2026 et
778 1974 831 2025 in
867 1989 954 2026 eos
984 1975 1075 2043 qui
1135 1974 1190 2027 in
1232 1981 1402 2028 vestra
1438 1981 1560 2026 sunt
1594 1978 1850 2040 potestate
1873 1970 2109 2029 crudelei

519 2066 664 2129 estis,
700 2068 876 2133 caiiita
899 2083 1079 2121 eorum
1104 2069 1345 2122 radentes
1367 2084 1387 2122 :
1411 2080 1457 2122 et
1481 2069 1753 2138 jejunium
1784 2081 2010 2123 vestrum
2033 2059 2108 2124 est

522 2157 593 2210 ad
621 2156 881 2223 judicium
946 2169 993 2212 et
1024 2161 1405 2216 contentiones.
1448 2160 1579 2213 Cum
1639 2170 1815 2213 autem
1864 2162 2110 2230 hujusce-

519 2249 664 2301 modi
684 2249 821 2313 sitis,
846 2246 1114 2318 jejunium
1130 2244 1358 2303 vestrum
1384 2267 1488 2304 non
1518 2253 1834 2306 exaudiam:
1859 2254 2109 2320 quoniam

519 2337 619 2389 Itoc
648 2352 751 2395 non
797 2348 874 2391 est
922 2336 1192 2407 jejunium
1238 2340 1380 2407 quod
1428 2338 1596 2409 elegi,
1642 2340 1775 2393 dixit
1835 2340 2108 2395 Dominus.

518 2423 789 2480 Prteterea
818 2427 896 2480 ait
945 2426 1221 2483 :Etiamsi
1248 2430 1464 2484 torseris
1513 2430 1706 2483 collum
1755 2439 1903 2484 tuum
1959 2433 2111 2503 quasi

520 2516 797 2583 circulum,
828 2528 879 2572 et
913 2536 1067 2573 sacco
1094 2522 1311 2574 indutus
1338 2521 1522 2590 fueris,
1576 2530 1625 2575 et
1671 2522 1898 2576 cinerem
1922 2534 2113 2578 strave-

519 2607 871 2673 risgmiuime
898 2610 995 2663 hoc
1007 2610 1273 2680 jejunium
1296 2611 1615 2681 aéceptabil‘e
1641 2620 1719 2665 est
1738 2612 1832 2667 ⁸¹.ο

598 2698 807 2759 Scitote
834 2702 1036 2772 itaque,
1084 2703 1236 2758 ﬁlioli
1270 2704 1402 2770 mei,
1433 2705 1547 2759 haec
1572 2719 1694 2760 esse
1718 2702 1931 2760 fructus
1955 2694 2111 2759 mor;

521 2798 645 2846 tuos
672 2806 687 2844 :
730 2791 859 2847 hinc
879 2806 1071 2847 oumes
1095 2807 1157 2848 ea
1185 2803 1571 2865 perpetrantes
1594 2810 1702 2850 non
1726 2798 1948 2851 exaudit
1972 2797 2112 2853 Dens

518 2893 641 2936 cum
681 2881 1051 2951 deprecantur
1075 2883 1248 2949 illum,
1276 2885 1369 2939 sed
1404 2886 1577 2955 magis
1608 2901 1702 2943 eos
1729 2889 2107 2956 reprehendet.

525 2973 880 3045 Evangelium
918 2991 1133 3046 quoque
1172 2986 1422 3032 sanctum
1454 2980 1558 3035 hoc
1590 2980 1747 3035 nobis
1768 2983 2006 3036 ostendit
2033 2984 2113 3036 die

524 3079 658 3121 cens
682 3082 695 3120 :
719 3064 779 3120 Si
803 3082 926 3137 ergo
964 3067 1141 3122 iumen
1162 3068 1305 3135 quod
1332 3071 1385 3122 in
1420 3071 1562 3125 vobis
1591 3080 1689 3135 est,
1714 3073 1938 3127 tenebrae
1956 3089 2109 3142 sum;

521 3155 889 3222 ipstctenebrte
932 3159 1059 3227 quid
1084 3168 1236 3213 erunt
1283 3159 1373 3214 "2
1401 3160 1672 3230 Propheta
1705 3163 1869 3218 etiam
1904 3164 2013 3219 alio
2051 3167 2104 3221 in
2133 3200 2176 3259 ϐ

521 3248 643 3305 loco
679 3252 844 3306 dicit:
883 3251 1070 3307 Omnis
1112 3254 1319 3322 quidem
1366 3253 1585 3327 justitia
1631 3267 1802 3312 vestra
1828 3275 1983 3327 penes
2025 3265 2109 3314 me

519 3351 599 3397 est
636 3354 886 3413 tanquam
920 3344 1280 3399 assumentum
1311 3326 1653 3402 menstrtiatte
1668 3342 1892 3405 “.‘Cum
1925 3344 2112 3420 itaque

462 3500 473 3513 δ
520 3436 927 3507 eognoveritis,
969 3436 1255 3494 liliolimei
1305 3438 1691 3505 dilectissimi,
1757 3439 1854 3496 hos
1900 3436 2111 3500 fructus

522 3537 802 3595 mortuos;
835 3530 901 3583 de
936 3543 1209 3599 quoquam
1237 3528 1449 3585 illorum
1487 3530 1705 3587 solliciti
1734 3548 1855 3588 esse
1895 3535 2107 3602 nolitis,

524 3632 593 3674 ne
648 3632 1005 3690 corrumpant
1051 3621 1260 3677 fructus
1306 3633 1520 3678 vestros
1560 3623 1712 3679 vivos
1739 3627 2107 3684 rationabiles.

522 3708 635 3780 Ego
660 3717 837 3766 autem
870 3710 1097 3781 supplex
1145 3711 1313 3768 Deum
1366 3729 1466 3769 oro
1496 3726 1594 3783 pro
1626 3716 1781 3770 vobis
1804 3756 1820 3781 ,
1851 3726 1963 3772 uta
1989 3733 2112 3773 cor-

526 3802 777 3872 raptione
798 3813 981 3858 servet
1010 3802 1220 3861 fructus
1278 3816 1511 3875 vestros,
1552 3822 1755 3878 eosque
1790 3796 2111 3882 multiplicet

523 3892 898 3965 adaugeatqne
962 3895 1017 3950 in
1077 3896 1313 3965 gratiam
1352 3906 1592 3952 vestram
1643 3909 1698 3952 et
1726 3900 1981 3969 gaudium
2014 3918 2109 3958 ve-

526 3992 699 4039 serum
727 3993 783 4039 et
813 3985 1160 4044 dilectionem
1217 3988 1444 4043 fratrum
1486 3999 1541 4043 et
1572 4003 1866 4055 pauperum
1894 4006 1909 4056 ;
1939 4003 1993 4046 et
2014 4010 2111 4063 np.

527 4076 685 4133 timss
707 4087 916 4134 vestras
942 4082 1169 4135 virtutes
1206 4089 1531 4148 vestrosque
1564 4076 1771 4135 fruetus
1796 4097 1952 4137 veros
1986 4099 2108 4153 per-

523 4166 697 4235 ﬁciat,
731 4170 909 4225 donec
935 4171 1290 4241 egrediamini
1314 4171 1382 4225 ab
1411 4172 1512 4225 hoc
1536 4170 1810 4227 domicilio
1839 4185 1907 4229 et.
1945 4175 2111 4230 simul

521 4262 862 4318 conveniatis
900 4264 953 4317 iu
994 4263 1170 4319 locum
1199 4263 1372 4328 illum,
1410 4263 1463 4318 in
1500 4279 1607 4334 quo
1638 4281 1747 4321 non
1779 4277 1865 4322 est
1887 4271 2108 4324 tttorbns

525 4368 703 4424 neque
733 4355 1209 4424 angustia'neqne
1254 4355 1476 4418 malum,
1512 4357 1604 4410 sed
1636 4358 1913 4427 gaudium,
1938 4371 1989 4416 et
2025 4362 2110 4416 lac-

526 4445 669 4513 titia,
696 4456 751 4501 et
789 4446 979 4516 gloria,
1012 4455 1067 4500 et
1098 4450 1339 4511 coronae,
1373 4457 1427 4502 et
1454 4448 1784 4513 diademata,
1815 4457 1868 4504 et
1896 4449 2113 4506 fructus

2289 1966 2505 2021 Poterat
2537 1971 2736 2039 quippe
2763 1972 3033 2025 Abraham
3071 1973 3276 2040 ubique
3306 1974 3404 2027 sibi
3441 1973 3612 2040 palatia
3636 1971 3727 2025 mili—

2217 2056 2377 2110 ﬁcare
2404 2057 2474 2111 ob
2509 2060 2704 2112 multas
2733 2060 2969 2126 divitias,
3000 2078 3119 2132 quac
3150 2064 3199 2116 ci
3241 2054 3395 2116 facta:
3426 2052 3538 2115 sunt
3563 2063 3607 2115 in
3632 2073 3726 2110 amo

2213 2156 2269 2201 el
2323 2158 2549 2218 argento
2604 2158 2656 2203 et
2709 2151 2881 2210 servis
2929 2162 2985 2206 et
3037 2153 3255 2208 ancillis
3305 2163 3357 2208 et
3396 2153 3653 2223 jnmentis;
3688 2145 3725 2201 ui

2215 2237 2395 2291 sciens
2456 2241 2599 2308 quod
2630 2240 2675 2294 si
2730 2242 2892 2295 corde
2956 2244 3295 2312 paupertatis
3341 2257 3539 2313 semper
3576 2253 3726 2294 meum

2218 2337 2388 2394 esset,
2436 2345 2709 2400 nunquam
2746 2332 3164 2389 oblivisceretur
3210 2333 3553 2388 multitudinis
3596 2332 3724 2383 bono-

2213 2434 2333 2472 rum
2378 2435 2499 2490 qua:
2535 2422 2606 2476 illi
2642 2421 2770 2479 fecit
2805 2424 2966 2491 Deus,
3003 2426 3212 2482 idcirco
3251 2428 3353 2482 ltoc
3394 2425 3590 2479 minime
3624 2436 3721 2490 pm!-

2216 2513 2376 2578 ξιίιίι,
2405 2515 2502 2569 sed
2534 2515 2844 2570 tunhracnla
2890 2516 3138 2573 incoluit.
3173 2518 3289 2586 Qua
3333 2518 3396 2572 de
3424 2529 3570 2570 causa
3598 2526 3721 2580 appa-

2214 2605 2323 2659 ruit
2363 2605 2412 2660 ei
2456 2605 2596 2661 Deus
2632 2609 2764 2663 duos
2814 2609 3018 2665 habens
3062 2623 3251 2665 secum
3294 2608 3528 2679 angelos,
3572 2598 3721 2659 sedenti

2209 2694 2365 2765 juxta
2399 2699 2651 2752 arborem
2681 2697 2949 2754 Mambre:
2972 2700 3222 2771 Cumque
3252 2701 3505 2756 sollicitus
3530 2693 3645 2750 (esset
3674 2684 3718 2742 δέ

2215 2786 2444 2843 Domino
2477 2802 2664 2845 nostro
2697 2793 3017 2862 angelisque
3061 2794 3208 2867 ejus,
3265 2793 3459 2849 nemini
3505 2797 3719 2843 servom"!

2214 2893 2435 2934 suorum
2469 2885 2724 2953 praecepit
2771 2895 2832 2939 ut
2871 2896 3057 2956 ageret
3090 2887 3143 2942 id
3184 2887 3328 2957 quod
3368 2892 3597 2955 praestare
3620 2892 3714 2930 con-

2180 2962 2498 3038 Lstituerat,
2548 2990 2616 3029 ne
2657 2975 3072 3033 oblivisceretur
3115 2979 3308 3047 gratia:
3348 2989 3496 3045 quam
3527 2970 3589 3026 illi
3619 2981 3715 3022 cos-

2214 3073 2453 3118 cesserat
2482 3066 2604 3135 post
2642 3082 2792 3122 suam
2828 3069 3263 3125 humiliationem
3291 3081 3345 3125 et
3376 3069 3715 3139 paupertatem:

2212 3168 2399 3210 verum
2431 3158 2660 3227 ipsemet
2693 3176 2787 3215 sua
2830 3152 3125 3218 venerabili
3161 3171 3458 3227 senectute,
3496 3170 3597 3228 qua:
3628 3163 3718 3207 cenv

2211 3248 2463 3301 tesimum
2515 3250 2808 3305 exc’edebat
2863 3267 3100 3319 annum,
3150 3259 3221 3310 ad
3264 3271 3357 3310 sua
3408 3248 3613 3322 perrexit
3651 3259 3715 3298 ar-

2210 3347 2422 3405 menta,
2479 3340 2851 3412 optimumque
2898 3345 3079 3400 attulit
3119 3348 3380 3410 vitulum,
3426 3353 3475 3396 ct
3521 3336 3714 3395 mactavit

2210 3428 2379 3485 illum.
2407 3430 2473 3486 Et
2506 3433 2722 3503 ipsimet
2755 3434 2902 3489 Sara:
2934 3439 3089 3493 uxori
3121 3454 3237 3493 suae
3263 3435 3500 3509 praecepit
3543 3441 3592 3486 ut
3617 3441 3715 3482 cow-

2211 3523 2467 3580 misceret
2499 3526 2603 3581 tria
2629 3537 2745 3582 sata
2777 3526 2992 3596 similae,
3021 3529 3489 3587 circumstantibus
3518 3521 3709 3580 omnibus

2209 3630 2397 3671 eorum
2430 3618 2606 3675 servis
2651 3621 2978 3689 cunctisque
3008 3624 3255 3681 ancillis:
3289 3622 3536 3678 Abraham
3562 3623 3717 3681 autem,

2210 3718 2333 3765 cum
2365 3711 2469 3767 illis
2512 3713 2585 3767 ad
2624 3709 3012 3770 comedendum
3057 3706 3711 3795 obtuliSset,stabatcornnt

2209 3804 2291 3860 eis
2315 3814 2569 3876 tanquam
2603 3822 2807 3878 pauper
2838 3809 2929 3880 qui
2964 3809 3141 3866 nullos
3173 3811 3388 3865 haberet
3417 3815 3595 3864 servos.
3618 3794 3709 3851 Pro-

2210 3904 2333 3965 pter
2375 3911 2535 3965 quam
2566 3899 2782 3967 quidem
2819 3912 3196 3969 paupertatem
3226 3915 3379 3973 quam
3414 3904 3617 3967 apertam
3644 3886 3713 3937 ha-

2210 3989 2374 4043 bebat
2412 4004 2596 4044 coram
2636 3990 2903 4058 Domino,’
2929 4009 3050 4050 sese
3093 3995 3169 4051 illi
3206 3993 3429 4065 aperuit,
3459 3999 3504 4044 et
3534 3976 3711 4051 implent

2209 4081 2258 4133 ei
2300 4095 2515 4134 onmem
2566 4098 2717 4137 suam
2770 4084 3138 4153 voluntatem,
3171 4088 3406 4155 dixitque
3448 4079 3514 4134 illi
3555 4076 3599 4131 in
3652 4069 3711 4122 die

2210 4170 2344 4225 illo:
2389 4170 2507 4224 Hoc
2550 4176 2731 4227 eodem
2782 4184 3009 4243 tempore
3049 4180 3289 4232 vertentis
3329 4173 3445 4229 anni
3482 4169 3564 4224 erit
3600 4161 3709 4215 Sam:

2209 4260 2353 4329 ﬁlius
2375 4262 2439 4319 ".
2474 4259 2534 4316 Et
2567 4263 2637 4317 ita
2676 4263 2797 4332 fuit,
2837 4266 3248 4339 ltabueruntqne
3277 4266 3437 4320 Isaac.
3471 4258 3553 4314 Hic
3576 4261 3708 4307 autem

2210 4352 2361 4411 Isaac
2388 4366 2505 4411 erat
2530 4358 2678 4412 dives
2710 4358 2883 4422 valde,
2911 4370 2967 4414 et
2993 4376 3197 4431 panper
3227 4361 3391 4414 factus
3413 4362 3487 4410 est
3516 4351 3560 4403 in
3580 4341 3703 4400 corde

2209 4460 2328 4509 suo,
2375 4448 2448 4501 ita
2485 4456 2542 4500 ut
2570 4445 2845 4503 Palicstini
2898 4449 3045 4503 illum
3100 4460 3346 4521 tanquam
3377 4449 3620 4516 pauperem
3644 4442 3709 4495 ον’

525 4537 753 4607 puri,et
776 4536 1016 4591 Ecclesia
1062 4545 1397 4601 sanctorum,
1449 4547 1505 4592 et
1541 4539 1834 4595 haereditas
1893 4555 2107 4609 perma-
2140 4544 2183 4597 D
2212 4538 2542 4605 p‘rimerent,
2593 4554 2691 4594 nec
2746 4551 3025 4611 propterea
3070 4557 3195 4598 cum
3230 4543 3330 4596 illis
3377 4523 3705 4611 contendebat:

532 4644 699 4695 nens,‘
713 4638 769 4683 et
794 4627 1008 4697 reliqua
1051 4628 1184 4681 bona
1225 4643 1343 4695 quia
1373 4630 1555 4683 adultis
1590 4647 1692 4684 non
1719 4631 1870 4696 vidit,
1897 4641 1943 4685 et
1964 4633 2109 4685 auris

526 4735 631 4773 non
658 4719 884 4783 audivit,
933 4735 1024 4774 nee
1071 4733 1317 4776 venerunt
1362 4723 1417 4775 in
1445 4737 1537 4776 car
1568 4724 1794 4777 hominis
1818 4722 1885 4778 ⁸⁸.
1934 4721 2109 4791 Cupio

524 4820 748 4875 autem,
799 4810 963 4866 ﬁlioll'
1004 4812 1109 4867 mei
1160 4814 1455 4880 benedicti,
1516 4824 1575 4870 ut
1617 4814 1951 4884 opitulemini
1982 4814 2107 4869 huic

524 4917 662 4957 mea:
692 4904 942 4973 petitioni
968 4915 1023 4959 et
1062 4906 1422 4977 magnitudini
1468 4907 1775 4962 dilectionis
1817 4920 1949 4961 mea:
1980 4914 2114 4976 erga

518 5005 642 5063 sos,
668 4999 721 5050 in
749 4996 1003 5065 operibus
1022 4986 1236 5053 Domini
1250 4998 1434 5054 “ﬁrmis
1453 4999 1706 5054 cordibus
1727 4999 2101 5069 persistentes.

526 5086 797 5150 Prmterca
828 5088 976 5142 illum
1011 5105 1161 5161 rogo,
1193 5100 1252 5145 ut
1298 5105 1401 5145 vos
1426 5090 1547 5147 .hoc
1581 5099 1821 5160 tempore
1846 5089 1985 5144 malo
2012 5105 2107 5144 cn-

525 5179 748 5245 stodiat,
789 5189 845 5234 et
874 5191 935 5235 ut
964 5182 1260 5236 incolumes
1296 5181 1415 5236 sitis
1462 5168 1712 5251 corpore
1742 5189 1797 5236 et
1831 5181 2011 5235 anima
2043 5197 2108 5236 ac

529 5271 746 5342 spiritu,
764 5280 819 5326 et
843 5271 1141 5342 elargiatur
1164 5272 1317 5326 vobis
1344 5272 1631 5327 scientiam
1661 5271 1714 5327 in
1741 5271 2013 5339 onmihns,
2050 5281 2110 5326 ut

526 5363 839 5432 eripia-tnini
860 5379 891 5418 a
932 5363 1211 5417 fraudibus
1240 5348 1421 5418 εωοὴιί
1451 5364 1607 5432 hujus
1627 5372 1683 5420 et
1711 5365 1783 5420 sit
1809 5366 1964 5420 vobis
2002 5378 2123 5435 par

527 5463 586 5511 et
605 5456 858 5526 gaudium
890 5464 946 5509 et
973 5454 1203 5510 salvatlo
1232 5455 1284 5509 in
1321 5453 1552 5511 Domino
1581 5457 1649 5510 ah
1689 5456 1810 5512 istis
1845 5455 2109 5513 fructibus

529 5549 760 5604 mortuis
790 5547 969 5613 malis,
993 5562 1223 5618 quorum
1253 5547 1497 5602 omnimn
1528 5549 1703 5613 radix,
1729 5548 1907 5603 inanis
1938 5548 2107 5619 gloria

526 5651 614 5697 est
643 5653 700 5697 et
736 5642 983 5712 corporis
1033 5641 1210 5712 quies.
1249 5638 1316 5694 Et
1349 5656 1461 5711 pax-
1508 5639 1721 5697 Domini
1766 5642 1937 5696 nostri
1975 5641 2105 5698 .lesu

2214 4629 2340 4682 hinc
2377 4605 2880 4697 multipliCaba-ntu—r
2927 4630 3044 4702 ejus
3080 4634 3279 4687 divitia:
3324 4642 3427 4700 pne
3454 4621 3559 4677 illis.
3586 4605 3706 4667 Simi-

2211 4720 2335 4775 liter
2370 4729 2424 4774 et
2455 4717 2625 4775 Jacob
2662 4725 2792 4775 cum
2847 4701 3174 4779 decrevisset
3209 4716 3459 4793 proﬁcisci
3499 4713 3543 4765 in
3575 4701 3705 4797 Mess-

2209 4813 2501 4881 potamiam
2554 4823 2679 4868 ante
2724 4815 2930 4870 obitum
2978 4815 3127 4872 lsaac
3177 4816 3339 4888 patris
3383 4807 3484 4869 Sui,
3524 4800 3705 4888 amplis

2211 4909 2277 4958 ab
2309 4919 2376 4958 eo
2419 4904 2923 4975 benedictionibus,
2972 4887 3235 4965 dimisita
3281 4920 3336 4962 se
3380 4887 3703 4983 multitudinf'i:

2213 4997 2424 5052 illarum
2471 4998 2783 5054 divitiarum
2844 5002 3131 5057 ambulans
3177 5005 3227 5057 iu
3275 4994 3573 5069 paupertate,
3592 4965 3703 5075 bii“!

2206 5092 2409 5144 habens
2448 5087 2645 5158 praeter
2687 5094 2844 5147 suum
2895 5094 3145 5149 baculum
3180 5103 3233 5149 et
3280 5085 3509 5143 viaticum
3550 5069 3603 5125 ad
3632 5069 3704 5116 ίιετ

2204 5181 2514 5251 snlliciens;
2561 5179 2889 5242 recumbens
2938 5184 3088 5254 vero,
3128 5184 3287 5257 capiti
3321 5174 3525 5250 lapidem
3551 5168 3700 5226 SUPPO‘

2215 5277 2399 5332 nebat.
2996 5270 3019 5275 ”
3236 5278 3257 5287 ”
3300 5276 3304 5281 ’
3404 5272 3407 5277 ’
3662 5329 3673 5341 ,

2286 5368 2628 5441 Quapropter
2690 5372 2861 5438 magis
2913 5382 3076 5442 atque
3132 5367 3293 5440 magis
3345 5360 3521 5416 ditatus

2218 5459 2377 5514 domo
2408 5423 2660 5515 avunculi
2704 5462 2785 5516 sui
2821 5423 3026 5517 Labad.
3058 5423 3247 5517 Volens
3280 5460 3442 5556 autem
3466 5423 3699 5556 fixit:

2217 5548 2435 5606 domtmi
2476 5553 2645 5624 patris
2695 5553 2801 5618 sui,
2851 5555 3185 5624 paupertatis
3230 5561 3327 5604 ηοη
3360 5545 3433 5596 εει

2217 5611 2546 5715 multiplices
2573 5611 2880 5716 qute’l‘actm
2908 5611 3067 5702 erant
3094 5646 3143 5700 ei
3186 5636 3388 5700 divitias
3412 5648 3423 5684 :
3449 5617 3612 5692 ili'il‘pe
3633 5611 3684 5670 qu

591 5820 651 5858 "'
670 5821 776 5877 lea.
811 5838 966 5895 um,
1001 5826 1115 5880 1-5.
1187 5824 1236 5859 ⁸³
1272 5824 1466 5882 Matth.
1530 5843 1606 5895 τι,
1633 5812 1731 5882 Ὡῦ.
1788 5827 1853 5860 -⁸³
1892 5826 1993 5883 lsa.
2032 5842 2108 5882 ις]

2210 5826 2256 5883 Β.
2334 5827 2381 5860 ⁸⁸
2405 5825 2426 5881 1
2451 5825 2575 5883 Cor.
2609 5842 2666 5887 tt.
2696 5825 2749 5880 9.
2811 5827 2857 5859 "
2889 5826 3022 5883 Gen.
3055 5804 3318 5890 m..,-to.
