3872 6278
236 333 376 394 1033
1235 331 1292 388 S.
1335 330 1614 388 ANTONII
1656 331 1725 386 Μ.

1968 329 2062 384 l'lS
2103 327 2483 385 EPISTOLAE.
3359 332 3497 388 1031

235 444 541 519 paupertati
588 458 800 512 semper
840 442 939 498 fuit
987 445 1252 509 addictus,
1285 445 1527 513 quinimo
1560 461 1676 500 eam
1728 460 1822 502 co-
1847 456 1900 515 Α
1926 444 1995 498 ob
2025 443 2473 512 ruultiplicitatem
2508 443 2832 498 mirabilium
2867 459 2986 514 quae
3014 459 3080 500 eo
3113 447 3452 514 perpetrabat
3480 465 3494 480 ο

233 555 350 595 ram
384 536 609 607 Domino
639 537 851 605 aperuit
895 536 1126 592 dicens:
1163 534 1399 591 Transivi
1430 536 1716 589 Jordattem
1762 539 1815 589 in
1919 535 2087 590 altera
2131 543 2214 587 est
2261 536 2327 588 ad
2367 535 2598 603 propria:
2641 537 2975 606 paupertatis
3023 539 3378 600 memoriam.
3431 557 3500 596 ne

235 629 421 684 baculo
449 645 581 691 meo,
607 638 658 682 et
689 644 826 681 nunc
860 628 1030 698 factus
1053 645 1168 682 sunt
1200 628 1339 682 inter
1362 629 1493 682 duas
1525 639 1725 682 turmas
1750 628 1814 681 ⁸⁷.
1919 624 2240 692 gloriaretur
2273 625 2326 678 in
2367 627 2530 680 corde
2563 642 2680 691 suo,
2727 629 2822 682 sed
2872 628 3079 686 diceret
3107 646 3120 682 :
3155 629 3280 686 llaec
3326 632 3500 690 virtus

233 722 476 792 Aspicite
520 735 736 790 quoque
785 720 966 787 illum,
1010 721 1281 790 quomodo
1326 735 1430 775 non
1487 727 1572 774 est
1617 720 1816 774 oblitus
1919 729 2023 768 non
2054 723 2134 769 est
2173 730 2310 780 mea,
2342 717 2434 771 sed
2466 717 2698 772 Domini.

234 814 569 884 paupertatis
619 827 789 881 usque
834 813 902 868 ad
953 823 1163 882 tempus
1207 812 1291 868 sui
1336 813 1543 878 obltus;
1588 811 1682 882 qui
1734 813 1817 866 in-
1990 803 2183 860 Fertur
2208 806 2370 861 etiam
2416 806 2640 862 Debora:
2667 821 2760 862 cor
2801 806 3096 862 exaltatum
3144 823 3247 864 non
3295 807 3492 874 fuisse,

232 905 494 964 eutnbens
535 917 696 971 super
727 903 901 958 baculi
923 903 1030 957 'sui
1061 902 1408 960 extremitate
1448 901 1809 956 circumstau-
1921 911 2044 949 cum
2079 896 2407 953 obtinuisset
2436 913 2466 950 a
2500 897 2611 954 Deo
2639 913 2883 968 magnam
2920 900 3062 953 illam
3089 899 3496 962 exultationem.

241 991 387 1047 tibus
429 991 576 1058 ﬁliis,
622 991 702 1045 eis
756 991 1033 1045 mandavit
1077 990 1268 1046 dicens
1299 1009 1311 1045 :
1346 989 1523 1044 Nolite
1569 989 1818 1045 oblivisci
1920 987 2061 1057 quod
2093 995 2178 1043 est
2209 1002 2397 1057 regere
2425 988 2734 1045 universum
2765 989 3052 1059 populum;
3079 1003 3264 1046 verum
3294 1003 3501 1047 memor

233 1081 471 1151 pristina:
509 1080 861 1150 paupertatis,
897 1079 993 1133 lilii
1041 1078 1166 1142 mei,
1209 1085 1427 1148 propter
1458 1079 1558 1132 has
1601 1077 1818 1132 divitias
1921 1090 2040 1136 erat
2075 1079 2356 1138 muliebris
2396 1080 2624 1146 ordinis,
2659 1080 2943 1149 virumque
2975 1088 3136 1150 caput
3174 1077 3334 1135 suum
3377 1094 3501 1136 esse

233 1187 354 1243 qua
403 1171 556 1228 vobis
622 1170 774 1226 factae
821 1181 967 1226 sunt.
1027 1170 1155 1225 Erat
1203 1179 1383 1223 autem
1435 1167 1656 1223 baculus
1704 1167 1820 1235 ejus
1924 1172 2217 1228 fatebatur.
2255 1172 2434 1238 Quare
2472 1186 2595 1226 cum
2630 1155 2930 1227 decreverit
2983 1187 3107 1226 cum
3149 1172 3336 1230 Sisara
3375 1187 3501 1241 rege

232 1276 448 1332 semper
481 1261 628 1318 omni
672 1270 913 1330 tempore
957 1261 1009 1314 in
1061 1275 1220 1316 manu
1255 1259 1420 1324 illius.
1467 1275 1534 1313 ne
1573 1259 1820 1328 magniﬂ-
1923 1263 2225 1327 decertare,
2259 1263 2430 1318 Barac
2467 1263 2777 1328 accersivit,
2812 1264 3065 1333 deditque
3096 1263 3144 1318 ei
3177 1271 3497 1333 potestatem

237 1361 456 1409 caretur
491 1366 588 1408 cor
634 1352 750 1422 ejus
804 1352 1149 1407 multitudine
1199 1366 1422 1407 suarum
1481 1350 1817 1416 divitiarmn,
1923 1363 1981 1407 ut
2010 1354 2475 1423 proﬁcisceretur,
2509 1362 2563 1408 et
2592 1353 2895 1409 decertaret
2940 1355 3200 1410 adversus
3231 1355 3497 1413 Sisaram.

145 1426 161 1439 ’
237 1444 362 1498 illas
392 1442 731 1512 aspiciendo;
767 1452 822 1499 et
859 1454 918 1498 ιιι
966 1443 1344 1498 recordaretur
1372 1457 1482 1497 suae
1520 1443 1818 1508 servitutis,
1925 1445 2028 1500 Sed
2069 1459 2247 1515 neque
2287 1455 2537 1500 sanctum
2585 1445 2754 1500 Barac
2791 1447 3006 1500 seduxit
3042 1448 3214 1504 honor
3244 1447 3346 1502 iste
3385 1464 3502 1503 ma-

236 1550 403 1604 quam
429 1535 674 1589 exercuit
701 1535 756 1590 in
797 1535 955 1590 domo
980 1535 1228 1590 avunculi
1255 1535 1338 1590 sui
1372 1533 1592 1596 Laban;
1625 1534 1821 1603 quippe
1926 1537 2126 1600 ximus,
2166 1551 2341 1606 neque
2383 1536 2477 1591 Dei
2523 1530 2985 1606 dispensatioiium
3017 1548 3103 1592 est
3133 1539 3363 1604 oblitus,
3405 1540 3502 1594 sed

232 1626 292 1681 in
337 1641 498 1683 manu
526 1626 640 1698 ejus
677 1634 795 1682 erat
821 1626 946 1684 dum
991 1627 1249 1696 pascebat
1290 1639 1486 1696 greges
1528 1624 1694 1678 illius.
1734 1624 1822 1679 Si-
1924 1625 2204 1694 respondit
2244 1626 2292 1681 ei
2321 1643 2332 1679 :
2366 1623 2422 1680 Si
2471 1626 2640 1680 venies
2688 1642 2910 1691 merum,
2959 1627 3144 1682 vadum
3163 1628 3231 1681 Μ.
3283 1627 3504 1682 Sciebat

239 1718 446 1773 militer
491 1728 547 1772 et
581 1716 779 1786 Joseph
827 1733 948 1774 cum
989 1727 1235 1789 regnaret
1287 1732 1452 1787 super
1493 1715 1816 1788 IEgyptum,
1923 1716 2068 1769 enim
2108 1716 2276 1772 Deum
2307 1731 2428 1770 cum
2458 1731 2522 1770 ea
2550 1730 2692 1782 esse,
2733 1724 2786 1771 et
2817 1717 3053 1785 regimen
3085 1717 3371 1774 tradidisse
3403 1719 3500 1782 illi,

241 1823 351 1863 non
392 1817 476 1862 est
506 1807 706 1864 oblitus
749 1807 832 1862 sui
864 1807 1052 1878 ipsius,
1088 1823 1187 1863 nec
1215 1822 1339 1863 eum
1373 1807 1566 1877 puduit
1599 1807 1650 1861 id
1695 1820 1818 1876 ape-
1850 1792 1894 1847 Β
1924 1808 1996 1861 ita
2045 1815 2105 1860 ut
2137 1821 2268 1862 sane
2311 1805 2524 1861 Debora
2574 1807 2648 1861 illi
2689 1807 2893 1862 diceret
2930 1826 2945 1862 :
2990 1807 3051 1863 Si
3099 1823 3306 1878 egressa
3353 1809 3504 1878 {uero

245 1899 358 1954 rire
403 1897 715 1962 Pharaoni,
769 1899 996 1953 dicendo
1046 1900 1306 1956 fratribus
1348 1917 1363 1954 :
1415 1897 1476 1953 Si
1523 1899 1817 1954 sciscitatus
1921 1908 2114 1962 tecum,
2152 1906 2274 1952 tuus
2309 1913 2413 1951 non
2450 1899 2546 1951 erit
2580 1898 2783 1960 honor;
2821 1900 2908 1952 sed
2952 1899 3174 1963 dicetur,
3206 1901 3346 1968 quod
3391 1910 3504 1954 trn-

237 1992 401 2059 fuerit
440 2007 526 2046 vos
563 1990 796 2054 Pharao,
824 1990 983 2046 dicite
1010 1993 1100 2046 ei:
1127 1991 1276 2047 Servi
1307 1991 1406 2055 tui,
1437 2000 1672 2061 pastores
1698 2001 1817 2047 sunt
1920 1989 2064 2043 ditus
2094 1989 2162 2043 sit
2193 1990 2246 2042 in
2266 2005 2468 2052 ,ntanus
2512 1988 2748 2044 mulieris
2773 1990 2835 2042 ".
2880 1989 3254 2054 Considerate,
3289 2006 3499 2058 quaeso,

232 2081 592 2148 iumentorum
613 2080 680 2136 ⁸⁸.
711 2079 862 2147 Quod
901 2094 1032 2135 sane
1079 2079 1350 2150 praastitit,
1386 2094 1451 2134 ne
1493 2079 1821 2148 gloriaretur
1925 2079 2075 2134 ﬁlioli
2121 2080 2257 2145 mei,
2299 2089 2539 2134 mutuam
2594 2079 2784 2134 horum
2852 2081 3232 2136 reverentiam.
3281 2080 3505 2138 Debora

232 2186 404 2242 penes
431 2171 793 2227 Pharaonem.
825 2171 1068 2242 Aspicite
1096 2171 1370 2240 quomodo
1404 2185 1626 2240 regnum
1658 2177 1822 2238 atque
1923 2183 2160 2238 namque
2195 2184 2290 2240 par
2316 2177 2433 2224 erat
2462 2170 2681 2225 dicere:
2716 2171 2976 2228 Dominus
3005 2172 3151 2227 dedit
3187 2173 3318 2228 mihi
3361 2174 3506 2228 hunc

240 2261 445 2318 divitia:
474 2275 597 2316 eum
625 2260 872 2316 oblivisci
905 2276 1016 2316 suae
1049 2259 1368 2315 humilitatis
1398 2268 1454 2314 et
1485 2259 1820 2329 paupertatis
1922 2259 2202 2324 honorem,
2235 2274 2395 2328 quem
2463 2259 2619 2315 alteri
2662 2275 2767 2315 non
2813 2260 2986 2328 dabo;
3012 2276 3198 2319 verum
3229 2261 3507 2318 enimvero

236 2351 651 2423 haudquaquam
684 2353 941 2409 inducere
984 2359 1293 2424 potuerunt.
1330 2350 1454 2406 Pari
1489 2365 1706 2420 quoque
1741 2364 1822 2404 ra-
1922 2365 2134 2404 memor
2164 2349 2266 2404 fuit
2299 2348 2579 2423 muliebris
2624 2349 2835 2404 ordinis
2880 2351 2949 2406 ob
2981 2352 3160 2406 cordis
3189 2352 3272 2406 sui
3320 2353 3500 2407 burni-

235 2441 389 2496 tione
447 2439 658 2510 Moyses
710 2441 1095 2510 prophetarum
1168 2437 1436 2492 maximus
1488 2450 1609 2511 cum
1679 2433 1822 2489 ﬁlius
1923 2439 2152 2495 litatcm.
2187 2439 2294 2494 Par
2324 2454 2539 2509 quoque
2584 2451 2703 2496 erat
2744 2440 2936 2504 Barac,
2985 2450 3042 2495 ut
3077 2451 3296 2514 accepta
3347 2454 3506 2515 pote-

236 2531 413 2587 factus
440 2539 591 2587 esset
650 2530 775 2586 ﬁlia:
822 2529 1154 2596 Pharaonis,
1207 2537 1264 2583 et
1307 2527 1558 2584 omnibus
1599 2525 1822 2596 ,Ευριί
1923 2539 2063 2590 state
2093 2546 2122 2584 a
2163 2530 2372 2586 Debora
2406 2539 2656 2602 pergeret
2709 2531 2858 2588 solus
2900 2533 2967 2588 ad
3021 2532 3237 2602 bellum,
3282 2544 3340 2592 ut
3387 2537 3508 2607 gloo

234 2623 438 2694 potitus
469 2632 617 2678 esset
665 2623 968 2688 thesauris,
1024 2620 1321 2677 recordans
1366 2628 1543 2674 tamen
1595 2617 1822 2672 fratrum
1926 2622 2179 2688 riaretur,
2232 2632 2288 2676 et
2344 2623 2550 2678 diceret
2592 2637 2608 2677 :
2657 2623 2768 2693 Ego
2821 2624 2921 2679 vici
2985 2623 3248 2683 Sisaram.
3307 2627 3507 2685 Verum

240 2730 464 2770 suorum
496 2723 902 2785 procreatarum
935 2727 1000 2768 ex
1032 2713 1333 2778 Abraham,
1367 2725 1526 2781 quem
1555 2708 1818 2766 exaltavit
1927 2713 2101 2784 magis
2142 2712 2422 2781 magisque
2467 2714 2828 2768 humilitatem
2875 2714 2977 2770 sibi
3022 2717 3232 2783 ascivit,
3267 2727 3325 2772 ut
3365 2734 3508 2788 prae-

242 2807 386 2862 Deus
416 2806 486 2862 ob
526 2806 640 2876 ejus
687 2803 1115 2878 humiliationem
1161 2812 1216 2858 et
1256 2810 1660 2871 paupertatem,
1698 2800 1825 2854 vita:
1924 2814 2009 2859 sto
2048 2805 2096 2859 ei
2148 2813 2294 2860 esset
2342 2804 2584 2859 divinum
2636 2807 2921 2861 auxilium.
2975 2806 3240 2866 Similiter
3291 2826 3511 2880 quoaun

244 2913 436 2952 eorum
477 2911 696 2966 operam
754 2895 995 2959 navavit,
1040 2893 1316 2952 recedens
1357 2894 1422 2947 ab
1466 2891 1724 2961 Egypto,
1771 2898 1826 2945 et
1926 2893 2225 2960 Gedeonis,
2276 2909 2397 2950 cum
2445 2897 2642 2951 dixerit
2691 2897 2739 2952 ei
2784 2898 3008 2968 angelus
3060 2900 3270 2956 Domini
3309 2921 3324 2957 :
3369 2903 3509 2958 Ecce

238 2989 419 3045 factus
447 2997 529 3043 est
557 2989 760 3044 advena
799 2987 852 3041 in
894 2996 1039 3041 terra
1085 2984 1297 3038 Madian
1335 2981 1690 3052 quadraginta
1725 2995 1822 3034 an-
1927 2985 2083 3040 mitto
2117 2994 2169 3040 te
2207 2985 2273 3039 ad
2324 2986 2698 3042 debellandum
2743 3003 2924 3058 regem
2966 2987 3210 3055 Madian,
3262 3006 3369 3047 non
3422 3003 3514 3050 est.

244 3081 362 3147 nis;
391 3091 614 3149 eratque
651 3078 803 3151 panis
835 3078 955 3148 ejus
989 3087 1043 3131 et
1079 3090 1220 3146 aqua
1249 3078 1364 3142 ejus
1393 3087 1554 3142 super
1599 3070 1827 3126 humero
1853 3122 1894 3178 ϐ
1929 3075 2226 3130 exaltatum
2265 3091 2378 3138 cor,
2412 3077 2504 3130 sed
2548 3091 2757 3132 memor
2802 3077 2904 3132 fuit
2951 3080 3182 3148 pr0pria2
3229 3081 3510 3138 humilita-

243 3172 362 3241 ejus
401 3186 624 3242 pascens
667 3185 818 3226 oves.
868 3167 1066 3224 Videns
1098 3177 1275 3222 autem
1335 3165 1473 3218 Deus
1510 3160 1824 3218 .ruultitudi-
1853 3160 1894 3178 “'
1929 3167 2030 3231 tis,
2069 3175 2123 3220 et
2167 3166 2515 3234 semetipsum
2569 3167 2808 3235 pluribus
2857 3170 3029 3225 modis
3085 3170 3307 3227 vilitatis
3349 3187 3510 3228 accu-

245 3280 370 3322 nem
401 3263 540 3318 illius
568 3261 977 3323 liusniliationis,
1005 3259 1272 3314 allocutus
1305 3263 1390 3310 est
1435 3269 1560 3308 eum
1589 3253 1818 3308 dicens:
1926 3255 2094 3320 savit,
2146 3262 2205 3308 ut
2251 3270 2280 3306 a
2330 3255 2580 3326 superbia
2623 3256 3012 3312 vindicaretur.
3066 3257 3308 3313 Primum
3361 3262 3508 3316 enim

243 3355 518 3410 Revertere
551 3356 604 3408 in
636 3353 945 3424 IEgyptum,
989 3362 1037 3406 et
1071 3361 1180 3405 esto
1209 3351 1449 3420 princeps
1482 3361 1639 3415 super
1664 3360 1828 3413 popu-
1926 3344 2100 3399 dixit:
2136 3344 2375 3406 Domine,
2424 3356 2534 3399 esto
2577 3361 2775 3400 mecum
2822 3357 2911 3400 tua
2957 3350 3221 3416 potentia,
3272 3361 3329 3404 ut
3377 3353 3511 3408 libe-

240 3446 354 3504 lttm
388 3445 479 3499 Dei
501 3448 567 3498 ⁸⁸.
612 3444 757 3498 Dixit
793 3443 1007 3515 Moyses
1049 3442 1316 3496 Domino:
1359 3437 1487 3492 Vide
1529 3436 1622 3490 tibi
1662 3435 1826 3488 alium
1927 3447 2071 3492 retur
2120 3435 2332 3500 Israel;
2384 3437 2574 3489 etenim
2617 3453 2708 3506 ego
2748 3446 2798 3491 et
2845 3439 3127 3492 multitudo
3171 3439 3283 3494 licet:
3322 3457 3508 3496 sumus

241 3547 436 3606 praeter
467 3551 547 3592 tne
584 3535 705 3588 ltuit:
747 3535 820 3588 rei
856 3533 1019 3601 magis
1061 3532 1344 3595 idoneum,
1387 3528 1574 3597 quippe
1611 3526 1828 3579 idoneus
1928 3527 2178 3596 oppressi,
2213 3537 2260 3579 et
2313 3542 2404 3595 ego
2449 3527 2697 3580 minimus
2731 3544 2847 3580 sum
2882 3530 3111 3582 omnium
3161 3531 3252 3599 qui
3296 3534 3511 3590 suntin

240 3644 348 3683 non
376 3627 587 3681 sunt”.
631 3625 698 3679 Et
743 3624 980 3678 irritavit
1025 3621 1312 3676 Dominum
1357 3617 1525 3673 verbo
1576 3615 1830 3684 hujuscc-
1929 3619 2082 3671 domo
2125 3617 2288 3686 patris
2332 3617 2463 3682 mei,
2511 3618 2600 3686 qui
2639 3627 2711 3670 est
2753 3632 2817 3671 ea:
2861 3617 3002 3671 tribu
3044 3619 3288 3676 Manasse
3309 3622 3376 3677 ’³.
3408 3622 3509 3682 Cui

241 3718 410 3777 modi.
445 3717 599 3784 Quod
634 3716 858 3770 verbum
887 3713 1102 3783 quidem
1145 3710 1213 3764 ad
1237 3710 1317 3764 sui
1371 3709 1539 3777 ipsius
1583 3716 1827 3761 contem-
1929 3707 2150 3777 angelus
2186 3707 2263 3761 ait
2294 3723 2308 3760 :
2346 3706 2536 3775 Perge,
2577 3724 2669 3776 ego
2715 3724 2802 3762 ero
2835 3711 3085 3768 lecunt“-
3124 3711 3375 3768 Allamen
3411 3714 3513 3769 Ιιιι·

240 3819 395 3880 ptum
433 3809 551 3872 fuit,
586 3806 807 3862 minime
834 3819 954 3859 sese
987 3803 1230 3857 exaltare
1256 3799 1466 3862 volens,
1500 3798 1724 3854 nimiam
1757 3796 1827 3850 ob
1931 3798 2160 3853 miliatio
2189 3797 2366 3853 cordis
2395 3797 2513 3864 ejus
2547 3813 2653 3852 non
2683 3800 2886 3854 dimisit
2918 3814 3038 3854 eum
3069 3816 3196 3856 cura
3224 3818 3453 3859 vacuum
3492 3823 3506 3861 :

242 3899 327 3956 sui
364 3897 791 3953 humiliationem
823 3910 950 3964 erga
999 3894 1089 3957 Dei
1141 3890 1522 3959 majestatem:
1555 3889 1646 3958 qui
1683 3887 1830 3944 dedit
1937 3889 2064 3944 hinc
2099 3889 2252 3960 signa
2282 3889 2349 3942 ab
2378 3887 2569 3961 angelo
2605 3889 2914 3944 sciscitatus
2947 3900 3048 3955 εει,
3076 3904 3140 3944 eo
3171 3893 3313 3962 quod
3347 3909 3510 3962 penes

244 3991 321 4048 illi
367 3991 578 4058 signum
612 3990 665 4044 in
705 3989 921 4060 pr0prio
956 3987 1169 4053 baculo,
1205 4001 1272 4040 ne
1321 3984 1654 4055 paupertatis
1691 3982 1828 4041 obli-
1929 3981 2276 4051 semetipsmn
2329 3988 2480 4033 tanto
2514 3980 2717 4033 llOllOl'e
2777 3980 3002 4035 minime
3032 3995 3090 4034 se
3128 3983 3346 4050 dignum
3392 3999 3513 4041 esse

241 4083 564 4148 visceretur,
609 4081 700 4136 sed
751 4080 952 4151 gratias
995 4086 1178 4149 ageret
1225 4075 1608 4132 beneﬁciorum
1660 4073 1826 4144 largi-
1929 4073 2292 4127 existimabat.
2338 4071 2517 4136 Quare
2572 4069 2857 4139 prtevaluit
2913 4080 3101 4127 contra
3154 4072 3362 4128 Madian
3409 4088 3512 4144 ope

258 4173 397 4237 tori;
427 4182 483 4228 et
511 4172 764 4242 praecepit
803 4171 850 4226 ei
884 4180 942 4226 ut
979 4169 1174 4225 baculo
1203 4182 1364 4237 quiem
1397 4182 1555 4220 manu
1590 4165 1825 4229 tenebat,
1930 4172 2090 4232 atque
2117 4162 2312 4216 virtute
2349 4159 2580 4224 Domini,
2613 4173 2934 4229 semperque
2968 4162 3209 4228 pristinae
3238 4178 3348 4216 sum
3376 4178 3511 4229 pau-

244 4262 759 4335 signaetmirabilia
780 4269 1135 4332 perpetraret.
1159 4259 1222 4314 Et
1241 4257 1420 4312 orunia
1443 4257 1658 4326 quidem
1676 4256 1829 4324 signa
1929 4252 2154 4322 perlatis
2204 4265 2413 4306 memor
2444 4260 2595 4313 erat,
2634 4250 2940 4318 superbiam
2995 4251 3224 4320 fugiens.
3275 4251 3513 4323 Roganti

244 4367 302 4410 ct
348 4354 618 4410 mirabilia
671 4353 872 4408 ﬁebant
921 4352 974 4406 in
1022 4351 1250 4407 Domino
1291 4347 1563 4402 mediante
1610 4345 1824 4408 baculo.
1930 4352 2107 4398 autem
2151 4340 2380 4411 populo,
2427 4349 2485 4394 ut
2535 4349 2680 4394 esset
2731 4341 2983 4410 princeps
3033 4357 3199 4412 super
3244 4357 3372 4409 eos,
3419 4360 3512 4400 re-

264 4451 324 4496 ιιι
373 4442 605 4512 prapria:
647 4441 980 4512 paupertatis
1029 4439 1406 4496 recordaretur
1444 4450 1540 4505 per
1582 4434 1827 4490 baculum
1862 4462 1906 4516 ι)
1931 4434 2150 4505 spondit
2183 4432 2490 4487 humilitate
2535 4432 2756 4487 cordis:
2793 4433 2916 4487 Non
2948 4450 3038 4488 ero
3081 4436 3320 4504 princeps
3355 4453 3515 4508 super

248 4546 412 4601 quem
445 4544 660 4602 semper
702 4547 862 4587 manu
917 4531 1132 4586 tenebat
1167 4545 1385 4601 :‘eoque
1419 4525 1604 4586 divisit
1653 4541 1823 4592 mare,
1931 4541 2041 4589 vos,
2067 4537 2228 4593 neque
2267 4521 2408 4590 [ilius
2447 4538 2589 4575 meus
2627 4523 2814 4585 etiam;
2846 4523 2934 4577 sed
2977 4523 3235 4580 Dominus
3267 4535 3344 4581 est
3369 4528 3516 4596 prin-

249 4637 318 4676 ac
357 4622 546 4682 eodem
576 4630 830 4693 operatus
870 4631 954 4678 est
989 4621 1256 4676 mirabilia
1307 4622 1358 4675 in
1395 4619 1650 4691 IEgypto.
1681 4617 1828 4674 Mare
1935 4631 2051 4684 ceps
2099 4629 2255 4683 super
2292 4629 2378 4667 ros
2402 4613 2469 4666 ".
2522 4613 2587 4667 Et
2627 4614 2822 4682 eripuit
2867 4631 2928 4671 se
2959 4630 2988 4669 a
3030 4617 3367 4686 principatu,
3415 4633 3517 4676 nec

246 4710 466 4781 quidem
491 4727 589 4782 par
613 4720 751 4778 erat,
777 4721 836 4765 ut
867 4721 977 4772 tum
1012 4712 1244 4766 divisum
1272 4710 1462 4765 fuisset
1482 4719 1538 4764 et
1571 4708 1825 4778 fugisset,
1935 4708 2194 4761 seducere
2225 4703 2372 4758 illum
2409 4705 2581 4773 potuit
2625 4705 2798 4760 honor
2829 4705 2881 4760 in
2923 4721 3216 4776 quoquam.
3248 4708 3516 4766 Similiter

248 4814 374 4853 cum
421 4797 646 4854 vidisset
687 4812 868 4854 coram
920 4797 1115 4870 populo
1168 4797 1474 4866 prtecedere
1524 4795 1828 4853 columnam
1935 4810 2150 4866 quoque
2199 4796 2352 4848 Anna
2403 4803 2576 4850 mater
2623 4792 2890 4851 Samuelis
2939 4799 3218 4865 propheta:
3271 4799 3514 4856 faciebat

249 4890 392 4961 ignis
419 4907 434 4944 :
468 4897 643 4946 tamen
669 4873 749 4944 sic
778 4903 882 4948 non
912 4888 1034 4952 fuit,
1065 4903 1252 4942 verum
1281 4886 1446 4958 Moysi
1475 4887 1639 4956 jussit
1659 4886 1827 4949 Deus,
1943 4889 2019 4942 illi
2053 4886 2436 4941 vestimentum
2465 4885 2693 4956 singulis
2721 4887 2880 4942 anuis
2905 4891 3202 4944 secundum
3238 4892 3517 4961 propriam

251 4992 311 5037 ut
348 4981 613 5036 divideret
670 4996 820 5036 mare
860 4979 1051 5035 baculo
1087 4995 1185 5034 suo
1211 4993 1372 5048 quem
1403 4993 1571 5035 manu
1599 4977 1836 5041 tenebat,
1945 4976 2313 5037 conditionem
2347 4977 2553 5045 (notum
2586 4975 2730 5030 enim
2765 4985 2848 5031 est
2884 4977 3136 5048 templum
3171 4975 3380 5034 Domini
3411 4995 3516 5034 non

248 5086 311 5130 ut
347 5075 390 5130 si
423 5074 866 5144 magniﬁcaretur
909 5088 1004 5128 cor
1037 5072 1256 5143 Moysis,
1287 5087 1351 5128 eo
1395 5073 1539 5142 quod
1589 5086 1737 5126 mare
1773 5081 1777 5120 l

1988 5080 2124 5136 gere,
2176 5074 2235 5118 ιιι
2285 5073 2457 5118 mater
2504 5067 2778 5134 propheta:
2811 5082 2876 5122 ex
2932 5069 3151 5138 proprio
3200 5069 3419 5135 afferret
3468 5073 3517 5125 ei

251 5164 482 5218 irruisset
509 5163 678 5228 illum,
706 5161 977 5231 aspiceret
1016 5160 1266 5216 baculum
1298 5174 1456 5229 quem
1488 5174 1646 5214 manu
1693 5167 1841 5212 tene-
1943 5155 2381 5224 vestimentum);
2414 5171 2600 5210 verum
2634 5159 2734 5210 hoc
2769 5159 3022 5228 praestitit
3070 5169 3242 5214 mater
3287 5161 3426 5227 ejus,
3456 5177 3522 5216 eo

256 5259 380 5318 hat,
431 5254 917 5322 recordareturque
967 5253 1115 5308 illum
1148 5253 1396 5307 eumdem
1439 5264 1560 5306 esse
1605 5264 1714 5318 quo
1745 5264 1841 5318 pa-
1946 5249 2086 5318 quod
2123 5249 2378 5319 templum
2427 5249 2495 5303 ab
2532 5249 2754 5306 ineunte
2801 5261 2958 5308 aetate
3006 5252 3284 5322 ingressus
3333 5255 3519 5317 fuerit.

257 5347 444 5400 scebat
470 5359 601 5400 oves
641 5345 694 5400 in
727 5346 967 5412 deserto,
994 5359 1116 5399 cum
1145 5351 1266 5398 erat
1298 5343 1502 5397 advena
1531 5349 1585 5396 et
1619 5355 1839 5410 pauper,
1946 5357 2012 5396 ne
2040 5341 2281 5397 diceret:
2315 5342 2426 5411 Ego
2455 5358 2574 5398 smn
2608 5344 2850 5414 angelus,
2883 5357 2974 5399 aut
3007 5347 3199 5410 virtus,
3233 5347 3377 5418 quod
3414 5348 3522 5400 vidi

258 5448 314 5490 et
363 5437 758 5490 humiliaretur.
809 5436 910 5504 Qui
965 5436 1181 5504 quidem
1234 5433 1456 5487 baculus
1501 5439 1618 5486 erat
1664 5429 1831 5497 Moysi
1946 5433 2301 5490 revelationes
2335 5434 2387 5487 in
2423 5434 2643 5503 templo.
2692 5434 2994 5490 Prtestabat
3041 5447 3219 5490 autem
3253 5438 3354 5491 hoc
3400 5439 3515 5490 sin-

262 5527 459 5598 duplici
495 5530 560 5584 de
581 5545 740 5585 causa
775 5544 791 5584 :
825 5531 993 5585 altera
1017 5529 1184 5585 estad
1213 5529 1356 5585 illius
1381 5525 1839 5598 magniﬁcentiam
1947 5526 2086 5596 gulis
2121 5528 2302 5595 annis,
2343 5537 2401 5583 ut
2438 5528 2484 5583 is
2532 5518 2781 5584 nosceret
2813 5531 3120 5599 certiorque
3172 5531 3331 5588 ﬁeret
3365 5531 3519 5599 cujus

333 5663 376 5694 ⁸⁷
412 5663 549 5718 Gen.
581 5681 748 5735 χχιιι,
782 5666 868 5720 10.
979 5667 1027 5699 ⁸⁸
1056 5666 1191 5722 Gen.
1237 5682 1383 5729 XLVI,
1429 5666 1516 5728 '55,
1569 5664 1661 5720 34.
1695 5734 1698 5735 ν
1750 5663 1820 5735 _"
1851 5664 1862 5717 Ι

1992 5666 2019 5717 I.
2051 5682 2133 5726 tn,
2165 5666 2254 5720 10.
2364 5668 2412 5708 ο⁰
2447 5667 2616 5726 Exod.
2669 5683 2741 5735 tv,
2798 5667 2885 5723 10.
3019 5668 3262 5726 "Judic.
3333 5687 3404 5733 tv,
3463 5669 3521 5726 8.

266 5733 312 5777 ’⁸
338 5735 468 5789 ibid.
499 5735 552 5790 9.
627 5735 673 5767 ”
700 5734 967 5802 Judic.vr,
1001 5739 1193 5792 13-15.
1269 5741 1315 5772 ⁸⁵
1341 5736 1469 5794 tbid.
1504 5737 1587 5791 16.
1668 5734 1712 5768 ⁹¹
1738 5732 1912 5791 Judic.
1946 5749 2040 5789 vrtt
2095 5737 2186 5790 '25.

586 5829 860 5889 ΡΑτιιοι.
908 5829 1026 5890 (in.
1074 5830 1205 5891 XL.
1727 5864 1737 5873 ο

3213 5829 3290 5890 33
