3868 6282
445 273 588 329 1035

1555 269 1832 328 PATRES
1868 265 2172 328 x’EGYPTIl
2211 269 2482 328 SIECULI
2519 271 2609 328 IV.

3549 279 3651 336 i036

443 402 593 450 esset
623 391 788 462 illius,
815 402 869 450 et
905 408 1117 452 memor
1161 402 1308 456 esset
1353 392 1673 450 humilitatis
1712 403 1768 450 et
1813 394 2026 465 generis
2057 400 2102 457 Α
2133 391 2388 447 fundatur
2447 403 2502 447 et
2566 390 2953 459 confringatur,
3017 399 3071 447 et
3117 392 3522 462 exstinguantur
3567 397 3649 466 ejus

442 487 551 544 sui.
574 486 778 543 Idcirco
799 487 968 558 magis
996 497 1155 558 atque
1176 489 1345 557 magis
1362 488 1639 543 crescebat
1656 486 1768 544 Deo
1791 487 2027 558 placens.

445 578 600 634 Anna
620 594 832 650 quoque
848 588 1022 635 mater
1047 579 1162 648 ejus
1185 578 1402 634 humilis
1427 588 1588 649 atque
1606 587 1884 634 mansueta
1907 576 2027 632 fuit.

440 665 753 736 Eodemque
805 667 966 722 modo
1018 663 1185 720 David
1220 664 1319 720 fuit
1361 665 1578 720 humilis
1606 673 1660 720 et
1693 673 2025 721 mansuetus.

511 756 920 828 Amplectamur
959 771 1088 827 ergo
1134 766 1188 812 et
1219 771 1338 820 nos,
1379 756 1734 820 dilectissimi,
1773 770 2029 812 mansue-

442 847 683 901 tudinem
713 853 767 900 et
801 837 1162 900 humilitatem
1205 845 1346 900 sicut
1375 844 1491 900 isti.
1525 844 1662 899 Nam
1713 845 1879 900 David
1908 845 2023 901 ait:

442 937 727 1004 Memento,
762 937 1001 1003 Domine,
1038 937 1237 1002 David,
1269 948 1316 991 et
1348 937 1695 992 multitudinis
1724 949 2028 993 mansuetu-

443 1031 588 1085 dinis
613 1029 726 1098 ejus
741 1024 807 1084 “.
836 1027 1079 1098 Dumque
1110 1029 1366 1099 pascebat
1386 1043 1514 1085 oves
1535 1031 1704 1098 patris
1737 1029 1843 1095 sui,
1865 1029 2027 1099 elegit

441 1134 565 1175 eum
615 1118 759 1175 Deus
808 1132 986 1188 regem
1037 1118 1138 1174 sibi
1189 1119 1570 1174 cbarissimum
1626 1135 1737 1190 prae
1769 1120 2024 1176 omnibus

443 1214 633 1267 domus
677 1212 844 1283 patris
885 1212 990 1267 sui.
1033 1209 1272 1280 Pergens
1302 1221 1487 1267 autem
1527 1213 1596 1267 ad
1634 1213 2020 1292 debellandum

441 1304 682 1369 Goliath,
714 1312 821 1360 tres
854 1303 1057 1374 lapides
1085 1318 1152 1358 ex
1186 1311 1424 1359 torrente
1471 1304 1700 1374 accepit,
1733 1313 1788 1359 et
1822 1304 1875 1358 in
1923 1319 2020 1359 sua

441 1396 626 1466 posuit
672 1410 842 1468 pera;
892 1395 1057 1451 sumit
1110 1409 1326 1465 quoque
1375 1393 1627 1451 baculum
1684 1409 1841 1450 suum
1911 1409 2022 1464 quo

440 1502 570 1543 oves
600 1487 875 1557 pascebat,
921 1487 1258 1556 accessitque
1288 1485 1355 1541 ad
1390 1485 1605 1541 Goliath
1637 1485 1934 1556 gigantem,
1967 1494 2020 1540 et

442 1578 733 1635 debellavit
775 1593 923 1644 eum,
954 1588 1008 1632 et
1049 1578 1103 1632 in
1139 1577 1350 1633 Domini
1381 1576 1579 1632 virtute
1607 1576 1737 1632 vicit
1778 1591 1935 1640 eum;
1965 1585 2020 1630 et

439 1670 552 1741 regi
586 1668 715 1724 Saul
761 1669 960 1736 astitit,
1012 1668 1151 1740 apud
1201 1683 1360 1738 quem
1414 1667 1748 1723 honorabilis
1797 1666 2019 1724 effectus

444 1733 548 1817 esi.
593 1759 704 1816 Nec
735 1733 1004 1814 dimisit’a
1035 1733 1096 1816 se
1127 1759 1199 1814 ob
1218 1733 1411 1828 palatii
1456 1757 1591 1829 regii
1637 1757 2018 1825 reverentiam,
2052 1733 2098 1790 Β

438 1851 690 1907 baculum
719 1861 810 1905 aut
845 1866 1026 1922 peram
1060 1865 1244 1916 suam;
1278 1865 1466 1905 verum
1499 1863 1595 1905 eos
1625 1864 1792 1920 penes
1822 1863 1881 1905 se
1909 1863 2018 1905 ser-

439 1944 621 2010 vavit,
664 1951 723 1998 ut
753 1950 900 1999 esset
948 1957 1044 1997 cor
1076 1941 1193 2010 ejus
1225 1956 1440 2011 semper
1494 1941 1696 1996 humile
1718 1982 1733 2009 ,
1779 1950 1834 1996 et
1865 1941 2020 1998 nobis

440 2033 718 2103 exetnplar
743 2048 850 2103 quo
887 2033 1217 2089 erudiamur.
1248 2031 1456 2088 Unctus
1498 2043 1676 2088 autem
1724 2043 2015 2102 unguento,

443 2134 497 2179 ct
545 2139 638 2179 rex
692 2123 951 2190 eﬂ'ectus,
999 2124 1076 2178 ait
1117 2142 1130 2178 :
1183 2121 1298 2178 Non
1350 2123 1639 2180 obliviscar
1686 2124 2020 2196 paupertatis

440 2226 495 2271 et
537 2217 858 2272 humilitatis
887 2231 1038 2281 meae,
1068 2230 1241 2284 neque
1269 2215 1553 2271 exaltabor
1582 2217 1636 2271 in
1666 2208 1845 2272 corde'
1866 2229 2010 2271 meo.

440 2307 508 2363 Et
557 2307 894 2363 manifestius
935 2307 1002 2363 de
1050 2306 1154 2362 hoc
1203 2307 1389 2362 eodem
1442 2306 1519 2360 ait
1557 2323 1574 2363 :
1622 2305 1872 2379 Domine,
1915 2321 2020 2359 non

439 2409 517 2454 est
547 2398 835 2454 exaltatum
870 2415 961 2453 cor
999 2414 1194 2466 meum,
1225 2414 1388 2468 neque
1411 2398 1537 2451 elati
1565 2408 1685 2452 sunt
1717 2399 1855 2451 oculi
1886 2399 2017 2461 mei;

439 2506 608 2560 neque
664 2489 934 2544 ambulavi
980 2491 1037 2543 in
1101 2489 1342 2559 magnis,
1382 2505 1546 2560 neque
1593 2490 1647 2542 in
1693 2488 2018 2544 mirabilibus

439 2597 550 2650 pra.-
579 2596 681 2634 me.
712 2577 774 2634 Si
803 2589 976 2633 autem
1015 2579 1320 2650 humiliatus
1352 2595 1454 2632 non
1491 2578 1660 2647 fuero,
1695 2579 1784 2632 sed
1825 2577 2018 2632 elevavi

439 2649 613 2726 uocent
673 2685 877 2734 meam;
931 2670 1066 2724 sicut
1117 2649 1365 2722 ablactati
1397 2685 1429 2722 a
1466 2670 1598 2722 lacte
1645 2671 1829 2722 matris
1881 2685 2014 2733 suae,

437 2761 514 2816 ita
565 2761 632 2816 sit
686 2759 959 2815 retributio
1005 2759 1059 2812 in
1115 2760 1292 2812 anima
1347 2775 1460 2812 mea
1490 2759 1556 2812 ⁸⁷.
1612 2757 1723 2812 llos
1796 2758 2014 2827 quidem

437 2851 677 2923 psalmos
708 2851 1125 2920 haudquaquam
1159 2851 1293 2904 dixit
1325 2851 1517 2917 David,
1550 2850 1651 2905 nisi
1691 2851 1816 2905 dum
1848 2865 2016 2918 regno

444 2950 595 2996 esset
622 2940 847 3010 potitus.
889 2937 1001 2994 Nec
1033 2938 1274 3009 pristina:
1299 2938 1495 2994 oblitus
1525 2948 1610 2994 est
1643 2955 1754 2995 suae
1787 2953 2016 3009 pauper-

438 3033 592 3097 tatis,
626 3033 718 3087 sed
749 3031 864 3086 ait:
900 3030 1154 3086 Minimus
1192 3047 1336 3084 eram
1373 3032 1512 3085 inter
1545 3032 1739 3101 fratres
1779 3048 1939 3096 meos,
1967 3042 2014 3086 et

439 3091 740 3179 adolescens
777 3124 832 3178 in
859 3123 1014 3177 domo
1045 3124 1208 3192 patris
1237 3124 1356 3188 mei,
1395 3091 1667 3190 pasce'bam
1700 3139 1814 3176 oves
1846 3091 2013 3190 patris
2041 3091 2088 3154 C

436 3219 538 3275 mei
573 3217 707 3289 (20).
735 3218 884 3283 Quos
912 3214 1130 3287 quidem
1161 3228 1441 3270 sermones
1475 3212 1635 3278 dixit,
1672 3221 1731 3266 ut
1757 3214 2013 3268 universo

437 3310 838 3366 inualescerent
871 3307 1090 3372 mundo,
1139 3305 1230 3374 qui
1277 3305 1507 3359 disceret
1543 3305 1610 3359 ab
1658 3303 1748 3358 illo
1797 3303 2013 3358 humili-

437 3406 602 3453 tatem
645 3405 698 3452 et
728 3405 1122 3467 paupertatem.
1161 3394 1425 3450 Similiter
1461 3411 1674 3467 quoque
1707 3395 1851 3452 Elias
1895 3411 2015 3465 pro-

433 3491 597 3562 pheta
643 3504 765 3545 cum
798 3487 1112 3559 multiplicia
1152 3497 1516 3559 perpetrasset
1563 3487 1855 3552 mirabilia,
1902 3475 2009 3542 non

436 3582 640 3638 dimisit
673 3596 702 3634 a
737 3595 796 3636 se
829 3580 1050 3651 pallium
1096 3594 1287 3644 suum,
1331 3595 1400 3634 ne
1453 3579 1752 3634 ascendens
1793 3577 2011 3648 quidem

435 3669 490 3725 in
530 3668 865 3738 paradisum,
910 3682 978 3723 ne
1009 3667 1450 3736 magttilicaretur
1480 3680 1574 3721 cor
1614 3665 1730 3735 ejus
1775 3666 2014 3720 multitu-

435 3762 562 3818 dine
593 3759 924 3815 mirabilium
952 3774 1072 3828 qua:
1102 3758 1368 3824 faciebat;
1400 3760 1494 3815 sed
1531 3775 1651 3814 cum
1679 3760 1790 3830 jam
1830 3774 2010 3815 ascen-

435 3852 598 3917 derit,
623 3849 850 3922 projecit
872 3849 1020 3904 illum
1040 3862 1202 3919 super
1221 3848 1464 3904 Elismum
1485 3845 1804 3918 discipulum
1827 3865 2009 3906 suum.

434 3944 730 3999 Accinctus
760 3956 976 4013 quoque
1004 3948 1122 3996 erat
1149 3940 1405 3996 coriaceo
1436 3941 1674 4010 cingulo,
1706 3955 1914 3996 memor
1952 3955 2010 3996 se

435 4035 709 4092 hominem
740 4046 862 4088 esse
911 4044 1222 4100 pauperem,
1249 4040 1304 4085 et
1336 4039 1394 4085 ut
1421 4031 1681 4086 memoria
1718 4030 1861 4086 illius
1894 4032 2012 4086 cin-

433 4125 543 4196 guli
585 4123 841 4191 eoriacei,
874 4137 986 4178 sua:
1026 4121 1270 4193 pristinae
1295 4123 1632 4195 paupertatis
1673 4137 1778 4178 non
1819 4123 2012 4180 oblivi-

431 4227 700 4275 sceretur.
738 4215 1002 4272 Similiter
1041 4214 1206 4271 etiam
1239 4214 1429 4271 Patres
1466 4214 1694 4285 apostoli
1724 4215 2010 4286 Dominum

431 4319 681 4367 nostrum
717 4308 900 4365 Iesum
932 4305 1209 4363 Christum
1235 4309 1385 4377 sequi
1420 4307 1763 4379 incipientes,
1797 4323 2014 4378 semper

435 4417 548 4457 suae
586 4402 828 4473 pristinae
863 4401 1197 4472 paupertatis
1235 4415 1507 4456 memores
1528 4407 1705 4467 erant,
1740 4411 1801 4456 ut
1829 4400 2012 4455 Domi-

432 4510 534 4550 uus
585 4502 767 4550 noster
816 4493 1046 4564 principi
1085 4491 1454 4562 apostolorum
1494 4490 1657 4546 Petro
1710 4492 1912 4548 diceret
1953 4491 2004 4546 in

431 4585 835 4654 Capharnaum,
871 4599 995 4640 cum
1045 4584 1306 4640 tributum
1351 4583 1419 4638 ab
1467 4582 1560 4638 illo
1589 4593 1734 4638 esset
1762 4582 2006 4654 postula-

432 4689 544 4731 tum
575 4693 588 4730 :
630 4674 777 4730 Vade
810 4675 879 4730 ad
906 4693 1069 4742 mare,
1101 4686 1151 4731 et
1185 4677 1332 4730 mitte
1354 4677 1566 4729 hamum
1604 4686 1793 4742 tuum;
1821 4686 1868 4731 et
1893 4678 2006 4746 pri-

430 4783 514 4820 mo
558 4769 690 4835 pisci
735 4769 823 4836 qui
852 4768 1166 4834 ascenderit,
1191 4768 1337 4836 aperi
1369 4784 1448 4835 os,
1485 4768 1812 4836 inveniesque
1846 4776 2009 4822 state-

430 4871 572 4918 rem;
613 4857 734 4909 tolle
760 4855 931 4918 illum,
965 4865 1012 4909 et
1047 4857 1119 4909 da
1152 4873 1246 4922 pro
1277 4873 1358 4910 me
1385 4867 1432 4910 et
1474 4857 1603 4911 te”.

501 4946 706 5016 Itaque,
747 4947 894 5001 Iilioli
921 4946 1048 5011 mei,
1079 4948 1304 5016 aspicite
1335 4947 1786 5019 quemadmodum
1820 4945 2009 5002 Petrus

431 5039 654 5094 minime
679 5054 707 5092 a
739 5053 798 5093 se
828 5038 1108 5093 dimiserat
1137 5039 1356 5092 hamum
1404 5054 1581 5102 suum,
1616 5052 1681 5091 ne
1715 5037 2004 5093 oblivisce-

433 5140 582 5183 retur
628 5128 948 5184 humilitatis
993 5137 1046 5184 et
1081 5130 1416 5199 paupertatis
1457 5144 1585 5184 suae.
1639 5128 1775 5185 Ilinc
1814 5129 2007 5184 scitule

432 5221 717 5276 Dominmn
749 5222 847 5277 hos
871 5236 1100 5291 quorum
1135 5221 1338 5277 mentio
1367 5222 1661 5290 przecessit,
1699 5219 2004 5289 protulisse,

431 5320 490 5364 ut
541 5311 904 5382 nosmetipsos
936 5311 1370 5374 bumiliaremus,
1412 5322 1466 5365 et
1497 5320 1554 5363 ut
1593 5310 1838 5366 diabolus
1881 5324 2012 5364 cou-

490 5443 536 5475 "
560 5441 700 5498 Psal.
731 5459 915 5509 cxxxr,
954 5445 1003 5498 I.

432 5525 510 5579 tv,
541 5512 627 5566 ιι.

1079 5445 1123 5476 ⁸⁷
1149 5441 1290 5496 Psal.
1329 5455 1490 5504 cxxx,
1522 5441 1572 5500 I.
1606 5440 1659 5494 2.
1737 5441 1782 5472 ⁸⁸
1811 5439 1999 5493 Matth.
2036 5455 2166 5505 xvu,
2195 5438 2285 5494 26.

716 5512 736 5542 ³
769 5513 933 5568 Marc.
964 5529 1003 5579 ι,
1031 5513 1120 5567 μ.
1197 5515 1217 5542 ⁵
1249 5511 1347 5567 Job
1377 5526 1432 5577 x,
1463 5511 1516 5575 6,
1552 5511 1603 5562 7.
1681 5511 1700 5542 ⁸
1724 5509 1823 5565 Job
1855 5525 2015 5562 xxxix

2121 5542 2150 5574 ι,
2183 5511 2271 5563 55.
2349 5513 2369 5542 ⁸
2401 5509 2500 5567 Ιδτί.
2539 5527 2611 5575 VI,
2646 5511 2698 5565 5.

2139 483 2296 551 ignea
2331 483 2506 552 jaeula
2541 482 3014 539 inilammantia”.
3041 481 3230 553 Neque
3263 484 3316 540 hi
3360 487 3524 540 sancti
3551 503 3652 554 pre-

2133 572 2230 628 lati
2284 574 2568 638 duntaxat,
2613 573 2786 642 iisque
2830 572 3057 639 similes,
3090 574 3326 643 proprize
3369 578 3649 644 paupertatis

2137 675 2430 721 memores‘
2464 665 2713 731 fuerunt;
2761 677 2949 719 verum
2999 665 3160 719 etiam
3226 663 3480 719 Dominus
3515 680 3656 722 uoster

2131 757 2298 812 lilium
2360 759 2524 812 David
2567 757 2921 827 semetipsum
2965 758 3280 827 appellavit,
3331 768 3385 813 et
3415 758 3476 813 de
3501 773 3552 814 se
3574 761 3658 829 ipso

2130 847 2267 903 dixit
2299 866 2312 902 :
2341 845 2512 901 Filius
2542 847 2767 901 hominis
2803 862 2907 901 non
2940 849 3074 900 venit
3099 847 3412 908 ministrari,
3438 849 3520 901 sed
3541 851 3658 902 mitti-

2129 939 2364 992 strare‘.
2422 937 2556 993 Cum
2608 949 2791 994 autem
2857 937 3139 993 dicebatur
3194 940 3292 995 ei:
3329 939 3406 992 Tu
3441 957 3491 994 es
3521 939 3658 995 Filias

2128 1028 2226 1082 Dei
2246 1028 2292 1096 ’,
2322 1028 2636 1098 increpabat
2667 1026 2974 1096 hujusmodi
3012 1029 3307 1084 dicentem.
3341 1030 3406 1084 Et
3448 1046 3556 1084 cum
3586 1032 3659 1084 mi-

2128 1121 2318 1176 rabilia
2351 1120 2697 1190 perpetrabat
2724 1131 2780 1175 et
2807 1121 3090 1183 sanitates,
3127 1121 3472 1192 praecipiebat
3495 1123 3562 1176 eis
3590 1122 3660 1175 dic

2127 1227 2255 1268 cens
2281 1230 2294 1266 :
2331 1211 2548 1266 Nemini
2596 1211 2964 1266 indicaveritie
2985 1211 3026 1265 ³.
3056 1210 3186 1278 Quae
3215 1212 3431 1282 quidem
3458 1213 3560 1282 ejus
3581 1213 3658 1267 bu-

2127 1303 2355 1358 miliatio
2396 1304 2564 1360 nosui
2608 1320 2772 1361 causa
2814 1315 2976 1371 erat;
3019 1321 3195 1376 neque
3240 1308 3294 1364 id
3331 1308 3399 1363 ob
3442 1307 3658 1378 superbia

2129 1392 2472 1464 jactantizeve
2508 1396 2753 1451 timorem
2786 1399 3040 1467 praestitit
3063 1417 3077 1467 ;
3102 1399 3307 1454 etenim
3354 1408 3550 1470 poterat
3576 1413 3658 1454 suae

2125 1486 2428 1543 divinitatis
2477 1488 2714 1558 pandere
2767 1491 3062 1554 virtutem,
3125 1493 3545 1562 quotiescunque
3593 1506 3658 1543 ro-

2124 1575 2347 1644 luisset;
2385 1592 2575 1634 verum
2618 1594 2718 1635 nos
2764 1582 2995 1637 erudivit
3025 1585 3301 1653 propriam
3337 1597 3538 1638 servare
3560 1596 3658 1651 pauo

2124 1675 2385 1736 pertatem
2428 1677 2485 1723 et
2529 1668 3002 1738 imbecillitatem,
3031 1681 3090 1727 ut
3139 1674 3385 1729 videntes
3421 1672 3656 1727 Dominum

2122 1767 2332 1814 nosmet
2377 1759 2524 1830 ipsos
2576 1759 3006 1819 humiliarenms.
3053 1765 3316 1835 Apertum
3365 1765 3545 1835 quippe
3579 1774 3655 1823 esu

2120 1851 2395 1906 neminem
2430 1866 2491 1908 se
2523 1851 2810 1910 humiliare
2842 1869 3001 1925 posse
3041 1857 3092 1911 in
3121 1859 3358 1912 veritate
3393 1856 3554 1912 cordis
3577 1856 3656 1917 sui,

2121 1939 2232 1996 nisi
2262 1939 2408 1994 illum
2435 1940 2595 2012 cujus
2630 1943 2808 1997 anima
2844 1945 2956 2015 jam
2990 1945 3280 2002 Dominum
3320 1947 3466 2002 vidit.
3494 1945 3656 2000 Scitote

2118 2038 2318 2096 autem,
2353 2030 2501 2086 ﬁlioli
2548 2033 2676 2100 mei,
2701 2035 2843 2104 quod
2874 2036 3027 2092 multi
3069 2038 3360 2092 ambulant
3389 2038 3438 2092 in
3484 2035 3656 2091 humili-

2118 2127 2249 2186 tate,
2281 2136 2387 2177 non
2418 2132 2596 2180 tamen
2630 2125 2684 2180 in
2729 2126 2958 2182 veritate
3001 2128 3186 2183 cordis
3222 2129 3306 2184 sui
3339 2146 3353 2184 :
3382 2127 3560 2198 quippe
3584 2125 3654 2193 qui

2118 2213 2460 2270 extrinsecus
2493 2231 2678 2272 coram
2716 2218 3027 2275 hominibus
3080 2220 3319 2276 humiles
3351 2229 3488 2282 sunt,
3528 2216 3654 2271 mini-

2119 2317 2206 2359 me
2237 2320 2366 2361 vero
2405 2306 2668 2363 honorem
2721 2309 2817 2364 Dei
2862 2319 3059 2365 curant
3086 2331 3099 2367 :
3129 2313 3276 2381 quod
3309 2312 3510 2382 quidem
3534 2321 3656 2362 nemo

2123 2397 2483 2467 consequitur
2508 2400 2560 2454 vi
2598 2401 2714 2456 auri
2742 2410 2798 2457 et
2821 2404 3028 2473 argenti
3056 2413 3110 2458 et
3144 2405 3292 2468 teris,
3323 2418 3487 2473 neque
3510 2401 3567 2454 ad
3594 2413 3656 2452 re-

2119 2498 2237 2554 gem
2289 2493 2560 2542 terrenum
2602 2491 3127 2560 appropinquatiune
3176 2502 3272 2548 aut
3307 2495 3373 2547 ad
3422 2490 3652 2546 exercitus

2119 2586 2174 2631 et
2222 2578 2383 2636 duees
2416 2579 2549 2648 ejus.
2606 2581 2938 2638 Memoratur
2984 2585 3128 2640 enim
3161 2586 3230 2641 de
3260 2585 3491 2654 patribus
3531 2583 3651 2652 puris

2119 2671 2343 2740 sanctis,
2395 2673 2537 2741 quod
2593 2674 2934 2730 decertantes
2975 2685 3030 2731 et
3075 2676 3366 2733 Dominum
3421 2676 3643 2733 videntes.

2119 2761 2290 2831 magis
2347 2773 2512 2833 atque
2555 2766 2727 2834 magis
2785 2780 2909 2822 sese
2953 2768 3335 2826 humiliarunt.
3383 2765 3652 2822 Audivimus

2119 2863 2354 2918 namque
2399 2852 2661 2921 scriptum
2715 2853 2780 2909 de
2828 2853 2950 2922 Job,
2983 2856 3127 2926 quod
3159 2857 3392 2912 Domino
3423 2854 3646 2910 dixisset:

2121 2939 2197 2993 Tu
2225 2942 2346 3006 scis,
2383 2941 2622 3009 Domine,
2654 2945 2776 3014 quia
2804 2945 2956 2999 homo
3001 2958 3247 3016 peccator
3279 2963 3424 3013 sum;
3477 2954 3520 3000 et
3563 2941 3652 3011 ᾳιιίι

2119 3031 2340 3099 eripitur
2365 3033 2428 3085 de
2449 3048 2609 3086 manu
2640 3043 2729 3087 tua
2754 3035 2780 3088 ?
2817 3033 3032 3088 Utinam
3061 3047 3195 3092 esset
3219 3039 3356 3092 inter
3383 3053 3468 3091 nos
3491 3032 3651 3086 media-

2117 3129 2199 3173 tor
2223 3121 2292 3174 ad
2327 3121 2760 3190 judicandum‘!
2833 3135 2886 3178 et
2939 3125 3208 3196 reliquum
3267 3127 3532 3183 sermonis.
3571 3117 3650 3176 Jub

2116 3211 2247 3265 item
2288 3227 2408 3266 cum
2450 3213 2672 3269 vidisset
2708 3215 2989 3270 Dominum
3020 3219 3073 3272 in
3111 3220 3275 3285 nube,
3317 3227 3370 3275 et
3409 3232 3520 3272 eum
3543 3213 3648 3266 allo-

2115 3312 2272 3356 cutus
2307 3311 2472 3370 esset,
2501 3312 2555 3358 et
2583 3291 2763 3361 cordis
2805 3306 2890 3360 sui
2942 3309 3143 3376 apertis
3185 3309 3362 3364 oculis
3399 3305 3648 3377 aspexisset

2117 3391 2288 3457 illum,
2329 3407 2448 3448 sese
2479 3393 2752 3462 pulverem
2795 3405 2850 3450 et
2878 3397 3113 3452 cinerem
3146 3399 3433 3467 reputavit,
3460 3403 3650 3462 eumque

2131 3480 2386 3550 pteuituit
2432 3481 2572 3548 quod
2613 3481 2876 3539 allocutus
2928 3492 3072 3550 esset
3109 3486 3417 3546 Dominum,
3463 3491 3513 3537 et
3553 3479 3645 3532 ait:

2127 3569 2332 3625 Portam
2359 3587 2550 3626 manus
2571 3588 2718 3628 meas
2755 3591 2912 3644 super
2949 3592 3006 3630 os
3051 3591 3249 3641 meum,
3277 3575 3510 3644 quoniam
3534 3569 3649 3624 locs-

2116 3672 2200 3716 tus
2223 3678 2339 3715 sum
2363 3661 2540 3730 semel,
2573 3679 2664 3718 nec
2696 3677 2929 3719 reuertar
2954 3668 3146 3720 iterum
3169 3668 3215 3721 ⁵.
3259 3667 3381 3722 Pari
3408 3665 3554 3720 etiam
3582 3672 3649 3712 ra-

2127 3752 2273 3808 tione
2299 3752 2466 3820 Isaias
2493 3754 2754 3825 propheta
2791 3757 3026 3826 primum
3060 3758 3408 3828 reprehendit
3433 3751 3645 3826 populum

2115 3844 2182 3899 de
2212 3845 2458 3914 peccatis
2483 3860 2669 3900 eorum
2699 3863 2712 3900 :
2743 3857 3032 3917 postquam
3075 3863 3209 3904 vero
3255 3850 3524 3905 Dominum
3559 3841 3644 3895 Sa-

2119 3936 2285 3991 baoth
2314 3935 2472 4002 vidit,
2507 3946 2562 3992 ct
2593 3939 2865 4006 seraphim
2893 3948 3104 3995 stantes
3125 3941 3272 3996 circa
3309 3940 3475 4001 illum,
3509 3930 3646 3999 ιηθείε

2115 4037 2358 4099 apertam
2384 4028 2513 4085 fecit
2545 4045 2695 4085 suam
2740 4030 3105 4087 humilitatem
3148 4033 3337 4089 dicens
3367 4051 3380 4088 :
3412 4029 3496 4085 Var
3520 4022 3642 4086 mihi.

2112 4121 2361 4190 quoniam
2389 4119 2543 4176 homo
2568 4138 2684 4176 sum
2709 4123 2902 4178 habens
2921 4123 3066 4178 labia
3093 4127 3366 4181 immunda
3379 4125 3420 4179 ⁸.
3447 4120 3541 4177 Nec
3561 4128 3641 4171 non

2113 4211 2360 4281 discipuli
2385 4211 2596 4268 Domini
2635 4213 2806 4269 nostri
2831 4211 2958 4271 Jesu
2991 4215 3196 4271 Christi
3229 4217 3454 4272 edebant
3493 4220 3540 4266 et
3575 4204 3642 4260 bi-

2114 4298 2317 4355 bebant
2347 4315 2472 4356 cum
2506 4301 2618 4367 illo,
2651 4317 2752 4358 nec
2779 4317 2903 4359 eum
2951 4298 3154 4374 alloqui
3187 4307 3478 4370 timebant;
3507 4308 3646 4354 traus'

2118 4390 2348 4461 ﬁgurato
2373 4405 2503 4448 vero
2546 4392 2599 4447 in
2649 4403 2834 4449 monte
2865 4394 3104 4464 Thabor,
3140 4406 3196 4453 et
3234 4397 3415 4452 habitu
3447 4395 3642 4449 mutato.

2115 4482 2432 4538 ceciderunt
2462 4499 2625 4553 super
2653 4483 2846 4540 faciem
2878 4501 3053 4553 suam,
3084 4489 3357 4559 propriam
3394 4494 3644 4556 agnoscen-

2115 4581 2198 4629 tes
2238 4583 2615 4643 paupertatem
2660 4584 2715 4629 et
2743 4576 3128 4642 humilitatem,
3158 4586 3439 4633 noscentes
3464 4587 3516 4629 se
3537 4562 3644 4624 nillil

2117 4679 2238 4721 esse
2265 4679 2447 4720 coram
2488 4665 2657 4733 gloria
2688 4666 2898 4723 Domini
2931 4668 3161 4724 Christi.
3191 4671 3259 4726 Et
3289 4671 3431 4740 plura
3462 4661 3641 4734 quidem

2117 4754 2259 4824 apud
2292 4769 2392 4808 nos
2425 4763 2642 4809 exstant
2686 4757 2998 4812 testimonia
3055 4757 3438 4827 hujuscemodi.
3472 4747 3641 4808 Etenim

2117 4847 2295 4900 nimia:
2324 4846 2713 4904 humiliationis
2738 4838 3045 4906 sanctarum
3077 4867 3241 4908 causa
3261 4867 3323 4908 ex
3341 4865 3402 4904 eo
3421 4857 3510 4908 est.
3529 4834 3641 4912 (ιυυδ

2119 4938 2384 4993 vidissent
2412 4937 2640 5006 gloriam
2677 4940 2910 4995 Domini.
2941 4941 3088 5012 Opus
3117 4955 3296 5001 autem
3341 4941 3471 5012 quod
3494 4945 3642 5004 opera-

2119 5038 2206 5085 tus
2229 5037 2311 5084 est
2337 5029 2594 5086 Deminus
2617 5044 2741 5086 cum
2777 5034 3077 5105 discipulis,
3115 5038 3250 5092 satis
3293 5044 3538 5105 superque
3564 5037 3640 5076 no-

2116 5121 2200 5175 bis
2230 5120 2426 5177 suilicit
2457 5123 2523 5175 ad
2552 5125 2950 5192 agnoscendum
2985 5142 3168 5182 veram
3216 5126 3548 5183 humilitatem
3580 5117 3639 5165 in-

2114 5230 2234 5279 esse
2265 5216 2460 5269 animze
2490 5215 2542 5268 in
2572 5216 2672 5270 hoc
2698 5219 2918 5282 mundo,
2953 5218 3208 5274 intuendo
3236 5236 3262 5273 a
3291 5219 3436 5286 longe
3457 5205 3638 5280 gloriam

2118 5321 2279 5376 quam
2336 5313 2420 5360 est
2464 5317 2845 5364 consecutura.
2890 5309 3114 5364 Sacrum
3170 5321 3396 5378 namque
3446 5303 3637 5360 Ενευιεικ

2363 5442 2406 5476 ’⁸
2435 5443 2736 5513 Ephes._v1,
2768 5437 2852 5492 16.
2969 5439 2984 5469 ¹
3009 5439 3198 5499 Matth.
3230 5457 3320 5510 xx,
3344 5438 3428 5494 9,8.
3494 5433 3510 5462 ¹
3533 5427 3636 5482 Luc.

507 5644 620 5714 (20)
661 5643 768 5717 llic
809 5647 1047 5715 psalmus
1080 5656 1160 5704 est
1206 5645 1491 5717 peculiaris
1538 5643 1704 5698 David
1742 5656 1796 5696 et
1824 5653 1978 5696 extra
2015 5659 2320 5708 numerum,
2380 5651 2433 5699 et
2492 5653 2672 5700 exstat
2717 5642 2830 5700 iere
2881 5642 2936 5698 in
2989 5643 3244 5700 omnibus
3296 5626 3631 5705 exemplaribut

438 5713 808 5769 Orientalium.
