  <div class='ocr_page' id='page_1' title='image "/cluster/home/n/w/nwhite01/storage/ocr_20150623/40/hvd.32044073501850/526.png"; bbox 0 0 3868 6282; ppageno 0'>
   <div class='ocr_carea' id='block_1_1' title="bbox 258 323 398 380">
    <p class='ocr_par' dir='ltr' id='par_1_1' title="bbox 258 323 398 380">
     <span class='ocr_line' id='line_1_1' title="bbox 258 323 398 380; baseline -0.007 0"><span class='ocrx_word' id='word_1_1' title='bbox 258 323 398 380; x_wconf 77' lang='grc' dir='ltr'><strong>Ιθ37</strong></span> 
     </span>
    </p>
   </div>
   <div class='ocr_carea' id='block_1_2' title="bbox 213 511 1824 594">
    <p class='ocr_par' dir='ltr' id='par_1_2' title="bbox 213 511 1824 594">
     <span class='ocr_line' id='line_1_2' title="bbox 213 511 1824 594; baseline 0.001 -13"><span class='ocrx_word' id='word_1_2' title='bbox 213 511 460 590; x_wconf 47' lang='lat' dir='ltr'><strong>ﬁciens,</strong></span> <span class='ocrx_word' id='word_1_3' title='bbox 489 526 633 594; x_wconf 91' lang='lat' dir='ltr'><strong>quod</strong></span> <span class='ocrx_word' id='word_1_4' title='bbox 663 524 826 580; x_wconf 85' lang='lat' dir='ltr'><strong>Pater</strong></span> <span class='ocrx_word' id='word_1_5' title='bbox 855 527 1168 582; x_wconf 75' lang='lat' dir='ltr'><strong>tradidisset</strong></span> <span class='ocrx_word' id='word_1_6' title='bbox 1214 527 1266 581; x_wconf 92' lang='lat' dir='ltr'><strong>in</strong></span> <span class='ocrx_word' id='word_1_7' title='bbox 1317 543 1510 583; x_wconf 85' lang='lat' dir='ltr'><strong>manus</strong></span> <span class='ocrx_word' id='word_1_8' title='bbox 1549 543 1675 583; x_wconf 89' lang='lat' dir='ltr'><strong>suas</strong></span> <span class='ocrx_word' id='word_1_9' title='bbox 1705 543 1824 583; x_wconf 88' lang='lat' dir='ltr'><strong>orn-</strong></span> 
     </span>
    </p>
   </div>
   <div class='ocr_carea' id='block_1_3' title="bbox 258 616 1829 690">
    <p class='ocr_par' dir='ltr' id='par_1_3' title="bbox 258 616 1829 690">
     <span class='ocr_line' id='line_1_3' title="bbox 258 616 1829 690; baseline 0.003 -20"><span class='ocrx_word' id='word_1_10' title='bbox 258 616 371 682; x_wconf 88' lang='lat' dir='ltr'><strong>nia,</strong></span> <span class='ocrx_word' id='word_1_11' title='bbox 408 616 645 671; x_wconf 81' lang='lat' dir='ltr'><strong>surrexit</strong></span> <span class='ocrx_word' id='word_1_12' title='bbox 679 616 747 672; x_wconf 87' lang='lat' dir='ltr'><strong>de</strong></span> <span class='ocrx_word' id='word_1_13' title='bbox 775 630 950 684; x_wconf 78' lang='lat' dir='ltr'><strong>etena,</strong></span> <span class='ocrx_word' id='word_1_14' title='bbox 978 626 1030 674; x_wconf 90' lang='lat' dir='ltr'><strong>et</strong></span> <span class='ocrx_word' id='word_1_15' title='bbox 1056 620 1396 675; x_wconf 72' lang='lat' dir='ltr'><strong>vestimentis</strong></span> <span class='ocrx_word' id='word_1_16' title='bbox 1421 621 1698 690; x_wconf 73' lang='lat' dir='ltr'><strong>depositis,</strong></span> <span class='ocrx_word' id='word_1_17' title='bbox 1729 620 1829 674; x_wconf 92' lang='lat' dir='ltr'><strong>lin-</strong></span> 
     </span>
    </p>
   </div>
   <div class='ocr_carea' id='block_1_4' title="bbox 231 707 1831 782">
    <p class='ocr_par' dir='ltr' id='par_1_4' title="bbox 231 707 1831 782">
     <span class='ocr_line' id='line_1_4' title="bbox 231 707 1831 782; baseline 0.004 -22"><span class='ocrx_word' id='word_1_18' title='bbox 231 715 353 778; x_wconf 75' lang='lat' dir='ltr'><strong>,teo</strong></span> <span class='ocrx_word' id='word_1_19' title='bbox 382 707 650 770; x_wconf 80' lang='lat' dir='ltr'><strong>accincta,</strong></span> <span class='ocrx_word' id='word_1_20' title='bbox 679 717 733 763; x_wconf 90' lang='lat' dir='ltr'><strong>et</strong></span> <span class='ocrx_word' id='word_1_21' title='bbox 772 708 946 764; x_wconf 78' lang='lat' dir='ltr'><strong>infusa</strong></span> <span class='ocrx_word' id='word_1_22' title='bbox 976 709 1030 763; x_wconf 91' lang='lat' dir='ltr'><strong>in</strong></span> <span class='ocrx_word' id='word_1_23' title='bbox 1061 710 1261 779; x_wconf 86' lang='lat' dir='ltr'><strong>pelvim</strong></span> <span class='ocrx_word' id='word_1_24' title='bbox 1304 725 1466 780; x_wconf 91' lang='lat' dir='ltr'><strong>aqua,</strong></span> <span class='ocrx_word' id='word_1_25' title='bbox 1497 712 1724 782; x_wconf 59' lang='lat' dir='ltr'><strong>coeperit</strong></span> <span class='ocrx_word' id='word_1_26' title='bbox 1754 711 1831 766; x_wconf 87' lang='lat' dir='ltr'><strong>la-</strong></span> 
     </span>
    </p>
   </div>
   <div class='ocr_carea' id='block_1_5' title="bbox 209 795 1830 872">
    <p class='ocr_par' dir='ltr' id='par_1_5' title="bbox 209 795 1830 872">
     <span class='ocr_line' id='line_1_5' title="bbox 209 795 1830 872; baseline 0.004 -22"><span class='ocrx_word' id='word_1_27' title='bbox 209 795 236 830; x_wconf 54' lang='grc' dir='ltr'><em>ί</em></span> <span class='ocrx_word' id='word_1_28' title='bbox 255 811 390 851; x_wconf 79' lang='lat' dir='ltr'><strong>vare</strong></span> <span class='ocrx_word' id='word_1_29' title='bbox 419 798 586 866; x_wconf 87' lang='lat' dir='ltr'><strong>pedes</strong></span> <span class='ocrx_word' id='word_1_30' title='bbox 612 797 996 867; x_wconf 85' lang='lat' dir='ltr'><strong>discipulorum</strong></span> <span class='ocrx_word' id='word_1_31' title='bbox 1019 813 1266 866; x_wconf 84' lang='lat' dir='ltr'><strong>suorum,</strong></span> <span class='ocrx_word' id='word_1_32' title='bbox 1291 811 1348 855; x_wconf 89' lang='lat' dir='ltr'><strong>et</strong></span> <span class='ocrx_word' id='word_1_33' title='bbox 1376 813 1586 872; x_wconf 90' lang='lat' dir='ltr'><strong>tergere</strong></span> <span class='ocrx_word' id='word_1_34' title='bbox 1613 817 1706 858; x_wconf 88' lang='lat' dir='ltr'><strong>eos</strong></span> <span class='ocrx_word' id='word_1_35' title='bbox 1729 803 1830 857; x_wconf 90' lang='lat' dir='ltr'><strong>lin-</strong></span> 
     </span>
    </p>
   </div>
   <div class='ocr_carea' id='block_1_6' title="bbox 260 889 1827 964">
    <p class='ocr_par' dir='ltr' id='par_1_6' title="bbox 260 889 1827 964">
     <span class='ocr_line' id='line_1_6' title="bbox 260 889 1827 964; baseline 0.005 -22"><span class='ocrx_word' id='word_1_36' title='bbox 260 895 349 942; x_wconf 90' lang='lat' dir='ltr'><strong>teo</strong></span> <span class='ocrx_word' id='word_1_37' title='bbox 379 903 487 958; x_wconf 93' lang='lat' dir='ltr'><strong>quo</strong></span> <span class='ocrx_word' id='word_1_38' title='bbox 512 898 633 943; x_wconf 89' lang='lat' dir='ltr'><strong>erat</strong></span> <span class='ocrx_word' id='word_1_39' title='bbox 655 889 932 946; x_wconf 82' lang='lat' dir='ltr'><strong>accinctus</strong></span> <span class='ocrx_word' id='word_1_40' title='bbox 956 891 977 922; x_wconf 86' lang='lat'><strong><em>&quot;</em></strong></span> <span class='ocrx_word' id='word_1_41' title='bbox 1033 907 1098 948; x_wconf 88' lang='lat' dir='ltr'><strong>eo</strong></span> <span class='ocrx_word' id='word_1_42' title='bbox 1129 893 1279 962; x_wconf 91' lang='lat' dir='ltr'><strong>quod</strong></span> <span class='ocrx_word' id='word_1_43' title='bbox 1305 893 1554 964; x_wconf 87' lang='lat' dir='ltr'><strong>discipuli</strong></span> <span class='ocrx_word' id='word_1_44' title='bbox 1590 894 1827 950; x_wconf 86' lang='lat' dir='ltr'><strong>humiles</strong></span> 
     </span>
    </p>
   </div>
   <div class='ocr_carea' id='block_1_7' title="bbox 258 977 590 1033">
    <p class='ocr_par' dir='ltr' id='par_1_7' title="bbox 258 977 590 1033">
     <span class='ocr_line' id='line_1_7' title="bbox 258 977 590 1033; baseline -0.003 0"><span class='ocrx_word' id='word_1_45' title='bbox 258 977 385 1033; x_wconf 73' lang='lat' dir='ltr'><strong>facti</strong></span> <span class='ocrx_word' id='word_1_46' title='bbox 413 981 590 1033; x_wconf 81' lang='lat' dir='ltr'><strong>erant.</strong></span> 
     </span>
    </p>
   </div>
   <div class='ocr_carea' id='block_1_8' title="bbox 328 1069 1828 1142">
    <p class='ocr_par' dir='ltr' id='par_1_8' title="bbox 328 1069 1828 1142">
     <span class='ocr_line' id='line_1_8' title="bbox 328 1069 1828 1142; baseline 0.004 -18"><span class='ocrx_word' id='word_1_47' title='bbox 328 1069 451 1124; x_wconf 84' lang='lat' dir='ltr'><strong>Pari</strong></span> <span class='ocrx_word' id='word_1_48' title='bbox 483 1071 698 1140; x_wconf 83' lang='lat' dir='ltr'><strong>quidem</strong></span> <span class='ocrx_word' id='word_1_49' title='bbox 735 1070 966 1138; x_wconf 85' lang='lat' dir='ltr'><strong>ratione,</strong></span> <span class='ocrx_word' id='word_1_50' title='bbox 991 1073 1325 1130; x_wconf 86' lang='lat' dir='ltr'><strong>dilectissimi</strong></span> <span class='ocrx_word' id='word_1_51' title='bbox 1355 1076 1409 1130; x_wconf 92' lang='lat' dir='ltr'><strong>in</strong></span> <span class='ocrx_word' id='word_1_52' title='bbox 1430 1076 1676 1142; x_wconf 89' lang='lat' dir='ltr'><strong>Domino,</strong></span> <span class='ocrx_word' id='word_1_53' title='bbox 1705 1091 1828 1133; x_wconf 93' lang='lat' dir='ltr'><strong>cum</strong></span> 
     </span>
    </p>
   </div>
   <div class='ocr_carea' id='block_1_9' title="bbox 250 1160 1829 1236">
    <p class='ocr_par' dir='ltr' id='par_1_9' title="bbox 250 1160 1829 1236">
     <span class='ocr_line' id='line_1_9' title="bbox 250 1160 1829 1236; baseline 0.006 -22"><span class='ocrx_word' id='word_1_54' title='bbox 250 1160 364 1230; x_wconf 87' lang='lat' dir='ltr'><strong>jam</strong></span> <span class='ocrx_word' id='word_1_55' title='bbox 390 1160 635 1215; x_wconf 89' lang='lat' dir='ltr'><strong>videritis</strong></span> <span class='ocrx_word' id='word_1_56' title='bbox 661 1162 885 1232; x_wconf 76' lang='lat' dir='ltr'><strong>gloriam</strong></span> <span class='ocrx_word' id='word_1_57' title='bbox 916 1163 1152 1231; x_wconf 91' lang='lat' dir='ltr'><strong>Domini,</strong></span> <span class='ocrx_word' id='word_1_58' title='bbox 1178 1173 1234 1220; x_wconf 90' lang='lat' dir='ltr'><strong>et</strong></span> <span class='ocrx_word' id='word_1_59' title='bbox 1260 1169 1624 1236; x_wconf 83' lang='lat' dir='ltr'><strong>cognoveritis</strong></span> <span class='ocrx_word' id='word_1_60' title='bbox 1654 1170 1829 1223; x_wconf 67' lang='lat' dir='ltr'><strong>haere-</strong></span> 
     </span>
    </p>
   </div>
   <div class='ocr_carea' id='block_1_10' title="bbox 261 1249 1829 1324">
    <p class='ocr_par' dir='ltr' id='par_1_10' title="bbox 261 1249 1829 1324">
     <span class='ocr_line' id='line_1_10' title="bbox 261 1249 1829 1324; baseline 0.008 -22"><span class='ocrx_word' id='word_1_61' title='bbox 261 1250 484 1303; x_wconf 91' lang='lat' dir='ltr'><strong>ditatem</strong></span> <span class='ocrx_word' id='word_1_62' title='bbox 533 1249 649 1320; x_wconf 86' lang='lat' dir='ltr'><strong>ejus</strong></span> <span class='ocrx_word' id='word_1_63' title='bbox 697 1266 858 1321; x_wconf 89' lang='lat' dir='ltr'><strong>quam</strong></span> <span class='ocrx_word' id='word_1_64' title='bbox 911 1255 1044 1310; x_wconf 84' lang='lat' dir='ltr'><strong>estis</strong></span> <span class='ocrx_word' id='word_1_65' title='bbox 1096 1259 1461 1324; x_wconf 81' lang='lat' dir='ltr'><strong>consecuturi,</strong></span> <span class='ocrx_word' id='word_1_66' title='bbox 1499 1259 1752 1314; x_wconf 88' lang='lat' dir='ltr'><strong>dimittite</strong></span> <span class='ocrx_word' id='word_1_67' title='bbox 1799 1275 1829 1314; x_wconf 91' lang='lat' dir='ltr'><strong>a</strong></span> 
     </span>
    </p>
   </div>
   <div class='ocr_carea' id='block_1_11' title="bbox 257 1338 1830 1421">
    <p class='ocr_par' dir='ltr' id='par_1_11' title="bbox 257 1338 1830 1421">
     <span class='ocr_line' id='line_1_11' title="bbox 257 1338 1830 1421; baseline 0.01 -30"><span class='ocrx_word' id='word_1_68' title='bbox 257 1338 413 1392; x_wconf 83' lang='lat' dir='ltr'><strong>vobis</strong></span> <span class='ocrx_word' id='word_1_69' title='bbox 447 1339 673 1408; x_wconf 82' lang='lat' dir='ltr'><strong>gloriam</strong></span> <span class='ocrx_word' id='word_1_70' title='bbox 707 1341 1008 1410; x_wconf 81' lang='lat' dir='ltr'><strong>hominum,</strong></span> <span class='ocrx_word' id='word_1_71' title='bbox 1039 1355 1093 1400; x_wconf 91' lang='lat' dir='ltr'><strong>et</strong></span> <span class='ocrx_word' id='word_1_72' title='bbox 1115 1346 1389 1417; x_wconf 73' lang='lat' dir='ltr'><strong>persistite</strong></span> <span class='ocrx_word' id='word_1_73' title='bbox 1416 1348 1468 1403; x_wconf 91' lang='lat' dir='ltr'><strong>in</strong></span> <span class='ocrx_word' id='word_1_74' title='bbox 1500 1349 1603 1404; x_wconf 87' lang='lat' dir='ltr'><strong>hac</strong></span> <span class='ocrx_word' id='word_1_75' title='bbox 1633 1366 1830 1421; x_wconf 86' lang='lat' dir='ltr'><strong>magna</strong></span> 
     </span>
    </p>
   </div>
   <div class='ocr_carea' id='block_1_12' title="bbox 260 1430 1834 1510">
    <p class='ocr_par' dir='ltr' id='par_1_12' title="bbox 260 1430 1834 1510">
     <span class='ocr_line' id='line_1_12' title="bbox 260 1430 1834 1510; baseline 0.008 -28"><span class='ocrx_word' id='word_1_76' title='bbox 260 1430 586 1494; x_wconf 87' lang='lat' dir='ltr'><strong>humilitate,</strong></span> <span class='ocrx_word' id='word_1_77' title='bbox 623 1446 723 1486; x_wconf 90' lang='lat' dir='ltr'><strong>nec</strong></span> <span class='ocrx_word' id='word_1_78' title='bbox 775 1434 1042 1489; x_wconf 85' lang='lat' dir='ltr'><strong>secedatis</strong></span> <span class='ocrx_word' id='word_1_79' title='bbox 1075 1437 1142 1490; x_wconf 90' lang='lat' dir='ltr'><strong>de</strong></span> <span class='ocrx_word' id='word_1_80' title='bbox 1172 1436 1291 1492; x_wconf 91' lang='lat' dir='ltr'><strong>loco</strong></span> <span class='ocrx_word' id='word_1_81' title='bbox 1323 1439 1375 1492; x_wconf 93' lang='lat' dir='ltr'><strong>in</strong></span> <span class='ocrx_word' id='word_1_82' title='bbox 1408 1438 1584 1494; x_wconf 91' lang='lat' dir='ltr'><strong>locum</strong></span> <span class='ocrx_word' id='word_1_83' title='bbox 1616 1453 1834 1510; x_wconf 89' lang='lat' dir='ltr'><strong>propter</strong></span> 
     </span>
    </p>
   </div>
   <div class='ocr_carea' id='block_1_13' title="bbox 259 1520 1835 1601">
    <p class='ocr_par' dir='ltr' id='par_1_13' title="bbox 259 1520 1835 1601">
     <span class='ocr_line' id='line_1_13' title="bbox 259 1520 1835 1601; baseline 0.009 -29"><span class='ocrx_word' id='word_1_84' title='bbox 259 1520 483 1589; x_wconf 76' lang='lat' dir='ltr'><strong>gloriam</strong></span> <span class='ocrx_word' id='word_1_85' title='bbox 517 1522 832 1590; x_wconf 85' lang='lat' dir='ltr'><strong>hominum;</strong></span> <span class='ocrx_word' id='word_1_86' title='bbox 867 1525 1637 1585; x_wconf 67' lang='lat' dir='ltr'><strong>oblivisceminienimvestra:</strong></span> <span class='ocrx_word' id='word_1_87' title='bbox 1653 1533 1835 1601; x_wconf 77' lang='grc' dir='ltr'><strong>ιιι-ἰειί-</strong></span> 
     </span>
    </p>
   </div>
   <div class='ocr_carea' id='block_1_14' title="bbox 259 1614 1834 1690">
    <p class='ocr_par' dir='ltr' id='par_1_14' title="bbox 259 1614 1834 1690">
     <span class='ocr_line' id='line_1_14' title="bbox 259 1614 1834 1690; baseline 0.008 -24"><span class='ocrx_word' id='word_1_88' title='bbox 259 1627 343 1667; x_wconf 76' lang='lat' dir='ltr'><strong>na:</strong></span> <span class='ocrx_word' id='word_1_89' title='bbox 374 1615 727 1684; x_wconf 86' lang='lat' dir='ltr'><strong>paupertatis.</strong></span> <span class='ocrx_word' id='word_1_90' title='bbox 756 1614 892 1672; x_wconf 83' lang='lat' dir='ltr'><strong>Nam</strong></span> <span class='ocrx_word' id='word_1_91' title='bbox 932 1618 1090 1674; x_wconf 90' lang='lat' dir='ltr'><strong>video</strong></span> <span class='ocrx_word' id='word_1_92' title='bbox 1135 1620 1422 1690; x_wconf 86' lang='lat' dir='ltr'><strong>quosdam,</strong></span> <span class='ocrx_word' id='word_1_93' title='bbox 1455 1635 1684 1690; x_wconf 91' lang='lat' dir='ltr'><strong>quorum</strong></span> <span class='ocrx_word' id='word_1_94' title='bbox 1719 1625 1834 1679; x_wconf 65' lang='lat' dir='ltr'><strong>hinc</strong></span> 
     </span>
    </p>
   </div>
   <div class='ocr_carea' id='block_1_15' title="bbox 259 1702 1829 1783">
    <p class='ocr_par' dir='ltr' id='par_1_15' title="bbox 259 1702 1829 1783">
     <span class='ocr_line' id='line_1_15' title="bbox 259 1702 1829 1783; baseline 0.008 -25"><span class='ocrx_word' id='word_1_95' title='bbox 259 1710 345 1758; x_wconf 86' lang='lat' dir='ltr'><strong>est</strong></span> <span class='ocrx_word' id='word_1_96' title='bbox 395 1702 594 1775; x_wconf 83' lang='lat' dir='ltr'><strong>imago,</strong></span> <span class='ocrx_word' id='word_1_97' title='bbox 654 1704 932 1762; x_wconf 82' lang='lat' dir='ltr'><strong>hominum</strong></span> <span class='ocrx_word' id='word_1_98' title='bbox 987 1708 1200 1764; x_wconf 89' lang='lat' dir='ltr'><strong>scilicet</strong></span> <span class='ocrx_word' id='word_1_99' title='bbox 1252 1710 1476 1780; x_wconf 78' lang='lat' dir='ltr'><strong>gloriam</strong></span> <span class='ocrx_word' id='word_1_100' title='bbox 1532 1723 1829 1783; x_wconf 89' lang='lat' dir='ltr'><strong>appetere:</strong></span> 
     </span>
    </p>
   </div>
   <div class='ocr_carea' id='block_1_16' title="bbox 1262 322 2495 382">
    <p class='ocr_par' dir='ltr' id='par_1_16' title="bbox 1262 322 2495 382">
     <span class='ocr_line' id='line_1_16' title="bbox 1262 322 2495 382; baseline 0.002 -2"><span class='ocrx_word' id='word_1_101' title='bbox 1262 325 1318 380; x_wconf 87' lang='lat' dir='ltr'><strong>S.</strong></span> <span class='ocrx_word' id='word_1_102' title='bbox 1359 323 1634 382; x_wconf 79' lang='lat' dir='ltr'><strong>ANTONII</strong></span> <span class='ocrx_word' id='word_1_103' title='bbox 1675 322 1744 380; x_wconf 83' lang='lat' dir='ltr'><strong>M.</strong></span> <span class='ocrx_word' id='word_1_104' title='bbox 1787 323 2078 380; x_wconf 63' lang='lat' dir='ltr'><strong>ABBATIS</strong></span> <span class='ocrx_word' id='word_1_105' title='bbox 2117 323 2495 382; x_wconf 62' lang='lat' dir='ltr'><strong>EPISTOLHS.</strong></span> 
     </span>
    </p>
   </div>
   <div class='ocr_carea' id='block_1_17' title="bbox 259 435 2241 507">
    <p class='ocr_par' dir='ltr' id='par_1_17' title="bbox 259 435 2241 507">
     <span class='ocr_line' id='line_1_17' title="bbox 259 435 2241 507; baseline -0.001 -16"><span class='ocrx_word' id='word_1_106' title='bbox 259 436 391 491; x_wconf 87' lang='lat' dir='ltr'><strong>lium</strong></span> <span class='ocrx_word' id='word_1_107' title='bbox 428 435 648 501; x_wconf 84' lang='lat' dir='ltr'><strong>asserit,</strong></span> <span class='ocrx_word' id='word_1_108' title='bbox 678 436 824 506; x_wconf 84' lang='lat' dir='ltr'><strong>quod</strong></span> <span class='ocrx_word' id='word_1_109' title='bbox 871 436 1130 493; x_wconf 82' lang='lat' dir='ltr'><strong>Dominus</strong></span> <span class='ocrx_word' id='word_1_110' title='bbox 1167 446 1349 494; x_wconf 89' lang='lat' dir='ltr'><strong>noster</strong></span> <span class='ocrx_word' id='word_1_111' title='bbox 1376 438 1533 494; x_wconf 86' lang='lat' dir='ltr'><strong>Jesus</strong></span> <span class='ocrx_word' id='word_1_112' title='bbox 1575 438 1823 494; x_wconf 83' lang='lat' dir='ltr'><strong>Christus</strong></span> <span class='ocrx_word' id='word_1_113' title='bbox 1853 449 1898 502; x_wconf 68' lang='grc' dir='ltr'><strong>Α</strong></span> <span class='ocrx_word' id='word_1_114' title='bbox 1931 448 2241 507; x_wconf 88' lang='lat' dir='ltr'><strong>peccatum,</strong></span> 
     </span>
    </p>
   </div>
   <div class='ocr_carea' id='block_1_18' title="bbox 2317 437 3499 510">
    <p class='ocr_par' dir='ltr' id='par_1_18' title="bbox 2317 437 3499 510">
     <span class='ocr_line' id='line_1_18' title="bbox 2317 437 3499 510; baseline 0.003 -18"><span class='ocrx_word' id='word_1_115' title='bbox 2317 440 2401 492; x_wconf 94' lang='lat' dir='ltr'><strong>cui</strong></span> <span class='ocrx_word' id='word_1_116' title='bbox 2487 437 2843 508; x_wconf 86' lang='lat' dir='ltr'><strong>nosmetipsos</strong></span> <span class='ocrx_word' id='word_1_117' title='bbox 2901 438 3226 507; x_wconf 71' lang='lat' dir='ltr'><strong>subiecimus</strong></span> <span class='ocrx_word' id='word_1_118' title='bbox 3284 452 3499 510; x_wconf 81' lang='lat' dir='ltr'><strong>sponte.</strong></span> 
     </span>
    </p>
   </div>
   <div class='ocr_carea' id='block_1_19' title="bbox 2007 528 3500 598">
    <p class='ocr_par' dir='ltr' id='par_1_19' title="bbox 2007 528 3500 598">
     <span class='ocr_line' id='line_1_19' title="bbox 2007 528 3500 598; baseline 0 -16"><span class='ocrx_word' id='word_1_119' title='bbox 2007 528 2332 593; x_wconf 81' lang='lat' dir='ltr'><strong>Satagamus</strong></span> <span class='ocrx_word' id='word_1_120' title='bbox 2357 528 2520 598; x_wconf 80' lang='lat' dir='ltr'><strong>igitur</strong></span> <span class='ocrx_word' id='word_1_121' title='bbox 2551 536 2749 583; x_wconf 84' lang='lat' dir='ltr'><strong>terram</strong></span> <span class='ocrx_word' id='word_1_122' title='bbox 2779 528 3152 596; x_wconf 86' lang='lat' dir='ltr'><strong>promissionis</strong></span> <span class='ocrx_word' id='word_1_123' title='bbox 3173 530 3401 598; x_wconf 76' lang='lat' dir='ltr'><strong>ingredi,</strong></span> <span class='ocrx_word' id='word_1_124' title='bbox 3432 531 3500 582; x_wconf 82' lang='lat' dir='ltr'><strong>ad</strong></span> 
     </span>
    </p>
   </div>
   <div class='ocr_carea' id='block_1_20' title="bbox 1931 618 3500 689">
    <p class='ocr_par' dir='ltr' id='par_1_20' title="bbox 1931 618 3500 689">
     <span class='ocr_line' id='line_1_20' title="bbox 1931 618 3500 689; baseline 0.001 -17"><span class='ocrx_word' id='word_1_125' title='bbox 1931 634 2090 688; x_wconf 89' lang='lat' dir='ltr'><strong>quam</strong></span> <span class='ocrx_word' id='word_1_126' title='bbox 2132 619 2356 689; x_wconf 84' lang='lat' dir='ltr'><strong>ingressi</strong></span> <span class='ocrx_word' id='word_1_127' title='bbox 2399 618 2676 674; x_wconf 82' lang='lat' dir='ltr'><strong>servitutis</strong></span> <span class='ocrx_word' id='word_1_128' title='bbox 2706 627 2903 674; x_wconf 72' lang='lat' dir='ltr'><strong>nostrae</strong></span> <span class='ocrx_word' id='word_1_129' title='bbox 2936 633 3040 672; x_wconf 92' lang='lat' dir='ltr'><strong>non</strong></span> <span class='ocrx_word' id='word_1_130' title='bbox 3083 619 3500 687; x_wconf 83' lang='lat' dir='ltr'><strong>obliviscamur;</strong></span> 
     </span>
    </p>
   </div>
   <div class='ocr_carea' id='block_1_21' title="bbox 1931 707 3504 777">
    <p class='ocr_par' dir='ltr' id='par_1_21' title="bbox 1931 707 3504 777">
     <span class='ocr_line' id='line_1_21' title="bbox 1931 707 3504 777; baseline 0.001 -15"><span class='ocrx_word' id='word_1_131' title='bbox 1931 722 2116 762; x_wconf 91' lang='lat' dir='ltr'><strong>verum</strong></span> <span class='ocrx_word' id='word_1_132' title='bbox 2167 723 2380 777; x_wconf 89' lang='lat' dir='ltr'><strong>semper</strong></span> <span class='ocrx_word' id='word_1_133' title='bbox 2428 707 2568 762; x_wconf 91' lang='lat' dir='ltr'><strong>illius</strong></span> <span class='ocrx_word' id='word_1_134' title='bbox 2606 709 3042 771; x_wconf 88' lang='lat' dir='ltr'><strong>reminiscamur,</strong></span> <span class='ocrx_word' id='word_1_135' title='bbox 3077 723 3146 762; x_wconf 90' lang='lat' dir='ltr'><strong>ne</strong></span> <span class='ocrx_word' id='word_1_136' title='bbox 3195 708 3418 763; x_wconf 88' lang='lat' dir='ltr'><strong>edentes</strong></span> <span class='ocrx_word' id='word_1_137' title='bbox 3448 718 3504 764; x_wconf 92' lang='lat' dir='ltr'><strong>et</strong></span> 
     </span>
    </p>
   </div>
   <div class='ocr_carea' id='block_1_22' title="bbox 1933 795 3504 868">
    <p class='ocr_par' dir='ltr' id='par_1_22' title="bbox 1933 795 3504 868">
     <span class='ocr_line' id='line_1_22' title="bbox 1933 795 3504 868; baseline 0.001 -16"><span class='ocrx_word' id='word_1_138' title='bbox 1933 797 2176 852; x_wconf 75' lang='lat' dir='ltr'><strong>bibentes</strong></span> <span class='ocrx_word' id='word_1_139' title='bbox 2227 799 2424 864; x_wconf 78' lang='lat' dir='ltr'><strong>ingrati</strong></span> <span class='ocrx_word' id='word_1_140' title='bbox 2463 796 2779 850; x_wconf 80' lang='lat' dir='ltr'><strong>eﬂiciamur.</strong></span> <span class='ocrx_word' id='word_1_141' title='bbox 2831 795 2942 852; x_wconf 85' lang='lat' dir='ltr'><strong>Nec</strong></span> <span class='ocrx_word' id='word_1_142' title='bbox 2984 797 3192 868; x_wconf 80' lang='lat' dir='ltr'><strong>Moyses</strong></span> <span class='ocrx_word' id='word_1_143' title='bbox 3241 799 3504 854; x_wconf 84' lang='lat' dir='ltr'><strong>duntaxat</strong></span> 
     </span>
    </p>
   </div>
   <div class='ocr_carea' id='block_1_23' title="bbox 1931 887 3500 957">
    <p class='ocr_par' dir='ltr' id='par_1_23' title="bbox 1931 887 3500 957">
     <span class='ocr_line' id='line_1_23' title="bbox 1931 887 3500 957; baseline 0.002 -16"><span class='ocrx_word' id='word_1_144' title='bbox 1931 887 2045 941; x_wconf 58' lang='lat' dir='ltr'><strong>haec</strong></span> <span class='ocrx_word' id='word_1_145' title='bbox 2073 902 2170 942; x_wconf 92' lang='lat' dir='ltr'><strong>nos</strong></span> <span class='ocrx_word' id='word_1_146' title='bbox 2204 888 2392 951; x_wconf 86' lang='lat' dir='ltr'><strong>docet;</strong></span> <span class='ocrx_word' id='word_1_147' title='bbox 2431 889 2524 943; x_wconf 88' lang='lat' dir='ltr'><strong>sed</strong></span> <span class='ocrx_word' id='word_1_148' title='bbox 2553 898 2604 942; x_wconf 88' lang='lat' dir='ltr'><strong>et</strong></span> <span class='ocrx_word' id='word_1_149' title='bbox 2642 887 2832 956; x_wconf 80' lang='lat' dir='ltr'><strong>reliqui</strong></span> <span class='ocrx_word' id='word_1_150' title='bbox 2867 889 3142 957; x_wconf 82' lang='lat' dir='ltr'><strong>prophetae</strong></span> <span class='ocrx_word' id='word_1_151' title='bbox 3169 890 3370 957; x_wconf 89' lang='lat' dir='ltr'><strong>pariter</strong></span> <span class='ocrx_word' id='word_1_152' title='bbox 3401 904 3500 944; x_wconf 91' lang='lat' dir='ltr'><strong>nos</strong></span> 
     </span>
    </p>
   </div>
   <div class='ocr_carea' id='block_1_24' title="bbox 1933 977 3505 1058">
    <p class='ocr_par' dir='ltr' id='par_1_24' title="bbox 1933 977 3505 1058">
     <span class='ocr_line' id='line_1_24' title="bbox 1933 977 3505 1058; baseline 0.001 -28"><span class='ocrx_word' id='word_1_153' title='bbox 1933 977 2130 1031; x_wconf 85' lang='lat' dir='ltr'><strong>docent</strong></span> <span class='ocrx_word' id='word_1_154' title='bbox 2160 986 2217 1031; x_wconf 89' lang='lat' dir='ltr'><strong>ut</strong></span> <span class='ocrx_word' id='word_1_155' title='bbox 2247 993 2351 1032; x_wconf 92' lang='lat' dir='ltr'><strong>non</strong></span> <span class='ocrx_word' id='word_1_156' title='bbox 2385 978 2767 1032; x_wconf 84' lang='lat' dir='ltr'><strong>obliviscamur</strong></span> <span class='ocrx_word' id='word_1_157' title='bbox 2797 986 3105 1032; x_wconf 89' lang='lat' dir='ltr'><strong>nostrorum</strong></span> <span class='ocrx_word' id='word_1_158' title='bbox 3133 987 3505 1058; x_wconf 63' lang='lat' dir='ltr'><strong>peccatorum,</strong></span> 
     </span>
    </p>
   </div>
   <div class='ocr_carea' id='block_1_25' title="bbox 1933 1069 3506 1139">
    <p class='ocr_par' dir='ltr' id='par_1_25' title="bbox 1933 1069 3506 1139">
     <span class='ocr_line' id='line_1_25' title="bbox 1933 1069 3506 1139; baseline 0.003 -20"><span class='ocrx_word' id='word_1_159' title='bbox 1933 1083 2051 1136; x_wconf 68' lang='lat' dir='ltr'><strong>quae</strong></span> <span class='ocrx_word' id='word_1_160' title='bbox 2078 1069 2190 1138; x_wconf 86' lang='lat' dir='ltr'><strong>jam</strong></span> <span class='ocrx_word' id='word_1_161' title='bbox 2228 1070 2381 1123; x_wconf 92' lang='lat' dir='ltr'><strong>nobis</strong></span> <span class='ocrx_word' id='word_1_162' title='bbox 2415 1069 2741 1123; x_wconf 87' lang='lat' dir='ltr'><strong>condonavit</strong></span> <span class='ocrx_word' id='word_1_163' title='bbox 2787 1069 2956 1130; x_wconf 88' lang='lat' dir='ltr'><strong>Deus,</strong></span> <span class='ocrx_word' id='word_1_164' title='bbox 2995 1084 3334 1139; x_wconf 90' lang='lat' dir='ltr'><strong>quorumque</strong></span> <span class='ocrx_word' id='word_1_165' title='bbox 3362 1071 3506 1126; x_wconf 84' lang='lat' dir='ltr'><strong>obli-</strong></span> 
     </span>
    </p>
   </div>
   <div class='ocr_carea' id='block_1_26' title="bbox 1935 1159 3504 1228">
    <p class='ocr_par' dir='ltr' id='par_1_26' title="bbox 1935 1159 3504 1228">
     <span class='ocr_line' id='line_1_26' title="bbox 1935 1159 3504 1228; baseline 0.001 -16"><span class='ocrx_word' id='word_1_166' title='bbox 1935 1167 2019 1214; x_wconf 91' lang='lat' dir='ltr'><strong>tus</strong></span> <span class='ocrx_word' id='word_1_167' title='bbox 2050 1168 2134 1213; x_wconf 88' lang='lat' dir='ltr'><strong>est</strong></span> <span class='ocrx_word' id='word_1_168' title='bbox 2167 1159 2334 1223; x_wconf 88' lang='lat' dir='ltr'><strong>Deus;</strong></span> <span class='ocrx_word' id='word_1_169' title='bbox 2379 1161 2472 1214; x_wconf 88' lang='lat' dir='ltr'><strong>sed</strong></span> <span class='ocrx_word' id='word_1_170' title='bbox 2506 1169 2563 1213; x_wconf 88' lang='lat' dir='ltr'><strong>ut</strong></span> <span class='ocrx_word' id='word_1_171' title='bbox 2607 1174 2792 1213; x_wconf 86' lang='lat' dir='ltr'><strong>eorum</strong></span> <span class='ocrx_word' id='word_1_172' title='bbox 2827 1175 3041 1228; x_wconf 83' lang='lat' dir='ltr'><strong>semper</strong></span> <span class='ocrx_word' id='word_1_173' title='bbox 3071 1162 3504 1225; x_wconf 85' lang='lat' dir='ltr'><strong>reminiscamnr,</strong></span> 
     </span>
    </p>
   </div>
   <div class='ocr_carea' id='block_1_27' title="bbox 1935 1251 3502 1319">
    <p class='ocr_par' dir='ltr' id='par_1_27' title="bbox 1935 1251 3502 1319">
     <span class='ocr_line' id='line_1_27' title="bbox 1935 1251 3502 1319; baseline 0.002 -15"><span class='ocrx_word' id='word_1_174' title='bbox 1935 1263 1992 1304; x_wconf 91' lang='lat' dir='ltr'><strong>ut</strong></span> <span class='ocrx_word' id='word_1_175' title='bbox 2039 1259 2296 1319; x_wconf 83' lang='lat' dir='ltr'><strong>perpetuo</strong></span> <span class='ocrx_word' id='word_1_176' title='bbox 2349 1251 2576 1306; x_wconf 87' lang='lat' dir='ltr'><strong>humiles</strong></span> <span class='ocrx_word' id='word_1_177' title='bbox 2631 1251 2801 1305; x_wconf 88' lang='lat' dir='ltr'><strong>simus</strong></span> <span class='ocrx_word' id='word_1_178' title='bbox 2841 1266 3023 1306; x_wconf 89' lang='lat' dir='ltr'><strong>coram</strong></span> <span class='ocrx_word' id='word_1_179' title='bbox 3074 1253 3324 1314; x_wconf 90' lang='lat' dir='ltr'><strong>Domino,</strong></span> <span class='ocrx_word' id='word_1_180' title='bbox 3360 1253 3502 1308; x_wconf 90' lang='lat' dir='ltr'><strong>sicut</strong></span> 
     </span>
    </p>
   </div>
   <div class='ocr_carea' id='block_1_28' title="bbox 1934 1342 3508 1412">
    <p class='ocr_par' dir='ltr' id='par_1_28' title="bbox 1934 1342 3508 1412">
     <span class='ocr_line' id='line_1_28' title="bbox 1934 1342 3508 1412; baseline 0.003 -18"><span class='ocrx_word' id='word_1_181' title='bbox 1934 1342 2024 1412; x_wconf 91' lang='lat' dir='ltr'><strong>qui</strong></span> <span class='ocrx_word' id='word_1_182' title='bbox 2057 1351 2204 1396; x_wconf 86' lang='lat' dir='ltr'><strong>stant</strong></span> <span class='ocrx_word' id='word_1_183' title='bbox 2230 1357 2411 1397; x_wconf 86' lang='lat' dir='ltr'><strong>coram</strong></span> <span class='ocrx_word' id='word_1_184' title='bbox 2444 1357 2528 1406; x_wconf 88' lang='lat' dir='ltr'><strong>eo,</strong></span> <span class='ocrx_word' id='word_1_185' title='bbox 2555 1344 2640 1396; x_wconf 92' lang='lat' dir='ltr'><strong>cui</strong></span> <span class='ocrx_word' id='word_1_186' title='bbox 2672 1343 2850 1398; x_wconf 87' lang='lat' dir='ltr'><strong>debito</strong></span> <span class='ocrx_word' id='word_1_187' title='bbox 2877 1355 3003 1398; x_wconf 85' lang='lat' dir='ltr'><strong>sunt</strong></span> <span class='ocrx_word' id='word_1_188' title='bbox 3031 1345 3261 1399; x_wconf 87' lang='lat' dir='ltr'><strong>astricti.</strong></span> <span class='ocrx_word' id='word_1_189' title='bbox 3291 1343 3508 1400; x_wconf 83' lang='lat' dir='ltr'><strong>lntuca-</strong></span> 
     </span>
    </p>
   </div>
   <div class='ocr_carea' id='block_1_29' title="bbox 1936 1433 3509 1505">
    <p class='ocr_par' dir='ltr' id='par_1_29' title="bbox 1936 1433 3509 1505">
     <span class='ocr_line' id='line_1_29' title="bbox 1936 1433 3509 1505; baseline 0.003 -19"><span class='ocrx_word' id='word_1_190' title='bbox 1936 1433 2065 1487; x_wconf 89' lang='lat' dir='ltr'><strong>mini</strong></span> <span class='ocrx_word' id='word_1_191' title='bbox 2109 1435 2271 1487; x_wconf 88' lang='lat' dir='ltr'><strong>etiam</strong></span> <span class='ocrx_word' id='word_1_192' title='bbox 2323 1433 2488 1486; x_wconf 89' lang='lat' dir='ltr'><strong>David</strong></span> <span class='ocrx_word' id='word_1_193' title='bbox 2525 1434 2867 1502; x_wconf 86' lang='lat' dir='ltr'><strong>prophetam,</strong></span> <span class='ocrx_word' id='word_1_194' title='bbox 2909 1437 3000 1504; x_wconf 88' lang='lat' dir='ltr'><strong>qui</strong></span> <span class='ocrx_word' id='word_1_195' title='bbox 3040 1450 3160 1490; x_wconf 90' lang='lat' dir='ltr'><strong>cum</strong></span> <span class='ocrx_word' id='word_1_196' title='bbox 3203 1438 3509 1505; x_wconf 82' lang='lat' dir='ltr'><strong>peccaverit</strong></span> 
     </span>
    </p>
   </div>
   <div class='ocr_carea' id='block_1_30' title="bbox 1934 1519 3509 1594">
    <p class='ocr_par' dir='ltr' id='par_1_30' title="bbox 1934 1519 3509 1594">
     <span class='ocr_line' id='line_1_30' title="bbox 1934 1519 3509 1594; baseline 0.004 -21"><span class='ocrx_word' id='word_1_197' title='bbox 1934 1520 1986 1573; x_wconf 91' lang='lat' dir='ltr'><strong>in</strong></span> <span class='ocrx_word' id='word_1_198' title='bbox 2022 1535 2242 1574; x_wconf 75' lang='lat' dir='ltr'><strong>uxorem</strong></span> <span class='ocrx_word' id='word_1_199' title='bbox 2273 1519 2432 1584; x_wconf 71' lang='lat' dir='ltr'><strong>Uriaa,</strong></span> <span class='ocrx_word' id='word_1_200' title='bbox 2465 1530 2518 1574; x_wconf 92' lang='lat' dir='ltr'><strong>et</strong></span> <span class='ocrx_word' id='word_1_201' title='bbox 2548 1523 2954 1589; x_wconf 89' lang='lat' dir='ltr'><strong>reprehenderit</strong></span> <span class='ocrx_word' id='word_1_202' title='bbox 2983 1537 3105 1577; x_wconf 91' lang='lat' dir='ltr'><strong>eum</strong></span> <span class='ocrx_word' id='word_1_203' title='bbox 3137 1523 3348 1578; x_wconf 80' lang='lat' dir='ltr'><strong>Nathan</strong></span> <span class='ocrx_word' id='word_1_204' title='bbox 3378 1541 3509 1594; x_wconf 91' lang='lat' dir='ltr'><strong>pro-</strong></span> 
     </span>
    </p>
   </div>
   <div class='ocr_carea' id='block_1_31' title="bbox 1933 1610 3510 1688">
    <p class='ocr_par' dir='ltr' id='par_1_31' title="bbox 1933 1610 3510 1688">
     <span class='ocr_line' id='line_1_31' title="bbox 1933 1610 3510 1688; baseline 0.005 -24"><span class='ocrx_word' id='word_1_205' title='bbox 1933 1611 2094 1678; x_wconf 88' lang='lat' dir='ltr'><strong>pheta</strong></span> <span class='ocrx_word' id='word_1_206' title='bbox 2127 1611 2268 1665; x_wconf 92' lang='lat' dir='ltr'><strong>illius</strong></span> <span class='ocrx_word' id='word_1_207' title='bbox 2300 1610 2484 1676; x_wconf 75' lang='lat' dir='ltr'><strong>causa,</strong></span> <span class='ocrx_word' id='word_1_208' title='bbox 2512 1620 2566 1665; x_wconf 92' lang='lat' dir='ltr'><strong>et</strong></span> <span class='ocrx_word' id='word_1_209' title='bbox 2597 1623 2818 1682; x_wconf 87' lang='lat' dir='ltr'><strong>propter</strong></span> <span class='ocrx_word' id='word_1_210' title='bbox 2849 1614 2900 1667; x_wconf 90' lang='lat' dir='ltr'><strong>id</strong></span> <span class='ocrx_word' id='word_1_211' title='bbox 2931 1616 3070 1682; x_wconf 91' lang='lat' dir='ltr'><strong>quod</strong></span> <span class='ocrx_word' id='word_1_212' title='bbox 3103 1615 3156 1669; x_wconf 92' lang='lat' dir='ltr'><strong>in</strong></span> <span class='ocrx_word' id='word_1_213' title='bbox 3184 1616 3360 1670; x_wconf 90' lang='lat' dir='ltr'><strong>virum</strong></span> <span class='ocrx_word' id='word_1_214' title='bbox 3392 1618 3510 1688; x_wconf 88' lang='lat' dir='ltr'><strong>ejus</strong></span> 
     </span>
    </p>
   </div>
   <div class='ocr_carea' id='block_1_32' title="bbox 1935 1703 3510 1777">
    <p class='ocr_par' dir='ltr' id='par_1_32' title="bbox 1935 1703 3510 1777">
     <span class='ocr_line' id='line_1_32' title="bbox 1935 1703 3510 1777; baseline 0.006 -24"><span class='ocrx_word' id='word_1_215' title='bbox 1935 1710 2358 1770; x_wconf 87' lang='lat' dir='ltr'><strong>perpetravcrat,</strong></span> <span class='ocrx_word' id='word_1_216' title='bbox 2408 1703 2591 1756; x_wconf 88' lang='lat' dir='ltr'><strong>audita</strong></span> <span class='ocrx_word' id='word_1_217' title='bbox 2629 1704 3048 1772; x_wconf 83' lang='lat' dir='ltr'><strong>reprehensione</strong></span> <span class='ocrx_word' id='word_1_218' title='bbox 3080 1706 3364 1766; x_wconf 85' lang='lat' dir='ltr'><strong>confestim</strong></span> <span class='ocrx_word' id='word_1_219' title='bbox 3394 1723 3510 1777; x_wconf 70' lang='lat' dir='ltr'><strong>prn-</strong></span> 
     </span>
    </p>
   </div>
   <div class='ocr_carea' id='block_1_33' title="bbox 258 1793 3510 1875">
    <p class='ocr_par' dir='ltr' id='par_1_33' title="bbox 258 1793 3510 1875">
     <span class='ocr_line' id='line_1_33' title="bbox 258 1793 3510 1875; baseline 0.006 -39"><span class='ocrx_word' id='word_1_220' title='bbox 258 1809 420 1865; x_wconf 67' lang='lat' dir='ltr'><strong>quam</strong></span> <span class='ocrx_word' id='word_1_221' title='bbox 455 1805 635 1852; x_wconf 62' lang='lat' dir='ltr'><strong>autem</strong></span> <span class='ocrx_word' id='word_1_222' title='bbox 685 1797 730 1853; x_wconf 76' lang='lat' dir='ltr'><strong>si</strong></span> <span class='ocrx_word' id='word_1_223' title='bbox 762 1799 1039 1855; x_wconf 56' lang='lat' dir='ltr'><strong>consecuti</strong></span> <span class='ocrx_word' id='word_1_224' title='bbox 1073 1800 1273 1855; x_wconf 62' lang='lat' dir='ltr'><strong>[uel-int</strong></span> <span class='ocrx_word' id='word_1_225' title='bbox 1313 1801 1365 1856; x_wconf 78' lang='lat' dir='ltr'><strong>in</strong></span> <span class='ocrx_word' id='word_1_226' title='bbox 1415 1806 1834 1875; x_wconf 58' lang='lat' dir='ltr'><strong>congregatione</strong></span> <span class='ocrx_word' id='word_1_227' title='bbox 1867 1817 1910 1873; x_wconf 78' lang='grc' dir='ltr'>Β</span> <span class='ocrx_word' id='word_1_228' title='bbox 1936 1793 2162 1846; x_wconf 89' lang='lat' dir='ltr'><strong>nitentia</strong></span> <span class='ocrx_word' id='word_1_229' title='bbox 2189 1794 2381 1849; x_wconf 75' lang='lat' dir='ltr'><strong>dllClllS</strong></span> <span class='ocrx_word' id='word_1_230' title='bbox 2430 1802 2533 1858; x_wconf 86' lang='lat' dir='ltr'><strong>est,</strong></span> <span class='ocrx_word' id='word_1_231' title='bbox 2587 1805 2642 1848; x_wconf 91' lang='lat' dir='ltr'><strong>et</strong></span> <span class='ocrx_word' id='word_1_232' title='bbox 2693 1795 3028 1850; x_wconf 87' lang='lat' dir='ltr'><strong>humiliatus.</strong></span> <span class='ocrx_word' id='word_1_233' title='bbox 3074 1797 3255 1864; x_wconf 88' lang='lat' dir='ltr'><strong>Quare</strong></span> <span class='ocrx_word' id='word_1_234' title='bbox 3285 1799 3424 1853; x_wconf 83' lang='lat' dir='ltr'><strong>dixit</strong></span> <span class='ocrx_word' id='word_1_235' title='bbox 3459 1799 3510 1854; x_wconf 86' lang='lat' dir='ltr'><strong>ei</strong></span> 
     </span>
    </p>
   </div>
   <div class='ocr_carea' id='block_1_34' title="bbox 258 1885 1832 1962">
    <p class='ocr_par' dir='ltr' id='par_1_34' title="bbox 258 1885 1832 1962">
     <span class='ocr_line' id='line_1_34' title="bbox 258 1885 1832 1962; baseline 0.008 -23"><span class='ocrx_word' id='word_1_236' title='bbox 258 1898 369 1940; x_wconf 62' lang='lat' dir='ltr'><strong>suae</strong></span> <span class='ocrx_word' id='word_1_237' title='bbox 402 1885 775 1954; x_wconf 80' lang='lat' dir='ltr'><strong>habitationis,</strong></span> <span class='ocrx_word' id='word_1_238' title='bbox 801 1889 870 1944; x_wconf 86' lang='lat' dir='ltr'><strong>ad</strong></span> <span class='ocrx_word' id='word_1_239' title='bbox 895 1889 1032 1946; x_wconf 87' lang='lat' dir='ltr'><strong>alias</strong></span> <span class='ocrx_word' id='word_1_240' title='bbox 1061 1904 1183 1946; x_wconf 87' lang='lat' dir='ltr'><strong>sese</strong></span> <span class='ocrx_word' id='word_1_241' title='bbox 1215 1892 1456 1962; x_wconf 89' lang='lat' dir='ltr'><strong>recipere</strong></span> <span class='ocrx_word' id='word_1_242' title='bbox 1482 1904 1674 1950; x_wconf 89' lang='lat' dir='ltr'><strong>curant</strong></span> <span class='ocrx_word' id='word_1_243' title='bbox 1699 1910 1832 1951; x_wconf 91' lang='lat' dir='ltr'><strong>con-</strong></span> 
     </span>
    </p>
   </div>
   <div class='ocr_carea' id='block_1_35' title="bbox 261 1976 1830 2052">
    <p class='ocr_par' dir='ltr' id='par_1_35' title="bbox 261 1976 1830 2052">
     <span class='ocr_line' id='line_1_35' title="bbox 261 1976 1830 2052; baseline 0.01 -26"><span class='ocrx_word' id='word_1_244' title='bbox 261 1976 622 2044; x_wconf 76' lang='lat' dir='ltr'><strong>gregationes,</strong></span> <span class='ocrx_word' id='word_1_245' title='bbox 664 1987 725 2032; x_wconf 92' lang='lat' dir='ltr'><strong>ut</strong></span> <span class='ocrx_word' id='word_1_246' title='bbox 766 1979 1019 2037; x_wconf 68' lang='lat' dir='ltr'><strong>humana:</strong></span> <span class='ocrx_word' id='word_1_247' title='bbox 1081 1981 1265 2052; x_wconf 66' lang='lat' dir='ltr'><strong>gloriae</strong></span> <span class='ocrx_word' id='word_1_248' title='bbox 1309 1983 1390 2040; x_wconf 89' lang='lat' dir='ltr'><strong>eis</strong></span> <span class='ocrx_word' id='word_1_249' title='bbox 1439 1986 1532 2040; x_wconf 87' lang='lat' dir='ltr'><strong>liat</strong></span> <span class='ocrx_word' id='word_1_250' title='bbox 1570 1988 1830 2042; x_wconf 87' lang='lat' dir='ltr'><strong>accessio.</strong></span> 
     </span>
    </p>
   </div>
   <div class='ocr_carea' id='block_1_36' title="bbox 265 2065 1836 2139">
    <p class='ocr_par' dir='ltr' id='par_1_36' title="bbox 265 2065 1836 2139">
     <span class='ocr_line' id='line_1_36' title="bbox 265 2065 1836 2139; baseline 0.009 -20"><span class='ocrx_word' id='word_1_251' title='bbox 265 2065 639 2134; x_wconf 83' lang='lat' dir='ltr'><strong>Agnoscentes</strong></span> <span class='ocrx_word' id='word_1_252' title='bbox 671 2069 856 2138; x_wconf 89' lang='lat' dir='ltr'><strong>itaque</strong></span> <span class='ocrx_word' id='word_1_253' title='bbox 885 2071 1008 2135; x_wconf 88' lang='lat' dir='ltr'><strong>hoc,</strong></span> <span class='ocrx_word' id='word_1_254' title='bbox 1054 2070 1204 2126; x_wconf 83' lang='lat' dir='ltr'><strong>ﬁlioli</strong></span> <span class='ocrx_word' id='word_1_255' title='bbox 1239 2073 1367 2139; x_wconf 89' lang='lat' dir='ltr'><strong>mei,</strong></span> <span class='ocrx_word' id='word_1_256' title='bbox 1408 2075 1575 2131; x_wconf 87' lang='lat' dir='ltr'><strong>nolite</strong></span> <span class='ocrx_word' id='word_1_257' title='bbox 1604 2077 1670 2131; x_wconf 89' lang='lat' dir='ltr'><strong>de</strong></span> <span class='ocrx_word' id='word_1_258' title='bbox 1705 2093 1836 2132; x_wconf 90' lang='lat' dir='ltr'><strong>con-</strong></span> 
     </span>
    </p>
   </div>
   <div class='ocr_carea' id='block_1_37' title="bbox 263 2157 1837 2240">
    <p class='ocr_par' dir='ltr' id='par_1_37' title="bbox 263 2157 1837 2240">
     <span class='ocr_line' id='line_1_37' title="bbox 263 2157 1837 2240; baseline 0.012 -33"><span class='ocrx_word' id='word_1_259' title='bbox 263 2158 580 2224; x_wconf 85' lang='lat' dir='ltr'><strong>gregatione</strong></span> <span class='ocrx_word' id='word_1_260' title='bbox 613 2157 665 2211; x_wconf 90' lang='lat' dir='ltr'><strong>in</strong></span> <span class='ocrx_word' id='word_1_261' title='bbox 705 2161 1176 2231; x_wconf 83' lang='lat' dir='ltr'><strong>congregationem</strong></span> <span class='ocrx_word' id='word_1_262' title='bbox 1213 2179 1307 2220; x_wconf 90' lang='lat' dir='ltr'><strong>vos</strong></span> <span class='ocrx_word' id='word_1_263' title='bbox 1339 2167 1579 2236; x_wconf 88' lang='lat' dir='ltr'><strong>recipere</strong></span> <span class='ocrx_word' id='word_1_264' title='bbox 1614 2181 1837 2240; x_wconf 82' lang='lat' dir='ltr'><strong>propter</strong></span> 
     </span>
    </p>
   </div>
   <div class='ocr_carea' id='block_1_38' title="bbox 261 2244 1836 2330">
    <p class='ocr_par' dir='ltr' id='par_1_38' title="bbox 261 2244 1836 2330">
     <span class='ocr_line' id='line_1_38' title="bbox 261 2244 1836 2330; baseline 0.011 -30"><span class='ocrx_word' id='word_1_265' title='bbox 261 2244 537 2300; x_wconf 85' lang='lat' dir='ltr'><strong>hominum</strong></span> <span class='ocrx_word' id='word_1_266' title='bbox 589 2246 849 2318; x_wconf 84' lang='lat' dir='ltr'><strong>gloriam;</strong></span> <span class='ocrx_word' id='word_1_267' title='bbox 875 2265 1060 2307; x_wconf 88' lang='lat' dir='ltr'><strong>verum</strong></span> <span class='ocrx_word' id='word_1_268' title='bbox 1092 2261 1264 2308; x_wconf 79' lang='lat' dir='ltr'><strong>estote</strong></span> <span class='ocrx_word' id='word_1_269' title='bbox 1286 2269 1453 2323; x_wconf 90' lang='lat' dir='ltr'><strong>penes</strong></span> <span class='ocrx_word' id='word_1_270' title='bbox 1477 2261 1836 2330; x_wconf 88' lang='lat' dir='ltr'><strong>vosmetipsos</strong></span> 
     </span>
    </p>
   </div>
   <div class='ocr_carea' id='block_1_39' title="bbox 259 2335 1838 2421">
    <p class='ocr_par' dir='ltr' id='par_1_39' title="bbox 259 2335 1838 2421">
     <span class='ocr_line' id='line_1_39' title="bbox 259 2335 1838 2421; baseline 0.008 -27"><span class='ocrx_word' id='word_1_271' title='bbox 259 2335 400 2394; x_wconf 85' lang='lat' dir='ltr'><strong>sicut</strong></span> <span class='ocrx_word' id='word_1_272' title='bbox 425 2338 600 2410; x_wconf 89' lang='lat' dir='ltr'><strong>pueri,</strong></span> <span class='ocrx_word' id='word_1_273' title='bbox 646 2348 700 2394; x_wconf 90' lang='lat' dir='ltr'><strong>et</strong></span> <span class='ocrx_word' id='word_1_274' title='bbox 752 2339 1036 2397; x_wconf 87' lang='lat' dir='ltr'><strong>imitemini</strong></span> <span class='ocrx_word' id='word_1_275' title='bbox 1069 2343 1204 2399; x_wconf 90' lang='lat' dir='ltr'><strong>duos</strong></span> <span class='ocrx_word' id='word_1_276' title='bbox 1239 2345 1359 2401; x_wconf 91' lang='lat' dir='ltr'><strong>illos</strong></span> <span class='ocrx_word' id='word_1_277' title='bbox 1389 2346 1616 2405; x_wconf 84' lang='lat' dir='ltr'><strong>Joannis</strong></span> <span class='ocrx_word' id='word_1_278' title='bbox 1655 2349 1838 2421; x_wconf 73' lang='lat' dir='ltr'><strong>Bapti»</strong></span> 
     </span>
    </p>
   </div>
   <div class='ocr_carea' id='block_1_40' title="bbox 257 2432 1832 2509">
    <p class='ocr_par' dir='ltr' id='par_1_40' title="bbox 257 2432 1832 2509">
     <span class='ocr_line' id='line_1_40' title="bbox 257 2432 1832 2509; baseline 0.007 -23"><span class='ocrx_word' id='word_1_279' title='bbox 257 2439 359 2486; x_wconf 66' lang='lat' dir='ltr'><strong>sta;</strong></span> <span class='ocrx_word' id='word_1_280' title='bbox 406 2432 714 2502; x_wconf 81' lang='lat' dir='ltr'><strong>discipulos,</strong></span> <span class='ocrx_word' id='word_1_281' title='bbox 763 2432 852 2501; x_wconf 92' lang='lat' dir='ltr'><strong>qui</strong></span> <span class='ocrx_word' id='word_1_282' title='bbox 897 2448 1238 2504; x_wconf 85' lang='lat' dir='ltr'><strong>nequaquam</strong></span> <span class='ocrx_word' id='word_1_283' title='bbox 1273 2435 1422 2492; x_wconf 91' lang='lat' dir='ltr'><strong>illum</strong></span> <span class='ocrx_word' id='word_1_284' title='bbox 1453 2439 1832 2509; x_wconf 87' lang='lat' dir='ltr'><strong>destituerunt,</strong></span> 
     </span>
    </p>
   </div>
   <div class='ocr_carea' id='block_1_41' title="bbox 258 2512 1836 2596">
    <p class='ocr_par' dir='ltr' id='par_1_41' title="bbox 258 2512 1836 2596">
     <span class='ocr_line' id='line_1_41' title="bbox 258 2512 1836 2596; baseline 0.01 -22"><span class='ocrx_word' id='word_1_285' title='bbox 258 2519 596 2578; x_wconf 87' lang='lat' dir='ltr'><strong>intendentes</strong></span> <span class='ocrx_word' id='word_1_286' title='bbox 642 2521 786 2592; x_wconf 90' lang='lat' dir='ltr'><strong>apud</strong></span> <span class='ocrx_word' id='word_1_287' title='bbox 831 2512 993 2576; x_wconf 85' lang='lat' dir='ltr'><strong>alium</strong></span> <span class='ocrx_word' id='word_1_288' title='bbox 1025 2523 1251 2595; x_wconf 88' lang='lat' dir='ltr'><strong>gloriam</strong></span> <span class='ocrx_word' id='word_1_289' title='bbox 1292 2529 1577 2596; x_wconf 88' lang='lat' dir='ltr'><strong>aucupari;</strong></span> <span class='ocrx_word' id='word_1_290' title='bbox 1617 2533 1709 2587; x_wconf 88' lang='lat' dir='ltr'><strong>sed</strong></span> <span class='ocrx_word' id='word_1_291' title='bbox 1739 2547 1836 2590; x_wconf 91' lang='lat' dir='ltr'><strong>co-</strong></span> 
     </span>
    </p>
   </div>
   <div class='ocr_carea' id='block_1_42' title="bbox 258 2611 1838 2682">
    <p class='ocr_par' dir='ltr' id='par_1_42' title="bbox 258 2611 1838 2682">
     <span class='ocr_line' id='line_1_42' title="bbox 258 2611 1838 2682; baseline 0.008 -16"><span class='ocrx_word' id='word_1_292' title='bbox 258 2622 600 2681; x_wconf 78' lang='lat' dir='ltr'><strong>gnoscentes,</strong></span> <span class='ocrx_word' id='word_1_293' title='bbox 649 2613 795 2682; x_wconf 88' lang='lat' dir='ltr'><strong>quod</strong></span> <span class='ocrx_word' id='word_1_294' title='bbox 850 2611 1112 2669; x_wconf 88' lang='lat' dir='ltr'><strong>Dominus</strong></span> <span class='ocrx_word' id='word_1_295' title='bbox 1169 2614 1326 2671; x_wconf 88' lang='lat' dir='ltr'><strong>Jesus</strong></span> <span class='ocrx_word' id='word_1_296' title='bbox 1375 2617 1626 2676; x_wconf 88' lang='lat' dir='ltr'><strong>Christus</strong></span> <span class='ocrx_word' id='word_1_297' title='bbox 1687 2634 1838 2679; x_wconf 83' lang='lat' dir='ltr'><strong>esset</strong></span> 
     </span>
    </p>
   </div>
   <div class='ocr_carea' id='block_1_43' title="bbox 257 2699 1838 2773">
    <p class='ocr_par' dir='ltr' id='par_1_43' title="bbox 257 2699 1838 2773">
     <span class='ocr_line' id='line_1_43' title="bbox 257 2699 1838 2773; baseline 0.008 -19"><span class='ocrx_word' id='word_1_298' title='bbox 257 2702 432 2765; x_wconf 81' lang='lat' dir='ltr'><strong>major</strong></span> <span class='ocrx_word' id='word_1_299' title='bbox 475 2699 702 2768; x_wconf 82' lang='lat' dir='ltr'><strong>Joanne,</strong></span> <span class='ocrx_word' id='word_1_300' title='bbox 739 2704 1050 2761; x_wconf 81' lang='lat' dir='ltr'><strong>testimonio</strong></span> <span class='ocrx_word' id='word_1_301' title='bbox 1094 2703 1335 2773; x_wconf 88' lang='lat' dir='ltr'><strong>ejusdem</strong></span> <span class='ocrx_word' id='word_1_302' title='bbox 1369 2706 1594 2765; x_wconf 83' lang='lat' dir='ltr'><strong>Joannis</strong></span> <span class='ocrx_word' id='word_1_303' title='bbox 1644 2711 1712 2767; x_wconf 89' lang='lat' dir='ltr'><strong>de</strong></span> <span class='ocrx_word' id='word_1_304' title='bbox 1749 2713 1838 2767; x_wconf 80' lang='lat' dir='ltr'><strong>illo</strong></span> 
     </span>
    </p>
   </div>
   <div class='ocr_carea' id='block_1_44' title="bbox 257 2791 1838 2858">
    <p class='ocr_par' dir='ltr' id='par_1_44' title="bbox 257 2791 1838 2858">
     <span class='ocr_line' id='line_1_44' title="bbox 257 2791 1838 2858; baseline 0.01 -16"><span class='ocrx_word' id='word_1_305' title='bbox 257 2791 553 2858; x_wconf 80' lang='lat' dir='ltr'><strong>perhibito,</strong></span> <span class='ocrx_word' id='word_1_306' title='bbox 587 2795 756 2848; x_wconf 89' lang='lat' dir='ltr'><strong>secuti</strong></span> <span class='ocrx_word' id='word_1_307' title='bbox 792 2801 924 2850; x_wconf 85' lang='lat' dir='ltr'><strong>sunt</strong></span> <span class='ocrx_word' id='word_1_308' title='bbox 954 2807 1078 2848; x_wconf 91' lang='lat' dir='ltr'><strong>eum</strong></span> <span class='ocrx_word' id='word_1_309' title='bbox 1123 2802 1180 2848; x_wconf 93' lang='lat' dir='ltr'><strong>ut</strong></span> <span class='ocrx_word' id='word_1_310' title='bbox 1215 2795 1408 2851; x_wconf 78' lang='lat' dir='ltr'><strong>tierent</strong></span> <span class='ocrx_word' id='word_1_311' title='bbox 1450 2813 1515 2852; x_wconf 83' lang='lat' dir='ltr'><strong>ex</strong></span> <span class='ocrx_word' id='word_1_312' title='bbox 1566 2804 1838 2858; x_wconf 82' lang='lat' dir='ltr'><strong>renovatis</strong></span> 
     </span>
    </p>
   </div>
   <div class='ocr_carea' id='block_1_45' title="bbox 258 2882 1840 2959">
    <p class='ocr_par' dir='ltr' id='par_1_45' title="bbox 258 2882 1840 2959">
     <span class='ocr_line' id='line_1_45' title="bbox 258 2882 1840 2959; baseline 0.009 -25"><span class='ocrx_word' id='word_1_313' title='bbox 258 2882 464 2950; x_wconf 87' lang='lat' dir='ltr'><strong>pueris.</strong></span> <span class='ocrx_word' id='word_1_314' title='bbox 509 2882 587 2936; x_wconf 84' lang='lat' dir='ltr'><strong>Ita</strong></span> <span class='ocrx_word' id='word_1_315' title='bbox 634 2898 765 2956; x_wconf 89' lang='lat' dir='ltr'><strong>ergo</strong></span> <span class='ocrx_word' id='word_1_316' title='bbox 801 2883 968 2941; x_wconf 77' lang='lat' dir='ltr'><strong>facile</strong></span> <span class='ocrx_word' id='word_1_317' title='bbox 999 2885 1146 2940; x_wconf 89' lang='lat' dir='ltr'><strong>omni</strong></span> <span class='ocrx_word' id='word_1_318' title='bbox 1200 2896 1461 2954; x_wconf 86' lang='lat' dir='ltr'><strong>tempore,</strong></span> <span class='ocrx_word' id='word_1_319' title='bbox 1494 2890 1840 2959; x_wconf 82' lang='lat' dir='ltr'><strong>quotiescun—</strong></span> 
     </span>
    </p>
   </div>
   <div class='ocr_carea' id='block_1_46' title="bbox 260 2971 1840 3048">
    <p class='ocr_par' dir='ltr' id='par_1_46' title="bbox 260 2971 1840 3048">
     <span class='ocr_line' id='line_1_46' title="bbox 260 2971 1840 3048; baseline 0.008 -25"><span class='ocrx_word' id='word_1_320' title='bbox 260 2985 366 3039; x_wconf 87' lang='lat' dir='ltr'><strong>que</strong></span> <span class='ocrx_word' id='word_1_321' title='bbox 399 2971 465 3024; x_wconf 91' lang='lat' dir='ltr'><strong>ad</strong></span> <span class='ocrx_word' id='word_1_322' title='bbox 508 2973 764 3041; x_wconf 83' lang='lat' dir='ltr'><strong>majorem</strong></span> <span class='ocrx_word' id='word_1_323' title='bbox 801 2971 956 3029; x_wconf 87' lang='lat' dir='ltr'><strong>vobis</strong></span> <span class='ocrx_word' id='word_1_324' title='bbox 989 2973 1347 3039; x_wconf 84' lang='lat' dir='ltr'><strong>accesserit-is,</strong></span> <span class='ocrx_word' id='word_1_325' title='bbox 1389 2986 1447 3031; x_wconf 89' lang='lat' dir='ltr'><strong>ut</strong></span> <span class='ocrx_word' id='word_1_326' title='bbox 1481 2979 1840 3048; x_wconf 85' lang='lat' dir='ltr'><strong>adimpleatur</strong></span> 
     </span>
    </p>
   </div>
   <div class='ocr_carea' id='block_1_47' title="bbox 263 3060 1834 3134">
    <p class='ocr_par' dir='ltr' id='par_1_47' title="bbox 263 3060 1834 3134">
     <span class='ocr_line' id='line_1_47' title="bbox 263 3060 1834 3134; baseline 0.008 -21"><span class='ocrx_word' id='word_1_327' title='bbox 263 3061 318 3114; x_wconf 94' lang='lat' dir='ltr'><strong>in</strong></span> <span class='ocrx_word' id='word_1_328' title='bbox 382 3061 533 3116; x_wconf 85' lang='lat' dir='ltr'><strong>vobis</strong></span> <span class='ocrx_word' id='word_1_329' title='bbox 582 3064 840 3132; x_wconf 88' lang='lat' dir='ltr'><strong>scriptum</strong></span> <span class='ocrx_word' id='word_1_330' title='bbox 875 3083 890 3119; x_wconf 90' lang='lat'><strong>:</strong></span> <span class='ocrx_word' id='word_1_331' title='bbox 925 3060 1285 3118; x_wconf 85' lang='lat' dir='ltr'><strong>Renovabitur</strong></span> <span class='ocrx_word' id='word_1_332' title='bbox 1333 3067 1570 3133; x_wconf 80' lang='lat' dir='ltr'><strong>iuventus</strong></span> <span class='ocrx_word' id='word_1_333' title='bbox 1617 3079 1729 3134; x_wconf 87' lang='lat' dir='ltr'><strong>tua,</strong></span> <span class='ocrx_word' id='word_1_334' title='bbox 1780 3081 1834 3125; x_wconf 82' lang='lat' dir='ltr'><strong>ut</strong></span> 
     </span>
    </p>
   </div>
   <div class='ocr_carea' id='block_1_48' title="bbox 1934 1883 3512 1956">
    <p class='ocr_par' dir='ltr' id='par_1_48' title="bbox 1934 1883 3512 1956">
     <span class='ocr_line' id='line_1_48' title="bbox 1934 1883 3512 1956; baseline 0.006 -19"><span class='ocrx_word' id='word_1_335' title='bbox 1934 1884 2144 1939; x_wconf 86' lang='lat' dir='ltr'><strong>Nathan</strong></span> <span class='ocrx_word' id='word_1_336' title='bbox 2183 1901 2196 1938; x_wconf 89' lang='lat'><strong>:</strong></span> <span class='ocrx_word' id='word_1_337' title='bbox 2229 1883 2354 1938; x_wconf 83' lang='lat' dir='ltr'><strong>Jam</strong></span> <span class='ocrx_word' id='word_1_338' title='bbox 2384 1886 2582 1940; x_wconf 75' lang='lat' dir='ltr'><strong>dimisit</strong></span> <span class='ocrx_word' id='word_1_339' title='bbox 2615 1887 2710 1940; x_wconf 89' lang='lat' dir='ltr'><strong>tibi</strong></span> <span class='ocrx_word' id='word_1_340' title='bbox 2736 1886 2874 1941; x_wconf 87' lang='lat' dir='ltr'><strong>Deus</strong></span> <span class='ocrx_word' id='word_1_341' title='bbox 2895 1898 3108 1956; x_wconf 84' lang='lat' dir='ltr'><strong>peccata</strong></span> <span class='ocrx_word' id='word_1_342' title='bbox 3139 1898 3229 1942; x_wconf 88' lang='lat' dir='ltr'><strong>tua</strong></span> <span class='ocrx_word' id='word_1_343' title='bbox 3249 1889 3315 1944; x_wconf 85' lang='grc'><strong>¹¹.</strong></span> <span class='ocrx_word' id='word_1_344' title='bbox 3345 1891 3512 1946; x_wconf 77' lang='lat' dir='ltr'><strong>David</strong></span> 
     </span>
    </p>
   </div>
   <div class='ocr_carea' id='block_1_49' title="bbox 1936 1977 3512 2048">
    <p class='ocr_par' dir='ltr' id='par_1_49' title="bbox 1936 1977 3512 2048">
     <span class='ocr_line' id='line_1_49' title="bbox 1936 1977 3512 2048; baseline 0.006 -22"><span class='ocrx_word' id='word_1_345' title='bbox 1936 1989 2066 2030; x_wconf 88' lang='lat' dir='ltr'><strong>vero</strong></span> <span class='ocrx_word' id='word_1_346' title='bbox 2099 1985 2444 2044; x_wconf 86' lang='lat' dir='ltr'><strong>peccatorum</strong></span> <span class='ocrx_word' id='word_1_347' title='bbox 2473 1977 2625 2031; x_wconf 88' lang='lat' dir='ltr'><strong>venia</strong></span> <span class='ocrx_word' id='word_1_348' title='bbox 2677 1987 2992 2042; x_wconf 89' lang='lat' dir='ltr'><strong>consecuta,</strong></span> <span class='ocrx_word' id='word_1_349' title='bbox 3029 1977 3239 2033; x_wconf 90' lang='lat' dir='ltr'><strong>illorum</strong></span> <span class='ocrx_word' id='word_1_350' title='bbox 3270 1981 3512 2048; x_wconf 79' lang='lat' dir='ltr'><strong>proiecto</strong></span> 
     </span>
    </p>
   </div>
   <div class='ocr_carea' id='block_1_50' title="bbox 1935 2064 3512 2133">
    <p class='ocr_par' dir='ltr' id='par_1_50' title="bbox 1935 2064 3512 2133">
     <span class='ocr_line' id='line_1_50' title="bbox 1935 2064 3512 2133; baseline 0.005 -15"><span class='ocrx_word' id='word_1_351' title='bbox 1935 2064 2136 2118; x_wconf 87' lang='lat' dir='ltr'><strong>oblitus</strong></span> <span class='ocrx_word' id='word_1_352' title='bbox 2185 2079 2292 2118; x_wconf 91' lang='lat' dir='ltr'><strong>non</strong></span> <span class='ocrx_word' id='word_1_353' title='bbox 2326 2073 2428 2128; x_wconf 90' lang='lat' dir='ltr'><strong>est,</strong></span> <span class='ocrx_word' id='word_1_354' title='bbox 2476 2079 2576 2120; x_wconf 90' lang='lat' dir='ltr'><strong>nec</strong></span> <span class='ocrx_word' id='word_1_355' title='bbox 2628 2082 2658 2120; x_wconf 91' lang='lat' dir='ltr'><strong>a</strong></span> <span class='ocrx_word' id='word_1_356' title='bbox 2704 2080 2764 2120; x_wconf 91' lang='lat' dir='ltr'><strong>se</strong></span> <span class='ocrx_word' id='word_1_357' title='bbox 2803 2069 3116 2123; x_wconf 87' lang='lat' dir='ltr'><strong>memoriam</strong></span> <span class='ocrx_word' id='word_1_358' title='bbox 3157 2069 3383 2133; x_wconf 89' lang='lat' dir='ltr'><strong>dimisit,</strong></span> <span class='ocrx_word' id='word_1_359' title='bbox 3417 2073 3512 2126; x_wconf 90' lang='lat' dir='ltr'><strong>sed</strong></span> 
     </span>
    </p>
   </div>
   <div class='ocr_carea' id='block_1_51' title="bbox 1938 2156 3512 2230">
    <p class='ocr_par' dir='ltr' id='par_1_51' title="bbox 1938 2156 3512 2230">
     <span class='ocr_line' id='line_1_51' title="bbox 1938 2156 3512 2230; baseline 0.004 -20"><span class='ocrx_word' id='word_1_360' title='bbox 1938 2170 2056 2210; x_wconf 90' lang='lat' dir='ltr'><strong>eam</strong></span> <span class='ocrx_word' id='word_1_361' title='bbox 2088 2156 2392 2224; x_wconf 88' lang='lat' dir='ltr'><strong>posteritati</strong></span> <span class='ocrx_word' id='word_1_362' title='bbox 2425 2158 2818 2226; x_wconf 81' lang='lat' dir='ltr'><strong>consignavit&quot;</strong></span> <span class='ocrx_word' id='word_1_363' title='bbox 2848 2174 2862 2212; x_wconf 91' lang='lat'><strong>:</strong></span> <span class='ocrx_word' id='word_1_364' title='bbox 2889 2158 3198 2230; x_wconf 79' lang='lat' dir='ltr'><strong>factumque</strong></span> <span class='ocrx_word' id='word_1_365' title='bbox 3229 2170 3314 2216; x_wconf 89' lang='lat' dir='ltr'><strong>est</strong></span> <span class='ocrx_word' id='word_1_366' title='bbox 3344 2162 3396 2216; x_wconf 90' lang='lat' dir='ltr'><strong>id</strong></span> <span class='ocrx_word' id='word_1_367' title='bbox 3444 2165 3512 2217; x_wconf 88' lang='lat' dir='ltr'><strong>ad</strong></span> 
     </span>
    </p>
   </div>
   <div class='ocr_carea' id='block_1_52' title="bbox 1938 2237 3512 2319">
    <p class='ocr_par' dir='ltr' id='par_1_52' title="bbox 1938 2237 3512 2319">
     <span class='ocr_line' id='line_1_52' title="bbox 1938 2237 3512 2319; baseline 0.004 -18"><span class='ocrx_word' id='word_1_368' title='bbox 1938 2247 2254 2302; x_wconf 86' lang='lat' dir='ltr'><strong>memoriam</strong></span> <span class='ocrx_word' id='word_1_369' title='bbox 2278 2249 2332 2302; x_wconf 91' lang='lat' dir='ltr'><strong>in</strong></span> <span class='ocrx_word' id='word_1_370' title='bbox 2361 2249 2612 2304; x_wconf 92' lang='lat' dir='ltr'><strong>omnibus</strong></span> <span class='ocrx_word' id='word_1_371' title='bbox 2637 2249 3078 2319; x_wconf 86' lang='lat' dir='ltr'><strong>generationibus</strong></span> <span class='ocrx_word' id='word_1_372' title='bbox 3099 2264 3130 2304; x_wconf 88' lang='lat' dir='ltr'><strong>a</strong></span> <span class='ocrx_word' id='word_1_373' title='bbox 3161 2237 3512 2319; x_wconf 82' lang='lat' dir='ltr'><strong>generatione</strong></span> 
     </span>
    </p>
   </div>
   <div class='ocr_carea' id='block_1_53' title="bbox 1939 2338 3510 2410">
    <p class='ocr_par' dir='ltr' id='par_1_53' title="bbox 1939 2338 3510 2410">
     <span class='ocr_line' id='line_1_53' title="bbox 1939 2338 3510 2410; baseline 0.004 -18"><span class='ocrx_word' id='word_1_374' title='bbox 1939 2338 1992 2392; x_wconf 92' lang='lat' dir='ltr'><strong>in</strong></span> <span class='ocrx_word' id='word_1_375' title='bbox 2035 2339 2464 2407; x_wconf 87' lang='lat' dir='ltr'><strong>generationem.</strong></span> <span class='ocrx_word' id='word_1_376' title='bbox 2508 2339 2574 2392; x_wconf 88' lang='lat' dir='ltr'><strong>Et</strong></span> <span class='ocrx_word' id='word_1_377' title='bbox 2603 2348 2896 2394; x_wconf 87' lang='lat' dir='ltr'><strong>consecuta</strong></span> <span class='ocrx_word' id='word_1_378' title='bbox 2938 2341 3154 2410; x_wconf 88' lang='lat' dir='ltr'><strong>quidem</strong></span> <span class='ocrx_word' id='word_1_379' title='bbox 3184 2342 3364 2406; x_wconf 89' lang='lat' dir='ltr'><strong>venia,</strong></span> <span class='ocrx_word' id='word_1_380' title='bbox 3393 2343 3510 2400; x_wconf 88' lang='lat' dir='ltr'><strong>ait:</strong></span> 
     </span>
    </p>
   </div>
   <div class='ocr_carea' id='block_1_54' title="bbox 1944 2426 3513 2497">
    <p class='ocr_par' dir='ltr' id='par_1_54' title="bbox 1944 2426 3513 2497">
     <span class='ocr_line' id='line_1_54' title="bbox 1944 2426 3513 2497; baseline 0.004 -19"><span class='ocrx_word' id='word_1_381' title='bbox 1944 2426 2142 2480; x_wconf 80' lang='lat' dir='ltr'><strong>Docebo</strong></span> <span class='ocrx_word' id='word_1_382' title='bbox 2168 2426 2375 2496; x_wconf 87' lang='lat' dir='ltr'><strong>iniquos</strong></span> <span class='ocrx_word' id='word_1_383' title='bbox 2398 2428 2506 2481; x_wconf 88' lang='lat' dir='ltr'><strong>vias</strong></span> <span class='ocrx_word' id='word_1_384' title='bbox 2528 2437 2720 2492; x_wconf 85' lang='lat' dir='ltr'><strong>tuas,et</strong></span> <span class='ocrx_word' id='word_1_385' title='bbox 2745 2429 2894 2497; x_wconf 79' lang='lat' dir='ltr'><strong>impii</strong></span> <span class='ocrx_word' id='word_1_386' title='bbox 2917 2431 2986 2482; x_wconf 92' lang='lat' dir='ltr'><strong>ad</strong></span> <span class='ocrx_word' id='word_1_387' title='bbox 3003 2439 3053 2484; x_wconf 88' lang='lat' dir='ltr'><strong>te</strong></span> <span class='ocrx_word' id='word_1_388' title='bbox 3065 2439 3429 2486; x_wconf 77' lang='lat' dir='ltr'><strong>convertentur</strong></span> <span class='ocrx_word' id='word_1_389' title='bbox 3447 2433 3513 2484; x_wconf 82' lang='grc'><strong>¹³.</strong></span> 
     </span>
    </p>
   </div>
   <div class='ocr_carea' id='block_1_55' title="bbox 1939 2515 3514 2585">
    <p class='ocr_par' dir='ltr' id='par_1_55' title="bbox 1939 2515 3514 2585">
     <span class='ocr_line' id='line_1_55' title="bbox 1939 2515 3514 2585; baseline 0.007 -17"><span class='ocrx_word' id='word_1_390' title='bbox 1939 2515 2069 2582; x_wconf 66' lang='lat' dir='ltr'><strong>Quae</strong></span> <span class='ocrx_word' id='word_1_391' title='bbox 2103 2516 2290 2585; x_wconf 89' lang='lat' dir='ltr'><strong>utique</strong></span> <span class='ocrx_word' id='word_1_392' title='bbox 2317 2517 2498 2571; x_wconf 88' lang='lat' dir='ltr'><strong>omnia</strong></span> <span class='ocrx_word' id='word_1_393' title='bbox 2527 2517 2666 2572; x_wconf 78' lang='lat' dir='ltr'><strong>dixit</strong></span> <span class='ocrx_word' id='word_1_394' title='bbox 2694 2519 2884 2585; x_wconf 89' lang='lat' dir='ltr'><strong>David,</strong></span> <span class='ocrx_word' id='word_1_395' title='bbox 2927 2530 2985 2574; x_wconf 91' lang='lat' dir='ltr'><strong>ut</strong></span> <span class='ocrx_word' id='word_1_396' title='bbox 3013 2521 3296 2577; x_wconf 87' lang='lat' dir='ltr'><strong>addiscant</strong></span> <span class='ocrx_word' id='word_1_397' title='bbox 3329 2525 3398 2578; x_wconf 88' lang='lat' dir='ltr'><strong>ab</strong></span> <span class='ocrx_word' id='word_1_398' title='bbox 3426 2523 3514 2579; x_wconf 94' lang='lat' dir='ltr'><strong>illo</strong></span> 
     </span>
    </p>
   </div>
   <div class='ocr_carea' id='block_1_56' title="bbox 1939 2613 3513 2682">
    <p class='ocr_par' dir='ltr' id='par_1_56' title="bbox 1939 2613 3513 2682">
     <span class='ocr_line' id='line_1_56' title="bbox 1939 2613 3513 2682; baseline 0.006 -23"><span class='ocrx_word' id='word_1_399' title='bbox 1939 2620 2128 2662; x_wconf 79' lang='lat' dir='ltr'><strong>omnes</strong></span> <span class='ocrx_word' id='word_1_400' title='bbox 2178 2617 2511 2676; x_wconf 90' lang='lat' dir='ltr'><strong>peccatores,</strong></span> <span class='ocrx_word' id='word_1_401' title='bbox 2559 2622 2765 2678; x_wconf 90' lang='lat' dir='ltr'><strong>eosque</strong></span> <span class='ocrx_word' id='word_1_402' title='bbox 2799 2613 3059 2679; x_wconf 84' lang='lat' dir='ltr'><strong>poeniteat</strong></span> <span class='ocrx_word' id='word_1_403' title='bbox 3085 2613 3149 2666; x_wconf 90' lang='lat' dir='ltr'><strong>ad</strong></span> <span class='ocrx_word' id='word_1_404' title='bbox 3176 2613 3292 2682; x_wconf 90' lang='lat' dir='ltr'><strong>ejus</strong></span> <span class='ocrx_word' id='word_1_405' title='bbox 3326 2615 3513 2670; x_wconf 81' lang='lat' dir='ltr'><strong>simili-</strong></span> 
     </span>
    </p>
   </div>
   <div class='ocr_carea' id='block_1_57' title="bbox 1941 2697 3513 2779">
    <p class='ocr_par' dir='ltr' id='par_1_57' title="bbox 1941 2697 3513 2779">
     <span class='ocr_line' id='line_1_57' title="bbox 1941 2697 3513 2779; baseline 0.004 -28"><span class='ocrx_word' id='word_1_406' title='bbox 1941 2697 2210 2762; x_wconf 90' lang='lat' dir='ltr'><strong>tudinem;</strong></span> <span class='ocrx_word' id='word_1_407' title='bbox 2235 2707 2302 2779; x_wconf 42' lang='lat' dir='ltr'><strong>.et</strong></span> <span class='ocrx_word' id='word_1_408' title='bbox 2335 2706 2392 2751; x_wconf 84' lang='grc' dir='ltr'><strong>ιιι</strong></span> <span class='ocrx_word' id='word_1_409' title='bbox 2421 2713 2642 2752; x_wconf 90' lang='lat' dir='ltr'><strong>suorum</strong></span> <span class='ocrx_word' id='word_1_410' title='bbox 2674 2709 3018 2768; x_wconf 88' lang='lat' dir='ltr'><strong>peccatorum</strong></span> <span class='ocrx_word' id='word_1_411' title='bbox 3049 2717 3168 2770; x_wconf 67' lang='lat' dir='ltr'><strong>quae</strong></span> <span class='ocrx_word' id='word_1_412' title='bbox 3195 2702 3300 2758; x_wconf 88' lang='lat' dir='ltr'><strong>illis</strong></span> <span class='ocrx_word' id='word_1_413' title='bbox 3327 2704 3513 2758; x_wconf 83' lang='lat' dir='ltr'><strong>diruit-</strong></span> 
     </span>
    </p>
   </div>
   <div class='ocr_carea' id='block_1_58' title="bbox 1942 2786 3516 2864">
    <p class='ocr_par' dir='ltr' id='par_1_58' title="bbox 1942 2786 3516 2864">
     <span class='ocr_line' id='line_1_58' title="bbox 1942 2786 3516 2864; baseline 0.005 -22"><span class='ocrx_word' id='word_1_414' title='bbox 1942 2795 2128 2842; x_wconf 91' lang='lat' dir='ltr'><strong>tuntur</strong></span> <span class='ocrx_word' id='word_1_415' title='bbox 2167 2802 2273 2842; x_wconf 92' lang='lat' dir='ltr'><strong>non</strong></span> <span class='ocrx_word' id='word_1_416' title='bbox 2321 2786 2732 2854; x_wconf 72' lang='lat' dir='ltr'><strong>obliviscantur,</strong></span> <span class='ocrx_word' id='word_1_417' title='bbox 2779 2792 2873 2846; x_wconf 91' lang='lat' dir='ltr'><strong>sed</strong></span> <span class='ocrx_word' id='word_1_418' title='bbox 2920 2791 3132 2846; x_wconf 89' lang='lat' dir='ltr'><strong>illorum</strong></span> <span class='ocrx_word' id='word_1_419' title='bbox 3165 2808 3380 2864; x_wconf 78' lang='lat' dir='ltr'><strong>seraper</strong></span> <span class='ocrx_word' id='word_1_420' title='bbox 3403 2796 3516 2850; x_wconf 80' lang='lat' dir='ltr'><strong>sint</strong></span> 
     </span>
    </p>
   </div>
   <div class='ocr_carea' id='block_1_59' title="bbox 1947 2879 3512 2954">
    <p class='ocr_par' dir='ltr' id='par_1_59' title="bbox 1947 2879 3512 2954">
     <span class='ocr_line' id='line_1_59' title="bbox 1947 2879 3512 2954; baseline 0.007 -23"><span class='ocrx_word' id='word_1_421' title='bbox 1947 2894 2232 2950; x_wconf 80' lang='lat' dir='ltr'><strong>memores.</strong></span> <span class='ocrx_word' id='word_1_422' title='bbox 2255 2879 2518 2935; x_wconf 90' lang='lat' dir='ltr'><strong>Similiter</strong></span> <span class='ocrx_word' id='word_1_423' title='bbox 2532 2881 2668 2936; x_wconf 80' lang='lat' dir='ltr'><strong>dixit</strong></span> <span class='ocrx_word' id='word_1_424' title='bbox 2684 2881 2825 2936; x_wconf 88' lang='lat' dir='ltr'><strong>Deus</strong></span> <span class='ocrx_word' id='word_1_425' title='bbox 2840 2897 2934 2951; x_wconf 91' lang='lat' dir='ltr'><strong>per</strong></span> <span class='ocrx_word' id='word_1_426' title='bbox 2946 2883 3138 2936; x_wconf 88' lang='lat' dir='ltr'><strong>Isaiam</strong></span> <span class='ocrx_word' id='word_1_427' title='bbox 3159 2886 3470 2954; x_wconf 78' lang='lat' dir='ltr'><strong>prophetam</strong></span> <span class='ocrx_word' id='word_1_428' title='bbox 3498 2906 3512 2942; x_wconf 74' lang='grc' dir='ltr'><strong>ε</strong></span> 
     </span>
    </p>
   </div>
   <div class='ocr_carea' id='block_1_60' title="bbox 1890 2965 3513 3042">
    <p class='ocr_par' dir='ltr' id='par_1_60' title="bbox 1890 2965 3513 3042">
     <span class='ocr_line' id='line_1_60' title="bbox 1890 2965 3513 3042; baseline 0.007 -22"><span class='ocrx_word' id='word_1_429' title='bbox 1890 2965 1895 2969; x_wconf 65' lang='grc'><strong>”</strong></span> <span class='ocrx_word' id='word_1_430' title='bbox 1945 2967 2078 3022; x_wconf 87' lang='lat' dir='ltr'><strong>Ecce</strong></span> <span class='ocrx_word' id='word_1_431' title='bbox 2118 2969 2264 3022; x_wconf 87' lang='lat' dir='ltr'><strong>deleo</strong></span> <span class='ocrx_word' id='word_1_432' title='bbox 2309 2972 2611 3038; x_wconf 79' lang='lat' dir='ltr'><strong>iniquitates</strong></span> <span class='ocrx_word' id='word_1_433' title='bbox 2646 2982 2788 3038; x_wconf 81' lang='lat' dir='ltr'><strong>tuas,</strong></span> <span class='ocrx_word' id='word_1_434' title='bbox 2822 2982 2871 3026; x_wconf 89' lang='lat' dir='ltr'><strong>et</strong></span> <span class='ocrx_word' id='word_1_435' title='bbox 2907 2983 3239 3042; x_wconf 81' lang='lat' dir='ltr'><strong>peccatorum</strong></span> <span class='ocrx_word' id='word_1_436' title='bbox 3282 2991 3386 3030; x_wconf 87' lang='lat' dir='ltr'><strong>non</strong></span> <span class='ocrx_word' id='word_1_437' title='bbox 3427 2992 3513 3031; x_wconf 77' lang='lat' dir='ltr'><strong>re—</strong></span> 
     </span>
    </p>
   </div>
   <div class='ocr_carea' id='block_1_61' title="bbox 1944 3057 3514 3133">
    <p class='ocr_par' dir='ltr' id='par_1_61' title="bbox 1944 3057 3514 3133">
     <span class='ocr_line' id='line_1_61' title="bbox 1944 3057 3514 3133; baseline 0.006 -23"><span class='ocrx_word' id='word_1_438' title='bbox 1944 3057 2314 3112; x_wconf 68' lang='lat' dir='ltr'><strong>cordabuntu</strong></span> <span class='ocrx_word' id='word_1_439' title='bbox 2362 3076 2478 3114; x_wconf 89' lang='lat' dir='ltr'><strong>vero</strong></span> <span class='ocrx_word' id='word_1_440' title='bbox 2527 3062 2739 3113; x_wconf 80' lang='lat' dir='ltr'><strong>illorum</strong></span> <span class='ocrx_word' id='word_1_441' title='bbox 2786 3071 2906 3116; x_wconf 84' lang='lat' dir='ltr'><strong>ante</strong></span> <span class='ocrx_word' id='word_1_442' title='bbox 2945 3063 3123 3116; x_wconf 81' lang='lat' dir='ltr'><strong>omnia</strong></span> <span class='ocrx_word' id='word_1_443' title='bbox 3163 3065 3514 3133; x_wconf 70' lang='lat' dir='ltr'><strong>reminiscere,</strong></span> 
     </span>
    </p>
   </div>
   <div class='ocr_carea' id='block_1_62' title="bbox 259 3142 1836 3228">
    <p class='ocr_par' dir='ltr' id='par_1_62' title="bbox 259 3151 1836 3228">
     <span class='ocr_line' id='line_1_62' title="bbox 259 3151 1836 3228; baseline 0.01 -24"><span class='ocrx_word' id='word_1_444' title='bbox 259 3151 514 3221; x_wconf 72' lang='lat' dir='ltr'><strong>aquitw&#39;.</strong></span> <span class='ocrx_word' id='word_1_445' title='bbox 571 3153 637 3207; x_wconf 85' lang='lat' dir='ltr'><strong>Et</strong></span> <span class='ocrx_word' id='word_1_446' title='bbox 683 3154 891 3209; x_wconf 90' lang='lat' dir='ltr'><strong>dicite:</strong></span> <span class='ocrx_word' id='word_1_447' title='bbox 923 3152 1247 3214; x_wconf 78' lang='lat' dir='ltr'><strong>Peccatores</strong></span> <span class='ocrx_word' id='word_1_448' title='bbox 1300 3158 1484 3226; x_wconf 87' lang='lat' dir='ltr'><strong>utique</strong></span> <span class='ocrx_word' id='word_1_449' title='bbox 1526 3174 1734 3228; x_wconf 90' lang='lat' dir='ltr'><strong>sumus,</strong></span> <span class='ocrx_word' id='word_1_450' title='bbox 1781 3171 1836 3218; x_wconf 89' lang='lat' dir='ltr'><strong>et</strong></span> 
     </span>
    </p>
   </div>
   <div class='ocr_carea' id='block_1_63' title="bbox 1945 3142 3515 3228">
    <p class='ocr_par' dir='ltr' id='par_1_63' title="bbox 1945 3148 3515 3222">
     <span class='ocr_line' id='line_1_63' title="bbox 1945 3148 3515 3222; baseline 0.005 -21"><span class='ocrx_word' id='word_1_451' title='bbox 1945 3157 1997 3201; x_wconf 86' lang='lat' dir='ltr'><strong>ut</strong></span> <span class='ocrx_word' id='word_1_452' title='bbox 2021 3148 2408 3216; x_wconf 77' lang='lat' dir='ltr'><strong>justiﬁceris”.</strong></span> <span class='ocrx_word' id='word_1_453' title='bbox 2428 3149 2607 3216; x_wconf 87' lang='lat' dir='ltr'><strong>Quare</strong></span> <span class='ocrx_word' id='word_1_454' title='bbox 2636 3152 2904 3218; x_wconf 90' lang='lat' dir='ltr'><strong>peccatori</strong></span> <span class='ocrx_word' id='word_1_455' title='bbox 2938 3167 3036 3222; x_wconf 89' lang='lat' dir='ltr'><strong>par</strong></span> <span class='ocrx_word' id='word_1_456' title='bbox 3063 3163 3166 3216; x_wconf 72' lang='lat' dir='ltr'><strong>est,</strong></span> <span class='ocrx_word' id='word_1_457' title='bbox 3197 3165 3253 3208; x_wconf 90' lang='lat' dir='ltr'><strong>ut</strong></span> <span class='ocrx_word' id='word_1_458' title='bbox 3275 3170 3398 3210; x_wconf 89' lang='lat' dir='ltr'><strong>cum</strong></span> <span class='ocrx_word' id='word_1_459' title='bbox 3429 3157 3515 3211; x_wconf 84' lang='lat' dir='ltr'><strong>di-</strong></span> 
     </span>
    </p>
   </div>
   <div class='ocr_carea' id='block_1_64' title="bbox 260 3243 1840 3316">
    <p class='ocr_par' dir='ltr' id='par_1_64' title="bbox 260 3243 1840 3316">
     <span class='ocr_line' id='line_1_64' title="bbox 260 3243 1840 3316; baseline 0.008 -22"><span class='ocrx_word' id='word_1_460' title='bbox 260 3243 470 3312; x_wconf 87' lang='lat' dir='ltr'><strong>plorate</strong></span> <span class='ocrx_word' id='word_1_461' title='bbox 532 3247 886 3316; x_wconf 86' lang='lat' dir='ltr'><strong>vosmetipsos</strong></span> <span class='ocrx_word' id='word_1_462' title='bbox 937 3253 1158 3316; x_wconf 88' lang='lat' dir='ltr'><strong>propter</strong></span> <span class='ocrx_word' id='word_1_463' title='bbox 1203 3259 1264 3300; x_wconf 88' lang='lat' dir='ltr'><strong>ea</strong></span> <span class='ocrx_word' id='word_1_464' title='bbox 1316 3261 1436 3316; x_wconf 66' lang='lat' dir='ltr'><strong>quae</strong></span> <span class='ocrx_word' id='word_1_465' title='bbox 1483 3249 1674 3305; x_wconf 88' lang='lat' dir='ltr'><strong>inscite</strong></span> <span class='ocrx_word' id='word_1_466' title='bbox 1707 3251 1840 3307; x_wconf 76' lang='lat' dir='ltr'><strong>feei-</strong></span> 
     </span>
    </p>
   </div>
   <div class='ocr_carea' id='block_1_65' title="bbox 261 3333 1836 3408">
    <p class='ocr_par' dir='ltr' id='par_1_65' title="bbox 261 3333 1836 3408">
     <span class='ocr_line' id='line_1_65' title="bbox 261 3333 1836 3408; baseline 0.006 -20"><span class='ocrx_word' id='word_1_467' title='bbox 261 3333 384 3390; x_wconf 86' lang='lat' dir='ltr'><strong>stis.</strong></span> <span class='ocrx_word' id='word_1_468' title='bbox 416 3335 482 3390; x_wconf 85' lang='lat' dir='ltr'><strong>Et</strong></span> <span class='ocrx_word' id='word_1_469' title='bbox 510 3346 734 3407; x_wconf 87' lang='lat' dir='ltr'><strong>pr0pter</strong></span> <span class='ocrx_word' id='word_1_470' title='bbox 766 3338 869 3393; x_wconf 91' lang='lat' dir='ltr'><strong>hoc</strong></span> <span class='ocrx_word' id='word_1_471' title='bbox 897 3337 1117 3408; x_wconf 84' lang='lat' dir='ltr'><strong>quidem</strong></span> <span class='ocrx_word' id='word_1_472' title='bbox 1147 3351 1275 3392; x_wconf 88' lang='lat' dir='ltr'><strong>vere</strong></span> <span class='ocrx_word' id='word_1_473' title='bbox 1303 3338 1406 3392; x_wconf 90' lang='lat' dir='ltr'><strong>erit</strong></span> <span class='ocrx_word' id='word_1_474' title='bbox 1437 3341 1711 3396; x_wconf 87' lang='lat' dir='ltr'><strong>vobiscum</strong></span> <span class='ocrx_word' id='word_1_475' title='bbox 1739 3359 1836 3398; x_wconf 94' lang='lat' dir='ltr'><strong>vo-</strong></span> 
     </span>
    </p>
   </div>
   <div class='ocr_carea' id='block_1_66' title="bbox 260 3425 1838 3500">
    <p class='ocr_par' dir='ltr' id='par_1_66' title="bbox 260 3425 1838 3500">
     <span class='ocr_line' id='line_1_66' title="bbox 260 3425 1838 3500; baseline 0.005 -19"><span class='ocrx_word' id='word_1_476' title='bbox 260 3425 446 3482; x_wconf 86' lang='lat' dir='ltr'><strong>luntas</strong></span> <span class='ocrx_word' id='word_1_477' title='bbox 492 3426 726 3495; x_wconf 91' lang='lat' dir='ltr'><strong>Domini,</strong></span> <span class='ocrx_word' id='word_1_478' title='bbox 755 3437 809 3485; x_wconf 88' lang='lat' dir='ltr'><strong>et</strong></span> <span class='ocrx_word' id='word_1_479' title='bbox 851 3430 903 3484; x_wconf 91' lang='lat' dir='ltr'><strong>in</strong></span> <span class='ocrx_word' id='word_1_480' title='bbox 939 3427 1092 3482; x_wconf 85' lang='lat' dir='ltr'><strong>vobis</strong></span> <span class='ocrx_word' id='word_1_481' title='bbox 1135 3442 1366 3497; x_wconf 91' lang='lat' dir='ltr'><strong>operans</strong></span> <span class='ocrx_word' id='word_1_482' title='bbox 1397 3448 1411 3484; x_wconf 88' lang='lat'><strong>:</strong></span> <span class='ocrx_word' id='word_1_483' title='bbox 1441 3430 1638 3500; x_wconf 89' lang='lat' dir='ltr'><strong>quippe</strong></span> <span class='ocrx_word' id='word_1_484' title='bbox 1668 3432 1838 3490; x_wconf 89' lang='lat' dir='ltr'><strong>bonus</strong></span> 
     </span>
    </p>
   </div>
   <div class='ocr_carea' id='block_1_67' title="bbox 262 3517 1837 3590">
    <p class='ocr_par' dir='ltr' id='par_1_67' title="bbox 262 3517 1837 3590">
     <span class='ocr_line' id='line_1_67' title="bbox 262 3517 1837 3590; baseline 0.007 -19"><span class='ocrx_word' id='word_1_485' title='bbox 262 3527 347 3572; x_wconf 87' lang='lat' dir='ltr'><strong>est</strong></span> <span class='ocrx_word' id='word_1_486' title='bbox 367 3531 430 3572; x_wconf 88' lang='lat' dir='ltr'><strong>ac</strong></span> <span class='ocrx_word' id='word_1_487' title='bbox 457 3517 733 3576; x_wconf 86' lang='lat' dir='ltr'><strong>dimittens</strong></span> <span class='ocrx_word' id='word_1_488' title='bbox 757 3533 979 3590; x_wconf 85' lang='lat' dir='ltr'><strong>peccata</strong></span> <span class='ocrx_word' id='word_1_489' title='bbox 1002 3519 1241 3574; x_wconf 92' lang='lat' dir='ltr'><strong>omnium</strong></span> <span class='ocrx_word' id='word_1_490' title='bbox 1273 3524 1655 3579; x_wconf 90' lang='lat' dir='ltr'><strong>revertentium</strong></span> <span class='ocrx_word' id='word_1_491' title='bbox 1683 3528 1749 3580; x_wconf 90' lang='lat' dir='ltr'><strong>ad</strong></span> <span class='ocrx_word' id='word_1_492' title='bbox 1777 3541 1837 3582; x_wconf 89' lang='lat' dir='ltr'><strong>se</strong></span> 
     </span>
    </p>
   </div>
   <div class='ocr_carea' id='block_1_68' title="bbox 262 3609 1836 3676">
    <p class='ocr_par' dir='ltr' id='par_1_68' title="bbox 262 3609 1836 3676">
     <span class='ocr_line' id='line_1_68' title="bbox 262 3609 1836 3676; baseline 0.008 -15"><span class='ocrx_word' id='word_1_493' title='bbox 262 3621 329 3661; x_wconf 79' lang='lat' dir='ltr'><strong>ex</strong></span> <span class='ocrx_word' id='word_1_494' title='bbox 363 3609 616 3664; x_wconf 90' lang='lat' dir='ltr'><strong>omnibus</strong></span> <span class='ocrx_word' id='word_1_495' title='bbox 661 3611 998 3676; x_wconf 78' lang='lat' dir='ltr'><strong>hominibus,</strong></span> <span class='ocrx_word' id='word_1_496' title='bbox 1037 3625 1136 3665; x_wconf 89' lang='lat' dir='ltr'><strong>nec</strong></span> <span class='ocrx_word' id='word_1_497' title='bbox 1173 3611 1386 3666; x_wconf 93' lang='lat' dir='ltr'><strong>illorum</strong></span> <span class='ocrx_word' id='word_1_498' title='bbox 1422 3613 1614 3669; x_wconf 91' lang='lat' dir='ltr'><strong>iterum</strong></span> <span class='ocrx_word' id='word_1_499' title='bbox 1653 3631 1836 3672; x_wconf 86' lang='lat' dir='ltr'><strong>recor-</strong></span> 
     </span>
    </p>
   </div>
   <div class='ocr_carea' id='block_1_69' title="bbox 264 3700 1840 3772">
    <p class='ocr_par' dir='ltr' id='par_1_69' title="bbox 264 3700 1840 3772">
     <span class='ocr_line' id='line_1_69' title="bbox 264 3700 1840 3772; baseline 0.004 -17"><span class='ocrx_word' id='word_1_500' title='bbox 264 3700 501 3756; x_wconf 88' lang='lat' dir='ltr'><strong>dabitur.</strong></span> <span class='ocrx_word' id='word_1_501' title='bbox 541 3700 923 3758; x_wconf 87' lang='lat' dir='ltr'><strong>Verumtamen</strong></span> <span class='ocrx_word' id='word_1_502' title='bbox 957 3701 1092 3764; x_wconf 86' lang='lat' dir='ltr'><strong>vult,</strong></span> <span class='ocrx_word' id='word_1_503' title='bbox 1140 3710 1200 3757; x_wconf 90' lang='lat' dir='ltr'><strong>ut</strong></span> <span class='ocrx_word' id='word_1_504' title='bbox 1253 3703 1356 3772; x_wconf 92' lang='lat' dir='ltr'><strong>ipsi</strong></span> <span class='ocrx_word' id='word_1_505' title='bbox 1411 3720 1678 3762; x_wconf 89' lang='lat' dir='ltr'><strong>memores</strong></span> <span class='ocrx_word' id='word_1_506' title='bbox 1731 3709 1840 3762; x_wconf 88' lang='lat' dir='ltr'><strong>sint</strong></span> 
     </span>
    </p>
   </div>
   <div class='ocr_carea' id='block_1_70' title="bbox 265 3791 1840 3863">
    <p class='ocr_par' dir='ltr' id='par_1_70' title="bbox 265 3791 1840 3863">
     <span class='ocr_line' id='line_1_70' title="bbox 265 3791 1840 3863; baseline 0.004 -19"><span class='ocrx_word' id='word_1_507' title='bbox 265 3803 487 3845; x_wconf 88' lang='lat' dir='ltr'><strong>suorum</strong></span> <span class='ocrx_word' id='word_1_508' title='bbox 516 3800 860 3861; x_wconf 88' lang='lat' dir='ltr'><strong>peccatorum</strong></span> <span class='ocrx_word' id='word_1_509' title='bbox 901 3808 1021 3861; x_wconf 81' lang='lat' dir='ltr'><strong>quae</strong></span> <span class='ocrx_word' id='word_1_510' title='bbox 1049 3791 1316 3848; x_wconf 86' lang='lat' dir='ltr'><strong>hactenus</strong></span> <span class='ocrx_word' id='word_1_511' title='bbox 1346 3802 1746 3863; x_wconf 85' lang='lat' dir='ltr'><strong>perpetrarunt,</strong></span> <span class='ocrx_word' id='word_1_512' title='bbox 1774 3811 1840 3852; x_wconf 91' lang='lat' dir='ltr'><strong>ne</strong></span> 
     </span>
    </p>
   </div>
   <div class='ocr_carea' id='block_1_71' title="bbox 263 3880 1840 3955">
    <p class='ocr_par' dir='ltr' id='par_1_71' title="bbox 263 3880 1840 3955">
     <span class='ocr_line' id='line_1_71' title="bbox 263 3880 1840 3955; baseline 0.004 -20"><span class='ocrx_word' id='word_1_513' title='bbox 263 3893 453 3935; x_wconf 86' lang='lat' dir='ltr'><strong>eorum</strong></span> <span class='ocrx_word' id='word_1_514' title='bbox 496 3880 899 3947; x_wconf 87' lang='lat' dir='ltr'><strong>obliviscentes,</strong></span> <span class='ocrx_word' id='word_1_515' title='bbox 932 3884 1192 3938; x_wconf 88' lang='lat' dir='ltr'><strong>rationem</strong></span> <span class='ocrx_word' id='word_1_516' title='bbox 1232 3883 1455 3938; x_wconf 89' lang='lat' dir='ltr'><strong>reddere</strong></span> <span class='ocrx_word' id='word_1_517' title='bbox 1485 3897 1746 3955; x_wconf 88' lang='lat' dir='ltr'><strong>cogantur</strong></span> <span class='ocrx_word' id='word_1_518' title='bbox 1772 3888 1840 3942; x_wconf 91' lang='lat' dir='ltr'><strong>de</strong></span> 
     </span>
    </p>
   </div>
   <div class='ocr_carea' id='block_1_72' title="bbox 265 3969 1836 4041">
    <p class='ocr_par' dir='ltr' id='par_1_72' title="bbox 265 3969 1836 4041">
     <span class='ocr_line' id='line_1_72' title="bbox 265 3969 1836 4041; baseline 0.004 -16"><span class='ocrx_word' id='word_1_519' title='bbox 265 3969 337 4025; x_wconf 88' lang='lat' dir='ltr'><strong>iis</strong></span> <span class='ocrx_word' id='word_1_520' title='bbox 371 3970 609 4041; x_wconf 86' lang='lat' dir='ltr'><strong>peccatis</strong></span> <span class='ocrx_word' id='word_1_521' title='bbox 635 3986 755 4041; x_wconf 73' lang='lat' dir='ltr'><strong>quae</strong></span> <span class='ocrx_word' id='word_1_522' title='bbox 781 3970 892 4040; x_wconf 88' lang='lat' dir='ltr'><strong>jam</strong></span> <span class='ocrx_word' id='word_1_523' title='bbox 924 3973 1026 4027; x_wconf 89' lang='lat' dir='ltr'><strong>sibi</strong></span> <span class='ocrx_word' id='word_1_524' title='bbox 1069 3981 1198 4029; x_wconf 91' lang='lat' dir='ltr'><strong>sunt</strong></span> <span class='ocrx_word' id='word_1_525' title='bbox 1223 3976 1522 4029; x_wconf 86' lang='lat' dir='ltr'><strong>condonata</strong></span> <span class='ocrx_word' id='word_1_526' title='bbox 1561 3995 1574 4031; x_wconf 90' lang='lat'><strong>:</strong></span> <span class='ocrx_word' id='word_1_527' title='bbox 1609 3993 1730 4032; x_wconf 90' lang='lat' dir='ltr'><strong>nam</strong></span> <span class='ocrx_word' id='word_1_528' title='bbox 1766 3979 1836 4033; x_wconf 88' lang='lat' dir='ltr'><strong>ita</strong></span> 
     </span>
    </p>
   </div>
   <div class='ocr_carea' id='block_1_73' title="bbox 265 4061 1838 4126">
    <p class='ocr_par' dir='ltr' id='par_1_73' title="bbox 265 4061 1838 4126">
     <span class='ocr_line' id='line_1_73' title="bbox 265 4061 1838 4126; baseline 0.004 -9"><span class='ocrx_word' id='word_1_529' title='bbox 265 4075 400 4117; x_wconf 80' lang='lat' dir='ltr'><strong>sane</strong></span> <span class='ocrx_word' id='word_1_530' title='bbox 425 4061 624 4117; x_wconf 87' lang='lat' dir='ltr'><strong>accidit</strong></span> <span class='ocrx_word' id='word_1_531' title='bbox 665 4076 821 4118; x_wconf 86' lang='lat' dir='ltr'><strong>servo</strong></span> <span class='ocrx_word' id='word_1_532' title='bbox 853 4062 951 4126; x_wconf 94' lang='lat' dir='ltr'><strong>illi,</strong></span> <span class='ocrx_word' id='word_1_533' title='bbox 982 4064 1067 4116; x_wconf 91' lang='lat' dir='ltr'><strong>cui</strong></span> <span class='ocrx_word' id='word_1_534' title='bbox 1101 4064 1386 4118; x_wconf 89' lang='lat' dir='ltr'><strong>remiserat</strong></span> <span class='ocrx_word' id='word_1_535' title='bbox 1432 4067 1677 4123; x_wconf 92' lang='lat' dir='ltr'><strong>dominus</strong></span> <span class='ocrx_word' id='word_1_536' title='bbox 1707 4085 1838 4124; x_wconf 90' lang='lat' dir='ltr'><strong>suus</strong></span> 
     </span>
    </p>
   </div>
   <div class='ocr_carea' id='block_1_74' title="bbox 264 4150 1839 4220">
    <p class='ocr_par' dir='ltr' id='par_1_74' title="bbox 264 4150 1839 4220">
     <span class='ocr_line' id='line_1_74' title="bbox 264 4150 1839 4220; baseline 0.006 -14"><span class='ocrx_word' id='word_1_537' title='bbox 264 4165 388 4220; x_wconf 70' lang='lat' dir='ltr'><strong>quae</strong></span> <span class='ocrx_word' id='word_1_538' title='bbox 421 4151 495 4206; x_wconf 90' lang='lat' dir='ltr'><strong>illi</strong></span> <span class='ocrx_word' id='word_1_539' title='bbox 537 4151 767 4207; x_wconf 89' lang='lat' dir='ltr'><strong>debebat</strong></span> <span class='ocrx_word' id='word_1_540' title='bbox 814 4151 1038 4207; x_wconf 88' lang='lat' dir='ltr'><strong>talenta.</strong></span> <span class='ocrx_word' id='word_1_541' title='bbox 1074 4150 1437 4210; x_wconf 81' lang='lat' dir='ltr'><strong>Obliviscente</strong></span> <span class='ocrx_word' id='word_1_542' title='bbox 1471 4171 1599 4211; x_wconf 89' lang='lat' dir='ltr'><strong>vero</strong></span> <span class='ocrx_word' id='word_1_543' title='bbox 1625 4160 1700 4214; x_wconf 88' lang='lat' dir='ltr'><strong>rei</strong></span> <span class='ocrx_word' id='word_1_544' title='bbox 1736 4161 1839 4216; x_wconf 87' lang='lat' dir='ltr'><strong>htt-</strong></span> 
     </span>
    </p>
   </div>
   <div class='ocr_carea' id='block_1_75' title="bbox 260 4239 1836 4314">
    <p class='ocr_par' dir='ltr' id='par_1_75' title="bbox 260 4239 1836 4314">
     <span class='ocr_line' id='line_1_75' title="bbox 260 4239 1836 4314; baseline 0.005 -18"><span class='ocrx_word' id='word_1_545' title='bbox 260 4239 588 4312; x_wconf 88' lang='lat' dir='ltr'><strong>juscemodi,</strong></span> <span class='ocrx_word' id='word_1_546' title='bbox 629 4248 685 4296; x_wconf 90' lang='lat' dir='ltr'><strong>et</strong></span> <span class='ocrx_word' id='word_1_547' title='bbox 728 4239 910 4311; x_wconf 89' lang='lat' dir='ltr'><strong>inique</strong></span> <span class='ocrx_word' id='word_1_548' title='bbox 952 4252 1147 4310; x_wconf 89' lang='lat' dir='ltr'><strong>agente</strong></span> <span class='ocrx_word' id='word_1_549' title='bbox 1198 4242 1250 4296; x_wconf 95' lang='lat' dir='ltr'><strong>in</strong></span> <span class='ocrx_word' id='word_1_550' title='bbox 1301 4257 1625 4300; x_wconf 82' lang='lat' dir='ltr'><strong>conservum</strong></span> <span class='ocrx_word' id='word_1_551' title='bbox 1658 4262 1836 4314; x_wconf 91' lang='lat' dir='ltr'><strong>suum,</strong></span> 
     </span>
    </p>
   </div>
   <div class='ocr_carea' id='block_1_76' title="bbox 266 4331 1843 4404">
    <p class='ocr_par' dir='ltr' id='par_1_76' title="bbox 266 4331 1843 4404">
     <span class='ocr_line' id='line_1_76' title="bbox 266 4331 1843 4404; baseline 0.004 -15"><span class='ocrx_word' id='word_1_552' title='bbox 266 4333 482 4401; x_wconf 87' lang='lat' dir='ltr'><strong>repetiit</strong></span> <span class='ocrx_word' id='word_1_553' title='bbox 512 4334 581 4388; x_wconf 91' lang='lat' dir='ltr'><strong>ab</strong></span> <span class='ocrx_word' id='word_1_554' title='bbox 619 4332 711 4387; x_wconf 93' lang='lat' dir='ltr'><strong>illo</strong></span> <span class='ocrx_word' id='word_1_555' title='bbox 754 4331 1006 4388; x_wconf 89' lang='lat' dir='ltr'><strong>dominus</strong></span> <span class='ocrx_word' id='word_1_556' title='bbox 1057 4348 1186 4390; x_wconf 88' lang='lat' dir='ltr'><strong>suus</strong></span> <span class='ocrx_word' id='word_1_557' title='bbox 1228 4333 1487 4404; x_wconf 89' lang='lat' dir='ltr'><strong>quidquid</strong></span> <span class='ocrx_word' id='word_1_558' title='bbox 1530 4336 1579 4391; x_wconf 87' lang='lat' dir='ltr'><strong>ei</strong></span> <span class='ocrx_word' id='word_1_559' title='bbox 1609 4339 1843 4396; x_wconf 85' lang='lat' dir='ltr'><strong>debebat</strong></span> 
     </span>
    </p>
   </div>
   <div class='ocr_carea' id='block_1_77' title="bbox 265 4423 1839 4495">
    <p class='ocr_par' dir='ltr' id='par_1_77' title="bbox 265 4423 1839 4495">
     <span class='ocr_line' id='line_1_77' title="bbox 265 4423 1839 4495; baseline 0.006 -18"><span class='ocrx_word' id='word_1_560' title='bbox 265 4423 410 4493; x_wconf 88' lang='lat' dir='ltr'><strong>quod</strong></span> <span class='ocrx_word' id='word_1_561' title='bbox 453 4423 505 4479; x_wconf 89' lang='lat' dir='ltr'><strong>ei</strong></span> <span class='ocrx_word' id='word_1_562' title='bbox 545 4423 656 4494; x_wconf 85' lang='lat' dir='ltr'><strong>jam</strong></span> <span class='ocrx_word' id='word_1_563' title='bbox 696 4423 992 4492; x_wconf 86' lang='lat' dir='ltr'><strong>dimiserat,</strong></span> <span class='ocrx_word' id='word_1_564' title='bbox 1027 4440 1094 4480; x_wconf 89' lang='lat' dir='ltr'><strong>eo</strong></span> <span class='ocrx_word' id='word_1_565' title='bbox 1138 4426 1281 4495; x_wconf 87' lang='lat' dir='ltr'><strong>quod</strong></span> <span class='ocrx_word' id='word_1_566' title='bbox 1321 4427 1575 4484; x_wconf 87' lang='lat' dir='ltr'><strong>misertus</strong></span> <span class='ocrx_word' id='word_1_567' title='bbox 1620 4442 1725 4485; x_wconf 89' lang='grc' dir='ltr'>ιισιι</span> <span class='ocrx_word' id='word_1_568' title='bbox 1768 4433 1839 4488; x_wconf 91' lang='lat' dir='ltr'><strong>sit</strong></span> 
     </span>
    </p>
   </div>
   <div class='ocr_carea' id='block_1_78' title="bbox 266 4517 1838 4592">
    <p class='ocr_par' dir='ltr' id='par_1_78' title="bbox 266 4517 1838 4592">
     <span class='ocr_line' id='line_1_78' title="bbox 266 4517 1838 4592; baseline 0.004 -20"><span class='ocrx_word' id='word_1_569' title='bbox 266 4530 532 4574; x_wconf 89' lang='lat' dir='ltr'><strong>conservo</strong></span> <span class='ocrx_word' id='word_1_570' title='bbox 575 4531 697 4584; x_wconf 91' lang='lat' dir='ltr'><strong>suo,</strong></span> <span class='ocrx_word' id='word_1_571' title='bbox 727 4517 1048 4572; x_wconf 89' lang='lat' dir='ltr'><strong>dimittendo</strong></span> <span class='ocrx_word' id='word_1_572' title='bbox 1071 4518 1120 4572; x_wconf 91' lang='lat' dir='ltr'><strong>ei</strong></span> <span class='ocrx_word' id='word_1_573' title='bbox 1151 4528 1366 4574; x_wconf 92' lang='lat' dir='ltr'><strong>centum</strong></span> <span class='ocrx_word' id='word_1_574' title='bbox 1399 4519 1650 4577; x_wconf 89' lang='lat' dir='ltr'><strong>denarios</strong></span> <span class='ocrx_word' id='word_1_575' title='bbox 1675 4539 1691 4588; x_wconf 89' lang='lat'><strong>;</strong></span> <span class='ocrx_word' id='word_1_576' title='bbox 1719 4538 1838 4592; x_wconf 72' lang='lat' dir='ltr'><strong>quae</strong></span> 
     </span>
    </p>
   </div>
   <div class='ocr_carea' id='block_1_79' title="bbox 267 4608 1836 4679">
    <p class='ocr_par' dir='ltr' id='par_1_79' title="bbox 267 4608 1836 4679">
     <span class='ocr_line' id='line_1_79' title="bbox 267 4608 1836 4679; baseline 0.001 -15"><span class='ocrx_word' id='word_1_577' title='bbox 267 4623 478 4664; x_wconf 87' lang='lat' dir='ltr'><strong>summa</strong></span> <span class='ocrx_word' id='word_1_578' title='bbox 510 4621 678 4679; x_wconf 85' lang='lat' dir='ltr'><strong>parva</strong></span> <span class='ocrx_word' id='word_1_579' title='bbox 708 4615 828 4663; x_wconf 87' lang='lat' dir='ltr'><strong>erat</strong></span> <span class='ocrx_word' id='word_1_580' title='bbox 855 4617 1100 4676; x_wconf 88' lang='lat' dir='ltr'><strong>respectu</strong></span> <span class='ocrx_word' id='word_1_581' title='bbox 1129 4608 1274 4664; x_wconf 90' lang='lat' dir='ltr'><strong>illius</strong></span> <span class='ocrx_word' id='word_1_582' title='bbox 1306 4609 1448 4678; x_wconf 89' lang='lat' dir='ltr'><strong>quod</strong></span> <span class='ocrx_word' id='word_1_583' title='bbox 1473 4610 1522 4664; x_wconf 93' lang='lat' dir='ltr'><strong>ei</strong></span> <span class='ocrx_word' id='word_1_584' title='bbox 1554 4611 1836 4667; x_wconf 87' lang='lat' dir='ltr'><strong>dimissum</strong></span> 
     </span>
    </p>
   </div>
   <div class='ocr_carea' id='block_1_80' title="bbox 265 4700 1843 4771">
    <p class='ocr_par' dir='ltr' id='par_1_80' title="bbox 265 4700 1843 4771">
     <span class='ocr_line' id='line_1_80' title="bbox 265 4700 1843 4771; baseline 0.001 -15"><span class='ocrx_word' id='word_1_585' title='bbox 265 4701 510 4757; x_wconf 67' lang='lat' dir='ltr'><strong>fuerat”.</strong></span> <span class='ocrx_word' id='word_1_586' title='bbox 553 4700 763 4771; x_wconf 76' lang='lat' dir='ltr'><strong>Moyses</strong></span> <span class='ocrx_word' id='word_1_587' title='bbox 810 4715 1026 4771; x_wconf 87' lang='lat' dir='ltr'><strong>quoque</strong></span> <span class='ocrx_word' id='word_1_588' title='bbox 1073 4701 1331 4771; x_wconf 68' lang='lat' dir='ltr'><strong>praecepit</strong></span> <span class='ocrx_word' id='word_1_589' title='bbox 1383 4701 1577 4770; x_wconf 89' lang='lat' dir='ltr'><strong>populo</strong></span> <span class='ocrx_word' id='word_1_590' title='bbox 1625 4718 1746 4770; x_wconf 84' lang='lat' dir='ltr'><strong>suo,</strong></span> <span class='ocrx_word' id='word_1_591' title='bbox 1785 4716 1843 4758; x_wconf 90' lang='lat' dir='ltr'><strong>ut</strong></span> 
     </span>
    </p>
   </div>
   <div class='ocr_carea' id='block_1_81' title="bbox 264 4791 1837 4864">
    <p class='ocr_par' dir='ltr' id='par_1_81' title="bbox 264 4791 1837 4864">
     <span class='ocr_line' id='line_1_81' title="bbox 264 4791 1837 4864; baseline 0.002 -17"><span class='ocrx_word' id='word_1_592' title='bbox 264 4805 376 4847; x_wconf 89' lang='lat' dir='ltr'><strong>non</strong></span> <span class='ocrx_word' id='word_1_593' title='bbox 422 4791 832 4853; x_wconf 86' lang='lat' dir='ltr'><strong>oblivisceretur</strong></span> <span class='ocrx_word' id='word_1_594' title='bbox 879 4808 1098 4848; x_wconf 90' lang='lat' dir='ltr'><strong>suorum</strong></span> <span class='ocrx_word' id='word_1_595' title='bbox 1157 4793 1396 4863; x_wconf 91' lang='lat' dir='ltr'><strong>priorum</strong></span> <span class='ocrx_word' id='word_1_596' title='bbox 1457 4807 1837 4864; x_wconf 86' lang='lat' dir='ltr'><strong>peccatorum,</strong></span> 
     </span>
    </p>
   </div>
   <div class='ocr_carea' id='block_1_82' title="bbox 266 4883 1842 4954">
    <p class='ocr_par' dir='ltr' id='par_1_82' title="bbox 266 4883 1842 4954">
     <span class='ocr_line' id='line_1_82' title="bbox 266 4883 1842 4954; baseline 0.003 -17"><span class='ocrx_word' id='word_1_597' title='bbox 266 4883 457 4938; x_wconf 86' lang='lat' dir='ltr'><strong>dicens</strong></span> <span class='ocrx_word' id='word_1_598' title='bbox 502 4884 623 4939; x_wconf 85' lang='lat' dir='ltr'><strong>eis:</strong></span> <span class='ocrx_word' id='word_1_599' title='bbox 652 4883 1013 4954; x_wconf 80' lang='lat' dir='ltr'><strong>Ingredientes</strong></span> <span class='ocrx_word' id='word_1_600' title='bbox 1047 4883 1109 4939; x_wconf 76' lang='lat' dir='ltr'><strong>in</strong></span> <span class='ocrx_word' id='word_1_601' title='bbox 1157 4895 1354 4939; x_wconf 90' lang='lat' dir='ltr'><strong>terram</strong></span> <span class='ocrx_word' id='word_1_602' title='bbox 1397 4885 1724 4942; x_wconf 79' lang='lat' dir='ltr'><strong>hwreditatis</strong></span> <span class='ocrx_word' id='word_1_603' title='bbox 1759 4904 1842 4942; x_wconf 78' lang='lat' dir='ltr'><strong>ve-</strong></span> 
     </span>
    </p>
   </div>
   <div class='ocr_carea' id='block_1_83' title="bbox 265 4974 1842 5042">
    <p class='ocr_par' dir='ltr' id='par_1_83' title="bbox 265 4974 1842 5042">
     <span class='ocr_line' id='line_1_83' title="bbox 265 4974 1842 5042; baseline 0.002 -12"><span class='ocrx_word' id='word_1_604' title='bbox 265 4984 414 5041; x_wconf 66' lang='lat' dir='ltr'><strong>strae,</strong></span> <span class='ocrx_word' id='word_1_605' title='bbox 443 4985 635 5040; x_wconf 85' lang='lat' dir='ltr'><strong>carete,</strong></span> <span class='ocrx_word' id='word_1_606' title='bbox 668 4983 726 5030; x_wconf 82' lang='lat' dir='ltr'><strong>ut</strong></span> <span class='ocrx_word' id='word_1_607' title='bbox 758 4991 822 5030; x_wconf 88' lang='lat' dir='ltr'><strong>ne</strong></span> <span class='ocrx_word' id='word_1_608' title='bbox 847 4991 965 5029; x_wconf 89' lang='lat' dir='ltr'><strong>cum</strong></span> <span class='ocrx_word' id='word_1_609' title='bbox 991 4976 1146 5029; x_wconf 86' lang='lat' dir='ltr'><strong>ditati</strong></span> <span class='ocrx_word' id='word_1_610' title='bbox 1189 4974 1418 5042; x_wconf 77' lang='lat' dir='ltr'><strong>fueritis,</strong></span> <span class='ocrx_word' id='word_1_611' title='bbox 1459 4978 1626 5033; x_wconf 88' lang='lat' dir='ltr'><strong>edatis</strong></span> <span class='ocrx_word' id='word_1_612' title='bbox 1671 4989 1719 5034; x_wconf 91' lang='lat' dir='ltr'><strong>et</strong></span> <span class='ocrx_word' id='word_1_613' title='bbox 1763 4981 1842 5033; x_wconf 87' lang='lat' dir='ltr'><strong>bi-</strong></span> 
     </span>
    </p>
   </div>
   <div class='ocr_carea' id='block_1_84' title="bbox 265 5065 1842 5135">
    <p class='ocr_par' dir='ltr' id='par_1_84' title="bbox 265 5065 1842 5135">
     <span class='ocr_line' id='line_1_84' title="bbox 265 5065 1842 5135; baseline 0.003 -14"><span class='ocrx_word' id='word_1_614' title='bbox 265 5066 427 5128; x_wconf 80' lang='lat' dir='ltr'><strong>batis,</strong></span> <span class='ocrx_word' id='word_1_615' title='bbox 451 5073 501 5118; x_wconf 89' lang='lat' dir='ltr'><strong>et</strong></span> <span class='ocrx_word' id='word_1_616' title='bbox 542 5065 736 5134; x_wconf 84' lang='lat' dir='ltr'><strong>ingrati</strong></span> <span class='ocrx_word' id='word_1_617' title='bbox 769 5066 1106 5135; x_wconf 73' lang='lat' dir='ltr'><strong>e/ﬁciamini;</strong></span> <span class='ocrx_word' id='word_1_618' title='bbox 1133 5068 1224 5122; x_wconf 85' lang='lat' dir='ltr'><strong>sed</strong></span> <span class='ocrx_word' id='word_1_619' title='bbox 1252 5070 1649 5124; x_wconf 85' lang='lat' dir='ltr'><strong>reminiscimini</strong></span> <span class='ocrx_word' id='word_1_620' title='bbox 1674 5072 1842 5126; x_wconf 81' lang='lat' dir='ltr'><strong>servi-</strong></span> 
     </span>
    </p>
   </div>
   <div class='ocr_carea' id='block_1_85' title="bbox 268 5157 1842 5230">
    <p class='ocr_par' dir='ltr' id='par_1_85' title="bbox 268 5157 1842 5230">
     <span class='ocr_line' id='line_1_85' title="bbox 268 5157 1842 5230; baseline 0.002 -18"><span class='ocrx_word' id='word_1_621' title='bbox 268 5160 398 5212; x_wconf 85' lang='lat' dir='ltr'><strong>tutis</strong></span> <span class='ocrx_word' id='word_1_622' title='bbox 438 5168 619 5211; x_wconf 76' lang='lat' dir='ltr'><strong>vestra:</strong></span> <span class='ocrx_word' id='word_1_623' title='bbox 651 5157 706 5211; x_wconf 84' lang='lat' dir='ltr'><strong>in</strong></span> <span class='ocrx_word' id='word_1_624' title='bbox 732 5157 986 5228; x_wconf 65' lang='lat' dir='ltr'><strong>Egypto,</strong></span> <span class='ocrx_word' id='word_1_625' title='bbox 1023 5167 1179 5223; x_wconf 85' lang='lat' dir='ltr'><strong>atque</strong></span> <span class='ocrx_word' id='word_1_626' title='bbox 1208 5174 1388 5213; x_wconf 89' lang='lat' dir='ltr'><strong>eorum</strong></span> <span class='ocrx_word' id='word_1_627' title='bbox 1422 5175 1626 5228; x_wconf 81' lang='lat' dir='ltr'><strong>quoque</strong></span> <span class='ocrx_word' id='word_1_628' title='bbox 1647 5160 1842 5230; x_wconf 66' lang='lat' dir='ltr'><strong>quibus</strong></span> 
     </span>
    </p>
   </div>
   <div class='ocr_carea' id='block_1_86' title="bbox 265 5238 1908 5317">
    <p class='ocr_par' dir='ltr' id='par_1_86' title="bbox 265 5238 1908 5317">
     <span class='ocr_line' id='line_1_86' title="bbox 265 5238 1908 5317; baseline 0.002 -15"><span class='ocrx_word' id='word_1_629' title='bbox 265 5251 339 5302; x_wconf 82' lang='lat' dir='ltr'><strong>ad</strong></span> <span class='ocrx_word' id='word_1_630' title='bbox 365 5249 699 5302; x_wconf 84' lang='lat' dir='ltr'><strong>iracundiam</strong></span> <span class='ocrx_word' id='word_1_631' title='bbox 727 5250 1046 5317; x_wconf 67' lang='lat' dir='ltr'><strong>prouocastis</strong></span> <span class='ocrx_word' id='word_1_632' title='bbox 1089 5247 1373 5302; x_wconf 87' lang='lat' dir='ltr'><strong>Dominum</strong></span> <span class='ocrx_word' id='word_1_633' title='bbox 1411 5249 1468 5302; x_wconf 89' lang='lat' dir='ltr'><strong>in</strong></span> <span class='ocrx_word' id='word_1_634' title='bbox 1501 5250 1700 5304; x_wconf 85' lang='lat' dir='ltr'><strong>deserto</strong></span> <span class='ocrx_word' id='word_1_635' title='bbox 1733 5264 1753 5302; x_wconf 88' lang='lat'><strong><em>:</em></strong></span> <span class='ocrx_word' id='word_1_636' title='bbox 1791 5259 1844 5305; x_wconf 87' lang='lat' dir='ltr'><strong>et</strong></span> <span class='ocrx_word' id='word_1_637' title='bbox 1889 5238 1908 5248; x_wconf 60' lang='grc'><em>”</em></span> 
     </span>
    </p>
   </div>
   <div class='ocr_carea' id='block_1_87' title="bbox 266 5339 1838 5408">
    <p class='ocr_par' dir='ltr' id='par_1_87' title="bbox 266 5339 1838 5408">
     <span class='ocr_line' id='line_1_87' title="bbox 266 5339 1838 5408; baseline -0.001 -11"><span class='ocrx_word' id='word_1_638' title='bbox 266 5341 379 5401; x_wconf 64' lang='lat' dir='ltr'><strong>ia&#39;c</strong></span> <span class='ocrx_word' id='word_1_639' title='bbox 409 5341 659 5394; x_wconf 84' lang='lat' dir='ltr'><strong>memoria</strong></span> <span class='ocrx_word' id='word_1_640' title='bbox 697 5339 765 5393; x_wconf 88' lang='lat' dir='ltr'><strong>sit</strong></span> <span class='ocrx_word' id='word_1_641' title='bbox 791 5339 930 5393; x_wconf 88' lang='lat' dir='ltr'><strong>vobis</strong></span> <span class='ocrx_word' id='word_1_642' title='bbox 961 5349 1072 5393; x_wconf 88' lang='lat' dir='ltr'><strong>tota</strong></span> <span class='ocrx_word' id='word_1_643' title='bbox 1103 5339 1422 5408; x_wconf 87' lang='lat' dir='ltr'><strong>perdurante</strong></span> <span class='ocrx_word' id='word_1_644' title='bbox 1446 5351 1614 5394; x_wconf 85' lang='lat' dir='ltr'><strong>vestra</strong></span> <span class='ocrx_word' id='word_1_645' title='bbox 1652 5341 1838 5395; x_wconf 75' lang='lat' dir='ltr'><strong>vita“.</strong></span> 
     </span>
    </p>
   </div>
   <div class='ocr_carea' id='block_1_88' title="bbox 251 5406 1842 5496">
    <p class='ocr_par' dir='ltr' id='par_1_88' title="bbox 251 5406 1842 5496">
     <span class='ocr_line' id='line_1_88' title="bbox 251 5406 1842 5496; baseline -0.001 -8"><span class='ocrx_word' id='word_1_646' title='bbox 251 5406 270 5447; x_wconf 60' lang='grc'>²</span> <span class='ocrx_word' id='word_1_647' title='bbox 336 5430 406 5488; x_wconf 83' lang='lat' dir='ltr'><strong>Et</strong></span> <span class='ocrx_word' id='word_1_648' title='bbox 434 5429 540 5487; x_wconf 86' lang='lat' dir='ltr'><strong>hoc</strong></span> <span class='ocrx_word' id='word_1_649' title='bbox 575 5445 727 5496; x_wconf 90' lang='lat' dir='ltr'><strong>sane,</strong></span> <span class='ocrx_word' id='word_1_650' title='bbox 763 5429 911 5485; x_wconf 82' lang='lat' dir='ltr'><strong>ﬁlioli</strong></span> <span class='ocrx_word' id='word_1_651' title='bbox 941 5430 1068 5495; x_wconf 87' lang='lat' dir='ltr'><strong>mei,</strong></span> <span class='ocrx_word' id='word_1_652' title='bbox 1102 5406 1170 5484; x_wconf 81' lang='lat' dir='ltr'><strong>ad</strong></span> <span class='ocrx_word' id='word_1_653' title='bbox 1200 5437 1440 5484; x_wconf 89' lang='lat' dir='ltr'><strong>nostram</strong></span> <span class='ocrx_word' id='word_1_654' title='bbox 1483 5414 1842 5486; x_wconf 86' lang='lat' dir='ltr'><strong>eruditionem</strong></span> 
     </span>
    </p>
   </div>
   <div class='ocr_carea' id='block_1_89' title="bbox 266 5519 1846 5593">
    <p class='ocr_par' dir='ltr' id='par_1_89' title="bbox 266 5519 1846 5593">
     <span class='ocr_line' id='line_1_89' title="bbox 266 5519 1846 5593; baseline -0.001 -14"><span class='ocrx_word' id='word_1_655' title='bbox 266 5535 372 5588; x_wconf 86' lang='lat' dir='ltr'><strong>est,</strong></span> <span class='ocrx_word' id='word_1_656' title='bbox 401 5537 528 5582; x_wconf 81' lang='lat' dir='ltr'><strong>cum</strong></span> <span class='ocrx_word' id='word_1_657' title='bbox 560 5521 650 5577; x_wconf 88' lang='lat' dir='ltr'><strong>diu</strong></span> <span class='ocrx_word' id='word_1_658' title='bbox 699 5523 842 5578; x_wconf 84' lang='lat' dir='ltr'><strong>servi</strong></span> <span class='ocrx_word' id='word_1_659' title='bbox 894 5519 1156 5578; x_wconf 79' lang='lat' dir='ltr'><strong>fuerimus</strong></span> <span class='ocrx_word' id='word_1_660' title='bbox 1197 5520 1251 5575; x_wconf 91' lang='lat' dir='ltr'><strong>in</strong></span> <span class='ocrx_word' id='word_1_661' title='bbox 1299 5519 1534 5593; x_wconf 63' lang='lat' dir='ltr'><strong>{Egypto</strong></span> <span class='ocrx_word' id='word_1_662' title='bbox 1593 5537 1714 5592; x_wconf 79' lang='lat' dir='ltr'><strong>qua:</strong></span> <span class='ocrx_word' id='word_1_663' title='bbox 1764 5532 1846 5578; x_wconf 88' lang='lat' dir='ltr'><strong>est</strong></span> 
     </span>
    </p>
   </div>
   <div class='ocr_carea' id='block_1_90' title="bbox 1065 5633 1573 5762">
    <p class='ocr_par' dir='ltr' id='par_1_90' title="bbox 1065 5633 1573 5762">
     <span class='ocr_line' id='line_1_90' title="bbox 1065 5633 1496 5700; baseline 0.002 -11"><span class='ocrx_word' id='word_1_664' title='bbox 1065 5633 1254 5691; x_wconf 73' lang='lat' dir='ltr'><strong>&#39;Psal.</strong></span> <span class='ocrx_word' id='word_1_665' title='bbox 1306 5649 1401 5700; x_wconf 87' lang='lat' dir='ltr'><strong>cn,</strong></span> <span class='ocrx_word' id='word_1_666' title='bbox 1444 5637 1496 5690; x_wconf 81' lang='lat'><strong>5.</strong></span> 
     </span>
     <span class='ocr_line' id='line_1_91' title="bbox 1065 5705 1573 5762; baseline -0.004 0"><span class='ocrx_word' id='word_1_667' title='bbox 1065 5721 1118 5762; x_wconf 79' lang='grc' dir='ltr'><strong>σι.</strong></span> <span class='ocrx_word' id='word_1_668' title='bbox 1224 5705 1266 5737; x_wconf 74' lang='grc'><strong>⁸³</strong></span> <span class='ocrx_word' id='word_1_669' title='bbox 1317 5706 1448 5762; x_wconf 88' lang='lat' dir='ltr'><strong>ibid.</strong></span> <span class='ocrx_word' id='word_1_670' title='bbox 1489 5706 1573 5760; x_wconf 85' lang='grc'><strong>15.</strong></span> 
     </span>
    </p>
   </div>
   <div class='ocr_carea' id='block_1_91' title="bbox 334 5635 955 5706">
    <p class='ocr_par' dir='ltr' id='par_1_91' title="bbox 334 5635 955 5706">
     <span class='ocr_line' id='line_1_92' title="bbox 334 5635 955 5706; baseline -0.005 -14"><span class='ocrx_word' id='word_1_671' title='bbox 334 5637 536 5696; x_wconf 80' lang='lat' dir='ltr'><strong>&#39;Joam</strong></span> <span class='ocrx_word' id='word_1_672' title='bbox 589 5651 708 5706; x_wconf 77' lang='lat' dir='ltr'><strong>xui,</strong></span> <span class='ocrx_word' id='word_1_673' title='bbox 751 5635 789 5689; x_wconf 82' lang='lat'><strong>&#39;5</strong></span> <span class='ocrx_word' id='word_1_674' title='bbox 835 5650 955 5706; x_wconf 89' lang='lat' dir='ltr'><strong>sqq.</strong></span> 
     </span>
    </p>
   </div>
   <div class='ocr_carea' id='block_1_92' title="bbox 265 5705 1118 5777">
    <p class='ocr_par' dir='ltr' id='par_1_92' title="bbox 265 5705 1118 5777">
     <span class='ocr_line' id='line_1_93' title="bbox 265 5705 1118 5777; baseline -0.006 -12"><span class='ocrx_word' id='word_1_675' title='bbox 265 5724 362 5774; x_wconf 65' lang='lat' dir='ltr'><strong>xtl,</strong></span> <span class='ocrx_word' id='word_1_676' title='bbox 394 5711 481 5768; x_wconf 78' lang='lat' dir='ltr'><strong>l3.</strong></span> <span class='ocrx_word' id='word_1_677' title='bbox 561 5705 774 5761; x_wconf 62' lang='lat' dir='ltr'><strong>&quot;Paul.</strong></span> <span class='ocrx_word' id='word_1_678' title='bbox 828 5705 946 5772; x_wconf 78' lang='lat' dir='ltr'><strong>t.,l</strong></span> <span class='ocrx_word' id='word_1_679' title='bbox 998 5721 1118 5777; x_wconf 86' lang='lat' dir='ltr'><strong>sqq.</strong></span> 
     </span>
    </p>
   </div>
   <div class='ocr_carea' id='block_1_93' title="bbox 1614 5631 2336 5705">
    <p class='ocr_par' dir='ltr' id='par_1_93' title="bbox 1614 5631 2336 5705">
     <span class='ocr_line' id='line_1_94' title="bbox 1614 5631 2336 5705; baseline 0.006 -17"><span class='ocrx_word' id='word_1_680' title='bbox 1614 5633 1850 5689; x_wconf 75' lang='lat' dir='ltr'><strong>’Matth.</strong></span> <span class='ocrx_word' id='word_1_681' title='bbox 1889 5648 2043 5697; x_wconf 83' lang='lat' dir='ltr'><strong>xvm,</strong></span> <span class='ocrx_word' id='word_1_682' title='bbox 2089 5631 2163 5705; x_wconf 54' lang='grc' dir='ltr'>ξι</span> <span class='ocrx_word' id='word_1_683' title='bbox 2216 5650 2336 5705; x_wconf 86' lang='lat' dir='ltr'><strong>sqq.</strong></span> 
     </span>
    </p>
   </div>
   <div class='ocr_carea' id='block_1_94' title="bbox 1655 5704 2255 5772">
    <p class='ocr_par' dir='ltr' id='par_1_94' title="bbox 1655 5704 2255 5772">
     <span class='ocr_line' id='line_1_95' title="bbox 1655 5704 2255 5772; baseline -0.002 -11"><span class='ocrx_word' id='word_1_684' title='bbox 1655 5705 1699 5738; x_wconf 73' lang='lat'><em>“</em></span> <span class='ocrx_word' id='word_1_685' title='bbox 1729 5705 1832 5762; x_wconf 87' lang='lat' dir='ltr'><strong>lsa.</strong></span> <span class='ocrx_word' id='word_1_686' title='bbox 1863 5721 2016 5772; x_wconf 71' lang='lat' dir='ltr'><strong>sun,</strong></span> <span class='ocrx_word' id='word_1_687' title='bbox 2044 5704 2137 5772; x_wconf 68' lang='lat'><strong>25,</strong></span> <span class='ocrx_word' id='word_1_688' title='bbox 2163 5705 2255 5760; x_wconf 68' lang='lat'><strong>26.</strong></span> 
     </span>
    </p>
   </div>
   <div class='ocr_carea' id='block_1_95' title="bbox 1946 3239 3516 3321">
    <p class='ocr_par' dir='ltr' id='par_1_95' title="bbox 1946 3239 3516 3321">
     <span class='ocr_line' id='line_1_96' title="bbox 1946 3239 3516 3321; baseline 0.007 -30"><span class='ocrx_word' id='word_1_689' title='bbox 1946 3239 2154 3293; x_wconf 88' lang='lat' dir='ltr'><strong>miserit</strong></span> <span class='ocrx_word' id='word_1_690' title='bbox 2183 3239 2256 3292; x_wconf 93' lang='lat' dir='ltr'><strong>illi</strong></span> <span class='ocrx_word' id='word_1_691' title='bbox 2291 3241 2429 3294; x_wconf 89' lang='lat' dir='ltr'><strong>Deus</strong></span> <span class='ocrx_word' id='word_1_692' title='bbox 2458 3250 2676 3308; x_wconf 89' lang='lat' dir='ltr'><strong>peccata</strong></span> <span class='ocrx_word' id='word_1_693' title='bbox 2707 3257 2827 3308; x_wconf 88' lang='lat' dir='ltr'><strong>sua,</strong></span> <span class='ocrx_word' id='word_1_694' title='bbox 2854 3242 2968 3312; x_wconf 88' lang='lat' dir='ltr'><strong>ipse</strong></span> <span class='ocrx_word' id='word_1_695' title='bbox 2997 3243 3208 3321; x_wconf 87' lang='lat' dir='ltr'><strong>illorum</strong></span> <span class='ocrx_word' id='word_1_696' title='bbox 3241 3261 3346 3300; x_wconf 88' lang='lat' dir='ltr'><strong>non</strong></span> <span class='ocrx_word' id='word_1_697' title='bbox 3377 3247 3516 3302; x_wconf 81' lang='lat' dir='ltr'><strong>obli-</strong></span> 
     </span>
    </p>
   </div>
   <div class='ocr_carea' id='block_1_96' title="bbox 1945 3330 3518 3409">
    <p class='ocr_par' dir='ltr' id='par_1_96' title="bbox 1945 3330 3518 3409">
     <span class='ocr_line' id='line_1_97' title="bbox 1945 3330 3518 3409; baseline 0.008 -28"><span class='ocrx_word' id='word_1_698' title='bbox 1945 3330 2204 3393; x_wconf 88' lang='lat' dir='ltr'><strong>viscatur,</strong></span> <span class='ocrx_word' id='word_1_699' title='bbox 2233 3330 2326 3385; x_wconf 84' lang='lat' dir='ltr'><strong>sed</strong></span> <span class='ocrx_word' id='word_1_700' title='bbox 2363 3346 2566 3385; x_wconf 88' lang='lat' dir='ltr'><strong>memor</strong></span> <span class='ocrx_word' id='word_1_701' title='bbox 2597 3331 2689 3394; x_wconf 87' lang='lat' dir='ltr'><strong>sit,</strong></span> <span class='ocrx_word' id='word_1_702' title='bbox 2720 3341 2776 3386; x_wconf 91' lang='lat' dir='ltr'><strong>ut</strong></span> <span class='ocrx_word' id='word_1_703' title='bbox 2801 3333 3146 3400; x_wconf 81' lang='lat' dir='ltr'><strong>justiﬁcetur.</strong></span> <span class='ocrx_word' id='word_1_704' title='bbox 3176 3335 3268 3391; x_wconf 82' lang='lat' dir='ltr'><strong>Ait</strong></span> <span class='ocrx_word' id='word_1_705' title='bbox 3306 3352 3518 3409; x_wconf 82' lang='lat' dir='ltr'><strong>quoque</strong></span> 
     </span>
    </p>
   </div>
   <div class='ocr_carea' id='block_1_97' title="bbox 1947 3417 3520 3495">
    <p class='ocr_par' dir='ltr' id='par_1_97' title="bbox 1947 3417 3520 3495">
     <span class='ocr_line' id='line_1_98' title="bbox 1947 3417 3520 3495; baseline 0.008 -23"><span class='ocrx_word' id='word_1_706' title='bbox 1947 3433 2042 3486; x_wconf 90' lang='lat' dir='ltr'><strong>per</strong></span> <span class='ocrx_word' id='word_1_707' title='bbox 2064 3417 2350 3473; x_wconf 89' lang='lat' dir='ltr'><strong>Jeremiam</strong></span> <span class='ocrx_word' id='word_1_708' title='bbox 2382 3422 2692 3488; x_wconf 88' lang='lat' dir='ltr'><strong>prophetam</strong></span> <span class='ocrx_word' id='word_1_709' title='bbox 2719 3441 2734 3476; x_wconf 90' lang='lat'><strong>:</strong></span> <span class='ocrx_word' id='word_1_710' title='bbox 2767 3422 3107 3478; x_wconf 84' lang='lat' dir='ltr'><strong>Revertimini</strong></span> <span class='ocrx_word' id='word_1_711' title='bbox 3133 3428 3203 3480; x_wconf 88' lang='lat' dir='ltr'><strong>ad</strong></span> <span class='ocrx_word' id='word_1_712' title='bbox 3230 3445 3330 3495; x_wconf 89' lang='lat' dir='ltr'><strong>me,</strong></span> <span class='ocrx_word' id='word_1_713' title='bbox 3351 3433 3520 3485; x_wconf 83' lang='lat' dir='ltr'><strong>omnis</strong></span> 
     </span>
    </p>
   </div>
   <div class='ocr_carea' id='block_1_98' title="bbox 1945 3511 3520 3584">
    <p class='ocr_par' dir='ltr' id='par_1_98' title="bbox 1945 3511 3520 3584">
     <span class='ocr_line' id='line_1_99' title="bbox 1945 3511 3520 3584; baseline 0.009 -20"><span class='ocrx_word' id='word_1_714' title='bbox 1945 3512 2130 3565; x_wconf 85' lang='lat' dir='ltr'><strong>domus</strong></span> <span class='ocrx_word' id='word_1_715' title='bbox 2160 3511 2366 3574; x_wconf 80' lang='lat' dir='ltr'><strong>Israel;</strong></span> <span class='ocrx_word' id='word_1_716' title='bbox 2395 3527 2440 3565; x_wconf 84' lang='lat' dir='ltr'><strong>et</strong></span> <span class='ocrx_word' id='word_1_717' title='bbox 2470 3530 2572 3565; x_wconf 86' lang='lat' dir='ltr'><strong>non</strong></span> <span class='ocrx_word' id='word_1_718' title='bbox 2601 3514 2848 3567; x_wconf 79' lang='lat' dir='ltr'><strong>inducant</strong></span> <span class='ocrx_word' id='word_1_719' title='bbox 2878 3518 3322 3584; x_wconf 81' lang='lat' dir='ltr'><strong>reprehensionem</strong></span> <span class='ocrx_word' id='word_1_720' title='bbox 3355 3540 3520 3578; x_wconf 78' lang='lat' dir='ltr'><strong>nteant</strong></span> 
     </span>
    </p>
   </div>
   <div class='ocr_carea' id='block_1_99' title="bbox 1945 3605 3520 3683">
    <p class='ocr_par' dir='ltr' id='par_1_99' title="bbox 1945 3605 3520 3683">
     <span class='ocr_line' id='line_1_100' title="bbox 1945 3605 3520 3683; baseline 0.01 -27"><span class='ocrx_word' id='word_1_721' title='bbox 1945 3618 2101 3672; x_wconf 83' lang='lat' dir='ltr'><strong>super</strong></span> <span class='ocrx_word' id='word_1_722' title='bbox 2127 3619 2255 3667; x_wconf 84' lang='lat' dir='ltr'><strong>vos;</strong></span> <span class='ocrx_word' id='word_1_723' title='bbox 2285 3605 2530 3673; x_wconf 78' lang='lat' dir='ltr'><strong>quoniam</strong></span> <span class='ocrx_word' id='word_1_724' title='bbox 2578 3607 2876 3660; x_wconf 81' lang='lat' dir='ltr'><strong>misericors</strong></span> <span class='ocrx_word' id='word_1_725' title='bbox 2909 3624 3047 3672; x_wconf 87' lang='lat' dir='ltr'><strong>sum,</strong></span> <span class='ocrx_word' id='word_1_726' title='bbox 3076 3611 3213 3665; x_wconf 72' lang='lat' dir='ltr'><strong>dixit</strong></span> <span class='ocrx_word' id='word_1_727' title='bbox 3243 3613 3520 3683; x_wconf 87' lang='lat' dir='ltr'><strong>Dominus,</strong></span> 
     </span>
    </p>
   </div>
   <div class='ocr_carea' id='block_1_100' title="bbox 1946 3695 3521 3764">
    <p class='ocr_par' dir='ltr' id='par_1_100' title="bbox 1946 3695 3521 3764">
     <span class='ocr_line' id='line_1_101' title="bbox 1946 3695 3521 3764; baseline 0.008 -15"><span class='ocrx_word' id='word_1_728' title='bbox 1946 3707 1992 3749; x_wconf 87' lang='lat' dir='ltr'><strong>et</strong></span> <span class='ocrx_word' id='word_1_729' title='bbox 2023 3710 2126 3748; x_wconf 87' lang='lat' dir='ltr'><strong>non</strong></span> <span class='ocrx_word' id='word_1_730' title='bbox 2155 3695 2358 3748; x_wconf 81' lang='lat' dir='ltr'><strong>irascor</strong></span> <span class='ocrx_word' id='word_1_731' title='bbox 2387 3695 2523 3749; x_wconf 83' lang='lat' dir='ltr'><strong>vobis</strong></span> <span class='ocrx_word' id='word_1_732' title='bbox 2552 3695 2608 3748; x_wconf 87' lang='lat' dir='ltr'><strong>in</strong></span> <span class='ocrx_word' id='word_1_733' title='bbox 2638 3707 2981 3764; x_wconf 83' lang='lat' dir='ltr'><strong>perpetuum;</strong></span> <span class='ocrx_word' id='word_1_734' title='bbox 3007 3713 3360 3759; x_wconf 86' lang='lat' dir='ltr'><strong>verumtamen</strong></span> <span class='ocrx_word' id='word_1_735' title='bbox 3391 3708 3521 3762; x_wconf 88' lang='lat' dir='ltr'><strong>scito</strong></span> 
     </span>
    </p>
   </div>
   <div class='ocr_carea' id='block_1_101' title="bbox 1947 3786 3522 3862">
    <p class='ocr_par' dir='ltr' id='par_1_101' title="bbox 1947 3786 3522 3862">
     <span class='ocr_line' id='line_1_102' title="bbox 1947 3786 3522 3862; baseline 0.007 -22"><span class='ocrx_word' id='word_1_736' title='bbox 1947 3786 2274 3856; x_wconf 84' lang='lat' dir='ltr'><strong>iniquitatem</strong></span> <span class='ocrx_word' id='word_1_737' title='bbox 2304 3795 2469 3852; x_wconf 89' lang='lat' dir='ltr'><strong>tuam,</strong></span> <span class='ocrx_word' id='word_1_738' title='bbox 2504 3801 2563 3840; x_wconf 86' lang='lat' dir='ltr'><strong>eo</strong></span> <span class='ocrx_word' id='word_1_739' title='bbox 2589 3788 2727 3857; x_wconf 86' lang='lat' dir='ltr'><strong>quod</strong></span> <span class='ocrx_word' id='word_1_740' title='bbox 2760 3791 2836 3840; x_wconf 84' lang='lat' dir='ltr'><strong>tui</strong></span> <span class='ocrx_word' id='word_1_741' title='bbox 2883 3791 3046 3857; x_wconf 81' lang='lat' dir='ltr'><strong>ipsius</strong></span> <span class='ocrx_word' id='word_1_742' title='bbox 3073 3793 3268 3848; x_wconf 72' lang='lat' dir='ltr'><strong>inscius</strong></span> <span class='ocrx_word' id='word_1_743' title='bbox 3298 3813 3373 3862; x_wconf 83' lang='lat' dir='ltr'><strong>es,</strong></span> <span class='ocrx_word' id='word_1_744' title='bbox 3399 3808 3446 3852; x_wconf 87' lang='lat' dir='ltr'><strong>et</strong></span> <span class='ocrx_word' id='word_1_745' title='bbox 3471 3801 3522 3852; x_wconf 85' lang='lat' dir='ltr'><strong>in</strong></span> 
     </span>
    </p>
   </div>
   <div class='ocr_carea' id='block_1_102' title="bbox 1945 3877 2922 3948">
    <p class='ocr_par' dir='ltr' id='par_1_102' title="bbox 1945 3877 2922 3948">
     <span class='ocr_line' id='line_1_103' title="bbox 1945 3877 2922 3948; baseline 0.002 -16"><span class='ocrx_word' id='word_1_746' title='bbox 1945 3877 2114 3933; x_wconf 88' lang='lat' dir='ltr'><strong>Deum</strong></span> <span class='ocrx_word' id='word_1_747' title='bbox 2145 3889 2293 3932; x_wconf 84' lang='lat' dir='ltr'><strong>tuum</strong></span> <span class='ocrx_word' id='word_1_748' title='bbox 2331 3879 2523 3948; x_wconf 83' lang='lat' dir='ltr'><strong>impius</strong></span> <span class='ocrx_word' id='word_1_749' title='bbox 2559 3880 2772 3948; x_wconf 72' lang='lat' dir='ltr'><strong>effectus</strong></span> <span class='ocrx_word' id='word_1_750' title='bbox 2794 3883 2922 3934; x_wconf 75' lang='lat' dir='ltr'><strong>es&quot;.</strong></span> 
     </span>
    </p>
   </div>
   <div class='ocr_carea' id='block_1_103' title="bbox 2021 3969 3524 4045">
    <p class='ocr_par' dir='ltr' id='par_1_103' title="bbox 2021 3969 3524 4045">
     <span class='ocr_line' id='line_1_104' title="bbox 2021 3969 3524 4045; baseline 0.009 -22"><span class='ocrx_word' id='word_1_751' title='bbox 2021 3970 2221 4024; x_wconf 87' lang='lat' dir='ltr'><strong>Eadem</strong></span> <span class='ocrx_word' id='word_1_752' title='bbox 2261 3971 2490 4034; x_wconf 86' lang='lat' dir='ltr'><strong>ratione,</strong></span> <span class='ocrx_word' id='word_1_753' title='bbox 2516 3969 2662 4026; x_wconf 80' lang='lat' dir='ltr'><strong>ﬁlioli</strong></span> <span class='ocrx_word' id='word_1_754' title='bbox 2695 3975 2823 4038; x_wconf 89' lang='lat' dir='ltr'><strong>mei,</strong></span> <span class='ocrx_word' id='word_1_755' title='bbox 2856 3989 2954 4028; x_wconf 92' lang='lat' dir='ltr'><strong>nos</strong></span> <span class='ocrx_word' id='word_1_756' title='bbox 2979 3985 3216 4045; x_wconf 81' lang='lat' dir='ltr'><strong>oportet,</strong></span> <span class='ocrx_word' id='word_1_757' title='bbox 3249 3988 3307 4034; x_wconf 94' lang='lat' dir='ltr'><strong>ut</strong></span> <span class='ocrx_word' id='word_1_758' title='bbox 3337 3980 3524 4036; x_wconf 87' lang='lat' dir='ltr'><strong>dimit~</strong></span> 
     </span>
    </p>
   </div>
   <div class='ocr_carea' id='block_1_104' title="bbox 1951 4061 3523 4137">
    <p class='ocr_par' dir='ltr' id='par_1_104' title="bbox 1951 4061 3523 4137">
     <span class='ocr_line' id='line_1_105' title="bbox 1951 4061 3523 4137; baseline 0.01 -24"><span class='ocrx_word' id='word_1_759' title='bbox 1951 4068 2098 4114; x_wconf 70' lang='lat' dir='ltr'><strong>tente</strong></span> <span class='ocrx_word' id='word_1_760' title='bbox 2147 4061 2304 4116; x_wconf 88' lang='lat' dir='ltr'><strong>nobis</strong></span> <span class='ocrx_word' id='word_1_761' title='bbox 2336 4061 2564 4117; x_wconf 90' lang='lat' dir='ltr'><strong>Domino</strong></span> <span class='ocrx_word' id='word_1_762' title='bbox 2595 4076 2782 4134; x_wconf 83' lang='lat' dir='ltr'><strong>nostro</strong></span> <span class='ocrx_word' id='word_1_763' title='bbox 2812 4076 3031 4133; x_wconf 87' lang='lat' dir='ltr'><strong>peccata</strong></span> <span class='ocrx_word' id='word_1_764' title='bbox 3065 4078 3270 4137; x_wconf 89' lang='lat' dir='ltr'><strong>nostra,</strong></span> <span class='ocrx_word' id='word_1_765' title='bbox 3301 4073 3523 4130; x_wconf 86' lang='lat' dir='ltr'><strong>minime</strong></span> 
     </span>
    </p>
   </div>
   <div class='ocr_carea' id='block_1_105' title="bbox 1948 4153 3523 4230">
    <p class='ocr_par' dir='ltr' id='par_1_105' title="bbox 1948 4153 3523 4230">
     <span class='ocr_line' id='line_1_106' title="bbox 1948 4153 3523 4230; baseline 0.008 -24"><span class='ocrx_word' id='word_1_766' title='bbox 1948 4167 2010 4206; x_wconf 90' lang='lat' dir='ltr'><strong>ea</strong></span> <span class='ocrx_word' id='word_1_767' title='bbox 2040 4153 2308 4207; x_wconf 88' lang='lat' dir='ltr'><strong>nobismet</strong></span> <span class='ocrx_word' id='word_1_768' title='bbox 2347 4154 2476 4222; x_wconf 90' lang='lat' dir='ltr'><strong>ipsis</strong></span> <span class='ocrx_word' id='word_1_769' title='bbox 2509 4154 2866 4223; x_wconf 89' lang='lat' dir='ltr'><strong>dimittamus,</strong></span> <span class='ocrx_word' id='word_1_770' title='bbox 2897 4158 2992 4212; x_wconf 90' lang='lat' dir='ltr'><strong>sed</strong></span> <span class='ocrx_word' id='word_1_771' title='bbox 3035 4173 3220 4214; x_wconf 90' lang='lat' dir='ltr'><strong>eorum</strong></span> <span class='ocrx_word' id='word_1_772' title='bbox 3254 4165 3523 4230; x_wconf 87' lang='lat' dir='ltr'><strong>poeniten-</strong></span> 
     </span>
    </p>
   </div>
   <div class='ocr_carea' id='block_1_106' title="bbox 1953 4243 3522 4314">
    <p class='ocr_par' dir='ltr' id='par_1_106' title="bbox 1953 4243 3522 4314">
     <span class='ocr_line' id='line_1_107' title="bbox 1953 4243 3522 4314; baseline 0.01 -18"><span class='ocrx_word' id='word_1_773' title='bbox 1953 4243 2039 4297; x_wconf 69' lang='lat' dir='ltr'><strong>tia:</strong></span> <span class='ocrx_word' id='word_1_774' title='bbox 2067 4244 2415 4299; x_wconf 87' lang='lat' dir='ltr'><strong>renovatione</strong></span> <span class='ocrx_word' id='word_1_775' title='bbox 2444 4259 2660 4314; x_wconf 89' lang='lat' dir='ltr'><strong>semper</strong></span> <span class='ocrx_word' id='word_1_776' title='bbox 2687 4261 2955 4303; x_wconf 90' lang='lat' dir='ltr'><strong>memores</strong></span> <span class='ocrx_word' id='word_1_777' title='bbox 2979 4249 3169 4306; x_wconf 91' lang='lat' dir='ltr'><strong>simus.</strong></span> <span class='ocrx_word' id='word_1_778' title='bbox 3196 4250 3333 4308; x_wconf 85' lang='lat' dir='ltr'><strong>Hinc</strong></span> <span class='ocrx_word' id='word_1_779' title='bbox 3358 4253 3522 4310; x_wconf 91' lang='lat' dir='ltr'><strong>Joan-</strong></span> 
     </span>
    </p>
   </div>
   <div class='ocr_carea' id='block_1_107' title="bbox 1951 4333 3524 4415">
    <p class='ocr_par' dir='ltr' id='par_1_107' title="bbox 1951 4333 3524 4415">
     <span class='ocr_line' id='line_1_108' title="bbox 1951 4333 3524 4415; baseline 0.01 -27"><span class='ocrx_word' id='word_1_780' title='bbox 1951 4349 2046 4388; x_wconf 87' lang='lat' dir='ltr'><strong>nes</strong></span> <span class='ocrx_word' id='word_1_781' title='bbox 2066 4333 2324 4404; x_wconf 87' lang='lat' dir='ltr'><strong>Baptista,</strong></span> <span class='ocrx_word' id='word_1_782' title='bbox 2350 4335 2475 4389; x_wconf 91' lang='lat' dir='ltr'><strong>dum</strong></span> <span class='ocrx_word' id='word_1_783' title='bbox 2497 4335 2748 4404; x_wconf 87' lang='lat' dir='ltr'><strong>populum</strong></span> <span class='ocrx_word' id='word_1_784' title='bbox 2784 4339 2851 4391; x_wconf 90' lang='lat' dir='ltr'><strong>ad</strong></span> <span class='ocrx_word' id='word_1_785' title='bbox 2877 4339 3251 4400; x_wconf 85' lang='lat' dir='ltr'><strong>remissionem</strong></span> <span class='ocrx_word' id='word_1_786' title='bbox 3281 4345 3524 4415; x_wconf 82' lang='lat' dir='ltr'><strong>baptiza-</strong></span> 
     </span>
    </p>
   </div>
   <div class='ocr_carea' id='block_1_108' title="bbox 1949 4421 3523 4495">
    <p class='ocr_par' dir='ltr' id='par_1_108' title="bbox 1949 4421 3523 4495">
     <span class='ocr_line' id='line_1_109' title="bbox 1949 4421 3523 4495; baseline 0.013 -20"><span class='ocrx_word' id='word_1_787' title='bbox 1949 4421 2062 4486; x_wconf 90' lang='lat' dir='ltr'><strong>bat,</strong></span> <span class='ocrx_word' id='word_1_788' title='bbox 2094 4425 2344 4493; x_wconf 68' lang='lat' dir='ltr'><strong>praacepit</strong></span> <span class='ocrx_word' id='word_1_789' title='bbox 2391 4425 2471 4478; x_wconf 90' lang='lat' dir='ltr'><strong>eis</strong></span> <span class='ocrx_word' id='word_1_790' title='bbox 2503 4425 2727 4480; x_wconf 89' lang='lat' dir='ltr'><strong>dicens:</strong></span> <span class='ocrx_word' id='word_1_791' title='bbox 2757 4425 2934 4484; x_wconf 84' lang='lat' dir='ltr'><strong>Nolite</strong></span> <span class='ocrx_word' id='word_1_792' title='bbox 2977 4445 3228 4488; x_wconf 88' lang='lat' dir='ltr'><strong>curarum</strong></span> <span class='ocrx_word' id='word_1_793' title='bbox 3261 4451 3381 4492; x_wconf 88' lang='lat' dir='ltr'><strong>esse</strong></span> <span class='ocrx_word' id='word_1_794' title='bbox 3424 4455 3523 4495; x_wconf 83' lang='lat' dir='ltr'><strong>ex-</strong></span> 
     </span>
    </p>
   </div>
   <div class='ocr_carea' id='block_1_109' title="bbox 1950 4515 3522 4598">
    <p class='ocr_par' dir='ltr' id='par_1_109' title="bbox 1950 4515 3522 4598">
     <span class='ocr_line' id='line_1_110' title="bbox 1950 4515 3522 4598; baseline 0.013 -31"><span class='ocrx_word' id='word_1_795' title='bbox 1950 4522 2128 4584; x_wconf 89' lang='lat' dir='ltr'><strong>pertes</strong></span> <span class='ocrx_word' id='word_1_796' title='bbox 2159 4515 2228 4570; x_wconf 91' lang='lat' dir='ltr'><strong>ob</strong></span> <span class='ocrx_word' id='word_1_797' title='bbox 2258 4517 2632 4572; x_wconf 87' lang='lat' dir='ltr'><strong>remissionem</strong></span> <span class='ocrx_word' id='word_1_798' title='bbox 2665 4529 3011 4586; x_wconf 87' lang='lat' dir='ltr'><strong>peccatorum</strong></span> <span class='ocrx_word' id='word_1_799' title='bbox 3057 4534 3385 4598; x_wconf 87' lang='lat' dir='ltr'><strong>vestrorum,</strong></span> <span class='ocrx_word' id='word_1_800' title='bbox 3426 4535 3522 4588; x_wconf 91' lang='lat' dir='ltr'><strong>sed</strong></span> 
     </span>
    </p>
   </div>
   <div class='ocr_carea' id='block_1_110' title="bbox 1947 4601 3524 4683">
    <p class='ocr_par' dir='ltr' id='par_1_110' title="bbox 1947 4601 3524 4683">
     <span class='ocr_line' id='line_1_111' title="bbox 1947 4601 3524 4683; baseline 0.014 -28"><span class='ocrx_word' id='word_1_801' title='bbox 1947 4601 2134 4658; x_wconf 77' lang='lat' dir='ltr'><strong>Facite</strong></span> <span class='ocrx_word' id='word_1_802' title='bbox 2162 4606 2364 4671; x_wconf 75' lang='lat' dir='ltr'><strong>fructus</strong></span> <span class='ocrx_word' id='word_1_803' title='bbox 2397 4607 2584 4675; x_wconf 84' lang='lat' dir='ltr'><strong>dignos</strong></span> <span class='ocrx_word' id='word_1_804' title='bbox 2631 4609 2980 4678; x_wconf 73' lang='lat' dir='ltr'><strong>pmnitentiw;</strong></span> <span class='ocrx_word' id='word_1_805' title='bbox 3003 4613 3124 4683; x_wconf 86' lang='lat' dir='ltr'><strong>jam</strong></span> <span class='ocrx_word' id='word_1_806' title='bbox 3152 4618 3290 4673; x_wconf 87' lang='lat' dir='ltr'><strong>enim</strong></span> <span class='ocrx_word' id='word_1_807' title='bbox 3325 4624 3524 4677; x_wconf 84' lang='lat' dir='ltr'><strong>securis</strong></span> 
     </span>
    </p>
   </div>
   <div class='ocr_carea' id='block_1_111' title="bbox 1948 4694 3526 4767">
    <p class='ocr_par' dir='ltr' id='par_1_111' title="bbox 1948 4694 3526 4767">
     <span class='ocr_line' id='line_1_112' title="bbox 1948 4694 3526 4767; baseline 0.012 -19"><span class='ocrx_word' id='word_1_808' title='bbox 1948 4694 2120 4763; x_wconf 87' lang='lat' dir='ltr'><strong>posita</strong></span> <span class='ocrx_word' id='word_1_809' title='bbox 2156 4705 2231 4748; x_wconf 89' lang='lat' dir='ltr'><strong>est</strong></span> <span class='ocrx_word' id='word_1_810' title='bbox 2277 4697 2346 4750; x_wconf 89' lang='lat' dir='ltr'><strong>ad</strong></span> <span class='ocrx_word' id='word_1_811' title='bbox 2399 4697 2603 4752; x_wconf 83' lang='lat' dir='ltr'><strong>radices</strong></span> <span class='ocrx_word' id='word_1_812' title='bbox 2649 4697 2934 4767; x_wconf 85' lang='lat' dir='ltr'><strong>arborum;</strong></span> <span class='ocrx_word' id='word_1_813' title='bbox 2965 4707 3134 4760; x_wconf 84' lang='lat' dir='ltr'><strong>omnis</strong></span> <span class='ocrx_word' id='word_1_814' title='bbox 3163 4720 3338 4764; x_wconf 84' lang='lat' dir='ltr'><strong>autem</strong></span> <span class='ocrx_word' id='word_1_815' title='bbox 3368 4715 3526 4767; x_wconf 81' lang='lat' dir='ltr'><strong>arbor</strong></span> 
     </span>
    </p>
   </div>
   <div class='ocr_carea' id='block_1_112' title="bbox 1949 4785 3524 4873">
    <p class='ocr_par' dir='ltr' id='par_1_112' title="bbox 1949 4785 3524 4873">
     <span class='ocr_line' id='line_1_113' title="bbox 1949 4785 3524 4873; baseline 0.015 -37"><span class='ocrx_word' id='word_1_816' title='bbox 1949 4799 2051 4838; x_wconf 86' lang='lat' dir='ltr'><strong>non</strong></span> <span class='ocrx_word' id='word_1_817' title='bbox 2073 4785 2399 4854; x_wconf 70' lang='lat' dir='ltr'><strong>[iustiﬁcam</strong></span> <span class='ocrx_word' id='word_1_818' title='bbox 2416 4787 2646 4856; x_wconf 73' lang='lat' dir='ltr'><strong>fructum</strong></span> <span class='ocrx_word' id='word_1_819' title='bbox 2668 4791 2879 4858; x_wconf 90' lang='lat' dir='ltr'><strong>bonum,</strong></span> <span class='ocrx_word' id='word_1_820' title='bbox 2899 4796 3170 4850; x_wconf 75' lang='lat' dir='ltr'><strong>excidetur</strong></span> <span class='ocrx_word' id='word_1_821' title='bbox 3199 4809 3247 4854; x_wconf 88' lang='lat' dir='ltr'><strong>et</strong></span> <span class='ocrx_word' id='word_1_822' title='bbox 3278 4804 3331 4855; x_wconf 89' lang='lat' dir='ltr'><strong>in</strong></span> <span class='ocrx_word' id='word_1_823' title='bbox 3353 4804 3524 4873; x_wconf 86' lang='lat' dir='ltr'><strong>ignem</strong></span> 
     </span>
    </p>
   </div>
   <div class='ocr_carea' id='block_1_113' title="bbox 1949 4875 3524 4950">
    <p class='ocr_par' dir='ltr' id='par_1_113' title="bbox 1949 4875 3524 4950">
     <span class='ocr_line' id='line_1_114' title="bbox 1949 4875 3524 4950; baseline 0.015 -22"><span class='ocrx_word' id='word_1_824' title='bbox 1949 4876 2265 4930; x_wconf 77' lang='lat' dir='ltr'><strong>mittetur“.</strong></span> <span class='ocrx_word' id='word_1_825' title='bbox 2293 4875 2422 4943; x_wconf 63' lang='lat' dir='ltr'><strong>Quae</strong></span> <span class='ocrx_word' id='word_1_826' title='bbox 2448 4879 2663 4947; x_wconf 89' lang='lat' dir='ltr'><strong>quidem</strong></span> <span class='ocrx_word' id='word_1_827' title='bbox 2695 4882 2749 4934; x_wconf 91' lang='lat' dir='ltr'><strong>in</strong></span> <span class='ocrx_word' id='word_1_828' title='bbox 2774 4895 3006 4940; x_wconf 85' lang='lat' dir='ltr'><strong>vestram</strong></span> <span class='ocrx_word' id='word_1_829' title='bbox 3041 4893 3288 4945; x_wconf 89' lang='lat' dir='ltr'><strong>revocavi</strong></span> <span class='ocrx_word' id='word_1_830' title='bbox 3318 4911 3494 4950; x_wconf 86' lang='lat' dir='ltr'><strong>metuo</strong></span> <span class='ocrx_word' id='word_1_831' title='bbox 3520 4926 3524 4930; x_wconf 90' lang='lat'><strong><em>-</em></strong></span> 
     </span>
    </p>
   </div>
   <div class='ocr_carea' id='block_1_114' title="bbox 1951 4968 3522 5042">
    <p class='ocr_par' dir='ltr' id='par_1_114' title="bbox 1951 4968 3522 5042">
     <span class='ocr_line' id='line_1_115' title="bbox 1951 4968 3522 5042; baseline 0.014 -22"><span class='ocrx_word' id='word_1_832' title='bbox 1951 4968 2109 5032; x_wconf 89' lang='lat' dir='ltr'><strong>riam,</strong></span> <span class='ocrx_word' id='word_1_833' title='bbox 2164 4969 2499 5025; x_wconf 87' lang='lat' dir='ltr'><strong>dilectissimi</strong></span> <span class='ocrx_word' id='word_1_834' title='bbox 2543 4975 2670 5038; x_wconf 89' lang='lat' dir='ltr'><strong>mei,</strong></span> <span class='ocrx_word' id='word_1_835' title='bbox 2732 4989 2854 5030; x_wconf 89' lang='lat' dir='ltr'><strong>cum</strong></span> <span class='ocrx_word' id='word_1_836' title='bbox 2914 4987 3214 5037; x_wconf 87' lang='lat' dir='ltr'><strong>vestrarum</strong></span> <span class='ocrx_word' id='word_1_837' title='bbox 3261 4986 3522 5042; x_wconf 86' lang='lat' dir='ltr'><strong>virtutqu</strong></span> 
     </span>
    </p>
   </div>
   <div class='ocr_carea' id='block_1_115' title="bbox 1950 5058 3521 5144">
    <p class='ocr_par' dir='ltr' id='par_1_115' title="bbox 1950 5058 3521 5144">
     <span class='ocr_line' id='line_1_116' title="bbox 1950 5058 3521 5144; baseline 0.013 -33"><span class='ocrx_word' id='word_1_838' title='bbox 1950 5058 2339 5128; x_wconf 88' lang='lat' dir='ltr'><strong>magnitudinis</strong></span> <span class='ocrx_word' id='word_1_839' title='bbox 2370 5074 2579 5116; x_wconf 90' lang='lat' dir='ltr'><strong>memor</strong></span> <span class='ocrx_word' id='word_1_840' title='bbox 2603 5064 2738 5130; x_wconf 86' lang='lat' dir='ltr'><strong>sim;</strong></span> <span class='ocrx_word' id='word_1_841' title='bbox 2769 5076 2908 5123; x_wconf 89' lang='lat' dir='ltr'><strong>etne</strong></span> <span class='ocrx_word' id='word_1_842' title='bbox 2931 5070 3325 5140; x_wconf 83' lang='lat' dir='ltr'><strong>negligentibus</strong></span> <span class='ocrx_word' id='word_1_843' title='bbox 3350 5080 3521 5144; x_wconf 88' lang='lat' dir='ltr'><strong>vobis,</strong></span> 
     </span>
    </p>
   </div>
   <div class='ocr_carea' id='block_1_116' title="bbox 1949 5151 3526 5230">
    <p class='ocr_par' dir='ltr' id='par_1_116' title="bbox 1949 5151 3526 5230">
     <span class='ocr_line' id='line_1_117' title="bbox 1949 5151 3526 5230; baseline 0.012 -25"><span class='ocrx_word' id='word_1_844' title='bbox 1949 5151 2273 5207; x_wconf 90' lang='lat' dir='ltr'><strong>obscuretur</strong></span> <span class='ocrx_word' id='word_1_845' title='bbox 2313 5152 2491 5207; x_wconf 92' lang='lat' dir='ltr'><strong>lumen</strong></span> <span class='ocrx_word' id='word_1_846' title='bbox 2538 5165 2812 5225; x_wconf 89' lang='lat' dir='ltr'><strong>vestrum;</strong></span> <span class='ocrx_word' id='word_1_847' title='bbox 2849 5174 2912 5215; x_wconf 89' lang='lat' dir='ltr'><strong>ac</strong></span> <span class='ocrx_word' id='word_1_848' title='bbox 2953 5171 3236 5230; x_wconf 70' lang='lat' dir='ltr'><strong>praeterea,</strong></span> <span class='ocrx_word' id='word_1_849' title='bbox 3271 5175 3329 5219; x_wconf 89' lang='lat' dir='ltr'><strong>ut</strong></span> <span class='ocrx_word' id='word_1_850' title='bbox 3372 5171 3526 5224; x_wconf 82' lang='lat' dir='ltr'><strong>vobis</strong></span> 
     </span>
    </p>
   </div>
   <div class='ocr_carea' id='block_1_117' title="bbox 1950 5242 3525 5328">
    <p class='ocr_par' dir='ltr' id='par_1_117' title="bbox 1950 5242 3525 5328">
     <span class='ocr_line' id='line_1_118' title="bbox 1950 5242 3525 5328; baseline 0.011 -32"><span class='ocrx_word' id='word_1_851' title='bbox 1950 5242 2192 5298; x_wconf 86' lang='lat' dir='ltr'><strong>accessio</strong></span> <span class='ocrx_word' id='word_1_852' title='bbox 2253 5245 2346 5297; x_wconf 89' lang='lat' dir='ltr'><strong>liat</strong></span> <span class='ocrx_word' id='word_1_853' title='bbox 2403 5244 2672 5301; x_wconf 81' lang='lat' dir='ltr'><strong>fructuum</strong></span> <span class='ocrx_word' id='word_1_854' title='bbox 2717 5248 3002 5319; x_wconf 82' lang='lat' dir='ltr'><strong>dignorum</strong></span> <span class='ocrx_word' id='word_1_855' title='bbox 3050 5263 3232 5310; x_wconf 86' lang='lat' dir='ltr'><strong>vestro</strong></span> <span class='ocrx_word' id='word_1_856' title='bbox 3282 5259 3525 5328; x_wconf 78' lang='lat' dir='ltr'><strong>angelico</strong></span> 
     </span>
    </p>
   </div>
   <div class='ocr_carea' id='block_1_118' title="bbox 1952 5335 3525 5417">
    <p class='ocr_par' dir='ltr' id='par_1_118' title="bbox 1952 5335 3525 5417">
     <span class='ocr_line' id='line_1_119' title="bbox 1952 5335 3525 5417; baseline 0.008 -29"><span class='ocrx_word' id='word_1_857' title='bbox 1952 5335 2138 5390; x_wconf 87' lang='lat' dir='ltr'><strong>habitu</strong></span> <span class='ocrx_word' id='word_1_858' title='bbox 2171 5349 2279 5406; x_wconf 92' lang='lat' dir='ltr'><strong>quo</strong></span> <span class='ocrx_word' id='word_1_859' title='bbox 2306 5337 2442 5393; x_wconf 88' lang='lat' dir='ltr'><strong>estis</strong></span> <span class='ocrx_word' id='word_1_860' title='bbox 2466 5337 2659 5394; x_wconf 89' lang='lat' dir='ltr'><strong>induti.</strong></span> <span class='ocrx_word' id='word_1_861' title='bbox 2693 5339 2805 5397; x_wconf 81' lang='lat' dir='ltr'><strong>Hoc</strong></span> <span class='ocrx_word' id='word_1_862' title='bbox 2830 5343 2993 5396; x_wconf 88' lang='lat' dir='ltr'><strong>etiam</strong></span> <span class='ocrx_word' id='word_1_863' title='bbox 3019 5346 3221 5410; x_wconf 88' lang='lat' dir='ltr'><strong>sciatis,</strong></span> <span class='ocrx_word' id='word_1_864' title='bbox 3255 5353 3525 5417; x_wconf 76' lang='lat' dir='ltr'><strong>quomodo</strong></span> 
     </span>
    </p>
   </div>
   <div class='ocr_carea' id='block_1_119' title="bbox 1953 5427 3524 5496">
    <p class='ocr_par' dir='ltr' id='par_1_119' title="bbox 1953 5427 3524 5496">
     <span class='ocr_line' id='line_1_120' title="bbox 1953 5427 3524 5496; baseline 0.01 -16"><span class='ocrx_word' id='word_1_865' title='bbox 1953 5427 2224 5494; x_wconf 89' lang='lat' dir='ltr'><strong>videlicet,</strong></span> <span class='ocrx_word' id='word_1_866' title='bbox 2263 5429 2542 5484; x_wconf 89' lang='lat' dir='ltr'><strong>inveniens</strong></span> <span class='ocrx_word' id='word_1_867' title='bbox 2574 5433 2736 5486; x_wconf 91' lang='lat' dir='ltr'><strong>homo</strong></span> <span class='ocrx_word' id='word_1_868' title='bbox 2769 5433 2856 5490; x_wconf 94' lang='lat' dir='ltr'><strong>ille</strong></span> <span class='ocrx_word' id='word_1_869' title='bbox 2893 5437 3199 5492; x_wconf 88' lang='lat' dir='ltr'><strong>thesaurmn</strong></span> <span class='ocrx_word' id='word_1_870' title='bbox 3235 5441 3524 5496; x_wconf 84' lang='lat' dir='ltr'><strong>abscondi-</strong></span> 
     </span>
    </p>
   </div>
   <div class='ocr_carea' id='block_1_120' title="bbox 1955 5521 3525 5598">
    <p class='ocr_par' dir='ltr' id='par_1_120' title="bbox 1955 5521 3525 5598">
     <span class='ocr_line' id='line_1_121' title="bbox 1955 5521 3525 5598; baseline 0.013 -26"><span class='ocrx_word' id='word_1_871' title='bbox 1955 5527 2064 5592; x_wconf 81' lang='lat' dir='ltr'><strong>tum</strong></span> <span class='ocrx_word' id='word_1_872' title='bbox 2097 5521 2149 5574; x_wconf 92' lang='lat' dir='ltr'><strong>in</strong></span> <span class='ocrx_word' id='word_1_873' title='bbox 2179 5536 2329 5590; x_wconf 87' lang='lat' dir='ltr'><strong>agro,</strong></span> <span class='ocrx_word' id='word_1_874' title='bbox 2358 5522 2596 5578; x_wconf 86' lang='lat' dir='ltr'><strong>vendidit</strong></span> <span class='ocrx_word' id='word_1_875' title='bbox 2617 5525 2797 5580; x_wconf 91' lang='lat' dir='ltr'><strong>omnia</strong></span> <span class='ocrx_word' id='word_1_876' title='bbox 2829 5542 2947 5596; x_wconf 63' lang='lat' dir='ltr'><strong>quae</strong></span> <span class='ocrx_word' id='word_1_877' title='bbox 2971 5531 3301 5598; x_wconf 89' lang='lat' dir='ltr'><strong>possidebat,</strong></span> <span class='ocrx_word' id='word_1_878' title='bbox 3321 5537 3525 5592; x_wconf 88' lang='lat' dir='ltr'><strong>etemit</strong></span> 
     </span>
    </p>
   </div>
   <div class='ocr_carea' id='block_1_121' title="bbox 2472 5636 3519 5712">
    <p class='ocr_par' dir='ltr' id='par_1_121' title="bbox 2472 5636 3519 5712">
     <span class='ocr_line' id='line_1_122' title="bbox 2472 5636 3519 5712; baseline 0.01 -23"><span class='ocrx_word' id='word_1_879' title='bbox 2472 5637 2516 5668; x_wconf 84' lang='grc'>¹⁰</span> <span class='ocrx_word' id='word_1_880' title='bbox 2548 5636 2699 5692; x_wconf 86' lang='lat' dir='ltr'><strong>Deut.</strong></span> <span class='ocrx_word' id='word_1_881' title='bbox 2743 5640 2956 5712; x_wconf 61' lang='lat' dir='ltr'><strong>viti,“</strong></span> <span class='ocrx_word' id='word_1_882' title='bbox 3004 5657 3124 5711; x_wconf 79' lang='lat' dir='ltr'><strong>sqq.</strong></span> <span class='ocrx_word' id='word_1_883' title='bbox 3235 5643 3274 5675; x_wconf 83' lang='grc'>¹¹</span> <span class='ocrx_word' id='word_1_884' title='bbox 3312 5644 3353 5698; x_wconf 90' lang='grc' dir='ltr'><strong>ΙΙ</strong></span> <span class='ocrx_word' id='word_1_885' title='bbox 3389 5647 3519 5712; x_wconf 74' lang='lat' dir='ltr'><strong>Reg.</strong></span> 
     </span>
    </p>
   </div>
   <div class='ocr_carea' id='block_1_122' title="bbox 2336 5705 3518 5783">
    <p class='ocr_par' dir='ltr' id='par_1_122' title="bbox 2336 5705 3518 5783">
     <span class='ocr_line' id='line_1_123' title="bbox 2336 5705 3518 5783; baseline 0.013 -23"><span class='ocrx_word' id='word_1_886' title='bbox 2336 5707 2380 5738; x_wconf 84' lang='grc'><strong>¹⁸</strong></span> <span class='ocrx_word' id='word_1_887' title='bbox 2405 5705 2610 5762; x_wconf 83' lang='lat' dir='ltr'><strong>Jcrcm.</strong></span> <span class='ocrx_word' id='word_1_888' title='bbox 2643 5724 2725 5777; x_wconf 86' lang='lat' dir='ltr'><strong>nt,</strong></span> <span class='ocrx_word' id='word_1_889' title='bbox 2759 5710 2955 5777; x_wconf 69' lang='lat'><strong>12,15.</strong></span> <span class='ocrx_word' id='word_1_890' title='bbox 3034 5705 3238 5769; x_wconf 54' lang='grc' dir='ltr'>ιηιυρ.</span> <span class='ocrx_word' id='word_1_891' title='bbox 3265 5730 3343 5783; x_wconf 86' lang='grc' dir='ltr'>ιιι,</span> <span class='ocrx_word' id='word_1_892' title='bbox 3381 5714 3434 5783; x_wconf 87' lang='lat'><strong>8,</strong></span> <span class='ocrx_word' id='word_1_893' title='bbox 3464 5705 3518 5775; x_wconf 64' lang='lat'><strong>9.</strong></span> 
     </span>
    </p>
   </div>
  </div>
