3868 6282
428 341 568 398 1059

1509 337 1784 393 PATRES
1823 335 2124 392 IEGYPTII
2166 334 2435 393 SECULI
2477 336 2566 391 IV.

3501 335 3617 394 1060

424 473 614 529 agrum
655 456 885 513 illiilli".
915 458 1102 512 Vestra
1150 467 1327 511 autem
1367 472 1527 521 nunc,
1558 459 1894 512 dilectissimi
1931 459 1983 512 in
2016 464 2059 520 Α
2090 469 2235 525 ptum
2277 466 2359 512 est
2399 477 2409 511 :
2449 455 2776 510 ELVcrbum
2820 470 2941 506 caro
2981 453 3172 520 {artant
3203 461 3297 515 est,
3324 462 3368 506 et
3401 452 3618 509 habitavit

425 545 672 610 Domino,
704 545 871 616 gloria
899 543 1009 612 jam
1035 545 1208 614 palam
1243 545 1381 598 facta
1407 553 1489 599 est
1515 546 1567 598 in
1593 547 1839 600 universa
1869 559 1988 615 par-

427 633 740 701 ticipatione
764 650 778 686 :
806 620 1173 688 verumtamen
1210 633 1274 687 de
1315 633 1414 686 hoc
1441 633 1604 687 nolite
1633 633 1890 702 cogitare,
1920 647 1988 688 ne

427 722 754 788 gloriemiui,
789 721 879 776 sed
914 721 1233 777 letmilitatis
1261 730 1314 776 et
1349 712 1774 775 mansuetudinis
1797 721 1984 791 pristi-

429 829 514 869 nae
539 822 733 870 vestra:
765 813 1100 881 paupertatis
1135 811 1575 877 reminiscimini;
1609 823 1662 866 et
1689 813 1840 867 eritis
1863 827 1988 880 pro-

428 903 574 959 fecto
603 914 856 972 tanquam
902 902 952 956 id
991 902 1319 970 ignorantes.
1357 901 1566 956 Etenim
1611 903 1838 973 Moyses,
1869 918 1989 956 cum

433 992 764 1063 gloriﬁcatus
789 1000 952 1055 esset,
984 990 1264 1059 ignorabat
1289 991 1626 1059 splendorem
1662 992 1845 1060 gloria:
1875 989 1991 1043 vul-

434 1095 521 1138 tus
540 1085 621 1138 sui
646 1093 861 1152 propter
881 1081 1235 1135 humilitatem
1252 1090 1306 1136 et
1327 1082 1788 1136 mansuetudinem
1804 1096 1991 1136 suam:

429 1173 656 1245 populus
677 1188 804 1226 vero
828 1172 880 1226 id
907 1180 1162 1239 noverat;
1191 1186 1359 1240 quare
1385 1172 1526 1225 illius
1559 1171 1819 1225 timebant
1846 1186 1994 1238 aspe-

402 1286 403 1289 ‘
429 1274 610 1329 ctum;
643 1271 698 1318 et
719 1265 817 1317 hac
837 1263 902 1316 de
925 1277 1084 1317 causa
1111 1277 1259 1316 suam
1284 1262 1478 1317 velavit
1494 1260 1706 1332 Moyses
1729 1262 1994 1316 faciem“.

431 1354 540 1410 Vos
578 1369 790 1424 quoque
828 1354 1162 1408 dilectissimi
1198 1354 1326 1416 mei,
1361 1352 1406 1406 si
1449 1352 1754 1420 abjeceritis
1783 1364 1812 1406 a
1845 1354 1996 1408 vobis

431 1447 618 1502 caduci
645 1446 826 1500 mundi
857 1444 1014 1513 hujus
1043 1445 1199 1507 bona,
1229 1443 1319 1514 qui
1350 1452 1431 1498 est
1459 1451 1604 1498 terra
1632 1453 1992 1508 mortuorum,

429 1534 881 1606 quemadmodum
928 1547 1050 1586 eum
1102 1531 1413 1600 abjecerunt
1445 1531 1480 1585 ii
1522 1547 1748 1601 quorum
1793 1535 1998 1587 mentio

431 1627 728 1696 praecessit,
769 1626 922 1680 llrma
981 1625 1053 1678 sit
1097 1639 1220 1695 spes
1271 1634 1470 1692 vestra,
1511 1623 1652 1693 quod
1705 1638 1735 1677 a
1769 1623 1999 1678 Domino

431 1716 746 1772 obtinebitis
792 1715 931 1770 bona
960 1713 1011 1768 in
1058 1723 1201 1769 terra
1238 1714 1547 1769 viventium.
1584 1713 1758 1768 Nolite
1787 1714 1986 1783 itaque,

2093 551 2149 602 in
2193 547 2425 602 nobis“.
2473 547 2669 601 Paulus
2701 546 2861 599 etiam
2903 544 3171 612 aposmlus
3213 541 3475 612 perfectus
3502 552 3618 614 pra:-

2087 640 2254 707 ceptis
2287 653 2406 706 quae
2451 645 2775 708 pra-ceperat
2809 636 2856 689 ei
2889 634 3166 699 Dominus,
3198 649 3320 687 cum
3354 635 3622 691 humilitate

2088 728 2221 781 dixit
2252 746 2264 781 :
2299 725 2501 780 Factus
2539 742 2649 778 sum
2687 742 2802 778 cum
2833 740 2934 776 non
2963 725 3178 776 habente
3206 722 3385 792 legem,
3407 731 3623 791 tanquam

2088 818 2249 888 legem
2277 834 2378 872 non
2402 818 2628 880 habens;
2659 819 2733 870 ita
2763 825 2820 870 ut
2848 817 2961 870 sine
2982 814 3088 883 tege
3115 813 3306 881 factus,
3327 814 3624 876 lucrifaciam

2089 924 2175 962 eos
2201 907 2293 975 qui
2327 922 2426 959 non
2450 907 2638 959 habent
2671 905 2920 973 legent".
2949 902 3058 955 Nec
3087 912 3347 970 praeterea
3377 901 3537 956 factus
3558 912 3627 956 est

2089 996 2378 1064 Apostolus
2415 1003 2564 1049 extra
2597 1009 2747 1048 suam
2777 992 3181 1060 perfectionem,
3208 989 3623 1058 quemadmodum

2094 1099 2266 1153 neque
2300 1092 2383 1138 est
2433 1082 2608 1137 factus
2637 1082 2896 1135 Dominus
2929 1088 3079 1134 extra
3121 1093 3275 1134 suam
3323 1079 3625 1136 divinitatem

2095 1191 2190 1245 per
2222 1191 2373 1230 suam
2407 1175 2853 1237 incarnationem,
2889 1187 3010 1241 qua:
3037 1172 3260 1226 omnino
3285 1172 3333 1226 ei
3361 1173 3628 1225 necessaria

2093 1275 2230 1329 erat,
2276 1266 2434 1320 sicuti
2484 1265 2681 1319 dicitur
2707 1246 2762 1317 in
2796 1263 2926 1332 lege,
2976 1271 3032 1316 et
3081 1271 3141 1316 ut
3188 1263 3441 1330 scriptum
3483 1264 3627 1316 estin

2098 1356 2406 1427 Evangelia,
2439 1355 2580 1423 quod
2625 1351 2844 1407 Verbum
2873 1368 2998 1406 caro
3029 1353 3232 1420 factum
3260 1359 3358 1414 est,
3384 1363 3429 1404 et
3452 1352 3628 1405 habita-

2096 1447 2165 1499 vit
2192 1447 2247 1499 in
2274 1443 2442 1499 nobis.
2466 1443 2633 1513 Igitur
2653 1441 2940 1511 Apostolus
2968 1450 3086 1496 erat
3117 1441 3169 1494 in
3193 1455 3290 1495 sua
3316 1440 3626 1510 perfectione,

2099 1537 2356 1606 quoniam
2401 1536 2633 1603 primum
2677 1533 2940 1592 liberatus
2981 1542 3064 1586 est
3113 1535 3181 1585 ab
3207 1531 3452 1586 omnibus
3479 1531 3626 1584 malis.

2103 1629 2353 1685 Secundo
2397 1628 2556 1682 nullis
2592 1627 2846 1694 deinceps
2883 1624 3164 1680 inservivit
3195 1623 3628 1693 concupiscentiis,

2101 1735 2164 1774 eo
2195 1719 2334 1789 quod
2365 1719 2644 1787 religiosus
2669 1717 2841 1771 factus
2859 1724 3028 1770 esset.
3059 1713 3361 1770 Novissime
3382 1727 3500 1768 vero
3521 1713 3632 1767 liber

433 1806 581 1862 ﬁlioli
633 1806 739 1861 mei
781 1803 1070 1868 benedicti,
1121 1812 1368 1872 satagere
1414 1804 1629 1873 placere
1685 1804 1998 1858 hominibus
2031 1811 2073 1865 Β
2105 1806 2330 1861 cll‘ectus
2362 1814 2444 1861 est
2477 1806 2671 1861 intuitu
2715 1805 2926 1858 Domini
2958 1802 3084 1858 Jesu
3118 1801 3354 1866 Christi;
3389 1816 3488 1871 quo
3521 1802 3629 1864 risu,

431 1897 527 1968 qui
556 1905 683 1954 sunt
723 1896 776 1951 in
813 1896 1034 1966 regione
1058 1901 1412 1960 mortuorum,
1440 1909 1505 1950 ne
1532 1895 1668 1950 forte
1694 1893 1802 1948 Deo
1828 1894 1880 1948 in
1914 1910 2000 1949 re-

433 1990 593 2056 gione
633 1987 925 2042 viventium
955 1985 1170 2055 placere
1205 1984 1503 2056 nequealis.
1547 1983 1774 2040 Obteuta'
1817 1991 1999 2039 autem

431 2078 702 2135 solutione
746 2091 777 2131 a
825 2079 1018 2133 vestris
1084 2078 1352 2146 peccatis,
1398 2075 1561 2130 nolite
1603 2076 2001 2145 vobismetipsis

433 2184 656 2239 parcere
683 2168 806 2234 soli,
840 2183 910 2224 ne
952 2168 1274 2237 impotentes
1299 2167 1408 2222 sint
1449 2167 1782 2237 pmnitentiae
1808 2180 2002 2224 vestrae

435 2260 673 2329 fructus;
707 2276 894 2316 verum
932 2260 1212 2315 imitemini
1254 2260 1528 2314 doctorem
1560 2260 1709 2313 orbis
1738 2269 1999 2315 terrarum

434 2349 659 2404 Paulum
680 2350 1000 2419 apostolum,
1029 2349 1120 2418 qui
1146 2359 1428 2419 postquam
1455 2351 1757 2419 pepercerit
1783 2352 1830 2406 ei
1862 2351 2002 2405 Deus

437 2437 745 2504 apparendo
783 2436 882 2503 illi,
927 2451 1160 2506 eumque
1202 2438 1544 2506 alloquendo,
1595 2439 1812 2494 sibimet
1857 2440 2002 2495 solus

437 2542 542 2582 non
579 2527 836 2596 pepercit,
866 2541 963 2582 nec
1007 2527 1244 2596 pristina:
1269 2529 1468 2584 oblitus
1491 2538 1574 2584 est
1598 2529 1841 2584 stultitiae
1869 2545 2002 2595 sum,

435 2613 589 2682 cujus
625 2613 882 2668 Dominus
929 2627 1028 2668 sua
1065 2615 1436 2669 misericordia
1481 2614 1682 2670 oblitus
1725 2625 1864 2681 erat,
1909 2617 2004 2669 sed

437 2703 514 2762 ait
540 2719 554 2755 :
589 2700 939 2771 Persequebar
969 2701 1258 2757 Ecciesiam
1287 2702 1381 2757 Dei
1401 2704 1442 2737 ¹⁹
1467 2722 1481 2758 :
1508 2713 1560 2758 et
1585 2705 1669 2759 his
1696 2703 1914 2758 similia.
1942 2704 2007 2758 Et

442 2792 700 2848 Dominus
730 2801 918 2847 noster
945 2792 1105 2848 Jesus
1125 2792 1374 2852 Christus
1406 2795 1676 2852 custodiat
1714 2810 1808 2852 vos
1831 2795 1882 2850 in
1906 2811 2005 2851 sua

439 2883 753 2941 obedientia
779 2884 832 2940 in
867 2891 1150 2942 attentum.
1177 2886 1374 2942 Amen.

958 2997 1288 3056 EPISTOLA
1321 2999 1483 3058 XVII.

1142 3091 1284 3146 Dixit
1299 3105 1318 3145 :

519 3181 746 3248 Scitote,
771 3182 925 3239 ﬁlioli
959 3182 1085 3249 mei,
1120 3199 1224 3238 non
1250 3198 1373 3238 eum
1399 3197 1520 3239 esse
1557 3184 1889 3256 religiosum,
1917 3186 2005 3255 qui
2033 3163 2076 3220 (ἶ

440 3273 498 3328 in
534 3290 636 3328 una
664 3281 974 3342 perseverat
1011 3287 1106 3337 re;
1151 3287 1326 3341 neque
1353 3287 1474 3326 eum
1503 3274 1593 3342 qui
1621 3290 1781 3327 unam
1808 3275 2011 3342 ample-

439 3365 607 3420 ctitur
637 3377 774 3428 rem,
799 3363 1073 3420 adversari
1107 3363 1316 3418 virtuti.
1361 3363 1417 3418 Si
1443 3365 1588 3419 enim
1623 3366 1812 3435 religio
1842 3366 2010 3434 gloria

439 3465 524 3510 est
547 3455 782 3519 virtutis,
814 3453 964 3508 multi
1003 3453 1219 3524 quidem
1247 3453 1372 3509 ntali
1401 3456 1447 3510 ei
1472 3456 1848 3511 adversantur.
1883 3457 2012 3523 Qui-

443 3558 658 3613 cunque
706 3558 836 3612 ergo
883 3542 998 3597 vult
1044 3541 1315 3608 perfectus
1365 3558 1486 3598 esse
1537 3545 1589 3597 in
1637 3544 2006 3612 religiositate,

443 3636 572 3692 nulli
613 3635 828 3704 penitus
875 3634 1132 3689 inserviat
1179 3635 1342 3689 malo.
1381 3635 1594 3690 Etenim
1620 3637 1711 3705 qui
1739 3637 1898 3692 alicui
1928 3637 2012 3690 in-

442 3729 610 3784 servit
637 3726 802 3790 malo,
839 3726 995 3795 longe
1023 3726 1264 3795 profecto
1306 3729 1470 3782 distat
1514 3743 1544 3782 a
1585 3730 1816 3782 termino
1841 3729 2015 3798 perfe-

443 3817 658 3872 ctionis.
686 3817 818 3872 Nam
852 3816 1110 3886 perfectio
1147 3826 1251 3881 est,
1290 3827 1350 3872 ut
1382 3818 1616 3872 dicitur:
1648 3817 1800 3873 Liber
1844 3820 2014 3888 factus

441 3923 560 3963 sum
613 3906 678 3961 ab
731 3909 990 3970 omnibus,
1041 3918 1101 3960 ut
1158 3907 1335 3976 plures
1377 3909 1818 3976 lucrifacerem”.
1863 3909 2014 3975 Quod

443 3997 658 4068 quidem
701 3997 903 4054 dictum
943 3998 1139 4052 asserit
1182 3997 1380 4052 Paulus
1431 3999 1725 4067 apostolus,
1767 4013 1832 4054 eo
1871 4001 2014 4069 quod

444 4088 588 4142 malo
633 4087 851 4142 minime
899 4094 1032 4143 tunc
1071 4087 1347 4159 subjectus
1383 4099 1522 4153 erat,
1558 4099 1650 4143 aut
1673 4090 1774 4144 sibi
1808 4089 2014 4145 dimissi

444 4177 675 4247 amplius
699 4187 815 4232 erat
839 4179 1111 4234 conscius.
1139 4179 1273 4234 Cum
1304 4189 1485 4234 autem
1518 4179 1654 4234 liber
1683 4181 1855 4235 factus
1874 4189 2019 4236 esset

444 4283 478 4323 a
507 4267 669 4335 malo,
692 4275 745 4323 ct
770 4283 942 4338 usque
966 4271 1033 4324 ad
1063 4270 1225 4324 linem
1254 4279 1399 4325 esset
1447 4271 1769 4337 vindicatus,
1808 4271 2017 4342 rogavit

443 4371 546 4428 pro
574 4357 876 4413 humilitate
918 4357 1208 4412 multorum
1260 4359 1350 4428 qui
1403 4359 1547 4414 malo
1593 4375 1712 4416 sese
1750 4361 2018 4429 subjicere

444 4445 716 4510 volebant,
742 4455 797 4501 et
823 4460 854 4499 a
886 4457 1109 4515 peccato
1131 4460 1350 4501 suorum
1375 4446 1639 4500 malorum
1666 4461 1785 4502 sese
1805 4448 2017 4516 eripere

2109 1899 2290 1952 statim
2331 1903 2549 1952 secutus
2590 1906 2675 1950 est
2701 1897 2830 1964 .ejus
2876 1895 3020 1951 dicta
3054 1895 3175 1951 sine
3207 1910 3378 1961 mora,
3410 1905 3461 1951 et
3491 1893 3633 1949 factus

2107 2000 2190 2044 est
2213 2003 2422 2044 summe
2451 1987 2690 2044 humilis.

2181 2101 2440 2158 Similiter
2483 2115 2671 2156 omnes
2703 2100 2792 2170 qui
2837 2099 3238 2168 amplectuntur
3269 2099 3407 2153 dicta
3436 2097 3632 2158 Domini,

2108 2205 2435 2266 cognoscunt
2467 2194 2784 2258 veritatem;
2821 2195 3020 2248 veritas
3051 2208 3182 2248 vero
3209 2192 3403 2246 liberos
3438 2204 3521 2245 eos
3545 2186 3634 2252 elli-

2107 2289 2200 2352 cit,
2232 2295 2284 2341 et
2311 2286 2520 2340 animas
2544 2299 2730 2338 eorum
2762 2285 2922 2354 eripit
2949 2285 3016 2338 ab
3040 2284 3190 2338 omni
3223 2282 3382 2344 malo,
3411 2280 3632 2352 quemad-

2109 2376 2326 2430 modum
2356 2374 2526 2428 factus
2553 2383 2638 2427 est
2660 2372 2857 2427 Paulus
2903 2371 3215 2442 apostolus;
3251 2369 3440 2424 etenim
3471 2367 3635 2422 libera-

2114 2477 2197 2522 tor
2229 2474 2428 2530 noster,
2449 2465 2676 2520 liberum
2707 2463 2853 2520 illum
2880 2460 3162 2528 exhibuit;
3194 2461 3417 2529 ideoque
3439 2458 3556 2512 dixit
3581 2457 3634 2508 de

2111 2554 2443 2624 semetipso:
2479 2553 2666 2608 Nonne
2707 2551 2836 2605 liber
2894 2549 3054 2604 sum?
3109 2565 3285 2604 annon
3358 2547 3456 2602 uidi
3487 2544 3634 2598 Domi-

2112 2661 2235 2699 num
2263 2659 2457 2708 meum,
2487 2643 2641 2696 sicuti
2679 2641 2915 2696 viderunt
2945 2637 3092 2692 illum
3135 2639 3219 2690 illi
3245 2636 3485 2707 primi“?
3514 2632 3633 2689 Ilulti

2113 2744 2291 2789 autem
2327 2735 2510 2788 dicunt
2543 2733 2596 2786 in
2645 2731 2874 2786 stultitia
2924 2744 3059 2783 sua:
3092 2727 3335 2783 Vidimus
3363 2728 3530 2795 utique
3553 2724 3634 2777 Do-

2115 2826 2314 2878 minum
2357 2823 2540 2878 Jcsum
2585 2824 2887 2887 Christum,
2936 2822 3076 2877 sicut
3125 2819 3374 2890 apostoli.
3420 2817 3509 2886 Qui
3538 2815 3634 2886 qui«

2115 2915 2258 2976 dem,
2279 2912 2421 2966 filioli
2449 2912 2573 2975 mei,
2596 2911 2935 2980 decipiuntur
2956 2920 3010 2966 et
3035 2911 3384 2974 seducuntur,
3408 2917 3458 2962 et
3487 2904 3634 2960 oculos

2116 3018 2220 3057 non
2266 3002 2466 3057 habent
2512 3002 2706 3070 quibus
2740 3001 2976 3065 videant,
3019 3001 3184 3055 sicuti
3239 3000 3368 3054 vidit
3398 2995 3634 3068 Apostolus

2116 3091 2418 3146 Dominum.
2438 3091 2646 3146 Etenim
2666 3091 2958 3159 Apostolus
2985 3091 3118 3146 vidit
3153 3090 3453 3152 Dominum,
3481 3100 3632 3156 quem-

2110 3182 2395 3235 admodum
2432 3181 2682 3235 videbant
2705 3181 2853 3234 illum
2875 3182 3100 3250 apostoli
3123 3181 3219 3250 qui
3260 3195 3378 3235 cum
3400 3193 3458 3234 eo
3491 3183 3632 3237 erant,

2109 3280 2163 3324 et
2188 3271 2278 3338 qui
2305 3270 2643 3325 crediderant
2672 3270 2724 3324 in
2753 3269 2902 3324 illum
2927 3285 2992 3324 eo
3021 3279 3287 3340 tempore,
3315 3269 3512 3338 quando
3535 3279 3626 3317 am-

2113 3361 2331 3415 bulabat
2363 3361 2756 3429 circumseptus
2798 3363 2969 3417 turbis
3001 3377 3121 3432 qua:
3154 3364 3405 3418 videbant
3443 3359 3567 3414 illum
3590 3361 3634 3408 ut

2114 3452 2404 3506 hominem.
2453 3451 2622 3517 Quem
2677 3467 2798 3506 cum
2852 3452 3079 3507 vidisset
3127 3467 3250 3521 qua:
3292 3461 3403 3508 erat
3441 3449 3486 3504 in
3519 3447 3634 3502 ﬂuxu

2113 3543 2388 3612 sanguinis
2433 3541 2604 3597 oculis
2651 3543 2830 3597 cordis
2875 3545 2980 3609 sui,
3026 3552 3080 3596 et
3115 3544 3344 3598 credidit
3381 3541 3512 3596 illum
3541 3548 3636 3592 esse

2117 3633 2309 3696 Deum,
2335 3641 2389 3685 et
2417 3631 2596 3699 tetigit
2620 3647 2740 3685 cum
2768 3631 2871 3685 llde
2893 3643 3197 3686 extremum
3224 3629 3508 3687 vestimenti
3528 3626 3633 3692 eius.

2113 3724 2334 3778 liberata
2367 3732 2468 3778 est.
2502 3723 2620 3792 Ipse
2651 3732 2831 3778 autem
2859 3723 2993 3777 dixit
3019 3741 3032 3777 :
3061 3721 3194 3787 Quis
3229 3724 3392 3792 tetigit
3419 3716 3634 3775 mettica

2113 3815 2255 3884 quod
2289 3814 2580 3884 ignoraret,
2625 3815 2718 3868 sed
2759 3823 2818 3868 ut
2863 3814 3206 3869 manifestam
3244 3815 3437 3869 faceret
3460 3812 3561 3880 ejus
3587 3808 3636 3860 ﬁ-

2115 3905 2258 3962 dem.
2293 3903 2472 3972 Quare
2499 3903 2633 3959 dixit
2661 3905 2706 3958 ci
2741 3903 2932 3958 Petrus
2958 3921 2974 3960 :
3005 3904 3182 3959 Turba
3211 3916 3258 3959 te
3284 3905 3475 3974 premit,
3503 3910 3544 3955 et
3570 3898 3633 3950 di-

2115 3998 2187 4051 cis
2218 4011 2236 4049 :
2267 3996 2398 4062 Quis
2440 4013 2519 4050 me
2561 3996 2774 4065 tetigit?
2802 3996 3152 4052 Manifestans
3185 4008 3362 4053 autem
3404 3997 3504 4058 illa,
3527 3989 3636 4060 quod

2117 4095 2304 4141 sanata
2340 4096 2505 4152 esset,
2535 4087 2672 4141 dixit
2697 4088 2744 4140 ei
2777 4087 3033 4142 Dominus
3062 4106 3075 4142 :
3117 4087 3264 4142 Vade
3297 4089 3349 4141 in
3375 4100 3507 4154 pace,
3532 4081 3634 4150 ﬁdet

2123 4186 2214 4231 tua
2251 4177 2449 4231 salvam
2478 4186 2528 4230 te
2557 4178 2677 4247 fecit
2693 4177 2760 4234 ³⁸.
2787 4177 3048 4233 Similiter
3067 4176 3297 4244 Pilatus,
3318 4180 3460 4233 Anna
3484 4185 3529 4231 et
3547 4171 3636 4227 Cai-

2120 4269 2253 4337 phas
2288 4269 2539 4323 viderunt
2573 4268 2878 4334 Dominum,
2912 4269 3005 4324 sed
3039 4278 3096 4323 ut
3129 4269 3332 4345 reliqua
3361 4266 3516 4324 turba,
3547 4273 3638 4330 qua

2120 4360 2513 4416 videbatillnm
2546 4363 2663 4417 sine
2697 4362 2819 4427 fide,
2851 4371 2905 4416 et
2935 4375 3039 4415 non
3075 4361 3220 4415 sicut
3253 4360 3486 4414 viderunt
3521 4353 3636 4408 illum

2119 4451 2344 4520 apostoli
2380 4470 2394 4507 :
2429 4452 2632 4508 idcirco
2684 4452 2885 4506 nullam
2946 4451 3136 4505 lucrati
3195 4461 3320 4504 sunt
3368 4447 3637 4503 utilitatem.

447 4535 667 4591 minime
694 4536 972 4601 valebant,
1013 4551 1135 4591 cum
1167 4545 1422 4604 expertes
1459 4547 1642 4593 essent
1675 4539 1893 4593 virtutis
1931 4538 2014 4593 di-
2050 4518 2093 4573 θ
2124 4518 2264 4610 quod
2294 4541 2445 4596 illum
2475 4541 2756 4597 vidissent.
2780 4542 2851 4594 At
2871 4539 3158 4610 Apostolus
3182 4539 3313 4592 vidit
3345 4536 3481 4592 illum
3505 4529 3638 4587 oculis

445 4625 620 4682 cetttis
662 4627 716 4682 in
769 4626 982 4682 Psalmo
1006 4644 1021 4682 :
1046 4628 1422 4697 Dirumpantus
1464 4628 1671 4681 uincula
1710 4644 1913 4693 eorum,
1968 4638 2016 4684 et

446 4715 788 4784 proiiciantur
830 4731 865 4769 a
901 4716 1052 4770 nobis
1073 4717 1261 4786 jugum
1305 4718 1614 4785 ipsorum“.
1655 4717 1790 4772 Cum
1839 4728 2017 4775 autem

452 4805 682 4862 vidisset
701 4805 898 4862 Paulus
919 4809 1191 4876 apostolus
1206 4809 1490 4864 Domi-num
1514 4808 1696 4866 Jesum
1720 4810 2016 4879 Christum,

450 4897 678 4967 adeptus
721 4907 808 4952 est
854 4899 1270 4968 perfectionem;
1322 4910 1542 4970 tumque
1585 4901 1880 4972 opitulatus
1935 4912 2019 4958 est

450 4989 858 5060 impotentibus,
907 5002 966 5046 ut
1000 4995 1348 5062 pervenirent
1393 4999 1460 5050 ad
1504 4995 1665 5050 linem
1702 5007 1756 5049 et
1802 5011 2016 5053 sursum

449 5092 736 5154 pergerent
763 5098 780 5138 :
807 5083 912 5138 hoc
938 5093 1118 5138 autem
1164 5084 1329 5140 nimia
1373 5084 1492 5154 ejus
1529 5086 1833 5142 humilitate
1862 5087 1916 5141 in
1947 5087 2020 5142 si-

449 5171 807 5228 militudinem
836 5171 1048 5229 Domini
1077 5175 1246 5229 nostri
1273 5173 1403 5229 Jesu
1431 5176 1656 5241 Christi,
1685 5177 1778 5246 qui
1812 5177 2016 5248 ingenti

451 5260 754 5316 humilitate
797 5275 953 5316 suam
987 5260 1319 5316 divinitatem
1369 5262 1702 5316 humanitate
1757 5262 2019 5331 pertexit;

451 5350 814 5420 videbamque
849 5351 995 5407 illum
1037 5361 1096 5408 ut
1133 5352 1432 5417 hominem,
1464 5367 1586 5408 cum
1622 5367 1726 5409 non
1761 5355 1831 5409 sit
1859 5355 2022 5410 homo

2124 4631 2305 4686 cordis
2331 4631 2413 4686 sui
2445 4645 2650 4700 suaque
2674 4630 3002 4685 validissima
3039 4629 3163 4695 fide,
3199 4632 3338 4685 sicut
3375 4625 3497 4680 vidit
3521 4621 3637 4676 illum

2125 4738 2245 4792 quae
2275 4731 2392 4779 erat
2439 4724 2490 4777 in
2539 4723 2684 4776 ﬂuxu
2733 4721 3031 4792 sanguinis,
3078 4729 3133 4776 et
3177 4722 3349 4792 tetigit
3385 4717 3517 4773 illum
3544 4724 3638 4766 cum

2128 4814 2253 4878 lide,
2279 4823 2332 4869 et
2361 4823 2549 4869 sanata
2581 4822 2684 4869 est.
2714 4812 2782 4867 Et
2823 4813 3276 4882 quemadmodum
3305 4805 3531 4881 apparuit
3566 4799 3638 4855 Do-

2129 4903 2307 4958 minus
2352 4915 2540 4959 noster
2589 4903 2746 4959 Jesus
2793 4903 3043 4959 Christus
3086 4902 3330 4974 apostolo
3375 4897 3524 4954 Paulo
3549 4895 3639 4962 ροςι

2127 5002 2410 5061 superatas
2439 4993 2736 5063 passiones,
2792 4992 3133 5063 liberumque
3162 4993 3308 5047 illum
3337 4987 3517 5046 effecit.
3542 4975 3637 5034 Pari

2125 5084 2342 5154 quidem
2387 5086 2595 5139 ratione
2641 5085 2947 5154 quicunque
2993 5083 3130 5140 liber
3171 5084 3232 5139 tit
3276 5098 3304 5138 a
3332 5073 3638 5152 passioniiius,

2129 5174 2414 5230 Dominum
2459 5174 2658 5230 videbit
2685 5175 2868 5230 cordis
2895 5176 2977 5230 sui
3007 5174 3202 5240 oculis,
3233 5176 3394 5242 titque
3435 5167 3578 5227 liber;
3599 5164 3637 5210 al

2128 5266 2318 5320 videre
2347 5280 2453 5320 non
2491 5265 2634 5320 valet
2671 5265 2843 5321 oculis
2867 5267 3142 5334 corporeis
3170 5266 3346 5320 lumen
3370 5260 3487 5315 illud
3504 5252 3636 5322 splen

2133 5356 2492 5421 didissimum,
2538 5357 2680 5426 quod
2715 5356 2849 5411 vidit
2892 5355 3094 5412 Paulus
3124 5354 3409 5426 apostolus.
3446 5347 3514 5401 Illi
3544 5351 3638 5426 vent

457 5450 688 5508 tantum,
717 5442 812 5496 sed
835 5443 976 5500 Deus
1011 5445 1364 5512 humanatus,
1392 5444 1689 5500 secundum
1721 5447 1862 5514 quod
1889 5445 2026 5501 scri-
2131 5445 2222 5512 qui
2276 5447 2484 5499 animas
2529 5424 2656 5501 suas
2709 5446 2973 5501 seducunt
3023 5424 3189 5515 atque
3231 5440 3503 5511 decipiunt.
3531 5424 3636 5499 ρυοδ

523 5623 568 5656 ¹¹
588 5623 784 5698 Δἢίεξιιιι.
821 5641 939 5682 xm.
966 5627 1061 5698 ‘44.
1136 5628 1177 5698 Ψ
1210 5627 1376 5698 Exod.
1404 5642 1587 5698 xxxiv,
1615 5626 1703 5698 29.
1729 5628 1816 5698 '50,
1878 5627 1936 5698 7"
1971 5626 1990 5680 Ι

2112 5643 2145 5698 ῗ·
2178 5643 2267 5693 XV.
2294 5628 2346 5693 9;
2421 5627 2597 5684 Galat.
2635 5645 2670 5694 ι,
2703 5630 2785 5686 15.
2860 5627 3082 5687 "lCor.
3115 5645 3193 5698 Ix,
3228 5626 3309 5683 l9.
3383 5623 3422 5657 "
3445 5613 3561 5683 Psal.
3591 5621 3635 5668 II.

454 5691 509 5748 3.
585 5694 630 5724 ”
655 5692 811 5752 Joan.
844 5711 882 5757 ι,
918 5696 1004 5752 14.
1083 5698 1128 5730 ³³
1153 5697 1174 5751 ι
1200 5696 1324 5754 Cor.
1355 5712 1432 5758 nt,
1464 5691 1581 5750 271.»
1634 5697 1678 5728 “
1709 5697 1838 5751 ibid.
1868 5697 1916 5750 1.

2030 5700 2074 5729 ³⁸
2107 5697 2238 5755 Luc.
2273 5714 2384 5762 vui,
2421 5698 2519 5763 45,
2550 5701 2642 5756 48.
