3872 6278
277 360 410 420 1041

1277 363 1335 420 S.
1377 361 1662 420 ANTONII
1703 363 1772 419 Μ.
1819 360 2114 417 ABBATIS
2154 355 2536 418 EPISTOLA‘I.

3392 353 3534 411 1049

275 487 413 529 sane
449 473 740 530 maximum
781 483 867 531 est
911 478 1134 545 malum,
1188 483 1448 551 consequi
1480 481 1720 552 profecto
1753 496 1850 536 ue-

1974 480 2234 551 iignorum
2269 476 2748 547 perpetrationem.
2780 472 2976 545 Utique
3008 471 3214 536 sciatis,
3241 471 3387 528 lllioli
3408 474 3537 543 mei,

277 571 484 632 queunt
505 579 699 633 panem
724 566 847 622 vita:
874 586 886 622 :
911 568 1222 640 quippe-qui
1247 572 1632 628 obtenebratos
1657 575 1856 630 habent

277 652 489 716 oculos,
518 667 620 708 nec
649 654 860 722 placent
879 657 1010 724 Deo,
1029 672 1190 728 quem
1219 661 1447 718 adorant
1470 677 1660 718 omnes
1683 665 1855 719 sancti

279 742 335 796 in
356 743 522 799 corde
545 760 643 800 suo
663 761 895 818 eumque
918 751 1194 808 intuentur
1217 770 1232 807 :
1257 754 1342 810 his
1367 770 1596 825 namque
1621 767 1674 810 et
1700 757 1855 812 simi-

278 830 421 888 libus
436 849 562 918 sese
582 836 839 894 Dominus
861 842 1101 910 exhibet,
1126 859 1250 900 cum
1276 846 1496 903 minime
1519 848 1858 917 passionibus

277 922 390 977 sint
429 924 680 994 subjecti.
716 927 988 998 Scriptum
1036 935 1180 990 enim
1221 945 1306 992 est
1345 938 1422 993 sic
1460 938 1526 994 de
1561 938 1696 994 lsaia
1730 953 1856 1008 pro-

279 1014 469 1084 pheta,
509 1018 652 1086 quod
709 1019 970 1080 Dominus
1015 1041 1124 1082 non
1171 1037 1255 1083 est
1296 1043 1545 1088 reversus
1597 1049 1859 1102 apparere

281 1107 580 1176 prophetae,
617 1125 682 1168 eo
739 1115 882 1182 quod
928 1130 1031 1170 non
1067 1119 1497 1188 reprehendisset
1547 1122 1731 1178 Oziam
1775 1141 1858 1179 re-

280 1212 426 1266 gem,
459 1210 516 1256 et
539 1201 824 1260 interdicta
858 1217 942 1262 est
967 1208 1043 1264 illi
1074 1211 1370 1280 prophetia.
1401 1214 1530 1269 Post
1555 1214 1700 1270 Ozias
1727 1232 1858 1272 vero

283 1286 493 1378 obitum
541 1296 790 1365 apparuit
833 1297 882 1352 ei
922 1299 1147 1370 angelus
1200 1303 1433 1370 Domini,
1474 1308 1860 1378 mundavilque

285 1377 432 1433 illum
461 1382 648 1449 prunis
677 1391 733 1438 et
757 1383 1049 1455 forcipibus
1076 1389 1266 1459 igneis.

357 1467 539 1536 Quare
551 1472 768 1536 scitote,
787 1476 928 1542 quod
947 1476 1228 1535 demortuo
1251 1480 1305 1536 in
1324 1481 1427 1537 hoc
1452 1481 1670 1538 homine
1695 1499 1861 1556 regno

286 1558 514 1626 peccati,
538 1571 758 1629 apparet
783 1562 922 1618 Deus
949 1567 1163 1632 animae,
1198 1567 1455 1637 illamque
1485 1586 1608 1627 cum
1633 1588 1861 1643 corpore

283 1649 563 1708 emundat.
614 1651 670 1706 Si
709 1667 838 1709 vero
871 1670 1093 1726 regnum
1129 1661 1335 1728 peccati
1365 1663 1496 1718 vivit
1529 1665 1580 1718 iu
1612 1679 1857 1733 corpore,

286 1751 419 1795 sane
449 1740 639 1812 nequit
669 1743 832 1798 homo
880 1746 1063 1804 videre
1089 1748 1254 1807 Deum
1281 1769 1294 1806 :
1323 1755 1519 1808 etenim
1555 1755 1731 1808 anima
1762 1771 1860 1825 po-

1963 573 2063 627 hos
2095 572 2185 628 Dei
2217 573 2397 627 varios
2425 578 2672 641 aspectus
2721 567 3158 638 imperfectorum
3189 569 3348 630 ease,
3374 564 3536 619 sicuti

1963 662 2256 717 videntium
2289 663 2342 716 in
2377 663 2599 732 speculo
2630 677 2644 713 :
2681 659 2843 727 atqui
2871 665 3233 728 pervenerunt
3263 655 3330 710 ad
3361 654 3542 726 perfe—

1965 754 2222 820 ctionem,
2249 753 2432 809 cordis
2459 767 2645 809 eorum
2674 751 2991 820 aperiuntur
3019 747 3182 811 oculi,
3206 756 3543 818 apparetque

1963 844 2070 900 illis
2093 845 2382 898 maximum
2416 843 2598 898 lumen
2629 856 2752 897 cum
2780 842 2963 910 requie
2982 840 3099 896 sine
3129 838 3330 893 labore.
3359 837 3542 904 Quan-

1966 935 2253 1006 doquidem
2287 937 2339 990 in
2372 936 2736 1006 perfecturum
2785 934 2955 988 oculis
3002 931 3136 987 nihil
3176 940 3420 985 remanet
3450 945 3540 984 re-

1964 1027 2341 1096 prehensionis
2363 1026 2569 1096 peccati
2610 1034 2701 1080 aut
2746 1026 3114 1086 tenebrarum,
3141 1021 3394 1091 quoniam
3419 1019 3540 1074 haec

1965 1121 2070 1174 duo
2091 1120 2133 1174 si
2169 1119 2316 1173 cordi
2355 1117 2513 1172 insita
2551 1116 2680 1182 sint,
2710 1128 3048 1184 nequaquam
3091 1112 3285 1167 animm
3308 1110 3538 1181 permit—

1968 1218 2084 1263 tunt
2122 1210 2304 1264 videre
2333 1209 2594 1262 visionem
2626 1205 2974 1276 perfectionis
3011 1219 3130 1273 quae
3156 1212 3234 1258 est
3269 1201 3542 1272 perfecto-

1966 1318 2106 1368 rum,
2133 1300 2307 1368 qualis
2345 1309 2463 1356 erat
2497 1300 2633 1354 visio
2678 1299 2828 1353 Pauli
2887 1307 2941 1353 et
2985 1298 3266 1360 similium,
3322 1295 3389 1350 de
3434 1309 3504 1364 qu

1966 1392 2408 1462 dixitApostolus
2438 1408 2450 1444 :
2499 1390 2661 1445 Vultu
2695 1390 2863 1443 velato
2887 1390 3117 1443 videmus
3159 1388 3386 1458 gloriam
3421 1387 3540 1448 Dei,

1967 1494 2213 1554 tanquam
2241 1488 2329 1557 ιλιιὶ
2351 1485 2484 1538 ridet
2518 1485 2572 1537 in
2601 1480 2832 1552 speculo,
2859 1488 2909 1534 et
2933 1482 3276 1534 immutamur
3304 1495 3335 1532 a
3373 1479 3544 1548 gloria

1964 1576 2018 1627 in
2039 1575 2262 1644 gloriam
2286 1576 2353 1630 '°'.

2038 1667 2169 1721 item
2203 1665 2410 1737 Moyses
2467 1681 2571 1720 non
2619 1661 3025 1733 transmigravit
3055 1661 3122 1716 de
3157 1676 3264 1716 uno
3295 1662 3346 1715 iu
3378 1661 3541 1715 alium

1969 1756 2163 1818 locum,
2195 1771 2370 1826 neque
2396 1759 2462 1811 de
2490 1771 2598 1810 una
2641 1755 2861 1824 regione
2915 1756 2966 1808 in
3022 1753 3209 1816 aliam,
3243 1753 3335 1806 sed
3369 1761 3546 1805 trans-

288 1826 391 1888 sita
422 1829 588 1884 estin
618 1833 876 1899 tenebris,
915 1849 1014 1891 nec
1061 1851 1284 1907 apparet
1314 1841 1366 1894 in
1410 1857 1474 1896 ea
1507 1842 1687 1898 lumen
1718 1849 1859 1913 quod
1892 1835 1936 1894 Β
1966 1848 2214 1918 migravit
2271 1847 2751 1917 transmigratione
2823 1857 3009 1915 aperte
3075 1844 3333 1898 mirabili.
3394 1841 3542 1896 Vidit

286 1929 371 1976 est
398 1921 534 1979 visio
567 1921 685 1979 Dei.
717 1925 857 1981 Dicit
891 1944 1122 1998 namque
1167 1931 1334 1988 David
1368 1952 1381 1987 ε
1421 1933 1640 1990 Lumine
1668 1947 1757 1991 tuo
1786 1939 1864 1993 vi-

286 2012 522 2069 debimus
569 2015 822 2074 lumen“.
855 2010 992 2086 Quid
1026 2030 1110 2076 est
1139 2034 1316 2079 autem
1373 2027 1475 2080 hoc
1517 2027 1714 2092 lumen,
1756 2046 1864 2098 quo

291 2101 437 2158 videt
476 2103 638 2160 homo
671 2107 890 2164 lumen?
927 2110 1022 2168 Est
1060 2112 1238 2169 lumen
1288 2116 1443 2185 cujus
1485 2120 1731 2174 meminit
1760 2122 1864 2175 Do-

289 2191 469 2249 minus
493 2196 846 2256 nosterJesus
863 2200 1108 2258 Christus
1131 2204 1182 2258 in
1212 2204 1504 2275 Evangelia
1519 2209 1564 2240 ’⁷
1581 2227 1595 2262 :
1611 2211 1818 2266 scilicet
1835 2251 1852 2277 ,

289 2290 350 2336 ut
380 2285 452 2338 sit
479 2286 638 2343 homo
670 2299 814 2346 totus
840 2293 1160 2360 luminosus,
1192 2311 1293 2352 nec
1317 2298 1387 2353 sit
1427 2300 1481 2353 in
1507 2315 1573 2356 eo
1606 2301 1709 2356 ulla
1741 2318 1865 2374 pars

290 2374 596 2434 tenebrosa.
624 2379 692 2435 Et
714 2386 1164 2452 quemadmodum
1190 2389 1324 2443 dixit
1345 2391 1510 2446 etiam
1535 2410 1548 2446 :
1581 2392 1747 2449 Nemo
1776 2412 1866 2450 co-

287 2470 488 2537 gnoscit
521 2470 758 2539 Patrem,
784 2476 886 2530 nisi
910 2475 1106 2544 Filius,
1139 2489 1187 2534 et
1225 2482 1514 2552 cuicunque
1544 2485 1647 2539 uult
1685 2484 1864 2542 Filius

288 2561 707 2630 manifestare".
753 2566 923 2623 Filius
969 2580 1172 2634 autem,
1203 2571 1353 2628 filioli
1383 2575 1509 2640 mei,
1543 2591 1648 2631 non
1685 2580 1863 2633 mani-

290 2651 452 2710 festat
485 2653 701 2712 Patrem
741 2673 898 2712 suum
935 2659 1061 2716 ﬁliis
1106 2663 1472 2730 tenebrarum,
1507 2667 1601 2722 sed
1647 2684 1863 2737 perma-

291 2743 543 2804 nentibus
589 2745 644 2804 in
690 2745 914 2814 lumine,
947 2749 1148 2819 quique
1175 2763 1301 2808 sunt
1329 2753 1424 2809 lilii
1459 2754 1699 2821 luminis,
1733 2774 1866 2827 quo-

291 2847 410 2894 rum
449 2836 672 2896 cordum
709 2840 896 2896 oculos
952 2841 1278 2900 illuminavit
1319 2846 1627 2916 cognitione
1666 2865 1870 2918 praece-

290 2933 527 2994 ptorum.
546 2924 768 2995 Oportet
788 2930 1027 3000 quidem,
1056 2947 1152 2989 nos
1172 2935 1403 3003 primum
1428 2937 1627 2993 imitari
1647 2939 1867 3011 Moysen

291 3016 677 3084 prophetarum
699 3022 1016 3088 maximum,
1039 3034 1098 3078 ut
1125 3024 1467 3084 inveniamus
1491 3029 1714 3100 gloriam
1741 3032 1864 3087 fidei

295 3103 389 3160 Det
434 3105 740 3165 invisibilis.
773 3110 984 3181 Moyses
1027 3113 1171 3170 enim
1204 3129 1325 3172 cum
1363 3116 1539 3174 factus
1569 3130 1713 3176 esset
1742 3120 1865 3177 filim

291 3194 591 3256 Pharaonis
618 3199 782 3264 filius,
807 3211 867 3256 et
889 3216 1013 3257 cum
1054 3204 1305 3262 laborare
1332 3206 1584 3278 elegisset
1614 3226 1736 3266 cum
1771 3227 1868 3282 po-

294 3284 422 3353 pulo
452 3285 568 3352 Dei,
598 3290 828 3359 proiecit
855 3306 887 3346 a
927 3306 987 3346 se
1019 3293 1339 3354 servitutem
1372 3296 1585 3364 plenam
1613 3298 1870 3369 ahjectio-

295 3375 412 3440 nis;
448 3385 504 3431 et
546 3378 814 3436 hactenus
861 3381 1029 3438 Deum
1063 3399 1170 3440 non
1207 3386 1437 3452 viderat,
1486 3403 1608 3444 cum
1637 3399 1784 3446 esset
1815 3393 1868 3446 in

292 3467 555 3524 servitute
581 3486 596 3523 :
619 3478 676 3524 at
703 3471 795 3526 illa
816 3487 1045 3531 excussa
1075 3476 1340 3534 servitute
1371 3493 1492 3547 qua:
1529 3491 1612 3535 est
1638 3482 1869 3538 Pharao-

297 3559 401 3627 nis,
433 3560 570 3618 liber
600 3561 778 3624 fat-tus
819 3574 932 3633 est,
963 3569 1266 3639 meruitque
1307 3569 1495 3628 videre
1528 3573 1720 3628 rubum
1750 3575 1873 3646 igne

295 3665 624 3718 accensum,
671 3653 1072 3716 incombustum
1135 3671 1335 3718 tamen.
1391 3660 1601 3718 Dicitur
1650 3675 1869 3732 autem,

295 3742 443 3812 quod
484 3753 601 3798 erat
637 3759 832 3813 magna
863 3748 1028 3814 visio,
1071 3749 1419 3822 habebatque
1460 3754 1784 3824 principium
1817 3766 1874 3813 et

295 3831 561 3896 visionem
590 3838 831 3906 mysterii
863 3839 1024 3896 medii
1053 3851 1108 3896 et
1135 3841 1320 3900 linem.

367 3922 470 3980 llic
495 3925 713 3995 quidem
746 3928 986 4002 Moyses,
1019 3933 1146 3988 dum
1185 3935 1426 3992 deseruit
1471 3935 1766 4009 IEgyptum
1820 3950 1878 3997 et

295 4015 487 4088 ellugit
519 4019 883 4089 Pharaonem,
917 4025 1390 4098 quadragesimum
1416 4033 1610 4101 agebat
1648 4050 1873 4100 annum,

297 4114 355 4162 et
379 4123 516 4178 opus
549 4123 808 4181 operatus
853 4126 938 4173 est
965 4117 1226 4174 adversus
1277 4118 1618 4178 Pharaonem
1651 4141 1665 4177 :
1706 4141 1876 4195 quare

297 4198 573 4258 solitarius
597 4202 774 4262 factus
803 4217 886 4262 est
925 4208 978 4264 in
1017 4208 1238 4266 deserto
1265 4210 1502 4280 Hadian,
1535 4214 1687 4283 cujus
1711 4217 1878 4271 inter-

299 4291 537 4359 pretatio
565 4303 673 4362 est,
713 4295 858 4356 locus
887 4297 1007 4357 Dei.
1049 4298 1382 4357 Intellectum
1403 4316 1618 4373 quoque
1640 4319 1670 4358 a
1701 4306 1879 4361 multi-

297 4382 486 4440 tudine
516 4398 879 4458 segregatum,
923 4390 1207 4462 solumque
1237 4403 1568 4461 versantem,
1618 4400 1876 4455 corrobo-

299 4474 553 4572 ratDe-us
581 4478 938 4550 stabilemque
984 4481 1167 4548 eﬂicit,
1214 4492 1273 4538 ut
1323 4484 1498 4540 valeat
1551 4502 1794 4556 quaerere
1825 4499 1882 4547 et
1913 4515 1958 4572 ι)

301 4561 631 4636 investigare
659 4582 721 4628 ea
742 4584 861 4637 quae
896 4569 1108 4626 Domini
1139 4582 1292 4638 sunt;
1317 4585 1372 4630 et
1405 4584 1516 4630 tum
1546 4577 1749 4635 videbit
1770 4596 1883 4636 ma-

300 4651 636 4726 gnitudinem
667 4656 884 4713 virtutis
914 4669 968 4714 et
1008 4660 1304 4719 divinitatis
1349 4674 1404 4719 et
1442 4665 1745 4734 splendoris
1766 4669 1882 4738 ejus

300 4739 358 4792 in
393 4742 683 4800 creaturis.
717 4744 926 4817 Itaque,
962 4747 1115 4804 filioli
1148 4751 1273 4819 mei,
1315 4753 1526 4809 initium
1558 4772 1765 4828 magnae
1797 4763 1880 4816 vi-
1939 4751 1941 4754 i

300 4829 473 4887 siouis
501 4841 584 4888 est
620 4836 792 4903 prima
831 4838 988 4903 visio,
1013 4855 1174 4910 quam
1213 4843 1348 4899 vidit
1381 4846 1592 4917 Moyses
1622 4851 1674 4906 in
1708 4855 1878 4908 mira-

303 4920 394 4974 bili
420 4922 768 4992 mirahilium,
809 4929 952 4996 quod
981 4929 1147 4988 rubus
1181 4941 1327 4988 esset
1358 4949 1644 5003 accensus,
1687 4951 1743 4995 et
1769 4959 1874 5000 non

302 5012 731 5072 combureretur.
785 5019 914 5083 Quae
944 5034 1080 5077 sane
1111 5021 1249 5078 visio
1300 5025 1436 5080 satis
1471 5040 1677 5084 remota
1712 5042 1796 5087 est
1847 5049 1878 5090 a

302 5103 655 5172 perfectione.
690 5108 762 5163 At
803 5110 940 5165 visio
989 5114 1208 5168 secundi
1257 5118 1500 5185 mysterii
1531 5129 1614 5175 est
1640 5125 1882 5180 accessio

305 5191 522 5262 propior
562 5193 682 5263 plus
739 5210 901 5266 quam
966 5201 1135 5270 priori
1184 5213 1445 5274 tempore.
1499 5207 1646 5263 Dixit
1679 5214 1822 5267 enim
1862 5233 1877 5269 :

319 5277 537 5349 Vadam,
572 5292 621 5338 et
661 5288 838 5343 videbo
875 5291 1123 5346 uisionem
1169 5294 1305 5349 banc
1344 5313 1583 5367 magnam
1613 5303 1677 5354 ³⁵.
1711 5303 1882 5358 Acce-

307 5372 448 5433 deuti
483 5385 666 5436 autem
696 5377 838 5436 facta
870 5392 956 5438 est
991 5383 1297 5452 collocatio.
1336 5386 1603 5445 Pet-fectio
1635 5406 1760 5446 vero
1791 5405 1874 5454 est

309 5472 422 5538 eius
468 5468 749 5528 humilitas
779 5483 904 5545 post
957 5475 1370 5536 collocutionem
1429 5488 1484 5534 et
1529 5481 1790 5540 visionem
1823 5495 1878 5542 et

1963 1941 2104 1993 enim
2133 1939 2394 1995 visionem
2418 1939 2557 1994 hanc
2578 1954 2846 2008 magnam,
2869 1952 2987 2006 quae
3015 1945 3098 1993 est
3125 1936 3376 1991 accensio
3405 1934 3544 2003 ignis

1963 2028 2016 2083 in
2045 2030 2177 2084 rubo
2227 2030 2345 2086 sine
2374 2028 2769 2091 combustione,
2819 2037 3082 2097 praeterea
3127 2025 3541 2080 collocutionem

1964 2127 2018 2173 et
2065 2119 2349 2174 visionem.
2383 2119 2514 2186 Quae
2571 2119 2793 2188 quidem
2848 2115 3230 2185 contemplatio
3282 2114 3546 2168 mirabilis

1966 2219 2122 2281 typus
2175 2219 2259 2266 est
2312 2209 2556 2281 mysterii
2594 2205 3173 2276 incomprehensibilis.
3217 2205 3282 2259 Et
3316 2205 3430 2260 haec
3463 2213 3548 2259 cst

1966 2303 2394 2373 transmigratio,
2461 2302 2612 2372 cujus
2669 2300 2914 2356 meminit
2979 2297 3175 2353 Paulus
3239 2297 3544 2367 apostolus;

1966 2393 2108 2462 quod
2128 2394 2198 2449 sit
2233 2391 2642 2462 transmigratio
2677 2391 2744 2444 de
2782 2389 2952 2458 gloria
2981 2389 3036 2442 in
3081 2388 3331 2457 gloriam,
3371 2396 3450 2441 et.
3483 2386 3550 2440 de

1967 2485 2072 2538 tide
2107 2483 2159 2539 in
2210 2485 2388 2550 fidem,
2419 2493 2472 2539 et
2501 2483 2568 2538 de
2595 2479 2984 2552 imperfectiori
3023 2479 3223 2533 virtute
3268 2479 3334 2533 ad
3369 2477 3544 2547 perfe-

1967 2575 2192 2630 ctiorem
2257 2575 2535 2629 virtutem.
2590 2573 2720 2640 Quae
2785 2570 3005 2640 quidem
3051 2568 3457 2637 transmigratio
3493 2576 3552 2623 et

1965 2665 2211 2720 accessio
2238 2679 2300 2719 ea
2335 2673 2567 2733 estquae
2597 2677 2696 2717 nos
2729 2661 3166 2732 appropinquare
3205 2659 3329 2714 facit
3364 2658 3548 2714 Domi-

1970 2771 2061 2822 no,
2092 2765 2147 2810 et
2172 2755 2454 2824 acquirere
2488 2753 2754 2809 visionem
2794 2750 3118 2821 cognitionis
3144 2749 3262 2819 ejus
3311 2747 3546 2804 virtutis.

1968 2845 2240 2916 Siquidem
2283 2846 2419 2901 dixit
2474 2845 2619 2900 Deus
2668 2858 2764 2913 per
2805 2843 3040 2913 linguam
3095 2841 3179 2896 sui
3231 2839 3545 2910 prophetae:

1968 2938 2280 2992 Accedentes
2329 2937 2399 2991 ad
2427 2953 2526 3002 me,
2559 2942 2873 3005 cognoscunt
2900 2947 3069 2986 meam
3104 2933 3343 2986 uirtutem
3365 2931 3432 2985 ".
3455 2929 3550 2984 Ille

1970 3043 2099 3098 ergo
2126 3029 2215 3096 qui
2238 3028 2448 3083 accedit
2481 3029 2548 3081 ad
2577 3026 2886 3089 Dominum,
2923 3025 3203 3094 cognoscit
3225 3023 3344 3092 ejus
3372 3025 3550 3080 virtu-

1973 3126 2115 3184 tem;
2172 3118 2226 3172 in
2285 3118 2560 3174 intellectu
2603 3131 2732 3172 vero
2776 3117 2868 3187 qui
2911 3116 2978 3170 ad
3020 3114 3186 3170 Deum
3228 3115 3404 3171 adhuc
3442 3130 3550 3170 non

1971 3209 2224 3273 accessit,
2270 3210 2466 3280 impius
2523 3208 2795 3264 exaltatur
2832 3209 2924 3278 qui
2965 3215 3048 3264 est
3081 3206 3350 3271 diabolus,
3407 3206 3553 3262 sicut

1974 3301 2134 3354 arbor
2161 3300 2376 3355 Libani.
2422 3299 2557 3354 Cum
2595 3312 2730 3354 vero
2760 3297 2872 3353 Deo
2909 3295 3422 3367 appropinquaverit
3463 3295 3551 3351 in-

1976 3390 2220 3446 tellectus
2271 3389 2378 3455 ille,
2435 3399 2490 3445 et
2539 3390 2588 3444 ei
2621 3389 2804 3444 uultus
2823 3388 2988 3444 fuerit
3029 3397 3085 3443 et
3113 3401 3275 3441 unum
3309 3401 3432 3440 cum
3463 3385 3555 3440 illo

1977 3481 2170 3546 factus,
2202 3496 2306 3536 non
2338 3489 2566 3551 apparet
2599 3481 2831 3551 amplius
2870 3479 3068 3549 impius
3107 3478 3195 3547 qui
3232 3477 3388 3532 initio
3414 3478 3467 3531 in
3488 3491 3554 3531 eo

1974 3570 2334 3626 exaltabatur.
2363 3571 2439 3626 De
2478 3586 2586 3641 qua
2617 3580 2797 3626 autem
2835 3584 2895 3625 re
2921 3584 3020 3626 nos
3045 3571 3232 3626 edocet
3271 3568 3440 3624 David
3467 3569 3553 3623 di-

1975 3677 2105 3718 cens
2134 3682 2147 3717 :
2198 3661 2320 3717 Vidi
2349 3665 2570 3732 impium
2608 3663 2913 3718 celsitudine
2928 3663 3046 3732 jam
3073 3672 3302 3727 auctum,
3335 3669 3382 3715 et
3409 3661 3557 3715 exal-

1978 3760 2145 3804 tntum
2193 3767 2301 3806 esse
2334 3752 2390 3806 in
2435 3751 2811 3820 longitudinem
2857 3751 2989 3805 sicut
3022 3750 3204 3805 cedros
3252 3747 3476 3814 Libani;
3505 3757 3556 3804 et

1979 3842 2220 3905 transiri,
2245 3854 2293 3897 et
2326 3859 2440 3897 ecce
2472 3859 2575 3897 non
2603 3853 2756 3908 erat;
2789 3852 2836 3897 et
2865 3841 3080 3911 (ιιιωεὶιὰ
3106 3857 3243 3906 eum,
3267 3852 3314 3895 et
3333 3857 3434 3896 non
3474 3842 3556 3896 in-

1977 3931 2091 3985 ueni
2125 3931 2297 3986 locum
2323 3931 2437 4000 ejus
2477 3931 2545 3986 ³³.
2572 3930 2741 3986 David
2779 3931 2997 4000 quidem
3029 3946 3134 3986 non
3163 3932 3410 4001 qumsivit
3457 3931 3560 3985 im-

1978 4021 2148 4089 pium,
2203 4035 2377 4091 neque
2405 4023 2584 4076 locum
2632 4021 2750 4090 ejus
2782 4021 2887 4076 nisi
2917 4020 3237 4090 inquirendo
3279 4021 3346 4075 de
3373 4021 3559 4090 cogni-

1980 4111 2126 4166 tione
2185 4112 2302 4168 Dei.
2343 4111 2604 4167 Similiter
2641 4111 2950 4182 quicunque
2987 4111 3212 4180 inquirit
3249 4111 3317 4165 de
3369 4113 3560 4180 cogni-

1981 4205 2126 4258 tione
2157 4203 2274 4269 Dei,
2298 4219 2402 4258 non
2441 4203 2649 4260 invenit
2678 4203 2900 4272 impium
2941 4202 3182 4258 omnino.
3210 4200 3423 4254 Dictum
3464 4215 3561 4254 au-

1983 4300 2088 4346 tem
2126 4291 2264 4360 eius,
2311 4291 2576 4356 Transivi,
2625 4289 2804 4346 simile
2832 4289 2998 4345 etiam
3031 4299 3114 4344 est
3152 4289 3297 4342 dicto
3337 4287 3458 4358 eius
3505 4289 3559 4343 in

1981 4382 2086 4438 alio
2105 4383 2313 4451 psalmo
2340 4397 2354 4433 :
2394 4380 2651 4436 Transibo
2671 4396 2764 4450 per
2787 4380 2903 4434 loca
2925 4377 3169 4433 umbrosa
3192 4377 3456 4432 mirabilia
3490 4379 3560 4432 ad

1982 4476 2193 4532 domum
2217 4473 2314 4528 Dei
2335 4472 2402 4529 ³³.
2431 4473 2532 4540 Qui
2557 4472 2774 4541 quidem
2801 4471 3063 4526 transitus
3086 4471 3178 4540 qui
3218 4480 3306 4525 est
3336 4471 3561 4527 ulterior

1990 4566 2254 4635 trajectio,
2291 4566 2494 4621 indicat
2526 4565 2684 4620 nobis
2729 4563 2923 4618 animae
2957 4564 3350 4618 incrementum
3386 4580 3400 4618 :
3457 4563 3564 4618 hoc

1983 4668 2216 4723 namque
2248 4653 2397 4709 dedit
2453 4655 2714 4723 propheta
2775 4654 2828 4708 in
2861 4653 3072 4724 signum
3131 4652 3378 4723 perfecti,
3435 4667 3560 4709 cum

1982 4755 2138 4804 antea
2184 4745 2267 4801 via
2300 4745 2420 4815 ejus
2453 4761 2483 4799 a
2510 4744 2622 4802 Deo
2665 4746 3025 4800 remotissima
3050 4755 3214 4800 esset.
3247 4745 3355 4802 Nec
3383 4746 3561 4801 admi-

1983 4837 2196 4900 remini,
2223 4838 2370 4893 lilioli
2404 4840 2530 4903 mei,
2562 4838 2705 4908 quod
2730 4848 2916 4892 nostra
2955 4837 3041 4891 via
3066 4838 3137 4892 sit
3167 4838 3556 4902 remutissima,

1982 4945 2104 4986 cum
2127 4930 2300 4986 adhuc
2321 4945 2602 4986 versemur
2634 4931 2687 4984 in
2719 4930 2990 5000 spirituali
3028 4929 3278 5000 pueritia.
3305 4930 3561 4986 Videnms

1983 5024 2127 5077 enim
2151 5024 2355 5079 dictum
2382 5039 2502 5080 esse
2533 5024 2808 5095 prophetae
2839 5024 2914 5079 illi
2943 5040 3140 5092 magno
3177 5024 3337 5079 Elim:
3371 5023 3560 5094 Surge,

1984 5116 2192 5169 comede
2213 5125 2260 5170 et
2302 5115 2438 5182 bibe,
2464 5127 2512 5168 et
2558 5117 2890 5185 confortare;
2930 5116 3086 5187 longa
3109 5118 3248 5171 enim
3274 5115 3446 5168 adhuc
3481 5117 3564 5168 via

1987 5217 2078 5262 tua
2102 5208 2252 5262 est“.
2271 5209 2335 5262 Et
2353 5209 2419 5262 de
2447 5210 2547 5264 hac
2575 5210 2759 5263 eadem
2787 5209 3177 5279 longinquitate
3204 5206 3342 5260 dixit
3367 5205 3530 5258 David
3546 5220 3563 5258 :

1987 5300 2117 5364 Quis
2132 5300 2279 5354 dabit
2299 5301 2424 5354 mihi
2438 5300 2551 5356 alas
2576 5302 2850 5364 columbw,
2869 5309 2924 5353 ut
2945 5301 3127 5364 uolent,
3146 5309 3193 5352 ct
3207 5299 3470 5368 quiescam
3484 5296 3566 5351 ⁸⁵ἳ

1986 5393 2078 5447 llis
2117 5403 2294 5448 autem
2355 5407 2453 5447 nos
2499 5393 2638 5447 scire
2689 5401 2922 5462 oportet,
2964 5391 3108 5460 quod
3152 5390 3261 5444 vita
3298 5389 3558 5459 cujusque

1985 5485 2154 5538 nostri
2175 5498 2342 5555 egena
2368 5495 2472 5549 est,
2501 5493 2556 5539 et
2583 5485 2669 5538 via
2701 5483 2995 5538 laboriosa.
3032 5481 3212 5550 Quare
3239 5487 3472 5549 Oportet,
3507 5486 3567 5529 ιιι

375 5667 598 5750 “fasi.
621 5687 812 5750 _xxxv,
858 5675 972 5750 σίζε-
1021 5677 1215 5750 VALuc.
1241 5676 1425 5750 xt,36.
1506 5678 1551 5711 ’⁸
1577 5679 1761 5736 Matth.
1794 5697 1870 5744 xv,
1903 5682 1992 5737 57.
2067 5684 2112 5714 "
2140 5682 2306 5737 Exod.
2339 5698 2422 5743 ιιι,
2455 5684 2507 5737 5.
2584 5682 2630 5715 ³ο
2662 5682 2842 5737 llCnr.
2869 5697 2948 5748 tu,
2969 5683 3055 5739 l8.
3133 5678 3339 5737 “Psat.
3369 5694 3562 5750 sum,

306 5736 360 5796 ϐ.
439 5739 485 5772 ³⁸
513 5739 656 5799 Psal.
687 5736 872 5815 xxxvi,
905 5746 993 5815 53,
1024 5747 1111 5803 56.
1191 5749 1234 5781 ³⁸
1279 5736 1422 5805 Psal.
1452 5764 1560 5816 xu,
1605 5751 1657 5806 5.

1735 5752 1780 5782 ³⁵
1814 5752 1877 5807 ιιι
1908 5752 2038 5822 Reg.
2079 5767 2190 5820 xix,
2221 5752 2274 5807 Ἰ.
2352 5753 2397 5785 ³⁸
2425 5752 2571 5812 Psal.
2605 5768 2715 5818 Liv,
2745 5753 2799 5807 7.
