3872 6278
439 344 579 402 1045

1535 350 1809 409 PATRES
1850 352 2149 409 AEGYPTII
2191 354 2460 414 SASCULl
2499 357 2588 415 IV.

3559 360 3678 418 i0“

437 469 549 508 non
603 451 940 510 ambulemus
1001 454 1054 509 in
1105 455 1417 513 inﬁrmitate
1447 470 1500 514 et
1557 461 1909 518 dissolutione
1961 473 2014 516 et
2043 469 2088 526 A
2189 465 2323 521 ltem
2374 469 2639 524 asseritur
2685 470 2753 525 de
2799 470 3098 536 Abraham,
3147 468 3304 541 quod
3332 480 3596 535 senuerat,
3632 483 3676 528 et

435 541 679 611 pigritia,
720 543 814 597 sed
847 551 1022 611 caute;
1063 555 1117 600 et
1155 560 1278 600 cum
1327 549 1640 604 stabilitate.
1678 550 1887 606 Etenim
1927 551 2015 606 do-

437 643 559 688 ctor
577 634 724 689 orbis
762 643 1025 690 terrarum
1067 635 1265 693 Paulus
1301 640 1454 695 nobis
1496 642 1749 705 consulit,
1785 652 1842 696 ut
1891 657 2014 697 cur-

440 741 646 793 ramus,
707 737 762 780 ut
798 729 1286 796 apprehendamus.
1343 733 1410 787 Et
1452 734 1584 789 dicit
1629 737 1832 790 etiam:
1874 735 2014 791 Sub-

430 815 568 885 jicio
604 833 790 886 corpus
837 835 1032 885 meum,
1071 830 1120 875 et
1146 823 1326 893 redigo
1355 823 1488 878 illud
1521 827 1575 878 in
1619 827 1914 881 servitutem
1948 828 2010 880 ³⁸.

507 905 806 962 Curramus
853 908 1057 978 itaque,
1108 910 1256 965 ﬁlioli
1290 913 1416 981 mei,
1451 915 1577 968 dum
1610 925 1820 985 tempus
1852 917 2016 972 hahe-

436 1011 557 1050 mus
590 997 644 1051 in
696 996 798 1052 hoc
840 1013 1090 1070 corpore,
1119 1011 1178 1056 ut
1214 1005 1686 1072 apprehendamus
1720 1007 2009 1075 perfectio-

434 1102 579 1152 nem,
605 1093 1062 1158 quemadmodum
1112 1096 1468 1165 apprehendit
1495 1098 1638 1154 illam
1667 1099 1756 1155 hic
1795 1111 2014 1156 sanctus

434 1178 650 1245 Paulus,
695 1183 784 1251 qui
820 1184 954 1240 dixit
991 1203 1006 1241 :
1065 1185 1338 1242 Decertavi
1394 1200 1656 1246 certamen
1707 1193 1919 1257 bonum,
1965 1202 2013 1246 et

432 1271 626 1342 perfeci
658 1276 888 1330 stadium
931 1295 1122 1345 meum,
1153 1290 1200 1334 et
1222 1282 1419 1336 seruaui
1449 1282 1606 1350 ﬁdem
1634 1299 1804 1338 meam
1843 1295 1889 1339 et
1912 1301 2016 1340 ser-

433 1372 551 1416 vata
574 1375 648 1419 est
682 1367 809 1420 mihi
841 1383 904 1422 ex
931 1379 1055 1424 tunc
1075 1385 1265 1426 corona
1302 1372 1486 1442 gloria:
1516 1390 1642 1428 metu
1671 1374 1737 1427 ³⁷.
1772 1375 2014 1446 Cumque

433 1457 880 1525 apprehendisset
910 1461 1000 1516 hic
1047 1461 1336 1532 Apostolus
1373 1463 1762 1534 perfectionem
1802 1469 1854 1520 in
1891 1482 2014 1523 cor-

432 1561 584 1615 pore,
617 1549 936 1606 desideravit
969 1567 1246 1622 egressum
1277 1557 1343 1611 ab
1381 1557 1494 1623 illo,
1521 1567 1576 1612 et
1605 1558 1739 1612 dixit
1765 1568 2012 1628 propter-

431 1652 494 1692 ea
535 1657 549 1692 :
594 1637 654 1694 Si
685 1641 814 1696 mihi
863 1644 918 1697 in
961 1643 1060 1696 hac
1117 1646 1223 1699 vita
1255 1649 1486 1716 corporis
1523 1649 1626 1702 mei
1657 1658 1776 1702 sunt
1807 1650 2012 1718 [ructus

432 1729 488 1782 in
505 1732 742 1799 operibus
765 1734 914 1796 meis,
943 1737 1114 1789 nescio
1145 1738 1270 1804 quid
1293 1739 1480 1809 eligam
1511 1740 1640 1794 mihi
1657 1741 1757 1808 ipsi
1775 1757 1792 1804 ;
1813 1751 2012 1794 utrum-

2119 569 2412 627 provectus
2439 561 2618 617 fuerat
2663 560 2718 617 in
2750 563 2961 619 diebus.
3000 561 3275 617 Similiter
3311 576 3504 616 omnes
3531 565 3674 618 sancti

2118 662 2238 720 post
2280 651 2440 708 ﬁdem
2487 653 2860 725 defatigabaut
2916 669 3145 725 corpora
3188 667 3290 708 sua
3333 654 3403 708 ad
3431 667 3494 706 ea
3535 653 3676 724 subji-

2119 741 2332 806 cienda,
2397 743 2655 813 quoniam
2707 745 3042 816 subiiciendo
3086 759 3296 816 corpus
3347 756 3678 814 pervenerunt

2119 835 2185 887 ad
2216 842 2552 890 senectutem
2589 836 2926 893 incremento
2955 838 3132 894 cultus
3164 848 3224 892 et
3270 836 3558 891 ministerii
3583 836 3675 889 Dei.

2117 926 2407 998 lntelligite
2460 942 2706 997 quoque,
2761 929 2942 994 ﬁlioli,
2991 929 3198 987 factum
3274 927 3553 994 Danielis,
3603 928 3675 997 qui

2118 1020 2220 1074 fuit
2247 1035 2380 1090 puer
2420 1035 2668 1092 corpore,
2723 1030 2779 1078 et
2803 1035 2968 1078 senex
3017 1021 3343 1077 intellectu:
3392 1035 3497 1075 non
3528 1029 3677 1073 autem

2123 1119 2379 1180 tanquam
2409 1110 2487 1167 illi
2536 1113 2642 1168 duo
2669 1127 2851 1178 senes,
2895 1113 2986 1182 qui
3018 1112 3269 1183 provecti
3297 1110 3354 1166 in
3385 1110 3567 1166 diebus
3587 1109 3678 1164 suis

2117 1205 2412 1259 secundum
2467 1218 2687 1274 corpus,
2717 1216 2874 1262 erant
2925 1219 3056 1262 vero
3084 1220 3256 1276 opera
3289 1219 3500 1272 eorum,
3539 1217 3677 1272 opera

2115 1307 2435 1362 puerorum,
2472 1294 3207 1368 distinebanturque’puerili
3243 1294 3674 1366 concupiscentia.

2117 1385 2305 1441 Daniel
2333 1386 2476 1440 enim
2512 1389 2863 1457 reprehendit
2888 1402 2983 1444 eos
3020 1386 3338 1443 manifestis
3360 1387 3537 1441 verbis
3566 1400 3673 1454 pue-

2116 1475 2256 1530 ritiae
2293 1476 2363 1533 ob
2395 1489 2583 1532 eorum
2629 1485 2963 1533 senectutem
2989 1490 3318 1547 corpoream
3349 1473 3614 1546 puerilem,
3633 1480 3675 1525 et

2111 1567 2375 1636 judicium
2425 1580 2616 1625 contra
2666 1579 2935 1636 sanetam,
2969 1568 3214 1637 justam,
3262 1565 3674 1638 puratn'Susau-

2116 1669 2263 1720 nam,
2291 1655 2518 1711 dicens:
2554 1655 2600 1710 0
2638 1657 2864 1726 provecti
2899 1657 2954 1711 in
2987 1656 3176 1710 diebus
3210 1655 3369 1709 malis
3401 1654 3468 1719 “,
3499 1663 3544 1710 et
3571 1653 3674 1707 reli-

2118 1762 2222 1817 qua
2253 1748 2436 1803 verba.
2486 1745 2749 1804 Similiter
2789 1746 3036 1817 Iosephi,
3083 1762 3212 1802 eum
3251 1747 3355 1817 qui.
3380 1745 3549 1813 diligit
3572 1743 3672 1800 reli-

431 1836 528 1888 que
563 1823 701 1875 enim
739 1839 818 1877 me
859 1827 1026 1896 angit,
1068 1837 1123 1880 ut
1153 1828 1285 1882 illud
1317 1831 1546 1900 cupiam,
1586 1833 1834 1900 quoniam
1861 1832 2014 1898 cupio
2047 1799 2092 1858 Β
2119 1799 2353 1908 έίοηοηι,
2403 1836 2611 1892 imitari
2663 1799 2943 1906 oporteat‘
2972 1799 3286 1906 puritatem.
3336 1845 3393 1891 et
3432 1799 3672 1892 criminen-

430 1911 644 1966 dissolvi
697 1924 744 1967 et
789 1919 1028 1984 separari
1063 1935 1094 1972 a
1130 1921 1347 1985 mundo,
1401 1931 1455 1974 ut
1487 1923 1584 1976 sint
1624 1938 1741 1976 cum
1768 1922 2012 1987 Christo;

418 2012 477 2054 ἐι
500 2002 597 2056 hoc
627 2005 812 2060 melius
846 2018 920 2061 est
945 2009 1074 2062 mihi
1119 2019 1166 2064 et
1200 2011 1379 2065 utilius
1418 2028 1437 2064 :
1470 2023 1524 2066 ut
1552 2023 1725 2067 autem
1773 2029 2012 2068 maneam

430 2093 485 2145 in
522 2110 756 2162 corpore,
776 2099 982 2168 indigeo
1006 2101 1166 2154 etiam
1203 2104 1272 2154 ad
1307 2104 1560 2171 gaudium
1596 2113 1818 2158 vestrum
1859 2113 1907 2158 et
1931 2105 2015 2158 in-

430 2196 746 2241 crementum
792 2189 918 2257 ﬁdei
946 2201 1147 2246 vestrm.
1175 2192 1254 2247 Sit
1299 2195 1475 2266 itaque
1498 2199 1821 2252 conversatio
1845 2204 2013 2250 vestra

431 2274 592 2345 digna
624 2277 907 2348 Evangelia
936 2281 1001 2332 ³⁸.
1053 2281 1340 2346 Similiter,
1376 2283 1523 2337 ﬁlioli
1565 2285 1693 2350 mei,
1747 2285 1906 2339 facite
1958 2293 2014 2338 et

433 2380 550 2433 vos,
583 2371 834 2436 quoniam
877 2372 1027 2441 pigre
1073 2382 1246 2442 atque.
1274 2375 1464 2445 ignave
1491 2365 1742 2445 agentem'
1773 2391 2013 2447 compre-

432 2459 622 2513 hcndit
665 2459 790 2516 linis
822 2472 946 2517 ante
975 2462 1360 2532 perfectionem
1408 2467 1461 2520 in
1495 2466 1738 2533 Christo,
1766 2467 1907 2523 sicut
1932 2468 2013 2522 di-

431 2549 514 2603 xit
555 2549 810 2607 Salomon
859 2555 910 2608 in
958 2555 1266 2611 Proverbiis
1301 2557 1367 2624 ”,
1403 2560 1544 2626 quod
1588 2559 1781 2613 animas
1833 2569 2014 2614 trans-

431 2651 742 2708 gressurum
797 2641 929 2711 legis
985 2643 1328 2712 auferuntur,
1377 2657 1667 2716 antequam
1696 2647 2014 2716 perveniant

432 2732 498 2786 ad
556 2733 802 2787 timorem
849 2733 962 2788 Dei.
1007 2734 1075 2789 Et
1106 2736 1185 2790 sic
1232 2736 1431 2792 accidit
1477 2738 1725 2793 Ezechiae
1779 2739 1890 2810 regi
1941 2739 2009 2804 ⁸⁸,

431 2826 650 2891 quando
699 2826 1057 2896 apprehendit
1120 2827 1268 2882 illum
1313 2827 1437 2883 ﬁnis
1485 2829 1695 2885 dierum
1763 2846 2010 2896 suorum,

431 2929 554 2969 cum
583 2926 727 2970 esset
774 2917 894 2973 sine
939 2933 1092 2984 cura,
1125 2928 1417 2979 revertens.
1438 2929 1617 2976 autem
1648 2935 1713 2977 ac
1740 2924 2010 2992 pteuiten-

435 3006 566 3060 tiam
607 3021 772 3078 agens
829 3016 992 3081 atque
1043 3025 1238 3080 rogans
1291 3013 1602 3078 Dominum,
1646 3014 1846 3068 meruit
1917 3030 2014 3067 au-

2117 1927 2274 1993 tiam;
2306 1927 2635 1996 incipiatque
2657 1926 2910 1981 ordinare
2943 1935 3117 1981 semet
3163 1926 3345 1996 ipsum
3379 1921 3670 1992 contempla-

2117 2017 2285 2083 tione,
2321 2026 2376 2072 et
2423 2017 2771 2072 corroborari
2815 2017 2868 2070 in
2910 2031 3101 2072 omnes
3148 2016 3290 2072 alias
3321 2013 3673 2084 concupiscen-

2118 2109 2221 2164 tias
2249 2109 2460 2164 validas
2481 2108 2658 2164 callidi
2709 2109 2903 2176 hostis,
2941 2116 2994 2163 et
3018 2108 3167 2163 dicat
3199 2110 3345 2164 sicut
3369 2102 3667 2165 dixitJob“.

2115 2201 2254 2270 quod
2277 2200 2536 2255 fortitudo
2569 2209 2830 2256 evacuata
2858 2201 2928 2255 sit
2959 2215 3026 2254 ex
3052 2200 3226 2256 dorso
3257 2209 3310 2255 et
3342 2195 3529 2252 lumbis
3554 2194 3667 2262 ejus.

2115 2290 2178 2345 Et
2202 2305 2347 2355 vere,
2380 2290 2525 2346 ﬁlioli
2563 2292 2691 2357 mei,
2739 2291 2917 2347 omnis
2947 2292 3039 2361 qui
3069 2292 3322 2347 decertat
3347 2299 3400 2345 et
3424 2286 3665 2345 conforta-

2113 2390 2202 2436 tur
2222 2381 2276 2436 in
2307 2382 2407 2436 has
2430 2382 2738 2451 corporales
2766 2381 3253 2451 concupiscentias
3311 2395 3431 2451 qua:
3458 2379 3666 2433 excitano

2117 2483 2206 2528 tur
2226 2490 2292 2530 ex
2332 2475 2502 2530 nimio
2525 2475 2650 2530 cibo
2679 2482 2732 2529 et
2757 2484 2911 2546 potu,
2941 2473 3032 2530 ille
3072 2474 3194 2544 ipse
3221 2472 3376 2532 .valet
3419 2471 3664 2537 accingere

2114 2567 2329 2622 lumbos
2374 2580 2500 2621 suos
2539 2565 2593 2620 in
2623 2565 2878 2635 puritate,
2908 2574 2963 2620 et
2993 2565 3360 2620 corroborare
3396 2576 3488 2616 cor
3534 2570 3661 2613 suum

2112 2656 2260 2712 dicto
2288 2656 2477 2726 psalmi
2510 2675 2524 2712 :
2552 2656 2838 2726 Accingere
2852 2654 3030 2726 gladio
3053 2665 3145 2709 tua
3167 2670 3332 2724 super
3348 2653 3660 2723 (emunitam,

2113 2767 2144 2803 0
2167 2749 2316 2820 gigas
2339 2748 2406 2800 “’.
2444 2747 2564 2815 Quo
2593 2747 2743 2805 dicto
2799 2747 3111 2812 denotatur,
3154 2747 3304 2819 quod
3339 2743 3548 2800 verbum
3581 2737 3654 2793 Dei

2113 2855 2220 2910 quo
2246 2839 2524 2895 obtinetur
2570 2839 2798 2906 puritas,
2855 2837 2926 2893 sit
2966 2837 3182 2907 gladius
3237 2829 3660 2904 anceps,abscin-

2113 2931 2268 2994 dens,
2301 2929 2442 2984 sicut
2471 2929 2603 2984 dicit
2637 2927 2930 2997 Apostolus
2958 2927 3005 2959 "
3039 2945 3056 2983 :
3098 2927 3195 2998 qui
3227 2926 3432 2998 gladius
3457 2919 3656 2994 profecto

2115 3020 2436 3076 abscindere
2464 3029 2628 3089 atque
2659 3017 2933 3074 trucidare
2968 3017 3113 3074 valet
3142 3032 3338 3076 omnes
3373 3013 3530 3070 malas
3552 3024 3658 3066 cou-

431 3108 714 3170 gmentum
743 3100 969 3156 aliorum
994 3117 1285 3170 annorum,
1317 3105 1594 3174 satiusque
1611 3106 2010 3172 crevit.Quibus
2039 3133 2080 3191 ο
2115 3112 2501 3180 eupiscentias.
2555 3111 2823 3166 Similiter
2852 3125 3066 3181 quoque
3087 3110 3304 3166 luctans
3328 3104 3534 3177 angelus
3556 3113 3652 3155 cum

431 3193 590 3249 annis
613 3193 916 3264 completis,
951 3204 1197 3265 separata
1245 3205 1330 3251 est
1355 3197 1536 3250 anima
1562 3197 1679 3268 ejus
1711 3213 1739 3252 a
1763 3212 2010 3268 corpore,

431 3299 554 3341 cum
589 3294 734 3340 esset
762 3285 814 3339 in
851 3299 1061 3340 summa
1088 3285 1421 3357 perfectione
1441 3287 1729 3344 ministerii
1757 3289 1869 3345 Dei.
1895 3288 2015 3344 Sci-

433 3382 545 3430 tote
591 3375 756 3429 etiam
793 3375 916 3439 hoc,
955 3377 1101 3446 quod
1151 3377 1609 3445 quemadmodum
1653 3378 1866 3448 corpori
1905 3387 2017 3434 tres

433 3473 560 3520 sunt
589 3475 789 3532 status,
818 3467 1058 3537 quandiu
1084 3477 1167 3524 est
1186 3467 1240 3522 in
1263 3467 1357 3526 illo
1379 3469 1584 3536 anima,
1619 3484 1814 3539 nempe
1835 3471 2016 3539 pueri-

434 3557 533 3623 tia,
559 3557 792 3614 virilitas
816 3569 870 3615 et
889 3569 1147 3618 senectus
1175 3578 1190 3616 :
1224 3559 1480 3616 similiter
1504 3568 1618 3617 tres
1662 3576 1878 3631 quoque
1902 3570 2016 3616 sta-

437 3659 525 3706 tus
569 3650 732 3707 habet
767 3653 948 3707 anima
982 3653 1036 3706 in
1073 3666 1305 3722 corpore
1349 3652 1651 3720 recondita,
1675 3652 1884 3708 scilicet
1913 3652 2016 3707 ini-

436 3744 570 3798 tium
600 3742 749 3808 ﬁdei,
778 3758 1123 3814 progressum
1152 3753 1207 3798 et
1243 3743 1653 3812 perfectionem.
1697 3742 1881 3798 Primo
1922 3759 2017 3798 au-

435 3842 543 3889 tem
571 3848 694 3889 cum
724 3834 912 3902 incipit
931 3835 1114 3890 anima
1146 3833 1394 3898 credere,
1423 3834 1668 3890 nascitur
1693 3834 1748 3890 in
1771 3835 2012 3901 Christo,

435 3922 598 3979 sicuti
629 3920 833 3982 dicitur
857 3923 912 3978 in
945 3922 1255 3992 Evangelio.
1281 3921 1520 3979 Joannes
1557 3938 1772 3994 quoque
1799 3934 2014 3994 aposto-

435 4015 520 4070 lus
557 4015 705 4070 dedit
736 4014 896 4070 etiam
952 4016 1107 4069 nobis
1151 4015 1363 4085 signum
1395 4015 1562 4084 hujus
1593 4015 1916 4082 nativitatis,
1959 4025 2017 4073 et

435 4108 621 4170 medii.
655 4117 712 4164 et
743 4106 1116 4178 perfectionis,
1153 4109 1278 4161 dum
1318 4108 1394 4162 ait
1429 4125 1443 4163 :
1475 4107 1672 4178 Scripsi
1694 4108 1860 4173 vobis,
1885 4109 2015 4162 ado-

433 4202 698 4264 lescentes,
750 4201 935 4269 scripsi
985 4199 1145 4264 vobis,
1177 4198 1302 4268 ﬁlii,
1340 4201 1526 4268 scripsi
1557 4199 1724 4263 vobis,
1749 4208 1922 4269 patres
1945 4197 2012 4251 “.

435 4292 566 4360 Quae
599 4291 821 4363 quidem
863 4291 1092 4362 cpistola
1135 4306 1241 4346 non
1274 4299 1356 4346 est
1404 4289 1596 4347 amicis
1625 4289 1773 4345 illius
1817 4305 2014 4361 corpo-

437 4385 664 4450 ralibus,
698 4384 794 4440 sed
834 4382 1103 4448 ﬁdelibus,
1135 4381 1289 4451 juxta
1344 4391 1455 4438 tres
1501 4389 1674 4438 status
1703 4397 1890 4438 eorum
1922 4383 2012 4452 qui

2115 3200 2307 3266 Jacob,
2341 3201 2614 3257 subtraxit
2657 3215 2722 3257 ex
2771 3200 2920 3256 illius
2972 3199 3189 3257 femore
3241 3211 3460 3255 nervum
3500 3211 3513 3249 :
3555 3191 3654 3244 hinc

2116 3291 2402 3355 emarcuit,
2427 3300 2484 3348 et
2515 3290 2855 3346 debilitatum
2877 3298 2960 3347 est
2987 3304 3190 3360 corpus
3214 3288 3353 3358 ejus,
3385 3294 3439 3342 et
3470 3289 3652 3336 vocatus

2117 3393 2202 3439 est
2230 3382 2416 3448 Israel,
2481 3381 2533 3436 id
2571 3391 2676 3448 est,
2715 3381 2900 3436 uidens
2944 3380 3114 3436 Deum
3150 3381 3220 3437 π.
3254 3381 3374 3435 Pari
3415 3374 3558 3432 etiam
3586 3381 3654 3421 η·
3703 3449 3709 3454 _

2120 3475 2268 3531 tione
2318 3489 2416 3530 nos
2447 3481 2662 3543 Oportet
2690 3486 2891 3542 corpus
2931 3471 3246 3538 debilitare,
3281 3483 3402 3525 cum
3430 3456 3649 3532 sapientia

2119 3575 2298 3622 tamen
2322 3576 2376 3622 et
2410 3564 2718 3636 prudentia,
2741 3565 2809 3620 ad
2845 3562 3239 3619 debilitandam
3275 3570 3330 3616 et
3362 3555 3655 3620 exstinguen-

2119 3660 2242 3715 dam
2273 3657 2775 3727 concupiscentiam
2809 3674 2824 3711 :
2857 3655 2976 3711 haec
3018 3655 3167 3710 enim
3209 3650 3448 3710 debilitas
3479 3636 3651 3715 perﬁcit

2119 3749 2172 3804 in
2214 3748 2370 3805 nobis
2398 3747 2654 3802 virtutem
2689 3745 2968 3816 puritatis.
3008 3743 3151 3800 Hinc
3179 3739 3480 3813 Apostolus,
3525 3729 3651 3796 huius

2119 3839 2626 3915 debilitatiscausa
2669 3839 2792 3893 ait:
2843 3837 2977 3892 Cum
3021 3837 3322 3906 inﬁrmatus
3365 3832 3520 3902 fuero,
3552 3831 3651 3875 m‘

2119 3931 2271 3999 fartis
2292 3931 2508 3985 evadant
2531 3930 2598 3985 ιδ.
2628 3929 2896 3985 Similiter
2925 3930 2992 3983 de
3022 3931 3125 3985 hac
3153 3925 3462 3985 inﬁrmitate
3485 3917 3648 4008 ειοξα·

2117 4029 2204 4076 tus
2223 4021 2384 4075 etiam
2410 4029 2494 4074 est
2521 4018 2692 4073 David
2723 4017 2984 4088 propheta
3006 4016 3197 4072 dicens
3217 4034 3234 4069 :
3263 4012 3380 4069 Non
3407 4015 3473 4062 est
3487 4007 3648 4092 sauttfl

2118 4110 2340 4180 corpori.
2357 4124 2469 4164 meo
2495 4108 2566 4163 δ’,
2600 4083 2759 4175 Quod
2779 4083 3030 4178 profecto
3056 4105 3219 4174 dixit,
3247 4117 3311 4159 eo
3330 4095 3464 4170 quod
3492 4083 3648 4190 debili:

2121 4204 2562 4271 taveratcorpus
2625 4215 2785 4256 suum
2841 4213 3056 4255 summa
3115 4196 3411 4255 debilitate,
3459 4186 3648 4274 ῐηθιῖωξ

2119 4303 2382 4365 appello”
2408 4293 2661 4358 salutem,
2681 4307 2803 4362 quae
2834 4306 2943 4347 non
2976 4298 3062 4345 est
3095 4285 3402 4346 inﬁrmitas,
3429 4273 3511 4331 sed
3536 4273 3646 4324 sant-

2121 4394 2204 4441 tas
2232 4395 2288 4440 et
2321 4384 2594 4452 valetudo,
2620 4383 2878 4454 quoniam
2917 4381 3205 4437 debilitata
3231 4383 3466 4446 corpore.
3497 4370 3646 4419 εοπ⁰⁴

437 4484 695 4548 appetunt
721 4476 807 4532 lac
833 4475 1119 4542 rationale,
1139 4485 1193 4530 et
1215 4475 1479 4530 accedunt
1506 4475 1571 4530 ad
1595 4475 2009 4544 perfectionem,
2045 4465 2089 4541 Ι)
2119 4476 2347 4532 boratur
2375 4474 2578 4529 anima.

440 4579 500 4626 ut
533 4578 849 4626 mereantur
875 4583 1058 4626 veram
1077 4569 1327 4640 gratiam.
1359 4567 1566 4624 Idcirco
1589 4566 1756 4622 David
1783 4567 2016 4638 prophe-

437 4669 490 4717 ta
516 4661 696 4716 sciens
725 4667 922 4715 statum
955 4659 1164 4716 dierum
1197 4657 1548 4729 perfectionis
1581 4656 1775 4711 animae
1816 4657 1925 4722 hic,
1961 4663 2016 4710 et

436 4753 578 4823 quod
599 4750 712 4819 jam
740 4761 1027 4820 provectus
1060 4760 1206 4812 esset
1230 4749 1420 4805 diebus
1439 4749 1718 4817 corporis,
1750 4757 1806 4803 et
1837 4749 2018 4802 timuit

435 4844 655 4900 dissolvi
696 4845 763 4897 ab
799 4842 890 4898 illo
939 4857 1046 4898 non
1100 4844 1305 4897 habens
1335 4841 1451 4896 dies
1487 4839 1817 4911 spirituaics,
1858 4855 2014 4909 roga-

434 4937 510 4992 vit
533 4934 704 4990 Deum
723 4933 941 4989 dicens:
975 4933 1058 4988 Ne
1075 4935 1304 5003 accipias
1325 4950 1427 4998 me,
1457 4931 1695 4998 Domine,
1725 4932 1782 4984 in
1797 4931 2018 4984 dimidio

436 5029 639 5084 dierum
673 5042 906 5081 meorum
938 5025 1008 5081 δ’.
1052 5026 1180 5093 Quae
1213 5026 1430 5094 quidem
1479 5039 1607 5078 cura
1653 5023 1805 5078 illum
1849 5037 2018 5092 ange-

411 5122 532 5210 'bat
560 5134 724 5176 causa
761 5119 971 5174 dierum
1027 5118 1419 5188 spiritualium,
1476 5133 1585 5171 non
1626 5115 2014 5185 corporalium,

435 5211 690 5284 quoniam
720 5225 913 5267 sensus
941 5209 1060 5280 ejus
1097 5209 1248 5275 dicti,
1285 5207 1353 5262 In
1379 5205 1602 5261 dimidio
1637 5207 1844 5260 dierum
1870 5223 2016 5261 meo-

437 5322 580 5374 rum,
631 5304 734 5360 fuit
768 5303 838 5360 ob
884 5303 1159 5364 timorem,
1199 5303 1290 5356 ne'
1321 5298 1603 5354 auferatur
1656 5297 1834 5353 anima
1873 5297 2016 5354 illius

410 5407 568 5470 ,ante
606 5399 1062 5469 complementum
1094 5396 1305 5452 dierum
1346 5408 1590 5458 suorum,
1612 5401 1862 5462 essetque
1882 5408 2020 5463 pra:-

412 5471 588 5546 terea
616 5489 826 5547 alienus
856 5503 887 5544 a
921 5488 1274 5560 perfectione.

512 5653 606 5708 ⁸⁸1
645 5655 772 5712 Cor.
797 5672 876 5719 ιχ,
902 5656 994 5711 27.
1071 5658 1180 5714 ³⁷11
1219 5659 1357 5714 Tim.
1393 5671 1466 5723 tv,
1497 5656 1552 5720 8,
1598 5655 1651 5711 9.
1729 5655 1775 5686 ³⁸
1831 5653 2045 5724 Philipp

439 5722 546 5781 In.
600 5742 831 5786 xxxvut,
862 5729 883 5781 1
919 5743 1040 5796 sqq.

2196 4570 2294 4624 Eia
2332 4583 2462 4637 ergo
2493 4565 2842 4621 debilitemus
2872 4578 3102 4634 corpora
3135 4569 3320 4619 nostra
3351 4551 3591 4621 sapienter
3606 4543 3647 4590 et

2121 4661 2435 4731 prudenter,
2491 4668 2551 4714 ut
2606 4658 2884 4713 valeamus
2957 4656 3245 4712 continere,
3304 4639 3642 4706 nosmetipsos;

2127 4753 2384 4823 quoniam
2421 4753 2465 4806 si
2495 4750 2848 4821 subjiciemus
2873 4763 3091 4820 corpus,
3111 4747 3347 4814 illudque
3374 4732 3645 4823 reducamus

2127 4847 2180 4902 in
2230 4845 2544 4900 servitutem
2605 4843 2822 4909 animm,
2877 4851 3007 4896 tunc
3059 4840 3405 4913 cogitationes
3441 4815 3644 4881 carnaleS

2129 4951 2358 5009 quarum
2389 4935 2608 4991 dilectio
2644 4945 2729 4991 est
2784 4935 2879 4989 Dei
2930 4933 3260 4995 adversatio,
3308 4915 3647 5009 tnortiﬁcaulgf

2270 5028 2572 5092 debilitate;
2612 5037 2667 5082 et
2722 5035 2833 5081 tum
2880 5023 3219 5082 illuminatur
3245 4991 3472 5102 anima.
3501 4991 3645 5102 βξ

2128 5119 2389 5190 templum
2416 5117 2548 5174 Deo.
2584 5117 2904 5185 Quicunque
2945 5113 3112 5185 igitur
3141 5093 3366 5191 mundus
3411 5092 3642 5192 ﬁeri-sill-

2129 5213 2222 5269 det
2242 5183 2316 5268 ’ἰιι
2346 5183 2892 5268 omnibusimembris
2927 5183 3062 5276 suis,
3094 5208 3186 5262 hic
3218 5189 3343 5274 sane
3369 5200 3444 5274 est
3465 5183 3642 5276 religio‘

2131 5319 2245 5369 sus,
2268 5314 2323 5359 et
2359 5320 2463 5359 non
2495 5312 2577 5358 est
2607 5285 2942 5361 fornicator;
2976 5308 3030 5354 et
3056 5298 3200 5353 valet
3218 5296 3389 5350 dicere
3416 5291 3524 5376 νευ-ῐξξ

2129 5366 2269 5452 νίιιέ
2301 5395 2493 5450 Omnia
2519 5411 2636 5448 ossa
2673 5408 2787 5447 mea
2827 5391 3009 5445 dicunt
3045 5405 3066 5444 :
3099 5387 3229 5454 Quis
3271 5390 3342 5438 est
3383 5366 3544 5439 similis
3563 5367 3638 5413 tat.

2131 5489 2273 5544 Deus
2302 5488 2388 5541 ιη
2419 5489 2483 5543 Et
2529 5488 2617 5542 hic
2662 5487 2752 5542 ille
2805 5494 2907 5552 est,
2961 5483 3052 5554 qui
3089 5489 3309 5539 cunctos
3339 5473 3507 5528 sensus
3535 5455 3638 5506 ε¹¹⁰⁵

2173 5653 2366 5736 ²²·ἓῖο
2443 5653 2493 5736 ξεῖ
2752 5649 2959 5736 νιιιιε·
3012 5638 3429 5736 ιτοέῖιὲςεεοῆκν
3456 5615 3634 5736 ειεὲἑῑςιὲ

1174 5702 1466 5784 λιίἿὶιάιὶΪ
1498 5702 2240 5790 11,1244."tritura:
2277 5702 2368 5779 325'.
2451 5724 2493 5755 δε
2539 5702 2932 5790 agitaltes:
3011 5719 3056 5790 ιε
3087 5702 3402 5790 Ιοριέιῖξίς

443 5796 660 5860 mni.
741 5798 786 5828 ⁸⁸
818 5771 1083 5865 llsbt‘l.ltv,
1124 5800 1189 5854 l2
1257 5771 1329 5831 ’⁸⁷
1364 5799 1497 5854 Gen.
1535 5771 1708 5865 s’xxtt,
1751 5795 1840 5854 ‘25.
1907 5795 2010 5873 _"5|

2119 5771 2439 5862 eihi—fio.
2523 5771 2980 5856 «iiVsSi'fIx'xii-u,
3020 5771 3197 5844 4.77"
3228 5771 3358 5838 PSal.
3382 5771 3539 5823 nm,

3567 5745 3632 5801 ll).
