3872 6278
315 361 335 410 Ι
345 359 451 415 065

1305 359 1366 414 S.
1407 356 1690 415 ANTONII
1729 357 1798 414 Μ.
1842 355 2136 412 ABBATIS
2176 353 2558 412 EPISTULAE.

3428 356 3564 413 {016

307 469 524 536 erudiit,
573 476 629 524 et
653 485 759 526 non
799 470 1031 541 'reliquit
1083 485 1178 528 eos
1229 473 1331 528 sibi
1387 474 1674 540 dominari,
1714 474 1892 529 conti-
1919 478 1966 534 Α
1998 482 2244 528 nostrum
2272 473 2362 542 qui
2398 472 2681 543 religiosus
2709 484 2830 527 esse
2863 473 3027 541 cupit,
3073 482 3300 528 conetur
3321 474 3562 544 elongari

310 562 537 633 nuitque
570 561 715 630 illos,
745 572 801 617 et
826 563 1062 632 portavit
1095 578 1256 634 super
1289 564 1413 620 illos
1439 565 1628 636 jugum
1670 565 1882 622 Domini

309 669 507 726 magna
541 653 795 724 puritate.
831 655 1010 721 Quare
1042 656 1212 712 oculis
1251 657 1363 711 suis
1389 673 1494 712 non
1531 659 1778 728 permisit
1807 659 1887 712 vi-

305 748 440 803 dere
471 747 765 817 quidquam
786 747 933 814 mali,
970 762 1145 819 neque
1176 751 1557 820 concupiscere
1584 751 1880 806 mulierem.

307 838 417 894 Nec
447 853 554 892 non
579 838 799 893 auribus
832 839 945 893 suis
983 840 1173 895 audire
1223 856 1328 897 non
1362 843 1606 910 permisit
1635 857 1887 898 susurra-

309 929 506 991 tiones,
530 942 702 995 neque
750 928 944 984 diaboli
975 929 1224 994 consilia,
1259 939 1352 984 aut
1384 928 1608 1006 iniectas
1634 930 1739 984 sibi
1768 930 1885 999 ejus

305 1018 683 1088 cogitationes.
725 1018 953 1088 Ideoque
978 1018 1194 1088 impleta
1227 1028 1311 1074 est.
1339 1022 1404 1074 de
1437 1019 1526 1075 illo
1555 1017 1835 1088 Scriptura
1866 1035 1879 1070 :

309 1113 482 1166 Aures
522 1121 627 1166 tuze
656 1126 761 1166 non
808 1121 933 1167 sunt
973 1112 1245 1168 inclinata:
1274 1112 1455 1167 verbis
1505 1112 1777 1167 inanibus.
1819 1112 1885 1166 Et

229 1205 232 1207 λ
309 1205 427 1259 haec
466 1203 628 1258 verba
677 1203 845 1259 multo
896 1204 1066 1274 magis
1119 1203 1269 1258 illum
1313 1203 1608 1258 eﬂ'ecerunt
1654 1202 1881 1258 bonitati

307 1295 516 1353 Christi
558 1295 858 1360 subditum,
912 1305 966 1351 et
997 1296 1292 1366 thymiama
1335 1295 1736 1351 suavissimum.
1790 1293 1882 1351 Ori

309 1402 527 1457 quoque
555 1402 655 1443 suo
687 1387 945 1458 imposuit
975 1401 1148 1452 seras,
1190 1403 1288 1443 nec
1313 1387 1516 1443 dimisit
1551 1387 1679 1442 illud
1707 1386 1885 1442 stulti-

311 1481 400 1534 tia;
430 1493 628 1534 vacare
652 1477 854 1534 verbis.
893 1478 961 1532 Et
993 1493 1182 1532 manus
1209 1491 1338 1533 suas
1367 1478 1640 1533 ordinavit
1664 1477 1729 1532 ad
1757 1491 1884 1546 ope-

307 1570 538 1626 randum
578 1571 697 1626 sine
733 1569 1020 1640 tyrannide
1064 1584 1228 1640 opera
1271 1569 1474 1639 optima
1521 1584 1642 1626 cum
1672 1570 1884 1625 miseri-

305 1661 488 1716 cordia
523 1669 580 1717 et
614 1661 863 1717 veritate.
917 1659 984 1713 Et
1032 1660 1196 1730 pedes
1249 1673 1352 1713 non
1403 1669 1762 1715 cucurrerunt
1815 1659 1881 1715 ad

306 1753 624 1810 eiiusionem
659 1753 960 1822 sanguinis,
993 1755 1086 1808 sed
1119 1751 1400 1821 diligenter
1431 1761 1786 1822 properarunt
1814 1752 1880 1805 ad

1993 579 2022 616 a
2075 565 2246 619 turbis
2285 572 2341 618 et
2387 563 2456 617 ab
2485 562 2608 618 .illis
2661 563 2934 628 recedere,
2967 572 3026 617 ut
3070 564 3141 619 sit
3169 564 3222 620 in
3254 579 3482 636 corpore
3509 575 3569 624 et

1994 655 2160 709 corde
2191 653 2260 708 et‘
2279 653 2556 710 intellectu
2582 664 2735 708 extra
2763 653 2903 722 vulgi
2936 664 2990 708 et
3008 657 3433 712 conversationis
3448 639 3568 728 ejus

1991 745 2452 814 perturbationes,
2499 747 2751 815 quoniam
2807 745 3138 814 perturbatio
3175 762 3387 817 semper
3425 751 3570 806 inter

1993 837 2240 890 homines
2263 845 2526 892 versatur.
2560 836 2822 892 Dominus
2858 846 3038 892 autem
3061 848 3245 894 noster
3282 839 3456 897 factus
3487 851 3569 898 est

1992 929 2149 983 nobis
2174 929 2452 997 exemplar
2507 929 2865 997 elongationis
2914 939 2966 985 et
2999 931 3326 998 solitudinis,
3379 909 3597 989 assem.

1992 1022 2124 1076 dens
2153 1022 2302 1077 solus
2345 1023 2397 1076 in
2435 1030 2672 1078 montem
2708 1023 2771 1077 ad
2805 1023 3066 1078 orandum
3107 1025 3356 1080 seorsim.
3387 1029 3440 1080 ln
3471 1028 3568 1088 de;-

1992 1122 2138 1168 serto
2175 1114 2451 1183 superavit
2486 1114 2757 1169 diabolum
2809 1128 3022 1185 quoque
3067 1127 3189 1169 cum
3254 1116 3347 1171 illo
3377 1118 3569 1173 decer-

1994 1213 2223 1268 tantem,
2270 1220 2370 1259 nec
2406 1218 2537 1260 sane
2585 1205 2850 1274 impotens
2901 1215 3018 1261 erat
3050 1206 3269 1262 vincere
3329 1208 3476 1261 illum
3515 1210 3566 1263 in

1990 1294 2170 1350 medio
2202 1293 2600 1360 multitudinis;
2637 1309 2824 1352 verum
2849 1303 2905 1348 ut
2933 1309 3033 1351 nos
3072 1295 3284 1361 doceat,
3308 1297 3449 1365 quod
3478 1312 3570 1351 so.

1989 1384 2216 1440 litudine
2252 1394 2309 1440 et
2339 1384 2557 1440 silentio
2598 1385 2805 1440 hostem
2832 1386 3066 1453 vincere,
3097 1396 3153 1441 et
3183 1387 3568 1457 perfectionem

1990 1476 2246 1546 consequi
2271 1475 2486 1531 facilius
2510 1475 2805 1530 valeamus.
2832 1475 2962 1532 Item
2989 1476 3246 1534 Dominus
3274 1479 3386 1549 ipse
3415 1494 3567 1535 suam

1990 1568 2215 1639 gloriam
2250 1568 2473 1623 minime
2508 1568 2719 1637 aperuit
2773 1569 2888 1626 suis
2936 1570 3210 1640 discipulis
3245 1587 3432 1626 coram
3467 1573 3568 1627 ho-

1990 1660 2248 1726 minibus,
2303 1662 2399 1717 sed
2450 1667 2743 1733 assumpsit
2772 1678 2889 1729 eos,
2932 1673 2990 1718 et
3030 1666 3272 1721 ascendit
3311 1668 3377 1720 ad
3417 1682 3570 1721 mon-

1991 1759 2119 1814 tem,
2168 1760 2220 1806 et
2262 1751 2496 1812 ostendit
2539 1753 2619 1808 eis
2663 1753 2888 1824 gloriam
2924 1769 3098 1809 suam.
3143 1755 3376 1812 Joannes
3405 1758 3568 1813 etiam

306 1844 521 1901 Domini
555 1845 716 1900 verba
755 1863 770 1900 :
803 1842 908 1909 Qui
962 1841 1316 1913 angariaverit
1346 1853 1395 1897 te
1442 1859 1604 1896 unum
1638 1842 1886 1908 miltiare,
1922 1835 1964 1890 Β
1996 1840 2232 1910 Baptista
2263 1841 2366 1898 fuit
2393 1843 2447 1896 in
2473 1842 2689 1899 deserto
2719 1859 2892 1914 usque
2918 1845 2985 1900 ad
3008 1860 3160 1900 suam
3189 1847 3572 1906 manifestatio-

305 1937 521 1993 ambula
560 1953 681 1992 cum
725 1935 816 1990 illo
845 1937 1035 1991 duo“.
1061 1936 1128 1991 Et
1155 1945 1396 1992 ventrem
1426 1943 1481 1991 et
1511 1943 1699 2005 pectus
1728 1950 1886 1990 suum

305 2030 620 2097 custodivit,
653 2044 722 2086 ne
754 2027 1121 2083 mediantibus
1145 2027 1252 2082 illis
1286 2026 1549 2081 incideret
1591 2040 1756 2096 super
1782 2035 1889 2081 ter-

306 2138 446 2186 ram,
481 2131 736 2190 tanquam
767 2120 932 2175 draco
973 2120 1062 2188 qui
1089 2119 1261 2188 serpit
1287 2132 1448 2187 super
1475 2127 1700 2184 terram,
1725 2132 1890 2187 super

305 2223 548 2268 ventrem
595 2219 652 2266 et
690 2217 878 2278 pectus
903 2223 1085 2264 suum.
1111 2207 1175 2261 Et
1210 2208 1325 2262 llaec
1352 2214 1453 2268 est,
1480 2205 1696 2272 fratres,
1751 2207 1889 2262 ratio

303 2302 564 2372 religiosi.
596 2301 672 2356 Illi
705 2315 836 2356 vero
863 2299 956 2369 qui
996 2297 1236 2365 religiosi
1268 2313 1373 2353 non
1419 2307 1568 2361 sunt,
1622 2298 1716 2351 sed
1743 2296 1884 2350 dilu-

307 2395 435 2450 culo
465 2401 760 2463 properant
809 2392 874 2445 ad
916 2401 1102 2460 potum
1147 2391 1359 2456 sicerae,
1383 2389 1449 2443 de
1476 2388 1582 2443 illis
1605 2388 1887 2442 audiamus

307 2486 512 2538 dictum
543 2483 818 2551 prophetat
848 2481 1077 2535 dicentis
1115 2497 1128 2533 :
1170 2477 1565 2534 Comburuntur
1597 2495 1692 2532 sua
1723 2479 1888 2532 ebrie-

303 2587 409 2632 tate
437 2591 502 2630 ea:
529 2576 668 2641 vino,
686 2584 734 2628 et
761 2573 938 2628 oculos
968 2588 1093 2628 suos
1128 2573 1256 2626 dant
1281 2572 1350 2625 ad
1372 2572 1674 2641 prtebendos
1707 2581 1886 2625 mutuo

307 2668 514 2731 calices,
545 2678 590 2722 et
613 2668 888 2721 comedunt
925 2667 1102 2720 hados
1122 2667 1187 2720 de
1215 2682 1367 2735 grege
1396 2665 1590 2729 ovium,
1625 2673 1672 2718 et
1702 2666 1886 2720 vitulos

302 2763 521 2830 pingues
547 2760 611 2814 de
637 2765 872 2813 armento
887 2759 1063 2824 boum,
1087 2767 1136 2812 et
1161 2758 1438 2813 lasciviunt
1469 2759 1522 2810 in
1548 2759 1733 2813 stratis
1758 2757 1884 2811 mo!-

303 2852 465 2914 libus,
491 2863 537 2905 et
565 2852 617 2906 in
651 2851 792 2905 omni
821 2851 958 2920 quod
981 2849 1252 2904 materiali
1272 2859 1346 2904 est
1379 2858 1787 2904 consentaneum
1816 2851 1884 2905 ³⁸.

309 2943 638 2998 Existimant
674 2952 850 2996 tamen
887 2941 974 2997 isti
1021 2955 1081 2996 se
1121 2942 1392 3011 sapientes
1438 2956 1577 3004 esse,
1616 2955 1738 2995 cum
1779 2941 1886 2996 sint

304 3036 491 3090 hostes
510 3043 563 3089 et
594 3035 886 3100 dracones;
929 3051 1055 3088 nam
1085 3034 1249 3088 draco
1273 3048 1459 3088 eorum
1482 3043 1565 3088 est
1595 3034 1885 3103 magister;

310 3131 367 3175 et
412 3122 758 3192 proiecerunt
801 3132 1020 3178 vent-res
1074 3136 1202 3177 suos
1227 3131 1280 3176 et
1309 3132 1524 3191 pectora
1586 3136 1682 3176 sua
1725 3135 1888 3189 super

304 3226 525 3279 terram,
554 3223 804 3282 potantes
821 3213 1186 3282 se-prudentes
1204 3227 1345 3277 esse,
1363 3221 1420 3267 et
1435 3212 1732 3284 Scriptum
1751 3214 1890 3283 peri-

305 3317 389 3355 tos
427 3318 586 3372 quam
617 3303 798 3372 inique
835 3301 1050 3367 docent,
1075 3319 1197 3356 cum
1226 3304 1336 3358 sint
1361 3314 1578 3372 pectora
1615 3306 1884 3361 draconis.

382 3391 582 3446 Sciatis
631 3391 836 3461 itaque,
877 3392 1023 3447 filioli
1069 3395 1195 3461 mei,
1237 3395 1338 3449 hos
1364 3409 1498 3463 quos
1533 3394 1737 3449 indicat
1763 3411 1889 3464 pro-

304 3485 489 3552 pheta,
519 3497 636 3539 esse
654 3498 904 3538 verarum
925 3485 1275 3540 scientiarum
1303 3492 1357 3540 et
1380 3496 1541 3541 rectae
1564 3487 1684 3542 fidei
1708 3497 1887 3543 trans-

306 3587 605 3641 gressores,
634 3575 1025 3631 introducendo
1053 3576 1259 3632 alienas
1287 3577 1652 3646 professiones
1691 3580 1743 3634 in
1770 3579 1885 3634 for-

309 3675 441 3728 tem,
482 3680 547 3722 ac
575 3665 756 3721 stabili
799 3667 920 3722 fidei
946 3666 1289 3724 adversnndo
1327 3684 1420 3723 sua
1451 3669 1683 3725 instabili
1724 3679 1886 3739 atque

306 3755 557 3810 mendaci
609 3756 735 3820 fide,
782 3767 1090 3813 asserentes
1121 3757 1437 3813 Creatorem
1487 3760 1728 3811 omnium
1767 3773 1886 3814 esse

307 3856 574 3914 creatum,
620 3849 932 3917 ignorantes
986 3849 1155 3903 Deum
1205 3849 1390 3902 omnia
1437 3849 1744 3903 condidisse
1787 3864 1886 3903 suo

310 3937 511 4002 Verbo,
556 3939 713 3993 sicuti
748 3948 978 3994 testatus
1008 3947 1094 3994 est
1129 3937 1367 3993 Joannes
1409 3937 1762 4008 evangelista,
1803 3938 1886 3990 di-

308 4043 438 4084 cens
468 4029 535 4084 de
566 4029 660 4085 illo
695 4046 710 4084 :
741 4028 807 4082 In
837 4031 1090 4096 principio
1126 4039 1236 4082 erat
1287 4027 1531 4093 Verbum,
1573 4041 1619 4085 et
1663 4029 1886 4085 Verbum

309 4129 424 4174 erat
477 4121 617 4189 apud
657 4119 847 4188 Deum,
891 4129 941 4175 et
984 4121 1122 4176 Deus
1150 4132 1225 4176 est
1280 4121 1529 4177 Verbum.
1561 4122 1752 4177 Omnia
1795 4139 1887 4191 per

309 4213 479 4280 ipsum
517 4213 657 4280 facta
709 4221 852 4277 sunt,
897 4219 947 4265 et
1001 4213 1114 4266 sine
1170 4213 1282 4280 ipso
1311 4213 1508 4280 factum
1547 4223 1621 4266 es:
1657 4211 1790 4265 nihil
1817 4212 1882 4265 ⁵³.

309 4302 444 4357 Cum
481 4303 642 4372 igitur
675 4304 747 4357 sit
777 4303 1179 4368 confirmatum,
1210 4303 1393 4357 omnia
1420 4316 1515 4370 per
1546 4302 1718 4370 ipsum
1745 4302 1886 4355 facta

312 4407 452 4457 esse,
490 4394 734 4450 caelestia
765 4403 819 4450 et
842 4396 1174 4466 .terrestria,
1213 4392 1444 4448 visibilia
1476 4402 1531 4447 et
1571 4392 1886 4459 invisibilia,

313 4486 468 4541 sicuti
513 4486 832 4541 testilicatur
883 4486 1014 4541 fides
1045 4501 1209 4540 verax
1243 4503 1260 4539 :
1309 4499 1417 4554 qua
1451 4483 1658 4539 ratione
1684 4485 1885 4538 audent

313 4576 401 4633 isti
429 4577 611 4632 dicere
650 4578 715 4630 de
745 4576 857 4641 illo,
888 4578 1033 4646 quod
1061 4585 1180 4646 post
1213 4576 1467 4630 unionem
1526 4575 1597 4630 sit
1653 4583 1711 4628 ut
1743 4590 1883 4629 unus

314 4679 708 4732 creaturarum,
739 4683 804 4723 eo
842 4670 984 4737 quod
1032 4682 1226 4737 corpus
1258 4665 1462 4721 Christi
1507 4667 1580 4722 sit
1604 4666 1888 4721 creatum?

315 4761 528 4816 llisane
561 4769 706 4823 sunt,
743 4759 835 4829 qui
866 4767 1053 4828 pectus
1079 4757 1260 4813 cordis
1293 4757 1374 4812 sui
1399 4758 1498 4812 sub
1521 4768 1737 4827 pectore
1764 4759 1888 4812 dra-

313 4851 466 4906 conis
496 4851 856 4912 incluserunt,
890 4849 1049 4903 sicuti
1082 4848 1332 4917 prtndixit
1368 4849 1629 4918 prepheta
1664 4847 1730 4902 de
1757 4847 1885 4912 illis,

311 4943 450 5012 quod
470 4943 634 4997 draco
656 4943 860 4996 scilicet
882 4956 1065 4994 eorum
1099 4949 1313 5010 pectora
1339 4939 1536 5004 premit
1565 4949 1617 4993 et
1643 4947 1885 4993 ventres.

311 5039 379 5087 At
401 5033 491 5102 qui
509 5039 801 5086 erexerunt
831 5031 1132 5086 intellectus
1158 5043 1308 5097 suos,
1336 5029 1484 5083 filioli
1515 5030 1643 5096 mei,
1667 5039 1888 5094 eterra,

311 5125 668 5195 suspicientes
725 5123 926 5178 cwlum
975 5122 1064 5176 ubi
1107 5123 1261 5178 sedet
1314 5122 1562 5178 Christus
1617 5137 1648 5176 a
1703 5123 1892 5178 dextra

317 5216 431 5280 Dei,
463 5226 520 5271 et
548 5215 677 5270 facti
711 5225 835 5269 sunt
858 5223 1011 5268 extra
1040 5223 1283 5267 ventrem
1310 5223 1365 5267 et
1387 5213 1889 5280 concupiscentias;

318 5307 576 5362 Dominus
623 5317 806 5361 noster
832 5306 989 5360 Jesus
1021 5306 1245 5376 suscipit
1272 5321 1386 5371 eos,
1425 5314 1481 5359 et
1523 5303 1714 5358 oil‘cret
1745 5305 1891 5360 Patri

314 5413 413 5452 suo
445 5407 699 5465 tanquam
739 5396 976 5465 pretiosa
1015 5396 1262 5464 quaedam
1309 5412 1375 5449 ac
1429 5394 1656 5464 Optima.
1687 5393 1892 5460 Quibus

313 5489 567 5559 cognitis,
592 5487 928 5545 dilectissimi
986 5487 1110 5550 mei,
1153 5494 1386 5553 oportet,
1435 5479 1493 5537 ut
1522 5483 1893 5552 unusquisque

398 5689 440 5720 ’ί
472 5687 659 5743 Matth.
696 5703 748 5751 v,
777 5687 865 5744 41.
941 5687 986 5718 ⁸⁸
1015 5686 1178 5740 Amos
1225 5700 1301 5755 Vl,
1326 5686 1443 5740 4-6.

312 5757 407 5823 27,
440 5758 534 5813 28.
608 5759 651 5791 ⁸⁷
680 5756 822 5813 Psal.
867 5771 973 5823 va,
1001 5757 1053 5810 ‘2.
1130 5756 1178 5788 ³⁸
1207 5755 1404 5812 Jerem.
1451 5772 1526 5823 ix,
1575 5755 1631 5810 2.

1990 1947 2113 1987 nem
2146 1932 2354 1989 lsraeli.
2380 1934 2576 1990 Notum
2601 1936 2784 2006 itaque
2805 1936 2957 1992 vobis
2980 1937 3072 2005 sit,
3099 1937 3248 1994 ﬁlioli
3278 1939 3405 2005 mei,
3437 1955 3570 2008 qua-

1988 2022 2114 2078 liter
2139 2025 2309 2082 hostis
2336 2037 2520 2082 noster
2562 2043 2659 2083 nos
2705 2037 2861 2099 urget
2888 2026 3001 2083 suis
3029 2030 3198 2084 armis
3246 2031 3571 2086 extrinsecis

1987 2124 2040 2170 et
2097 2118 2443 2186 intrinsecis,
2506 2121 2607 2176 sibi
2671 2122 2944 2180 asciscens
2998 2124 3244 2180 homines
3303 2125 3569 2194 quosdam

1991 2217 2241 2280 tanquam
2275 2210 2695 2267 instrumentum
2742 2223 2796 2269 et
2847 2230 3020 2282 arma,
3067 2229 3134 2271 eo
3168 2217 3312 2285 quod
3358 2217 3431 2271 illi
3468 2218 3570 2272 ob-

1991 2307 2328 2366 temperant;
2383 2301 2576 2372 hisque
2624 2305 2986 2362 mediantibus
3035 2307 3361 2362 adversatur
3398 2307 3570 2364 fideli-

1990 2388 2136 2442 bus:
2178 2389 2353 2458 qualis
2403 2401 2486 2446 est
2541 2392 2733 2448 mulier
2766 2395 3060 2464 impudica,
3107 2413 3227 2467 quae
3283 2405 3366 2452 est
3401 2398 3572 2468 ipsius

1989 2492 2139 2531 arma
2170 2479 2492 2548 fortissima,
2525 2485 2827 2540 extendens
2845 2485 2961 2540 alas
2996 2501 3122 2542 suas
3149 2488 3336 2542 audaci
3368 2489 3569 2546 animo.

1988 2568 2182 2626 Petrus
2213 2587 2426 2642 quoque
2465 2575 2830 2644 apostolorum
2876 2577 3128 2647 princeps
3156 2592 3255 2632 nos
3275 2579 3565 2635 utilitatem

1989 2659 2146 2715 docet
2205 2662 2528 2729 solitudinis,
2557 2665 2822 2734 siquidem
2858 2681 2978 2720 cum
3013 2667 3160 2722 solus
3218 2679 3385 2734 esset,
3435 2669 3569 2725 vidit

1990 2751 2158 2806 caelos
2176 2763 2392 2821 apertos
2408 2763 2461 2808 et
2485 2753 2706 2810 linteum
2737 2755 3076 2811 descendens
3095 2772 3256 2827 super
3278 2773 3357 2823 se,
3380 2759 3445 2815 de
3465 2773 3573 2829 quo

1990 2843 2254 2900 allocutus
2286 2857 2366 2900 est
2401 2847 2550 2901 illum
2586 2847 2726 2902 Deus
2747 2857 2894 2913 ;tum
2926 2849 3196 2906 sublatum
3219 2860 3303 2907 est
3336 2850 3563 2909 linteum

1989 2932 2167 2986 abillo
2186 2934 2485 2994 ascendens
2512 2935 2566 2989 in
2594 2937 2809 2992 coelum.

2060 3023 2180 3079 Pari
2215 3039 2427 3094 quoque
2451 3027 2658 3082 ratione
2691 3027 2941 3086 Ezechiel
2968 3044 3092 3086 cum
3125 3039 3361 3102 quatuor
3383 3033 3559 3090 vidis-

1993 3126 2078 3171 set
2115 3118 2389 3181 animalia,
2419 3128 2655 3189 quatuor
2684 3121 2939 3177 habentia
2978 3123 3173 3186 facies.
3199 3134 3254 3180 et
3290 3134 3430 3180 totas
3454 3127 3572 3197 glo-

1943 3205 1957 3228 "
1995 3207 2129 3261 riam
2165 3207 2258 3262 Dei
2311 3209 2630 3273 indicantes,
2681 3224 2784 3267 non
2832 3211 2933 3267 fuit
2963 3213 3017 3268 id
3061 3214 3114 3268 in
3143 3213 3362 3270 civitate
3397 3231 3574 3286 neque

1993 3299 2210 3366 oppido,
2240 3299 2333 3353 sed
2366 3308 2522 3354 extra
2569 3301 2621 3354 in
2649 3317 2782 3372 agro
2810 3320 2823 3357 :
2850 3303 3063 3359 dixerat
3107 3306 3251 3360 enim
3280 3305 3354 3360 illi
3389 3305 3576 3362 Deus:

1995 3385 2254 3458 Egredere
2277 3391 2330 3443 in
2357 3407 2563 3460 agrum,
2595 3401 2643 3444 et
2681 3393 2755 3446 ibi
2798 3395 2994 3450 videbis
3036 3395 3259 3466 gloriam
3304 3414 3468 3453 meant
3505 3398 3572 3454 ’ἢ

1995 3476 2052 3531 ln
2087 3493 2297 3533 summa
2344 3478 2560 3549 quidem
2607 3481 2686 3536 ha:
2721 3483 2961 3554 visiones
3010 3494 3067 3540 et
3110 3484 3577 3543 manifestationes

1995 3584 2332 3639 nequaquam
2363 3574 2568 3627 sanctis
2598 3571 2756 3629 factae
2781 3585 2929 3642 sunt,
2978 3577 3080 3634 nisi
3129 3578 3183 3632 in
3219 3578 3493 3635 montibus
3521 3588 3577 3635 et

1995 3662 2406 3719 solitudinibus.
2441 3665 2735 3733 Apostolus
2771 3675 2952 3721 autem
2977 3668 3177 3723 Paulus
3204 3667 3414 3724 locutus
3444 3685 3579 3738 quo-

1993 3767 2099 3821 que
2123 3761 2206 3806 est
2232 3753 2298 3806 de
2329 3753 2414 3808 his
2443 3754 2646 3809 sanctis
2671 3769 2974 3826 eorumque
2998 3758 3297 3813 venerabili
3324 3758 3576 3813 instituto

1995 3844 2047 3897 in
2074 3843 2306 3914 Epistola
2345 3845 2412 3898 ad
2444 3843 2698 3902 Hebraeos
2727 3847 2810 3902 sic
2833 3848 3021 3904 dicens
3056 3869 3068 3904 :
3107 3849 3298 3919 Utique
3323 3850 3572 3904 errabant

1993 3937 2078 3988 isti
2107 3936 2157 3986 in
2195 3938 2475 4018 montibus,
2508 3946 2554 3989 et
2583 3938 2825 4018 desertis,
2867 3951 2914 3993 et
2944 3940 3194 4008 vallibus,
3219 3951 3266 3996 et
3295 3931 3576 4009 speluncis,

1993 4035 2039 4077 et
2078 4012 2283 4091 ﬁssuris
2314 4035 2478 4083 terra:
2507 4025 2578 4078 ".
2612 4012 2876 4081 Similiter
2901 4029 3066 4082 etiam
3093 4044 3426 4099 cognoscens
3449 4046 3576 4100 pro-

1994 4117 2155 4184 pheta
2199 4115 2548 4170 solitudinem
2597 4117 2708 4173 Deo
2740 4118 2981 4186 placere,
3031 4120 3214 4174 dixit:
3250 4120 3459 4176 Bonum
3502 4132 3577 4174 est

1994 4208 2254 4261 hominem
2285 4218 2496 4276 portare
2517 4207 2710 4278 jugum
2747 4210 2962 4265 Domini
2993 4229 3026 4266 α
3051 4215 3302 4281 pueritia,
3335 4213 3580 4268 (taedere

1994 4297 2164 4351 solum
2191 4299 2271 4362 5“;
2298 4306 2353 4352 et
2384 4298 2459 4350 ait
2483 4297 2648 4352 etiam
2678 4299 2888 4367 psaltes
2917 4301 3081 4356 David
3114 4301 3307 4358 :Solus
3335 4302 3575 4363 manebo.

1995 4389 2156 4442 donec
2179 4398 2411 4444 transeat
2440 4391 2692 4461 iniquitas
2715 4393 2781 4447 ".
2809 4393 3077 4450 Jeremias
3098 4396 3259 4450 etiam
3294 4395 3575 4466 propheta.

1917 4527 1961 4581 Β
1997 4495 2116 4533 cum
2193 4481 2395 4550 optime
2465 4485 2703 4539 novisset
2765 4487 3204 4555 perturbationes
3288 4489 3571 4542 turbarum

1992 4584 2239 4639 magnam
2272 4567 2466 4624 aﬂ'erre
2499 4571 2804 4628 molestiam
2852 4575 2918 4630 iis
2945 4575 3038 4645 qui
3075 4575 3185 4630 Deo
3230 4575 3447 4646 placere
3478 4591 3578 4629 cu-

1989 4659 2160 4729 pittnt,
2185 4659 2367 4716 dicere
2389 4676 2496 4716 non
2535 4664 2798 4718 abstinuit
2832 4683 2847 4720 :
2882 4665 3013 4731 Quis
3054 4666 3204 4720 dabit
3239 4667 3369 4720 milii
3406 4666 3580 4720 domi-

1988 4747 2170 4803 cilium
2206 4750 2260 4803 in
2298 4751 2524 4816 deserto,
2572 4762 2628 4806 ut
2673 4753 2909 4823 rejiciam
2961 4773 2994 4810 a
3035 4773 3115 4810 me
3136 4758 3382 4827 populum
3415 4756 3576 4820 hunc,

1989 4849 2038 4892 et
2059 4858 2293 4911 pergant,
2320 4853 2368 4896 et
2393 4842 2545 4912 longe
2569 4845 2667 4898 sim
2695 4848 2760 4898 ab
2787 4846 2878 4900 illo
2904 4849 2983 4901 ‘3?
3014 4848 3337 4918 Cognoscite
3374 4849 3574 4918 itaque,

1999 4930 2149 4985 filioli
2181 4931 2310 4998 mei,
2344 4933 2600 4990 virtutem
2633 4935 2945 4994 solitudinis
2975 4956 2986 4991 :
3017 4939 3280 5008 siquidem
3318 4939 3578 4994 Dominus

2001 5032 2184 5078 noster
2205 5025 2397 5079 crebra
2430 5039 2527 5080 sua
2585 5027 2872 5084 solitudine
2914 5031 3150 5086 instituit
3180 5032 3334 5087 nobis
3366 5033 3578 5086 firmant

2000 5127 2150 5182 spem
2197 5113 2508 5170 dilectionis
2542 5118 2870 5186 solitudinis,
2917 5123 3076 5178 sicuti
3125 5124 3204 5178 ait
3251 5124 3417 5178 David
3453 5140 3581 5194 pro-

1999 5207 2158 5274 pheta
2187 5223 2200 5260 :
2236 5206 2336 5274 Tu,
2362 5207 2607 5275 Domine,
2646 5212 2884 5268 habitare
2911 5230 2992 5269 me
3022 5215 3196 5285 fecisti
3231 5215 3287 5268 in
3315 5231 3402 5284 spe
3427 5231 3582 5268 secu—

2001 5300 2182 5353 rus".
2220 5299 2367 5355 Elias
2419 5317 2633 5372 quoque
2677 5305 2942 5374 pr0pheta
2995 5306 3330 5379 spiritualem
3381 5307 3580 5362 meruit

1999 5391 2178 5445 cibum
2207 5391 2600 5448 etalimentum
2636 5395 2704 5450 ab
2749 5398 2985 5470 angelis;
3047 5400 3189 5467 quod
3241 5409 3422 5454 tamen
3471 5414 3577 5453 non

2000 5482 2104 5538 fuit
2133 5483 2186 5538 in
2215 5485 2392 5541 medio
2420 5487 2696 5542 turbarum
2733 5503 2905 5560 neque
2940 5489 2994 5544 in
3026 5488 3247 5545 civitate
3288 5499 3381 5544 aut
3409 5489 3571 5561 oppi-:

1522 5685 1745 5758 “deam
1783 5700 1825 5758 ε.
1853 5684 1905 5758 5.
1982 5686 2028 5717 “
2061 5687 2255 5744 Ezech.
2301 5706 2378 5755 ut,
2406 5690 2477 5746 23
2572 5689 2620 5722 "
2650 5689 2812 5745 llcbr.
2847 5705 2926 5756 ιι,
2977 5690 3064 5744 58.
3143 5689 3190 5722 ⁵⁸
3243 5689 3454 5749 Thrcn.
3487 5703 3576 5758 ιιι,

1709 5756 1752 5787 ⁵⁸
1782 5754 1926 5811 l’sal.
1957 5771 2027 5832 ty,
2061 5757 2148 5811 10.
