3872 6278
443 337 583 396 1047

1546 340 1819 398 PATRES
1856 341 2149 398 ASGYPTII
2192 339 2464 398 SA‘SCULI
2502 340 2590 396 IV.

3560 334 3675 390 1018

441 453 530 515 do,
562 452 655 508 sed
694 459 897 507 tantum
931 452 983 506 in
1017 452 1248 507 deserto.
1283 451 1476 507 Omnia
1520 455 1734 522 quidem
1765 470 1886 525 quae
1912 471 2004 510 ae-
2043 473 2086 517 Α
2120 466 2180 510 ut
2215 457 2307 511 illo
2337 470 2435 510 vos
2467 461 2632 508 exuat
2663 463 2679 504 :
2711 449 2910 520 quippe
2943 449 3033 516 qui
3079 449 3294 518 optime
3322 448 3475 502 novit
3511 450 3697 522 contral

437 545 688 599 cidernnt
747 544 968 607 sanctis,
1001 557 1066 596 ex
1097 543 1182 598 his
1226 553 1282 598 et
1328 543 1597 598 similibus
1648 545 1714 599 ad
1767 554 2006 599 nostram

436 634 798 688 eruditionem
833 633 1032 701 scripta
1069 641 1216 696 sunt,
1264 640 1324 686 ut
1369 632 1645 688 imitemur
1673 647 1766 690 eos
1795 637 1884 704 qui
1924 636 2008 690 di-

437 723 683 778 lexerunt
711 722 1078 790 solitudinem,
1126 737 1246 793 quae
1276 737 1375 778 nos
1415 724 1721 780 conducere
1769 726 1910 781 valet
1939 727 2006 782 ad

437 811 720 867 Dominum
753 829 766 866 :
800 813 946 880 quod
977 823 1061 868 est
1090 827 1284 882 magna
1329 813 1655 880 consolatio,
1705 815 2008 871 hominem-

437 915 542 969 que
569 899 866 969 perfcctum
909 900 1090 956 efﬁcit.
1133 902 1305 968 Quam
1339 917 1469 958 sane
1516 917 1636 958 cum
1677 905 1892 973 quidam
1921 906 2006 958 di-

436 991 694 1046 lexissent
723 1007 786 1046 ex
824 1000 934 1046 tota
982 1007 1076 1047 sna
1122 993 1322 1048 virtute
1365 1003 1422 1048 et
1471 1009 1537 1049 ex
1581 1003 1694 1049 toto
1731 1009 1828 1048 suo
1862 1009 2005 1062 esse,

434 1081 612 1150 adepti
661 1091 787 1136 sunt
826 1082 1052 1152 gloriam
1091 1094 1144 1138 et
1187 1084 1388 1150 lumen,
1425 1083 1545 1154 plus
1590 1099 1752 1154 quam
1797 1084 1870 1140 illi
1914 1086 2005 1153 qui

434 1172 676 1228 incolunt
720 1175 967 1229 civitates
1001 1183 1055 1230 et
1090 1175 1308 1244 oppida.
1342 1175 1523 1242 Quare
1557 1177 1807 1246 satagite,
1858 1177 2005 1232 ﬁlioli

434 1265 540 1319 mei
571 1265 931 1333 dilectissimi,
959 1266 1088 1320 mihi
1123 1266 1173 1319 in
1201 1267 1447 1332 Domino,
1483 1268 1714 1323 stabiliri
1748 1270 1800 1322 in
1839 1267 1924 1322 illa
1949 1277 2008 1323 ut

433 1370 532 1424 par
567 1364 668 1419 est,
706 1365 766 1410 ut
793 1371 889 1410 vos
920 1357 987 1410 ad
1021 1356 1111 1412 Dei
1146 1358 1415 1412 conducat
1452 1357 1735 1424 visionem,
1770 1374 1888 1428 qua:
1925 1367 2007 1413 est

434 1445 546 1516 ipsa
578 1447 872 1517 spiritualis
899 1447 1218 1516 spcculatio,
1268 1463 1364 1517 per
1389 1450 1621 1518 gratiam
1656 1448 1866 1503 Domini
1904 1464 2006 1502 no-

431 1536 529 1589 stri
559 1545 615 1591 et
649 1534 740 1590 Dei
771 1537 961 1599 nostri,
1001 1545 1056 1592 et
1103 1537 1429 1592 viviﬁcantis
1461 1539 1674 1592 animas
1708 1547 1921 1593 nostras
1950 1547 2006 1592 et

431 1639 656 1694 corpora
684 1634 890 1689 nostra,
925 1624 1052 1680 Jesu
1086 1623 1310 1692 Christi,
1331 1627 1490 1682 Verbi
1527 1626 1740 1695 aeterni,
1764 1629 1851 1682 cui
1887 1626 2002 1682 laus

431 1714 486 1769 in
515 1725 794 1772 aeternum.
831 1715 1024 1771 Amen.

939 1805 1269 1861 EPISTULA
1305 1805 1492 1864 XVIII.

1131 1896 1275 1950 Dixit
1308 1914 1325 1950 :

500 1985 730 2054 Scitote,
780 1986 926 2041 ﬁlioli
981 1986 1083 2040 mei
1132 1985 1491 2050 dilectissimi,
1541 1985 1676 2055 quod
1721 1988 1788 2041 ab
1829 1987 2000 2050 initio,

428 2081 644 2148 quando
689 2080 868 2133 anima
925 2093 954 2132 a
1011 2087 1279 2146 praecepto
1329 2077 1641 2142 declinavit,
1691 2088 1873 2132 exorta
1922 2085 2005 2131 cst

428 2169 824 2235 lnobedientia;
881 2170 1151 2223 mediante
1221 2183 1325 2236 qua
1385 2166 1744 2222 inobedientia
1816 2183 2003 2224 omnes

426 2258 620 2313 anima:
645 2259 709 2313 ad
739 2259 940 2314 inl'eros
985 2259 1063 2312 ire
1092 2266 1396 2325 coeperunt,
1443 2257 1584 2311 sicut
1611 2258 1745 2310 dixit
1774 2257 2001 2326 Aposto-

427 2349 554 2405 lus:
590 2351 742 2416 Quod
787 2365 879 2418 per
919 2350 1144 2416 primunt
1178 2349 1346 2401 Adam
1397 2349 1494 2417 fuit
1534 2364 1672 2402 mors
1705 2349 1769 2401 “.
1825 2348 2002 2413 Quare

428 2438 776 2493 miseratione
803 2447 977 2492 motus
1016 2444 1098 2489 est
1136 2435 1276 2489 Deus
1311 2433 1564 2497 Verbum,
1602 2443 1656 2488 et
1687 2434 2002 2488 incarnatus

427 2537 604 2584 estex
633 2528 788 2581 nobis
835 2527 1094 2597 mysterio
1123 2523 1673 2594 incomprehensibili,
1719 2531 1774 2577 et
1807 2522 1998 2590 imple-

427 2619 506 2674 vit
527 2632 740 2674 omnem
761 2617 1214 2686 dispensationem
1245 2627 1441 2670 nostrae
1473 2614 1756 2679 salutis,et
1781 2614 2001 2668 descen-

426 2708 506 2764 dit
548 2703 614 2763 ad
666 2707 890 2775 inferos,
928 2715 983 2761 et
1029 2707 1272 2776 captivos
1321 2705 1439 2760 illos
1465 2705 1624 2769 fecit;
1686 2714 1739 2759 et
1786 2704 2002 2758 reduxit

427 2798 554 2854 inde
611 2811 800 2853 omnes
846 2796 1053 2851 animas
1107 2795 1178 2849 ibi
1229 2795 1498 2861 detentas,
1547 2793 1782 2863 eripiens
1824 2807 1918 2847 eas
1969 2805 2000 2844 a

426 2896 693 2959 potestate
721 2886 921 2942 diaboli
953 2900 1124 2955 usque
1149 2885 1214 2938 ad
1237 2885 1376 2940 diem
1408 2885 1741 2940 tremendum
1766 2880 1954 2952 judieii
1979 2897 1996 2946 ;

425 2989 477 3036 et
500 2979 792 3035 ascendere
817 2976 946 3034 fecit
977 2991 1093 3042 eas,
1121 2976 1244 3045 quia
1273 2985 1462 3046 sponte
1490 2975 2001 3045 obtemperaverunt

438 3081 494 3128 et
514 3071 856 3136 obedierunt,
889 3069 1239 3139 feceruntque
1267 3075 1537 3138 praecepta
1569 3067 1772 3131 divina,
1805 3068 1870 3118 ad
1895 3077 2000 3120 coe-

425 3162 538 3218 lum
579 3161 669 3218 ubi
705 3170 789 3218 est
824 3162 1132 3234 paradisus.
1187 3161 1318 3215 Erat
1371 3167 1551 3215 autem
1591 3172 1756 3213 causa
1807 3171 1997 3212 eorum
2023 3159 2068 3216 C

425 3255 756 3328 ascensionis
786 3255 850 3310 ad
879 3253 1074 3311 coelum
1100 3254 1238 3324 ignis
1269 3251 1575 3316 invisibilis,
1608 3250 1700 3320 qui
1730 3259 1814 3306 est
1844 3249 1994 3305 calor

425 3347 689 3402 bonorum
743 3361 991 3416 operum,
1043 3347 1133 3416 qui
1181 3359 1443 3402 accensus
1490 3351 1576 3399 est
1632 3344 1686 3397 in
1739 3342 1994 3398 cordibus

423 3451 632 3494 eorum.
700 3436 882 3508 Neque
929 3437 1044 3492 haec
1096 3437 1248 3492 vobis
1296 3437 1559 3492 duntaxat
1610 3433 1770 3504 plana
1819 3432 1992 3500 l‘acio;

422 3545 611 3587 verum
641 3539 693 3586 el
720 3531 804 3586 cui
831 3530 1024 3586 similis
1053 3529 1124 3585 sit
1155 3529 1271 3585 hac
1294 3529 1476 3584 anima
1519 3527 1572 3582 in
1599 3542 1702 3597 qua
1735 3526 2000 3582 habitavit

427 3621 570 3690 ignis
605 3619 718 3678 Dei.
751 3619 956 3676 Similis
985 3612 1071 3676 esi
1109 3619 1193 3674 avi
1235 3618 1444 3674 duabus
1479 3618 1719 3689 prmdita:
1753 3617 1850 3670 alis
1879 3615 2000 3685 qui-

433 3713 538 3768 bus
561 3712 726 3779 volat,
752 3720 806 3767 et
833 3726 1043 3767 sursum
1069 3726 1165 3781 per
1190 3709 1312 3765 cmli
1342 3723 1466 3765 aera
1489 3709 1752 3764 elevatur.
1785 3705 1995 3763 Etenim

425 3805 512 3858 avi
539 3817 650 3872 pra:
676 3801 926 3857 omnibus
957 3801 1221 3856 creaturis
1250 3800 1346 3854 alae
1373 3800 1673 3869 peculiares
1697 3799 1856 3868 sunt;
1900 3798 1998 3852 alae

424 3908 557 3950 vero
600 3893 792 3948 anima:
837 3890 1064 3948 Domino
1111 3890 1458 3960 obsequentis
1500 3898 1627 3944 sunt
1656 3889 1826 3943 virtus
1859 3887 1997 3958 ignis

427 3983 546 4052 Dei,
581 3982 777 4053 quibus
801 3981 868 4036 ad
899 3979 1094 4037 ctelnm
1131 3993 1346 4035 sursum
1381 3977 1565 4033 volare
1593 3976 1757 4032 valet.
1803 3975 1860 4030 Si
1904 3991 2002 4030 au-

426 4084 535 4132 tem
581 4073 665 4128 his
706 4071 945 4128 caruerit
982 4071 1116 4134 alis,
1162 4069 1384 4125 minime
1431 4083 1644 4123 sursum
1691 4065 1893 4122 elevari
1945 4065 1998 4119 in

424 4180 550 4222 aera
583 4163 802 4234 poterit,
841 4177 961 4217 cum
985 4162 1057 4217 sit
1107 4160 1250 4216 illius
1280 4161 1418 4232 ignis
1445 4173 1663 4228 expers,
1698 4157 1999 4225 similisque

425 4258 530 4313 erit
561 4256 648 4313 avi
677 4257 789 4312 suis
813 4255 1040 4326 spoliata
1071 4253 1174 4312 alis
1219 4267 1341 4326 quae
1384 4252 1570 4307 volare
1612 4251 1817 4320 nequit.
1856 4249 2000 4304 Prm-

426 4358 576 4406 terea
614 4347 850 4404 hominis
899 4349 1078 4401 anima
1118 4343 1456 4400 assimilatur
1501 4342 1622 4408 avi,
1679 4356 1802 4396 cum
1851 4340 2001 4395 calor

422 4456 586 4497 causa
615 4442 686 4495 sit
723 4439 840 4509 ejus
883 4437 1218 4494 exsistentize
1253 4436 1306 4490 in
1358 4435 1587 4498 mundo;
1645 4432 1844 4487 etenim
1892 4431 1998 4486 nisi

422 4547 525 4588 ova
555 4545 767 4602 semper
789 4532 906 4586 avis
947 4528 1165 4594 foverit,
1198 4525 1422 4581 minime
1470 4523 1898 4594 producerentur
1929 4524 1996 4578 ab
2029 4505 2074 4559 θ

423 4623 532 4680 illis
558 4622 686 4692 pulli
734 4622 998 4688 viventes,
1050 4618 1308 4690 quoniam
1352 4631 1540 4671 eorum
1581 4615 1691 4670 vita
1737 4615 1996 4671 exsistere

423 4703 612 4783 nequit
656 4712 760 4768 nisi
805 4711 985 4767 calore
1017 4710 1308 4764 mediante.
1355 4707 1467 4762 llac
1500 4714 1680 4762 autem
1727 4708 1794 4762 de
1833 4721 1994 4762 causa

423 4806 501 4861 ait
549 4817 762 4860 sacrum
815 4799 1163 4870 Evangelium
1217 4815 1231 4851 :
1277 4797 1609 4853 Hierusalem
1667 4798 1998 4867 interfectrix

421 4891 814 4960 prophetarum,
844 4897 891 4943 et
920 4887 1212 4955 lapidalriz
1235 4888 1514 4942 missorum
1559 4888 1627 4942 ad
1667 4889 1837 4954 illam,
1872 4905 2002 4957 quo-

423 4987 518 5039 ties
547 4981 687 5038 uolui
713 4995 1025 5051 congregare
1047 4980 1189 5050 ﬁlios
1217 4991 1365 5047 tuos,
1398 4983 1555 5036 sicuti
1583 4990 1861 5051 congregat
1893 4982 2002 5034 avis

424 5073 597 5144 pullos
623 5089 747 5128 suos
771 5074 866 5128 sub
893 5073 993 5128 alia
1023 5075 1134 5129 suis
1165 5075 1248 5129 “1?
1275 5074 1409 5130 Cum
1439 5084 1641 5140 autem,
1679 5074 1828 5128 lilioli
1873 5074 2000 5135 mei,

427 5164 806 5222 intellexeritis
843 5164 1255 5221 similitudinem
1291 5167 1486 5222 animae
1536 5165 1649 5220 Deo
1691 5164 1918 5220 addicta:
1949 5174 2005 5219 et

424 5249 794 5326 obsequentis,
845 5253 914 5309 ad
947 5255 1222 5311 volucrem
1267 5256 1420 5326 cujus
1467 5249 1798 5310 cxsistentia‘.
1847 5253 2000 5309 radix

422 5354 508 5400 est
534 5343 703 5410 calor,
742 5357 809 5399 ne
851 5342 1180 5414 permittatis
1210 5359 1306 5398 vos
1335 5343 1458 5398 exui
1507 5343 1666 5412 hujus
1707 5343 1843 5412 ignis
1891 5343 2004 5397 vir-

424 5445 540 5493 tute
570 5454 586 5492 :
620 5435 824 5492 etenim
858 5444 1050 5505 parata
1084 5443 1210 5490 sunt
1242 5435 1394 5490 vobis
1422 5435 1721 5490 certamina
1764 5435 1929 5488 multa
1971 5449 2001 5490 a

411 5528 639 5588 ﬂiabolo
663 5535 882 5599 propter
905 5527 1050 5583 hunc
1074 5529 1250 5598 ignem
1286 5525 1437 5582 vobis
1468 5542 1495 5580 a
1519 5525 1630 5582 Deo
1653 5542 1992 5592 concessum,

502 5716 548 5749 "
573 5714 595 5770 ι
625 5715 748 5773 Oor.
775 5731 864 5782 xv,
889 5713 981 5769 21.
1082 5715 1122 5748 ⁸¹
1153 5711 1344 5772 Matth.
1377 5730 1530 5781 mn,
1557 5713 1638 5769 5?.

1722 5716 1762 5747 ⁵⁷
1799 5714 1833 5769 11
1864 5715 1984 5770 Cor.
2020 5733 2092 5782 xu,
2143 5715 2222 5768 Ii.

2109 561 2206 601 vos
2240 547 2460 600 minime
2491 543 2783 613 prevalere
2813 555 2990 612 posse,
3026 540 3274 610 quandiu
3306 549 3394 594 est
3423 539 3672 594 vobiscum

2109 636 2198 690 hic
2229 635 2388 705 ignis.

2179 726 2355 792 Quare
2380 725 2626 782 obsistite
2693 723 2795 790 illi,
2834 731 2890 780 et
2921 721 3245 792 cognoscite
3295 719 3674 787 iiliusjphanta-

2107 826 2303 881 smata,
2327 817 2584 885 quoniam
2617 816 2720 871 sub
2736 813 3022 870 dulcedine
3046 827 3209 866 suam
3241 809 3529 864 abscondit
3559 824 3674 862 aina-

2109 907 2418 972 ritudinem,
2467 919 2534 962 ne
2561 916 2836 975 appareat,
2883 903 3203 972 ellingitque
3240 901 3402 955 vobis
3442 899 3582 952 varia
3622 914 3672 953 ac

2108 996 2328 1065 pulchra
2350 995 2664 1064 simulacra,
2695 1009 2818 1065 quae
2845 993 3086 1065 proiecto
3119 1006 3233 1045 non
3271 991 3356 1045 sic
3385 1004 3446 1043 se
3474 989 3670 1048 habent,

2109 1098 2166 1140 ut
2191 1086 2411 1140 inclinet
2449 1085 2515 1140 ad
2544 1099 2602 1141 se
2634 1086 2794 1140 corda
2819 1093 2997 1140 vestra
3023 1081 3329 1137 calliditate
3355 1094 3538 1134 verum
3575 1079 3671 1130 Illli-

2106 1182 2257 1229 tante
2293 1194 2305 1228 :
2343 1185 2399 1229 et
2427 1176 2538 1230 haec
2560 1175 2775 1244 quidem
2807 1184 2889 1229 est
2913 1188 3005 1226 ars
3037 1173 3211 1242 ipsius
3235 1185 3477 1238 semper,
3503 1170 3670 1222 adver-

2105 1267 2213 1321 sari
2248 1267 2496 1321 videlicet
2552 1275 2663 1321 tota
2709 1280 2809 1320 sua
2857 1265 3058 1318 virtute
3106 1262 3372 1318 omnibus
3413 1259 3668 1314 animabus

2105 1355 2217 1410 Deo
2245 1356 2381 1411 bene
2422 1356 2864 1410 iuservientibus.
2897 1353 3006 1409 Nec
3033 1367 3141 1406 non
3173 1352 3380 1406 multas
3426 1363 3489 1404 ac
3515 1350 3668 1402 varias

2101 1431 2386 1515 passiones
2415 1446 2610 1499 animm
2653 1445 2849 1514 injicit,
2914 1443 2978 1497 ad
3026 1439 3488 1509 exstinguendum
3519 1438 3666 1506 ignem

2104 1536 2253 1591 iIlum
2279 1551 2384 1604 quo
2413 1537 2582 1590 virtus
2610 1534 2881 1589 subsistit:
2905 1533 3177 1603 praecipue
3200 1531 3423 1600 quidem
3457 1528 3667 1597 corporis

2105 1627 2313 1695 requie,
2342 1627 2500 1696 eique
2531 1625 2780 1679 annexis.
2813 1623 2869 1677 Si
2895 1638 3026 1678 vero
3047 1621 3522 1684 animadverterit,
3547 1617 3666 1687 quod

2105 1719 2177 1772 illi
2219 1719 2438 1772 minime
2485 1719 2912 1787 obtemperetur,
2979 1731 3158 1785 neque
3218 1715 3342 1784 ejus
3401 1712 3666 1780 recipiatur

2031 1800 2077 1858 Β
2106 1811 2376 1879 negotium
2411 1810 2462 1862 in
2489 1823 2782 1877 quoquam,
2819 1807 2953 1860 alias
2986 1805 3211 1861 adducit
3243 1802 3560 1857 calliditates
3583 1800 3664 1854 sub

2105 1902 2243 1956 facie
2292 1900 2556 1968 justitizc,
2613 1908 2940 1969 apparetque
2993 1897 3045 1951 in
3090 1894 3454 1952 similitudine
3512 1890 3660 1960 angeli

2105 1994 2264 2057 lucis,
2295 1991 2448 2046 utait
2476 1991 2679 2046 Paulus
2715 1989 2990 2060 apostolus
3014 1991 3080 2056 ⁸⁸,
3117 1997 3177 2045 ct
3214 1988 3321 2043 alia
3353 1986 3439 2040 his
3465 1983 3660 2051 majora,

2104 2087 2169 2138 ad
2195 2084 2562 2138 inclinandum
2588 2097 2685 2138 cor
2715 2092 2960 2137 nostrum
2989 2082 3055 2136 ad
3095 2095 3179 2138 se.
3231 2079 3289 2135 Si
3327 2087 3502 2132 autem
3534 2072 3658 2128 vide-

2105 2176 2176 2229 rit
2197 2187 2290 2228 eos
2316 2172 2418 2227 sibi
2451 2173 2518 2227 ab
2552 2172 2637 2227 his
2663 2186 2878 2236 cavere,
2930 2181 2982 2226 ct
3026 2170 3257 2224 minime
3286 2183 3352 2224 ea
3381 2165 3649 2232 suscipere,

2105 2281 2205 2322 nec
2240 2266 2291 2320 ei
2319 2251 2788 2339 ohedirielpenitus
2811 2264 3162 2335 penitusque,
3209 2273 3343 2316 tunc
3390 2257 3656 2328 reccditab

2103 2358 2208 2411 illis
2237 2355 2511 2421 confusus,
2545 2365 2600 2410 et
2625 2366 2736 2410 tum
2779 2355 3046 2410 habitabit
3069 2356 3122 2409 in
3157 2355 3268 2409 illis
3298 2352 3529 2421 Spiritus
3555 2348 3652 2402 Dei.

2104 2449 2239 2503 Cum
2296 2459 2474 2502 autem
2532 2447 2860 2501 habitaverit
2905 2448 2957 2502 in
2998 2446 3106 2500 illis
3159 2445 3400 2515 Spiritus
3439 2441 3545 2505 Dei,
3580 2453 3651 2492 re-

2103 2538 2389 2608 quiescere
2432 2551 2524 2592 eos
2555 2536 2717 2591 faciet
2746 2536 2798 2590 in
2825 2523 3079 2591 omnibus
3105 2549 3304 2592 eorum
3330 2531 3585 2602 operibus,
3610 2535 3655 2582 et

2102 2630 2277 2686 dulcis
2313 2629 2558 2684 redditur
2586 2628 2690 2683 illis
2715 2627 2949 2696 portatio
2967 2626 3080 2698 jugi
3106 2627 3406 2694 Dei,sicuti
3427 2624 3650 2690 scriptum

2101 2732 2184 2777 est
2213 2723 2264 2776 in
2296 2721 2588 2791 Evangelia
2622 2738 2635 2774 :
2667 2719 2883 2773 Portate
2903 2723 3094 2788 jugum
3125 2735 3302 2773 meum
3329 2732 3477 2785 super
3500 2729 3574 2767 vos
3596 2709 3651 2764 “.

2102 2815 2167 2868 Et
2191 2813 2496 2890 eliiciuntur
2526 2813 2741 2883 penitus
2782 2811 3076 2875 indefessi.
3124 2821 3236 2867 tam
3279 2812 3333 2866 in
3374 2802 3651 2864 exercendis

2100 2904 2411 2969 virtutibus,
2439 2919 2601 2974 quam
2649 2903 2704 2958 in
2752 2903 3112 2958 ministrando
3145 2914 3204 2959 et
3246 2903 3302 2957 in
3341 2899 3528 2968 vigiliis
3562 2908 3644 2948 no-

2100 2996 2336 3063 cturnis;
2399 3010 2576 3064 neque
2623 2995 2932 3050 irascentur
2997 2994 3276 3050 humanas
3329 2992 3398 3048 ob
3430 2987 3645 3057 injurias,

2102 3101 2201 3141 nec
2242 3085 2468 3141 omnino
2531 3085 2806 3140 hominem
2849 3083 3118 3141 timebunt
3169 3093 3271 3139 ant
3307 3081 3522 3139 bestiam
3572 3081 3646 3126 aut

2102 3175 2422 3231 charttatem
2497 3182 2594 3229 aut
2656 3178 2896 3245 genios:
2937 3174 3378 3244 quandoquidem
3434 3163 3644 3237 gaudium

2104 3264 2318 3319 Domini
2351 3277 2472 3319 cum
2517 3264 2628 3318 illis
2662 3273 2743 3320 est
2783 3274 2943 3319 noctu
2989 3265 3214 3333 diuque,
3261 3273 3318 3320 et
3358 3265 3507 3328 auget
3551 3253 3646 3308 illo-

2104 3369 2226 3409 rum
2260 3354 2590 3420 intellectus,
2646 3363 2703 3410 et
2745 3355 2841 3409 alit
2876 3369 2990 3410 eos.
3024 3354 3306 3424 Siquidem
3358 3353 3456 3407 hoc
3485 3343 3646 3418 gaudiﬂ

2103 3443 2279 3498 anima
2310 3458 2523 3514 semper
2549 3445 2746 3500 crescit
2775 3453 2828 3498 et
2851 3454 3217 3514 praeparatur,
3248 3453 3301 3498 et
3341 3456 3403 3496 eo
3431 3431 3642 3493 ascendit

2104 3534 2156 3590 in
2190 3536 2385 3592 ccelum
2415 3552 2432 3602 ;
2463 3536 2915 3606 quemadmodum
2943 3537 3198 3606 corporis
3242 3527 3563 3591 subsistentia
3599 3530 3645 3576 et

2102 3625 2368 3680 stabilitas
2399 3633 2480 3680 est
2504 3624 2776 3681 mediante
2797 3639 2935 3694 pane
2963 3633 3018 3680 et
3049 3639 3218 3694 aqua,
3271 3624 3381 3679 sive
3411 3619 3487 3675 his
3511 3611 3637 3668 simi-

2104 3715 2242 3772 libus
2275 3731 2307 3771 a
2359 3716 2622 3787 principio
2670 3730 2842 3788 usque
2883 3717 2951 3772 ad
3006 3716 3173 3772 linem
3233 3716 3366 3787 ejus.
3419 3707 3641 3765 Videmus

2105 3805 2250 3862 enim
2284 3820 2508 3876 puerum
2535 3806 2928 3864 incrementum
2974 3806 3256 3876 suscipere
3297 3804 3429 3859 lacte
3462 3792 3638 3853 matris.

2107 3907 2217 3953 tum
2252 3912 2375 3955 esca
2399 3900 2642 3965 humida,
2692 3901 2906 3956 tandem
2958 3913 3288 3971 quocunque
3335 3893 3468 3966 quod
3499 3887 3563 3943 illi
3597 3884 3639 3936 in

2105 3989 2222 4044 dies
2248 3991 2522 4059 occurrit;
2552 4000 2608 4047 et
2627 3991 3038 4056 corroboratur,
3069 3989 3396 4048 ctaudacius
3416 3997 3502 4040 cor
3524 3977 3638 4033 illius

2107 4077 2160 4133 in
2193 4079 2376 4135 hostes
2401 4080 2502 4135 sibi
2541 4081 2868 4138 obsistentes
2910 4080 3158 4136 ellicitur.
3198 4081 3254 4137 Si
3302 4087 3466 4135 autem
3495 4064 3638 4125 corri-

2107 4169 2254 4238 pitur
2277 4170 2468 4226 morbo
2501 4171 2705 4242 aliquo,
2756 4172 3160 4241 impediturque
3209 4185 3276 4226 ne
3313 4169 3505 4227 alatur;
3548 4167 3636 4210 ιυιυ

2108 4261 2402 4328 praevalent
2427 4260 2690 4318 adversus
2735 4278 2858 4319 eum
2908 4263 3089 4318 hostes
3120 4262 3371 4318 omnibus
3409 4269 3470 4309 ex
3499 4242 3635 4318 parti-

2107 4351 2230 4419 bus,
2259 4362 2315 4408 et
2343 4353 2564 4408 vincunt
2592 4353 2740 4408 illum
2765 4371 2781 4422 ;
2820 4369 2922 4410 nec
2957 4353 3161 4423 poterit
3191 4345 3440 4415 consequi
3463 4337 3636 4423 sanita-

2110 4448 2220 4496 tem
2252 4455 2280 4496 a
2307 4441 2496 4496 morbo
2522 4450 2615 4497 aut
2654 4419 2875 4496 vincere
2907 4419 3114 4503 hostes,
3148 4439 3255 4494 nisi
3289 4419 3634 4490 consuetudine

2101 4536 2156 4582 et
2183 4542 2310 4582 cura
2343 4528 2560 4584 medici.
2612 4527 2704 4583 Sic
2734 4529 2972 4584 hominis
2999 4527 3207 4592 anima,
3263 4522 3359 4578 nisi
3411 4514 3494 4570 Dei
3530 4519 3635 4577 Sau'

2101 4616 2249 4670 dium
2288 4617 2361 4670 illi
2385 4617 2536 4684 insit,
2569 4615 2957 4682 inlirmabitur,
2988 4626 3043 4669 et
3069 4615 3214 4669 mala
3248 4613 3297 4666 in
3328 4604 3530 4660 vulnera
3567 4593 3631 4646 in-

2102 4708 2250 4762 cidit.
2283 4707 2339 4762 Si
2371 4723 2498 4763 vero
2529 4722 2775 4777 qumrere
2800 4708 3089 4764 conabitur
3132 4704 3394 4760 hominem
3437 4693 3630 4756 aliquem

2100 4799 2193 4854 Dei
2227 4799 2534 4853 ministrum
2559 4799 2858 4868 spiritualis
2894 4800 3128 4868 peritum
3166 4793 3450 4852 medicinae.
3480 4779 3629 4843 illiti"c

2103 4887 2425 4955 adluerebit;
2473 4889 2522 4944 is
2575 4889 2720 4944 illam
2753 4889 2986 4958 primum
3021 4889 3234 4943 sanabit
3261 4902 3289 4940 a
3317 4869 3626 4952 passionilnu.

2105 4983 2407 5050 iterumque
2453 4989 2720 5052 resurget,
2756 4995 2984 5050 eamque
3025 4979 3118 5035 Dei
3154 4991 3311 5032 causa
3347 4964 3548 5025 erndicl,
3585 4959 3626 5004 ει

2105 5073 2366 5129 obtinebit
2390 5073 2644 5144 gaudium
2676 5074 2807 5128 illud
2860 5073 3002 5142 quod
3034 5081 3116 5128 est
3154 5072 3293 5125 illius
3322 5056 3623 5148 alimentum;

2104 5173 2215 5219 tum
2247 5179 2376 5220 vero
2404 5165 2651 5220 hostibus
2693 5164 2963 5220 obsistere
2995 5163 3198 5232 poterit
3243 5157 3327 5229 qui
3357 5156 3467 5206 sunt
3490 5149 3623 5206 splrl'

2103 5265 2191 5311 tus
2239 5257 2390 5324 mali,
2440 5271 2641 5325 eosque
2670 5255 2952 5322 superabit.
3001 5264 3055 5309 ct
3101 5241 3423 5308 conculcabit
3469 5234 3622 5287 eorum

2103 5349 2349 5415 consilia,
2378 5358 2430 5404 et
2457 5348 2654 5418 gaudio
2690 5348 3026 5416 perﬁcietur.

2171 5440 2322 5496 Nunc
2353 5442 2552 5511 itaque,
2597 5440 2934 5495 dilectissimi
2973 5439 3101 5504 mei,
3141 5451 3261 5493 cum
3285 5434 3378 5487 hoc
3404 5418 3620 5511 cogn‘QVfif

2103 5531 2243 5597 ritis,
2267 5543 2453 5587 cavete
2481 5549 2508 5586 a
2553 5533 2677 5586 mali
2707 5531 2909 5587 diaboli
2943 5530 3220 5594 consiliis;
3272 5533 3386 5579 nam
3421 5505 3542 5565 venit
3577 5505 3617 5555 in

2304 5716 2345 5746 ⁶³
2388 5713 2575 5769 Matth.
2627 5729 2702 5778 xl,
2762 5711 2850 5766 29.
