3872 6278
218 403 362 462 {049

1203 395 1261 454 S.
1304 397 1579 454 ANTUNH
1621 397 1689 454 Μ.
1731 395 2024 454 ABBATIS
2063 397 2443 454 EPlSTOLJE.

3323 391 3469 452 1050

218 522 390 590 ﬁgura
417 483 641 573 veridici
665 516 731 571 ad
754 515 1122 584 decipiendum
1157 524 1211 570 et
1245 516 1625 572 seducendum.
1651 517 1784 572 Cum
1815 519 1862 576 Α
1891 530 1979 570 res
2013 515 2402 585 apparentibus
2427 510 2653 568 artibus.
2697 509 2886 566 Simile
2925 523 3054 566 sane
3089 508 3340 565 evenient
3379 510 3466 564 his

216 619 400 665 autem
443 606 654 661 venerit
685 605 750 659 ad
784 620 880 660 vos
915 605 967 659 in
1013 605 1367 661 similitudine
1403 605 1578 676 angeli
1629 603 1785 670 lucis,

218 699 390 757 nolite
435 699 510 753 illi
567 697 792 752 credere
833 706 928 751 aut
975 697 1225 760 obedire;
1278 698 1544 767 siquidem
1601 698 1785 752 ﬁdeles

215 793 400 846 causis
451 788 836 859 apparentibus
885 799 1200 857 aucupatur.
1251 787 1350 854 Qui
1394 796 1572 842 autem
1613 789 1788 845 adhuc

215 879 440 950 perfecti
477 893 580 932 non
605 885 752 943 sunt,
783 877 1036 946 ignorant
1083 879 1179 932 has
1209 880 1406 934 diaboli
1444 879 1786 946 calliditates,

213 980 272 1025 et
301 986 363 1025 ea
389 985 509 1038 qua:
548 969 656 1024 illis
702 979 960 1038 perpetuo
1007 969 1209 1039 injicit;
1269 971 1492 1040 perfeCti
1553 987 1679 1025 vero
1725 986 1787 1025 ea

213 1066 570 1129 cognoscunt,
637 1057 1090 1126 quemadmodum
1154 1058 1230 1112 ait
1282 1058 1618 1127 Apostolus:
1654 1058 1789 1112 Esca

217 1150 372 1218 {ortis
401 1148 745 1218 perfectorum
772 1158 869 1213 est,
895 1150 984 1214 qui
1007 1149 1318 1202 ordinarunt
1341 1165 1521 1203 sensus
1551 1165 1712 1214 suos;
1740 1158 1789 1204 et

219 1242 357 1295 vires
387 1255 511 1292 suas
539 1238 673 1309 (Ἦ),
716 1247 764 1292 et
795 1249 1141 1308 cognoverunt
1179 1241 1540 1294 discretionem
1581 1239 1698 1292 boni
1729 1257 1790 1293 ac

217 1331 348 1384 mali
367 1331 433 1384 “.
470 1329 579 1384 Hos
605 1330 747 1383 enim
779 1330 965 1398 nequit
991 1331 1164 1385 hostis
1191 1331 1446 1386 seducere
1474 1348 1487 1384 :
1516 1338 1571 1385 at
1609 1329 1792 1385 ﬁdeles

219 1423 313 1492 qui
341 1422 516 1476 adhuc
563 1421 780 1490 perfecti
825 1438 928 1476 non
971 1435 1120 1489 sunt,
1165 1422 1378 1490 sibique
1428 1422 1650 1475 minime
1698 1436 1789 1475 ca-

219 1521 374 1578 vent,
399 1525 496 1565 sua
525 1510 755 1580 decipiet
791 1514 938 1566 suavi
969 1526 1114 1576 esca,
1145 1527 1448 1582 quanquam
1475 1512 1656 1566 suavis
1685 1527 1790 1565 non

219 1601 314 1665 sit,
368 1613 570 1669 eosque
616 1600 794 1654 trahet
866 1600 1317 1669 quemadmodum
1373 1600 1537 1654 trahit
1589 1599 1789 1668 piscem

220 1690 460 1758 piscator
503 1704 628 1744 esca
686 1689 933 1744 obvclato
986 1691 1129 1744 hami
1194 1692 1413 1761 cuspide
1449 1711 1462 1746 :
1495 1682 1669 1760 eaque
1725 1693 1792 1746 de

221 1795 385 1835 causa
423 1779 588 1848 piscis
621 1779 831 1848 ignorat
871 1780 1087 1833 hamum
1136 1794 1260 1834 esca
1301 1781 1604 1835 obvelatum
1636 1797 1788 1844 esse;

223 1871 352 1924 hinc
404 1870 632 1937 accedit,
671 1876 725 1924 et
769 1885 948 1924 eseam
1003 1871 1248 1941 deglutit,
1289 1881 1343 1927 et
1389 1870 1544 1928 facile
1585 1875 1795 1943 capitur
1823 1848 1866 1902 Β

222 1961 356 2014 cito.
393 1959 570 2025 Quare
605 1959 889 2030 intelligitc
917 1960 1036 2028 hoc,
1091 1962 1231 2030 quod
1271 1965 1313 2017 si
1361 1964 1522 2032 piscis
1555 1965 1795 2018 novisset

221 2067 281 2106 se
309 2066 372 2104 ea
401 2065 522 2105 esca
543 2051 858 2118 capiendum
884 2066 1028 2114 esse,
1048 2051 1232 2118 procul
1264 2052 1424 2106 dubio
1455 2054 1599 2107 illam
1653 2053 1795 2121 iuge-

220 2152 326 2210 ret,
360 2152 414 2198 et
445 2157 782 2212 nequaquam
814 2143 864 2195 ei
889 2143 1190 2196 accederet.
1234 2141 1358 2196 Pari
1390 2143 1602 2212 quidem
1631 2145 1794 2198 ratio-

221 2250 290 2288 ne
309 2233 651 2302 imperfectos
687 2233 890 2298 ﬁdeles,
919 2242 976 2286 ut
1000 2233 1254 2297 diximus,
1278 2243 1576 2304 aucupatur
1599 2236 1791 2301 hostis,

221 2326 404 2380 causis
437 2339 564 2378 vero
600 2323 738 2377 haud
781 2323 1138 2389 absimilibus,
1189 2333 1246 2378 ut
1290 2327 1486 2381 asserit
1535 2327 1794 2382 Salomon

219 2414 441 2484 sapiens
469 2429 481 2468 :
512 2413 788 2467 Invenitur
818 2415 1025 2484 quidem
1074 2416 1153 2469 via
1182 2432 1298 2485 qua:
1327 2427 1467 2471 recta
1505 2435 1615 2472 esse
1642 2430 1794 2489 puta-

220 2515 343 2570 tur;
399 2504 734 2558 novissimum
787 2521 905 2558 vero
960 2506 1070 2575 ejus
1116 2505 1356 2559 conducit
1391 2509 1460 2560 ad
1496 2509 1690 2576 inferos
1727 2510 1791 2563 ⁸⁸.

221 2595 494 2664 Scriptum
530 2595 690 2648 etiam
718 2603 800 2649 est
833 2595 886 2648 in
914 2596 1079 2650 Amos
1123 2596 1378 2665 propheta
1406 2613 1420 2651 :
1451 2597 1630 2661 Amos,
1663 2601 1792 2667 quid

222 2686 358 2754 facis
405 2684 526 2739 hic?
552 2682 652 2748 Qui
707 2682 1020 2750 respondit:
1059 2681 1218 2737 Video
1264 2693 1369 2738 rete
1393 2686 1702 2738 instructum
1728 2687 1796 2738 ad

221 2771 500 2840 capiendas
522 2770 753 2826 volucres
789 2770 856 2824 “.
904 2769 1100 2824 Notum
1144 2784 1326 2826 autem
1375 2781 1458 2826 est
1510 2787 1685 2836 avem,
1729 2774 1797 2828 ob

223 2862 475 2932 timorem
513 2875 578 2916 ne
616 2861 864 2930 capiatur
913 2860 968 2915 in
1007 2870 1173 2926 terra,
1210 2862 1262 2916 in
1313 2876 1439 2916 aera
1494 2862 1713 2928 elevari,
1742 2873 1797 2916 et

223 2963 439 3009 struere
463 2951 562 3006 sibi
589 2952 954 3007 habitaculum
1000 2952 1054 3006 in
1096 2953 1375 3008 altissimis
1419 2952 1556 3008 locis
1599 2956 1666 3007 ad
1712 2967 1797 3007 re-

221 3044 404 3116 quiem
431 3052 484 3098 et
505 3045 844 3109 accubitum;
871 3052 924 3098 et
952 3043 1033 3098 sic
1069 3044 1342 3099 dormiens
1373 3045 1492 3100 sine
1513 3059 1643 3099 cura
1671 3045 1793 3109 erit,

221 3149 346 3187 cum
372 3133 549 3189 nullus
570 3135 637 3189 ad
655 3134 798 3189 illam
824 3135 1102 3202 pervenire
1129 3145 1221 3189 aut
1249 3151 1368 3191 eam
1399 3149 1593 3204 capere
1607 3135 1794 3204 possit.

223 3225 701 3282 Verumenimvero
778 3225 1112 3283 venatorem‘
1159 3235 1335 3282 astute
1396 3241 1593 3295 agere,
1634 3236 1688 3281 et
1743 3228 1794 3281 iu

222 3331 346 3372 eam
381 3317 683 3373 machinari
712 3317 977 3384 videmus,
1009 3319 1099 3387 qui
1128 3321 1350 3375 veniens
1375 3319 1478 3374 sub
1519 3320 1639 3376 loca
1681 3320 1796 3388 ejus

225 3408 398 3464 tendit
424 3409 470 3464 ei
499 3417 633 3474 rete,
684 3417 738 3466 et
781 3424 960 3466 eseam
994 3410 1253 3478 ostendit,
1309 3423 1539 3480 eamque
1571 3411 1640 3466 ob
1667 3425 1797 3466 cau-

223 3514 342 3554 sam
371 3501 701 3556 descendere
728 3500 871 3555 illam
900 3501 1033 3556 facit
1062 3500 1132 3556 ab
1159 3499 1442 3555 altitudine
1488 3501 1602 3566 illa,
1655 3515 1798 3555 cam-

223 3604 332 3660 que
368 3601 690 3661 aucupatur.
744 3591 1010 3646 Similiter
1051 3591 1183 3646 facit
1219 3591 1484 3656 diabolus,
1523 3605 1797 3662 aucupans

227 3679 415 3736 ﬁdeies
448 3681 788 3749 imperfectos
811 3681 924 3737 suis
948 3681 1334 3736 calliditatibus
1363 3696 1492 3738 vero
1525 3697 1633 3736 non
1657 3683 1800 3736 absi-

227 3772 463 3840 milihus,
498 3789 803 3844 quanquant
835 3783 1014 3828 tamen
1044 3789 1146 3827 non
1185 3774 1254 3827 ita
1287 3788 1406 3829 sese
1445 3774 1702 3838 habeant,
1742 3784 1797 3828 et

227 3862 529 3930 praecipites
560 3875 654 3916 eos
678 3861 789 3931 agit
811 3862 876 3916 de
907 3861 1120 3916 illorum
1152 3861 1490 3916 celsitudine.
1543 3859 1657 3916 liae
1682 3863 1798 3930 ipsa

229 3950 436 4004 ratione
460 3951 609 4014 fecit,
632 3965 754 4004 cum
783 3963 903 4007 sese
931 3952 1030 4006 sub
1061 3958 1309 4020 serpente
1347 3950 1560 4015 celavit,
1586 3961 1640 4005 et
1666 3951 1800 4006 dixit

228 4039 354 4095 Eva:
385 4057 401 4095 :
429 4040 489 4096 Si
537 4041 860 4095 camederitis
906 4040 970 4094 ab
1009 4042 1216 4107 arbore,
1268 4043 1344 4095 dii
1392 4043 1702 4112 eﬂiciemini,
1751 4055 1799 4098 et

225 4132 529 4198 aperientur
559 4131 696 4185 oculi
748 4133 905 4186 vestri
935 4133 1010 4186 ".
1063 4132 1186 4186 Eva:
1241 4145 1419 4188 autem
1469 4135 1552 4189 his
1601 4135 1801 4190 auditis

227 4220 409 4275 verbis
431 4220 746 4276 inclinatum
789 4230 875 4277 est
921 4237 1016 4277 cor
1055 4222 1118 4276 ad
1166 4221 1344 4288 illum,
1392 4232 1449 4278 et
1493 4209 1802 4292 putavit'id

227 4326 417 4366 verum
439 4328 580 4376 esse,
603 4322 884 4383 propterea
913 4313 1054 4382 quod
1080 4313 1147 4367 de
1171 4314 1273 4367 hoc
1298 4327 1402 4367 non
1433 4313 1797 4382 investigavit.

227 4407 300 4460 At
324 4419 446 4459 cum
479 4404 824 4469 comedisset,
876 4413 931 4459 et
974 4406 1258 4459 comedere
1294 4404 1611 4474 praebuisset
1651 4405 1797 4470 Adae,

1889 606 1958 662 ob
1998 591 2250 660 fiduciam
2311 605 2412 660 sibi
2460 604 2745 667 adscitam,
2787 611 2842 658 et
2883 615 2949 656 eo
2994 601 3136 672 quod
3172 609 3468 670 operantur

1889 698 2187 752 secundum
2236 698 2566 752 voluntatem
2613 694 2793 749 cordis
2847 692 2972 756 sui,
3019 706 3114 747 sua
3179 691 3465 758 implentes

1888 790 2179 856 desideria,
2214 790 2434 845 minime
2460 789 2911 856 obtemperantes,
2937 797 3111 853 neque
3152 781 3465 837 obedientes

1888 882 2001 937 suis
2030 882 2291 952 patribus.
2324 880 2461 934 liinc
2486 876 2731 932 diabolus
2763 873 3079 929 inducit-eis
3102 872 3202 926 has
3228 872 3464 958 visiones

1889 981 1943 1026 et
1977 971 2374 1040 phantasmata,
2402 975 2454 1022 et
2481 975 2737 1034 operatur
2763 965 2814 1018 in
2858 963 2964 1018 illis
3009 963 3318 1032 superbiam
3344 974 3466 1015 cor-

1889 1063 1996 1127 dis,
2034 1075 2332 1132 suggerens
2363 1058 2469 1112 illis
2492 1067 2649 1112 noctu
2669 1055 2876 1110 somnia
2912 1069 3028 1125 quae
3054 1053 3358 1108 veriﬁcabit
3384 1053 3466 1106 eis

1890 1153 2002 1217 diu,
2039 1162 2098 1204 ut
2132 1150 2492 1219 decipiantur.
2532 1146 2642 1202 Nec
2672 1148 2784 1202 haec
2809 1148 3102 1210 duntaxat;
3139 1145 3230 1199 sed
3263 1144 3467 1198 inducit

1890 1243 1969 1297 eis
2022 1242 2184 1296 etiam
2232 1240 2437 1293 lumina
2490 1249 2672 1302 noctu,
2723 1237 2798 1290 ita
2837 1245 2894 1290 ut
2943 1235 3313 1290 illuminentur
3349 1234 3464 1288 loca

1889 1349 2109 1398 eorum;
2156 1339 2211 1388 et
2261 1329 2635 1401 hujuscemodi
2671 1343 2831 1398 quam
2875 1327 3106 1396 plurima
3158 1326 3308 1391 facit,
3365 1339 3466 1378 nec

1893 1436 1996 1475 non
2023 1421 2196 1489 signa,
2240 1434 2358 1487 quae
2405 1419 2492 1472 hic
2534 1417 2800 1472 adducere
2835 1431 2938 1469 non
2975 1430 3259 1484 possumus
3294 1428 3468 1482 neque

1890 1509 2100 1574 singula
2133 1523 2382 1562 exarare.
2425 1506 2555 1574 Quae
2598 1506 2812 1575 quidem
2852 1506 3034 1559 omnia
3086 1515 3358 1574 operatur,
3411 1513 3468 1558 ut

1846 1644 1857 1655 .
1890 1615 2044 1668 aequo
2097 1599 2206 1653 sint
2241 1599 2444 1660 animo,
2477 1597 2874 1661 [existimantes
2918 1612 3039 1651 eum
3072 1612 3190 1651 esse
3220 1597 3466 1665 angelum

1893 1691 2010 1755 Dei,
2038 1689 2255 1743 etillnm
2288 1689 2701 1755 amplectantur.
2737 1686 2870 1741 Cum
2905 1690 3081 1741 autem
3114 1687 3262 1742 illum
3293 1703 3468 1742 susce-

1894 1781 2070 1850 perint
2095 1781 2194 1834 hac
2226 1781 2456 1843 ratione,
2503 1780 2623 1836 illos
2666 1781 2971 1848 prtecipites
3009 1780 3120 1847 agit
3164 1781 3231 1833 ab
3279 1795 3468 1833 eorum

1896 1873 2200 1934 altitudine,
2237 1871 2395 1926 sicuti
2449 1871 2685 1926 diximus
2730 1871 2796 1924 de
2847 1883 2974 1922 casu
3023 1869 3234 1922 illarum
3264 1870 3465 1930 avium,

1896 1973 2117 2033 propter
2153 1963 2401 2030 spiritum
2454 1962 2718 2030 superbia:
2771 1959 2860 2028 qui
2893 1959 2996 2014 illis
3023 1958 3326 2014 dominatus
3364 1973 3465 2014 es'.

1896 2055 1962 2107 Et
1997 2065 2052 2107 ut
2078 2054 2178 2108 sibi
2209 2055 2571 2124 persuadeant
2606 2069 2664 2109 se
2694 2067 2919 2122 magnos
2949 2059 3002 2106 et
3047 2051 3310 2120 gloriosos
3338 2049 3468 2103 effe-

1895 2155 2011 2199 ctos
2038 2161 2159 2200 esse
2201 2146 2255 2200 in
2287 2147 2476 2215 spiritu
2511 2162 2619 2216 pra;
2670 2147 2875 2210 multis,
2906 2151 3082 2206 curat,
3124 2157 3221 2196 nec
3268 2143 3470 2195 addunt

1897 2235 2010 2288 suis
2036 2235 2260 2288 obedire
2299 2236 2576 2304 patribus;
2610 2245 2664 2290 et
2690 2234 2942 2303 impletur
2960 2234 3026 2286 de
3053 2232 3155 2286 illis
3177 2232 3466 2300 scriptura,

1895 2326 2036 2392 quod
2073 2325 2182 2379 sint
2230 2326 2430 2380 racemi
2470 2325 2728 2381 florentes
2770 2325 2981 2390 acerbi;
3017 2331 3072 2379 et
3110 2339 3168 2377 re
3221 2337 3350 2377 vera
3390 2323 3466 2376 ita

1897 2422 2023 2466 sunt
2055 2429 2070 2468 :
2101 2415 2299 2482 quippe
2358 2416 2604 2470 doctrina
2651 2413 2867 2470 Patrum
2920 2416 3086 2469 ardua
3142 2413 3250 2469 illis
3283 2411 3470 2468 ellecta

1896 2515 1998 2569 est,
2032 2517 2096 2558 eo
2127 2505 2268 2574 quod
2295 2514 2555 2574 putarunt
2581 2521 2641 2560 se
2663 2506 2773 2576 jam
2802 2508 2984 2562 omnia
3013 2506 3253 2562 novisse.

1967 2594 2166 2661 Quare,
2225 2595 2368 2650 ﬁlioli
2407 2597 2511 2651 mei
2554 2596 2840 2666 benedicti,
2884 2600 3163 2670 intelligite
3198 2612 3318 2668 qua:
3361 2598 3469 2652 dixi

1894 2687 2070 2752 vobis,
2125 2687 2376 2743 videlicet
2407 2689 2548 2758 quod
2582 2691 2801 2746 minime
2847 2695 3129 2760 proiicere,
3174 2699 3268 2745 aut
3306 2691 3472 2746 satius

1900 2779 2107 2848 augeri,
2133 2787 2226 2832 aut
2249 2778 2458 2847 perﬁci,
2515 2779 2600 2834 vel
2651 2781 2794 2836 scire
2825 2781 3160 2852 distinguere
3192 2779 3338 2833 inter
3379 2779 3471 2833 bo-

1897 2887 2024 2924 num
2047 2879 2100 2924 et
2129 2870 2326 2925 malum
2359 2871 2622 2937 valebitis,
2647 2873 2746 2928 nisi
2765 2873 3264 2942 obtemperaveritis
3281 2873 3472 2926 vestris

1897 2957 2156 3027 perfectis
2208 2958 2476 3028 patribus.
2517 2961 2729 3016 Etenim
2765 2972 2947 3032 patres
2994 2963 3164 3017 nostri
3211 2963 3292 3020 sic
3335 2963 3471 3018 fece~

1897 3057 2041 3113 runt,
2087 3049 2330 3119 patribus
2389 3049 2502 3105 suis
2549 3051 2886 3121 obedientes,
2933 3069 3229 3123 eorumque
3298 3054 3465 3109 docu-

1900 3148 2080 3193 menta
2109 3139 2507 3207 auscultantes;
2557 3141 2758 3198 idcirco
2785 3143 3153 3214 profecerunt,
3197 3153 3253 3200 et
3291 3158 3465 3199 creve-

1901 3237 2044 3295 runt,
2080 3239 2134 3284 et
2172 3230 2420 3284 doctores
2462 3230 2588 3286 facti
2634 3240 2778 3298 sunt,
2821 3233 2980 3288 sicuti
3018 3233 3276 3302 scriptum
3304 3242 3386 3288 est
3421 3233 3472 3286 in

1898 3317 2174 3387 Sapientia
2201 3319 2295 3374 ﬁlii
2331 3319 2522 3375 Sirach
2555 3338 2570 3375 :
2605 3319 2803 3375 Discite
2830 3337 2861 3375 a
2889 3322 3127 3391 patribus
3150 3321 3352 3387 vestris,
3383 3321 3472 3390 qui

1896 3409 2190 3464 didicerunt
2223 3412 2513 3478 apatribus
2565 3428 2746 3467 eorum
2785 3413 2850 3469 ⁸⁸.
2898 3413 3002 3470 Vos
3063 3414 3269 3484 itaque,
3324 3413 3472 3468 ﬁlioli

1897 3499 2027 3563 mei,
2066 3501 2166 3553 hos
2189 3499 2387 3554 imitari
2418 3509 2653 3569 oportet,
2697 3501 2786 3570 qui
2819 3503 2930 3557 suis
2964 3503 3282 3558 obedierunt
3310 3503 3474 3572 patri-

1898 3589 2019 3652 bus,
2053 3587 2227 3658 iisque
2257 3589 2312 3643 in
2353 3575 2606 3646 omnibus
2633 3591 3094 3662 obtemperarunt,
3125 3607 3260 3661 quos
3295 3592 3473 3645 omnia

1898 3679 1993 3734 Dei
2024 3694 2126 3750 ope
2157 3689 2342 3750 patres
2371 3682 2707 3736 edocuerunt
2743 3697 2864 3753 qua:
2909 3683 3211 3737 didicerant
3243 3699 3273 3736 a
3310 3682 3475 3751 patri-

1897 3771 1996 3825 bus
2021 3770 2150 3834 suis,
2183 3781 2237 3826 et
2270 3771 2370 3842 ipsi
2397 3788 2458 3828 ea
2482 3773 2779 3828 docuerunt
2819 3773 2955 3828 filios
2991 3788 3119 3828 suos
3143 3773 3472 3829 obedientes.

1898 3863 2051 3918 lsaae
2086 3877 2318 3932 namque
2343 3863 2748 3934 obtemperavit
2783 3863 3036 3929 Abrahae,
3084 3861 3251 3918 Jacob
3295 3874 3474 3919 autem

1899 3953 2138 4009 obedivit
2174 3953 2349 4020 lsaae,
2375 3964 2431 4009 et
2455 3954 2652 4024 Joseph
2677 3955 2916 4010 obedivit
2957 3954 3147 4018 Jacob,
3176 3963 3224 4010 et
3257 3950 3478 4010 Elisseus

1900 4045 2139 4099 obedivit
2165 4044 2315 4109 Elite,
2344 4054 2398 4099 et
2427 4044 2624 4099 Paulus
2653 4044 2894 4100 obedivit
2930 4043 3177 4107 Ananiae,
3214 4052 3270 4099 et
3302 4044 3476 4097 Timo-

1903 4136 2058 4191 theus
2115 4136 2355 4190 obedivit
2385 4134 2580 4202 Paulo;
2617 4144 2670 4189 et
2697 4136 2750 4189 hi
2784 4149 2849 4190 ac
2881 4135 3084 4190 similes
3123 4135 3236 4190 suis
3262 4135 3479 4189 obedie-

1900 4236 2027 4280 runt
2063 4227 2332 4295 pa‘tribus,
2362 4240 2549 4279 eorum
2585 4224 2867 4293 implentes
2909 4225 3214 4279 voluntates
3252 4233 3308 4277 et
3348 4225 3476 4278 obe-

1901 4315 2159 4370 dientiam
2191 4317 2245 4369 in
2272 4315 2548 4380 omnibus,
2580 4323 2636 4368 et
2678 4327 3044 4382 cognoverunt
3077 4313 3380 4376 veritatem,
3422 4323 3478 4368 et

1902 4403 2203 4456 didicerunt
2240 4401 2528 4471 justitiam,
2579 4410 2634 4456 et
2666 4401 2957 4457 novissime
2991 4411 3306 4457 meruerunt
3349 4401 3475 4470 Spi-

231 4495 409 4550 evenit
455 4496 558 4552 illis
613 4495 904 4552 infelicitas
953 4494 1042 4552 illa
1097 4509 1312 4564 magna,
1374 4493 1796 4562 cecideruntque
1829 4504 1872 4560 ι)
1905 4492 2063 4546 ritum
2116 4498 2393 4556 sanctum;
2434 4499 2652 4560 tumque
2699 4489 3041 4560 protulerunt
3083 4490 3364 4545 veritatem
3417 4491 3478 4545 in

231 4583 392 4640 ambo
430 4600 463 4642 e
511 4601 607 4640 sua
652 4587 989 4642 celsitudine.
1045 4583 1311 4642 Sintiliter
1369 4581 1501 4635 facit
1550 4581 1797 4637 fidelibus

238 4677 590 4747 imperfectis,
628 4679 753 4732 dum
785 4669 1114 4748 distinguere
1146 4681 1393 4733 nesciunt
1433 4672 1574 4727 inter
1598 4673 1795 4728 bonum

228 4777 286 4824 et
336 4769 556 4835 malum,
614 4771 706 4825 sed
757 4782 1056 4840 sequuntur
1100 4786 1224 4825 snas
1280 4771 1684 4840 propensiones,
1743 4780 1795 4824 et

229 4859 444 4929 propria
476 4860 730 4927 opinione
763 4860 1034 4928 etjudicio
1066 4869 1191 4916 sunt
1219 4861 1481 4924 contenti,
1519 4875 1618 4914 nec
1673 4861 1793 4914 edi-

229 4963 382 5005 scere
409 4960 602 5005 curant
624 4966 654 5005 a
677 4952 788 5006 suis
823 4953 1068 5021 patribus
1109 4953 1200 5023 qui
1237 4954 1347 5022 jam
1394 4953 1618 5022 perfecti
1649 4964 1797 5019 sunt,

227 5049 286 5096 et
310 5041 676 5096 distinxerunt
724 5043 862 5098 inter
892 5043 1088 5098 bonum
1130 5055 1183 5098 et
1220 5044 1452 5110 malum;
1482 5045 1575 5098 sed
1624 5045 1796 5099 secuti

229 5141 358 5186 sunt
383 5131 560 5186 cordis
592 5132 675 5186 sui
709 5134 997 5197 desideria,
1033 5135 1405 5189 existimantes
1433 5149 1493 5189 se
1516 5134 1662 5189 solos
1685 5133 1797 5202 jam
1843 5197 1848 5206 I

229 5220 614 5291 perfectionem
659 5223 958 5278 obtinuisse
993 5239 1056 5279 ac
1107 5224 1532 5279 benedictionem
1581 5239 1798 5278 suorum

228 5321 465 5382 patrum.
496 5311 558 5367 ηε
603 5324 805 5382 autem,
843 5315 990 5371 ﬁlioli
1037 5317 1163 5381 mei,
1195 5316 1402 5372 similes
1444 5324 1573 5369 sunt
1611 5315 1800 5371 avibus

229 5404 336 5459 illis
363 5419 485 5474 quae
528 5413 946 5463 construxerunt
979 5409 1131 5463 nidos
1179 5423 1308 5464 suos
1347 5409 1397 5462 in
1433 5421 1581 5472 aere,
1622 5417 1675 5460 et
1704 5408 1798 5458 de-

228 5494 555 5549 scenderunt
581 5495 634 5551 in
671 5505 891 5566 terram,
938 5509 992 5554 et
1020 5499 1268 5568 aucupati
1301 5508 1426 5553 sunt
1457 5511 1549 5552 cas
1583 5508 1799 5554 venato-

301 5637 350 5672 ⁸⁸
385 5621 550 5695 Hebr.
582 5655 634 5705 ν,
666 5640 752 5695 it.
785 5639 830 5672 “
853 5637 1013 5694 Prov.
1046 5636 1266 5704 “1,25.
1345 5638 1388 5670 “
1425 5639 1588 5693 Amos
1620 5652 1735 5707 vnt,
1765 5639 1819 5694 2.

306 5775 417 5848 (ΩΙ)
467 5777 613 5835 Vires
648 5796 790 5836 suat.
823 5775 1102 5846 PrOposita
1138 5791 1256 5832 sua.

1903 4583 2174 4648 omnibus,
2216 4582 2295 4636 uti
2330 4582 2589 4650 scriptum
2622 4591 2706 4636 est
2747 4571 2820 4636 in.
2845 4580 3126 4635 Ezechiele
3158 4581 3418 4652 propheta
3457 4599 3474 4636 :

1904 4675 2166 4730 Constitui
2190 4683 2238 4727 t‘e
2272 4683 2521 4727 rectorem
2559 4672 2738 4726 domui
2773 4671 2945 4726 Israel
2983 4673 3052 4726 ".
3087 4670 3294 4742 itaque,
3343 4672 3476 4726 dile-

1903 4765 2128 4820 ctissimi
2157 4764 2208 4817 in
2240 4762 2472 4818 Domino
2500 4773 2553 4816 et
2584 4764 2716 4817 recti
2750 4765 2937 4824 corde,
2964 4763 3006 4818 si
3039 4764 3307 4833 proficere
3336 4763 3478 4832 cupi-

1907 4857 1997 4920 tis,
2043 4865 2096 4910 et
2148 4855 2316 4910 satius
2361 4855 2566 4924 augeri,
2621 4861 2674 4909 et
2723 4853 2868 4909 reddi
2921 4853 3388 4924 imperturbabiles
3423 4854 3476 4908 in

1905 4948 2159 5005 cordibus
2184 4947 2398 5013 vestris,
2426 4958 2476 5001 et
2501 4961 2604 5000 non
2632 4945 2776 5000 illudi
2805 4960 2833 4998 a
2858 4944 3084 4998 diabolis
3105 4945 3157 4998 iu
3178 4960 3474 5013 quoquam,

1905 5041 2120 5096 obedite
2169 5039 2414 5109 patribus
2467 5037 2685 5101 vestris,
2739 5037 2924 5104 eisque
2975 5035 3366 5104 obtemperate,
3425 5045 3478 5088 et

1907 5148 2010 5188 non
2043 5131 2244 5186 cadetis
2276 5134 2330 5184 in
2356 5138 2640 5184 aeternum.
2687 5127 2798 5198 Ego
2843 5142 2968 5181 vero
3002 5126 3105 5180 alia
3140 5141 3236 5181 vos
3277 5126 3477 5178 docebo

1907 5240 2092 5294 opera,
2129 5236 2249 5293 quze
2285 5221 2556 5276 hominem
2604 5220 2822 5273 ﬁrmant
2871 5219 2937 5272 ab
2992 5215 3146 5270 initio
3189 5229 3356 5282 usque
3403 5216 3468 5264 ad

1910 5319 2099 5383 finem;
2132 5325 2187 5369 et
2218 5322 2362 5376 sunt,
2397 5320 2457 5366 ut
2479 5311 2669 5380 diligat
2703 5310 2864 5363 homo
2912 5306 3080 5362 Deum
3111 5321 3178 5359 ex
3211 5312 3319 5358 tota
3353 5304 3474 5358 ani-

1909 5426 1994 5463 ma
2028 5422 2145 5471 sua,
2185 5419 2252 5460 ex
2298 5412 2411 5459 toto
2451 5402 2614 5456 corde
2642 5415 2742 5454 suo
2773 5408 2829 5452 et
2863 5412 2929 5451 ex
2966 5405 3076 5450 tota
3125 5404 3308 5451 mente
3360 5409 3476 5453 sua,

1907 5501 2064 5570 eique
2091 5496 2444 5568 subjiciatur;
2496 5501 2549 5548 ct
2597 5500 2723 5545 tunc
2752 5489 2901 5544 dabit
2935 5489 2983 5544 ei
3031 5487 3173 5541 Deus
3221 5485 3476 5539 virtutem

1900 5637 1942 5671 ‘"
1971 5635 2104 5692 Gen.
2139 5649 2220 5701 nt,
2244 5633 2296 5686 5.
2375 5630 2418 5664 ⁸⁸
2450 5627 2614 5684 Eccli.
2654 5636 2772 5692 vnt,
2801 5625 2891 5685 ii.
2966 5625 3010 5656 “
3037 5621 3232 5680 Ezech.
3270 5635 3355 5688 nt,
3389 5617 3478 5672 17.
