3868 6282
459 327 594 385 1051

1563 323 1835 382 PATRES
1876 323 2180 405 IEGYPTIl
2223 322 2498 383 SAECULI
2539 325 2626 381 IV.

3606 329 3750 386 105!

460 463 716 519 magnam
741 456 796 502 et
822 447 1109 518 gaudium;
1141 455 1196 500 et
1220 445 1397 502 dulcia
1444 445 1494 501 ei
1538 449 1836 503 redduntur
1866 450 2044 504 omnia
2077 455 2122 510 Α
2153 450 2266 515 qui,
2304 450 2518 504 inventa
2552 446 2947 519 pretiosissima
2983 447 3300 518 margarita,
3338 448 3512 514 abiit,
3541 461 3602 504 et
3621 466 3748 504 veo-

459 554 624 608 opera
655 539 745 593 Dei
771 548 1022 609 tanquam
1053 537 1244 603 favus;
1286 551 1386 593 nec
1436 553 1539 591 non
1580 553 1770 594 omnes
1799 542 2043 609 corporis

462 633 696 697 labores,
732 642 788 686 et
812 632 1213 696 meditationes,
1246 639 1301 685 et
1331 630 1543 701 vigiliae,
1575 641 1628 685 et
1665 634 1900 702 portatio
1923 632 2042 702 jugi

469 725 563 778 Dei
599 726 660 779 fit
689 724 737 778 ei
767 724 898 777 levis
925 733 979 776 et
1007 722 1201 777 dulcis.
1225 722 1454 790 Propter
1479 723 1822 779 dilectionem
1855 734 2038 777 autem

471 813 683 867 Domini
734 828 862 881 erga
910 813 1180 877 homines,
1222 813 1466 866 immittit
1515 813 1596 868 eis
1651 814 1896 883 quaedam
1939 814 2048 868 illis

465 903 836 967 adversantia,
879 917 946 956 ne
977 905 1410 973 magnilicentur,
1443 905 1538 959 sed
1569 915 1626 958 ut
1655 905 1954 973 persistaut
1993 905 2045 957 in

464 990 784 1053 certamine,
830 999 886 1043 et
934 991 1208 1058 accipiant
1247 991 1667 1057 incrementum,
1721 993 1772 1047 id
1813 1003 1896 1048 est
1947 1009 2045 1063 pro

463 1077 786 1132 fortitudine
830 1078 1152 1146 gravitatem
1185 1086 1238 1132 et
1269 1079 1661 1145 infirmitatem,
1715 1096 1812 1150 pro
1859 1082 2050 1149 gaudio

465 1176 786 1232 humorem,
835 1184 936 1237 pro
961 1170 1144 1237 quiete
1170 1179 1226 1225 et
1253 1171 1651 1240 tranquillitate
1681 1174 2050 1242 perturbatio-

464 1277 610 1327 nem,
663 1275 761 1329 pro
799 1261 1084 1316 dulcedine
1138 1261 1582 1327 amaritudinem,
1640 1271 1694 1318 et
1743 1263 1848 1316 alia
1897 1263 2052 1332 plura

463 1350 734 1420 ejusmodi
766 1351 1026 1406 eveniunt
1049 1351 1292 1423 diligenti
1318 1350 1599 1417 Deum;et
1633 1363 1914 1421 propterea
1941 1367 2056 1406 ma-

465 1445 549 1512 gis
601 1442 1050 1497 corroborabitur
1095 1441 1423 1496 decertando
1473 1452 1662 1497 contra
1703 1457 1787 1507 ea,
1833 1451 1888 1496 et
1937 1444 2055 1498 vin-

466 1535 636 1590 cendo
669 1535 905 1605 :quibus
932 1537 1221 1605 superatis,
1255 1535 1493 1604 Spiritus
1531 1545 1752 1595 sanctus
1781 1535 1887 1590 erit
1926 1551 2050 1591 cum

468 1627 560 1681 illo
593 1627 648 1681 in
683 1625 959 1691 omnibus,
989 1627 1060 1681 ita
1095 1636 1154 1682 nt
1191 1627 1491 1697 quidquam
1526 1628 1649 1682 mali
1687 1628 1913 1682 omnino
1944 1643 2049 1682 non

469 1719 677 1772 timeat.
706 1715 857 1785 Rogo
899 1725 1081 1771 autem
1123 1717 1405 1771 Dominum
1463 1731 1664 1782 meum,
1718 1725 1777 1770 ut
1816 1717 2051 1788 clargia-

2147 542 2285 596 didit
2313 541 2494 594 omnia
2525 555 2645 604 sua,
2671 549 2725 594 et
2753 539 2885 595 emit
2914 540 3081 594 illam.
3110 540 3393 610 Scriptum
3427 543 3608 596 etiam
3643 554 3755 606 est,

2149 629 2292 698 quod
2317 644 2443 684 cum
2477 629 2763 684 thesaurus
2791 637 2936 684 esset
2971 629 3319 686 absconditus
3347 631 3402 683 in
3428 645 3596 700 agro,
3625 645 3756 687 cum

2148 735 2270 774 eum
2293 719 2584 774 invenisset
2605 719 2794 784 homo,
2821 717 3098 773 abscondit
3125 718 3295 783 illum,
3316 729 3374 774 et
3401 719 3572 776 lmtus
3597 722 3754 788 abiit,

2149 810 2390 866 vendidit
2419 811 2599 866 omnia
2625 825 2747 876 sua,
2777 820 2832 865 et
2865 811 2995 865 emit
3022 825 3212 881 agrum
3249 809 3401 866 illum
3435 813 3513 866 τ’.
3545 812 3757 867 Simili-

2154 910 2234 954 ter
2285 901 2484 966 sancti,
2523 900 2861 955 dilectissimi
2898 901 3022 966 mei,
3063 901 3116 954 in
3147 901 3401 956 omnibus
3431 905 3750 972 generatio-

2152 990 2330 1056 nibus,
2364 1005 2486 1045 cum
2525 990 2672 1045 hunc
2709 990 3014 1044 invenerint
3037 991 3321 1059 Spiritum,
3355 1001 3412 1046 et
3453 993 3755 1047 habitaveo

2152 1081 2224 1133 rit
2257 1081 2312 1134 in
2362 1079 2493 1146 illis,
2529 1080 2735 1150 gratias
2762 1090 2988 1150 egerunt
3017 1080 3128 1136 Deo
3158 1083 3451 1135 maximas.
3485 1082 3600 1149 Qui
3632 1086 3754 1153 qui-

2153 1169 2272 1223 dem
2319 1184 2661 1238 nequaquam
2718 1169 2924 1224 habitat
2973 1170 3075 1226 nisi
3117 1170 3174 1224 in
3232 1171 3533 1227 animabus
3582 1173 3758 1230 beatis

2155 1257 2345 1327 bisque
2368 1257 2656 1327 similibus,
2677 1259 2882 1327 quibus
2908 1259 3082 1327 aperit
3113 1273 3306 1329 magna
3334 1275 3577 1327 arcana,
3607 1262 3758 1319 elar-

2154 1347 2305 1416 giens
2339 1347 2592 1417 gaudium
2637 1357 2694 1403 et
2722 1349 2963 1418 requiem
3007 1350 3261 1404 cordibus
3309 1365 3507 1405 eorum
3560 1355 3622 1407 in
3658 1355 3759 1410 hoc

2156 1436 2374 1504 mundo,
2423 1435 2633 1492 faciens
2679 1452 2866 1490 eorum
2921 1447 3156 1504 noctem,
3205 1440 3347 1493 sicut
3390 1440 3574 1496 diem.
3623 1443 3759 1498 Cum

2154 1534 2335 1580 autem
2381 1527 2542 1596 plana
2592 1526 2748 1582 vobis
2800 1526 3041 1595 fecerim,
3098 1527 3248 1582 filioli
3298 1529 3442 1594 mei,
3498 1531 3760 1600 quaedam

2154 1631 2319 1685 Opera
2353 1616 2511 1685 hujus
2537 1619 2710 1673 sancti
2746 1617 3000 1688 Spiritus,
3032 1619 3192 1688 cupio
3215 1620 3377 1673 etiam
3409 1621 3577 1675 vobis
3604 1637 3760 1691 que-

2159 1709 2282 1762 dam
2319 1709 2559 1764 indicare
2592 1711 2895 1764 certamina
2931 1711 3157 1780 spiritus
3197 1712 3344 1766 mali.
3392 1711 3622 1768 Scitote
3664 1716 3759 1768 ita-

471 1817 560 1863 tur
599 1806 750 1863 vobis
789 1808 927 1862 hanc
977 1807 1205 1876 gratiam
1255 1808 1325 1862 ob
1374 1817 1612 1863 vestram
1664 1809 2051 1872 obedientiam,

2161 1813 2286 1866 que,
2316 1799 2459 1868 quod
2495 1799 2783 1854 discedens
2809 1815 2840 1853 a
2878 1801 3052 1867 vobis,
3086 1800 3302 1855 facilem
3333 1803 3608 1858 reddente
3661 1804 3762 1860 Do-

469 1914 630 1967 quam
659 1898 811 1953 vobis
835 1908 1036 1955 servet.
1066 1897 1164 1952 Cui
1192 1912 1312 1952 cum
1343 1897 1503 1952 Patre
1533 1913 1632 1952 suo
1662 1900 1820 1962 bono,
1843 1910 1899 1954 et
1929 1899 2054 1970 Spi-

471 1993 578 2046 ritu
611 2000 821 2054 sancto,
856 1990 974 2044 laus
1001 1997 1056 2044 et
1077 1988 1250 2044 honor
1303 1989 1374 2044 ab
1417 1990 1669 2045 omnibus
1700 1991 2055 2048 rationalibus

471 2083 524 2140 in
555 2092 836 2139 attentum.
872 2083 1067 2137 Amen.

1009 2170 1348 2226 EPISTOLA
1387 2170 1528 2225 XIX.

857 2263 1010 2316 Filiis
1044 2264 1154 2317 suis
1181 2263 1468 2316 monac/ris.
1509 2262 1699 2316 Dixit:

541 2354 770 2420 Scitote,
805 2355 949 2410 ﬁlioli
990 2373 1004 2409 :
1045 2353 1284 2425 Spiritus
1329 2363 1549 2408 sanctus
1596 2369 1812 2422 semper
1839 2369 1904 2409 ac
1933 2369 2053 2423 per-

470 2455 634 2515 petuo
678 2446 846 2516 spirat
891 2445 1114 2500 odorem
1158 2445 1544 2498 suavissimum
1581 2459 1645 2498 ac
1680 2445 2051 2498 dulcissimum

467 2543 527 2591 et
555 2536 732 2606 lingua
758 2537 1214 2606 inexplicabilem,
1247 2537 1406 2591 sicuti
1433 2535 1666 2590 dicitur:
1701 2535 1834 2602 Quis
1857 2550 2056 2606 cogno-

473 2626 579 2679 scit
631 2626 953 2680 suavitatem
994 2626 1230 2694 Spiritus
1272 2635 1328 2680 et
1367 2626 1484 2696 ejus
1533 2627 1908 2692 dulcedinem,
1952 2626 2054 2684 nisi

473 2715 549 2769 illi
593 2717 684 2783 qui
724 2724 1038 2770 meruerunt
1071 2725 1131 2769 ut
1165 2715 1497 2782 inhabitaret
1533 2715 1583 2768 in
1632 2714 1772 2769 illis?
1803 2714 1918 2770 lloc
1954 2730 2052 2769 au-

474 2812 580 2858 tem
614 2814 799 2858 notum
842 2814 959 2868 est,
996 2806 1139 2874 quod
1177 2803 1330 2858 multi
1378 2804 1525 2857 illum
1562 2819 1666 2858 non
1715 2814 2052 2872 meruerunt,

473 2896 728 2966 quoniam
778 2895 1000 2964 spiritus
1029 2895 1362 2964 pcenitentiaa
1394 2910 1499 2950 non
1541 2895 1813 2950 inhabitat
1841 2895 1892 2949 in
1935 2898 2054 2950 ani-

469 2988 662 3041 mabus
691 2986 1092 3055 paenitentiam,
1127 2986 1230 3040 nisi
1268 2985 1464 3041 multos
1499 2995 1621 3054 post
1643 2986 1880 3041 labores.
1914 2986 2049 3042 Cum

472 3087 655 3131 autem
708 3077 1094 3131 iubabitaverit
1146 3077 1197 3130 in
1256 3077 1400 3138 illis,
1448 3091 1543 3132 eos
1595 3077 1771 3132 tradet
1827 3078 2052 3146 Spiritui

469 3175 684 3231 sancto,
717 3177 771 3222 et
796 3168 1124 3222 inhabitabit
1149 3169 1200 3222 in
1234 3169 1339 3222 illis
1365 3169 1599 3237 Spiritus
1624 3142 2055 3224 sanctusiVide-
2083 3142 2128 3201 C

469 3272 590 3312 mus
613 3257 781 3325 enim,
814 3257 963 3312 lilioli
1004 3258 1132 3323 mei,
1165 3272 1284 3314 esse
1307 3258 1360 3312 in
1395 3259 1498 3314 hoc
1525 3259 1725 3313 mundo
1757 3259 1925 3315 multa
1967 3259 2054 3314 bis

468 3349 710 3417 similia;
744 3349 946 3404 etenim
1002 3349 1140 3419 lapis
1188 3363 1414 3419 gemma:
1461 3364 1568 3404 non
1614 3349 1891 3405 obtinetur
1946 3350 2055 3404 nisi

474 3455 672 3512 magno
699 3441 906 3506 labore,
931 3454 1030 3494 nec
1057 3441 1324 3508 reperitur
1349 3439 1403 3493 iu
1436 3439 1748 3494 civitatibus
1779 3445 1874 3493 aut
1900 3439 2056 3509 oppi-

471 3533 556 3589 dis
587 3572 604 3596 ,
679 3532 770 3587 sed
819 3530 872 3586 iit
929 3531 1182 3586 domibus
1228 3546 1412 3602 regum
1463 3532 1772 3586 duntaxat:
1812 3532 2060 3587 similiter

470 3623 640 3676 etiam
689 3622 926 3692 Spiritus
975 3629 1194 3676 sanctus
1243 3635 1348 3675 non
1403 3620 1672 3675 habitabit
1718 3620 1770 3675 in
1824 3622 2056 3691 superba

473 3713 689 3775 anima,
736 3713 830 3768 sed
881 3714 933 3767 in
982 3712 1267 3768 animabus
1317 3711 1624 3776 humilium,
1671 3727 1902 3782 quorum
1948 3721 2056 3768 tota

470 3803 728 3872 cogitatio
763 3803 818 3857 in
857 3803 1207 3872 perfectione.
1233 3803 1338 3857 sita
1373 3812 1475 3858 est.
1515 3801 1650 3858 Cum
1685 3812 1866 3858 autem
1900 3805 2053 3860 habi-

473 3893 669 3946 taverit
715 3893 770 3946 in
815 3891 940 3945 istis
990 3892 1080 3946 hic
1115 3891 1376 3960 Spiritus,
1429 3892 1696 3947 maximas
1738 3903 1899 3963 agent
1950 3894 2059 3948 Deo

473 3985 678 4051 gratias
737 3982 1070 4051 multamque
1124 3983 1372 4047 laudem;
1421 3983 1679 4052 quoniam
1745 3993 2060 4039 meruerunt

473 4072 733 4143 Spiritum
778 4082 1026 4129 sanctum
1069 4073 1123 4127 in
1172 4074 1280 4128 illis
1315 4075 1597 4139 habitare,
1649 4075 1810 4130 sicuti
1861 4078 2060 4132 meruit

473 4163 623 4218 illum
650 4163 804 4228 Levi,
829 4170 882 4216 et
905 4162 1016 4232 egit
1041 4161 1269 4215 Domino
1292 4161 1558 4216 maximas
1581 4163 1806 4232 gratias,
1835 4162 2054 4219 dicens:

470 4255 792 4310 Benedicam
844 4263 926 4320 te,
966 4254 1214 4318 Domine,
1259 4253 1352 4322 qui
1395 4253 1661 4309 edocuisti
1712 4269 1800 4310 me
1849 4254 2055 4325 Spiritu

470 4363 632 4419 quem
674 4347 869 4402 dedisti
915 4347 1088 4402 servis
1126 4347 1250 4400 tuis.
1301 4347 1444 4401 Dixit
1475 4348 1638 4402 etiam
1673 4365 1687 4401 ε
1723 4347 2048 4404 Benedictus

470 4453 557 4502 es,
588 4437 833 4502 Domine,
863 4435 954 4505 qui
987 4436 1183 4490 dedisti
1216 4437 1420 4491 sanctis
1447 4436 1554 4491 tuis
1584 4438 1844 4492 honorem
1873 4440 2055 4492 omni-

413 4587 418 4592 ,
471 4529 574 4584 bus
601 4528 804 4582 divitiis
827 4528 1264 4595 praestantiorem
1291 4543 1305 4580 :
1336 4526 1590 4596 equidem
1619 4542 1722 4580 non
1749 4527 1901 4582 valeo
1933 4527 2056 4598 Spi-

470 4620 609 4675 ritus
640 4617 952 4672 divitiarum
980 4618 1404 4688 magnitudinem
1433 4618 1697 4687 aspicere,
1721 4634 1878 4686 quem
1910 4619 2056 4673 elar-

467 4712 613 4782 gitus
648 4724 708 4765 es
739 4710 944 4765 sanctis
974 4710 1101 4764 tuis.
1137 4709 1307 4776 Quem
1339 4709 1555 4780 quidem
1591 4709 1872 4778 Spiritum,
1906 4711 2054 4766 filioli

467 4803 597 4862 mei.
638 4810 945 4871 quaerentes
984 4803 1157 4857 sancti
1191 4801 1551 4866 invenerunt;
1583 4809 1638 4856 et
1667 4810 1753 4856 est
1789 4802 1926 4870 lapis
1961 4818 2054 4858 ve-

468 4908 560 4946 rus
589 4933 604 4958 ,
659 4893 817 4961 cujus
849 4893 1094 4947 meminit
1129 4901 1540 4947 sacrosanctum
1589 4893 1940 4964 Evangelium
1972 4895 2051 4957 7°;

469 4982 616 5052 quod
654 4983 816 5038 homo
843 4994 1111 5038 mercator
1139 4985 1417 5054 quaerebat
1441 5000 1712 5054 gemmam
1741 4985 2053 5054 pulchram,

539 5121 586 5152 "°
631 5120 820 5176 Matth.
851 5137 971 5184 χιιι,
1008 5121 1098 5186 45,
1124 5125 1213 5176 46.
1287 5123 1330 5154 ⁷¹
1377 5123 1504 5178 ibid.
1534 5123 1624 5178 44.

544 5229 657 5304 (ᾷῖ)
688 5229 1013 5304 Potestatem
1038 5235 1262 5304 cogendi
1289 5262 1361 5304 _—_
1390 5233 1490 5285 nisi
1516 5233 1569 5285 id
1596 5233 1675 5286 illi
1713 5234 2048 5298 permittatur

473 5321 508 5358 a
551 5300 753 5371 Spiritu
801 5313 1002 5356 sancto.
1036 5300 1227 5374 Nullus
1253 5301 1462 5374 ‘dubito
1493 5305 1620 5370 quin
1654 5304 1928 5374 interpres
1965 5306 2051 5360 hic

475 5376 838 5443 ntinusgrecte
875 5372 1051 5426 saucti
1083 5371 1298 5425 abbatis
1324 5375 1652 5428 sententiam
1685 5371 2052 5443 expresserit;

477 5457 599 5512 quae
625 5441 882 5513 nimirum
921 5445 992 5495 ita
1020 5442 1252 5513 fortasse
1277 5443 1549 5498 reddenda
1579 5441 1774 5498 fuisset
1802 5455 2056 5513 potestate

476 5511 714 5565 tentandi
744 5521 839 5566 aut
873 5513 1148 5567 similiter.
1177 5512 1329 5579 Quod
1371 5515 1586 5582 quidem
1616 5511 1845 5569 suadere
1871 5517 2057 5570 viden-

477 5591 568 5636 tur
597 5596 717 5648 qua
753 5598 876 5636 mox
911 5591 1213 5656 sequuntur
1254 5599 1268 5656 _:
1309 5583 1510 5656 Deinde
1537 5586 1716 5638 eduxit
1745 5585 1895 5638 illum
1936 5585 2059 5656 Spi-

479 5663 585 5714 tus,
629 5661 682 5703 ut
732 5660 1036 5707 tentaretur
1081 5669 1114 5706 α
1152 5653 1365 5708 diabolo
1399 5655 1487 5723 qui
1520 5682 1591 5693 -—
1618 5671 1726 5708 non
1765 5656 1932 5710 valttit
1973 5653 2064 5710 ad-

478 5736 660 5774 sorsus
695 5737 832 5776 eum.
884 5723 1104 5779 Excidit
1136 5737 1270 5782 sane
1299 5739 1330 5779 a
1362 5734 1508 5781 recta
1536 5725 1806 5781 sentiendi
1854 5727 2064 5786 ratione

1717 5125 1762 5156 τ’
1805 5125 1935 5181 Luc.
1966 5141 2041 5192 tv,
2082 5127 2169 5182 13.

2155 1889 2305 1944 mino
2356 1890 2499 1943 viam
2544 1904 2753 1953 meam,
2789 1891 3010 1960 perveni
3057 1891 3127 1945 ad
3167 1907 3344 1948 meum
3378 1894 3759 1959 domicilium,

2153 1989 2210 2035 et
2257 1981 2526 2048 permansi
2586 1983 2638 2036 in
2695 1997 2810 2037 mea
2857 1981 3146 2038 solitudine
3195 1995 3350 2040 extra
3406 1987 3608 2043 turbas
3662 2004 3759 2058 ope

2155 2073 2327 2128 sancti
2353 2073 2609 2142 Spiritus,
2631 2073 2789 2135 clam,
2821 2088 2885 2129 ac
2907 2074 3107 2142 palam.
3139 2075 3408 2144 Cuperem
3437 2085 3500 2132 ut
3535 2095 3759 2148 semper

2155 2178 2320 2234 penes
2353 2177 2438 2217 me
2471 2165 2686 2227 essetis,
2721 2173 2777 2217 ut
2801 2164 2954 2218 vobis
2988 2176 3173 2219 notum
3213 2166 3447 2221 facerem
3481 2172 3759 2242 quidquid

2157 2255 2286 2309 mihi
2331 2262 2518 2309 notum
2571 2254 2700 2310 fecit
2746 2255 2982 2324 Spiritus
3027 2268 3247 2311 sanctus
3298 2259 3447 2310 omni
3504 2269 3758 2331 tempore

2156 2344 2442 2417 (scriptum
2473 2348 2617 2402 enim
2649 2356 2771 2403 est:
2807 2347 3016 2402 Divitiae
3046 2347 3262 2403 Domini
3288 2349 3647 2418 opitulantur
3672 2371 3759 2408 sa-

2155 2438 2370 2510 pienti),
2439 2453 2540 2494 nec
2581 2454 2685 2492 non
2733 2441 3111 2497 contentiones
3155 2457 3289 2510 quas
3323 2455 3519 2512 postea
3559 2447 3756 2502 infelix

2161 2541 2357 2596 passus
2387 2543 2504 2582 sum
2533 2543 2550 2582 :
2575 2529 2772 2599 quippe
2800 2531 3129 2586 tentationes
3152 2547 3256 2588 non
3281 2534 3557 2606 impetunt
3579 2541 3758 2593 va.ide

2158 2619 2259 2672 nisi
2291 2633 2386 2674 eos
2417 2620 2509 2690 qui
2537 2629 2861 2690 acceperunt
2891 2621 3152 2692 Spiritum
3181 2635 3454 2681 sanctum.
3491 2628 3757 2696 Quando-

2159 2710 2372 2778 quidem
2405 2719 2629 2781 accepto
2661 2710 2890 2780 Spiritu,
2923 2713 3134 2768 inducit
3169 2716 3249 2770 eis
3279 2718 3535 2774 diabolus
3573 2731 3757 2775 tenta-

2161 2802 2357 2869 tiones,
2383 2804 2742 2873 permittente
2772 2803 2890 2872 ipso
2924 2805 3155 2874 Spiritu,
3182 2821 3305 2861 cum
3337 2808 3601 2865 diabolus
3632 2813 3756 2864 nul-

2165 2891 2272 2946 lam
2305 2893 2507 2948 habeat
2530 2880 2850 2963 potestatem
2879 2885 3102 2963 cogendi
3136 2898 3445 2967 quempiam
3480 2903 3751 2963 fidelium,

2163 2981 2268 3036 nisi
2300 2982 2350 3036 id
2381 2983 2457 3037 illi
2484 2984 2832 3052 permittatur
2863 2998 2893 3038 a
2926 2985 3131 3053 Spiritu
3165 2997 3356 3042 sancto
3388 2988 3532 3059 (2‘2).

2231 3073 2298 3128 Et
2332 3075 2595 3132 Dominus
2625 3086 2811 3132 noster
2840 3092 2963 3130 cum
2989 3080 3288 3148 accepisset
3315 3095 3378 3134 ea
3404 3095 3530 3150 qua:
3565 3094 3754 3137 nostra

2160 3177 2308 3231 sunt,
2361 3168 2537 3224 lactus
2584 3179 2669 3224 est
2713 3171 2868 3225 nobis
2919 3170 3230 3238 exemplar,
3272 3180 3332 3226 ut
3382 3188 3487 3226 nos
3537 3190 3754 3243 semper

2159 3258 2353 3311 doceat
2387 3271 2717 3328 cognoscere
2753 3259 3063 3316 veritatem.
3092 3259 3227 3316 Cum
3261 3262 3408 3316 enim
3444 3261 3754 3330 baptizatus

2159 3347 2367 3413 fuisset,
2400 3349 2679 3404 descendit
2718 3348 2952 3420 Spiritus
2993 3361 3216 3406 sanctus
3246 3366 3410 3422 super
3444 3352 3753 3418 illurn,sic-

2160 3449 2221 3492 ut
2267 3439 2540 3506 columba,
2601 3439 2796 3496 deinde
2819 3441 3008 3497 eduxit
3033 3441 3185 3496 illum
3213 3442 3452 3512 Spiritus
3486 3444 3542 3498 in
3575 3446 3752 3500 deser-

2159 3538 2296 3596 tum,
2341 3541 2402 3586 ut
2436 3539 2739 3588 tentaretur
2785 3548 2816 3588 a
2871 3533 3116 3601 diabolo;
3153 3535 3244 3604 qui
3286 3550 3410 3591 cum
3460 3540 3751 3606 probasset

2158 3622 2310 3678 illum
2349 3624 2603 3680 omnibus
2628 3625 2742 3680 suis
2761 3624 3178 3694 tentationibus,
3211 3642 3315 3682 non
3351 3626 3528 3682 valuit
3554 3636 3751 3684 adver-

2158 3729 2252 3770 sus
2279 3730 2426 3778 eum,
2461 3715 2623 3771 sicuti
2667 3715 2868 3772 dicitur
2902 3717 2958 3771 in
3001 3716 3292 3788 Evangelia
3338 3716 3510 3774 Lucae
3535 3721 3610 3774 de
3639 3737 3706 3776 eo
3735 3741 3749 3775 :

2159 3807 2392 3878 Cumque
2426 3808 2777 3878 complevisset
2805 3809 3046 3864 diabolus
3083 3827 3260 3865 omnes
3276 3813 3621 3880 tentotiot-es,
3646 3816 3752 3868 dis-

2159 3901 2314 3955 cessit
2363 3899 2426 3954 ab
2456 3899 2549 3953 illo
2582 3900 2650 3953 ad
2679 3910 2879 3970 tempus
2908 3903 2977 3957 ⁷⁸.
3005 3900 3071 3956 Ει
3093 3915 3345 3958 reversus
3366 3912 3451 3958 est
3483 3903 3751 3961 Dominus

2157 3989 2319 4047 Jesus
2369 3992 2424 4046 in
2472 3990 2754 4048 Galilaeam
2793 3991 2995 4049 virtute
3025 3991 3280 4062 Spiritus.
3309 3993 3388 4050 lta
3429 4010 3634 4052 omnes
3661 3997 3750 4068 qui

2160 4080 2436 4150 accipiunt
2464 4078 2753 4150 Spiritum,
2785 4089 2840 4135 et
2865 4082 3150 4138 decertant
3178 4093 3233 4140 et
3275 4096 3539 4153 superant
3573 4095 3751 4141 tenta-

2162 4167 2354 4235 tiones,
2395 4171 2717 4226 corroborat
2755 4170 2991 4241 Spiritus
3046 4184 3294 4240 sanctus,
3323 4173 3461 4233 dans
3495 4176 3610 4232 illis
3640 4179 3750 4231 vir-

2162 4270 2329 4314 tutem
2374 4261 2700 4328 maximam,
2749 4270 2805 4318 et
2853 4260 3058 4317 exaltat
3107 4262 3252 4329 illos,
3291 4272 3346 4319 et
3386 4267 3632 4321 custodit
3682 4268 3748 4321 ab

2158 4353 2430 4409 omnibus.
2460 4352 2637 4409 Filioli
2670 4352 2775 4408 mei
2809 4353 3169 4418 dilectissimi,
3194 4369 3453 4426 cuperem
3493 4367 3554 4412 ut
3591 4371 3747 4412 esse-

2171 4444 2239 4498 tis
2273 4458 2438 4513 penes
2472 4457 2582 4510 me,
2614 4453 2674 4498 ut
2711 4446 3053 4514 cognoscatis
3084 4446 3436 4503 novissimam
3486 4449 3749 4505 tentatio—

2168 4550 2289 4590 nem
2327 4549 2527 4599 meam,
2551 4550 2672 4604 quae
2697 4536 2894 4594 similis
2913 4547 2998 4593 est
3019 4539 3303 4594 tentationi
3333 4538 3546 4595 Domini
3575 4544 3750 4597 nostri

2161 4623 2286 4677 Jesu
2315 4621 2515 4678 Christi
2550 4622 2883 4688 novissimae,
2913 4623 3007 4694 qui
3047 4640 3169 4679 cum
3201 4625 3536 4695 implevisset
3576 4643 3740 4683 suam

2163 4712 2617 4781 dispensationem
2638 4713 2770 4768 dixit
2789 4732 2814 4768 :.
2831 4712 3014 4780 Pater,
3032 4715 3077 4769 si
3102 4715 3346 4783 possibile
3371 4725 3472 4784 est,
3498 4726 3744 4774 transeat

2161 4819 2195 4856 a
2220 4819 2300 4856 me
2326 4801 2470 4857 calix
2491 4801 2624 4867 iste;
2655 4813 2707 4856 at
2737 4820 2838 4856 non
2873 4806 3160 4859 secundum
3195 4806 3515 4862 voluntatem
3545 4825 3744 4871 meum,

2160 4894 2251 4948 sed
2287 4895 2571 4946 secundum
2606 4893 2920 4948 voluntatem
2969 4903 3114 4947 tuam
3142 4894 3210 4949 ⁷³.
3253 4896 3406 4962 Quod
3438 4912 3573 4951 sane
3616 4907 3743 4952 crat

2157 5000 2282 5040 cum
2311 4984 2648 5040 orationibus
2673 4993 2727 5039 et
2761 4985 3038 5054 precibus,
3074 5001 3180 5042 non
3217 4996 3398 5044 autem
3421 4987 3493 5043 ob
3532 5000 3739 5044 metum

2268 5127 2314 5158 ⁷³
2355 5125 2549 5180 Matth.
2590 5141 2740 5190 xxvt,
2769 5125 2859 5181 59.

2158 5235 2404 5304 quisquis
2433 5235 2657 5303 putarit,
2698 5233 2973 5290 diabolum
3020 5235 3267 5304 accipere
3299 5233 3593 5304 aliquando
3624 5251 3727 5304 po-

2163 5315 2415 5360 testatem
2461 5305 2687 5375 cogendi
2728 5304 3035 5375 quempiam
3079 5304 3342 5360 fidelium.
3371 5304 3576 5359 Fidelis
3604 5307 3742 5362 Deus

2163 5385 2261 5441 est,
2301 5376 2378 5430 ait
2412 5374 2698 5442 Apostolus
2729 5375 2788 5444 (l
2827 5374 2951 5432 Cor.
2976 5392 3031 5441 x,
3061 5375 3184 5445 l5),
3217 5375 3312 5445 qui
3352 5391 3457 5429 non
3499 5377 3736 5441 patietur

2165 5464 2255 5500 vos
2287 5446 2484 5499 tentari
2517 5461 2676 5514 supra
2697 5443 2750 5498 id
2772 5447 2908 5514 quod
2931 5443 3169 5514 potestis.
3199 5443 3323 5514 Qui
3338 5445 3405 5500 de
3435 5459 3496 5499 re
3519 5457 3740 5502 sancws

2170 5517 2338 5570 abbas
2368 5511 2814 5584 plura'superius
2858 5511 3112 5576 in'Orat.
3155 5516 3226 5568 ad
3265 5511 3515 5584 Monac-It.
3548 5519 3737 5583 praei-

2171 5601 2275 5655 pue
2306 5601 2437 5640 vero
2463 5600 2586 5654 cap.
2625 5583 2694 5638 l5
2731 5595 2786 5640 et
2823 5585 2909 5638 14.
2945 5585 3147 5655 Eadem
3177 5598 3338 5652 porro
3365 5583 3547 5655 mitius
3591 5596 3735 5643 recta

2173 5653 2418 5711 vertendi
2449 5653 2659 5726 ratione
2684 5669 2812 5709 usus
2829 5668 2952 5726 esse
2974 5653 3190 5707 videtur
3212 5654 3477 5726 interpi-es
3490 5656 3739 5726 superius

2173 5728 2226 5782 iu
2275 5727 2430 5794 epist.
2466 5725 2519 5794 5,
2559 5735 2616 5782 ut
2639 5727 2710 5782 ad
2745 5740 2867 5780 cum
2897 5725 3074 5781 locum
3101 5725 3437 5781 monuimus.
