3868 6282
156 400 306 455 1053

1157 397 1215 454 S.
1256 399 1536 457 ANTONH
1577 404 1644 458 M.
1688 403 1981 459 ABBATIS
2020 401 2406 461 EPISTOLIE.

3288 406 3434 462 {05‘

150 531 254 576 aut
289 523 540 576 timorem
573 529 666 576 aut
695 521 1069 592 impotentiam
1105 522 1292 587 ullam,
1339 524 1433 578 sed
1467 534 1524 578 ut
1557 525 1748 580 doceat
1777 530 1819 587 Α
1851 525 2095 590 Christo,
2140 526 2189 580 ei
2224 524 2550 590 obediendo,
2586 523 2661 580 illi
2693 537 2909 596 quoque
2938 524 3210 596 particeps
3240 526 3343 580 erit
3373 524 3430 580 in

148 629 284 677 nos,
322 613 483 668 siculi
527 613 646 684 ejus
677 615 864 682 primae
898 613 1226 669 tentationes
1262 625 1420 671 erant
1465 617 1532 670 ad
1573 616 1743 672 docu.

155 711 409 758 mentum
445 710 727 767 nostrum;
757 719 880 758 nam
916 715 1108 773 sponte
1139 707 1289 760 venit
1316 707 1384 762 ab
1425 705 1556 774 alto,
1597 707 1739 777 quod

150 802 342 848 tamen
381 807 489 848 non
529 794 752 862 reliquit
789 814 802 849 ε
833 804 889 848 et
919 795 1183 850 habitavit
1223 812 1386 866 super
1427 807 1649 864 terram,
1685 809 1741 854 et

152 884 465 952 assumpsit
495 892 736 938 nostram
773 884 1204 951 similitudinem,
1233 897 1293 940 ut
1325 902 1424 942 nos
1452 887 1566 957 ipsa
1599 890 1745 942 redi-

146 983 353 1038 meret,
388 976 750 1031 mediautihus
789 979 855 1034 iis
896 993 1035 1048 quas
1060 987 1316 1048 operatus
1352 988 1437 1034 est
1466 994 1563 1049 per
1595 993 1738 1043 eam,

145 1066 704 1136 dispensationibus;
744 1078 797 1125 et
828 1081 1074 1125 mortuus
1097 1080 1184 1124 est
1216 1085 1316 1140 pro
1353 1071 1532 1137 nobis,
1571 1080 1628 1127 et
1657 1087 1742 1126 se-

145 1158 364 1226 pultus,
398 1167 455 1214 et
497 1161 821 1228 resurrexit,
863 1168 918 1217 et
957 1161 1208 1218 liberavit
1251 1162 1499 1232 captivos
1541 1161 1732 1217 infero-

149 1265 302 1315 rum,
333 1248 687 1319 ascenditque
727 1252 796 1306 ad
836 1252 1120 1322 superiora
1165 1253 1428 1308 caelorum
1468 1253 1559 1308 ubi
1593 1253 1742 1322 prius

147 1349 300 1396 erat.
347 1339 538 1397 Videte
595 1341 812 1412 itaque,
863 1343 1010 1398 ﬁlioli
1062 1343 1206 1408 mei.
1251 1344 1597 1406 dilectionem
1645 1343 1742 1400 Dei

150 1433 344 1501 Verbi,
388 1435 478 1502 qui
520 1449 619 1488 nos
649 1435 837 1489 eduxit
891 1436 959 1491 de
1002 1435 1155 1491 fovea
1201 1435 1497 1495 inferorum
1538 1435 1605 1491 ad
1644 1453 1742 1492 su-

149 1528 378 1597 periora
419 1527 720 1585 caelorum:
764 1541 888 1582 nam
935 1527 1132 1583 coelum
1177 1528 1426 1598 superius
1467 1528 1612 1584 aliud
1658 1538 1742 1585 est

148 1635 192 1685 ῃ
222 1619 362 1675 caelo
393 1619 616 1684 visibili,
647 1628 702 1674 et
738 1619 934 1675 caelum
959 1620 1176 1675 visibile
1203 1620 1349 1675 aliud
1379 1631 1463 1676 est
1495 1621 1564 1676 ab
1591 1635 1741 1688 aere,

153 1712 256 1782 qui
301 1718 385 1766 est
415 1717 604 1765 ventus
636 1709 724 1765 hic
757 1710 894 1765 flans
922 1726 1022 1766 sua
1053 1711 1311 1777 levitate;
1345 1711 1581 1782 spatium
1633 1726 1736 1766 au-

153 1816 272 1859 tem
301 1803 446 1858 aeris
461 1803 604 1858 aliud
631 1811 714 1857 est
737 1804 806 1857 ab
827 1803 930 1857 hac
953 1817 1138 1857 crassa
1163 1812 1327 1864 terra,
1351 1803 1404 1858 in
1433 1817 1540 1872 qua
1573 1805 1734 1858 modo

1857 619 1994 674 locis
2041 619 2288 690 requiei;
2320 629 2375 676 et
2409 619 2501 690 qui
2534 620 2697 675 etiam
2737 620 2787 674 ei
2819 635 3048 676 consors
3100 620 3159 675 ﬁt
3205 621 3257 675 in
3289 635 3425 675 con-

1849 722 2076 783 temptu,
2109 728 2334 768 consors
2358 727 2576 783 quoque
2602 713 2708 768 erit
2739 712 2814 768 illi
2843 713 2896 766 in
2921 711 3114 783 gloria.
3141 710 3421 780 Siquidem

1845 803 1938 872 qui
1971 802 2178 872 patitur
2205 802 2421 858 labores
2449 812 2504 857 et
2531 804 2828 872 Opprobria
2857 812 2912 858 et
2943 803 3170 873 injurias
3199 811 3256 857 et
3292 816 3429 857 con-

1849 901 2136 964 temptum,
2168 895 2285 964 ipse
2305 894 2719 965 gloriﬁeabitur.
2746 896 3021 965 Scriptum
3047 909 3282 964 namque
3305 903 3424 950 est:

1848 982 2020 1037 Filius
2045 983 2218 1039 bonus
2241 984 2357 1054 ipse
2385 984 2733 1038 baereditahit
2764 984 2983 1038 labores
3017 994 3070 1038 et
3091 983 3430 1039 benedictio-

1845 1088 1945 1128 nes
1976 1083 2262 1142 parentum
2298 1089 2519 1130 suorum
2548 1091 2563 1140 ;
2596 1073 2740 1130 ﬁlius
2767 1089 2902 1131 vero
2929 1073 3104 1130 malus
3131 1069 3426 1130 haeredita-

1844 1163 1923 1219 bit
1960 1164 2411 1220 maledictionem.

1915 1254 2124 1312 Scitote
2142 1257 2329 1321 etiam,
2356 1256 2505 1312 ﬁlioli
2530 1258 2632 1312 mei
2655 1258 2947 1324 amabiles,
2962 1256 3107 1327 quod
3135 1266 3425 1328 postquam

1844 1345 1984 1400 hanc
2013 1345 2205 1416 scripsi
2248 1345 2403 1401 vobis
2459 1346 2766 1426 epistolam,
2808 1345 3105 1429 commovit
3139 1360 3224 1399 me
3255 1342 3428 1414 Spiri-

1846 1445 1954 1500 tus,
2003 1445 2062 1490 ut
2111 1435 2405 1490 scriberem
2454 1437 2612 1490 vobis
2663 1435 2730 1490 de
2775 1434 3048 1505 seraphim
3097 1447 3257 1502 quem
3295 1431 3428 1486 vidit

1849 1527 2100 1584 Ezechiel
2135 1531 2396 1597 propheta
2427 1529 2498 1593 7‘,
2525 1527 2618 1597 qui
2651 1535 2734 1582 est
2765 1536 2922 1598 typus
2955 1526 3261 1583 animarum
3295 1523 3427 1577 ﬁde-

1844 1618 1975 1672 lium
1999 1633 2120 1686 quae
2161 1618 2442 1673 decertant
2462 1618 2528 1672 ad
2557 1616 2991 1687 consequendam
3014 1615 3424 1686 perfectionem.

1846 1707 2091 1764 Habebat
2115 1723 2212 1764 sex
2245 1709 2361 1764 alas
2386 1709 2560 1764 oculis
2594 1708 2856 1773 refertas;
2887 1707 3120 1762 habebat
3147 1706 3308 1760 etiam
3343 1703 3426 1757 fa-

1843 1803 1960 1856 cies
2006 1810 2261 1871 quatuor,
2309 1802 2361 1856 in
2406 1811 2644 1870 quatuor
2691 1809 2871 1869 partes
2919 1799 3262 1866 aspicientes.
3311 1794 3424 1850 Una

150 1909 350 1952 sumus
379 1902 436 1948 et
466 1893 615 1948 brevi
648 1907 715 1950 ex
752 1893 842 1947 illa
892 1893 1265 1962 migrabimus.
1301 1893 1500 1950 Sciatis
1532 1904 1738 1959 autem,
1773 1878 1814 1932 Β
1843 1891 2008 1946 facies
2045 1892 2240 1947 similis
2283 1886 2404 1946 erat
2432 1891 2586 1946 faciei
2623 1891 2878 1956 hominis,
2928 1889 3033 1943 alia
3073 1901 3205 1944 vero
3266 1884 3425 1941 faciei

150 1985 514 2054 operationes
536 1983 662 2038 caeli
693 1981 830 2039 alias
855 1999 976 2040 esse
1007 1986 1075 2039 ab
1101 1984 1513 2052 operationibus
1545 1994 1737 2040 terrae:

153 2074 436 2136 aliamque
474 2087 598 2129 esse
640 2073 942 2144 regionem,
983 2074 1088 2128 hac
1117 2082 1260 2128 terra
1297 2073 1624 2143 graviorem,
1655 2086 1743 2124 ar-

153 2164 328 2217 duam
371 2161 524 2217 valde
577 2177 641 2216 ac
690 2161 1069 2225 tenebrosam,
1124 2161 1367 2230 nihilque
1413 2176 1534 2218 esse
1583 2161 1636 2215 in
1678 2176 1740 2216 ea

155 2254 388 2310 luminis
420 2268 597 2321 neque
629 2253 864 2322 requiei,
897 2263 956 2308 et
984 2260 1211 2306 vocatur
1239 2251 1528 2306 infernum.
1550 2248 1744 2305 Teuta-

155 2345 240 2398 tio
273 2353 476 2405 autem,
507 2342 651 2396 ﬁlioli
681 2343 810 2410 mei,
839 2357 958 2412 quae
984 2358 1156 2412 nuper
1179 2343 1307 2397 mihi
1331 2344 1526 2398 accidit
1551 2359 1738 2412 parum

154 2433 362 2498 abfuit,
392 2433 518 2500 quin
550 2447 634 2486 me
665 2434 855 2487 adhoc
882 2433 1024 2487 idem
1052 2433 1322 2488 infernum
1354 2435 1695 2504 perduxisset
1722 2453 1736 2490 ε

158 2525 366 2595 quippe
388 2524 652 2580 bonorum
684 2526 866 2579 hostes
907 2525 958 2578 in
994 2524 1124 2580 illud
1157 2541 1242 2580 me
1269 2525 1533 2596 projicere
1560 2528 1743 2582 volue-

166 2625 299 2669 runt
329 2614 532 2684 ingenti
564 2629 662 2668 sua
694 2613 1009 2668 calliditate.
1042 2614 1108 2669 Et
1141 2630 1238 2683 pro
1271 2615 1357 2670 his
1389 2615 1606 2670 fuerunt
1635 2617 1739 2672 mei

158 2706 401 2770 labores,
441 2715 498 2760 et
526 2705 852 2772 certamina,
881 2714 937 2758 et
963 2706 1247 2777 angustiae,
1289 2715 1340 2762 et
1383 2706 1742 2776 perturbatio-

157 2812 281 2852 nes.
312 2797 381 2851 At
423 2795 609 2850 infelix
635 2797 841 2862 gratias
869 2809 970 2866 ago
1013 2796 1121 2850 Deo
1154 2811 1296 2862 meo,
1347 2806 1401 2852 et
1433 2796 1620 2851 laudes
1664 2795 1739 2850 illi

159 2887 356 2952 oﬁero,
389 2887 474 2942 cui
504 2886 702 2942 servivi
751 2896 861 2941 toto
901 2888 1066 2940 corde
1115 2901 1237 2941 meo
1274 2902 1305 2942 a
1348 2888 1584 2958 pueritia
1615 2902 1738 2943 mea

161 2993 334 3047 nsque
376 2993 537 3042 nunc,
579 2977 738 3048 eique
780 2976 1014 3040 obedivi,
1053 2993 1174 3032 cum
1206 2993 1292 3032 me
1317 2994 1423 3032 non
1471 2979 1741 3034 deseruis-

170 3079 277 3135 set,
312 3069 406 3124 sed
438 3069 729 3123 auxiliatus
770 3078 854 3124 est
885 3069 1041 3134 mihi,
1080 3079 1135 3122 et
1174 3070 1374 3139 eripuit
1417 3085 1503 3124 me
1531 3086 1560 3124 a
1593 3082 1744 3124 teuc-

160 3159 276 3214 bris
301 3159 668 3225 inimicorum,
698 3166 752 3214 et
773 3158 971 3214 iterum
1001 3159 1241 3214 restituit
1266 3177 1351 3216 me
1378 3161 1430 3215 in
1461 3161 1740 3230 pristinam

161 3249 542 3305 celsitudinem
581 3263 780 3317 meam,
827 3250 970 3305 sicut
1014 3251 1248 3305 redemit
1289 3253 1460 3306 Adam
1509 3261 1566 3306 et
1607 3253 1744 3307 ﬁlios

161 3355 294 3396 suos
331 3342 522 3408 bonos,
561 3340 884 3410 reduxitque
929 3341 1050 3397 illos
1095 3343 1165 3396 ad
1215 3343 1510 3412 pristinum
1547 3359 1737 3398 eorum

157 3430 431 3488 Ordinem.
461 3429 736 3500 Scriptum
758 3434 902 3486 enim
932 3440 1017 3486 est
1045 3449 1058 3488 :
1086 3431 1332 3487 Ascendit
1367 3433 1422 3486 in
1457 3433 1645 3500 altum,
1695 3443 1744 3486 et

158 3521 424 3592 captivam
483 3521 637 3575 duxit
690 3523 1074 3591 captivitatem,
1131 3531 1182 3577 et
1230 3523 1370 3578 dedit
1437 3525 1740 3579 hominibus

158 3614 304 3679 dona
334 3613 400 3668 ⁷⁸.
433 3613 627 3669 Notum
661 3625 921 3687 praeterea
949 3615 1100 3670 vobis
1139 3613 1279 3670 facio
1303 3616 1446 3685 quod
1485 3631 1606 3671 mea
1651 3630 1745 3684 po-

160 3715 368 3760 strema
434 3704 659 3760 tentatio
701 3706 892 3761 similis
935 3703 1036 3760 fuit
1069 3705 1351 3761 tentationi
1395 3703 1614 3776 Iosephi
1656 3721 1751 3775 po—

161 3806 412 3861 stremae;
467 3796 732 3866 siquidem
775 3795 976 3867 Joseph
1023 3795 1214 3850 beatus
1260 3810 1326 3851 ac
1363 3795 1580 3866 justus,
1627 3810 1749 3850 cum

174 3895 480 3941 tentaretur
513 3885 860 3941 multitudine
883 3885 1264 3952 tentationum,
1293 3901 1399 3941 non
1426 3894 1510 3940 est
1535 3894 1753 3955 pertur-

164 3973 366 4037 batus;
397 3971 711 4042 nuperrime
744 3988 872 4028 vero
903 3987 1025 4028 cum
1057 3974 1108 4028 in
1135 3988 1410 4029 carcerem
1442 3973 1632 4031 fuisset
1656 3976 1752 4030 de-

169 4073 356 4118 trusus
404 4063 496 4132 qui
542 4072 627 4120 est
663 4064 965 4120 similitudo
1014 4065 1238 4131 inferni,
1283 4067 1630 4136 perturbatus
1668 4075 1754 4122 est

171 4161 276 4212 hac
299 4157 616 4212 tentatione.
638 4156 899 4212 Dominus
922 4167 1103 4214 autem
1131 4168 1317 4214 noster
1343 4172 1440 4214 sua
1465 4157 1751 4213 clementia

169 4264 296 4304 cum
326 4249 550 4304 vidisset
579 4249 1044 4320 pulchritudinem
1079 4249 1198 4320 ejus
1230 4252 1549 4306 certaminis
1576 4263 1632 4306 et
1660 4266 1750 4320 pas

172 4341 412 4406 tientiae,
451 4342 599 4396 dedit
633 4342 710 4396 illi
743 4358 997 4412 magnum
1039 4343 1327 4406 honorem,
1373 4352 1430 4397 et
1473 4343 1757 4398 constituit

172 4437 326 4490 illum
357 4453 561 4507 regem,
581 4452 680 4494 nec
703 4439 934 4509 amplius
960 4447 1199 4494 tentatus
1221 4448 1326 4494 est.
1353 4436 1491 4492 Vere
1513 4438 1754 4508 quidem,

1847 1984 2012 2048 tauri,
2045 1993 2098 2037 et
2127 1983 2230 2036 alia
2273 1982 2426 2038 faciei
2463 1983 2656 2050 leonis,
2679 1991 2754 2035 -et
2783 1982 2887 2035 alia
2923 1980 3078 2035 faciei
3111 1978 3337 2048 aquilae;
3371 1985 3428 2032 et

1846 2075 2056 2144 reliqua
2086 2089 2318 2144 quorum
2349 2073 2596 2128 meminit
2621 2074 2905 2143 propheta,
2932 2087 3052 2142 quae
3081 2085 3179 2140 per
3211 2077 3425 2137 tempus

1843 2165 1998 2220 vobis
2033 2166 2276 2220 scribere
2308 2181 2414 2220 non
2451 2165 2598 2219 licet.
2632 2165 2828 2218 Verum
2859 2177 3028 2232 pauca
3065 2159 3218 2216 vobis
3253 2173 3423 2226 expo-

1846 2270 1972 2309 nam
2005 2253 2076 2310 de
2110 2255 2302 2310 horum
2329 2269 2524 2319 sensu;
2555 2269 2675 2309 cum
2712 2269 2842 2308 vero
2877 2269 2978 2323 ope
3003 2241 3205 2309 Christi
3234 2250 3298 2304 ad
3329 2264 3425 2304 vos

1844 2360 2067 2411 venero,
2113 2359 2382 2414 exponam
2423 2345 2578 2400 vobis
2610 2345 2821 2414 reliqua
2859 2344 3064 2400 labium
3100 2343 3167 2398 ad
3198 2341 3422 2406 labium,

1845 2453 1967 2492 cum
2014 2435 2082 2490 de
2147 2437 2232 2491 his
2287 2437 2447 2490 modo
2496 2435 2735 2491 scribere
2781 2448 2888 2489 non
2943 2433 3174 2487 valeam.
3227 2430 3427 2487 Sciatis

1848 2540 1978 2594 ergo
2011 2543 2027 2579 :
2060 2524 2227 2580 facies
2255 2525 2428 2595 prima
2473 2525 2747 2594 seraphim
2775 2538 2894 2592 quae
2940 2532 3023 2578 est
3061 2522 3228 2578 facies
3256 2519 3430 2575 homi-

1845 2618 1949 2683 nis,
1990 2616 2240 2685 designat
2279 2616 2466 2671 ﬁdeles
2497 2617 2590 2685 qui
2634 2616 2688 2670 in
2734 2615 2937 2670 mundo
2962 2624 3092 2670 sunt
3123 2623 3428 2684 operantes

1851 2725 1913 2764 ea
1947 2719 2213 2779 praecepta
2242 2723 2364 2776 qua:
2395 2709 2497 2763 sibi
2538 2707 2773 2776 injuncta
2813 2715 2974 2774 sunt;
3007 2705 3055 2762 si
3086 2705 3210 2775 quis
3246 2713 3427 2759 autem

1846 2801 2039 2856 horum
2099 2801 2166 2854 ad
2221 2800 2466 2856 habitum
2524 2799 2889 2854 monasticum
2940 2812 3196 2869 egressus
3241 2794 3426 2861 fuerit,

1846 2891 2184 2946 assimilatur
2218 2891 2358 2945 tauri
2403 2890 2586 2954 faciei,
2613 2905 2678 2945 eo
2712 2889 2856 2960 quod
2899 2898 3158 2959 operatur
3188 2895 3244 2944 et
3287 2884 3431 2942 solli.

1849 2983 1994 3038 citus
2035 2983 2111 3036 sit
2160 2982 2227 3037 de
2275 2983 2565 3052 praeceptis
2603 2980 3000 3046 monachatns;
3057 2993 3180 3033 nam
3229 2977 3339 3048 agit
3373 2984 3431 3032 et

1845 3075 2093 3130 decertat
2119 3071 2378 3130 sensibile
2409 3082 2711 3128 certamen.
2736 3070 2889 3137 Quod
2918 3070 2964 3125 si
2991 3067 3430 3139 congregationis

1847 3167 2068 3222 ordines
2106 3163 2590 3226 consummaverit,
2621 3170 2676 3218 et
2697 3176 2950 3232 egressus
2983 3159 3148 3214 fuerit
3182 3159 3431 3214 habitare

1851 3257 2224 3323 solitudinem,
2277 3264 2332 3311 et
2377 3263 2699 3326 segregatus
2730 3253 2897 3308 fuerit
2943 3254 3009 3306 ad
3043 3251 3432 3330 oppugnandos

1849 3348 2156 3404 invisibiles
2187 3348 2502 3411 daemones;
2533 3345 2648 3417 jam
2681 3344 2770 3399 hic
2805 3342 3138 3409 assimilatus
3168 3353 3254 3396 est
3274 3339 3430 3394 faciei

1849 3441 2041 3504 leonis,
2063 3440 2155 3510 qui
2177 3449 2261 3493 est
2294 3453 2386 3492 rex
2423 3437 2656 3491 ferarum
2700 3434 3056 3490 silvesrrium.
3085 3431 3218 3486 Cum
3251 3441 3430 3486 autem

1851 3532 2192 3603 superaverit
2223 3532 2408 3586 hostes
2433 3531 2763 3597 invisihiles,
2795 3539 2853 3584 et
2882 3528 3230 3600 passionibus
3263 3525 3436 3582 domi-

1851 3633 2011 3678 natus
2037 3621 2200 3676 fuerit
2236 3635 2442 3690 easque
2475 3619 2580 3674 sibi
2613 3619 2936 3690 subjecerit,
2971 3617 3270 3674 elevabitur
3301 3615 3429 3685 Spi-

1852 3715 1961 3770 ritu
1994 3722 2208 3782 sancto,
2245 3722 2302 3766 et
2341 3711 2544 3767 videbit
2576 3710 2792 3766 divinas
2820 3709 3090 3775 visiones,
3120 3715 3177 3761 et
3220 3704 3437 3760 assimi-

1852 3805 2054 3860 labitur
2075 3804 2238 3860 faciei
2261 3803 2480 3874 aquilae,
2503 3813 2558 3858 et
2580 3802 2895 3873 implebitur
2915 3802 2982 3856 de
3003 3799 3095 3854 illo
3117 3796 3434 3866 Scriptura:

1853 3895 2206 3951 Reuovabitur
2251 3895 2498 3963 juventus
2537 3903 2630 3948 tua
2675 3894 2810 3948 sicut
2846 3891 3042 3962 aquila:
3082 3891 3150 3944 ".
3197 3889 3264 3943 Et
3308 3896 3439 3942 tunc

1861 3988 2173 4043 intellectus
2206 3986 2353 4043 illius
2383 3987 2660 4042 discernet
2687 3998 3026 4056 quaecunque
3051 3981 3152 4038 sibi
3183 3980 3438 4036 obvenire

1855 4087 2088 4149 possunt
2123 4093 2220 4136 sex
2252 4093 2320 4134 ex
2355 4076 2623 4147 partibus,
2659 4085 2714 4130 et
2747 4074 3138 4146 assimilabitur
3181 4087 3275 4128 sex
3321 4069 3429 4125 illis

1857 4169 1961 4224 alis
1998 4166 2280 4223 oculorum
2316 4166 2570 4233 refertis;
2601 4173 2657 4220 et
2689 4163 2784 4220 ﬁet
2814 4163 3091 4232 seraphim
3117 4159 3438 4230 spiritualis,

1857 4267 1914 4313 et
1952 4257 2295 4313 haereditahit
2323 4267 2586 4312 aeternam
2639 4254 3041 4318 haereditatem,
3072 4267 3138 4309 eo
3169 4255 3312 4322 quod
3343 4251 3438 4304 ob-

1860 4350 2248 4420 temperaverit
2275 4349 2521 4419 patribus
2552 4352 2670 4402 suis
2698 4344 3098 4417 spiritualibus.

1932 4439 2044 4510 Ego
2076 4449 2258 4496 autem
2295 4440 2432 4507 scio,
2465 4437 2615 4494 ﬁlioli
2647 4439 2774 4503 mei,
2809 4435 2954 4505 quod
2993 4448 3093 4489 nos
3118 4445 3307 4486 omnes
3327 4429 3437 4498 jam

176 4529 326 4594 filioli
365 4531 467 4584 mei
507 4531 790 4596 amabiles,
822 4546 930 4586 non
975 4531 1250 4586 abscondo
1281 4545 1310 4582 a
1343 4529 1495 4584 vobis
1537 4543 1756 4584 mensu-
1787 4545 1836 4604 ι)
1863 4532 2173 4601 accepimus
2222 4530 2484 4585 virtutem
2536 4545 2567 4584 a
2621 4527 2887 4592 Domino,
2936 4525 3063 4596 quia
3101 4523 3439 4580 obedivinms

171 4637 290 4676 ram
318 4622 632 4677 tentatiouis
655 4623 708 4676 in
741 4637 847 4692 qua
880 4621 1158 4686 versabar,
1187 4631 1242 4675 et
1268 4634 1333 4674 ex
1367 4635 1473 4691 qua
1497 4618 1747 4673 liberavit

171 4727 262 4766 me
290 4712 547 4766 Dominus
597 4727 782 4779 meus;
828 4722 883 4767 et
930 4723 1110 4767 certus
1156 4710 1375 4780 quidem
1419 4725 1560 4774 sum,
1608 4708 1753 4778 quod

171 4805 278 4859 hoc
303 4801 408 4856 sim
437 4813 760 4858 consecutus
783 4803 982 4857 vestris
1008 4803 1370 4866 orationibus,
1396 4809 1452 4856 et
1481 4799 1756 4870 precibus,

171 4907 229 4956 et
272 4895 536 4952 memoria
571 4903 749 4948 vestra
792 4909 898 4963 qua
942 4908 1028 4947 me
1076 4891 1489 4961 prosequimini.
1537 4889 1750 4944 Etenim

172 4989 312 5046 satis
351 4988 560 5043 laboris
594 5000 802 5040 mecum
833 4986 1135 5054 pertulistis
1160 5001 1176 5051 ;
1204 4993 1258 5039 et
1294 4992 1446 5039 certe
1477 4982 1624 5038 dabit
1661 4995 1758 5033 vo-

172 5082 258 5138 bis
291 5080 552 5134 Dominus
579 5078 834 5149 spiritum
878 5076 1096 5140 salutis,
1126 5075 1580 5147 quemadmodum
1613 5074 1762 5126 dedit

176 5185 312 5225 meae
358 5170 683 5241 paupertati.
717 5168 864 5224 Dixit
894 5169 1040 5224 enim
1072 5167 1356 5238 discipulis
1395 5167 1511 5221 suis
1541 5182 1556 5219 :
1600 5162 1760 5218 Vobis

173 5272 352 5317 autem
382 5265 472 5334 qui
517 5263 844 5317 sustinuistis
876 5278 1080 5316 ntecum
1115 5261 1172 5314 iu
1204 5259 1580 5314 luctationibus
1607 5257 1756 5322 meis,

178 5353 423 5422 dispono,
455 5353 588 5407 sicut
617 5350 884 5420 pollicitus
916 5361 989 5405 est
1024 5350 1190 5404 Pater
1225 5365 1390 5412 meus,
1428 5363 1667 5417 regnum,
1704 5355 1760 5397 ut

175 5446 348 5499 edatis
374 5453 420 5498 et
449 5444 636 5497 bibatis
664 5458 820 5510 super
845 5458 1077 5496 mensam
1100 5457 1268 5495 meum
1292 5441 1346 5494 in
1368 5454 1524 5510 regno
1555 5455 1668 5493 meo
1691 5438 1760 5490 ".

177 5535 360 5603 Quare
390 5534 672 5604 percipite,
708 5532 859 5588 filioli
896 5533 1025 5598 mei,
1075 5546 1295 5588 sensum
1333 5531 1526 5586 borum
1555 5528 1754 5584 verbo-

183 5643 336 5697 rum;
367 5628 511 5698 quod
539 5626 788 5682 videlicet
815 5625 1124 5698 quicunque
1146 5625 1417 5696 particeps
1445 5623 1504 5678 fit
1531 5621 1758 5679 Domino

1865 4621 2113 4690 patribus
2158 4619 2382 4684 nostris,
2419 4631 2719 4687 eorumque
2750 4616 3059 4685 accepimus
3102 4613 3437 4670 benedictio~

1863 4728 2009 4768 nem.
2043 4710 2153 4766 Vos
2188 4725 2403 4782 quoque
2450 4722 2666 4780 propter
2701 4719 2938 4765 vestram
2984 4707 3346 4763 obedientiam
3387 4715 3438 4762 et

1863 4803 2263 4868 ministerium,
2319 4802 2596 4871 accipietis
2629 4799 2991 4856 ministerium
3024 4814 3055 4854 a
3098 4797 3330 4854 Domino
3389 4807 3439 4852 et

1865 4892 2255 4949 haereditabitis
2324 4893 2756 4948 benedictionem
2821 4899 3032 4959 patrum
3105 4903 3432 4943 vesrrorum.

1865 4985 1996 5039 Dico
2027 4986 2241 5054 quidem
2275 4984 2447 5048 vobis,
2475 4986 2618 5052 quod
2645 4996 2860 5052 semper
2880 4980 3046 5037 vestri
3080 4995 3289 5035 memor
3318 4979 3441 5043 sim,

1862 5084 1918 5132 et
1949 5077 2104 5130 video
2135 5091 2236 5132 vos
2273 5077 2325 5130 in
2362 5075 2577 5144 spiritu,
2624 5084 2878 5144 tauquam
2921 5087 3118 5142 parens
3165 5071 3251 5140 pia
3283 5079 3442 5140 atque

1865 5167 2182 5222 misericors
2213 5165 2353 5222 ﬁlios
2387 5181 2514 5221 suos
2545 5165 2819 5236 parvulos.
2862 5163 3019 5233 Saepe
3059 5161 3274 5232 quidem
3305 5159 3426 5213 vole

1869 5258 1961 5313 bat
1998 5258 2260 5315 Dominus
2289 5271 2442 5313 meus
2469 5257 2752 5327 quiescere
2777 5269 2863 5310 me
2893 5252 3074 5308 facere
3105 5266 3135 5305 a
3168 5248 3444 5305 laboribus

1863 5351 2113 5418 corporis
2143 5350 2321 5419 hujus,
2355 5357 2409 5405 et
2439 5363 2716 5405 assumere
2755 5346 2993 5400 animam
3030 5356 3208 5398 meam
3239 5339 3306 5394 ad
3342 5353 3440 5404 se;

1865 5445 1958 5498 sed
1993 5459 2115 5499 cum
2148 5445 2455 5513 requiescat
2482 5443 2536 5498 in
2564 5441 2718 5497 vobis
2749 5438 2987 5508 Spiritus
3027 5433 3265 5499 Domini,
3311 5432 3444 5486 reli-

1865 5534 1984 5604 quit
2011 5536 2258 5606 spiritum
2295 5549 2472 5590 meum
2517 5535 2571 5588 in
2609 5545 2835 5599 corpore
2863 5527 2978 5596 ejus
3002 5526 3069 5581 ad
3093 5521 3439 5582 educandum

1873 5642 1989 5694 vos,
2028 5627 2214 5684 dicens
2247 5628 2296 5684 ei
2327 5645 2344 5684 :
2378 5626 2572 5694 Utique
2605 5621 2810 5693 optima
2838 5634 2899 5676 es
2927 5632 3124 5690 parcns
3154 5628 3210 5673 et
3235 5614 3440 5672 educa-

251 5814 299 5848 "
334 5813 476 5873 Psal.
513 5831 681 5878 um,
721 5816 805 5874 l9.
887 5816 930 5846 ⁷⁸
974 5815 1106 5872 Luc.
1153 5830 1284 5879 χχιι,
1311 5814 1406 5882 ‘29,
1433 5813 1520 5870 50.
1605 5818 1650 5850 ⁷⁸
1690 5816 1745 5873 ΕΞ

1855 5834 1885 5870 l.
1928 5828 1965 5881 l,
1997 5812 2027 5866 τί
2069 5827 2190 5881 sqq.
2278 5808 2332 5879 ,⁷⁷
2368 5805 2507 5903 Psall.
2548 5817 2643 5872 cn,
2678 5801 2731 5856 5.
