3872 6278
446 332 590 392 1055

1558 336 1836 394 PATRES
1868 335 2174 393 IEGYPTII
2214 335 2485 394 διεςυιι
2525 338 2615 394 ιν.

3577 341 3753 398 ιοῖιϐο

448 448 559 503 trix
587 448 761 517 bona;
796 455 1086 518 propterea
1112 447 1307 518 reliqui
1341 455 1412 515 te,
1448 459 1507 504 ut
1538 451 1742 521 optime
1764 452 2027 506 edttcares
2056 460 2102 518 Α
2134 451 2340 504 miuum
2368 450 2735 506 contemnatis
2768 466 2781 505 :
2814 450 2972 521 hujus
3003 453 3201 524 quippe
3231 453 3382 510 radix
3410 465 3495 509 est
3516 469 3724 524 super-

448 540 592 596 iilios
624 548 765 594 tuos.
798 539 867 594 Et
911 554 1076 605 nuttc,
1103 538 1249 594 ﬁlioli
1292 540 1396 595 mei
1434 540 1701 597 benedicti
1739 540 2028 596 novissima

448 631 855 697 benedictione,
882 644 949 685 en
976 630 1114 687 liber
1150 646 1304 687 meus
1339 633 1406 687 ad
1446 647 1541 688 vos
1592 643 1647 688 et
1681 633 2023 690 benedictio:

446 736 618 792 quare
649 730 865 779 servate
891 722 1061 786 illum,
1095 738 1218 778 cum
1247 725 1318 780 sit
1348 740 1473 781 vera
1506 726 1817 790 haereditas,
1837 737 1889 782 et
1921 728 2033 782 hae-

415 814 423 823 '
450 810 708 866 reditatio
737 821 953 882 patrum
985 812 1376 886 Spiritualinm,
1401 816 1491 886 qui
1519 815 1891 884 minimeliliis
1917 816 2030 871 suis

457 892 770 957 aurumve!
799 914 1085 974 argentum
1120 914 1213 959 aut
1247 907 1331 963 his
1359 907 1559 962 similia
1598 908 2027 964 baereditandum

451 991 801 1064 relinquunt;
835 996 930 1051 sed
959 1011 1143 1072 veram
1178 998 1568 1055 haereditatem.
1594 1000 1854 1056 Parentes
1879 1017 2032 1055 nam-

457 1101 568 1157 que
599 1088 917 1159 corporales
946 1100 1094 1155 sunt,
1132 1092 1223 1159 qui
1256 1091 1683 1147 htereditandum
1717 1094 2030 1165 relinquunt

449 1176 579 1233 ﬁliis
604 1179 721 1236 suis
752 1195 941 1235 aurum
977 1191 1032 1237 et
1063 1193 1345 1255 argentum
1389 1194 1443 1240 et
1481 1185 1567 1240 bis
1601 1185 1819 1240 similia.
1852 1186 2033 1252 Quare

450 1269 635 1327 videte
677 1271 1057 1343 patriarchas,
1108 1274 1201 1343 qui
1251 1289 1386 1330 auro
1437 1286 1493 1329 ct
1536 1287 1760 1347 argento
1806 1277 2033 1348 aliisque

449 1360 825 1431 corporalibus
856 1363 1060 1419 divitiis
1108 1362 1419 1432 allluebant,
1466 1380 1568 1421 nec
1614 1376 1793 1422 tamen
1830 1370 2032 1425 mentio

451 1449 558 1505 ulla
605 1449 688 1519 ﬁt,
735 1453 880 1522 quod
922 1456 1113 1511 horum
1149 1456 1438 1526 quisquam
1479 1457 1606 1514 (iliis
1649 1459 1766 1514 suis
1811 1459 2030 1519 illarum

452 1544 801 1611 meminerit;
830 1546 1096 1615 siquidem
1130 1548 1448 1618 temporalia
1477 1558 1600 1605 sunt
1630 1559 1685 1605 et
1711 1551 2029 1606 transitura.

457 1631 566 1689 Sed
614 1636 1043 1693 haereditandum
1086 1639 1424 1710 reliquerunt
1450 1640 1555 1696 illis
1594 1641 2031 1699 benedictionem

452 1723 602 1781 illam
649 1741 834 1782 veram
854 1769 874 1800 ,Α
920 1729 974 1782 in
1020 1741 1282 1786 aeternum
1330 1733 1674 1800 duraturam,
1718 1748 1836 1805 quae
1891 1737 2031 1807 parit

450 1816 694 1884 requiem
724 1797 1037 1885 caelestem;
1074 1829 1129 1875 et
1170 1822 1284 1892 ipsa
1332 1831 1437 1887 est,
1475 1838 1595 1892 quae
1631 1797 1868 1880 manebit
1891 1797 2029 1881 'cum
2064 1797 2108 1856 Β

450 1904 673 1961 homine
704 1905 757 1961 in
789 1916 1076 1964 aeternum.
1105 1908 1469 1977 Quamobrem
1505 1913 1700 1969 scitote
1729 1916 1873 1985 quod
1917 1915 2031 1973 haec

451 1995 759 2053 benedictio
785 2013 949 2068 quam
994 1999 1143 2055 dedit
1171 2002 1325 2057 vobis
1375 2012 1528 2072 pater
1572 2012 1773 2074 vester,
1824 2020 1922 2076 par
1959 2007 2032 2062 sit

455 2084 929 2143 illi’benedictioni
971 2100 1235 2159 paternae.
1282 2092 1525 2147 Salutem
1562 2093 1615 2148 in
1665 2094 1931 2164 Domino,
1977 2106 2034 2152 et

457 2176 720 2246 Spiritum
754 2179 1001 2237 veritatis
1031 2184 1297 2239 concedat
1324 2184 1482 2240 vobis
1520 2185 1784 2242 Dominus
1822 2197 2029 2254 noster,

453 2267 628 2324 donec
671 2270 968 2328 discedatis
1000 2272 1068 2326 ab
1098 2274 1201 2329 hoc
1238 2276 1438 2331 mundo
1472 2277 1792 2344 transitura,
1825 2289 1881 2336 et
1925 2280 2032 2336 ha:-

453 2358 701 2414 reditetis
746 2362 1008 2433 mundum
1051 2362 1203 2418 illum
1240 2367 1603 2430 duraturum,
1639 2367 2033 2427 intercessione

450 2446 689 2502 omnium
704 2459 914 2516 patrum
933 2458 1262 2507 nostrorum.
1278 2453 1346 2511 Et
1363 2454 1504 2521 laus,
1520 2463 1575 2509 et
1595 2456 1764 2528 gloria
1779 2458 2033 2517 Trinitati

450 2535 827 2606 sanctissimae,
844 2539 1082 2596 Dominae
1109 2543 1428 2599 saeculorum
1452 2546 1506 2601 in
1530 2555 1815 2605 aeternum.
1834 2550 2033 2609 Amen.

995 2631 1335 2691 EPISTOLA
1381 2636 1502 2693 XX.

849 2717 989 2776 Filio
1018 2738 1114 2776 suo
1140 2722 1411 2781 Bebnudo.
1446 2727 1592 2783 Dixit
1617 2743 1638 2784 :

521 2802 890 2866 Dilectissime
920 2811 1051 2866 mihi
1084 2816 1393 2870 venerande
1419 2815 1473 2871 in
1498 2815 1727 2876 Domino
1753 2820 2033 2894 Bebnude,

456 2908 564 2965 pax
599 2897 719 2956 tibi.
748 2899 892 2957 Ante
921 2903 1105 2961 omnia
1133 2904 1419 2962 Dominum
1444 2908 1711 2980 deprecor
1738 2928 1838 2983 pro
1859 2915 2037 2975 salute

450 2989 696 3045 omnium
745 2992 1056 3050 animarum
1112 2997 1209 3053 tibi
1261 2999 1652 3069 obedientium,
1697 3013 1753 3061 et
1802 3022 1902 3078 pro
1946 3017 2034 3065 tua

451 3095 669 3152 quoque
711 3082 913 3150 salute,
958 3095 1014 3142 et
1062 3086 1425 3147 laborantium
1482 3103 1660 3151 tecum
1713 3097 1767 3153 in
1816 3101 2037 3158 nomine

453 3167 695 3237 Domini,
737 3181 792 3227 et
839 3173 1083 3230 omnium
1131 3178 1528 3236 ambulantium
1578 3193 1754 3239 tecum
1808 3188 1861 3242 in
1901 3203 2036 3260 pace

452 3268 677 3330 propter
718 3260 1009 3319 Dominum
1066 3276 1313 3323 nostrum
1360 3267 1547 3326 Jesum
1590 3272 1891 3332 Christum.
1942 3277 2035 3334 Isti

452 3350 600 3405 enim
637 3354 985 3426 nquiuscere
1017 3355 1223 3413 faciunt
1259 3359 1472 3418 animas
1519 3374 1733 3433 patrum
1782 3382 2031 3441 suorum,

453 3456 592 3512 quos
645 3444 910 3503 Dominus
949 3458 1137 3505 noster
1183 3449 1342 3508 Jesus
1384 3452 1637 3512 Christus
1689 3458 2039 3529 requiescere

456 3533 621 3590 faciat
646 3533 700 3590 in
741 3551 912 3608 regno
943 3539 1228 3600 ctelorum.
1260 3541 1375 3600 lioc
1398 3555 1579 3602 autem
1607 3548 1796 3605 sciatis
1822 3564 2035 3619 omnes,

454 3625 598 3695 quod
641 3625 954 3699 quicunque
994 3630 1127 3688 facit
1158 3635 1445 3704 quiescere
1476 3636 1711 3708 aliquem
1754 3655 1825 3695 ex
1862 3643 2039 3700 servis

457 3715 696 3781 Domini,
729 3720 984 3788 quamvis
1013 3722 1180 3779 calice
1216 3740 1369 3795 aqua:
1404 3726 1692 3797 duntaxat,
1724 3746 1932 3789 merces
1974 3735 2040 3789 il-

455 3806 562 3861 lius
614 3822 720 3863 non
754 3809 1104 3880 deperditur,
1152 3815 1315 3870 sicuti
1370 3817 1747 3875 sacratissimo
1790 3837 1888 3878 ore
1939 3839 2040 3880 suo

457 3897 535 3951 ait
567 3896 832 3955 Dominus
871 3909 1097 3959 noster:
1137 3903 1448 3977 Quicunque
1486 3920 1668 3978 potum
1697 3912 1900 3969 dederit
1946 3917 2040 3971 uni

455 4005 526 4044 ea:
556 3990 790 4046 minimis
824 3991 945 4050 istis
979 3992 1165 4048 colicis
1195 4012 1346 4067 aqua:
1377 3997 1590 4071 frigida:
1617 4011 1825 4057 tantum
1848 4005 1901 4058 in
1938 4023 2037 4061 na-

456 4078 597 4134 mine
623 4079 894 4148 discipuli,
912 4098 1064 4136 amen
1086 4085 1204 4139 dico
1230 4086 1371 4142 vobis
1397 4104 1501 4142 non
1526 4090 1711 4158 perdet
1738 4095 2029 4150 mercedem

462 4189 614 4228 suam
644 4173 727 4241 ης
760 4184 816 4229 et
840 4174 916 4229 ait
947 4174 1113 4230 etiam
1144 4174 1211 4232 de
1234 4176 1364 4244 illis,
1395 4179 1487 4251 qui
1521 4182 1848 4238 contristant
1875 4185 2043 4244 disci-

458 4263 710 4345 pulorum
746 4265 1447 4336 spiritusetscandalizant
1476 4287 1573 4333 sua
1618 4275 1825 4331 malitia
1872 4295 1885 4333 :
1933 4278 2042 4345 Qui

458 4341 634 4412 uatem
671 4357 1112 4413 scandalizaverit
1152 4378 1315 4415 unum
1358 4363 1423 4418 de
1455 4365 1663 4432 pusillis
1695 4367 1817 4422 istis
1853 4341 2040 4440 qui'in

2134 540 2243 605 bia,
2287 556 2410 610 quae
2446 540 2759 596 hominibus
2794 540 2930 596 iram
2968 542 3200 601 induxit.
3234 543 3300 598 Et
3336 545 3539 599 idcirco
3578 548 3726 601 dixit

2134 629 2301 685 Isaias
2336 630 2600 703 propheta
2639 646 2653 683 :
2688 629 2827 686 Ecce
2869 632 2983 687 dies
3029 632 3242 687 Domini
3274 632 3512 689 Sabaoth
3547 637 3725 689 vestiet

2132 737 2291 791 super
2317 737 2495 777 omnes
2538 724 2789 792 superbos
2841 724 3019 789 corde,
3053 734 3101 778 et
3134 725 3378 779 illusores
3404 727 3475 781 ⁸⁸.
3524 725 3730 785 Videte

2135 813 2336 882 itaque,
2392 813 2737 872 dilectissimi
2791 815 2920 883 mei,
2980 816 3404 889 magnitudinem
3460 820 3730 874 maeroris

2134 902 2297 974 hujus
2319 905 2410 974 qui
2442 905 2694 977 superbis
2724 916 3023 962 eventurus
3058 917 3163 962 est.
3196 906 3376 975 Quare
3414 923 3517 962 nos
3550 923 3730 979 opor-

2134 1003 2231 1059 tet,
2276 1002 2339 1048 ut
2369 993 2652 1066 lugeamus
2685 1008 2849 1066 super
2887 997 3246 1068 nosmetipsos
3304 997 3487 1052 cordis
3524 998 3732 1051 ardore

2133 1094 2190 1140 et
2219 1085 2512 1153 maestitia;
2552 1101 2673 1142 nam
2704 1086 2904 1143 multos
2934 1087 3041 1143 vidi
3075 1088 3369 1143 monachos
3397 1097 3452 1141 ct
3481 1088 3731 1158 virgines

2134 1176 2188 1231 in
2221 1177 2365 1232 hane
2401 1176 2627 1233 arduam
2662 1178 2924 1234 cecidisse
2956 1179 3267 1249 passionem
3298 1179 3369 1236 ob
3396 1195 3595 1233 eorum
3636 1179 3731 1232 fal-

2132 1283 2250 1326 sam
2290 1269 2782 1337 existimationem,
2813 1271 3057 1327 dicentes
3086 1271 3152 1326 de
3214 1272 3520 1335 semetipsis
3549 1288 3570 1328 :
3615 1272 3733 1331 Uti-

2133 1374 2239 1431 que
2291 1375 2392 1415 nos
2440 1359 2647 1431 aliquid
2704 1361 2884 1433 magni
2948 1376 3161 1429 sumus,
3220 1370 3275 1416 et
3322 1361 3500 1417 nullus
3566 1362 3733 1419 nobis

2132 1452 2567 1522 comparabitur.
2601 1450 2743 1508 Vere
2777 1461 2960 1507 autem
2993 1454 3117 1508 dico
3148 1452 3321 1519 vobis,
3349 1451 3727 1519 dilectissimi,

2134 1541 2271 1597 nihil
2304 1556 2426 1598 esse
2450 1541 2504 1598 in
2530 1542 2615 1599 his
2641 1542 2746 1599 nisi
2778 1543 3090 1614 superbiam
3114 1551 3169 1598 et
3191 1552 3563 1613 contemptum
3592 1559 3727 1613 erga

2139 1633 2412 1701 homines,
2461 1643 2517 1690 et
2545 1634 2752 1701 odium,
2784 1646 2838 1690 et
2870 1634 3162 1707 pessimam
3197 1633 3603 1690 aemulationem
3623 1677 3642 1705 ,
3674 1641 3731 1688 et

2136 1727 2541 1781 contentionem
2568 1767 2584 1791 ,
2613 1727 2740 1798 quia
2788 1725 3163 1797 paenitentiam
3206 1741 3365 1797 agere
3404 1735 3460 1781 et
3499 1741 3572 1780 ex
3610 1734 3728 1780 toto

2136 1818 2301 1872 corde
2335 1817 2660 1895 resipiscere
2690 1827 2957 1885 renuunt;
2983 1826 3037 1873 et
3062 1818 3179 1873 haec
3209 1833 3342 1873 sane
3370 1828 3533 1888 atque
3560 1817 3726 1872 simi-

2134 1907 2206 1961 lia
2241 1922 2580 1979 nequaquam
2615 1907 2702 1964 his
2744 1908 3066 1978 permittunt
3088 1910 3399 1964 discernere
3432 1908 3585 1962 inter
3616 1909 3726 1964 bo-

2134 2013 2260 2052 nutn
2292 2008 2346 2053 et
2378 1999 2612 2065 malum,
2658 2008 2714 2055 et
2752 2000 2894 2055 inter
2929 1999 3269 2057 dulcedinem
3310 2012 3366 2056 et
3392 2001 3727 2055 amaritudi-

2132 2103 2277 2144 nem.
2304 2088 2749 2159 Quandoquidem
2778 2091 3004 2160 spiritus
3025 2091 3152 2149 mali
3180 2092 3233 2146 in
3262 2106 3388 2148 aere
3408 2093 3727 2148 consisten-

2134 2191 2217 2243 tes
2246 2181 2432 2254 lugere
2470 2197 2564 2240 eos
2607 2183 2812 2238 faciunt
2868 2191 3110 2253 tempore
3157 2183 3402 2252 ridendi,
3443 2192 3501 2240 et
3540 2184 3730 2239 ridere

2135 2282 2379 2343 tempore
2407 2273 2624 2346 lugendi
2648 2292 2665 2343 ;
2694 2284 2749 2330 et
2778 2274 3003 2344 impleta
3039 2281 3124 2330 est
3150 2273 3215 2329 de
3252 2274 3361 2329 illis
3384 2273 3679 2345 Scriptura
3713 2294 3726 2330 :

2135 2364 2452 2421 Haledic'tus
2485 2376 2564 2421 est
2610 2368 2705 2436 qui
2750 2367 2879 2437 facit
2925 2367 3117 2421 bonum
3166 2366 3390 2433 malum,
3425 2375 3478 2421 et
3520 2367 3729 2422 malum

2134 2454 2348 2523 bonum,
2386 2467 2439 2513 et
2482 2458 2573 2528 qui
2605 2457 2736 2527 facit
2785 2473 3028 2512 amarum
3066 2456 3239 2523 dulce,
3272 2467 3321 2511 et
3367 2456 3523 2512 dulce
3573 2475 3727 2514 ante.

2135 2562 2252 2601 rum
2281 2547 2349 2602 “.
2384 2546 2496 2604 Hos
2540 2548 2758 2619 quidem
2790 2549 3078 2620 oportebat
3111 2549 3489 2620 obtemperare
3529 2561 3727 2606 sancto

2134 2634 2327 2691 Juanni
2372 2636 2577 2693 dicenti
2624 2655 2639 2693 :
2693 2637 2874 2693 Nolite
2918 2639 3128 2694 credere
3160 2639 3304 2694 omni
3329 2639 3588 2708 spiritui;
3637 2641 3726 2696 sed

2134 2721 2363 2793 probate
2377 2725 2621 2794 spiritus,
2652 2742 2776 2780 num
2805 2727 2911 2781 sint
2941 2743 2974 2781 α
3005 2723 3114 2781 Deo
3137 2726 3205 2785 ⁸⁸.

2208 2813 2375 2871 Nobis
2404 2825 2586 2872 autem
2616 2832 2753 2887 opus
2782 2825 2867 2875 est
2893 2832 3058 2889 super
3095 2818 3194 2875 bos
3228 2818 3435 2891 lugere,
3466 2819 3559 2891 qui
3597 2836 3725 2892 per-

2138 2902 2342 2961 sistunt
2381 2905 2435 2960 in
2476 2905 2562 2960 his
2592 2906 2903 2962 memoratis
2936 2907 3094 2963 malis
3131 2909 3281 2963 omni
3324 2918 3571 2980 tempore
3599 2910 3726 2965 vita:

2137 3008 2271 3061 sum,
2305 3008 2478 3066 eaque
2523 2996 2754 3068 diligunt
2783 2997 2904 3068 plus
2936 3013 3102 3069 quam
3146 3000 3373 3069 diligunt
3401 3015 3586 3057 escam
3631 3017 3725 3058 ne-

2136 3085 2470 3152 cessariam,
2511 3093 2567 3141 et
2613 3086 2805 3142 audire
2853 3094 3204 3143 contemnunt
3249 3088 3577 3145 documenta
3632 3092 3725 3146 Dei

2137 3177 2387 3241 viventis,
2417 3176 2798 3245 amplexantes
2826 3191 2888 3235 ea
2924 3178 3065 3234 mala
3092 3178 3417 3235 documenta
3441 3195 3571 3252 qum
3597 3191 3727 3237 sunt

2138 3264 2427 3336 impiorum
2462 3264 2779 3335 spirituum.
2823 3264 2955 3332 Quae
2985 3265 3205 3337 quidem
3254 3266 3349 3321 Dei
3396 3269 3721 3326 documenta

2137 3364 2286 3424 sunt,
2313 3357 2547 3427 puritas,
2580 3370 2685 3424 pax
2718 3365 2982 3427 perpetua
3012 3357 3134 3413 sine
3169 3357 3536 3417 mutabilitate
3562 3361 3725 3432 plena

2138 3447 2562 3514 misericordia,
2649 3458 2704 3505 et
2779 3448 3109 3521 reliquorum
3187 3450 3520 3521 optimorum
3612 3454 3723 3511 fru-

2138 3539 2321 3587 ctuum
2384 3546 2659 3599 verorum,
2704 3547 2938 3605 quorum
2993 3534 3390 3590 consummatio
3426 3545 3517 3593 est
3559 3535 3724 3593 bene-

2137 3621 2323 3679 dictio.
2374 3620 2620 3694 Satagite
2668 3625 2874 3695 itaque,
2907 3623 3272 3695 dilectissimi,
3335 3626 3453 3681 haec
3488 3625 3726 3698 Spiritus

2151 3712 2475 3769 documenta
2529 3715 2789 3785 consequi
2836 3715 3033 3785 quibus
3073 3715 3268 3773 animae
3303 3726 3507 3772 nostrae
3551 3717 3725 3773 viviti-

2142 3812 2357 3869 cantur,
2387 3802 2566 3871 iisque
2596 3804 2960 3860 mediantibus
2991 3804 3320 3874 suscipimus
3350 3804 3644 3889 Dominum
3674 3807 3723 3861 iu

2142 3893 2577 3963 nobismetipsis;
2620 3908 2687 3950 ea
2756 3894 2957 3966 quippe
3000 3903 3128 3951 sunt
3160 3896 3244 3950 via
3278 3911 3495 3961 secura,
3526 3897 3582 3952 in
3622 3912 3731 3969 qua

2143 3986 2320 4042 nullus
2344 3987 2611 4057 reperitur
2633 3971 2779 4043 latro
2807 3986 2923 4044 sive
2945 3987 3237 4059 quidquam
3268 3988 3415 4046 mali.
3438 3988 3509 4045 Et
3537 3990 3725 4047 sciatis

2144 4076 2289 4147 quod
2337 4076 2456 4131 sine
2495 4078 2735 4148 puritate
2772 4076 3019 4149 corporis
3057 4086 3114 4133 et
3143 4079 3326 4134 cordis
3357 4093 3519 4134 nemo
3548 4080 3725 4137 valeat

2142 4154 2264 4223 esse
2288 4167 2562 4237 perlectus
2590 4184 2776 4225 coram
2810 4169 2941 4236 Deo,
2967 4170 3263 4230 secundum
3292 4171 3435 4241 quod
3458 4171 3725 4242 scriptum

2141 4267 2225 4314 est
2266 4260 2320 4314 in
2353 4271 2704 4316 sacrosancto
2736 4260 3033 4333 Evangelia
3072 4280 3086 4317 :
3119 4258 3275 4320 Beati
3310 4262 3512 4318 mundo
3547 4263 3723 4327 corde,

2145 4351 2395 4421 quoniam
2420 4350 2522 4420 ipsi
2553 4350 2721 4404 Deum
2751 4350 2993 4406 uidebunt
3025 4350 3094 4407 ⁸⁸.
3134 4351 3403 4407 Perfectio
3434 4353 3584 4408 enim
3620 4355 3726 4408 ori.

460 4464 544 4503 me
589 4451 825 4512 credunt,
866 4451 1033 4521 magis
1081 4453 1288 4520 expedit
1325 4453 1409 4521 ei,
1469 4466 1524 4509 ut
1573 4460 1926 4527 suspendatur
1980 4462 2034 4516 in

2146 4448 2233 4494 tur
2281 4455 2348 4495 ex
2376 4441 2614 4511 puritate
2651 4441 2863 4510 cordis;
2898 4443 2949 4497 in
2975 4442 3233 4499 cordibus
3278 4445 3477 4515 quippe
3529 4447 3724 4514 duplex

461 4537 597 4594 collo
626 4538 740 4609 ejus
775 4540 911 4613 lapis
940 4540 1116 4611 mulce,
1144 4551 1191 4596 et
1229 4543 1563 4615 demergatur
1591 4546 1643 4600 in
1688 4566 1828 4603 mare
1862 4550 1949 4616 ";
1984 4562 2039 4607 et

462 4631 603 4686 dixit
632 4632 797 4687 etiam
828 4650 843 4686 :
879 4630 1130 4687 Mensura
1154 4650 1258 4708 qua
1290 4638 1681 4706 mensurabitis,
1707 4643 2039 4697 mensurabi-

461 4732 551 4776 tttr
584 4723 724 4778 vobis
752 4723 817 4777 ⁸ο.
836 4723 1015 4791 Quare
1039 4725 1328 4797 percipitc,
1360 4727 1694 4784 dilectissimi
1730 4731 1854 4799 mei,
1885 4734 2032 4801 quod

388 4886 391 4889 _
461 4808 725 4868 Dominus
750 4814 883 4869 nihil
906 4829 1096 4869 eorum
1119 4831 1238 4885 qua:
1269 4831 1433 4887 super
1463 4826 1665 4874 terram
1695 4831 1838 4888 sunt,
1863 4822 2038 4894 diligit

462 4919 578 4975 pr'e
603 4902 885 4974 discipulis
914 4906 1027 4960 suis
1056 4914 1111 4961 et
1141 4906 1464 4964 facientibus
1494 4910 1822 4966 voluntatem
1853 4928 2035 4981 suam,

460 5004 517 5048 et
562 4991 811 5066 deperdit
847 4993 940 5069 qui
970 5010 1065 5052 eos
1104 5005 1482 5053 contemnunt.
1520 5000 1730 5055 Etenim
1774 5004 2034 5073 quidquid

461 5085 594 5142 facit
635 5085 799 5142 homo
845 5088 1020 5147 servis
1064 5088 1184 5157 Dei,
1230 5089 1307 5145 illi
1347 5090 1494 5166 facit,
1527 5092 1654 5160 ,‘sive
1687 5092 1887 5148 bonum
1924 5096 2041 5151 sive

366 5234 371 5239 _
463 5178 664 5235 malum
691 5179 744 5243 id
769 5179 861 5235 sit'.
900 5179 1045 5243 Dixit
1076 5183 1219 5236 enim
1248 5199 1262 5236 :
1297 5182 1401 5248 Qui
1428 5184 1647 5255 suscipit
1669 5200 1777 5247 vos,
1818 5187 2041 5255 suscipit

459 5286 542 5325 me
571 5270 654 5338 ⁸¹;
685 5279 740 5327 et
763 5273 925 5339 etiam
961 5290 975 5328 :
1012 5271 1167 5339 Quod
1193 5290 1295 5326 non
1326 5273 1557 5343 feceritis
1585 5275 1677 5329 uni
1707 5291 1773 5331 ea:
1806 5278 2038 5331 minimis

465 5358 609 5425 istis,
648 5377 811 5435 neque
844 5363 974 5417 mihi
1002 5363 1226 5433 feceritis
1257 5363 1325 5417 ⁸³.
1890 5419 1892 5423 ,

539 5451 742 5527 Quare,
768 5453 1106 5511 dilectissimi
1138 5456 1263 5527 mei,
1293 5463 1499 5523 cavete,
1520 5471 1587 5514 ne
1616 5461 1923 5530 quempiam
1950 5458 2041 5514 lto-

540 5680 596 5751 ‘_{
617 5678 808 5735 Matth.
845 5698 905 5749 x,
945 5682 1038 5736 62.
1116 5684 1161 5717 ⁷³
1194 5683 1384 5740 Matth.
1428 5701 1578 5751 xvttt,
1628 5686 1680 5741 6.

460 5747 506 5777 “¹
550 5748 739 5807 Matth.
782 5747 908 5821 xxv,
947 5752 1036 5808 45.

1663 5959 1690 5981 ο

2149 4537 2287 4592 inest
2342 4539 2574 4609 species,
2622 4540 2834 4595 scilicet
2876 4540 3075 4595 bonum
3116 4541 3391 4608 naturale,
3421 4554 3475 4597 et
3526 4545 3725 4599 malum

2148 4641 2349 4701 praeter
2380 4641 2656 4697 naturam,
2687 4634 2829 4702 quod
2874 4634 3017 4703 parit
3044 4634 3324 4702 passiones
3349 4636 3568 4707 animm,
3609 4651 3727 4715 quae

2149 4728 2275 4774 sunt
2325 4722 2628 4777 susurratio
2654 4764 2681 4803 ,θ
2722 4722 2949 4789 invidia,
2986 4724 3162 4778 illusio
3202 4734 3258 4779 et
3314 4725 3521 4794 reliqua
3563 4727 3721 4781 mala.

2146 4812 2352 4867 Bonum
2390 4829 2519 4869 vero
2565 4815 2705 4886 parit
2749 4816 3113 4885 cognitionem
3167 4816 3284 4879 Dei,
3331 4826 3388 4871 et
3435 4819 3725 4870 sanitatem

2147 4904 2342 4959 animae
2381 4904 2451 4959 ab
2489 4907 2742 4961 omnibus
2789 4905 3155 4976 passionibus.
3194 4905 3373 4972 Quare
3429 4907 3573 4961 dixit
3626 4908 3725 4961 Da—

2145 4997 2234 5051 vid
2266 5016 2279 5051 :
2311 4997 2523 5064 Attium,
2556 5000 2768 5053 benedic
2791 5000 3074 5053 Dominum
3102 5009 3375 5053 sonantem
3402 5017 3582 5056 omnes
3608 5006 3752 5057 luasi

2143 5091 2413 5160 passiones
2448 5091 2516 5146 ⁸⁷.
2557 5091 2614 5147 Si
2667 5102 2847 5149 autem
2896 5093 3077 5150 studet
3132 5094 3330 5159 homo,
3385 5086 3749 5148 dilectissimi?

2150 5183 2280 5248 mei,
2309 5182 2592 5238 eradicare
2623 5184 2843 5250 malum,
2873 5194 2928 5238 et
2957 5184 3182 5239 conlidit
3226 5184 3277 5243 in
3328 5184 3561 5238 Domino
3607 5158 3748 5239 cum‘

2146 5276 2493 5339 rectitudine,
2523 5283 2579 5329 ct
2605 5274 2793 5346 cﬂ'ugit
2822 5277 3003 5331 omnia
3036 5276 3197 5340 mala,
3234 5275 3399 5339 luctu,
3433 5283 3489 5329 et
3521 5275 3723 5329 intesti-

2152 5368 2246 5433 tia,
2274 5377 2328 5421 et
2357 5366 2624 5439 suspiriis,
2649 5376 2704 5422 et
2727 5366 2959 5436 jejunio,
2990 5376 3045 5423 et
3080 5367 3301 5439 vigiliis,
3329 5377 3383 5420 et
3410 5375 3723 5425 mansuetu-

2150 5461 2294 5527 dine,
2336 5468 2391 5515 ct
2432 5459 2612 5515 multis
2661 5460 2727 5515 ad
2783 5460 2951 5515 Deum
2988 5459 3268 5529 precibus;
3328 5458 3595 5512 Dominus
3629 5472 3723 5513 sua

3747 5552 3758 5607 l

1782 5688 1826 5719 ⁸ο
1863 5686 2048 5742 Matth.
2096 5703 2194 5747 vn,
2244 5686 2313 5751 ἒς
2344 5685 2509 5740 Marc.
2539 5701 2612 5753 tv,
2645 5685 2746 5749 24;
2779 5683 2910 5738 Luc.
2943 5697 3017 5748 Vl,
3046 5682 3136 5739 58.
3203 5680 3253 5753 ξ’
3289 5678 3481 5753 _Mat_th.
3527 5679 3724 5753 1,-40.

1149 5755 1195 5789 ⁸³
1232 5753 1335 5810 lsa.
1366 5773 1423 5825 tt,
1467 5758 1551 5811 η.
1630 5757 1675 5790 ⁸³
1715 5760 1815 5816 ha.
1859 5774 1909 5826 v,
1945 5758 2038 5819 20.
2115 5759 2160 5791 ⁸⁵
2198 5755 2351 5813 Joan.
2396 5772 2470 5823 tv,
2514 5756 2563 5811 1.

2639 5757 2704 5831 ,⁸⁸
2736 5748 2933 5811 Matth.
2976 5768 3027 5822 v,
3069 5755 3121 5810 8.
3197 5751 3241 5784 ⁸⁷
3281 5748 3427 5806 Psal.
3464 5762 3568 5815 cu,
3604 5748 3663 5817 ὅ.
