3872 6278
167 334 192 386 i
203 331 308 386 057

1157 327 1214 380 S.
1256 325 1535 382 ANTONII
1577 327 1624 380 M
1688 325 1978 383 ABBATIS
2017 327 2401 384 EPISTOLAE.

3268 334 3408 392 1058

167 443 414 498 bonitate
467 440 539 494 illi
580 439 954 509 opituiabitur,
1010 449 1066 495 et
1121 441 1191 495 ab
1239 441 1494 496 omnibus
1541 443 1736 497 anima:
1765 452 1811 506 Α
1842 443 1906 497 Et
1953 443 2086 498 dicit
2113 444 2223 499 illis
2271 444 2432 498 etiam
2470 462 2482 498 :
2536 442 2774 501 Recedite
2803 461 2835 499 a
2880 461 2980 510 me,
3016 449 3301 514 maledicti,
3350 453 3407 504 ii-

166 531 513 600 passionibus
561 545 682 584 eum
720 531 1049 595 vindicabit,
1087 531 1538 598 quemadmodum
1595 535 1732 587 dixit

167 624 334 676 David
365 641 378 677 :
410 620 605 674 Indica
641 638 739 685 me,
767 623 1014 691 quoniam
1040 623 1094 674 in
1123 621 1411 675 humilibus
1443 622 1732 686 ambulavi,

161 726 216 771 et
271 717 323 768 in
369 714 591 767 Domino
641 715 869 780 conﬁsus
901 729 1055 778 sum,
1099 723 1147 767 et
1200 730 1302 767 non
1357 713 1544 767 timebo
1567 714 1634 768 ⁸⁸.
1672 714 1739 768 Et

161 802 616 873 quemadmodum
654 803 806 856 vobis
846 814 1029 856 notum
1069 804 1196 867 feci,
1230 802 1572 858 dilectissimi
1607 804 1732 870 mei,

165 897 313 966 quod
342 895 426 949 his
451 895 707 962 operibus
739 895 810 949 sit
837 895 1044 950 sanitas
1076 895 1270 949 animm
1303 910 1334 948 a
1364 894 1732 963 passionibus;

165 993 356 1038 notum
388 997 603 1052 quoque
633 983 786 1037 vobis
824 982 986 1046 facio,
1018 984 1158 1052 quod
1193 983 1344 1036 multi
1389 984 1736 1053 persistentes

163 1073 328 1142 longo
361 1071 617 1140 temporis
646 1071 930 1126 intervallo
973 1071 1023 1125 in
1061 1071 1382 1126 monachatu
1416 1082 1468 1126 et
1509 1073 1734 1143 virgini-

165 1173 313 1225 tate,
341 1178 448 1216 non
486 1162 792 1216 didicerunt
825 1161 1126 1217 doctrinam
1173 1177 1385 1230 puram,
1411 1164 1535 1233 quia
1569 1163 1735 1233 negli-

157 1263 357 1322 gentes
389 1252 707 1310 tiocmnenta
756 1259 968 1320 patrum
1017 1267 1236 1306 suorum
1269 1253 1560 1322 amplexati
1608 1261 1730 1308 sunt

163 1345 636 1413 concupiscentias
669 1344 850 1399 cordis
876 1345 997 1409 sui;
1029 1355 1085 1400 et
1114 1345 1316 1402 idcirco
1341 1347 1734 1414 prtevaluerunt

161 1437 428 1491 adversus
449 1450 541 1495 eos
574 1435 696 1489 mali
722 1436 865 1506 genii
890 1445 944 1491 et
971 1435 1195 1491 rebelles
1227 1435 1467 1493 latrones
1490 1437 1582 1507 qui
1609 1451 1736 1493 sum

155 1527 220 1581 in
281 1540 430 1589 aere,
467 1525 770 1595 jaculantes
822 1525 872 1580 in
939 1527 1059 1582 illos
1113 1526 1458 1582 absconditas
1507 1529 1735 1598 sagittas

164 1625 333 1669 noctu
362 1616 596 1684 diuque,
626 1615 697 1669 ita
730 1623 789 1669 ut
819 1615 872 1670 in
912 1616 1058 1670 nullo
1102 1631 1196 1672 eos
1239 1617 1521 1687 quiescere
1552 1617 1738 1674 sinant

161 1705 310 1768 loco,
352 1719 452 1759 nec
495 1721 599 1761 non
637 1714 902 1776 occupant
930 1707 1089 1761 corda
1133 1723 1320 1764 eorum
1361 1709 1637 1781 superbia,
1681 1721 1738 1766 et

1839 532 2010 601 ignem
2031 544 2284 586 arternum
2304 534 2370 597 “,
2396 534 2483 587 ubi
2507 543 2585 588 est
2611 537 2766 604 ﬂetus
2787 547 2834 590 et
2859 539 3056 592 stridor
3082 541 3315 594 dentium
3333 541 3385 574 ”

1905 621 2056 674 Nunc
2087 622 2269 691 itaque
2291 664 2305 686 ,
2339 624 2673 679 dilectissimi
2709 628 2834 690 mei,
2869 643 2974 683 non
3007 630 3111 685 alia
3143 632 3208 686 de
3235 647 3397 690 causa

1835 711 1976 766 hanc
2005 713 2197 781 scripsi
2230 713 2380 768 vobis
2411 718 2693 783 epistolam
2716 758 2732 782 ,
2775 721 2878 774 nisi
2931 733 3151 791 propter
3189 724 3397 780 deside-

1836 803 1974 856 rium
2014 803 2204 857 salutis
2252 813 2469 870 vestrae,
2505 815 2562 860 ut
2601 807 2724 863 sitis
2768 809 2948 876 liberi,
3001 822 3056 866 et
3099 813 3303 879 ﬁdeles,
3351 823 3407 870 et

1835 905 2033 962 Sponsa
2089 907 2222 961 pura
2276 893 2534 962 Christo;
2594 898 2708 964 ipse
2760 914 2991 970 namque
3045 911 3128 955 est
3177 919 3408 972 sponsus

1834 985 2071 1036 oumium
2107 983 2410 1039 animarum
2451 998 2784 1052 sanctarum,
2814 998 2872 1044 ut
2918 993 2993 1045 ait
3037 991 3235 1048 Paulus
3281 1009 3412 1064 apo-

1834 1074 2047 1128 stolas:
2093 1072 2362 1143 Despondi
2409 1079 2545 1131 enim
2590 1094 2677 1131 vos
2709 1081 2801 1132 uni
2845 1082 2960 1135 viro
3013 1085 3410 1155 primogenitum

1833 1172 2054 1226 castam,
2094 1171 2150 1214 ut
2196 1163 2488 1218 exhiberem
2525 1182 2615 1219 eos
2647 1165 2854 1221 Christo
2881 1169 2947 1225 ἐ.
2991 1169 3246 1239 Equidem
3292 1174 3409 1228 scio

1834 1251 1998 1305 multa
2043 1252 2155 1322 jam
2206 1255 2377 1308 vobis.
2417 1257 2663 1310 evenisse
2709 1259 3034 1324 certamina,
3077 1260 3410 1316 dilectissimi

1836 1342 1966 1406 mei,
1999 1358 2120 1412 qme
2147 1359 2250 1413 ope
2298 1345 2514 1400 Domini
2549 1347 2718 1400 nostri
2753 1350 2842 1416 qui
2874 1364 2970 1405 vos
3005 1351 3232 1419 direxit,
3261 1355 3412 1409 devi-

1838 1434 1996 1489 taStis
2031 1435 2276 1504 singula;
2309 1437 2509 1506 quippe
2537 1451 2700 1492 verax
2739 1439 2880 1494 Deus
2914 1450 3017 1506 est,
3060 1453 3115 1498 et
3153 1444 3268 1512 ipse
3315 1460 3412 1501 vos

1836 1539 2134 1596 omnesque
2161 1529 2253 1597 qui
2283 1529 2384 1583 sibi
2411 1529 2746 1593 ministrant,
2774 1532 3043 1587 confortat
3069 1550 3134 1588 ne
3163 1535 3411 1591 incidatis

1838 1618 1892 1671 in
1935 1633 1999 1673 ea
2041 1633 2160 1688 qua:
2193 1620 2336 1674 ferre
2365 1633 2470 1673 non
2502 1619 2712 1675 valetis.
2746 1619 3010 1690 Percipite
3040 1623 3221 1693 igitur,
3259 1623 3404 1680 filioli

1813 1699 1966 1772 'mei,
1995 1708 2101 1761 vim
2139 1709 2496 1764 tentationum
2526 1723 2646 1777 qua:
2674 1711 2828 1764 vobis
2857 1715 3177 1779 evenerunt,
3211 1723 3265 1768 et
3299 1729 3412 1768 ma-

162 1797 312 1850 inani
343 1796 536 1866 gloria,
561 1805 617 1852 et
644 1797 806 1867 impia
844 1798 1184 1854 aemulatione
1202 1839 1218 1866 ,
1251 1808 1306 1854 et
1331 1802 1727 1866 susurratione,
1762 1804 1806 1864 Β
1833 1799 2165 1867 gnitudinem
2195 1801 2461 1854 honorum
2484 1801 2574 1869 qui
2599 1801 2749 1857 vobis
2770 1801 2880 1856 dati
2898 1811 3024 1858 sunt
3043 1818 3071 1857 a
3095 1804 3206 1858 Deo
3225 1819 3410 1860 earum

158 1899 218 1946 et
263 1889 342 1943 ira
364 1927 381 1954 ,
409 1898 466 1943 et
493 1889 984 1955 excandescentia,
1017 1897 1074 1944 et
1113 1892 1460 1948 contentione
1505 1892 1736 1962 aliisque

161 1979 508 2049 passionibus
551 1995 715 2050 quam
760 1979 1028 2050 plurimis.
1079 1980 1205 2037 llaec
1257 1983 1399 2038 enim
1429 1993 1495 2040 et
1535 1984 1736 2040 similia

161 2081 481 2141 perpetrant
533 2072 802 2128 daemones
834 2080 1076 2128 nostram
1110 2073 1450 2130 intendentes
1479 2085 1732 2142 mortem,

162 2178 275 2219 non
304 2163 519 2232 quidem
549 2163 735 2217 vitam.

237 2253 368 2309 Hac
393 2266 524 2309 sane
552 2255 739 2321 verba,
761 2267 883 2324 quae
910 2254 1064 2310 vobis
1093 2264 1217 2312 nota
1242 2256 1369 2322 feci,
1397 2257 1734 2314 dilectissimi

162 2342 296 2406 mei,
323 2356 428 2397 non
459 2356 576 2397 mea
599 2343 816 2412 quidem
852 2352 1002 2409 sunt,
1034 2346 1132 2401 sed
1164 2361 1352 2403 eorum
1380 2362 1596 2418 quoque
1622 2363 1740 2404 me-

164 2433 329 2488 minit
365 2432 604 2490 Jacobus
639 2435 915 2504 apostolus
952 2438 1138 2492 dicens
1170 2457 1185 2492 :
1227 2438 1288 2494 Si
1336 2439 1458 2493 insit
1497 2440 1556 2494 in
1595 2440 1738 2495 vobis

162 2524 441 2580 emutatio
455 2542 661 2592 amara,
683 2536 730 2580 et
753 2529 1038 2582 schismata
1063 2529 1165 2583 sint
1189 2529 1244 2583 in
1269 2530 1510 2586 cordibus
1531 2532 1736 2596 uestris,

163 2613 330 2668 nolite
359 2615 580 2685 gloriari
616 2625 669 2670 et
704 2616 981 2672 mendaces
1006 2633 1118 2672 esse
1149 2618 1404 2673 adversus
1432 2621 1738 2683 ueritatem;

163 2720 275 2758 non
302 2715 377 2759 est
398 2707 536 2760 enim
565 2705 666 2760 ista
689 2708 949 2774 sapientia
971 2708 1035 2762 de
1064 2723 1272 2762 sursum
1307 2709 1620 2763 descendens
1647 2710 1738 2765 sed

165 2805 409 2859 terrena,
447 2795 713 2863 animalis,
749 2796 1013 2852 diabolica
1035 2796 1124 2851 ⁸⁸·.
1156 2796 1427 2868 Scriptum
1457 2799 1619 2854 etiarn
1653 2811 1740 2855 est

169 2885 224 2940 in
268 2885 508 2955 Epistola
537 2885 762 2942 Joannis
804 2887 1031 2957 apostoli
1082 2888 1232 2954 :Qui
1277 2889 1407 2958 facit
1447 2900 1736 2958 peccatum,

164 2991 233 3030 ea:
261 2975 471 3029 diabolo
497 2984 574 3031 est
596 2976 664 3030 ”.
686 2976 822 3031 Cum
853 2977 1034 3046 itaque
1055 2979 1468 3048 cognovissetis.
1497 2980 1738 3036 dilectis-

166 3066 292 3122 simi
329 3067 453 3130 mei,
486 3068 628 3136 quod
657 3068 747 3138 qui
772 3077 1091 3137 permanent
1124 3070 1176 3125 in
1205 3071 1291 3125 his
1325 3071 1600 3140 operibus,
1633 3087 1737 3127 non

1841 1903 2004 1944 causa
2029 1929 2044 1954 ,
2070 1899 2125 1944 et
2150 1899 2462 1946 constantes
2494 1891 2731 1948 resistite
2758 1894 3002 1952 venturis
3032 1907 3266 1965 quoque.
3319 1897 3413 1950 Et-

1842 1981 1987 2034 enim
2019 1995 2210 2034 aurum
2244 1982 2367 2051 igne
2393 1982 2662 2039 multoties
2678 1984 2958 2052 probatur,
2980 1994 3038 2038 ut
3068 1986 3264 2054 potiori
3293 2001 3414 2056 pro-

1841 2069 2058 2124 batione
2085 2070 2316 2124 eiectum
2344 2081 2622 2141 appareat.
2653 2071 2915 2127 Similiter
2945 2073 3204 2128 Dominus
3232 2086 3413 2130 noster

1842 2170 1942 2210 sua
1975 2156 2216 2213 bonitate
2254 2157 2525 2213 hominem
2567 2159 2758 2228 probat
2789 2159 2969 2216 multis
2999 2161 3411 2228 tentationibus,

1841 2255 1900 2300 et
1943 2247 2220 2315 experitur
2271 2248 2444 2314 illum,
2485 2259 2648 2318 atque
2684 2251 2857 2320 liquat
2898 2251 3004 2308 illis
3049 2254 3414 2311 mediantibus

1845 2348 2107 2408 tanquam
2133 2353 2326 2393 aurum
2363 2339 2736 2408 purissimum,
2761 2351 2818 2396 et
2841 2341 3032 2398 edocet
3064 2343 3212 2398 illum
3237 2354 3416 2400 certa-

1842 2428 1989 2482 mina
2011 2427 2226 2493 cordis;
2253 2428 2326 2482 ita
2353 2437 2410 2482 ut
2434 2443 2541 2483 non
2577 2439 2883 2486 revertatur
2915 2432 3148 2502 amplius
3175 2435 3417 2506 cogitare
3451 2416 3456 2420 ”

1842 2526 1941 2573 aut
1963 2520 2276 2576 meminisse
2301 2518 2670 2575 multitudinis
2714 2522 3033 2594 iniuriarum
3063 2535 3118 2580 et
3165 2536 3414 2584 contem-

1843 2618 1970 2678 ptus
1996 2623 2132 2678 quos
2159 2608 2234 2663 illi
2279 2609 2576 2665 intulerunt
2625 2611 2904 2678 homines,
2945 2629 3254 2687 vacuusque
3305 2620 3413 2676 erit

1848 2700 2050 2754 timore
2075 2699 2273 2755 diaboli
2299 2715 2315 2766 ;
2344 2701 2438 2755 sed
2467 2701 2780 2757 humiiietur
2810 2718 2995 2760 coram
3028 2706 3162 2774 Deo,
3197 2717 3252 2764 et
3279 2724 3415 2765 con-

1846 2790 1976 2845 (idat
1996 2792 2048 2844 in
2079 2790 2252 2854 illum,
2283 2791 2460 2861 sitque
2497 2806 2714 2860 semper
2744 2794 2811 2848 ad
2843 2793 3040 2850 bonum
3071 2807 3294 2865 paratus
3322 2815 3418 2856 co-

1844 2897 1963 2937 ram
2024 2882 2154 2948 Deo,
2209 2884 2663 2952 quemadmodum
2715 2886 2851 2940 dixit
2899 2888 3064 2943 David
3099 2891 3412 2960 propinata:

1845 2969 1954 3025 Cor
1981 2987 2152 3025 meum
2179 2981 2443 3039 paratum,
2478 2971 2643 3034 Deus.
2672 2988 2764 3026 cor
2787 2990 2958 3029 meum
2983 2989 3226 3045 paratum
3247 2995 3268 3044 ;
3292 2980 3416 3034 lau-

1844 3061 2003 3127 dabo,
2024 3071 2070 3116 et
2098 3062 2322 3128 psallam
2344 3064 2400 3116 in
2424 3061 2811 3133 gloriﬁcatione
2834 3082 2945 3121 mea
2970 3067 3036 3123 ".
3064 3067 3263 3124 Sciatis
3287 3085 3417 3139 ergo

167 3153 243 3209 sit
284 3153 494 3209 Domini
526 3169 661 3225 opus
698 3156 750 3210 in
787 3157 916 3222 illis,
943 3171 1130 3212 verum
1162 3139 1438 3226 compotes
1467 3169 1592 3215 sunt
1626 3159 1734 3216 dia-
1766 3139 1808 3198 α
1843 3152 1966 3218 hoc.
2010 3153 2154 3220 (ιυοά
2200 3151 2405 3221 absque
2437 3152 2602 3208 ἀυδίο
2631 3169 2662 3208 3
2699 3155 3020 3223 QUibUSdam
3052 3159 3415 3228 probabimini

166 3244 472 3300 bolicorum
502 3246 973 3314 documentorum,
998 3256 1197 3305 etcum
1225 3249 1454 3307 diabolis
1483 3263 1740 3321 reputan-

168 3346 281 3402 tur,
316 3338 663 3407 quamobrem
702 3339 976 3409 lugeamus
1037 3341 1423 3411 nosmetipsos;
1457 3343 1559 3398 hoc
1588 3360 1742 3400 nam-

167 3443 277 3498 que
301 3437 511 3499 tempus
533 3430 585 3485 in
611 3445 716 3500 quo
734 3445 937 3497 sumus,
961 3441 1044 3487 est
1066 3434 1348 3488 maerendi.
1373 3435 1741 3504 Agnoscamus

167 3534 389 3590 quoque
421 3534 734 3576 mensuram
762 3522 1027 3577 donorum
1068 3522 1300 3592 Spiritus
1328 3527 1534 3591 sancti,
1559 3535 1614 3582 et
1633 3527 1743 3582 cla-

168 3622 381 3663 luemus
408 3623 528 3663 cum
559 3610 774 3665 dicente
810 3631 822 3666 :
860 3609 1060 3676 Venite,
1087 3615 1384 3679 adoremus,
1415 3625 1464 3669 et
1491 3618 1740 3685 procida-

167 3714 308 3764 mus,
337 3709 382 3752 et
418 3699 680 3767 ploremus
714 3710 833 3755 ante
866 3718 982 3756 eum
1013 3703 1104 3772 qui
1129 3703 1254 3772 fecit
1285 3721 1377 3760 nos
1401 3707 1483 3774 ’°;
1512 3717 1567 3762 et
1594 3709 1742 3764 dica-

168 3805 292 3845 mus
321 3791 486 3845 etiam
525 3793 730 3848 dictum
776 3792 892 3863 ejus
923 3810 936 3847 :
973 3794 1134 3849 Salva
1172 3811 1286 3862 nte,
1320 3796 1564 3863 Domine,
1607 3817 1742 3870 quc-

169 3883 313 3936 niam
347 3880 538 3951 defecit
567 3893 802 3948 sanctus,
839 3892 889 3937 et
928 3885 1186 3938 diminuta
1225 3897 1299 3940 est
1330 3889 1518 3942 veritas
1547 3906 1580 3942 a
1615 3891 1741 3957 ﬁliis

168 3974 474 4039 hominum;
518 3984 565 4030 et
607 3975 810 4030 locutus
836 3986 910 4030 est
941 3978 1298 4048 unusquisque
1337 3981 1393 4032 in
1440 3980 1737 4045 proximum

169 4079 326 4116 suum
360 4063 513 4118 labiis
540 4065 754 4129 dolosis,
785 4076 832 4120 et
869 4067 1023 4120 corde
1053 4067 1389 4135 fraudulento
1412 4071 1480 4122 ⁸⁵.
1509 4070 1737 4140 Propter

170 4168 293 4224 qua:
343 4165 521 4209 autem
571 4156 733 4211 verba
784 4166 839 4211 et
886 4171 1007 4227 quae
1062 4168 1381 4227 sequuntur,
1423 4160 1577 4216 nobis
1613 4161 1744 4220 [lere

170 4257 354 4315 operae
381 4247 612 4315 pretium
635 4256 740 4311 est,
769 4249 1022 4317 quoniam
1047 4249 1183 4304 dixit
1211 4262 1226 4302 :
1257 4249 1510 4304 Dominus
1535 4252 1742 4319 disper-

169 4337 258 4392 det
286 4339 461 4392 omnia
501 4337 641 4391 labia
670 4337 885 4404 dolosa,
919 4348 966 4393 et
997 4339 1205 4409 linguas
1237 4339 1404 4393 elatas
1442 4341 1508 4392 θ’.
1543 4339 1742 4399 Sciatis

169 4439 380 4495 autem,
420 4430 565 4484 filioli
613 4431 742 4496 mei,
789 4431 887 4485 hos
941 4444 1063 4486 esse
1106 4431 1200 4500 qui
1252 4439 1569 4500 reputantur
1617 4447 1740 4489 cum
1774 4470 1818 4525 Β

169 4523 414 4592 quinque
453 4521 754 4588 virginibus
793 4521 1012 4588 stultis,
1060 4521 1314 4589 quoniam
1361 4531 1742 4592 transcgerunt

169 4628 331 4670 omne
355 4622 566 4682 tempus
589 4627 749 4668 suum
770 4627 892 4668 cum
913 4613 1162 4676 stultitia,
1181 4622 1237 4668 et
1254 4627 1358 4667 non
1382 4615 1742 4670 cohibuerunt

171 4707 386 4774 linguas
412 4719 560 4771 suas,
587 4713 764 4774 neque
793 4705 1122 4759 mundarunt
1149 4705 1338 4760 oculos
1377 4721 1508 4759 suos
1535 4714 1590 4760 et
1619 4721 1742 4760 cor-

170 4813 299 4866 pora
350 4810 447 4850 sua
492 4811 521 4850 a
574 4795 1064 4863 concupiscentiis,
1119 4810 1295 4864 neque
1335 4798 1501 4851 corda
1541 4811 1635 4850 sua
1673 4796 1744 4851 ab

172 4887 532 4942 immunditiis
574 4888 801 4958 aliisque
843 4887 969 4942 ﬂetu
1045 4889 1243 4958 dignis,
1291 4903 1414 4944 cum
1466 4890 1741 4944 immunda

169 4981 312 5045 sint;
342 4980 692 5048 contentique
715 4989 870 5034 erant
897 4980 1096 5038 vestitu
1128 4982 1284 5036 laneo
1323 4981 1622 5046 duntaxat,
1650 4979 1742 5048 qui

168 5079 252 5126 est
306 5069 518 5125 habitus
565 5070 892 5142 virginitatis
933 5073 1304 5127 tantummodo
1352 5088 1366 5127 :
1414 5078 1746 5140 quapropter

169 5160 378 5215 caelesti
415 5160 672 5215 carebant
715 5160 1073 5218 delaetatione
1124 5164 1191 5217 ad
1246 5161 1506 5231 lugendos
1544 5169 1745 5215 semet-

172 5253 319 5321 ipsos
340 5263 396 5308 et
422 5267 548 5307 suas
572 5253 944 5308 accendendas
970 5254 1284 5322 lampades;
1318 5263 1604 5322 prapterea
1635 5266 1738 5306 non

173 5343 385 5411 aperuit
415 5343 520 5399 illis
561 5342 826 5412 Sponsus,
861 5343 955 5398 sed
985 5345 1061 5398 ait
1101 5343 1208 5399 illis
1250 5344 1410 5400 sicuti
1451 5344 1528 5398 ait
1561 5343 1742 5398 stultis

173 5428 476 5499 virginibus
507 5445 522 5484 :
565 5430 725 5486 Amen
757 5431 874 5485 dico
915 5431 1082 5497 vobis,
1123 5447 1225 5486 non
1259 5447 1512 5504 cognosco
1551 5448 1640 5486 vos
1669 5432 1738 5485 ³³.

246 5624 294 5657 ⁸⁸
329 5625 469 5681 Psal.
502 5643 630 5691 xxv,
661 5629 714 5686 l.

175 5691 227 5727 ⁸³
266 5693 454 5752 Matth.
493 5713 617 5762 xxv,
662 5699 746 5755 12.
858 5700 903 5732 ’⁸
955 5702 1080 5757 ibid.
1122 5691 1212 5757 4i.

1843 3245 2133 3310 fratribus,
2177 3247 2483 3316 opprobriis
2518 3255 2570 3301 et
2617 3245 2860 3316 injuriis,
2893 3256 2947 3304 et
2986 3252 3412 3310 contemnemini

1842 3349 1874 3390 a
1907 3335 2256 3391 consortibus
2283 3336 2500 3393 vestris.
2525 3336 2658 3391 Cum
2687 3347 2866 3392 autem
2895 3340 3010 3395 haec
3038 3342 3191 3396 vobis
3219 3357 3416 3399 evene-

1842 3427 1974 3494 rint,
2016 3428 2327 3495 persistite,
2374 3437 2429 3482 et
2469 3429 2635 3483 nolite
2687 3429 2893 3493 timere,
2934 3447 3106 3501 neque
3148 3447 3411 3501 manere;

1841 3534 2029 3574 verum
2063 3520 2270 3589 gratias
2300 3520 2442 3588 agite
2468 3519 2696 3574 Domino
2723 3535 2820 3588 pro
2849 3521 3102 3576 omnibus
3143 3523 3249 3586 bis,
3285 3539 3414 3592 quo-

1841 3609 1992 3662 niam
2023 3609 2143 3664 sine
2178 3608 2270 3664 illo
2298 3609 2430 3664 nihil
2473 3610 2667 3664 horum
2699 3610 2852 3666 vobis
2886 3612 3100 3678 accidit,
3133 3614 3259 3680 quia
3294 3630 3416 3669 cer-

1845 3703 2046 3756 tamina
2093 3717 2315 3760 necesse
2373 3713 2456 3759 est
2506 3704 2723 3758 evenire
2769 3705 2942 3760 servis
2995 3706 3240 3772 Domini;
3291 3724 3414 3762 nam

1845 3794 2160 3863 quicunque
2193 3810 2299 3850 non
2335 3795 2599 3864 probatur
2629 3810 2656 3849 a
2698 3795 2942 3850 bonitate
2973 3796 3065 3851 Dei
3102 3800 3416 3856 tentationi-

1841 3889 1966 3953 bus,
1997 3898 2051 3943 et
2091 3888 2386 3952 laboribus,
2419 3898 2473 3943 et
2511 3889 2867 3956 maeroribus,
2898 3896 2953 3943 et
2993 3888 3415 3957 calamitatibus,

1844 3981 2021 4036 donec
2050 3981 2259 4036 ediscat
2287 3982 2551 4036 rationem
2581 3980 2859 4035 obtinendi
2894 3982 3165 4052 patientia:
3189 3993 3242 4039 et
3267 3986 3414 4050 boni,

1843 4083 1995 4127 certe
2030 4087 2137 4127 non
2167 4071 2398 4140 accipiet
2428 4071 2497 4125 ab
2527 4070 2618 4125 illo
2642 4070 2922 4125 honorem.

1917 4163 2069 4218 Nunc
2100 4163 2313 4230 itaque,
2345 4159 2684 4215 dilectissimi
2719 4160 2861 4224 mei,
2901 4161 3160 4216 sustinete
3201 4161 3417 4217 labores

1844 4263 1900 4310 et
1934 4267 2194 4308 mterores
2223 4252 2314 4322 qui
2353 4252 2508 4304 vobis
2539 4250 2825 4315 eveniunt;
2857 4259 2911 4304 et
2947 4251 3149 4318 gratias
3186 4251 3416 4305 Domino

1843 4344 1988 4414 agite
2023 4357 2214 4411 magna
2257 4340 2584 4402 humilitate,
2625 4347 2685 4393 ut
2722 4339 2951 4394 videatis
2982 4339 3221 4394 laetitiam
3264 4341 3415 4394 labo-

1844 4452 1964 4490 rum
1996 4443 2330 4496 vestrorum,
2359 4432 2500 4487 sicut
2545 4431 2704 4485 beata
2746 4430 2997 4486 Susanna
3040 4430 3334 4485 fortissima
3363 4432 3414 4486 in

1847 4526 2008 4591 bello,
2045 4541 2164 4595 quae
2202 4523 2481 4594 praevaluit
2521 4523 2794 4576 adversus.
2825 4522 3319 4590 concupiscentiam
3353 4521 3420 4575 il-

1849 4617 2022 4672 lorum
2049 4616 2276 4668 duorum
2305 4628 2495 4668 senum
2527 4609 2928 4665 adversantium
2957 4610 3082 4679 legi,
3114 4609 3203 4679 qui
3237 4611 3415 4666 testati

1849 4719 1975 4764 sunt
2013 4716 2203 4761 contra
2245 4719 2362 4758 eam
2417 4702 2644 4764 falsum,
2685 4701 3095 4771 intuleruntque
3127 4701 3177 4756 ei
3221 4701 3418 4757 multos

1850 4799 2095 4862 labores;
2132 4806 2186 4851 et
2213 4805 2434 4865 propter
2465 4795 2582 4863 ejus
2625 4791 2938 4862 patientiam
2969 4801 3025 4847 et
3051 4794 3415 4848 constantiam

1849 4889 2112 4946 exalta-vit
2134 4887 2278 4942 illam
2311 4887 2454 4941 Deus
2481 4885 2533 4938 in
2559 4884 2666 4938 line
2689 4883 2772 4938 sui
2798 4884 3134 4948 certaminis,
3161 4893 3217 4938 et
3242 4885 3418 4941 humi-

1852 4981 2004 5036 iiavit
2050 4980 2234 5034 hostes
2284 4977 2449 5032 illius.
2495 4975 2562 5030 Et
2593 4973 2736 5029 sicut
2778 4973 2974 5029 Thecla
3020 4974 3215 5044 spiritu
3254 4976 3416 5029 etiam

1850 5067 2169 5133 fortissima,
2196 5080 2314 5135 qua-
2343 5063 2565 5118 minime
2593 5069 2878 5131 parentum
2904 5061 3082 5116 illatas
3105 5063 3206 5116 sibi
3240 5063 3420 5116 timuit

1849 5157 2101 5228 injurias,
2133 5171 2307 5225 neque
2332 5154 2506 5224 ignem
2543 5153 2730 5217 etiam,
2760 5165 2933 5220 neque
2959 5152 3296 5214 earnilicem,
3325 5166 3421 5204 ne-

1846 5264 1955 5320 que
2002 5249 2212 5303 feroces
2261 5247 2426 5301 feras.
2479 5243 2718 5298 Tandem
2765 5258 2893 5298 vero
2931 5242 3194 5310 elargitus
3238 5250 3322 5295 est
3358 5242 3418 5296 -ei

1847 5338 1991 5394 Deus
2022 5337 2262 5394 izetitiam
2291 5333 2495 5396 cordis,
2524 5341 2578 5388 et
2607 5348 2828 5387 suormn
2867 5331 3090 5400 praemia
3134 5329 3377 5383 laborum
3401 5343 3417 5391 ;

1845 5429 2104 5487 fortitudo
2137 5429 2281 5484 enim
2315 5427 2430 5496 ejus
2467 5425 2591 5480 fidei
2624 5425 2676 5480 in
2716 5425 2905 5487 Deum,
2937 5420 3198 5476 exstinxit
3240 5420 3418 5489 ignem

823 5631 892 5663 ⁸⁸⁸
930 5628 1042 5685 Jac.
1087 5646 1166 5692 lli,
1209 5630 1295 5692 lli,
1341 5630 1426 5683 lii.
1489 5631 1534 5662 δ’
1576 5627 1738 5684 lJoan

1844 5645 1894 5690 rt,
1937 5630 1990 5684 8.
2039 5627 2508 5691 i’°l’sal.xcw,6.
2553 5623 2758 5676 "Psal.
2799 5637 2871 5682 Kl,
2913 5620 3044 5678 2.5.
3117 5618 3169 5692 ξ’
3209 5612 3419 5672 “ﬁmb-

1281 5673 1295 5695 ’
1319 5673 1788 5780 ξῖᾞιθιιιιίἶῖἱὶἶ,
1812 5673 1990 5754 "112.“
2020 5673 2064 5732 υό
2121 5673 2369 5755 Ῑι””ὂυῖί’
2392 5673 2483 5765 ’ίιζ
2495 5673 2566 5750 ⁷2.

2643 5695 2686 5734 οι
2753 5692 2896 5746 Pssl.
2943 5705 3070 5756 ωε.
3114 5686 3172 5742 2-
