3872 6278
456 313 598 374 1059

1552 297 1828 355 PATBES
1867 292 2169 352 IEGYPTII
2206 291 2481 350 SECUU
2520 292 2611 348 iV.

3608 287 3754 344 1060

456 435 761 498 ardentem,
785 439 842 487 et
866 425 1145 486 obseravit
1165 438 1260 480 ora
1291 423 1510 479 leonum
1539 422 1827 485 feracium,
1852 431 1908 475 et
1941 421 2042 475 hu-
2072 423 2120 480 Α
2150 428 2262 473 tres
2283 457 2298 483 ,
2336 413 2575 472 invicem
2627 410 2855 483 parcite,
2899 419 2958 464 ut
3009 415 3197 498 parcat
3246 405 3398 462 vobis
3449 405 3749 498 Dominus.

458 524 655 580 miliati
681 533 807 578 sunt
829 520 878 575 ei
903 516 1140 573 universi
1167 515 1311 570 illius
1333 514 1538 568 hostes.
1578 513 1644 566 Et
1670 512 1812 567 sicut
1837 511 2040 580 Joseph

460 614 683 670 humilis
728 625 910 665 coram
953 605 1066 662 Deo
1090 616 1144 661 et
1176 603 1524 669 hominibus;
1563 614 1721 671 quem
1752 639 1768 664 ,
1801 615 1924 655 cum
1959 600 2045 654 in-

458 705 723 760 vidissent
761 701 812 754 ei
849 700 1052 754 fratres
1087 697 1207 762 sui,
1252 705 1308 751 et
1345 695 1471 751 odio
1502 694 1652 748 illum
1683 691 2041 757 habuissent,

460 795 706 848 volentes
759 791 907 844 illius
950 786 1229 842 ell‘uudere
1275 783 1591 854 sanguinem
1639 782 1710 838 ob
1758 781 2042 846 invidiam,

465 888 685 949 propter
719 878 979 931 honorem
1016 876 1063 930 ei
1105 891 1135 928 a
1169 883 1324 944 patre
1368 873 1646 940 delatum,
1678 872 1920 927 servavit
1953 871 2040 924 di-

462 972 648 1022 vinum
708 967 968 1022 auxilium
1012 981 1041 1019 a
1084 982 1243 1027 nece;
1293 964 1388 1020 sed
1431 966 1479 1020 ei
1537 964 1736 1019 invidia
1787 963 2047 1018 dominati

464 1069 613 1126 sunt,
643 1067 696 1112 et
724 1058 1076 1113 elevaverunt
1104 1057 1154 1110 iu
1185 1057 1333 1110 illum
1359 1071 1549 1111 manus
1576 1071 1724 1122 suas,
1747 1064 1802 1110 et
1829 1055 2046 1109 demum

468 1149 522 1203 in
561 1161 777 1203 servum
815 1147 1201 1202 vendiderunt.
1245 1144 1467 1216 Insuper
1510 1145 1705 1201 mulier
1734 1143 1819 1201 sui
1846 1143 2048 1199 domini

467 1239 553 1295 cui
608 1238 969 1300 inserviebat,
1004 1237 1306 1307 permultos
1361 1235 1542 1291 intulit
1583 1236 1660 1291 illi
1702 1236 1938 1301 labores,
1974 1238 2048 1292 ita

467 1329 686 1399 quidem
711 1338 768 1382 ut
798 1329 852 1383 in
877 1343 1154 1383 carcerem
1189 1327 1353 1383 fuerit
1381 1329 1634 1398 injectus.
1655 1327 1794 1382 Erat
1816 1343 2052 1397 namque

467 1421 796 1484 continens,
848 1427 1201 1486 mansuetus,
1256 1417 1617 1483 purissimus,
1669 1417 2052 1472 immaculatus

383 1560 387 1568 .
470 1510 650 1564 anima
689 1518 746 1562 et
795 1521 1062 1576 corpore,
1101 1521 1201 1562 nec
1255 1506 1436 1561 timuit
1479 1505 1632 1575 (Deo
1689 1507 1740 1561 ei
1797 1505 2051 1575 favente)

469 1612 662 1652 omnes
691 1597 808 1652 illas
839 1609 1132 1660 aerumnas,
1159 1594 1254 1651 sed
1282 1596 1576 1661 sustinuit,
1608 1604 1661 1650 et
1703 1596 1941 1650 conlisus
1970 1605 2056 1651 est

474 1686 527 1740 in
554 1685 823 1751 Domino;
852 1693 908 1739 et
933 1684 1226 1739 novissime
1258 1683 1521 1740 exaltavit
1546 1685 1698 1740 illum
1732 1686 1893 1753 Deus,
1926 1700 2055 1740 con-

2146 506 2360 562 Etenim
2395 504 2446 558 id
2477 502 2746 568 inculcat,
2779 499 2967 554 dicens
2996 515 3010 552 :
3041 497 3320 560 Dimittite,
3355 507 3406 550 et
3438 497 3757 550 dimittetur

2145 597 2289 652 vobis
2315 595 2386 649 θ’.
2417 593 2474 648 Si
2507 602 2690 648 autem
2721 588 2845 660 quis
2885 597 3128 642 vestrum
3149 587 3476 640 calumniam
3507 586 3754 654 patitur,

2147 689 2416 758 suscipiat
2453 687 2506 740 id
2550 699 2672 739 cum
2703 681 2925 754 gaudio,
2957 690 3010 736 et
3042 680 3226 734 omnia
3276 693 3371 733 sua
3413 679 3608 732 tradat
3647 676 3754 730 Do-

2147 782 2320 846 mino,
2353 778 2446 850 qui
2473 778 2656 844 justus
2680 784 2764 831 est
2780 774 2944 845 judex
2971 781 3024 826 et
3047 778 3451 826 remunerator.
3481 766 3595 832 Qui
3624 779 3756 818 vero

2149 873 2402 944 proximo
2445 869 2693 925 intulerit
2724 865 3087 930 calumniam,
3119 862 3343 917 festinet
3385 870 3445 916 et
3490 859 3755 914 bumiliet

2149 963 2498 1032 semetipsum
2539 973 2721 1014 coram
2788 957 3040 1021 Domino,
3081 963 3136 1009 et
3188 952 3455 1023 supplicet
3496 951 3758 1019 proximo

2153 1069 2274 1118 suo,
2329 1061 2387 1108 ut
2427 1059 2616 1122 parcat
2653 1051 2702 1105 ei
2751 1047 3034 1103 Dominus.
3079 1044 3190 1100 Nec
3239 1043 3622 1112 permittatis.
3675 1041 3756 1094 dio

2158 1145 2442 1210 lectissimi
2473 1145 2601 1210 mei,
2629 1143 2798 1197 solem
2831 1139 3083 1194 occidere
3112 1150 3277 1206 super
3303 1135 3440 1189 iram
3473 1143 3752 1195 vestram,

2151 1242 2295 1298 sicut
2330 1253 2430 1294 nos
2458 1237 2647 1292 docuit
2673 1234 2958 1304 Scriptura
2993 1233 3043 1297 ';
3075 1231 3168 1286 sed
3195 1228 3471 1284 eradicate
3513 1240 3596 1280 ex
3641 1240 3760 1280 coro

2155 1332 2313 1388 dibus
2346 1329 2548 1385 vestris
2574 1342 2766 1384 omnes
2799 1327 2976 1381 malas
3014 1321 3370 1392 cogitationes
3399 1319 3614 1389 quibus
3665 1334 3759 1370 an-

2158 1423 2347 1495 gimini
2381 1422 2462 1477 vel
2489 1422 2542 1477 in
2578 1435 2678 1475 vos
2708 1418 2937 1474 invicem
2977 1412 3248 1485 cogitatis,
3277 1420 3336 1466 ut
3363 1409 3751 1465 dissolvantur

2156 1511 2460 1571 inimicitia:
2507 1523 2736 1581 quarum
2786 1506 2940 1562 radix
3001 1505 3185 1558 odium
3228 1511 3312 1557 est
3365 1511 3421 1556 et
3472 1499 3694 1554 invidia
3739 1516 3752 1551 :

2155 1619 2274 1676 quas
2309 1605 2427 1658 duae
2462 1601 2748 1672 passiones
2799 1597 3050 1667 pessima:
3093 1595 3311 1665 quidem
3354 1601 3504 1659 sunt,
3544 1601 3608 1647 et
3653 1592 3760 1646 Deo

2156 1709 2223 1750 ac
2256 1691 2567 1749 hominibus
2603 1688 2988 1751 detestabiles;
3033 1699 3134 1740 nec
3166 1691 3599 1738 consentaneum
3652 1693 3756 1743 est,

472 1777 707 1832 stituens
733 1776 882 1831 illum
913 1775 1212 1846 principem
1255 1790 1420 1845 super
1457 1775 1753 1849 Egyptuut
1795 1787 1852 1832 et
1889 1792 2052 1847 super
2085 1772 2128 1830 Β
2158 1791 2216 1837 ut
2258 1781 2370 1836 sint
2397 1781 2452 1835 in
2487 1779 2597 1834 ullo
2629 1776 2868 1832 fidelium
2911 1779 3004 1828 aut
3044 1773 3143 1828 Dei
3187 1785 3472 1828 servorum
3507 1769 3757 1839 penitus.

472 1882 662 1923 omnes
694 1868 811 1936 ejus
849 1867 1119 1938 regiones.
1165 1867 1368 1924 Omnes
1400 1883 1534 1924 vero
1573 1869 1774 1924 fratres
1803 1866 1924 1938 ejus
1961 1869 2052 1937 qui

474 1960 525 2012 ei
558 1959 896 2022 inviderent,
931 1955 1162 2026 subjecit
1202 1957 1462 2012 Dominus
1497 1957 1598 2012 sub
1647 1957 1872 2028 pedibus
1915 1957 2054 2028 ejus.

478 2049 544 2106 lli
578 2059 764 2103 autem
803 2049 1086 2105 memorati
1118 2056 1175 2102 et
1195 2048 1279 2103 eis
1306 2049 1531 2118 similes,
1559 2048 1902 2104 dilectissimi
1929 2048 2056 2114 mei,

479 2158 826 2214 nequaquam
861 2144 1217 2199 obtinuerunt
1253 2143 1518 2198 honorem
1560 2156 1589 2196 a
1625 2140 1736 2196 Deo
1773 2139 1930 2196 initio
1973 2137 2058 2194 sui

479 2235 802 2292 certaminis
831 2243 887 2289 et
913 2233 1080 2298 belli,
1108 2233 1202 2288 sed
1235 2241 1522 2303 postquam
1570 2230 1822 2300 probavit
1859 2243 1974 2292 eos.
2005 2238 2062 2283 et

483 2323 713 2393 liquavit
737 2323 1140 2378 calamitatibus
1173 2331 1229 2377 et
1267 2321 1572 2387 laboribus,
1617 2329 1673 2376 et
1701 2319 1937 2376 erudivit
1965 2334 2062 2376 eos

478 2416 754 2483 quomodo
783 2415 1050 2470 instarent
1088 2414 1141 2469 in
1181 2413 1390 2482 praelia.
1435 2413 1589 2468 Tune
1619 2427 1748 2468 vero
1769 2451 1787 2479 ,
1820 2427 1944 2469 cum
1986 2413 2062 2467 vi-

481 2507 650 2561 disset
679 2521 794 2570 eos,
820 2505 1160 2560 calamitates
1187 2514 1242 2558 et
1284 2505 1503 2560 labores
1543 2504 1888 2572 sustinuisse,
1919 2515 1976 2560 et
2007 2505 2061 2560 in

481 2598 711 2651 Domino
750 2611 869 2652 esse
897 2595 1148 2661 conlisos,
1182 2593 1329 2649 dedit
1363 2595 1442 2650 eis
1471 2595 1729 2650 honorem
1773 2610 1887 2650 sua:
1925 2595 2062 2651 divi-

485 2691 694 2754 nitatis,
727 2689 1224 2757 depresseruntque
1247 2701 1436 2743 osores
1464 2701 1591 2742 suos
1615 2686 1716 2743 sub
1744 2685 1946 2757 plantis
1975 2703 2066 2758 pe-

485 2781 613 2835 dum
647 2793 890 2834 suorum.

557 2868 670 2940 Ego
694 2878 898 2934 autem,
922 2868 1258 2924 dilectissimi
1285 2869 1412 2935 mei,
1442 2869 1566 2926 dum
1597 2870 1852 2926 recordor
1874 2871 2068 2926 horum

490 2961 808 3017 Certaminis
845 2969 901 3018 et
939 2963 1308 3031 praemiorum,
1336 2961 1534 3030 jubilat
1575 2961 1770 3030 gaudio
1797 2971 1854 3016 et
1882 2961 2069 3016 laetitia

491 3054 712 3124 spiritus
735 3067 906 3116 meus,
925 3063 978 3106 et
999 3067 1096 3122 pro
1118 3053 1270 3107 vobis
1286 3051 1606 3122 suppliciter
1627 3053 1910 3120 deprecor.
1937 3050 2070 3105 Per-

2160 1871 2558 1940 Quamobrem,
2607 1865 2947 1923 dilectissimi
3002 1863 3144 1928 mei,
3186 1864 3231 1918 si
3284 1863 3400 1918 ιιωο
3459 1863 3612 1916 inter
3661 1875 3756 1914 vos

2159 1964 2288 2020 olim
2323 1969 2697 2020 consummata
2729 1967 2876 2021 sunt.
2899 1973 2968 2014 ex
3005 1971 3150 2012 nunc
3180 1965 3386 2018 cavete,
3430 1969 3504 2010 ne
3531 1964 3759 2009 exstent

2161 2056 2303 2112 inter
2333 2069 2448 2118 vos,
2476 2067 2576 2108 nec
2605 2066 2669 2107 ea
2713 2050 2870 2105 vobis
2905 2048 3176 2103 dominari
3206 2047 3559 2117 permittatis.
3590 2044 3752 2101 Scia-

2163 2148 2232 2202 tis
2261 2145 2425 2201 etiam
2460 2144 2604 2214 quod
2635 2143 2750 2198 dies
2775 2141 2904 2196 vitae
2933 2149 3141 2196 nostra:
3171 2137 3490 2209 paucissimi
3520 2138 3672 2202 sint;
3709 2139 3757 2190 in

2165 2235 2271 2291 illis
2300 2246 2481 2291 tamen
2514 2233 2582 2288 ad
2609 2233 2899 2288 Dominum
2937 2245 2968 2284 a
3005 2229 3212 2286 nostris
3279 2228 3523 2299 peccatis
3566 2228 3759 2296 resipi-

2163 2326 2424 2383 scendum
2444 2324 2604 2380 nobis
2645 2334 2765 2388 est,
2813 2339 2883 2379 ne
2923 2321 3298 2392 apprehendat
3353 2334 3454 2376 nos
3500 2318 3760 2373 transmi-

2164 2415 2340 2486 gratio
2371 2415 2501 2469 hine
2530 2413 2657 2469 illuc
2677 2453 2695 2480 ,
2727 2413 2886 2468 nobis
2911 2411 3344 2483 inopinantibus,
3369 2425 3494 2466 cum
3532 2411 3646 2464 huc
3679 2424 3759 2463 re-

2164 2507 2304 2562 verti
2342 2520 2684 2576 nequaquam
2731 2504 3053 2576 poterimus.
3087 2503 3344 2559 Videmus
3387 2501 3536 2557 enim
3586 2512 3758 2555 trans-

2167 2599 2465 2670 migrantes
2511 2600 2580 2654 ad
2629 2612 2727 2652 nos
2779 2613 2884 2654 non
2944 2596 3187 2662 reverti;
3235 2609 3339 2651 nos
3389 2609 3615 2664 quoque
3666 2594 3760 2647 mi-

2168 2693 2318 2747 nime
2349 2705 2534 2746 eorum
2578 2697 2964 2759 exspectamus
3003 2689 3258 2755 reditum,
3302 2689 3396 2743 sed
3447 2688 3571 2743 illos
3610 2687 3755 2756 sequi

2168 2791 2587 2853 exspectamus:
2615 2781 2760 2850 quod
2793 2794 2927 2836 sane
2955 2780 3235 2836 sancitum
3261 2787 3346 2834 est
3374 2779 3635 2834 omnibus
3668 2778 3758 2834 ho-

2171 2875 2411 2934 minibus
2448 2874 2607 2944 hujus
2647 2872 2864 2935 mundi,
2900 2872 2968 2926 ab
3001 2872 3158 2926 initio
3185 2884 3356 2942 usque
3401 2871 3472 2925 ad
3504 2863 3753 2924 consum-

2174 2968 2492 3022 mationem.
2557 2966 2771 3032 Quare,
2823 2963 3158 3019 dilectissimi
3210 2963 3353 3025 mei,
3403 2972 3657 3031 oportet,
3707 2968 3757 3012 ut

2182 3074 2342 3116 nemo
2395 3067 2642 3114 nostrum
2700 3071 2812 3112 suae
2853 3056 3098 3111 stultitiae
3141 3055 3298 3124 copia
3350 3055 3654 3123 glorietur,
3707 3061 3753 3105 et

496 3153 712 3199 ἠδηθῑθ
737 3158 866 3212 ⁸1³80
896 3143 950 3197 Ῐυ
979 3143 1266 3212 patientia.
1309 3151 1365 3197 ει
1390 3158 1495 3198 ηοη
1531 3142 1877 3198 inﬁrmem“?
1910 3145 2073 3197 corda
2099 3119 2142 3177 Ο
2177 3154 2322 3209 dicat
2374 3173 2385 3208 :
2421 3151 2684 3207 Praevalui
2736 3152 2997 3206 adversus
3050 3119 3257 3205 socium
3313 3119 3517 3215 meum,
3558 3162 3665 3202 nec
3715 3144 3755 3197 ei

492 3249 674 3294 vestra
729 3237 783 3291 in
820 3237 1016 3290 vestris
1053 3235 1492 3302 calamitatibus;
1535 3239 1628 3290 sed
1682 3237 1886 3305 gratias
1931 3235 2074 3302 agite

494 3345 594 3400 pro
622 3328 746 3394 illis,
774 3335 831 3380 ut
860 3327 1141 3396 prmmium
1175 3327 1364 3381 feratis
1390 3328 1598 3396 procis
1621 3342 1653 3379 a
1693 3327 1938 3382 Domino.
1967 3325 2074 3381 llos

493 3414 710 3483 quidem
761 3427 1042 3468 sermones
1092 3413 1287 3484 scripsi
1340 3413 1516 3480 vobis,
1577 3413 1774 3469 fratres
1831 3415 1969 3480 mei,
2022 3423 2077 3469 et

493 3505 747 3559 erunibus
786 3504 1164 3560 invocantibus
1209 3519 1405 3560 nomen
1451 3505 1682 3572 Domini,
1715 3515 1774 3560 ut
1813 3508 1884 3561 sit
1925 3507 2076 3563 vobis

494 3597 749 3652 omnibus
775 3611 902 3667 pax,
929 3603 985 3651 et
1015 3596 1236 3660 veritas,
1266 3607 1319 3652 et
1348 3597 1588 3652 charitas
1621 3597 1739 3662 Dei,
1769 3607 1824 3653 et
1853 3598 2070 3654 dilectio

495 3687 563 3741 ad
598 3687 866 3753 invicem;
904 3695 958 3741 et
988 3703 1055 3741 ne
1085 3687 1196 3741 sint
1223 3687 1368 3742 inter
1401 3703 1498 3744 vos
1531 3689 1836 3753 contentio,
1864 3689 1949 3744 vel
1979 3705 2074 3743 su-

496 3783 754 3841 surratio,
798 3786 892 3831 aut
932 3777 1086 3832 malai
1133 3778 1511 3846 cogitationes,
1557 3788 1652 3834 aut
1704 3781 1936 3845 seditio,
1981 3791 2075 3837 aut

499 3877 687 3922 mutua
726 3883 924 3936 pugna,
958 3876 1051 3922 aut
1079 3870 1468 3936 contradictio,
1493 3881 1588 3926 aut
1611 3871 1752 3926 mala
1783 3873 2073 3939 aemulatio,

500 3965 595 4009 aut
622 3954 988 4011 inobedientia
1010 3995 1025 4020 ,
1054 3965 1147 4011 aut
1177 3957 1428 4026 superbia
1451 3997 1468 4025 ,
1503 3971 1598 4014 aut
1635 3957 1846 4030 injuria:
1889 3963 1940 4018 in
1973 3963 2074 4018 ho-

500 4045 694 4111 tuiues,
726 4053 820 4099 aut
853 4045 1057 4112 irrisio,
1105 4054 1200 4101 aut
1227 4046 1586 4117 adulterium,
1621 4061 1717 4105 aut
1755 4051 1932 4108 inanis
1957 4055 2076 4123 glo-

499 4135 594 4192 ria:
637 4151 811 4204 amor,
836 4146 930 4191 aut
958 4137 1167 4204 odium,
1208 4149 1303 4194 aut
1345 4143 1783 4212 concupiscentia
1830 4145 2080 4214 pulchre-

500 4242 620 4282 rum
647 4229 1101 4284 vestimentorum
1122 4233 1387 4301 corporis,
1413 4243 1505 4287 aut
1528 4243 1729 4289 mutuae
1755 4237 2076 4296 inimicitias.

500 4317 797 4374 infelicitas
833 4319 1017 4375 autem
1063 4336 1184 4376 mea
1230 4322 1455 4393 supplex
1495 4338 1591 4381 vos
1633 4325 1993 4397 deprecatur,
2021 4339 2082 4386 ut

2177 3257 2424 3312 parcam.
2459 3241 2613 3297 Sciat
2652 3241 2799 3297 enim
2853 3241 2955 3296 hoc
2998 3240 3185 3295 dicens
3219 3247 3272 3293 et
3301 3239 3575 3307 cogitans,
3624 3235 3755 3306 quod

2177 3334 2404 3388 tradidit
2451 3333 2612 3388 morti
2661 3332 3034 3388 fortitudinem
3085 3331 3138 3385 in
3185 3331 3424 3384 animam
3469 3343 3626 3382 suam
3660 3339 3753 3379 tau-

2178 3434 2325 3488 tum;
2363 3435 2417 3478 et
2454 3423 2561 3478 erit
2603 3423 2892 3478 hereditas
2940 3423 3122 3488 illius,
3158 3421 3308 3476 locus
3349 3420 3510 3474 fletus
3537 3429 3596 3473 et
3645 3418 3753 3472 stri-

2177 3514 2326 3569 doris
2359 3512 2637 3577 dentium,
2683 3522 2739 3567 et
2784 3513 3049 3567 vermium
3093 3526 3201 3566 non
3252 3509 3670 3573 dormientium,
3711 3517 3753 3560 et

2178 3603 2641 3674 inexstinguibilis
2670 3605 2827 3673 ignis.

2248 3695 2344 3750 llis
2373 3695 2557 3764 itaque
2588 3709 2619 3748 a
2657 3695 2813 3749 nobis
2847 3693 3102 3765 cognitis,
3130 3692 3464 3749 dilectissimi
3496 3693 3630 3757 mei,
3675 3691 3754 3745 de-

2178 3796 2451 3842 certemus
2486 3786 2611 3841 dum
2651 3800 2838 3840 sumus
2866 3785 2919 3838 in
2952 3787 3054 3839 hoc
3093 3798 3345 3853 corpore,
3374 3789 3429 3837 et
3458 3784 3754 3838 animarum

2178 3887 2489 3933 nostrarum
2548 3877 2862 3932 vulneribus
2913 3877 3252 3943 medeamur,
3308 3883 3609 3939 antequam
3673 3884 3755 3927 nos

2179 3977 2390 4040 tempus
2411 3968 2652 4039 effugiat.
2679 3967 2744 4022 Et
2768 3968 2878 4024 sint
2907 3967 3024 4023 huic
3057 3968 3198 4023 dicta
3227 3967 3332 4020 lixa
3363 3966 3419 4021 in
3477 3964 3757 4020 intellecti-

2179 4062 2281 4118 bus
2327 4061 2548 4128 nostris,
2592 4072 2648 4117 et
2684 4077 2750 4118 ea
2781 4076 3151 4132 exsequamur
3197 4067 3323 4114 ante
3369 4062 3755 4130 separationem

2181 4156 2485 4210 animarum
2538 4164 2849 4210 nostrarum
2893 4168 2925 4210 e
2963 4154 3281 4224 corporibus
3319 4155 3544 4208 nostris.
3593 4152 3756 4223 Siqui-

2181 4247 2304 4303 dem
2345 4246 2606 4302 Dominus
2645 4255 2832 4303 noster
2873 4244 3038 4316 iudex
3064 4243 3244 4314 justus
3282 4245 3462 4300 mittet
3491 4245 3755 4300 ministros

2182 4355 2334 4406 suos,
2364 4349 2420 4394 et
2469 4339 2879 4409 apprehendent
2913 4337 3154 4392 animam
3176 4377 3192 4401 ,
3235 4345 3292 4391 et
3328 4337 3666 4408 separabunt
3704 4335 3756 4388 il-

501 4410 879 4522 nihillha'rum.
895 4413 1168 4516 actionum
1201 4414 1393 4471 sinatis
1425 4417 1566 4472 inter
1601 4433 1696 4475 vos
1737 4420 1790 4475 in
1827 4421 1949 4477 loco
1990 4437 2080 4480 ve-
2115 4429 2292 4522 ιδιιηιι
2347 4444 2378 4482 a
2423 4429 2586 4484 domo
2634 4428 2738 4483 hac
2789 4427 2955 4483 lutea.
3015 4427 3338 4498 Quicunque
3385 4437 3572 4484 autem
3627 4445 3756 4484 com-

498 4511 626 4556 strae
653 4501 1028 4560 habitationis.
1054 4503 1190 4559 Nam
1221 4505 1276 4560 in
1305 4521 1631 4578 quacunque
1661 4515 2080 4584 congregatione

499 4591 583 4646 hat
611 4602 829 4648 exstant
865 4594 1143 4666 actiones,
1184 4597 1451 4653 inhabitat
1496 4600 1567 4655 ibi
1613 4602 1692 4655 ira
1735 4604 1969 4663 Domini.
2012 4605 2079 4661 Et

499 4684 724 4752 sciatis,
760 4685 981 4754 fratres,
1029 4689 1172 4756 quod
1225 4691 1334 4744 vita
1384 4702 1568 4747 nostra
1621 4694 1675 4748 in
1723 4694 1826 4752 hoc
1879 4699 2079 4753 mundo

499 4775 824 4831 brevissima
867 4787 984 4846 est;
1017 4779 1138 4834 ideo
1175 4779 1242 4834 de
1281 4781 1368 4835 illa
1399 4784 1653 4852 satagite,
1696 4795 1751 4839 et
1791 4787 1956 4842 nolite
1989 4803 2080 4844 ne-

499 4868 768 4936 gligentes
808 4882 954 4935 esse,
1003 4885 1074 4924 ne
1107 4869 1313 4925 incidat
1347 4883 1529 4928 vestra
1573 4877 1977 4947 transmigratio
2011 4880 2080 4936 ab

501 4958 607 5012 hac
634 4958 744 5011 vita
786 4958 1016 5014 invicem
1064 4960 1447 5031 irasccutibus,
1486 4981 1548 5019 ac
1586 4979 1869 5036 propterea
1911 4972 2082 5026 horni-

500 5049 641 5103 citlis
692 5051 1122 5106 adnumeremini
1176 5056 1470 5110 secundum
1517 5057 1857 5128 Scripturam
1906 5079 1919 5116 :
1975 5063 2081 5126 Qui

499 5140 622 5194 odio
657 5139 810 5194 habet
845 5140 1062 5210 fratrem
1089 5159 1239 5196 suum
1265 5183 1282 5208 ,
1309 5145 1576 5202 homicida
1598 5159 1674 5202 est
1698 5149 1764 5204 ".
1803 5149 1934 5216 Qua:
1965 5153 2083 5220 qui-

501 5231 622 5287 dem
669 5232 813 5287 dicta
845 5247 910 5287 ac
941 5244 1213 5304 praecepta
1249 5253 1356 5291 non
1391 5240 1458 5293 ad
1491 5241 1786 5297 monachus
1817 5243 2084 5297 duntaxat

501 5331 558 5375 et
591 5321 834 5390 virgines
890 5333 1174 5393 spectant,
1219 5327 1310 5380 sed
1346 5335 1402 5380 et
1435 5327 1502 5381 ad
1536 5343 1726 5384 omnes
1773 5331 1960 5386 fideles
1990 5333 2082 5402 qui

502 5414 789 5469 nobiscum
837 5419 1240 5472 communicant
1274 5417 1327 5472 in
1365 5419 1609 5476 Ecclesia
1651 5419 1862 5477 Domini
1907 5424 2081 5478 nostri

499 5502 629 5562 Jcsu
659 5505 862 5563 Christi
888 5507 1184 5565 universali
1213 5511 1531 5582 apostolica.
1561 5512 1714 5569 Nunc
1742 5514 1944 5585 itaque,
1974 5515 2085 5572 fra-

571 5701 621 5737 ⁸⁸
657 5702 677 5758 ι
715 5703 874 5761 Joan.
916 5722 999 5774 tu,
1044 5709 1130 5765 15.
1244 5713 1289 5746 ”
1328 5709 1462 5771 Luc.
1507 5728 1581 5782 vt,
1618 5714 1705 5770 '57.

2186 4519 2596 4590 prehenduutur
2626 4529 2754 4574 tunc
2781 4532 2896 4573 sua:
2932 4517 3127 4573 salutis
3173 4518 3561 4586 immemores,
3594 4533 3756 4574 reser-

2189 4611 2457 4666 vabuutur
2484 4611 2538 4665 in
2565 4611 2806 4665 tenebris
2834 4610 3202 4664 exterioribus
3233 4609 3301 4665 ad
3331 4610 3674 4664 tremendum
3709 4611 3757 4662 il-

2187 4701 2297 4756 lum
2326 4702 2490 4767 diem,
2517 4712 2572 4757 et
2595 4702 2764 4758 exibit
2799 4703 2852 4758 in
2881 4702 2999 4757 illos
3033 4715 3218 4756 amara
3254 4701 3342 4756 illa
3379 4705 3683 4766 sententia;
3714 4707 3757 4754 et

2188 4793 2470 4848 tradentur
2495 4795 2788 4862 tortoribus
2827 4793 3374 4858 immisericordibus,
3403 4804 3457 4848 et
3486 4809 3754 4850 carcerum

2187 4884 2460 4955 praefectis
2515 4887 2766 4956 (quibus
2822 4887 2968 4941 nulla
3025 4887 3172 4942 inest
3215 4886 3424 4956 pietas)
3480 4886 3755 4942 destinatis

2191 4977 2451 5032 custodia:
2481 4977 2625 5033 illius
2672 4977 2815 5048 ignis
2855 4978 2997 5047 pleui
3041 4979 3305 5031 vermium
3354 4978 3446 5046 qui
3496 4992 3604 5033 non
3648 4982 3755 5033 dor-

2192 5071 2409 5135 miunt,
2470 5084 2569 5125 nec
2605 5086 2713 5125 non
2765 5071 3108 5126 tenebrarum
3139 5070 3470 5125 exteriorum
3518 5080 3576 5127 et
3619 5087 3753 5128 man-

2182 5158 2394 5214 sionum
2433 5159 2652 5230 frigoris
2677 5161 2960 5229 plenarum
2991 5171 3045 5216 et
3075 5159 3296 5228 algoris.
3335 5161 3436 5226 Qui
3470 5173 3652 5216 autem
3681 5163 3750 5216 his

2183 5249 2495 5304 crudelibus
2531 5253 2833 5316 tradentur,
2865 5253 3222 5321 projicicntur
3254 5256 3305 5309 iu
3341 5267 3402 5306 ea
3435 5252 3554 5308 loca
3602 5270 3632 5308 a
3664 5253 3780 5307 Deo,

2185 5340 2575 5404 remotissima,
2612 5352 2671 5395 ut
2710 5343 3006 5396 vindictam
3047 5353 3266 5400 sumant
3300 5347 3365 5400 de
3396 5345 3523 5400 illis.

2255 5429 2407 5484 Tuue
2457 5431 2697 5502 mugient
2727 5430 2851 5486 llctu
2881 5440 2938 5487 et
2982 5434 3316 5490 clamoribus
3347 5445 3402 5490 et
3433 5435 3650 5505 ploratu
3688 5443 3756 5489 at-

2184 5535 2291 5589 que
2322 5521 2548 5591 ululatu,
2596 5537 2695 5579 nec
2729 5537 2822 5581 eos
2855 5526 3147 5582 exaudient
3190 5536 3284 5582 aut
3323 5526 3754 5593 miserebantur,

1788 5714 1801 5746 '
1849 5715 2041 5786 Ephes.
2090 5731 2164 5786 tv,
2204 5717 2295 5773 23.
