3872 6278
165 305 295 378 inst

1172 319 1230 374 S.
1270 317 1553 375 ANTON‘H
1591 319 1663 376 Μ.
1707 319 2001 379 ABBATIS
2037 318 2419 382 EPISTOLzE.

3292 326 3432 382 1062

163 441 288 499 cuin
315 437 689 496 misericordia
710 437 822 508 jam
845 438 1222 495 recesseritab
1247 439 1352 495 illis
1376 441 1428 494 in
1464 449 1744 496 aeternum.
1781 445 1826 504 Α
1853 442 1995 504 cium
2044 445 2225 515 impiis
2271 445 2398 510 illis,
2456 443 2642 500 videre
2687 442 2935 514 permisit
2975 460 2992 511 ;
3046 457 3222 516 neque
3265 446 3428 501 etiam

163 533 626 590 lmmiserieordes
675 545 912 601 namque
942 540 998 586 et
1029 531 1129 601 ipsi
1173 533 1506 586 exstiterunt
1545 532 1597 587 in
1639 533 1750 587 vita

162 640 284 691 sua,
319 623 625 679 famelicum
659 639 767 679 non
799 624 1065 688 cibantes,
1097 622 1369 678 sitientem
1424 639 1529 678 non
1561 630 1753 694 potan-

163 724 264 782 tes,
302 713 647 786 peregrinum
692 729 798 768 non
843 714 1226 783 suscipientes,
1264 713 1469 768 nudum
1512 729 1618 768 non
1658 726 1755 768 ve-

159 807 408 871 stientes,
439 805 714 860 inlirmum
739 819 843 860 non
865 804 1190 871 invisentes,
1215 817 1441 859 carcere
1468 803 1749 859 detentum

163 911 273 952 non
317 895 640 952 visitantes:
693 896 897 952 idcirco
933 895 1210 950 consecuti
1263 903 1389 951 sunt
1435 909 1754 950 remunera-

163 987 367 1042 tionem
398 987 516 1042 sine
542 986 935 1042 misericordia.
965 985 1191 1055 Insuper
1216 986 1475 1057 peccatis,
1505 996 1560 1041 et
1593 986 1747 1052 dolis,

159 1085 215 1133 et
241 1077 608 1134 inobedientia
641 1092 767 1148 erga
806 1087 1166 1148 praeceptores
1212 1086 1268 1132 et
1312 1077 1626 1132 erudientes
1657 1091 1752 1146 pa-

163 1173 279 1220 tres
304 1164 564 1220 cumulati
613 1173 810 1231 erant;
859 1178 961 1220 nec
989 1164 1362 1234 paenitentiam
1393 1171 1616 1234 egerunt
1644 1178 1750 1216 una

159 1256 272 1324 die,
308 1270 408 1312 nec
434 1255 538 1312 sibi
585 1255 884 1327 elegerunt
917 1261 1312 1324 praeceptorem
1354 1255 1450 1324 qui
1501 1267 1598 1324 pro
1646 1253 1752 1308 illis

161 1356 406 1417 rogaret,
439 1361 538 1402 nec
559 1345 764 1416 gratias
800 1359 900 1416 pro
926 1344 1208 1400 concessis
1234 1344 1337 1399 sibi
1381 1343 1584 1398 divitiis
1620 1357 1748 1413 cge-

169 1447 328 1504 runt,
354 1437 786 1506 dimiseruntque
811 1450 841 1490 a
871 1451 930 1491 se
964 1435 1055 1491 hic
1094 1435 1458 1505 cognitionem
1494 1433 1703 1489 Domini
1732 1452 1746 1488 :

163 1544 337 1599 quare
364 1527 480 1597 ipse
505 1540 720 1598 quoque
762 1525 1035 1595 ignorabit
1087 1524 1210 1580 illos
1243 1525 1340 1590 ibi,
1377 1534 1431 1580 et
1458 1523 1636 1578 tradet
1658 1536 1751 1577 eos

164 1617 691 1676 immisericordibus
749 1615 876 1681 illis,
933 1626 993 1670 ut.
1047 1618 1114 1671 de
1181 1615 1262 1671 eis
1310 1615 1640 1670 ulciscantur
1685 1628 1752 1668 eo

166 1712 419 1768 cruciatu
443 1707 596 1779 cujus
624 1723 730 1764 non
764 1717 848 1764 est
881 1708 1045 1762 linis:
1097 1707 1277 1762 instar
1323 1707 1465 1762 servi
1495 1705 1638 1760 illius
1659 1704 1748 1774 qui

1851 535 1982 590 mali
2018 534 2092 590 illi
2136 546 2256 606 post
2283 538 2524 592 clausam
2563 535 2786 603 januam
2827 533 3205 590 conscendere
3248 536 3431 590 value-

1852 635 1978 680 runt
2010 640 2130 680 cum
2159 625 2354 695 justis;
2387 627 2480 681 sed
2510 625 2639 680 facti
2676 634 2803 679 sunt
2834 640 2957 680 cum
2993 625 3161 679 haedis
3191 625 3280 694 qui
3309 637 3433 679 sunt

1855 717 1924 769 ad
1973 711 2272 783 sinistram,
2315 731 2414 771 nec
2444 717 2703 770 accedere
2748 723 3043 783 potuerunt
3088 714 3152 767 ad
3200 728 3294 770 eos
3342 716 3432 782 qui

1851 816 1978 862 sunt
1998 810 2066 862 ad
2099 809 2374 862 dexteram
2404 827 2418 875 ;
2454 823 2640 861 verum
2674 807 2980 877 perditione
3022 807 3283 876 deperditi
3309 817 3437 862 sunt.

1851 909 1992 964 aqua
2040 895 2228 950 diluvii
2266 898 2334 950 oh
2381 911 2537 951 suam
2587 896 2858 964 pigritiam
2893 905 2948 950 et
2989 896 3434 950 inobedientiam.

1854 985 2070 1040 Etenim
2102 985 2213 1041 Noe
2239 989 2413 1055 spatio
2445 987 2658 1041 illorutn
2687 997 2902 1041 centum
2942 1001 3207 1041 annorum
3242 987 3437 1055 quibus

1853 1091 2034 1131 arcam
2067 1078 2353 1142 exstruxit,
2391 1078 2457 1132 ad
2505 1077 2780 1131 meliorem
2825 1077 3031 1148 frugem
3074 1091 3169 1132 eos
3209 1092 3433 1131 revoca-

1851 1169 1979 1234 bat,
2016 1177 2380 1222 verumtamen
2429 1181 2602 1236 neque
2654 1166 2981 1222 obedichant
3007 1168 3054 1222 ei
3077 1205 3092 1232 ,
3130 1181 3305 1236 neque
3335 1166 3437 1219 an-

1852 1258 2094 1323 diebant,
2127 1260 2352 1328 ideoque
2382 1259 2644 1328 deperditi
2671 1267 2815 1314 sunt.
2849 1258 3002 1313 Nunc
3042 1297 3058 1324 ,
3099 1237 3437 1313 dilectissiini

1853 1351 1957 1405 mei
1984 1394 2000 1419 ,
2037 1361 2091 1406 et
2122 1351 2249 1406 mihi
2285 1353 2567 1417 amabiles,
2593 1354 2660 1407 de
2688 1367 2819 1422 pace
2845 1351 3060 1406 solliciti
3097 1366 3218 1405 cum
3261 1352 3438 1404 omni-

1852 1439 1974 1508 bus,
2011 1456 2139 1511 rogo
2178 1457 2274 1496 vos
2315 1455 2410 1510 per
2435 1442 2664 1510 gratiam
2699 1441 2815 1506 Dei,
2847 1451 2907 1496 ut
2963 1441 3229 1496 obediatis
3271 1440 3436 1506 mihi;

1852 1539 1965 1586 tum
2002 1546 2102 1601 ego
2127 1547 2342 1601 quoque
2382 1532 2629 1586 ohediam
2663 1533 2854 1599 vobis;
2895 1541 2948 1585 et
2991 1546 3180 1586 omnes
3215 1532 3439 1585 ohedia-

1853 1637 1975 1678 mus
2013 1621 2239 1678 Domino
2269 1622 2467 1676 dicenti
2514 1637 2609 1690 per
2655 1621 2894 1692 linguam
2935 1621 3256 1690 PrOphctaa:
3308 1621 3441 1688 Quis

1851 1725 1926 1769 est
1972 1715 2125 1768 homo
2177 1713 2266 1776 qui
2307 1713 2569 1767 desiderat
2605 1714 2784 1777 vitam,
2828 1723 2874 1766 et
2909 1713 3048 1780 cupit
3102 1713 3276 1766 uidere
3327 1713 3440 1766 dies

166 1817 278 1858 non
327 1811 410 1857 eat
451 1801 706 1856 misertus
753 1812 1042 1866 conservo,
1083 1797 1402 1855 dimillelldo
1444 1795 1494 1852 ei
1523 1805 1746 1852 centum
1780 1782 1824 1838 Β
1856 1804 2057 1858 bonos?
2088 1802 2282 1858 Cohibe
2312 1803 2545 1872 linguam
2592 1812 2736 1856 tuam
2763 1821 2794 1857 a
2828 1802 2973 1857 malo
2999 1841 3014 1868 ,
3062 1812 3110 1857 et
3159 1803 3301 1856 labia
3348 1813 3440 1858 tua

166 1891 444 1956 denarios,
483 1891 575 1963 qui
625 1889 785 1961 pauci
834 1899 963 1945 sunt
997 1891 1050 1944 in
1080 1888 1493 1958 comparatione
1541 1886 1749 1957 myrin-

165 1983 298 2036 dum
335 1981 425 2052 qui
463 1981 512 2036 ei
542 1979 751 2036 dimissi
788 1989 950 2045 sunt;
979 1987 1036 2034 et
1062 1979 1236 2035 instar
1271 1978 1415 2034 servi
1442 1977 1752 2048 impotentis

165 2071 348 2142 pigri,
374 2071 466 2142 qui
515 2068 765 2140 sepelivit
790 2078 1076 2139 argentum
1105 2068 1309 2125 domini
1336 2069 1420 2124 sui
1447 2085 1461 2121 :
1500 2076 1554 2123 et
1577 2067 1753 2123 instar

166 2163 316 2218 illius
340 2161 430 2232 qui
470 2176 576 2216 non
612 2168 696 2217 est
743 2159 997 2217 inventus
1041 2174 1166 2216 cum
1211 2167 1362 2214 veste
1403 2157 1664 2229 nuptiali;
1697 2165 1753 2213 et

168 2255 350 2311 instar
379 2253 524 2310 servi
573 2251 974 2309 contemnentis
1019 2253 1334 2306 mandatum
1382 2249 1584 2304 domini
1630 2249 1748 2312 sui,

166 2355 224 2400 et
272 2343 484 2400 edentis
515 2351 572 2400 et
621 2341 861 2398 bibentis
908 2357 1032 2398 cum
1067 2341 1257 2405 ebriis,
1298 2353 1398 2395 nec
1443 2338 1752 2394 miserantis

169 2438 472 2495 conservis.
523 2437 624 2506 Qui
674 2438 890 2508 quidem
945 2450 1135 2492 omnes
1193 2435 1315 2489 ideo
1385 2432 1566 2488 traditi
1625 2440 1755 2488 sunt

171 2529 511 2586 cruciatibus
535 2539 590 2584 et
629 2527 1178 2590 immisericordibus,
1205 2524 1463 2594 quoniam
1504 2523 1749 2578 immise-

171 2619 420 2675 ricordes
454 2625 640 2684 erant,
672 2617 814 2673 sicut
860 2617 1122 2685 scriptum
1156 2623 1263 2682 est,
1303 2613 1450 2683 quod
1490 2613 1754 2682 judicium

173 2707 553 2765 misericordia
581 2706 856 2762 abutentis
887 2705 992 2760 erit
1032 2703 1504 2759 immisericordia.

251 2803 473 2868 Itaque,
505 2796 840 2853 dilectissimi
880 2795 1008 2859 mei,
1036 2808 1135 2864 ego
1162 2792 1346 2848 infelix
1379 2793 1448 2848 ob
1482 2793 1753 2862 ingentem

175 2899 355 2944 uncam
383 2900 514 2956 erga
543 2899 637 2941 vos
661 2884 919 2956 pietatem
957 2884 1095 2938 satis
1125 2895 1398 2951 superque
1436 2897 1534 2936 vos
1564 2883 1757 2950 depre-

176 2993 292 3044 cor,
319 2987 379 3031 ut
420 2975 758 3048 evigilemus,
794 2974 919 3029 dum
951 2987 1139 3028 sumus
1183 2973 1235 3026 in
1273 2973 1374 3028 hoc
1419 2986 1666 3037 corpore,
1703 2979 1758 3026 et

176 3067 406 3124 ﬂeamus
458 3069 857 3136 nosmetipsos,
883 3074 938 3120 et
971 3064 1315 3134 deploremus
1345 3079 1411 3118 ex
1448 3074 1560 3118 tuto
1594 3065 1758 3118 corde

179 3169 371 3215 nostro
414 3168 575 3214 noctu
621 3157 844 3226 diuque,
878 3165 939 3210 ut
968 3156 1264 3225 eripiamur
1295 3157 1362 3209 ab
1407 3167 1594 3208 amaro
1637 3167 1761 3208 cru-
1785 3129 1848 3187 c-

179 3253 328 3306 ciatu
361 3260 418 3305 et
444 3266 474 3304 a
504 3248 629 3304 lletu
654 3258 709 3302 et
735 3248 946 3318 ploratu
972 3256 1028 3301 et
1053 3246 1336 3312 maestitia,
1362 3261 1482 3316 quae
1507 3261 1614 3301 non
1639 3259 1756 3315 per-

181 3342 528 3408 transibunt;
563 3351 618 3396 et
642 3353 934 3397 caveamus
968 3337 1176 3409 ingredi
1220 3352 1317 3408 per
1337 3337 1558 3406 januam
1594 3339 1759 3392 latam

179 3444 238 3490 et
267 3433 409 3488 viam
439 3432 653 3488 facilem
699 3445 823 3501 qua:
869 3429 1128 3486 conducit
1168 3430 1234 3483 ad
1271 3429 1660 3499 perditionem,
1707 3437 1764 3482 et

181 3527 343 3583 multi
375 3536 505 3582 sunt
538 3525 876 3580 ambulantes
905 3536 1000 3593 per
1045 3521 1227 3587 illam;
1272 3520 1370 3576 sed
1399 3520 1766 3591 ingrediamur

181 3633 283 3688 per
321 3618 544 3691 januam
578 3625 861 3687 angustam
904 3622 959 3670 et
987 3613 1130 3668 viam
1176 3612 1386 3666 tristem
1421 3621 1476 3667 et
1507 3621 1758 3666 moestam

180 3709 574 3765 conducentem
607 3707 674 3761 ad
703 3706 890 3771 vitam,
924 3713 980 3759 et
1021 3703 1179 3773 pauci
1221 3709 1348 3757 sunt
1402 3700 1766 3769 ingredientes

183 3815 289 3873 per
340 3801 508 3856 illam.
557 3799 661 3867 Qui
707 3806 886 3853 autem
941 3811 1037 3867 per
1066 3795 1215 3849 illam
1256 3793 1486 3862 ingressi
1543 3790 1762 3856 fuerint,

185 3890 304 3948 veri
328 3889 560 3959 operarii
601 3896 748 3954 sunt,
779 3886 873 3957 qui
907 3886 1175 3954 accipient
1203 3883 1508 3938 mercedem
1535 3896 1759 3937 suorum

185 3979 434 4036 laborum
487 3993 608 4034 cum
670 3978 888 4047 gaudio,
945 3985 1000 4031 et
1053 3972 1448 4030 hmreditabunt
1513 3988 1763 4044 regnum.

185 4069 294 4136 Qui
325 4083 454 4140 ergo
481 4077 699 4139 paratus
724 4075 831 4132 est,
875 4063 1216 4122 dilectissimi
1263 4065 1392 4128 mei,
1441 4064 1653 4128 adesse,
1698 4075 1768 4117 ne

185 4173 375 4229 quaeso
403 4158 662 4230 negligat,
699 4173 768 4214 ne
806 4162 1050 4211 transeat
1083 4163 1325 4224 tempus;
1369 4159 1426 4208 et
1459 4167 1566 4207 non
1608 4166 1768 4222 repe-

189 4252 366 4306 rietur
397 4251 487 4320 qui
516 4250 746 4320 emptori
787 4249 1025 4304 vendere
1059 4247 1206 4302 velit.
1260 4246 1352 4300 Sic
1394 4245 1537 4299 enim
1572 4245 1769 4298 accidit

190 4339 492 4410 virginibus
518 4339 624 4395 illis
647 4339 886 4410 quinque
909 4335 1110 4401 stultis,
1141 4348 1265 4390 cum
1299 4348 1406 4389 non
1443 4333 1768 4386 invenerunt

1857 1910 1919 1948 ne
1942 1893 2228 1962 loquantur
2267 1910 2384 1948 cum
2420 1893 2561 1948 dolo.
2610 1894 2826 1948 Declina
2867 1911 2900 1947 a
2927 1893 3087 1959 malo,
3138 1901 3187 1946 et
3224 1893 3310 1963 [ac
3358 1895 3442 1948 bo-

1856 1999 2020 2051 num;
2057 1999 2233 2054 quaere
2270 2001 2477 2054 pacem,
2502 1995 2550 2039 et
2580 2001 2793 2054 sequere
2827 1985 2975 2040 illam
3011 1987 3074 2040 ἐ
3131 1999 3186 2042 et
3230 1984 3441 2053 reliqua

1855 2090 1976 2146 qua:
2007 2077 2120 2130 haec
2159 2085 2478 2145 sequuntur.

1927 2167 1996 2222 Et
2019 2167 2262 2237 profecto
2293 2182 2357 2222 ea
2405 2176 2530 2222 sunt
2559 2167 2751 2235 gaudia
2787 2182 2927 2232 mea,
2985 2179 3040 2222 et
3078 2168 3304 2222 lratrum
3345 2169 3438 2237 qui

1858 2264 1986 2311 sunt
2031 2270 2197 2325 penes
2243 2270 2351 2321 me,
2382 2264 2441 2309 ut
2492 2256 2740 2308 nuntium
2789 2256 3087 2310 habeamus
3137 2257 3204 2309 de
3257 2266 3434 2310 vestra

1860 2345 2304 2412 cbristianitate;
2343 2345 2560 2414 etquod
2593 2361 2695 2415 pax
2738 2346 2951 2400 Domini
2986 2347 3057 2401 sit
3088 2347 3228 2415 apud
3265 2361 3358 2402 vos
3384 2357 3441 2401 et

1861 2452 2028 2508 penes
2057 2451 2186 2504 vos;
2219 2448 2273 2492 et
2321 2439 2462 2507 quod
2502 2436 2782 2491 aediﬁcetis
2827 2451 2990 2506 super
3031 2437 3174 2491 illam
3221 2437 3310 2492 diu
3353 2453 3446 2492 no—

1861 2540 2081 2600 ctuque,
2117 2539 2178 2584 ut
2223 2529 2364 2584 llatis
2397 2545 2537 2584 unus
2583 2529 2804 2598 spiritus
2842 2528 2893 2583 in
2937 2544 3042 2582 una
3085 2529 3359 2585 voluntate
3389 2539 3446 2584 et

1861 2618 1916 2674 in
1969 2632 2072 2672 una
2131 2616 2235 2672 llde
2281 2627 2336 2671 et
2383 2617 2438 2670 in
2505 2632 2608 2670 una
2668 2617 3079 2685 participatione
3131 2628 3186 2672 et
3223 2618 3275 2672 in
3333 2633 3440 2672 una

1861 2723 2070 2774 mensa,
2107 2717 2165 2762 ut
2198 2703 2517 2778 permaneat
2539 2707 2692 2762 vobis
2718 2723 2840 2777 pax.
2872 2707 2950 2760 Ex
2979 2721 3087 2777 quo
3118 2718 3296 2763 autem
3321 2723 3444 2778 per-

1861 2798 2012 2852 venit
2061 2798 2127 2851 ad
2163 2812 2248 2852 me
2283 2796 2512 2865 epistola
2561 2807 2766 2864 vestra,
2807 2813 2980 2867 usque
3031 2813 3174 2852 nunc
3216 2804 3446 2854 mlestus

1864 2905 1984 2945 sum
2021 2889 2186 2943 corde
2208 2897 2432 2958 propter
2456 2897 2707 2942 exartum
2748 2888 2893 2942 inter
2923 2903 3020 2943 vos
3053 2889 3291 2943 laborem
3316 2904 3444 2944 cau-

1862 2993 1923 3034 sa
1966 2978 2344 3047 imprndentia:
2371 2992 2580 3043 eorum,
2627 2978 2716 3046 qui
2749 2992 2807 3032 se
2851 2992 3139 3048 segregare
3174 2979 3358 3032 volunt
3385 2989 3441 3033 et

1864 3068 2134 3138 propriam
2167 3067 2344 3122 facere
2365 3066 2724 3131 voluntatem,
2751 3082 2873 3121 cum
2909 3068 3084 3121 adhuc
3110 3067 3219 3121 sint
3242 3068 3292 3120 in
3330 3083 3448 3122 me-

1863 3161 1971 3215 dio.
2008 3159 2270 3228 Deinceps
2303 3171 2452 3228 ergo,
2493 3159 2828 3213 dilectissimi
2875 3155 3000 3225 mei,
3050 3173 3154 3212 non
3189 3161 3298 3214 sint
3331 3161 3444 3213 haec

1863 3251 2008 3306 inter
2037 3265 2153 3317 vos,
2185 3250 2276 3304 sed
2305 3250 2552 3319 perlicite
2577 3250 2775 3304 bonum
2816 3250 3009 3304 domus
3043 3251 3192 3318 pacis
3219 3265 3443 3304 concor-

1863 3343 1989 3396 dia:
2040 3342 2296 3396 indecens
2345 3342 2543 3410 quippe
2572 3351 2654 3394 est
2702 3341 2829 3394 dare
2863 3357 3018 3395 suum
3054 3344 3253 3395 bonum
3288 3341 3443 3394 alteri

1863 3431 2003 3497 loco,
2045 3431 2138 3486 sed
2188 3431 2594 3500 congregemini
2645 3446 2752 3485 uno
2802 3433 2853 3484 in
2914 3431 3051 3496 loco,
3088 3441 3141 3485 et
3197 3432 3446 3497 perlicite

1865 3522 1993 3576 illud
2026 3523 2076 3576 in
2106 3535 2258 3590 pace,
2287 3531 2344 3575 et
2372 3521 2683 3585 concordia,
2717 3533 2775 3574 et
2811 3522 3136 3585 humilitate,
3168 3531 3222 3576 et
3251 3523 3445 3576 timore

1863 3611 1979 3676 Dei,
2009 3621 2062 3666 et
2085 3611 2357 3680 precibus.
2392 3607 2543 3663 Tunc
2566 3610 2709 3664 enim
2736 3611 3206 3664 consummabitur
3237 3611 3440 3664 bonum

1863 3702 2056 3758 domus
2084 3703 2213 3768 Dei,
2246 3711 2300 3756 et
2338 3701 2660 3757 oblinebitis
2691 3699 2822 3754 illud
2857 3715 2977 3756 cum
3003 3701 3197 3772 gaudio
3220 3712 3274 3756 et
3307 3701 3447 3755 lreti-

1869 3795 1961 3849 tia.
1999 3793 2199 3848 Deinde
2246 3793 2371 3847 date
2423 3790 2654 3846 infirmis
2703 3798 2757 3845 et
2809 3791 3160 3860 pauperibus,
3210 3801 3267 3844 ut
3299 3791 3447 3862 digni

1866 3885 2176 3942 ellicismini
2203 3884 2442 3940 secundo
2472 3883 2668 3953 gaudio
2694 3882 2886 3948 electo,
2918 3884 3059 3952 quod
3086 3891 3168 3937 est
3201 3882 3360 3948 lides,
3393 3893 3449 3936 et.

1869 3993 2017 4049 spes,
2047 3986 2105 4033 et
2136 3979 2395 4042 charitas,
2427 3986 2481 4030 et
2515 3975 2811 4039 humilitas,
2853 3985 2907 4028 et
2941 3975 3125 4038 timor,
3154 3983 3210 4027 et
3237 3973 3446 4026 discre-

1869 4069 1968 4134 tio,
2008 4077 2064 4123 et
2100 4066 2310 4138 religio,
2355 4075 2412 4120 et
2452 4080 2577 4134 pax,
2606 4076 2662 4119 et
2691 4063 3098 4130 contemplatio,
3138 4071 3194 4116 et
3233 4061 3451 4117 dilectio

1869 4158 2123 4212 fratrum.
2172 4155 2386 4211 Etenim
2430 4156 2737 4225 quicunque
2768 4153 2881 4207 hinc
2911 4152 3182 4214 habuerit,
3216 4151 3329 4219 ipse
3365 4160 3451 4206 est

1869 4251 2088 4306 indutus
2139 4258 2290 4314 vese
2335 4244 2586 4314 nuptiali,
2635 4253 2691 4298 et
2737 4242 3018 4296 ambulans
3069 4240 3119 4294 in
3157 4242 3445 4310 prmceptis

1872 4339 2128 4410 Spiritus.
2159 4335 2303 4391 Vere
2326 4335 2544 4404 quidem
2577 4335 2698 4388 dico
2725 4333 2897 4397 vobis,
2932 4332 3144 4394 fratres,
3175 4332 3316 4400 quod
3335 4347 3449 4386 mo-

191 4447 223 4487 a
267 4445 375 4501 quo
399 4439 665 4489 emerent.
697 4431 851 4485 Tunc
899 4427 1359 4489 exclamaverunt,
1401 4431 1456 4478 et
1499 4421 1768 4477 Πενθηιηι
1797 4451 1845 4512 ι)
1873 4431 1943 4486 do
1986 4443 2091 4483 non
2130 4425 2398 4482 concessit
2452 4422 2583 4479 mihi
2632 4421 2888 4475 Dominus
2941 4421 3083 4474 hanc
3136 4419 3447 4476 facultatem

191 4525 478 4580 dicentes:
524 4521 767 4589 Domine,
797 4521 942 4590 aperi
976 4521 1147 4573 nobis.
1189 4516 1294 4582 Qui
1330 4514 1648 4584 respondens
1692 4513 1766 4568 ait

189 4615 301 4670 illis
324 4628 344 4668 :
368 4613 534 4668 Amen
552 4613 670 4667 dico
699 4611 842 4666 vobis
873 4624 891 4662 :
931 4608 1122 4663 Nescio
1149 4623 1238 4661 vos
1261 4607 1304 4660 ’.
1340 4603 1450 4659 Nec
1479 4603 1531 4659 id
1560 4603 1640 4658 eis
1663 4602 1766 4656 alia

192 4709 263 4764 de
286 4721 449 4762 causa
480 4705 697 4771 accidit,
744 4703 846 4758 nisi
889 4712 1108 4772 propter
1141 4697 1432 4770 pigritiam.
1472 4695 1606 4751 Nam
1645 4709 1767 4751 cum

193 4798 448 4856 dominus
494 4795 688 4850 domus
737 4794 1058 4857 surrexerit,
1123 4799 1178 4845 et
1225 4787 1484 4844 clauserit
1518 4785 1770 4854 januam,

196 4888 336 4945 nihil
368 4886 598 4957 amplius
619 4883 883 4957 proderit,
917 4881 992 4936 uti
1017 4881 1277 4950 scriptum
1305 4887 1406 4933 est.
1445 4876 1556 4946 Ego
1583 4884 1766 4930 autem

195 4979 422 5034 all‘eram
472 4978 624 5034 vobis
679 4974 1086 5033 similitudinem
1139 4970 1300 5039 hujus
1345 4969 1443 5025 rei.
1483 4969 1593 5023 Noe
1644 4983 1769 5023 cum

195 5072 478 5139 ingressus
537 5068 730 5122 fuisset
787 5079 969 5121 arcam
1023 5063 1139 5133 ipse
1187 5076 1309 5116 cum
1368 5059 1492 5114 filiis
1547 5059 1660 5114 suis
1716 5068 1771 5114 et

197 5160 461 5216 uxoribus
504 5159 735 5213 filiorum
769 5171 1012 5219 suorum,
1060 5165 1115 5209 et
1149 5153 1369 5222 reliquis
1415 5151 1505 5220 qui
1541 5165 1664 5205 cum
1709 5164 1774 5204 eo

198 5262 380 5317 erant,
405 5262 460 5308 et
482 5252 766 5307 clausisset
798 5248 1018 5319 ianuam
1059 5260 1200 5301 arca:
1240 5253 1459 5314 propter
1487 5256 1656 5311 aquas
1687 5243 1774 5297 di-

200 5344 334 5399 luvii
357 5358 477 5412 quae
509 5343 767 5397 immissae
795 5348 921 5396 sunt
951 5353 1113 5409 super
1140 5336 1280 5391 male
1307 5343 1630 5404 operantes;
1665 5333 1776 5388 Noe

202 5445 356 5492 certe
395 5435 776 5504 arescjanuam
813 5431 1046 5503 amplius
1087 5445 1192 5484 non
1224 5428 1456 5496 aperuit,
1501 5441 1602 5480 nec
1653 5427 1777 5480 ﬁliis

204 5531 326 5588 suis
355 5527 722 5600 spectaculum
760 5526 891 5582 illttd
937 5523 1177 5582 terribile
1207 5520 1349 5592 quod
1390 5527 1510 5574 erat
1544 5518 1597 5572 iu
1627 5517 1774 5587 judi-

287 5732 311 5765 ³
357 5728 546 5786 Matth.
588 5744 713 5792 xxv,
745 5699 832 5788 ll.
876 5725 963 5777 l2.
1039 5723 1058 5753 ³
1083 5720 1228 5776 Psal.
1267 5734 1436 5775 χχχιιι
1467 5759 1483 5783 ,
1520 5716 1712 5771 15-15.

1873 4522 1976 4576 hoc
2021 4515 2289 4580 faciendi,
2325 4515 2466 4584 quod
2507 4520 2590 4568 est
2624 4510 2894 4582 segregari
2939 4524 2968 4562 a
3019 4507 3280 4564 fratribus
3317 4525 3332 4563 :
3381 4510 3450 4562 ti-

1873 4626 1994 4667 meo
2031 4608 2177 4665 enim
2209 4606 2341 4662 illud
2403 4605 2582 4658 facere
2618 4616 2647 4656 a
2683 4599 3005 4670 memetipso
3043 4600 3178 4666 solo,
3213 4601 3329 4655 sine
3357 4614 3451 4654 vo-

1872 4703 2082 4758 luntate
2127 4697 2364 4754 Domini.
2407 4694 2767 4764 Quamobrem
2816 4706 2946 4761 rogo
2978 4707 3092 4757 vos,
3129 4702 3188 4747 ut
3234 4707 3450 4761 perma-

1874 4794 2047 4850 neatis
2083 4793 2134 4846 in
2169 4800 2343 4845 vestra
2378 4785 2681 4842 humilitate
2733 4797 2789 4838 et
2835 4782 3119 4852 patientia,
3173 4791 3231 4836 ut
3271 4792 3453 4838 trans-

1876 4896 2003 4941 eant
2025 4901 2055 4938 a
2084 4882 2234 4938 vobis
2261 4880 2537 4950 passiones
2564 4895 2577 4930 :
2612 4876 2810 4944 quippe
2875 4874 2978 4927 hoc
3011 4888 3114 4926 non
3140 4881 3222 4927 est
3246 4882 3453 4941 tempus

1879 4977 2020 5030 hanc
2045 4972 2254 5043 petendi
2295 4985 2429 5024 rem.
2461 4966 2565 5033 Qui
2611 4973 2792 5017 autem
2833 4961 3097 5030 proliciet,
3130 4969 3182 5013 et
3219 4975 3285 5014 eo
3333 4976 3455 5028 per-

1879 5069 2062 5122 veniet
2093 5075 2155 5120 ut
2189 5065 2293 5118 hoc
2317 5068 2704 5128 consequatur,
2731 5063 2916 5109 certus
2951 5068 3068 5107 sum
3099 5053 3238 5120 quod
3278 5050 3454 5104 Domi-

1881 5171 1983 5210 nus
2018 5168 2168 5208 meus
2211 5152 2262 5205 id
2293 5148 2422 5203 mihi
2459 5146 2746 5209 revelabit,
2800 5152 2854 5198 et
2901 5138 3218 5208 adimplehit
3258 5139 3307 5190 in
3363 5137 3452 5188 illo

1885 5261 2036 5301 suam
2061 5244 2254 5299 bonam
2291 5239 2643 5294 voluntatem.
2681 5235 2737 5289 Si
2768 5233 2932 5303 igitur
2974 5231 3024 5283 in
3053 5230 3134 5283 his
3172 5240 3455 5295 permane-

1885 5339 2030 5403 hitis,
2067 5351 2167 5405 pax
2208 5333 2309 5389 erit
2337 5329 2488 5385 vobis
2509 5337 2566 5384 et
2610 5329 2742 5383 locis
2769 5325 2985 5390 vestris,
3013 5333 3067 5376 et
3092 5320 3340 5374 omnibus
3366 5317 3455 5386 qni

1884 5429 2100 5484 venient
2150 5426 2334 5489 adea,
2380 5431 2435 5477 et
2465 5419 2556 5489 qui
2599 5419 2832 5472 orabunt
2886 5415 2938 5467 in
2991 5413 3070 5466 eis
3131 5412 3184 5463 in
3243 5410 3458 5462 nomine

1888 5517 2120 5574 Domini.
2173 5514 2284 5570 lloc
2355 5520 2533 5567 autem
2572 5522 2671 5579 pro
2717 5512 2866 5561 certo
2915 5500 3129 5567 habete,
3164 5497 3304 5569 quod
3338 5498 3459 5568 qui-
