3872 6278
523 306 547 360 Ι
556 306 663 362 063

1628 290 1904 348 PATRES
1943 287 2244 349 ᾸΞΕΥΡἸΙΙ
2286 285 2558 344 διΕΟυιιί
2598 288 2688 343 ιν.

3636 294 3738 352 ικι

518 433 741 490 cunque
769 415 1132 474 ambulaverit
1168 410 1468 468 secundum
1498 409 1837 480 voluntatem
1865 407 1958 464 Del
1989 422 2107 477 quae
2138 419 2180 476 Α
2210 413 2415 471 autem,
2449 404 2538 474 qui
2574 375 2701 458 sunt
2752 401 2948 458 diaboli
2999 410 3052 457 et
3102 402 3371 467 hominis,
3430 418 3532 459 non
3577 405 3739 465 letatur

521 511 733 566 dulcior
756 520 840 566 est
868 510 1008 572 l'avo,
1057 505 1312 561 omnibus
1337 502 1540 558 referta
1575 500 1815 569 gaudiis;
1848 502 1958 570 ipsa
1990 499 2107 567 opi-

518 599 784 652 tulabitur
831 597 940 661 illi,
994 604 1048 650 et
1081 591 1478 654 corroborabit.
1512 599 1568 644 et
1616 589 1880 644 retribuet
1913 589 2106 642 animae

524 691 671 745 illius
701 704 866 760 opera
896 685 1191 750 mirabilia,
1219 694 1274 739 et
1304 681 1634 752 praeparabit
1670 687 1860 734 omnes
1883 675 2112 734 semitas

521 777 751 832 Domino
781 774 1040 829 amabiles
1079 788 1262 827 coram
1312 771 1438 836 illo;
1481 784 1580 824 nec
1613 770 1813 839 poterit
1853 778 1983 822 tunc
2023 767 2105 820 til-

519 868 603 923 lus
630 869 974 921 inimicorum
1025 863 1102 918 illi
1155 863 1440 928 obsistere,
1490 876 1555 916 eo
1588 860 1731 931 quod
1763 859 2005 913 ambulat
2051 858 2105 912 in

516 958 797 1013 voluntate
838 955 1079 1010 Domini.

587 1051 658 1102 At
697 1050 1008 1118 quicunque
1039 1044 1280 1100 ambulat
1331 1045 1382 1099 in
1419 1060 1516 1100 sua
1558 1043 1857 1107 voluntate,
1908 1045 2105 1109 putans

516 1153 638 1194 esse
667 1139 1002 1193 voluntatem
1057 1137 1304 1204 Domini,
1360 1136 1586 1190 minimc
1639 1133 1715 1187 illi
1769 1131 1912 1186 Deus
1945 1145 2103 1198 opem

515 1229 654 1285 l’eret
683 1229 735 1283 in
781 1243 1075 1297 quoquam,
1108 1228 1203 1282 sed
1231 1226 1570 1282 daemonibus
1614 1224 1765 1278 illum
1809 1222 2103 1290 relinquet,

515 1319 612 1389 qui
643 1319 970 1374 habitabant
1015 1319 1069 1372 in
1114 1317 1280 1371 corde
1309 1317 1424 1386 ejus
1461 1324 1621 1369 noctu
1653 1315 1870 1383 diuque,
1902 1320 1957 1367 et
1997 1326 2103 1366 non

516 1411 699 1467 sinent
746 1410 897 1464 illum
936 1409 1232 1479 quidquam
1272 1408 1478 1478 requiei
1529 1405 1810 1469 nancisci;
1853 1419 1975 1457 nam
2010 1417 2106 1458 cor

515 1501 634 1572 ejus
679 1502 1145 1568 obtenebrabitur,
1195 1515 1258 1555 ac
1292 1510 1577 1570 propterea
1607 1497 1741 1552 nihil
1779 1497 1984 1553 videbit
2021 1497 2104 1552 lu-

515 1593 700 1659 minis,
749 1592 1009 1662 illumque
1064 1593 1416 1662 impotentem
1468 1589 1702 1645 ellicient
1735 1590 1789 1643 in
1853 1588 2104 1642 omnibus

514 1684 681 1739 rebus
715 1697 838 1739 cum
878 1682 1122 1738 externis
1173 1694 1283 1737 tum
1320 1683 1574 1748 internis,
1627 1695 1693 1736 eo
1739 1679 1881 1750 quod
1929 1678 2104 1748 gratia

2208 496 2375 563 Deus,
2397 496 2491 551 sed
2523 496 2576 549 in
2612 509 2712 550 suo
2753 503 2987 548 tantum.

2289 588 2441 644 Nunc
2468 602 2635 655 ergo,
2683 588 2880 642 fratres
2925 587 3273 642 dilectissimi
3312 589 3465 642 cordi
3505 603 3610 642 meo
3634 603 3738 642 ama-

2207 679 2367 744 biles,
2422 678 2682 747 inquirite
2755 678 3133 748 vosmetipsos,
3173 687 3232 734 et
3285 679 3737 749 amplectimiuiva

2206 773 2472 828 luntatem
2505 771 2639 836 Dei,
2679 779 2735 825 et
2778 771 2994 825 obedite
3041 769 3189 841 patri
3235 781 3450 836 vestro;
3494 787 3605 826 nam
3630 773 3738 828 valde

2207 865 2471 934 deprecor
2500 862 2668 917 Deum
2717 876 2817 932 pro
2849 861 3000 916 vobis
3033 879 3046 914 :
3098 874 3288 929 neque
3335 859 3638 929 relinquatis
3669 863 3737 914 do-

2208 971 2354 1010 mum
2394 965 2634 1010 vestram
2674 955 2774 1008 sub
2802 953 2988 1021 specie
3036 953 3164 1008 boni
3219 952 3371 1022 quod
3419 965 3540 1005 vere
3575 963 3736 1006 nonest

2210 1047 2441 1110 bonum,
2474 1058 2530 1101 et
2559 1044 2965 1100 transferamini
2999 1045 3066 1098 ad
3107 1043 3307 1108 aliam,
3352 1043 3448 1100 sed
3489 1053 3737 1112 permanet:

2207 1138 2379 1192 donec
2412 1137 2626 1190 veniam
2681 1121 2746 1190 ad
2785 1150 2878 1190 vos
2916 1150 3019 1206 ope
3058 1135 3316 1197 Domini,
3345 1145 3404 1189 et
3440 1135 3648 1189 indicem
3673 1150 3737 1186 re-

2207 1227 2311 1293 bis,
2341 1227 2484 1296 quod
2538 1225 2670 1282 utile
2725 1235 2843 1294 est;
2899 1241 3026 1280 nam
3073 1225 3120 1278 si
3176 1225 3231 1278 id
3287 1223 3540 1288 fecerit-is,
3585 1224 3736 1278 conui-

2209 1317 2428 1374 stabitis
2465 1332 2562 1372 cor
2599 1330 2800 1384 memn,
2838 1327 2892 1372 et
2931 1332 3028 1371 vos
3061 1331 3286 1385 quoque
3325 1316 3736 1371 eontristabiariai.

2213 1408 2478 1478 Equidem
2512 1407 2700 1462 infelix
2731 1422 2852 1478 ego,
2880 1406 3226 1462 dilectissimi
3265 1407 3411 1470 mei,
3437 1412 3561 1474 puto
3584 1406 3735 1460 essein

2208 1512 2294 1553 me
2325 1498 2689 1568 cognitionem
2713 1499 3014 1553 voluntatis
3052 1499 3169 1562 Dei,
3196 1497 3324 1567 plus
3348 1514 3508 1569 quam
3540 1499 3588 1552 in
3605 1499 3734 1559 vobis.

2207 1598 2259 1643 et
2296 1603 2564 1659 cognosco
2612 1589 2964 1644 directionem
2993 1586 3269 1655 vestram,
3317 1601 3486 1657 quare
3522 1591 3736 1659 persistile

2211 1683 2263 1737 in
2295 1682 2583 1737 dilectione
2615 1680 2842 1739 fratrum
2870 1691 2926 1735 et
2961 1679 3132 1751 gloria
3161 1689 3370 1746 vestra,
3411 1691 3465 1736 et
3485 1682 3733 1751 perpendite

514 1782 736 1840 careat;
760 1783 816 1829 et
849 1774 955 1830 alia
984 1773 1256 1845 permulta
1297 1773 1466 1827 ardua
1505 1771 1722 1841 quidem
1748 1781 1803 1825 et
1831 1769 2101 1824 laboriosa
2135 1769 2176 1825 Β
2208 1773 2537 1828 voluntatem
2575 1772 2690 1828 Dei.
2728 1771 2841 1826 lloe
2875 1771 3024 1826 enim
3059 1771 3207 1826 haud
3247 1770 3354 1826 vile
3381 1781 3480 1836 est,
3525 1771 3732 1826 hominem

517 1865 594 1921 illi
637 1867 919 1933 inducent,
973 1883 1095 1938 quae
1130 1881 1394 1922 enarrare
1452 1881 1559 1920 non
1609 1864 1790 1928 valeo.
1839 1864 1904 1918 Et
1947 1862 2101 1917 multi
2197 1866 2400 1936 jugiter
2431 1865 2524 1920 Dei
2563 1864 2898 1935 perpendere
2947 1865 3289 1928 voluntatem
3337 1865 3389 1918 in
3421 1865 3659 1920 omnibus.
3689 1863 3733 1916 Et

515 1972 649 2013 sane
683 1960 891 2030 decepti
922 1968 1047 2014 sunt
1075 1959 1176 2012 hac
1211 1959 1274 2013 de
1319 1971 1482 2011 causa
1525 1955 1596 2011 ob
1623 1969 1776 2010 suam
1809 1952 2100 2008 stultitiam

520 2058 684 2120 atque
714 2049 1160 2120 imprudentiam,
1216 2057 1272 2105 et
1313 2046 1613 2104 illudebant
1666 2045 1916 2102 ﬁdelibus
1956 2054 2104 2102 recte

518 2141 574 2196 in
603 2141 782 2196 medio
807 2141 1235 2196 ambulantibus.

587 2231 680 2286 Sic
711 2232 906 2284 accidit
936 2231 1073 2300 patri
1109 2240 1297 2286 nostro
1327 2229 1508 2300 primo
1549 2227 1675 2284 Eva:
1715 2226 1990 2283 obedienti
2033 2227 2103 2282 ob

514 2334 669 2376 suam
705 2320 1158 2392 imprudentiam;
1190 2336 1314 2376 nam
1345 2320 1453 2376 Eva
1481 2321 1709 2390 decepta
1739 2319 1843 2374 fuit
1881 2334 1977 2374 sua
2011 2319 2101 2372 imo

515 2409 826 2480 prudentia,
875 2409 1300 2466 immortalitatis
1339 2419 1396 2464 et
1425 2408 1789 2466 deiﬁcationis
1837 2408 2104 2462 aviditate

515 2511 692 2569 capta,
722 2515 846 2555 cum
888 2514 1008 2555 sese
1041 2499 1299 2556 celaverit
1347 2498 1596 2556 diabolus
1634 2499 1735 2554 sub
1761 2499 1947 2569 specie
1981 2514 2103 2553 ser-

519 2589 717 2659 pentis,
757 2597 812 2644 et
835 2587 1045 2643 locutus
1078 2589 1150 2643 sit
1184 2603 1306 2644 cum
1344 2588 1458 2652 illa,
1490 2599 1748 2658 tanquam
1782 2588 1994 2642 amicus
2021 2588 2105 2641 di-

515 2694 686 2736 cens:
722 2678 779 2734 Si
809 2680 1157 2734 comederitis
1183 2695 1251 2735 ex
1296 2680 1400 2734 bac
1433 2680 1650 2744 arbore,
1701 2679 1854 2734 eritis
1900 2679 2010 2742 dii,
2051 2687 2108 2732 et

517 2786 626 2826 non
674 2770 985 2826 moriemini
1033 2769 1078 2824 ⁸.
1121 2769 1252 2836 Qua:
1289 2771 1506 2839 quidem
1542 2785 1663 2825 cum
1701 2780 1846 2826 esset
1897 2772 2106 2838 impru-

518 2862 652 2918 dens
679 2871 844 2932 atque
871 2861 1219 2918 discretionis
1253 2875 1471 2931 expers,
1514 2861 1700 2915 statim
1749 2867 1916 2928 atque
1947 2859 2098 2912 audi-

515 2953 595 3008 vit
623 2953 960 3020 divinitatem
996 2962 1052 3011 et
1081 2952 1573 3016 immortalitatem,
1607 2966 1711 3005 non
1757 2949 2108 3020 investigavit

515 3047 585 3102 de
628 3061 693 3102 eo
724 3045 866 3114 quod
903 3045 1006 3100 sibi
1052 3045 1254 3098 dictutn
1296 3053 1437 3106 erat,
1471 3042 1563 3097 sed
1607 3041 1822 3114 abjceta
1854 3057 1883 3094 a
1925 3057 1984 3096 se
2013 3057 2106 3096 vo-

521 3135 731 3190 luntate
771 3133 1014 3197 Domini,
1055 3143 1380 3203 praeceptum
1422 3131 1516 3184 Dei
1552 3131 1734 3200 fregit,
1784 3138 1841 3184 et
1884 3129 2104 3184 seducta

517 3235 624 3289 est,
655 3236 712 3280 et
756 3225 971 3280 seduxit
1000 3225 1208 3287 Adam;
1245 3232 1299 3277 el
1337 3223 1462 3277 facti
1496 3230 1623 3276 sunt
1664 3229 1789 3288 post
1814 3220 2106 3278 exultatio-

513 3331 636 3372 nem
670 3317 816 3370 illam
856 3317 1148 3384 insignem,
1187 3316 1238 3369 ln
1286 3315 1387 3369 hae
1426 3313 1748 3368 infelicitate
1780 3313 1916 3366 adeo
1947 3311 2106 3365 dissi-

513 3405 664 3472 mili,
723 3405 852 3475 quia
900 3403 1174 3458 adversati
1228 3414 1355 3459 sunt
1403 3403 1665 3457 voluntati
1722 3402 1956 3456 Domini.
2017 3401 2106 3456 Si-

513 3498 640 3552 mile
663 3539 680 3564 ,
725 3496 1064 3552 dilectissimi
1101 3497 1241 3561 mei,
1288 3509 1416 3550 vere
1445 3495 1661 3548 eveniet
1691 3494 1765 3548 illi
1797 3495 1891 3563 qui
1931 3493 2108 3563 rejicit

511 3602 542 3639 a
570 3601 627 3640 se
661 3585 994 3640 voluntatem
1033 3585 1288 3648 Domini,
1325 3593 1394 3667 ἐι
1441 3583 1570 3639 facit
1602 3583 1937 3639 voluntatem
1983 3599 2105 3636 cor-

513 3676 597 3731 dis
623 3677 704 3730 sui
741 3689 836 3730 :et
869 3676 1182 3745 implebitur
1217 3676 1282 3729 de
1327 3675 1418 3729 illo
1445 3675 1649 3730 dictum
1695 3675 2004 3730 Salomonis
2051 3675 2104 3728 in

513 3766 873 3822 Proverbiis:
929 3765 1094 3818 Putat
1165 3768 1303 3834 quod
1363 3767 1446 3820 uia
1499 3766 1592 3818 illa
1649 3766 1716 3820 sit
1773 3776 1934 3828 recta,
1986 3781 2104 3817 cum

509 3855 632 3923 ﬁnis
674 3855 789 3921 ejus
855 3853 1114 3906 conducat
1169 3853 1238 3905 ad
1313 3852 1638 3920 profundum
1705 3851 1996 3920 inferorum
2057 3850 2102 3902 ⁸.

514 3940 711 3996 Notum
752 3942 919 3995 etiam
969 3942 1121 3996 vobis
1176 3941 1316 3995 facio
1364 3940 1641 3994 diabolum
1692 3941 1778 3994 his
1831 3940 2103 3994 similibus

513 4033 768 4103 gaudium
812 4031 1094 4087 insinuare
1143 4040 1198 4086 et
1242 4031 1519 4098 laetitiam;
1575 4046 1699 4086 cum
1741 4046 1846 4086 non
1880 4030 1952 4084 sit
1998 4030 2102 4098 ita,

510 4125 604 4179 sed
635 4133 761 4178 sunt
808 4137 1009 4177 maeror
1037 4135 1091 4178 et
1138 4123 1398 4179 maestitia
1451 4132 1506 4178 et
1540 4123 1720 4190 (lctus,
1774 4124 2033 4191 quoniam
2072 4141 2102 4178 ιι

515 4213 623 4269 Deo
653 4230 758 4269 non
808 4222 969 4280 sunt;
1016 4230 1140 4270 cum
1179 4214 1433 4286 gaudium
1473 4216 1616 4286 quod
1663 4231 1696 4270 a
1744 4215 1853 4286 Deo
1888 4225 2007 4280 est,
2051 4225 2106 4270 et

511 4305 696 4360 laatitia
725 4304 801 4360 illi
833 4306 936 4360 soli
970 4281 1263 4372 dabuntur,
1310 4307 1403 4376 qui
1451 4281 1579 4364 totis
1617 4281 1828 4363 laboiat
1857 4308 2101 4373 viribus,

2204 1973 2331 2014 vere
2369 1958 2494 2013 dico
2528 1958 2719 2022 vobis,
2775 1958 2880 2014 nisi
2929 1957 3219 2027 reliquerit
3269 1958 3433 2013 homo
3481 1939 3732 2011 totam'ro-

2204 2045 2467 2103 luntatem
2509 2047 2691 2104 cordis
2721 2047 2842 2112 sui,
2875 2055 2931 2102 et
2968 2046 3272 2116 subiecerit
3307 2060 3369 2102 se
3412 2046 3462 2101 in
3506 2043 3732 2104 omnibus,

2202 2149 2258 2194 et
2293 2138 2554 2208 repulerit
2596 2155 2627 2193 a
2669 2153 2729 2194 se
2777 2147 3004 2193 cunctas
3051 2139 3280 2194 divitias
3326 2147 3383 2193 et
3431 2135 3733 2206 possessiones

2205 2242 2352 2292 snas.
2389 2237 2445 2282 et
2484 2229 2757 2286 obedierit
2807 2227 3065 2292 Domino,
3099 2228 3371 2284 obediens
3414 2227 3630 2297 patribus
3653 2225 3731 2279 suis

2207 2318 2619 2388 spiritualibus;
2659 2334 2836 2389 neque
2862 2320 3065 2389 poterit
3097 2319 3438 2389 perpendere
3467 2318 3730 2372 voluntatem

2169 2428 2172 2431 ·
2206 2409 2336 2475 Dei,
2396 2424 2578 2479 neque
2618 2409 2764 2464 illam
2800 2409 3004 2477 facere,
3052 2418 3108 2466 et
3159 2410 3461 2481 privabitur
3495 2409 3726 2466 novissima

2206 2499 2612 2556 benedictione.
2675 2499 2950 2554 Abraham
3027 2500 3183 2560 enim
3245 2516 3368 2556 cum
3434 2499 3730 2555 benedixisset

2219 2589 2391 2656 Isaac,
2422 2591 2500 2644 ait
2535 2589 2610 2644 illi
2644 2600 2660 2643 τ
2701 2589 2844 2645 Deus
2876 2605 3029 2647 meus
3057 2593 3384 2648 corroboret
3421 2601 3486 2655 te,
3524 2599 3575 2643 ut
3605 2586 3728 2641 facias

2207 2681 2542 2744 voluntatem
2573 2683 2711 2752 ejus.
2743 2683 2868 2738 Pari
2901 2685 3114 2741 ratione
3155 2686 3248 2742 ille
3283 2687 3376 2755 qui
3399 2683 3632 2739 obedierit
3659 2693 3725 2748 pa-

2209 2771 2386 2828 tribus
2418 2773 2536 2828 suis
2567 2773 2971 2842 spiritualibus,
3013 2776 3066 2830 in
3097 2777 3360 2832 omnibus
3407 2774 3553 2830 faciet
3583 2771 3723 2825 volun-

2213 2873 2378 2919 tatem
2421 2865 2537 2921 Dei.
2577 2865 2671 2922 Sic
2709 2875 2863 2934 pater
2895 2876 3082 2921 noster
3109 2869 3354 2938 Optimus
3382 2866 3536 2921 Jacob
3560 2863 3724 2918 beneb-

2208 2963 2329 3014 Otus
2371 2963 2456 3010 est
2490 2971 2522 3008 a
2565 2965 2718 3024 patre
2762 2971 2862 3010 suo
2906 2956 3056 3012 Isaac
3089 2961 3164 3014 ob
3205 2957 3428 3013 nimiam
3475 2968 3606 3010 suam
3632 2951 3724 3005 obe-

2211 3045 2474 3104 dientiam
2506 3046 2825 3115 parentibus
2851 3047 3193 3113 prazstitam;
3226 3057 3282 3104 et
3327 3047 3661 3102 habitaverunt
3683 3040 3718 3092 in

2212 3151 2277 3191 eo
2321 3137 2574 3199 virtutes,
2618 3136 2743 3204 quia
2780 3139 2999 3208 utrique
3057 3139 3372 3201 obediebat,
3417 3148 3470 3192 et
3509 3134 3721 3198 utriusque

2209 3226 2447 3282 faciebat
2477 3227 2856 3293 voluntatem,
2908 3229 3066 3284 sicuti
3119 3239 3450 3284 memoratur
3485 3229 3542 3282 de
3578 3223 3648 3278 illo
3684 3220 3718 3271 in

2210 3317 2342 3384 lege.
2389 3316 2523 3370 Cum
2556 3325 2738 3371 autem
2789 3327 2966 3374 mater
3007 3319 3126 3387 ejus
3175 3322 3401 3376 dixisset
3438 3319 3482 3373 ei
3511 3324 3614 3370 ante
3635 3310 3720 3364 obi-

2210 3415 2322 3459 tum
2350 3405 2520 3475 patris
2555 3405 2728 3470 illius,
2760 3415 2815 3461 et
2847 3421 2972 3462 cum
3008 3411 3319 3478 accepisset
3357 3411 3422 3462 ab
3447 3408 3527 3460 illo
3554 3398 3717 3456 benedi-

2209 3493 2468 3557 ctianem,
2519 3502 2576 3546 ut
2612 3495 2715 3550 iret
2761 3496 2813 3550 in
2862 3495 3312 3567 Mesopotamiam
3343 3505 3580 3568 pssetqu
3612 3486 3712 3558 3P“

2209 3584 2504 3651 patruelem
2538 3598 2698 3668 suum
2746 3585 2928 3640 Laban
2963 3587 3111 3657 (quia
3167 3590 3337 3645 frater
3375 3589 3485 3658 ejus
3515 3585 3628 3640 Esau
3654 3594 3716 3630 vo-

2209 3674 2355 3728 lebat
2387 3690 2510 3729 cum
2554 3676 2889 3747 interﬁcere)
2919 3694 3237 3750 quanquam
3274 3683 3384 3752 ipse
3411 3681 3522 3735 illuc
3545 3684 3714 3746 perge-fc

2210 3779 2316 3818 non
2353 3777 2567 3834 optaret
2607 3767 2966 3838 relinquendo
3009 3786 3270 3843 parentes
3302 3790 3440 3836 suos,
3482 3770 3584 3826 illos
3612 3764 3714 3818 enim

2209 3856 2494 3925 diligebat,
2536 3859 2746 3928 ipsique
2796 3861 2978 3930 illum;
3041 3866 3392 3922 nihilominus
3429 3858 3647 3917 obedivit,
3679 3861 3714 3903 cl

2207 3948 2622 4018 obtemperavit,
2671 3959 2728 4005 et
2760 3955 3002 4019 perrexit
3038 3957 3108 4010 ad
3169 3958 3341 4013 locum
3389 3955 3522 4009 illum
3560 3943 3716 4012 longiu—

2207 4056 2397 4108 qttum,
2431 4054 2484 4098 et
2512 4045 2578 4098 ad
2611 4055 2810 4102 terram
2843 4064 3006 4118 quam
3039 4051 3341 4120 ignorabat,
3375 4058 3424 4103 et
3447 4059 3537 4100 non
3555 4035 3712 4096 obstiti!

2209 4124 2474 4180 voluntati
2507 4131 2698 4186 matris
2729 4147 2864 4198 ante,
2901 4136 2998 4190 sed
3042 4137 3251 4192 dimisit
3281 4130 3574 4190 desiderium
3597 4132 3708 4177 suum

2208 4226 2261 4268 οι
2288 4217 2644 4283 νυιιυιωιθῐη,
2674 4230 2735 4277 ιιι
2774 4240 2932 4294 :I‘quo
2961 4241 3080 4283 eam
3117 4227 3282 4283 faciat
3311 4224 3498 4283 animo,
3527 4225 3574 4271 et
3599 4221 3710 4265 cona-

2213 4316 2296 4360 tus
2333 4318 2418 4363 est
2466 4320 2578 4366 tcto
2611 4311 2712 4367 hoc
2753 4328 2974 4382 conatu,
3025 4327 3085 4371 ut
3117 4319 3562 4374 consummaretur
3594 4310 3712 4366 super

509 4406 567 4453 et
602 4398 952 4466 semetipsum
1009 4397 1286 4467 compellit
1336 4408 1500 4468 atque
1549 4400 1694 4471 cogit
1727 4400 1792 4454 ad
1829 4401 2103 4456 sustinen-
2137 4429 2177 4483 υ
2210 4399 2356 4453 illtnn
2385 4401 2693 4462 benedictio
2725 4417 3012 4473 parentum
3041 4425 3290 4464 suorum.
3320 4404 3566 4471 Scriptum
3599 4389 3702 4444 enim

511 4493 638 4548 dum
673 4491 832 4548 bonis
871 4491 924 4546 itt
959 4492 1239 4560 operibus,
1273 4501 1329 4546 et
1364 4492 1788 4548 abseindeudam
1824 4493 2096 4562 propriam

515 4582 866 4645 voluntatem,
909 4589 964 4636 et
1007 4581 1338 4656 voluntatem
1380 4581 1594 4636 Domini
1639 4571 2094 4652 amplectendam.

511 4674 576 4731 Et
612 4676 739 4744 quia
779 4674 989 4730 locutus
1029 4689 1148 4729 sum
1192 4672 1259 4728 de
1292 4672 1572 4730 voluntate
1601 4673 1692 4729 Dei
1726 4684 1783 4729 et
1813 4675 1880 4728 de
1906 4674 2098 4730 volun-

514 4775 624 4820 tate
681 4766 984 4832 hominum,
1044 4768 1286 4834 quaedam
1334 4765 1440 4819 alia
1487 4766 1640 4820 vobis
1679 4774 1805 4824 nota
1851 4765 2091 4821 faciam:

511 4855 652 4925 quod
681 4855 933 4908 videlicet
976 4855 1224 4910 voluntas
1254 4871 1373 4924 qua:
1401 4867 1656 4924 operatur
1699 4858 1752 4911 in
1784 4860 1949 4913 corde
1998 4860 2096 4913 ho-

513 4945 698 5010 minis,
731 4944 802 4998 sit
849 4944 1082 5013 triplicis
1134 4945 1274 5000 tnodi
1312 4963 1326 4999 :
1367 4947 1512 5016 quod
1571 4948 1727 5006 multi
1759 4949 1978 5018 quidem
2029 4964 2098 5004 ex

514 5035 794 5089 monachis
819 5045 874 5089 et
907 5035 1211 5104 virginibus
1243 5037 1466 5096 minime
1500 5040 1863 5109 perpendunt,
1901 5039 2092 5108 paucis

511 5126 754 5196 exceptis
779 5126 870 5196 qui
899 5127 1011 5195 jam
1058 5127 1452 5185 laboraverunt
1499 5131 1552 5184 in
1594 5132 1807 5201 magnis
1836 5131 2096 5186 certami-

515 5221 694 5283 nibus,
750 5229 807 5276 et
853 5221 1219 5276 consummati
1271 5231 1402 5278 sunt
1454 5223 1508 5278 in
1560 5222 1939 5284 discretione:
2003 5223 2090 5278 iSti

511 5311 773 5366 duntaxat
799 5310 901 5367 boc
930 5311 1206 5382 pensitent
1240 5330 1253 5367 :
1296 5314 1560 5383 scriptum
1599 5314 1745 5370 enim
1790 5325 1896 5379 est,
1949 5314 2092 5384 quod

510 5415 636 5456 esca
678 5401 833 5456 fortis
859 5403 932 5458 sit
975 5403 1228 5460 fortibus.
1265 5403 1478 5462 Primus
1515 5404 1710 5460 modus
1754 5414 1840 5460 est
1877 5419 1945 5458 ex
1978 5406 2092 5458 dia-

510 5492 656 5561 bolo,
695 5496 830 5550 alter
871 5495 1200 5562 exbominc,
1244 5496 1436 5556 tertius
1481 5511 1547 5552 ex
1595 5496 1725 5552 Deo.
1773 5495 1830 5552 ln
1881 5495 2091 5552 duobus

578 5689 605 5725 δ
633 5689 769 5748 Gen.
805 5708 898 5761 tu,
943 5695 976 5750 4
1009 5711 1129 5766 sqq.
1223 5699 1243 5731 ⁸
1272 5698 1433 5756 Prov.
1470 5715 1580 5768 xw,
1621 5698 1708 5756 l2.

2205 4500 2289 4546 est
2321 4494 2464 4560 quod
2513 4493 2807 4549 benedictio
2835 4508 3048 4564 patrum
3087 4495 3411 4568 conﬁrmabit
3433 4478 3708 4548 douiatﬁuo‘

2157 4600 2319 4646 .rum
2375 4587 2418 4641 ‘.
2468 4586 2600 4642 Mihi
2649 4601 2832 4646 autem
2892 4594 3203 4648 nuntiatum
3255 4599 3353 4653 est,
3401 4579 3620 4655 quosdam
3647 4582 3708 4620 te-

2201 4685 2377 4734 strum
2429 4693 2697 4746 asserere,
2733 4685 2877 4752 quod
2927 4683 3098 4740 Jacob
3143 4701 3250 4740 non
3299 4678 3508 4749 fugisset
3539 4681 3616 4723 sua
3645 4673 3707 4712 v0-

2200 4766 2436 4836 luntate,
2463 4771 2558 4824 sed
2597 4787 2692 4826 sua
2725 4773 3075 4842 obedientia;
3115 4777 3337 4844 ideoque
3373 4762 3622 4823 auxiliatos
3642 4755 3704 4802 03‘

2201 4856 2274 4914 illi
2309 4858 2470 4924 Deus,
2503 4875 2568 4916 ac
2609 4875 2808 4930 praesto
2857 4865 2933 4920 illi
2988 4865 3089 4921 fuit
3133 4869 3187 4923 in
3217 4861 3452 4926 omnibus
3483 4873 3495 4909 :
3531 4846 3609 4906 sed
3632 4846 3704 4896 ¹¹⁰⁰

2198 4959 2281 5003 est
2312 4948 2482 5015 clam,
2513 4952 2826 5024 palamque.

2268 5038 2422 5096 Nune
2458 5015 2643 5112 igitur,
2677 5015 3014 5102 dilectissimi
3051 5050 3193 5113 mei,
3228 5047 3297 5102 sit
3329 5031 3558 5098 memoria
3579 5015 3700 5118 loco?

2198 5130 2424 5204 eitlsqtte
2494 5137 2754 5192 similium
2805 5140 2948 5209 apud
3008 5157 3137 5208 γοε,
3188 5151 3242 5196 οι
3297 5137 3346 5190 in
3385 5116 3702 5183 ,ουδεωοιίρειε

2197 5225 2317 5280 sine
2350 5227 2758 5285 intermissione
2797 5249 2812 5286 :
2855 5241 2910 5286 et
2935 5233 3293 5294 exterminate
3315 5239 3346 5281 e
3380 5213 3612 5275 ruentibus

2199 5317 2346 5382 ειτίεο
2376 5319 2518 5388 quod
2572 5319 2638 5375 de
2689 5321 2843 5377 vobis
2877 5323 3085 5379 audivi.
3133 5325 3272 5388 Deus
3311 5312 3444 5371 enim
3479 5315 3568 5358 non
3603 5285 3699 5388 ob'l'

2201 5410 2438 5466 viscetur
2465 5413 2710 5467 laborum
2737 5423 3071 5480 vestrorum,
3107 5385 3275 5484 neque
3311 5409 3484 5460 vestrae
3515 5385 3698 5484 rem“?

2201 5501 2446 5558 rationis.
2484 5500 2620 5559 Nam
2670 5504 2933 5562 Dominus
2981 5474 3205 5573 noster;
3234 5498 3319 5557 cui
3355 5486 3526 5565 gloria:
3566 5474 3699 5530 ³⁸⁸³⁸³⁸

1810 5700 1831 5732 ⁸
1861 5698 2027 5756 Eccli.
2068 5715 2147 5766 ut,
2196 5698 2278 5755 ll.
