3872 6278
235 378 372 436 Ιθϐδ

913 346 921 355 ’
987 375 1048 434 s.
1091 371 1373 434 ANTONil
1411 369 1482 431 Μ.
1523 329 1814 434 manus
1855 373 2160 439 aecum
2196 381 2284 438 ετ
2318 377 2726 441 amoena.

3344 381 3481 446 1088

229 511 392 568 quam
423 493 577 560 dixit,
607 493 752 563 quod
781 466 1147 549 remuneratio
1177 494 1266 549 hic
1293 493 1455 557 foret,
1496 493 1589 550 sed
1635 501 1810 549 lentas
1839 499 1882 556 Α
1913 494 2029 564 ejus
2072 496 2374 554 benedictio
2415 497 2467 553 in
2501 498 2676 565 vobis,
2707 506 2762 555 et
2786 498 3177 556 nanciscamini
3216 501 3482 573 requiem,

227 586 426 648 tiones,
465 592 522 637 et
566 581 851 653 angustiae.
900 591 958 634 et
1000 581 1238 646 labores,
1279 589 1334 635 et
1381 596 1683 648 maerores;
1731 582 1805 636 ibi

228 687 356 727 vero
400 670 782 727 remuneratio.
825 669 950 725 [hec
997 670 1196 742 quippe
1233 671 1342 725 vita
1390 681 1474 727 est
1521 672 1607 726 via
1655 672 1808 727 laboo

226 778 346 816 rum
408 771 460 816 et
522 762 901 816 tc‘ntationum.
962 761 1019 818 Si
1078 772 1257 816 autem
1309 763 1700 828 sustinueritis,
1753 771 1808 818 et

223 855 595 920 obediveritis,
638 863 692 910 et
733 855 1246 923 obtemperaveritis
1283 855 1540 912 Patribus
1583 858 1808 924 vestris,

224 945 490 1014 optimam
532 943 720 998 reddet
768 944 918 998 vobis
964 945 1223 1001 Dominus
1270 946 1803 1015 remunerationem;

222 1041 280 1088 et
318 1031 407 1087 hic
455 1041 538 1087 est
583 1032 754 1098 labor,
791 1033 881 1103 qui
923 1045 1257 1091 memoratur
1307 1051 1493 1092 cora'n
1549 1036 1803 1095 Domino.

223 1123 338 1193 Ego
369 1132 547 1179 autem
585 1124 774 1180 infelix
816 1124 976 1181 Pater
1009 1136 1188 1184 vester
1222 1128 1401 1184 iudico
1438 1131 1620 1196 vobis,
1669 1132 1807 1188 dile-

220 1215 449 1271 ctissimi
496 1215 633 1281 mei,
683 1217 958 1287 quomodo
993 1217 1235 1274 laboravi
1287 1219 1341 1273 in
1392 1220 1700 1288 montibus,
1749 1233 1806 1279 et

221 1305 625 1372 solitudinibus,
660 1315 718 1361 et
763 1309 948 1378 rogavi
983 1317 1146 1364 noctu
1195 1309 1418 1380 diuque,
1467 1320 1523 1366 ut
1567 1313 1807 1382 aperiret

223 1395 360 1452 mihi
412 1395 673 1452 Dominus
711 1411 864 1452 suam
921 1398 1291 1466 voluntatem;
1333 1411 1389 1455 et
1434 1416 1543 1456 non
1590 1404 1806 1473 aperuit

223 1487 358 1544 mihi
398 1487 711 1558 quidquam,
759 1488 930 1544 donec
983 1489 1197 1544 obedivi
1251 1489 1510 1547 Patribus
1563 1493 1698 1550 meis
1750 1493 1802 1548 in

220 1580 499 1646 omnibus,
529 1587 585 1633 et
621 1588 950 1635 consecutus
981 1595 1100 1635 sum
1147 1581 1309 1652 hujus
1343 1583 1707 1654 cognitionem
1736 1586 1806 1642 ab

221 1670 350 1727 illis.
385 1668 518 1724 Nam
548 1669 638 1740 qui
671 1668 921 1724 Patribus
945 1670 1132 1726 obedit
1161 1671 1298 1738 suis,
1325 1670 1558 1730 Domino
1582 1674 1802 1742 obedit;

218 1761 314 1832 qui
343 1769 524 1815 autem
568 1759 753 1817 obedit
807 1757 1057 1829 Domino,
1108 1762 1224 1832 ipse
1258 1764 1374 1820 suis
1401 1763 1584 1820 obedit
1629 1763 1806 1821 Patri-

1919 596 1973 642 et
2014 590 2267 657 gratiam,
2299 598 2355 646 et
2383 589 2780 659 fortitudinem,
2825 600 2880 647 et
2912 591 3159 664 gloriam,
3203 601 3258 649 et
3297 593 3483 652 faciles

1910 678 2101 733 reddat
2147 679 2407 738 Dominus
2450 683 2564 738 vias
2589 689 2818 738 vestras.
2852 682 2919 738 Et
2946 696 3072 738 ecce
3097 684 3208 755 iam
3244 684 3480 742 iudicavi

1909 767 2062 823 vobis
2095 768 2361 838 duplicem
2391 770 2537 825 viam
2567 769 2747 841 operis
2788 771 3035 843 corporei
3083 781 3138 829 et
3181 775 3482 844 spiritualis

1910 856 1964 910 in
1992 857 2090 912 ista
2121 859 2370 927 epistola,
2400 868 2456 914 et
2486 875 2774 929 corporeas
2798 861 3192 922 obluctationes
3217 874 3274 921 et
3294 866 3482 923 diabo.

1908 946 2038 1002 lit-as
2063 991 2076 1015 ,
2128 957 2185 1001 ut
2222 947 2457 1013 faciatis,
2493 957 2546 1004 et
2575 951 2820 1018 certetis,
2855 960 2910 1008 et
2943 956 3354 1026 consequamini
3385 956 3481 1014 be-

1909 1038 2265 1095 nedictionem
2321 1041 2716 1110 novissimam,
2773 1051 2827 1098 et
2890 1045 3155 1102 inhabitet
3215 1048 3268 1102 in
3325 1049 3482 1106 vobis

1907 1127 2077 1198 gratia
2118 1144 2328 1199 magna.
2364 1129 2430 1185 Et
2463 1147 2568 1202 pax
2601 1135 2856 1190 omnibus
2885 1137 3037 1193 vobis
3062 1147 3119 1193 et
3145 1137 3290 1195 salus
3321 1154 3350 1193 a
3377 1141 3480 1196 Do-

1909 1218 2055 1273 mino
2096 1217 2224 1274 Iesu
2261 1218 2481 1276 Christo
2525 1223 2598 1278 sit
2621 1225 2903 1294 spiritibus
2933 1228 3132 1283 vestris
3163 1228 3479 1298 humilibus,

1903 1318 1960 1362 et
1990 1307 2408 1377 cogitationibus
2446 1311 2660 1376 vestris,
2703 1321 2754 1368 et
2800 1314 3055 1371 cordibus
3098 1317 3295 1372 vestris
3333 1332 3482 1373 mun-

1907 1397 2025 1465 dis;
2064 1414 2186 1452 nam
2228 1398 2538 1456 benedictio
2571 1401 2716 1458 illius
2749 1402 3018 1460 inhabitat
3055 1405 3106 1461 in
3144 1407 3292 1462 omni
3337 1407 3480 1476 loco,

1907 1491 1958 1545 in
1990 1506 2098 1562 quo
2145 1499 2230 1548 est
2264 1493 2569 1550 humilitas.
2619 1493 2686 1548 Et
2730 1495 2959 1551 Domino
3019 1506 3202 1554 nostro
3248 1498 3389 1566 laus,
3427 1511 3484 1556 et

1906 1578 2102 1648 gloria,
2141 1588 2196 1634 et
2223 1580 2397 1635 honor
2421 1579 2490 1636 ab
2517 1581 2772 1638 omnibus
2815 1583 3195 1651 rationalibus,
3240 1596 3297 1642 et
3335 1585 3484 1643 Patri

1905 1681 2025 1732 suo,
2055 1679 2110 1722 et
2141 1669 2366 1738 Spiritui
2401 1684 2500 1727 suo
2535 1680 2744 1738 sancto,
2772 1686 2838 1727 ex
2861 1687 3007 1729 nunc
3035 1682 3092 1729 et
3119 1672 3171 1730 in
3194 1684 3484 1732 aeternum.

1905 1756 2101 1812 Amen.

217 1851 357 1920 bus;
413 1851 505 1921 qui
571 1865 698 1906 vero
759 1867 864 1908 non
896 1853 1081 1908 obedit
1114 1854 1226 1911 suis
1267 1853 1543 1923 Patribus,
1575 1857 1806 1914 Domino

1918 1865 2197 1940 Compleqe
2247 1880 2367 1924 sunt
2395 1871 2579 1940 viginti
2610 1869 2866 1939 Epistolis
2894 1887 2961 1926 ea:
2987 1873 3145 1928 dictis
3179 1873 3359 1929 Patris
3389 1892 3486 1929 no-

220 1959 329 1998 non
367 1944 571 2000 obedit.
632 1945 976 2002 Dilectissinii
1034 1947 1137 2003 mei
1191 1949 1244 2004 in
1293 1948 1546 2018 Domino,
1591 1950 1808 2006 obedite

219 2035 372 2092 Patri
401 2047 580 2095 vestro
609 2039 662 2093 in
707 2040 772 2096 iis
804 2055 926 2112 qua:
957 2037 1178 2112 scripsit
1207 2043 1384 2110 vobis,
1436 2053 1496 2099 ut
1535 2044 1807 2101 inhabitet

1981 1936 2084 2061 ficri
2126 1936 2188 1992 S.
2234 1936 2485 2008 Antonii,
2541 1936 2692 2010 cujus
2723 1943 2988 1997 orationes
3030 1943 3132 1997 sint
3191 1943 3480 1999 nobiscum.

2033 2024 2167 2061 men.

2033 2024 2167 2061 men.

946 2202 3477 2232 *Ἦ

1126 2341 1246 2402 EX
1287 2341 1697 2403 EPISTOLA
1740 2344 2136 2410 AMMONIS
2175 2347 2590 2414 EPISCOPI.

855 2502 1011 2572 apud
1051 2499 1433 2559 Botimdianas
1467 2506 1522 2559 in
1555 2506 1700 2561 Actis
1741 2504 1844 2562 SS.
1885 2505 2038 2578 Maii,
2078 2519 2206 2565 tom.
2249 2512 2281 2567 ι
2299 2512 2358 2580 ν,
2397 2531 2555 2586 pagg.
2591 2516 2816 2572 70-355;

222 2793 312 2860 Τῷ
339 2790 623 2866 (immitti)
660 2790 769 2859 υίῷ
807 2794 1082 2918 Θεοδιῗρῳ
1125 2796 1428 2863 Ἀντώνιος
1475 2796 1548 2851 ἐν
1600 2799 1800 2867 Κυρίῳ

889 2881 965 2920 γα
985 2882 1134 2920 οειν.

1918 2797 2110 2852 Dilecto
2153 2797 2267 2865 ﬁlio
2309 2792 2581 2854 Theodoro
2627 2799 2902 2920 (Antonius
2952 2800 3007 2854 in
3061 2799 3288 2858 Domino
3333 2805 3484 2860 eain.

2290 2908 2294 2913 .
2648 2884 2749 2920 em.

886 2881 1134 2934 χαίρειν.

2290 2908 2294 2913 μ
2627 2881 2749 2923 tem.

291 2957 383 3028 Τῷ
430 2956 696 3028 ἀγαπητῷ
743 2955 844 3027 υίῷ
899 2953 1160 3028 Θεοδώρῳ
1196 2955 1481 3021 Ἀντώνιος
1519 2957 1578 3011 ὲν
1607 2957 1798 3028 Κυρίῳ

1975 2954 2182 3012 Dilecto
2203 2955 2312 3012 filio
2327 2955 2614 3013 Theodoro
2627 2956 2892 3014 Antonius
2927 2959 2981 3014 in
3017 2960 3236 3019 Christo
3257 2964 3494 3020 salutem.

216 3047 452 3118 χαίρειν.
493 3048 676 3120 ᾜδειν
705 3047 804 3119 μὲν
839 3049 921 3102 ὅτι
951 3048 1013 3101 οὐ
1045 3046 1121 3119 μὴ
1145 3049 1362 3120 ποιήσει
1388 3048 1592 3119 Κύριος
1613 3049 1643 3101 ὁ
1667 3048 1799 3112 Θεὸς

1918 3053 1959 3098 at
1981 3045 2259 3115 gaudium.
2303 3044 2554 3102 Sciebam
2580 3047 2831 3116 equidem
2860 3048 3062 3104 nullam
3085 3065 3115 3104 a
3148 3050 3375 3109 Domino
3402 3050 3483 3108 fas

215 3143 474 3213 πρᾶγμα,
506 3118 600 3194 ὲάν
623 3118 1066 3212 μὴάποκαλύψει
1109 3118 1516 3212 παιδείανπρος
1534 3141 1660 3204 τοὺς
1688 3139 1801 3195 δού-

1918 3144 2052 3191 ctum
2097 3136 2164 3191 iri
2193 3151 2330 3204 rem,
2379 3135 2480 3193 nisi
2513 3135 2716 3207 aliquid
2767 3139 2891 3194 inde
2924 3139 3178 3196 salutaris
3226 3142 3484 3198 doctrina!

217 3233 346 3295 λους
375 3229 541 3285 αὐτοῦ
577 3231 702 3295 τοὺς
735 3231 1018 3303 προφήτας
1039 3245 1055 3260 ο
1099 3229 1194 3284 καὶ
1221 3229 1471 3301 ἐνόμιζον
1493 3231 1569 3301 μὴ
1599 3229 1710 3283 δεῖν
1733 3247 1801 3302 με

1918 3224 2124 3281 iamuiis
2161 3227 2275 3282 suis
2301 3227 2578 3298 prophetis
2620 3227 3001 3298 inspiraverit;
3062 3245 3162 3288 nec
3204 3232 3386 3302 putavi
3419 3247 3482 3288 ea

213 3319 456 3391 δηλῶσαί
483 3337 564 3373 σοι
590 3321 733 3392 ειπερ
767 3337 858 3391 μοι
883 3323 912 3373 ὁ
933 3320 1066 3384 Θεὸς
1091 3321 1198 3393 πρὸ
1231 3319 1424 3374 πολλοῦ
1449 3320 1805 3390 ἀποκαλύψας

1918 3327 2026 3384 qua
2052 3313 2142 3368 diu
2174 3323 2302 3370 ante
2332 3314 2466 3370 mihi
2501 3315 2640 3373 Deus
2663 3317 3016 3386 indicaverat,
3065 3333 3098 3375 a
3124 3334 3213 3377 me
3239 3335 3361 3377 esse
3388 3321 3482 3377 tibi

213 3409 306 3484 ἦν.
349 3412 567 3484 Ἐπειδὴ
618 3413 886 3483 ἑωρακότι
937 3430 1029 3484 μοι
1053 3414 1179 3477 τοὺς
1207 3412 1470 3483 ἀδελφούς
1510 3427 1628 3474 σου,
1679 3414 1806 3477 τοὺς

215 3504 350 3574 περὶ
384 3503 641 3569 Θεόφιλον
671 3504 766 3556 καὶ
798 3503 1048 3576 Κόπρην,
1109 3503 1412 3576 προσέταξε
1460 3503 1669 3574 γράψαι
1699 3521 1806 3567 σοι.

213 3592 394 3663 δηλῶν
441 3593 522 3646 ὅτι
574 3593 756 3648 πολλοὶ
807 3595 916 3649 τῶν
967 3594 1108 3664 μετὰ
1154 3595 1414 3663 ἀληθείας
1454 3593 1548 3648 τὸν
1574 3593 1808 3663 Χριστὸν

218 3683 699 3755 προσκυνούντων,
765 3686 904 3756 μετὰ
946 3685 1009 3740 τὸ
1061 3685 1426 3757 βαπτισθῆναι
1491 3684 1810 3756 ἡμαρτηκό-

217 3791 352 3840 των,
397 3775 580 3846 σχεδὸν
601 3778 660 3829 ὲν
693 3776 800 3848 ὅλῳ
831 3777 908 3848 τῷ
936 3777 1149 3848 κόσμῳ,
1184 3775 1538 3831 κλαυσάντων
1564 3777 1658 3830 καὶ
1683 3793 1810 3830 πεν-

226 3867 511 3938 θησάντων
545 3867 573 3920 ὁ
598 3866 730 3931 Θεὸς
772 3866 862 3921 τὸν
887 3867 1165 3938 κλαυθμὸν
1193 3868 1287 3921 καὶ
1310 3867 1372 3920 τὸ
1402 3867 1594 3931 πένθος
1618 3867 1812 3921 ἀποδε·

218 3959 476 4030 ξάμενος,
521 3957 618 4021 τὰς
639 3957 914 4028 ἁμαρτίας
952 3955 1233 4028 ἐξήλειψεν
1265 3957 1481 4011 πάντων
1506 3956 1612 4010 τῶν
1639 3956 1810 4020 οὕτως

220 4049 670 4122 πορευσαμένων,
707 4048 811 4113 ἕως
859 4048 1074 4120 ἐκείνης
1116 4049 1216 4119 τῆς
1246 4048 1481 4120 ἡμέρας,
1525 4042 1644 4121 ὲνῇ
1679 4049 1746 4103 ἂν
1776 4049 1810 4118 ἠ

220 4141 477 4214 ἐπιστολὴ
507 4142 645 4214 αὕτη
699 4141 927 4213 ἐπεδόθη
995 4157 1097 4197 σοι.
1168 4140 1462 4210 Ἀνάγνωθι
1502 4137 1594 4194 οὖν
1645 4141 1812 4211 αὐτὴν

221 4233 335 4295 τοῖς
363 4232 612 4302 ἀδελφοῖς
665 4249 780 4300 σου,
817 4233 905 4286 ἵνα
934 4233 1029 4286 καὶ
1051 4231 1206 4286 αὐτοὶ
1251 4231 1585 4295 ἀκούσαντες
1621 4230 1809 4303 χαρῶ-

226 4339 332 4377 σιν.
380 4317 689 4378 Ἀσπάσατε
736 4323 863 4388 τοὺς
906 4321 1190 4393 ἀδελφούς.
1247 4321 1614 4386 Ἀσπάζονται
1665 4339 1724 4375 σε
1758 4322 1810 4374 οἱ

223 4411 464 4483 ἀδελφοί.
497 4413 745 4486 Εΰχομαί
779 4431 840 4468 σε
874 4413 1139 4483 ὑγιαίνειν
1175 4414 1235 4466 ὲν
1261 4412 1476 4484 Κυρίῳ.

1906 3404 2318 3460 manifestanda.
2349 3405 2454 3462 Sed
2489 3418 2839 3478 posteaquam
2876 3411 3074 3468 fratres
3095 3420 3216 3476 tuos
3243 3427 3334 3484 qui
3357 3428 3481 3471 cum

1907 3497 2208 3566 Thcophilo
2239 3506 2294 3552 et
2325 3498 2502 3569 Copre
2553 3513 2727 3568 erant,
2771 3502 2953 3559 videre
2974 3504 3234 3588 gontigit,
3275 3505 3390 3561 haec
3416 3507 3482 3560 ad

1910 3599 1963 3644 te
1990 3588 2273 3648 scribenda
2299 3590 2426 3645 duxi
2453 3607 2469 3658 ;
2501 3602 2556 3646 et
2583 3593 3020 3664 significandum,
3051 3596 3321 3665 quomodo
3367 3596 3488 3665 plu-

1909 3681 2031 3736 rimi
2081 3695 2271 3737 eorum
2299 3682 2391 3752 qui
2448 3682 2724 3738 Christum
2776 3685 2830 3740 in
2866 3685 3090 3740 veritate
3125 3686 3374 3754 adorant,
3433 3697 3490 3743 et

1910 3783 2029 3844 post
2051 3782 2360 3842 susceptum
2391 3770 2492 3828 rite
2517 3773 2836 3842 baptismum
2863 3774 2917 3830 in
2951 3785 3173 3846 peccata
3199 3775 3488 3847 prolabun-

1911 3872 2001 3918 tur
2033 3862 2196 3936 (quod
2231 3880 2332 3935 per
2363 3873 2538 3921 totum
2566 3865 2680 3923 fere
2697 3866 2887 3923 orbem
2933 3867 3176 3939 accidit),
3202 3869 3248 3924 si
3277 3867 3487 3924 miseri-

1910 3955 2150 4010 cordiam
2187 3955 2395 4011 Domini
2421 3957 2712 4028 implorent
2740 3972 2806 4013 ac
2842 3957 2909 4014 de
2931 3958 3188 4016 admissis
3211 3972 3278 4015 ex
3306 3958 3488 4014 animo

1911 4044 2148 4112 doleant,
2191 4061 2222 4100 a
2280 4046 2387 4101 Deo
2418 4046 2841 4103 misericorditer
2880 4047 2932 4103 in
2959 4047 3188 4120 gratiam
3219 4047 3488 4117 recipian-

1912 4145 2023 4202 tur,
2051 4145 2108 4192 et
2131 4138 2312 4192 omnia
2345 4136 2719 4208 sic_agentium
2749 4137 3024 4193 hominum
3055 4137 3340 4194 deleantur
3362 4151 3490 4207 pec-

1912 4237 2033 4283 cata
2076 4245 2090 4282 :
2127 4227 2268 4297 quod
2300 4227 2366 4283 iis
2399 4243 2535 4298 quos
2561 4226 2672 4296 jam
2705 4227 2817 4283 dixi
2857 4228 3110 4285 omnibus
3136 4227 3190 4281 in
3222 4227 3367 4282 hunc
3398 4242 3492 4282 us-

1913 4333 2018 4389 que
2040 4319 2181 4375 diem
2211 4319 2440 4390 benigne
2487 4317 2822 4385 conceditur,
2883 4333 2991 4388 quo
3031 4318 3143 4374 haac
3174 4319 3244 4373 ad
3294 4327 3347 4373 te
3368 4317 3490 4388 epi-

1913 4409 2052 4466 stola
2082 4418 2166 4465 est
2191 4409 2514 4479 conscripta.
2572 4408 2718 4462 Illam
2752 4409 2934 4479 itaque
2972 4409 3235 4466 fratribus
3261 4409 3366 4465 tuis
3395 4421 3492 4463 ve-

225 4504 322 4560 lim
345 4506 622 4578 praelegas,
655 4515 718 4562 ut
743 4505 846 4576 ipsi
876 4519 1092 4576 quoque
1117 4519 1242 4560 rem
1266 4503 1407 4558 hanc
1435 4500 1816 4570 iutelligentes,
1856 4501 2115 4571 gaudium
2142 4514 2209 4555 ex
2242 4513 2302 4556 ea
2335 4500 2570 4569 capiant.
2602 4499 2837 4556 Salutari
2869 4515 2898 4554 a
2921 4514 3006 4554 me
3057 4498 3250 4554 fratres
3303 4499 3486 4572 cupio.

226 4597 332 4664 Qui
357 4598 499 4670 apud
533 4615 619 4654 me
649 4609 778 4654 sunt
804 4599 1023 4664 fratres,
1057 4607 1109 4654 te
1155 4597 1414 4652 salutant.
1442 4594 1634 4651 Valere
1659 4603 1712 4651 te
1745 4595 1798 4649 in
1839 4593 2068 4649 Domino
2092 4593 2273 4664 cupio.

227 4834 622 4880 SANCTISSIMI
654 4835 876 4878 PATRIS
901 4833 1128 4878 NOSTRI
1165 4829 1424 4876 ANTON"
1457 4830 1657 4874 MAG!"
1694 4831 1809 4872 ΔΒ·-

1918 4827 2176 4872 κεαυως
2213 4828 2286 4872 AC
2323 4826 2659 4872 PRECEPTA
2701 4828 2752 4872 8.
2791 4829 2850 4870 Ρ.
2885 4827 2947 4870 N.
2975 4827 3234 4870 ANTONH
3271 4827 3353 4868 AD
3397 4824 3491 4869 ῐιΊσ

313 4914 494 4956 BATIS
517 4912 801 4969 ηεϐυιιε,
824 4913 964 4958 εινε
995 4912 1295 4965 CANONES,
1326 4911 1408 4953 AD
1428 4910 1631 4954 FILIOS
1654 4905 1809 4954 SUOS

316 4993 454 5036 SPIB
465 4993 562 5035 ITU
573 4995 606 5034 Δ
616 4993 723 5036 LES
765 4991 1127 5036 HONACHOS.

339 5074 426 5129 Ea:
453 5074 699 5142 Arabico,
733 5076 1009 5144 interprete
1033 5073 1326 5128 Abrahamo
1347 5070 1695 5128 Eccltelleim.

308 5317 420 5374 llas
444 5318 723 5389 perscribo
754 5317 1002 5390 Regulas,
1055 5327 1212 5388 prout
1269 5318 1516 5388 loquetur
1549 5316 1810 5371 Dominus

237 5426 335 5482 per
362 5427 426 5466 os
452 5426 654 5477 meum,
697 5411 801 5467 illis
830 5413 921 5482 qui
955 5414 1103 5482 gravi
1141 5412 1264 5468 huic
1290 5412 1644 5466 monachatus
1682 5409 1814 5481 jugo

239 5515 300 5556 se
353 5501 620 5571 subjicere
663 5503 868 5558 volunt.
926 5504 1047 5560 Istis
1087 5504 1248 5575 igitur
1284 5505 1538 5560 obediant
1595 5511 1811 5573 oportet

241 5593 544 5663 praceptis,
573 5602 628 5648 et
652 5594 742 5670 qui
764 5611 924 5647 unum
946 5595 1104 5649 solvet
1132 5610 1197 5649 ex
1226 5593 1357 5661 illis,
1393 5594 1642 5651 minimus
1663 5611 1815 5650 vaca~

243 5683 462 5738 biturin
497 5699 655 5754 regno
683 5684 930 5740 calorum
962 5687 1004 5738 ⁷.

312 5840 336 5873 '
364 5839 552 5896 Matth.
596 5857 649 5904 ν,
686 5841 766 5895 l9.
1189 5912 1195 5918 _

520 5943 794 6001 ΡΑτιιοι..
825 5933 942 5994 Gn.
981 5931 1118 5999 XL.

1988 4907 2125 4951 LiOS
2163 4906 2314 4950 SUOS
2352 4907 2716 4958 MONACHOS,
2765 4906 3086 4949 PETENTES
3131 4903 3256 4949 HOC
3296 4903 3486 4949 IPSUM

1997 4987 2074 5028 ΑΒ
2097 4985 2175 5029 EO
2212 4986 2276 5028 IN
2297 4984 2700 5028 MONASTRRIO
2731 4984 3045 5028 NACALON.

1916 5067 2000 5123 Ex
2023 5069 2196 5123 codice
2226 5066 2547 5138 Regularum
2571 5065 2632 5122 S.
2656 5065 2926 5149 Qeuedicti
2976 5066 3292 5123 Aniaunst‘s
3330 5065 3491 5149 obea-

2659 5144 2749 5194 tis.
3409 5144 3418 5153 '

2493 5243 2546 5283 IN
2573 5242 2702 5284 PACE
2732 5241 2942 5283 DOIINI.

1994 5319 2174 5375 Dicam
2209 5315 2459 5374 Canones
2486 5318 2600 5374 sive
2631 5319 2882 5390 Regulae,
2912 5326 3073 5388 prout
3104 5313 3353 5388 loquetur
3389 5314 3490 5369 Do-

1924 5412 2098 5466 minus
2129 5426 2225 5480 per
2269 5425 2330 5466 os
2373 5425 2570 5475 meum,
2609 5410 2716 5465 illis
2743 5410 2834 5480 qui
2898 5421 3015 5464 sese
3067 5409 3278 5462 tradere
3309 5409 3490 5461 volunt

1918 5502 2022 5557 sub
2045 5502 2191 5573 gravi
2218 5502 2319 5557 hoc
2337 5503 2486 5572 jugo,
2511 5501 2717 5558 scilicet
2745 5500 3089 5556 monachatu.
3115 5497 3338 5570 Oportet
3365 5510 3493 5566 ergo

1922 5605 1979 5650 ut
2008 5595 2228 5650 audiant
2266 5595 2379 5651 hac
2414 5603 2716 5666 praecepta:
2760 5592 2865 5659 Qui
2892 5607 3007 5660 vero
3043 5592 3252 5646 solverit
3292 5585 3492 5658 aliquid

1923 5700 1988 5740 ex
2011 5686 2106 5752 eis,
2148 5685 2265 5740 vilis
2289 5687 2562 5757 vocabitur
2592 5686 2646 5739 in
2682 5699 2839 5754 regno
2867 5682 3112 5737 caelorum
3134 5682 3178 5733 ⁷.

3105 5924 3181 5986 34
