3872 6278
470 334 493 389 I
503 331 606 390 οῡτ

572 448 658 503 Ea:
683 447 926 514 Arabico,
949 446 1226 513 interprete
1261 439 1558 493 Abrahamo
1590 435 1931 491 Ecchellensi.

537 627 576 681 I.
602 627 742 681 Ante
773 622 975 690 omnia,
998 620 1298 677 orationem
1333 616 1450 674 sine
1483 614 1883 671 intermissione
1915 611 2041 666 fun-

466 717 597 780 dite,
625 714 931 788 gratiasque
960 724 1174 781 semper
1205 709 1345 782 agite
1367 708 1479 764 Deo
1505 721 1603 778 pro
1632 703 1881 760 omnibus
1919 717 2041 772 quae

467 806 618 861 vobis
646 805 918 860 accidunt.

537 897 602 950 II.
649 895 945 964 Surgentes
974 905 1132 946 mane
1172 888 1400 960 singulis
1449 887 1659 952 diebus,
1721 885 1787 939 de
1824 883 2043 954 aegrotis

467 987 559 1059 qui
599 986 736 1055 apud
763 999 859 1038 vos
884 991 1027 1047 sunt,
1057 979 1372 1051 perquirite.

538 1077 624 1132 III.
658 1074 901 1145 Jejunate
927 1071 1154 1141 singulis
1180 1069 1369 1124 diebus
1399 1079 1567 1135 usque
1591 1065 1656 1118 ad
1697 1061 1924 1128 Nonam,
1949 1074 2043 1114 ex-

465 1174 623 1234 cepto
661 1163 746 1217 die
783 1160 1005 1216 Sabbati
1058 1166 1116 1214 et
1163 1156 1462 1212 Dominico.
1517 1154 1809 1224 Ingruente
1866 1159 2045 1204 autem

467 1256 622 1311 Nona
653 1253 720 1308 ad
753 1251 942 1309 cellam
977 1261 1118 1305 tuam
1175 1258 1229 1304 te
1281 1246 1543 1316 recipito;
1571 1253 1626 1299 et
1654 1255 1939 1312 antequam
1971 1239 2046 1294 ci-

466 1344 595 1402 bum
624 1359 825 1410 sumas,
844 1342 1142 1398 erationem
1168 1338 1487 1410 persolvito;
1509 1343 1563 1392 et
1591 1342 1876 1406 postquam
1895 1346 2044 1387 com-

466 1438 666 1504 ederis,
707 1452 800 1492 ora
824 1444 877 1491 et
903 1435 1019 1503 lege
1037 1433 1261 1504 jugiter.

538 1525 627 1582 IV.
662 1525 794 1581 Cum
852 1536 1019 1594 puero
1051 1527 1106 1576 et
1159 1519 1504 1575 adolescente
1566 1531 1842 1573 sermones
1896 1516 2047 1570 ineas

464 1632 619 1684 cave,
659 1625 753 1670 aut
783 1612 1212 1668 familiaritatem
1267 1610 1596 1674 contrahas;
1652 1623 1752 1662 nec
1802 1607 1901 1661 IIOS
1941 1620 2050 1660 mo-

470 1706 675 1762 nachos
706 1703 958 1774 recipias,
987 1717 1054 1757 ne
1080 1702 1207 1756 dent
1239 1700 1416 1756 locum
1445 1699 1681 1754 diabolo.

542 1796 606 1853 V.
661 1794 838 1865 Super
888 1794 1075 1850 eadem
1121 1800 1299 1848 storea
1339 1805 1406 1846 ne
1452 1789 1620 1845 cubas
1671 1802 1794 1844 cum
1841 1787 2048 1843 minore
2084 1814 2128 1870 Β

471 1897 544 1942 te.

541 1979 630 2034 VI.
669 1977 912 2035 Statutas
942 1977 1250 2032 orationum
1285 1976 1449 2030 horas
1473 1973 1720 2039 observa,
1742 1970 2050 2040 nullamque

469 2070 871 2141 praetermittas,
899 2083 964 2124 ne
989 2068 1254 2122 rationem
1295 2081 1393 2136 pro
1423 2081 1488 2121 eo
1511 2066 1726 2120 reddas.

542 2159 652 2216 VII.
677 2160 959 2230 Egrotum
994 2159 1062 2214 ad
1095 2159 1422 2214 sumendum
1455 2157 1637 2211 cibum
1667 2167 1732 2208 ne
1768 2151 1930 2206 nimis
1960 2165 2055 2206 co-

463 2270 598 2324 gas;
629 2264 684 2309 at
729 2269 828 2310 nec
869 2253 1141 2318 detrahas,
1177 2267 1244 2308 ne
1268 2251 1390 2321 ejus
1426 2263 1659 2307 maerore
1691 2246 1914 2303 affectus
1939 2245 2057 2299 ani-

471 2361 592 2400 mus
617 2346 989 2399 conturbetur.

542 2434 674 2489 VIII.
707 2435 764 2489 Si
806 2434 1014 2488 venerit
1075 2432 1141 2486 ad
1176 2440 1226 2487 te
1255 2431 1424 2486 frater
1450 2429 1644 2498 aliquis
1674 2437 1793 2497 post
1821 2436 2053 2495 tempus,

465 2541 589 2580 cum
625 2526 817 2594 gaudio
883 2523 1100 2593 suscipe
1124 2521 1294 2588 illum,
1327 2530 1387 2576 ut
1439 2521 1643 2588 gratias
1681 2518 1870 2571 reddat
1921 2516 2050 2580 Deo,

471 2623 631 2680 teque
655 2613 863 2668 laudet.

538 2701 634 2756 IX.
661 2702 946 2758 Mundanis
972 2697 1284 2756 hominibus
1314 2713 1381 2752 ne
1408 2705 1458 2752 te
1486 2695 1786 2751 admisceas
1805 2693 2056 2758 omnino;

469 2801 527 2850 at
563 2809 665 2849 nec
691 2793 1024 2848 Pharisaeum
1076 2789 1325 2855 imiteris,
1369 2787 1462 2857 qui
1501 2786 1682 2842 omnia
1718 2785 1784 2840 ad
1815 2793 2061 2840 ostenta-

471 2886 670 2942 tionem
696 2883 956 2939 faciebat.

537 2977 609 3032 X.
637 2975 917 3031 Mulierem
947 2975 1012 3030 ad
1038 2982 1090 3029 te
1115 2974 1372 3030 accedere
1403 2987 1470 3027 ne
1501 2971 1802 3041 permittas,
1834 2984 1931 3023 nec
1963 2969 2063 3023 lia-

472 3064 762 3119 bitaculum
795 3073 945 3118 tuum
967 3062 1173 3134 ingredi
1208 3061 1455 3132 patiaris;
1483 3060 1735 3129 quoniam
1766 3067 1886 3126 post
1913 3057 2056 3111 illam

469 3154 547 3207 ira
572 3153 825 3222 graditur.

542 3243 633 3298 XI.
661 3243 1105 3314 Consanguineos
1165 3227 1286 3296 tuos
1339 3254 1405 3294 ne
1443 3237 1668 3303 revisas,
1725 3252 1821 3292 nec
1852 3245 1902 3291 te
1929 3252 2056 3292 con-

471 3335 806 3406 spiciendum
843 3335 910 3391 ab
945 3334 1052 3388 illis
1085 3332 1257 3398 sinas,
1287 3345 1387 3386 nec
1411 3332 1573 3385 adeas
1601 3329 1736 3384 illos.

540 3424 656 3480 XII.
685 3425 812 3479 Plus
847 3437 1009 3492 quam
1071 3421 1165 3476 tibi
1201 3435 1346 3490 opus
1389 3428 1491 3486 est,
1531 3432 1598 3472 ne
1660 3419 1916 3484 retineas,
1959 3434 2057 3473 nec

453 3515 753 3585 elargiaris
812 3514 929 3584 plus
955 3528 1121 3582 quam
1150 3512 1294 3581 potis
1319 3525 1416 3576 es;
1468 3510 1562 3565 sed
1593 3511 1733 3580 quod
1759 3521 1930 3579 potes,
1971 3510 2056 3565 ina

469 3608 803 3663 firmioribus
828 3605 1144 3662 monasterii
1177 3603 1436 3673 elargire.

542 3698 678 3753 XIII.
742 3698 1055 3754 Orationem
1095 3705 1242 3750 tuam
1305 3701 1470 3748 noctu
1528 3692 1844 3764 persolvito,
1897 3701 2052 3749 ante-

449 3805 632 3860 quam
660 3788 946 3845 ecclesiam
983 3788 1166 3841 adeas.

541 3881 682 3936 XIV.
718 3878 796 3934 Ne
821 3880 1078 3935 comedas
1112 3893 1234 3935 cum
1260 3891 1324 3934 eo
1351 3880 1443 3949 qui
1484 3877 1712 3933 multum
1733 3877 1846 3947 :pro
1871 3885 1922 3932 te
1951 3876 2052 3932 im-

474 3971 692 4042 pendat.

537 4061 660 4119 ‘XV.
697 4060 755 4119 Si
780 4062 1095 4119 scandalum
1125 4071 1374 4118 exortum
1409 4061 1572 4117 fuerit
1607 4060 1915 4132 projuvene
1948 4059 2050 4113 ali-

472 4168 580 4223 quo
603 4153 695 4224 qui
726 4153 904 4209 adhuc
935 4153 1173 4210 habitum
1221 4154 1583 4209 monasticum
1621 4167 1726 4206 non
1759 4151 1949 4215 induit,
1983 4167 2050 4206 ne

472 4245 668 4301 induas
691 4245 864 4312 illum,
909 4245 1004 4302 sed
1039 4261 1104 4302 ex
1137 4244 1466 4300 monasterio
1489 4243 1689 4314 ejicito.

543 4335 682 4393 XVI.
719 4337 853 4393 Cum
886 4351 1053 4405 puero
1104 4353 1171 4392 ne
1209 4337 1453 4405 loquaris
1485 4351 1756 4405 unquam;
1821 4335 1920 4390 erit
1953 4336 2046 4391 tibi

473 4430 616 4483 enim
640 4431 692 4483 in
720 4427 1121 4485 oﬁ‘endiculum.

1523 313 1796 372 PATRES
1834 313 2129 371 EGYPT‘II
2173 309 2446 369 SECULI
2487 311 2577 367 IV.

2069 440 2116 496 Α

3572 303 3681 361 I069

2249 435 2334 488 Ea:
2370 434 2544 488 codice
2573 431 2909 553 Regularumb
2915 430 2997 553 3.1
3010 430 3283 513 Benedicti
3317 432 3602 488 Anienemis

2846 519 2876 553 a
2947 519 2976 553 α
3002 518 3065 553 rs.

2846 513 3065 554 αυυαιη.

2217 613 2260 667 1.
2294 611 2432 667 Ante
2461 612 2640 667 omnia
2675 627 2769 666 ora
2815 612 2932 666 sine
2975 612 3402 678 intermissrone,
3443 623 3492 667 et
3520 615 3679 683 gratias

2152 703 2261 759 Deo
2287 719 2385 775 age
2413 719 2524 773 pra:
2564 703 2816 759 omnibus
2838 718 2958 772 quae
2996 703 3090 757 tibi
3118 703 3397 756 eveniunt.

2223 859 2283 913 ll.
2324 859 2461 913 Cum
2506 867 2684 912 autem
2725 857 3037 912 ‘surrexeris
3067 869 3227 910 mane
3254 855 3475 927 singulis
3515 856 3683 944 dienus’

2151 949 2362 1020 inquire
2388 949 2452 1004 de
2477 949 2693 1018 regrotis
2721 948 2812 1016 qui
2834 946 2975 1014 apud
3003 955 3056 1001 te
3083 955 3232 1000 sunt.
3268 946 3332 1000 Et
3351 947 3526 1016 jejuna
3553 965 3683 1018 usque

2153 1039 2216 1092 ad
2247 1037 2454 1092 Nonam
2486 1036 2719 1106 singulis
2762 1035 2973 1100 diebus,
3008 1044 3238 1104 excepto
3271 1033 3498 1090 Sabbato
3538 1047 3586 1092 et
3612 1037 3685 1090 Da-

2153 1127 2352 1184 minico
2380 1127 2467 1182 die
2491 1145 2506 1193 ;
2540 1126 2861 1182 adveniente
2884 1141 3012 1182 vero
3039 1124 3217 1191 Nona,
3259 1141 3328 1181 ne
3356 1127 3509 1182 adeas
3535 1128 3681 1183 cellam

2152 1217 2472 1288 cujusquam
2505 1216 2753 1270 fratrum.
2806 1215 2875 1270 Et
2901 1229 3027 1271 cum
3088 1215 3296 1272 sederis
3350 1219 3414 1271 ad
3445 1218 3682 1272 comedens

2153 1307 2302 1371 dum,
2333 1321 2427 1362 ora
2470 1305 2641 1375 prius,
2690 1313 2804 1359 tum
2842 1305 3089 1362 comede.
3145 1303 3258 1361 Ora
3317 1315 3370 1360 et
3403 1304 3508 1376 lege
3532 1320 3683 1375 perpe~

2155 1405 2269 1453 tuo.

2224 1484 2312 1540 Ill.
2338 1485 2416 1542 Ne
2471 1487 2712 1558 loquaris
2745 1502 2867 1542 cum
2893 1485 3119 1557 juvene,
3154 1500 3332 1557 neque
3387 1500 3499 1540 cum
3534 1499 3681 1553 puero,

2155 1580 2210 1628 et
2237 1587 2304 1630 ne
2331 1575 2673 1632 converseris
2719 1576 2940 1630 omnino
2963 1590 3086 1631 cum
3136 1575 3270 1643 illo;
3302 1590 3400 1632 nec
3447 1575 3613 1647 Iigabis
3641 1575 3684 1626 it-

2157 1661 2268 1716 lum
2296 1665 2642 1730 monachum,
2693 1679 2797 1719 nec
2860 1676 3108 1719 assumes
3169 1664 3226 1718 in
3258 1665 3423 1720 lilium
3448 1675 3680 1734 antequam

2162 1754 2350 1809 induat
2398 1754 2663 1823 habitum,
2709 1770 2778 1810 ne
2822 1755 3137 1811 reconciliet
3175 1757 3382 1811 hostem
3431 1756 3680 1820 diabolum;

2159 1860 2333 1914 neque
2357 1847 2525 1902 cubes
2550 1861 2718 1916 super
2749 1847 2937 1902 eadem
2964 1855 3148 1902 storea
3172 1863 3298 1903 cum
3327 1847 3522 1902 minore
3545 1858 3601 1902 te.

2225 1937 2318 1993 IV.
2353 1938 2522 1996 Serva
2573 1939 2740 1995 etiam
2769 1941 2932 1995 horas
2990 1941 3325 2005 orationum,
3379 1955 3473 1996 nec
3510 1949 3684 2008 preter-

2161 2035 2346 2090 mittas
2375 2034 2564 2098 ullam,
2599 2047 2669 2088 ne
2711 2033 2975 2094 rationem
3009 2046 3110 2101 pro
3139 2032 3228 2086 illa
3263 2031 3464 2086 reddas.

2237 2127 2294 2181 V.
2335 2125 2414 2182 Ne
2467 2126 2772 2195 obstringas
2835 2133 3094 2194 aegrotum
3149 2125 3218 2178 ad
3271 2121 3680 2183 manducandum;

2158 2232 2260 2277 nec
2288 2219 2534 2274 retrahas
2580 2219 2647 2274 ab
2703 2218 2793 2274 illo
2820 2217 3020 2283 cibum,
3051 2229 3122 2273 ne
3181 2216 3464 2271 conturbes
3491 2216 3679 2268 animam

2159 2314 2302 2368 illius
2324 2313 2594 2368 alllictam.

2231 2405 2316 2461 Vl.
2348 2404 2403 2460 Si
2432 2407 2643 2462 venerit
2669 2405 2736 2462 ad
2793 2414 2846 2461 te
2873 2406 3066 2475 aliquis
3123 2407 3298 2461 frater
3328 2413 3440 2475 post
3467 2400 3676 2470 temporis

2160 2495 2522 2559 intervallum,
2555 2495 2742 2551 laetare
2796 2494 2864 2550 de
2893 2495 3018 2560 illo;
3045 2497 3255 2566 gratias
3284 2496 3421 2550 enim
3455 2501 3561 2564 aget
3595 2492 3676 2545 Deo

2159 2596 2213 2642 et
2238 2587 2354 2640 tibi.
2410 2585 2669 2640 Saeculari
2729 2584 2872 2640 nullo
2927 2587 3086 2640 modo
3141 2585 3529 2641 commiscearis
3567 2595 3680 2636 :nec

2159 2686 2398 2733 ostentes
2426 2688 2475 2733 te
2503 2679 2696 2747 ipsum,
2728 2678 2868 2733 sicut
2894 2676 3203 2735 Phariszeus
3235 2679 3324 2735 ille
3351 2678 3437 2748 qui
3456 2677 3516 2730 ad
3535 2681 3681 2729 estcu-

2159 2768 2415 2822 tationem
2444 2769 2621 2823 omnia
2649 2784 2744 2824 sua
2783 2770 2997 2840 agebat.
3579 2753 3587 2760 ’

2127 2928 2141 2933 ”
2234 2946 2322 3000 Vll
2379 2949 2458 3005 Νρ
2507 2947 2828 3017 appropiare
2885 2947 3033 3004 sinas
3091 2950 3162 3004 ad
3215 2959 3268 3005 te
3310 2949 3583 3011 mulierem,
3606 2959 3679 2998 nec

2163 3039 2450 3109 permittas
2486 3041 2688 3110 ingredi
2721 3041 3049 3097 domicilium
3100 3055 3289 3111 tuum;
3325 3045 3399 3099 ira
3440 3042 3563 3097 enim
3589 3052 3679 3107 gra-

2091 3147 2134 3204 ο
2167 3131 2309 3184 ditur
2329 3141 2452 3201 post
2480 3131 2647 3186 illam.
2691 3133 2875 3203 Neque
2919 3138 3217 3192 revertaris
3245 3138 3465 3192 invisere
3491 3145 3676 3188 consan-

2165 3222 2389 3292 guineos
2424 3232 2545 3279 tuos
2581 3226 2846 3290 carnales,
2871 3241 2972 3281 nec
3011 3226 3210 3283 faciem
3253 3239 3392 3284 tuam
3425 3227 3516 3282 illis
3534 3222 3675 3277 viden-

2164 3311 2286 3365 dam
2313 3314 2575 3381 praebeas,
2603 3329 2701 3369 nec
2727 3317 2890 3371 adeas
2921 3315 3066 3370 illos.

2232 3400 2367 3455 VIII.
2395 3401 2505 3458 Nec
2565 3419 2809 3461 reserves
2841 3406 2934 3460 tibi
2970 3406 3088 3474 plus
3152 3423 3313 3476 quam
3343 3406 3563 3476 indiges;
3605 3414 3678 3454 nec

2161 3492 2441 3564 elargiaris
2476 3494 2594 3563 plus
2637 3509 2798 3566 quam
2832 3505 3009 3564 potes,
3036 3500 3133 3553 sed
3163 3513 3322 3569 eroga
3342 3497 3675 3563 eleemosynam

2161 3584 2391 3641 infirmis
2414 3587 2750 3642 monasterii.

2230 3676 2323 3732 IX.
2370 3676 2623 3734 Persolvo
2671 3680 2972 3736 orationem
3009 3690 3157 3736 tuam
3188 3692 3366 3750 noctu,
3419 3682 3673 3751 priusquam

2159 3769 2324 3826 adeas
2349 3771 2659 3826 ecclesiam.

2227 3861 2296 3917 X.
2344 3861 2423 3918 Ne
2469 3865 2722 3920 comedas
2773 3879 2896 3920 cum
2941 3865 3158 3935 aliquo,
3205 3869 3294 3939 qui
3334 3865 3576 3936 impentlal
3603 3869 3675 3928 Ρτο

2159 3960 2230 4009 te.

2227 4043 2318 4099 XI.
2351 4045 2406 4100 Si
2435 4040 2748 4101 scandalum
2781 4057 2958 4103 ortum
3023 4049 3188 4106 fuerit
3230 4051 3296 4106 de
3329 4048 3511 4118 juvene
3530 4041 3670 4108 aliquo

2156 4136 2247 4205 qui
2280 4136 2541 4191 hactenus
2590 4138 2835 4192 habitum
2871 4154 2977 4193 non
3028 4139 3289 4205 induerit,
3345 4154 3406 4196 ne
3437 4136 3596 4192 induat
3623 4129 3672 4184 il-

2155 4225 2266 4281 lum
2295 4243 2310 4281 :
2346 4237 2400 4282 et
2427 4226 2561 4296 ejice
2587 4243 2710 4283 eum
2745 4243 2775 4282 a
2829 4231 3186 4298 monasterio,
3214 4247 3315 4288 nec
3341 4226 3556 4300 loquaris
3577 4234 3669 4278 cum

2153 4332 2322 4388 puero
2353 4321 2587 4390 penitus,
2613 4333 2680 4374 ne
2709 4319 2802 4374 flat
2831 4321 2925 4377 tibi
2950 4320 3351 4380 oﬁ‘endieulum.

543 4517 706 4573 XVII.
737 4519 794 4574 Si
831 4520 1128 4575 necessitas
1157 4520 1398 4589 exegerit
1429 4528 1487 4573 ut
1513 4518 1578 4573 ad
1614 4518 1798 4573 urbem
1827 4517 2042 4588 prolici-

2220 4493 2333 4549 Xll.
2365 4493 2421 4549 Si
2453 4493 2689 4562 coegerit
2739 4501 2790 4549 te
2822 4495 3120 4551 necessitas
3150 4496 3301 4552 adire
3336 4491 3596 4551 civitatem,
3621 4496 3670 4537 ne

474 4610 664 4674 scaris,
695 4625 763 4664 ne
785 4623 974 4680 pergas
1000 4611 1168 4667 solus.

544 4700 729 4762 XVIII.
761 4701 988 4758 Terram
1029 4702 1376 4771 vectigalibus
1423 4703 1717 4773 subjectam
1783 4717 1849 4758 ne
1894 4701 2050 4758 semi-

474 4808 596 4856 nes.
624 4803 678 4848 et
706 4795 991 4851 societates
1020 4809 1141 4850 cum
1182 4797 1414 4852 dominis
1442 4813 1510 4851 ne
1531 4797 1843 4852 contrahas.

544 4884 686 4940 XIX.
724 4885 929 4942 Locum
974 4887 1028 4942 in
1075 4901 1182 4958 quo
1221 4890 1544 4960 exprimitur
1591 4891 1796 4952 vinum,
1853 4898 1918 4940 ne
1947 4885 2045 4940 ad-

474 4991 586 5032 €28.

545 5065 662 5143 XX.
688 5069 892 5124 Carnes
919 5083 985 5124 ne
1016 5073 1268 5126 comedas
1303 5071 1549 5127 omnino.

544 5158 688 5215 XXI.
728 5159 1000 5229 Jejunium
1046 5177 1113 5216 ne
1166 5166 1342 5218 solvas
1407 5163 1537 5217 feria
1569 5170 1760 5231 quarta
1785 5171 1839 5216 et
1865 5169 2040 5230 sexta,

469 5251 575 5307 nisi
601 5252 670 5306 ob
692 5252 1068 5322 gravissimum
1102 5254 1375 5310 morbum.

542 5341 707 5398 XXII.
735 5344 812 5398 Ne
841 5360 1148 5400 murmures
1171 5346 1236 5414 in
1269 5359 1434 5415 opere
1457 5357 1707 5397 manuum
1735 5352 1968 5399 tuarum.

541 5433 731 5489 X‘Xlll.
765 5435 1016 5492 Defectus
1073 5451 1421 5507 quoscunque
1481 5436 1679 5490 nemini
1717 5437 1940 5505 objicias
1963 5439 2045 5492 ul-

471 5529 575 5582 lam
608 5529 677 5583 ob
707 5543 946 5583 causam.

539 5622 730 5680 XXIV.
773 5623 827 5678 Si
861 5623 1083 5677 fratrem
1131 5622 1434 5694 quempiam
1495 5623 1763 5689 inviscris,
1826 5637 1893 5682 ne
1949 5623 2036 5677 diu

475 5715 703 5789 moreris
727 5713 781 5769 in
805 5713 920 5781 ejus
945 5711 1100 5769 cella.

2155 4587 2447 4643 contendas
2474 4584 2598 4640 illuc
2629 4584 2800 4640 solus.

2224 4699 2362 4755 XIII.
2391 4699 2470 4755 Ne
2500 4713 2648 4756 seras
2683 4710 2884 4756 terram
2911 4701 3127 4759 tributis
3155 4702 3466 4774 subjectam,
3493 4707 3575 4750 nec
3599 4703 3668 4743 so-

2159 4792 2407 4847 cietatem
2429 4800 2481 4846 et
2510 4800 2853 4847 contractum
2885 4793 3038 4848 ineas
3063 4808 3189 4849 cum
3221 4790 3550 4863 magnatibus.

2222 4880 2360 4936 XIV.
2388 4881 2465 4937 Ne
2492 4886 2847 4938 commoreris
2883 4885 2934 4938 in
2968 4884 3086 4940 loco
3117 4885 3207 4941 ubi
3252 4885 3424 4939 vinum
3452 4869 3666 4948 exprimi-

2151 4982 2271 5039 tur;
2303 4988 2370 5028 ne
2399 4973 2653 5030 comedas
2681 4989 2900 5030 carnem
2935 4976 3177 5032 omnino.

2220 5153 2336 5208 XV.
2374 5152 2454 5208 Ne
2486 5153 2700 5222 frangas
2742 5161 3007 5228 jejunium
3074 5155 3205 5211 feria
3242 5160 3423 5225 quarta
3451 5156 3498 5203 et
3525 5149 3661 5203 sexta.

2150 5248 2252 5304 nisi
2289 5253 2358 5304 ob
2392 5262 2608 5319 gravem
2642 5254 2903 5308 morbum.

2225 5342 2360 5399 XVI.
2394 5343 2472 5399 Ne
2518 5359 2821 5404 murmures
2853 5345 2904 5399 in
2965 5357 3128 5414 opere
3172 5351 3414 5396 manuum
3456 5334 3658 5389 tuarum:

2152 5454 2252 5494 nec
2277 5439 2609 5510 improperes
2642 5439 2802 5494 alieni
2844 5437 2947 5494 ulla
2972 5440 3038 5493 de
3066 5451 3245 5494 causa.

2217 5613 2380 5671 XVII.
2411 5613 2467 5670 Si
2498 5615 2697 5670 adieris
2731 5616 2964 5688 aliquem
2991 5614 3229 5680 fratrem,
3269 5623 3334 5666 ne
3361 5607 3442 5664 diu
3469 5587 3657 5656 moreris

2145 5706 2200 5761 in
2240 5704 2512 5762 domicilio
2538 5703 2674 5774 ejus.
