3872 6278
240 386 378 446 ὶο69

344 501 428 556 Ea:
461 502 702 568 Arabico,
729 503 1009 572 interprete
1034 503 1327 558 Abrahamo
1352 501 1693 560 Eccltellenti.

309 611 475 667 XXV.
508 613 566 666 lu
602 614 827 669 ecclesia
861 613 1100 684 loquaris
1121 615 1342 670 omnino
1374 629 1526 670 cave.

309 699 494 756 X-XVI.
518 699 574 754 In
597 703 810 757 exedris
836 703 1148 758 monasterii
1181 717 1247 759 ne
1267 703 1476 760 sedeas.

308 791 517 846 XXVII.
549 791 627 846 Ne
666 791 818 860 jures
865 795 1103 860 omnino,
1158 809 1258 850 nec
1303 810 1510 859 verum,
1547 809 1646 850 nec
1699 795 1797 849 du—

234 880 404 934 bium.

307 968 543 1026 XXVIII.
599 971 895 1028 Ecclesiam
940 973 1008 1030 ad
1031 987 1190 1044 quam
1241 974 1802 1029 convenitmultitudo

233 1057 536 1123 hominum.
559 1078 625 1116 ne
656 1065 839 1118 adeas.

307 1154 499 1209 XXIX.
543 1155 808 1211 Mortuum
838 1163 987 1210 tuum
1018 1158 1075 1212 in
1104 1157 1332 1214 ecclesia
1368 1175 1440 1215 ue
1473 1160 1727 1230 scpelias.

309 1246 478 1303 XXX.
518 1248 598 1302 Ad
631 1247 874 1319 symbola
900 1257 954 1303 et
985 1251 1231 1307 convivia
1257 1255 1618 1320 ne‘properes.

303 1425 500 1481 XXXI.
533 1424 708 1481 Bonos
738 1440 917 1482 mores
953 1441 982 1481 a
1026 1425 1324 1496 majoribus
1372 1427 1480 1482 tuis
1503 1426 1648 1483 disce
1667 1435 1801 1497 quo-

235 1516 386 1570 tidie.
482 1516 486 1518 ’
1121 1517 1126 1522 ’

304 1607 518 1663 XXXII.
542 1606 754 1663 Nullum
787 1609 1118 1679 aggrediaris
1161 1623 1317 1679 opus,
1351 1609 1710 1678 quodcunque
1737 1607 1800 1662 il-

233 1695 324 1751 lud
350 1698 439 1760 sit,
470 1697 767 1752 inccnsulto
795 1697 951 1752 Patre
977 1700 1308 1753 monasterii.

306 1785 543 1843 XXXIII.
593 1786 648 1842 Si
680 1789 984 1858 perrexeris
1015 1800 1270 1859 aquatum
1313 1790 1396 1845 vel
1431 1790 1532 1844 iter
1579 1790 1794 1855 feceris,

234 1879 352 1947 lege
381 1887 430 1933 et
459 1881 720 1934 meditare
745 1887 1006 1948 quantum
1036 1880 1254 1949 poteris.

306 1967 546 2024 XXXIV.
579 1968 988 2039 Eleemosyuam
1023 1983 1184 2038 quam
1212 1970 1478 2040 clargiris,
1516 1985 1585 2028 ne
1621 1978 1802 2026 osten-

234 2068 518 2202 msXXXV.
549 2146 606 2203 Si
639 2150 693 2202 In
722 2147 840 2204 loco
864 2149 1112 2218 qu0piam
1157 2149 1398 2205 adfueris
1426 2149 1480 2205 in
1529 2163 1637 2219 quo
1668 2148 1804 2204 ﬁunt

231 2250 455 2306 agapes,
490 2237 712 2292 comede
743 2246 798 2292 et
815 2238 1018 2309 gratias
1043 2238 1186 2309 agito
1210 2239 1334 2294 Deo.

306 2325 548 2382 XXXVI.
613 2327 785 2384 Noctu
835 2329 1032 2400 diuque
1093 2344 1189 2399 pro
1245 2330 1482 2400 peccatis
1543 2330 1649 2386 tuis
1706 2330 1805 2386 do—

232 2417 370 2473 leas.

306 2509 572 2565 XXXVII.
607 2510 737 2568 Esto
767 2511 1016 2584 alligatus
1038 2512 1384 2584 inclususque
1411 2521 1571 2568 noctu
1604 2512 1805 2586 diuque

232 2599 288 2654 in
322 2601 532 2678 cucullo
565 2612 672 2668 tuo,
711 2604 910 2669 tunica,
944 2613 1165 2674 totoque
1197 2604 1381 2658 habitu
1413 2612 1524 2658 tuo.

308 2689 588 2746 XXXVIII.
618 2693 870 2748 Acceude
903 2692 1178 2749 lucernam
1206 2702 1351 2747 tuam
1374 2694 1495 2748 oleo
1521 2693 1801 2748 oculorum

235 2786 476 2844 tuorum,
511 2795 701 2851 nempe
735 2781 1006 2852 lacrymis.

310 2871 552 2928 XXXIX.
607 2873 665 2929 Si
701 2873 945 2944 religioni
977 2886 1196 2943 operam
1239 2872 1472 2937 dederis,
1513 2886 1580 2926 ne
1606 2870 1803 2942 glorie-

233 2980 417 3105 Μὴ.
449 3049 787 3118 ρυωτθηιθηι
819 3049 1018 3107 Christi
1051 3049 1208 3106 Iidem
1239 3064 1306 3106 ne
1326 3049 1566 3119 rejicias.

303 3140 442 3197 XLI.
472 3141 836 3212 Cogitationes
886 3152 1006 3197 tuas
1054 3141 1306 3198 omnibus
1337 3156 1405 3197 ne
1441 3140 1674 3212 apeaias,
1709 3141 1800 3197 sed
1831 3170 1880 3232 α

233 3234 306 3289 iis
331 3242 534 3289 tantum
567 3235 656 3303 qui
686 3235 923 3288 animam
958 3243 1102 3288 tuam
1137 3233 1346 3289 salvare
1375 3242 1621 3303 possunt.

307 3322 466 3382 XLII.
489 3326 568 3380 Ad
599 3339 826 3381 messem
853 3338 977 3379 cum
1016 3325 1344 3395 perrexeris,
1373 3337 1443 3380 ne
1477 3339 1654 3380 moras
1678 3338 1804 3393 pro-

235 3410 446 3481 trahas,
477 3415 569 3471 sed
602 3416 833 3472 reditum
862 3415 931 3470 ad
957 3415 1344 3470 monasterium
1366 3414 1630 3469 accelera.

306 3507 491 3563 XLIII.
516 3507 766 3562 Habitum
797 3520 904 3575 quo
952 3505 1220 3576 glorieris,
1261 3518 1329 3559 ne
1355 3505 1567 3560 induas.

307 3595 496 3652 XLIV.
534 3596 731 3653 Vocem
759 3605 904 3650 tuam
927 3609 994 3652 ne
1014 3594 1262 3662 extollas,
1289 3595 1393 3650 nisi
1421 3594 1805 3650 canonicarum

234 3689 539 3744 orationum
571 3697 830 3758 tempore.

311 3781 468 3836 XLV.
515 3779 622 3835 Ora
664 3783 718 3835 in
767 3779 901 3836 cella
942 3788 1051 3844 tua,
1105 3787 1394 3849 antequam
1425 3779 1492 3834 ad
1521 3780 1806 3836 ecclesnam

236 3873 616 3945 proﬁciscaris.

311 3961 494 4016 XLVI.
519 3962 764 4015 Animam
794 3969 940 4016 tuam
966 3961 1204 4031 quotidie
1238 3961 1525 4018 mortiﬁca.

315 4051 522 4109 XLVII.
551 4051 893 4110 Inﬁrmitates
932 4053 1133 4109 nemini
1162 4053 1413 4122 obiicias.

314 4225 542 4283 XLVIII.
570 4225 752 4295 Neque
775 4225 1048 4296 glorieris,
1071 4239 1246 4295 neque
1269 4224 1450 4280 rideas
1482 4225 1735 4282 omnino.

314 4319 499 4375 XLIX.
537 4317 758 4395 Mmstus
778 4326 894 4373 esto
919 4316 1175 4374 continuo
1201 4330 1298 4388 pro
1319 4316 1559 4386 peccatis
1589 4316 1716 4382 tuis,
1747 4329 1810 4371 ac

241 4412 288 4467 si
322 4410 551 4466 haberes
583 4417 853 4466 mortuum
884 4409 937 4464 in
972 4410 1132 4464 domo
1170 4417 1257 4462 tua
1289 4421 1527 4476 semper.

986 390 1042 446 S.
1085 387 1364 446 ANTONII
1403 387 1473 444 Μ.
1515 387 1816 443 ABBATIS
1854 385 2158 445 IIEGUIXE
2202 385 2288 443 ET
2328 386 2740 450 PRECEPTA.

1827 505 1874 560 Α
1906 497 1989 553 Ex
2011 500 2186 553 codice
2219 498 2535 569 Regularum
2555 497 2610 552 S.
2631 496 2896 552 Benedicti
2916 495 3227 552 Aniunenais
3242 498 3467 556 abbatis.

3326 388 3464 446 1070

1982 611 2162 666 XVIII.
2206 611 2282 666 Ne
2332 613 2570 681 loquaris
2623 611 2674 666 in
2698 611 2960 676 ecclesia;
3013 627 3110 667 nec
3157 612 3474 668 resideasiu

1883 703 2124 757 exedris
2164 705 2498 759 monasterii.

1980 793 2119 848 XIX.
2157 793 2272 850 Non
2330 795 2512 865 jurato
2543 804 2755 862 pemtus
2804 796 2888 850 vel
2938 797 3216 852 veritatem
3251 795 3336 851 vel
3376 795 3475 850 du-

1909 884 2074 938 bium.

1977 975 2095 1029 XX.
2131 975 2206 1030 Ne
2246 985 2396 1046 petas
2422 977 2726 1042 ecclesiam,
2779 977 2846 1032 ad
2892 991 3052 1046 quam
3084 985 3477 1047 congregantur

1907 1066 2174 1121 homines.
2234 1067 2408 1136 Eroga
2433 1068 2864 1138 .eleemosynam,
2905 1078 3164 1138 quantum
3195 1078 3366 1138 potes.
3396 1067 3476 1123 Ne

1908 1157 2137 1224 sepelias
2161 1168 2430 1213 mortuum
2455 1160 2507 1213 in
2537 1159 2785 1215 ecclesia.

1979 1244 2117 1298 XXI.
2150 1244 2226 1300 Ne
2261 1247 2434 1302 facias
2466 1248 2742 1314 convivia;
2787 1263 2885 1304 nec
2917 1248 2980 1303 ad
3021 1249 3352 1319 symposium
3382 1263 3476 1305 vo-

1909 1345 2062 1390 catus
2086 1339 2329 1393 accedas.

1978 1425 2144 1482 XXII.
2183 1427 2414 1484 Atldisce
2439 1429 2678 1498 quotidie
2704 1429 3036 1508 disciplinam
3065 1445 3094 1485 a
3129 1431 3428 1486 senioribus
3455 1449 3470 1486 :

1903 1533 2008 1574 nec
2035 1519 2201 1574 ullum
2231 1521 2561 1590 aggrediaris
2587 1534 2741 1589 opus,
2774 1522 2873 1578 nisi
2909 1523 3148 1578 consulto
3174 1521 3335 1579 Patre
3361 1539 3475 1580 mc-

1906 1610 2146 1668 nasterii.

1977 1785 2165 1842 XXIII.
2189 1786 2322 1842 Cum
2363 1787 2479 1842 abis
2517 1787 2583 1842 ad
2638 1789 2988 1843 hauriendam
3018 1803 3236 1858 aquam,
3259 1788 3476 1844 interim

1835 1855 1878 1909 B
1907 1877 2032 1932 dum
2062 1879 2164 1933 iter
2187 1878 2431 1945 conﬁcis,
2469 1879 2584 1949 lege
2604 1891 2864 1949 quantum
2898 1891 3070 1950 potes.

1973 1967 2167 2025 XXIV.
2201 1968 2259 2024 Si
2288 1971 2598 2039 erogaveris
2645 1971 3061 2042 eleemosynam,
3126 1985 3193 2026 ne
3236 1978 3478 2027 ostentes

1906 2058 2071 2113 illam.
2107 2059 2165 2114 Si
2197 2060 2435 2116 adfueris
2460 2063 2640 2132 aliquo
2667 2061 2720 2116 in
2763 2062 2882 2117 loco
2909 2063 2997 2116 ubi
3030 2071 3282 2132 erogatur
3332 2063 3476 2117 elec-

1905 2165 2149 2222 mosyna,
2182 2154 2402 2210 comede
2438 2163 2494 2210 et
2529 2154 2730 2224 gratias
2753 2168 2851 2224 age
2875 2153 3003 2209 Deo.

1977 2329 2146 2385 XXV.
2198 2331 2535 2388 Contristare
2564 2341 2724 2388 noctu
2759 2333 2958 2402 diuque
2981 2346 3078 2401 pro
3107 2340 3332 2402 peccato
3359 2341 3472 2387 tuo.

1907 2418 2036 2474 Esto
2085 2420 2365 2477 devinctus
2395 2423 2448 2478 in
2481 2421 2685 2478 cuculla
2732 2431 2844 2486 tua,
2875 2431 2929 2477 et
2960 2421 3012 2475 in
3041 2422 3218 2476 tunica
3249 2431 3335 2476 tua
3382 2437 3478 2477 no-

1905 2520 1993 2566 ctu
2027 2521 2188 2582 atque
2204 2515 2310 2569 die.
2341 2515 2590 2571 Accende
2619 2515 2916 2586 lampadem
2947 2521 3094 2570 tuam
3143 2513 3260 2569 oleo
3288 2515 3474 2570 oculo-

1904 2617 2024 2657 rum
2059 2612 2293 2669 tuorum,
2320 2619 2510 2674 nempe
2537 2604 2816 2678 Iacrymis.
2854 2607 2911 2660 Si
2939 2607 3155 2676 pietatis
3181 2613 3331 2664 actus
3362 2605 3451 2661 edi
3478 2633 3481 2642 π

1905 2692 2070 2759 deris,
2120 2709 2189 2750 ne
2234 2695 2502 2763 glorieris.
2555 2695 2634 2751 Ne
2687 2696 2928 2752 dimittas
2981 2712 3325 2767 quemquam,
3383 2699 3472 2766 qui

1905 2785 2098 2854 quaerit
2135 2784 2432 2841 Christum.
2499 2785 2578 2842 Ne
2631 2786 2882 2855 propales
2945 2787 3298 2855 cogitationes
3352 2794 3474 2840 tuas

1903 2875 2113 2930 cunctis
2167 2875 2498 2941 hominibus,
2528 2876 2621 2932 sed
2655 2877 2826 2933 solum
2886 2876 2954 2932 iis
2984 2877 3076 2947 qui
3113 2884 3340 2946 possunt
3371 2878 3476 2932 sal-
3510 2893 3514 2898 '

1817 2967 1823 2974 '
1907 2978 2032 3020 vare
2062 2965 2298 3022 animam
2328 2975 2494 3022 tuam.

1978 3310 2168 3368 XXVI.
2195 3311 2252 3368 Si
2283 3312 2486 3370 abieris
2514 3315 2586 3370 ad;
2605 3329 2857 3383 messem,
2886 3331 2952 3374 ne
2981 3318 3226 3387 moreris,
3250 3320 3343 3377 sed
3364 3320 3476 3377 cito

1908 3413 2181 3459 revertere
2207 3403 2273 3458 ad
2308 3405 2716 3460 monasterium.

1978 3492 2187 3548 XXVII.
2232 3494 2309 3551 Ne
2341 3495 2534 3551 induas
2583 3498 2902 3553 vestimenta
2929 3540 2944 3566 ,
2985 3499 3201 3570 auibus
3247 3500 3475 3556 extolla-

1909 3583 2004 3637 ris.
2040 3583 2114 3639 Ne
2135 3594 2378 3641 ostentes
2399 3601 2584 3642 vocem
2631 3598 2795 3656 tuam,
2832 3589 2933 3645 nisi
2978 3590 3031 3648 in
3068 3595 3315 3647 oratione
3339 3607 3480 3663 prae.

1910 3683 2086 3745 cepta.
2112 3675 2218 3733 Ora
2253 3677 2306 3732 in
2336 3679 2497 3736 domo
2525 3689 2637 3748 tua,
2661 3691 2951 3752 antequam
2989 3683 3172 3739 venias
3203 3685 3270 3739 ad
3300 3683 3477 3740 eccle-

1909 3783 2064 3822 suam.

1983 3952 2214 4009 XXVIII.
2247 3952 2507 4008 Mortiﬁca
2542 3952 2881 4022 temetipsum
2909 3954 3169 4022 quotidie.

1986 4047 2175 4102 XXIX.
2211 4046 2286 4100 Ne
2309 4047 2641 4115 improperes
2664 4043 2938 4114 cuiquam,
2965 4059 3128 4098 causa
3154 4044 3398 4098 dolorum
3424 4052 3480 4098 et

1911 4138 2262 4194 alllictionum
2295 4153 2432 4207 quas
2464 4138 2688 4206 patitur.

1981 4228 2148 4285 XXX.
2177 4228 2252 4283 Ne
2277 4227 2546 4298 glorieris,
2581 4240 2757 4296 neque
2788 4226 2962 4280 rideas
2987 4225 3228 4280 omnino.
3255 4225 3326 4278 Da
3353 4240 3482 4293 ope-

1914 4335 2026 4376 ram
2052 4328 2109 4372 ut
2133 4318 2314 4385 lugeas
2333 4316 2402 4372 ob
2427 4325 2707 4384 peccatum
2732 4321 2906 4376 tuum,
2923 4313 3062 4368 sicut
3082 4313 3226 4382 luget
3247 4313 3292 4369 is
3317 4329 3482 4383 penes

1910 4424 2071 4480 quem
2121 4407 2314 4475 aliquis
2357 4415 2600 4460 mortuus
2624 4411 2725 4460 est.
2760 4393 2868 4458 Fac
2909 4410 3170 4472 quantum
3203 4412 3380 4474 potes,
3421 4416 3478 4458 ut

314 4503 378 4557 L.
410 4499 638 4572 Operam
660 4501 727 4556 da
743 4509 1001 4570 quantum
1023 4507 1195 4570 potes,
1222 4507 1278 4553 ut
1305 4498 1625 4568 gloriﬁcatur
1647 4495 1808 4553 Pater
1839 4506 1884 4562 ῃ
1912 4497 2230 4569 gloriﬁcatur
2263 4493 2422 4549 Pater
2456 4503 2576 4548 tuus
2614 4495 2797 4564 quiest
2822 4494 2875 4546 in
2899 4493 3038 4547 catis
3068 4493 3109 4546 ⁸.

243 4603 364 4647 tutu
391 4592 480 4661 qui
500 4600 574 4646 est
603 4591 658 4645 in
677 4589 819 4645 ccli:
848 4590 894 4647 ⁸.

313 4682 400 4739 LI.
428 4681 653 4754 Corripe
686 4681 824 4737 ﬁlios
852 4689 995 4748 tuos,
1021 4695 1120 4738 nec
1148 4695 1376 4752 parcas;
1415 4679 1539 4750 quia
1571 4679 1808 4750 ipsorum

244 4773 521 4829 damnatio
545 4786 575 4826 a
611 4781 662 4826 te
699 4772 963 4842 exigetur.

317 4864 427 4919 LII.
460 4863 539 4918 Ne
567 4861 820 4918 comedas
842 4861 908 4916 ad
930 4861 1257 4917 satietatem.

317 4955 450 5011 LIII.
493 4953 736 5011 Dormias
765 4967 979 5022 parum,
1009 4963 1064 5006 et
1105 4967 1228 5008 cum
1264 4968 1543 5021 mensura;
1575 4953 1812 5008 invisent

248 5059 301 5105 te
328 5047 516 5119 angeli.

318 5138 455 5194 LIV.
484 5140 617 5196 Cum
662 5137 903 5193 oraveris
943 5146 998 5191 et.
1028 5135 1124 5191 Dei
1169 5136 1500 5200 memineris,
1542 5134 1815 5190 constitue

249 5230 492 5286 habitum
532 5239 680 5287 tuum
699 5245 805 5300 quo
829 5245 889 5287 es
920 5227 1158 5293 indutus,
1192 5237 1253 5284 ut
1277 5229 1392 5285 alas
1420 5228 1614 5299 quibus
1643 5237 1814 5282 trans-

247 5318 417 5374 Iretes
448 5334 598 5375 mare
626 5321 860 5389 igneum.

318 5409 430 5466 LV.
463 5413 544 5468 Ad
564 5423 794 5484 aegrotos
821 5416 1184 5484 proficiscere,
1223 5421 1278 5470 et
1303 5424 1489 5468 eorum
1514 5423 1640 5464 vasa
1669 5420 1808 5476 aqua

248 5497 432 5568 Imple.

319 5588 453 5644 LVI.
488 5589 710 5662 Lingua:
737 5595 1036 5650 certamina
1066 5593 1230 5650 evita.

323 5768 348 5801 ⁸
383 5766 575 5824 Matth.
607 5783 660 5835 ν,
703 5768 791 5824 16.

1990 4673 2178 4729 XXXI.
2209 4673 2434 4744 Corrige
2474 4672 2640 4726 lilium
2674 4679 2850 4738 tuum,
2882 4683 2981 4725 nec
3001 4682 3236 4738 parcas;
3265 4670 3485 4724 damna-

1921 4765 1992 4821 tio
2012 4766 2153 4819 euim
2190 4764 2329 4818 illius
2361 4777 2389 4816 a
2416 4771 2466 4816 te
2491 4761 2742 4830 exigitur.

1990 4852 2205 4910 XXXII.
2254 4851 2364 4907 Nec
2413 4852 2666 4908 comedas
2693 4850 2758 4905 ad
2807 4849 3146 4916 satietatem;
3206 4865 3305 4905 nec
3361 4849 3488 4905 dor-

1919 4947 2076 5012 mias,
2110 4945 2212 5002 uisi
2263 4959 2455 5015 parum
2509 4953 2564 5000 et
2605 4943 2913 5008 moderate;
2962 4953 3016 4998 et
3056 4942 3277 4998 veniant
3327 4944 3396 4998 ad
3432 4952 3486 4998 te

1919 5037 2112 5107 angeli.
2241 5019 2278 5046 ⁸

1990 5126 2223 5183 XXXIII.
2247 5125 2381 5182 Cum
2418 5128 2681 5193 oraveris,
2712 5137 2767 5184 et
2797 5141 3005 5184 memor
3028 5125 3195 5182 fueris
3233 5125 3348 5191 Dei,
3399 5124 3486 5180 Iac

1919 5220 2014 5274 tibi
2044 5220 2353 5274 indumenta
2385 5225 2472 5272 tua
2516 5217 2627 5274 sint
2657 5217 2778 5286 alae,
2800 5226 2855 5274 et
2879 5215 3118 5272 evolabis
3143 5229 3305 5285 super
3333 5228 3484 5270 mare

1919 5312 2156 5381 igneum.

1991 5399 2228 5458 XXXIV.
2253 5401 2426 5458 Visita
2449 5409 2684 5472 agrotos
2711 5409 2766 5455 et
2789 5400 3056 5463 inﬁrmos,
3074 5404 3130 5452 et
3153 5394 3315 5467 imple
3334 5410 3488 5452 men—

1920 5510 2076 5552 suras
2103 5511 2196 5551 seu
2226 5510 2353 5551 vasa
2385 5509 2571 5551 eorum
2600 5506 2760 5562 aqua.

1991 5585 2208 5642 XXXV.
2234 5586 2313 5644 Ne
2343 5600 2546 5658 pugnes
2570 5584 2771 5654 lingua.
2801 5579 2881 5637 Ita
2903 5587 2955 5637 te
2984 5586 3210 5650 praesta,
3239 5579 3485 5652 tit-bene-
