3872 6278
381 406 525 471 Ii)”
1446 389 1723 448 PATRES
1761 387 1875 444 ΑΖο
1887 388 1921 442 ν

2104 382 2380 443 SECULI
2421 383 2512 440 IV.
3515 381 3669 439 1072

483 517 567 576 Ex
595 517 847 583 Arabico,
880 515 1164 582 interprete
1188 507 1488 564 Abrahamo
1515 503 1864 560 Eccheltemi.
1991 506 2039 563 Α
2209 497 2294 553 Ea:
2313 498 2490 554 codice
2505 495 2829 567 negaturum
2853 495 2914 551 S.
2936 494 3203 551 Benedicti
3219 495 3534 550 Aniauensis

454 690 606 747 LVII.
640 691 779 747 Cura
817 696 876 742 ut
896 697 1087 742 omnes
1115 682 1368 740 homines
1398 689 1446 736 te
1473 679 1822 736 benedicant.
2069 678 2251 734 dicant
2282 689 2334 735 te
2367 692 2582 736 omnes.
2638 677 2704 734 Et
2744 588 3006 734 Dixin;
3029 674 3189 734 Jesus
3225 673 3479 732 Christus
3501 689 3668 746 opem

2074 770 2230 826 nobis
2254 769 2447 826 ali'erat
2477 771 2550 825 ad
2584 770 2916 842 Operandum
2955 768 3254 825 secundum
3286 767 3460 837 ipsius
3501 766 3674 822 benc-

2071 861 2329 930 placitnm
2358 875 2374 914 :
2399 861 2486 918 cui
2510 861 2682 932 gloria
2718 877 2843 918 cum
2884 860 3049 917 Patre
3077 874 3201 928 suo,
3224 866 3281 915 et
3306 858 3523 930 Spiritu
3561 873 3672 914 suo

2071 964 2261 1009 sancto
2289 954 2341 1008 in
2363 954 2646 1010 sarculum.
2678 954 2875 1011 Amen.

2217 1042 2350 1109 Qum
2369 1054 2682 1114 sequuntur,
2711 1046 2973 1101 habentur
2999 1047 3054 1102 in
3076 1045 3185 1102 alio
3207 1043 3522 1114 exemplari.

454 1129 637 1187 ῘΝῘῘῙ·
663 1129 742 1185 Te
763 1142 938 1198 'PSllm
981 1126 1050 1183 ad
1077 1139 1241 1197 0P9"
1271 1136 1539 1180 manuum
1565 1136 1730 1194 1³1⁵8θῖ
1765 1121 1974 1178 ίηιιθῦῖο
2144 1134 2388 1191 XXXVI.
2415 1137 2563 1208 Coge
2591 1145 2647 1194 te
2668 1137 2848 1208 ipsum
2869 1136 2923 1193 iu
2947 1153 3114 1209 opere
3137 1152 3398 1194 manuum
3421 1146 3673 1201 tuarum,

385 1227 518 1283 tahit
542 1225 595 1280 in
616 1232 668 1279 te
701 1223 865 1277 timor
890 1220 1005 1276 Dei.
1694 1237 1704 1245 ‘
2072 1234 2128 1281 et
2161 1226 2322 1280 timor
2355 1227 2572 1284 Domini
2613 1228 2946 1285 inhabitabit
2978 1229 3032 1286 in
3056 1238 3128 1286 te.

455 1317 643 1376 LXIX-
680 1317 738 1374 Si
786 1330 950 1387 (ιιιθηι
999 1312 1224 1367 "mrem
1273 1308 1479 1364 νῖιίθνῖθ
1526 1320 1824 1380 Ρθεθθεδθο
1876 1303 1971 1362 sed
2146 1316 2413 1376 XXXVII.
2444 1320 2503 1377 Si
2537 1321 2894 1392 conspexeris
2931 1319 3157 1376 fratrem
3203 1319 3444 1391 aliquem
3480 1332 3677 1388 perpe-

385 1428 494 1469 non
531 1413 599 1467 ad
645 1417 872 1464 mortem
902 1406 924 1437 ’
949 1448 964 1472 ,
999 1419 1067 1458 ne
1103 1410 1430 1457 contemnas
1477 1398 1653 1465 illum,
1705 1395 1926 1467 despici:

2093 1416 2332 1464 trantem
2357 1421 2637 1481 peccatum
2668 1429 2777 1470 non
2814 1414 2880 1469 ad
2911 1422 3143 1472 mortem
3174 1413 3220 1480 ',
3252 1429 3320 1470 ne
3349 1422 3678 1468 contemnas

384 1515 480 1560 aut
525 1504 749 1559 damnes
793 1518 808 1554 :
853 1497 1059 1553 incides
1091 1494 1236 1550 enim
1283 1491 1339 1546 in
1389 1505 1583 1546 manus
1621 1487 1970 1544 inimicorum
2073 1509 2129 1556 ει
2151 1503 2444 1573 despicias,
2465 1509 2990 1576 nequeconacmnes
3011 1505 3200 1572 illum;
3233 1505 3445 1562 incides
3466 1504 3677 1575 quippe

384 1602 621 1648 tuorum.

2078 1594 2131 1650 in
2166 1609 2384 1651 manum
2411 1597 2757 1656 inimicorum
2785 1609 3026 1656 tuorum.

455 1684 568 1739 Lx-
597 1685 740 1742 Cave
769 1695 835 1735 ηϐ
858 1671 1164 1747 pellicialur
1189 1673 1496 1730 ίηίθηθειυε
1539 1668 1803 1728 memoria
1827 1683 1969 1739 PW'
2147 1681 2434 1743 XXXVIII.
2457 1688 2601 1746 Cave
2628 1690 2724 1746 tibi
2755 1706 2824 1748 ne
2845 1691 3137 1748 sedueatur
3188 1689 3495 1746 intellectus
3523 1697 3675 1753 tuus,

385 1778 670 1832 teritorum
699 1780 1067 1844 peccatorum,
1101 1781 1167 1822 ne
1197 1767 1524 1822 innoventur
1560 1763 1614 1818 in
1653 1772 1727 1820 te.

2076 1778 2427 1836 memorando
2453 1789 2674 1850 peccata
2703 1790 2791 1836 tua
2815 1782 3017 1852 priora,
3041 1797 3109 1838 ne
3145 1791 3479 1837 renoventur
3514 1783 3570 1834 in
3602 1791 3676 1834 te.

455 1867 594 1923 LXI.
643 1864 1011 1921 Humililalem
1043 1861 1242 1932 dilige;
1287 1869 1343 1914 ει
1387 1858 1504 1929 ipsa
1545 1864 1800 1934 ρζοιθεθι
1845 1863 1898 1910 ιθ
1943 1867 1975 1908 ³
2006 1852 2049 1908 Β
2155 1868 2400 1925 XXXIX.
2433 1871 2605 1942 Dilige
2646 1873 3030 1939 humilitatem,
3077 1889 3198 1944 qua:
3254 1882 3505 1944 proteget
3557 1882 3614 1927 te
3644 1888 3676 1926 a

388 1961 645 2032 peccatis.
2088 1973 2330 2032 peccato.
2383 1963 2464 2019 Ne
2503 1965 2581 2022 sis
2629 1967 2879 2037 pertinax
2924 1966 2992 2021 ad
3043 1966 3393 2022 statuendum
3441 1965 3676 2020 verbum

460 2049 619 2108 LXII.
663 2050 741 2107 Ne
783 2050 1124 2120 importunus
1166 2044 1264 2109 sis,
1305 2044 1653 2114 verbumque
1682 2051 1832 2098 tuum
1861 2050 1974 2098 sta-
2081 2065 2255 2123 mum,
2280 2071 2348 2113 ne
2374 2066 2602 2128 occupet
2630 2067 2680 2115 ιο
2709 2059 2930 2114 malum,
2975 2059 3055 2115 Ne
3098 2067 3318 2130 reputes
3346 2067 3401 2114 ιε
3448 2059 3680 2127 sapic“-

386 2151 540 2200 luere
563 2142 881 2206 contendas.
909 2153 978 2196 ne
1013 2138 1144 2194 ίηείι
1177 2136 1274 2194 libi
1298 2136 1526 2192 malllmo
2083 2157 2226 2202 tem:
2263 2157 2318 2205 et
2341 2149 2683 2220 gloriaberis,
2720 2161 2775 2209 et
2807 2151 3018 2208 incides
3042 2151 3098 2206 in
3144 2163 3367 2206 manum
3417 2149 3682 2205 inimico-

456 2233 642 2292 LXlII.
675 2233 988 2304 Sapientem
1024 2246 1093 2286 ne
1119 2238 1170 2286 te
1204 2237 1467 2299 reputes;
1499 2227 1752 2299 superbia
1781 2224 1926 2281 eti‘ert

2084 2255 2202 2294 rum
2230 2250 2464 2298 tuorum.
2489 2242 2782 2300 Assuescat
2810 2244 2992 2316 lingua
3041 2253 3140 2300 tua
3177 2244 3364 2300 dicere
3394 2260 3410 2298 :
3441 2243 3682 2316 Ignosce

387 2335 479 2384 tur
522 2328 705 2383 anima
771 2335 904 2392 tua,
982 2323 1302 2394 incidesque
1360 2321 1416 2376 in
1501 2334 1697 2376 manus
1740 2319 1926 2374 hostiul

2083 2333 2210 2386 mihi
2235 2374 2250 2398 ,
2270 2340 2328 2387 et
2359 2337 2710 2405 consequeris
2728 2337 3125 2392 humilitatem.

389 2429 641 2566 ωἵῖἃί
661 2507 958 2563 Assuescat
982 2504 1165 2578 lingua
1193 2512 1286 2560 tua
1333 2502 1549 2560 dicere:
1572 2499 1792 2572 Ignosce
1823 2500 1976 2566 mihi,

387 2612 444 2656 et
473 2600 724 2657 adveniet
745 2599 844 2656 tibi
867 2597 1165 2654 humilitas.

457 2688 624 2746 LXV.
659 2687 796 2746 Cum
823 2685 1038 2744 sederis
1069 2685 1126 2740 in
1153 2682 1350 2741 cellula
1381 2691 1472 2738 tua
1493 2721 1510 2748 ,
1559 2694 1689 2736 cura
1724 2680 1843 2736 hanc
1876 2678 1978 2734 tria
2154 2669 2268 2726 XL.
2302 2671 2438 2727 Cum
2465 2669 2673 2728 sederis
2719 2669 2773 2726 in
2801 2669 2935 2727 cella
2987 2681 3102 2735 tua,
3153 2670 3422 2728 sollicitus
3450 2680 3572 2728 esto
3615 2673 3682 2728 de

395 2780 745 2854 persolvere:
782 2792 918 2851 opus
940 2789 1200 2834 manuum
1232 2783 1473 2842 tuarum,
1507 2771 1802 2830 lectionem
1833 2768 1980 2840 psal-
2087 2763 2259 2820 tribus
2305 2763 2455 2821 hisce
2487 2761 2652 2818 rebus
2701 2773 3002 2834 perpetuo,
3051 2763 3310 2818 nimirum
3337 2805 3354 2830 ,
3397 2763 3468 2818 de
3509 2778 3682 2834 opere

395 2853 606 2932 morum
645 2881 701 2929 et
729 2871 1026 2928 orationes.
2085 2869 2344 2910 manuum
2369 2864 2606 2920 tuarum,
2628 2853 2696 2908 de
2718 2854 3070 2911 meditatione
3098 2861 3317 2910 tuorum
3337 2855 3680 2926 psalmorum

2086 2953 2136 3001 et
2170 2944 2238 2999 de
2264 2943 2512 3000 oratione
2537 2952 2652 3000 tua.

462 3053 648 3110 LXVI.
681 3052 870 3123 Cogita
912 3064 1085 3123 penes
1110 3059 1166 3106 te
1191 3063 1258 3106 ac
1291 3049 1496 3107 dicito:
1533 3045 1652 3104 Non
1679 3061 1798 3103 sum
1829 3060 1982 3101 man-
2159 3034 2297 3091 XLI.
2332 3036 2524 3107 Cogita
2569 3038 2710 3106 apud
2743 3046 2908 3094 temet
2921 3052 3096 3108 .psum
3131 3048 3189 3093 et
3220 3038 3388 3094 dicito
3416 3055 3432 3092 :
3480 3038 3684 3107 Utique

393 3163 555 3204 eurus
586 3150 638 3203 in
667 3148 772 3204 hoc
801 3145 1027 3214 mundo,
1061 3143 1168 3200 nisi
1193 3145 1294 3201 hac
1319 3142 1446 3210 die;
1482 3149 1539 3197 et
1570 3155 1682 3196 non
1730 3138 1983 3210 peccabis
2027 3209 2056 3214 Α
2092 3144 2198 3184 non
2224 3130 2455 3187 manebo
2477 3131 2530 3185 in
2567 3132 2669 3187 hoc
2698 3136 2922 3196 munda.
2957 3131 3064 3188 nisi
3113 3134 3368 3203 praesenti
3409 3133 3513 3190 hac
3546 3135 3680 3197 die:

395 3241 530 3297 Deo.
1010 3209 1022 3214 ⁷
1432 3209 1437 3210 ί
1734 3209 1747 3210 ί
2015 3209 2059 3266 C
2095 3232 2280 3278 etnon
2310 3221 2559 3291 peccabis
2602 3223 2735 3279 Deo.

465 3331 675 3390 LXVII.
710 3329 790 3388 Ne
837 3330 914 3387 sis
952 3327 1174 3400 gulosus
1199 3333 1257 3382 et
1297 3322 1512 3381 deditus
1551 3320 1712 3388 cibis,
1743 3334 1813 3375 ne
1833 3319 1990 3375 inno-
2167 3312 2323 3368 XLII.
2358 3312 2437 3369 Ne
2463 3313 2540 3369 sis
2570 3313 2750 3370 helluo
2777 3313 3055 3382 ciborum,
3085 3329 3155 3382 ne
3182 3317 3586 3373 resuscitentur
3627 3318 3679 3373 in

395 3432 592 3482 ventur
627 3424 685 3478 in
712 3431 764 3478 te
793 3420 974 3492 priora
1009 3427 1100 3475 tua
1121 3424 1377 3489 peccata.
2091 3411 2144 3458 te
2170 3403 2353 3472 priora
2381 3413 2623 3472 peccata.

466 3516 697 3575 LXVIII.
732 3515 944 3570 Nullius
976 3511 1182 3569 laboris
1211 3509 1406 3566 taedeat
1428 3514 1522 3573 te;
1561 3513 1616 3561 et
1643 3503 1863 3574 requies
1892 3502 1986 3558 tibi
2163 3494 2350 3553 XLIII.
2389 3495 2469 3554 Ne
2496 3498 2689 3554 taedeat
2725 3507 2776 3554 te
2804 3498 3054 3567 laboris;
3090 3509 3145 3558 et
3175 3502 3527 3572 superveniet
3582 3501 3680 3556 tibi

398 3613 510 3668 cito
526 3610 851 3668 immittetur
884 3624 914 3663 a
938 3606 1072 3664 Deo.

2089 3591 2196 3647 cito
2229 3591 2465 3661 requies.
2493 3591 2666 3646 Sicuti
2698 3593 2980 3662 parietinae
3022 3595 3302 3649 ruinarum
3329 3605 3488 3649 extra
3541 3597 3679 3650 civi-

469 3701 658 3758 LXlX.
694 3700 1162 3769 Quemadmodum
1209 3696 1369 3752 ruina
1396 3703 1553 3751 extra
1579 3690 1860 3748 civitatem
1903 3688 1987 3745 in-
2092 3693 2254 3739 tatem
2283 3685 2416 3741 liunt
2438 3686 2590 3743 locus
2629 3687 2842 3743 fauoris
2865 3688 3166 3756 omnibus;
3219 3690 3293 3743 ita
3318 3690 3502 3744 anima
3535 3689 3680 3760 pigri

397 3793 567 3850 servit
599 3792 669 3848 ad
711 3789 931 3845 lmtidas
972 3789 1162 3844 sordes
1187 3784 1478 3851 omnibus;
1514 3782 1590 3837 ita
1631 3781 1810 3836 anima
1848 3779 1984 3850 pigri
2088 3778 2178 3845 qui
2232 3779 2398 3848 cmpit
2437 3774 2849 3846 monachatum,
2879 3779 2970 3836 llet
2995 3780 3210 3837 mansio
3238 3781 3597 3850 passionibus
3627 3793 3680 3835 et

397 3896 454 3941 et
481 3885 795 3955 impotentis
824 3882 918 3952 qui
963 3878 1265 3942 monastico
1295 3877 1545 3932 instituto
1570 3888 1629 3929 se
1657 3872 1876 3926 tradidit
1926 3871 1986 3925 lit
2088 3868 2392 3926 factoribus.

399 3976 806 4048 receptaculum
842 3973 1097 4028 omnibus
1122 3967 1469 4042 passionibus
1493 3975 1550 4020 et
1574 3963 1877 4020 latoribus.

468 4068 637 4125 LXX.
675 4066 899 4122 Enitere
937 4062 1223 4120 orationes
1264 4060 1486 4116 fundere
1529 4065 1819 4126 perpetuas
1859 4068 1985 4111 cum
2161 4051 2342 4106 XLIV.
2378 4051 2522 4122 Coge
2557 4059 2610 4108 te
2649 4067 2849 4122 Ipsum,
2887 4062 2947 4106 ut
2977 4065 3104 4108 ores
3126 4059 3392 4121 perpetuo
3422 4066 3547 4108 eum
3601 4055 3677 4107 la-

398 4161 675 4233 lacrymis,
714 4167 774 4215 ut
801 4157 945 4215 forte
977 4153 1414 4212 niisereatur‘tui
1442 4152 1608 4216 Deus,
1638 4157 1907 4218 exuatqne
1931 4158 1985 4204 te
2083 4146 2306 4213 cryinis,
2344 4151 2404 4198 nt
2435 4143 2574 4200 forte
2616 4143 2943 4199 misereatur
2986 4144 3062 4198 tui
3107 4143 3269 4208 Deus,
3315 4153 3371 4198 et
3402 4154 3572 4199 exuat
3617 4156 3673 4200 te

399 4255 618 4312 homine
645 4251 838 4307 veteri.
1930 4273 1940 4279 ς
2084 4236 2250 4290 veteri
2273 4236 2510 4291 homine.

468 4343 656 4400 LXXI.
680 4342 776 4399 llis
803 4355 926 4412 qua;
959 4340 1049 4395 tibi
1079 4351 1343 4410 propono,
1369 4351 1592 4408 operam
1621 4349 1796 4391 nava:
1826 4347 1980 4389 nem-
2155 4327 2316 4384 XLV.
2349 4328 2646 4385 Persevera
2683 4327 2738 4383 in
2775 4328 2926 4383 hisce
2954 4329 3115 4384 rebus
3139 4341 3293 4397 quas.
3315 4327 3492 4383 dicam
3523 4345 3542 4382 τ
3572 4329 3678 4384 sci-

395 4451 465 4508 pe
520 4434 716 4501 labori,
759 4432 1100 4505 paupertati,
1145 4429 1594 4502 peregrinationi,
1630 4426 1890 4482 aerumnis
1928 4433 1983 4481 et
2086 4419 2212 4475 licet
2263 4419 2316 4474 in
2347 4418 2552 4484 labore.
2582 4428 2917 4490 paupertate,
2939 4418 3396 4490 peregrinatione,
3425 4417 3680 4475 ainictio-

395 4507 636 4593 silentio,
660 4541 780 4598 quae
821 4535 872 4580 te
901 4523 1159 4579 humilem
1188 4521 1446 4577 efﬁciunt.
1485 4518 1777 4576 IIumilitas
1795 4523 1976 4572 autem
2012 4534 2056 4607 D
2089 4509 2246 4566 nibus
2275 4518 2331 4565 et
2355 4510 2572 4578 quiete;
2603 4517 2658 4564 et
2683 4507 2910 4567 afferent
2936 4508 3034 4564 tibi
3067 4509 3428 4564 humilitatem
3455 4527 3472 4563 :
3497 4511 3681 4565 humi-

396 4621 578 4676 omnia
601 4627 822 4690 peccata
849 4616 1097 4672 remittit.
1132 4613 1419 4669 llumilitns
1438 4627 1568 4667 vero
1595 4622 1700 4675 est,
1730 4619 1787 4664 nt
1817 4609 1980 4664 homo
2013 4599 2049 4607 ’
2088 4603 2211 4657 litas
2233 4615 2366 4657 vero
2396 4600 2632 4658 dimittet
2662 4602 2846 4658 omnia
2879 4612 3130 4673 peccata.
3169 4599 3460 4660 Humilitas
3489 4612 3673 4659 autem

398 4727 460 4769 se
513 4719 854 4783 peccatorem
905 4715 1139 4778 reputet,
1169 4704 1394 4775 etquod
1423 4703 1558 4760 nihil
1591 4704 1754 4760 faciat
1793 4716 1978 4760 coram
2086 4701 2189 4759 est.
2225 4703 2286 4750 ut
2315 4696 2476 4750 homo
2507 4703 2723 4765 reputet
2753 4711 2813 4751 se
2837 4695 3012 4767 ipsum
3054 4704 3421 4767 peccatorem,
3445 4705 3503 4751 et
3528 4697 3677 4768 quod

396 4800 683 4868 Deoboni;
712 4798 928 4855 silentio
951 4797 1249 4862 incumbat,
1276 4811 1336 4850 se
1359 4796 1531 4865 ipsum
1567 4797 1720 4852 nihili
1750 4798 1979 4865 habeat;
2083 4786 2220 4842 nihil
2250 4787 2376 4843 boni
2415 4797 2690 4858 perpetret
2713 4797 2898 4845 coram
2927 4788 3070 4856 Deo;
3099 4799 3153 4847 et
3173 4789 3448 4846 adhzereat
3476 4789 3674 4859 quieti.

394 4893 636 4957 nemini,
679 4899 739 4946 ut
771 4906 865 4946 sua
909 4895 1110 4944 statuat
1156 4889 1317 4944 verba
1343 4929 1359 4956 ,
1411 4891 1515 4943 vim
1553 4889 1791 4956 inferat;
1849 4905 1976 4960 pro-
2081 4889 2264 4935 etnon
2286 4879 2517 4935 aestimet
2539 4893 2600 4936 se
2633 4881 2808 4950 ipsum
2840 4881 3170 4952 quidquam;
3208 4891 3263 4937 et
3294 4896 3400 4937 non
3441 4882 3516 4936 sit
3543 4894 3672 4951 per-

394 4986 567 5057 priam
597 4984 828 5054 deponat
855 4981 1210 5048 voluntatem,
1242 4982 1416 5036 visum
1453 4981 1719 5058 demittat,
1746 4993 1974 5037 mortem
2082 4973 2228 5026 tinax
2248 4972 2315 5027 ad
2331 4972 2673 5029 statuendum
2691 4975 2914 5030 verbum
2937 4988 3120 5042 suum;
3147 4984 3205 5028 ut
3231 4973 3516 5030 abscindat
3537 4987 3673 5029 con-

391 5086 659 5151 proponat
691 5085 819 5132 ante
846 5075 1054 5140 oculos,
1092 5089 1122 5130 a
1156 5074 1437 5130 mendacio
1478 5083 1687 5140 caveat,
1737 5089 1873 5128 vana
1905 5090 1974 5131 ne
2076 5066 2466 5135 cupiscenliam
2504 5081 2681 5133 suam.
2719 5076 2775 5121 θι
2803 5067 3054 5122 demittat
3104 5067 3337 5133 νυίιυωο
3394 5078 3672 5138 portatque

391 5171 632 5243 proferat
658 5170 844 5236 verba,
885 5167 1148 5238 superiori
1189 5182 1259 5223 ne
1298 5166 1664 5236 respondeat,
1705 5167 1973 5236 patienter
2075 5157 2176 5212 Silii
2208 5167 2438 5213 mortem
2482 5167 2610 5212 ante
2647 5155 2860 5223 oculos.
2900 5166 2957 5212 et
3013 5167 3196 5213 Servet
3253 5158 3603 5225 semetipsum
3640 5175 3672 5214 a

391 5265 530 5320 ferat
561 5261 805 5334 injurias,
843 5269 900 5314 et
945 5260 1014 5314 ad
1068 5258 1279 5313 labores
1308 5272 1373 5312 ac
1419 5256 1597 5311 tristia
1647 5271 1768 5311 sese
1813 5265 1972 5326 cogat
2076 5249 2378 5316 mendacio,
2433 5259 2487 5305 et
2529 5264 2633 5306 non
2659 5250 2914 5321 loquatur
2942 5251 3110 5306 verba
3141 5250 3356 5316 otiosa;
3407 5266 3508 5306 nec
3583 5269 3674 5309 re-

388 5355 690 5412 subeunda.
733 5350 974 5423 Satagite
994 5363 1145 5420 ergo,
1188 5349 1405 5412 fratres,
1440 5345 1556 5402 haec
1583 5359 1807 5403 servare
1831 5361 1971 5418 prac-
2074 5345 2334 5416 spondeat
2375 5343 2679 5414 superiori;
2741 5352 2797 5399 et
2845 5343 3205 5414 Opprobrium
3253 5343 3559 5411 sustineat,
3617 5356 3669 5400 et

389 5460 570 5518 cepta,
604 5459 673 5501 ne
697 5445 901 5514 absque
929 5441 1110 5498 fructu
1136 5439 1208 5495 sit
1239 5437 1349 5493 vita
1380 5447 1579 5493 vestra.
1901 5491 1906 5497 ,
2080 5437 2207 5492 odio
2233 5435 2428 5492 habeat
2465 5433 2750 5501 desidiam,
2779 5441 2834 5488 et
2867 5432 3032 5489 instet
3057 5431 3334 5488 laboribus
3361 5440 3418 5488 et
3460 5445 3665 5487 maereo

458 5619 669 5678 LXXII.
718 5620 1004 5691 Promptus
1033 5627 1172 5684 esto,
1217 5628 1275 5675 ut
1303 5617 1452 5676 dicas
1485 5617 1554 5674 ad
1595 5616 1966 5690 quodcunque
2079 5531 2333 5678 Πιξέῖνι.
2373 5617 2576 5679 Curate
2620 5619 2804 5692 igitur,
2854 5617 3055 5698 fratres
3108 5615 3242 5687 mei,
3292 5615 3411 5674 hac
3443 5628 3671 5674 servare

447 5836 469 5864 ‘
504 5833 700 5890 IJoan.
737 5852 788 5903 v,
825 5839 910 5895 i6.
