3868 6282
218 385 362 442 υ)τό

329 495 415 550 Ex
442 495 689 563 Arabico,
716 499 994 570 interprets
1017 503 1315 563 Abrahamo
1340 510 1686 573 Eccliellcnsi.

214 650 437 704 verbum
497 654 640 723 quod
677 658 834 713 audis
866 678 879 715 :
912 659 1138 733 Ignosce
1166 672 1316 738 milii,
1357 675 1480 745 quia
1516 676 1794 737 humilitas

213 756 405 797 omnes
436 745 606 800 hostis
634 751 1062 812 machinationes
1088 760 1344 820 destruit.

287 831 633 932 LXXIII.
685 843 940 911 operibus
984 849 1111 917 tuis.
1162 868 1499 930 quaecunque
1547 864 1679 932 sint,
1739 872 1794 921 te

211 924 387 993 ipsum
427 942 495 981 ne
523 929 736 987 eti'eras.

285 1105 522 1164 LXXIV.
557 1112 751 1173 Vultus
792 1126 920 1177 tuus
970 1134 1229 1195 perpetuo
1278 1138 1502 1187 mmstus
1548 1133 1640 1198 sit,
1687 1135 1791 1190 nisi

209 1210 334 1250 cum
365 1200 565 1258 adeunt
594 1214 647 1259 te
677 1206 879 1266 fratres
908 1216 1189 1280 extranei;
1228 1228 1356 1275 tunc
1387 1222 1531 1277 enim
1561 1224 1791 1282 hilarem

208 1287 374 1342 indue
411 1293 647 1361 vultum,
667 1305 725 1351 ut
752 1296 1022 1359 inhabitet
1062 1308 1114 1359 in
1141 1314 1191 1362 te
1227 1308 1389 1365 timor
1424 1311 1539 1365 Dei.

285 1378 495 1436 LXXV.
528 1383 585 1442 Si
616 1385 720 1443 iter
741 1390 1041 1448 confeceris
1059 1410 1177 1450 cum
1202 1396 1480 1467 fratribus,
1501 1417 1794 1476 parumper

205 1472 395 1543 elonga
429 1482 479 1528 te
508 1476 576 1529 ab
602 1478 729 1544 illis,
764 1492 822 1535 ut
848 1483 1121 1540 silentium
1155 1502 1361 1546 serves.

282 1564 515 1622 LXXVI.
547 1570 847 1627 Ambulans
875 1590 943 1630 ne
961 1576 1304 1635 dextrorsum
1329 1590 1384 1638 et
1412 1583 1791 1643 sinistrorsum

208 1667 263 1710 te
296 1671 602 1729 convertas,
629 1664 725 1719 sed
754 1665 991 1734 psalmos
1015 1678 1136 1728 tuos
1169 1673 1452 1740 meditare,
1506 1688 1561 1732 et
1611 1690 1793 1737 mente

205 1765 303 1805 ora
338 1752 506 1808 Deum
534 1757 585 1809 in
611 1771 936 1830 quocunque
967 1775 1214 1831 repertus
1244 1766 1414 1825 fueris
1443 1769 1599 1838 loco;
1620 1780 1685 1828 et
1724 1788 1793 1829 ne

207 1840 532 1897 ﬁducialiter
561 1860 684 1900 cum
715 1847 833 1916 ejus
865 1850 1057 1907 incolis
1086 1869 1236 1926 agas.

288 1930 546 1989 LXXVII.
583 1934 638 1990 lu
668 1940 924 1994 omnibus
959 1944 1129 2007 gestis
1168 1948 1275 2001 tuis
1309 1951 1573 2006 modestia
1612 1961 1787 2009 utere.

281 2010 562 2079 LXXVIII.
599 2030 679 2083 Ad
709 2044 774 2085 ea
809 2048 931 2101 qua:
976 2035 1070 2091 tibi
1100 2049 1463 2109 apponuntur,
1501 2058 1568 2099 ne
1600 2046 1786 2101 statim

207 2128 403 2189 manus
442 2117 723 2176 extendas.

280 2206 514 2263 LXXIX.
556 2210 612 2264 Si
634 2210 849 2279 juvenis
908 2230 990 2285 es,
1022 2232 1091 2272 ne
1118 2234 1336 2275 manum
1361 2221 1569 2290 primus
1596 2232 1789 2281 exten-

207 2298 331 2363 das,
368 2310 457 2353 aut
493 2301 832 2373 immodeste,
856 2322 955 2363 nec
981 2308 1281 2366 buccellam
1316 2312 1543 2370 alterius
1572 2315 1788 2383 ingeras

206 2403 313 2442 1)ΓΙ.

281 2481 495 2538 LXXX.
532 2486 589 2543 Si
616 2485 812 2544 alcubi
843 2490 1149 2558 dormieris,
1168 2508 1235 2549 ne
1262 2494 1452 2550 eodem
1481 2496 1642 2566 pallio
1664 2512 1786 2553 cum

207 2572 319 2627 alio
357 2582 408 2628 te
455 2577 769 2647 cooperias,
808 2593 974 2647 cave;
1029 2590 1085 2637 et
1124 2594 1250 2638 ante
1309 2585 1551 2640 cubitum
1594 2584 1790 2643 multas

208 2662 422 2718 fundito
449 2679 658 2733 preces.
701 2668 765 2722 Et
807 2667 1067 2726 Dominus
1112 2682 1299 2728 noster
1334 2672 1494 2729 Jesus
1543 2674 1789 2732 Christus

210 2753 369 2807 nobis
405 2769 562 2824 opem
591 2756 731 2812 ferat
760 2759 830 2814 ad
858 2762 1198 2831 operandum
1233 2764 1672 2834 secundumejus
1695 2765 1791 2822 be-

208 2845 563 2914 neplacitum.
585 2850 781 2905 Amen.

295 2997 303 3005 ,
391 2933 549 2993 Finis
578 2938 905 3011 chulantm
943 2945 1115 2997 sancti
1147 2946 1362 3000 Antonii
1388 2946 1612 3001 abbatis.

957 393 1017 449 S.
1058 396 1345 456 ANTONH
1384 402 1455 458 Μ.
1496 405 1791 464 ABBATIS

1902 412 2126 471 IGULIE
2166 419 2253 474 ΕΤ
2299 421 2703 485 ΡΠΛΕΕΕΡΤΑ.

3334 440 3471 496 1074

1824 524 1867 582 λ
1903 523 1985 579 Ex
2017 530 2190 584 codice
2212 530 2529 602 [tegularum
2563 536 2619 592 S.
2655 539 2919 595 Benedicti
2952 544 3263 606 Anianensis
3305 554 3469 610 abba-

2645 621 2731 663 (is.

1896 698 2187 758 praecepta,
2220 708 2286 748 ne
2317 695 2423 749 vita
2463 709 2644 754 vestra
2676 701 2749 757 sit
2779 702 2898 759 sine
2945 703 3141 761 fructu.
3179 708 3244 764 Et
3271 712 3472 769 sollici-

1898 784 1985 872 tus
2027 786 2167 872 esto_
2188 795 2405 853 semper
2444 786 2511 841 ad
2550 790 2759 861 singula
2805 794 2969 850 verba
3016 811 3136 867 quae
3181 801 3361 872 audis,
3414 814 3472 859 ut

1897 865 2093 922 dicas:
2136 868 2359 940 Ignosce
2391 878 2561 945 mihi,
2608 882 2734 949 quia
2782 865 3056 941 humilitas
3107 887 3256 960 fugat
3287 865 3467 948 omnia

1898 961 2114 1029 negotia
2173 963 2400 1022 inimici.
2447 968 2525 1026 Ne
2576 981 2792 1043 reputes
2844 985 2893 1030 te
2946 977 3118 1048 ipsum
3176 983 3468 1053 quidquam

1894 1062 2121 1119 propter
2144 1068 2307 1124 opera
2340 1067 2449 1113 tua.

1971 1138 2176 1198 XLVII.
2208 1142 2291 1199 Sit
2320 1146 2488 1203 tristis
2515 1149 2697 1206 vultus
2730 1160 2873 1222 tuus,
2894 1155 2997 1211 nisi
3024 1158 3341 1213 advenerint
3372 1159 3466 1215 tibi

1895 1231 2066 1285 exteri
2094 1231 2330 1301 fratres;
2364 1246 2491 1293 tunc
2521 1240 2694 1308 gaude
2722 1257 2845 1298 cum
2874 1244 2999 1313 illis,
3024 1256 3085 1302 ut
3116 1246 3383 1305 inhabitet
3411 1249 3466 1303 in

1897 1328 1948 1375 te
1985 1322 2148 1379 timor
2176 1324 2409 1384 Domini.
2440 1328 2496 1383 Si
2534 1331 2640 1388 iter
2672 1334 2867 1393 feceris
2892 1351 3015 1392 cum
3047 1338 3333 1405 fratribus,
3375 1356 3465 1396 se-

1896 1412 2025 1469 cede
2051 1415 2119 1470 ab
2160 1416 2264 1474 illis
2300 1434 2625 1491 parumper,
2666 1432 2727 1479 ut
2754 1428 2829 1482 sis
2870 1428 2924 1482 in
2960 1428 3217 1496 silentio;
3253 1439 3307 1485 et
3337 1430 3465 1485 dum

1897 1505 2101 1563 incedis
2142 1524 2237 1579 per
2279 1510 2447 1579 viam,
2479 1528 2549 1569 ne
2591 1523 2644 1571 te
2680 1528 2965 1575 convertas
2999 1520 3371 1576 sinistrorsum
3413 1531 3469 1575 et

1894 1596 2275 1667 dextrorsum;
2305 1604 2399 1659 sed
2424 1607 2686 1664 meditare
2723 1610 2957 1678 psalmos
3000 1620 3118 1667 tuos
3140 1653 3157 1680 ,
3197 1622 3250 1667 et
3284 1628 3380 1667 ora
3414 1614 3467 1667 in

1895 1697 2077 1744 mente
2106 1699 2192 1745 tua
2232 1694 2297 1747 ad
2324 1696 2488 1751 Deum
2526 1713 2848 1770 quocunque
2880 1701 2931 1756 in
2966 1703 3083 1759 loco
3113 1704 3415 1775 ingrederis
3448 1748 3461 1772 ,

1897 1792 1996 1832 nec
2020 1782 2360 1848 pra-ﬁdenter
2388 1802 2518 1858 agas
2543 1806 2664 1845 cum
2690 1793 2880 1847 incolis
2913 1794 3077 1849 illius.

1967 1950 2195 2007 XLVIII.
2234 1955 2290 2011 in
2330 1958 2582 2015 omnibus
2636 1964 2800 2017 rebus
2841 1963 2948 2018 tuis
2988 1973 3107 2019 esto
3146 1964 3467 2027 modestus;

1891 2051 1948 2100 et
1997 2044 2065 2099 ad
2114 2059 2179 2099 ea
2215 2062 2336 2116 quae
2384 2059 2725 2119 apponentur
2775 2051 2908 2118 tibi,
2968 2053 3199 2109 extende
3249 2066 3467 2106 manum

1895 2144 2039 2189 tuam
2077 2136 2255 2204 lente;
2318 2139 2364 2193 si
2410 2156 2540 2197 vero
2587 2142 2751 2199 fueris
2797 2143 3040 2214 juvenis,
3095 2158 3162 2198 ne
3206 2143 3468 2199 extendas

1894 2241 2085 2282 manus
2107 2236 2227 2284 tuas
2246 2229 2453 2298 primus
2480 2232 2547 2287 ad
2578 2232 2728 2288 cibos
2758 2271 2773 2295 ,
2802 2248 2901 2287 nec
2926 2233 3139 2303 ingeras
3169 2233 3463 2302 quidquam

1896 2314 2141 2369 ciborum
2203 2316 2256 2371 in
2295 2332 2359 2375 os
2405 2318 2643 2376 alterius.
2678 2321 2744 2377 Et
2787 2322 2831 2377 si
2882 2322 3164 2378 cubaveris
3196 2322 3247 2377 in
3287 2321 3469 2389 aliquo

1896 2403 2036 2469 loco,
2065 2421 2134 2460 ne
2170 2415 2320 2479 tegas
2353 2418 2404 2464 te
2426 2426 2536 2466 uno
2561 2411 2860 2482 eodemque
2884 2413 3127 2483 stragulo
3154 2411 3314 2467 simul
3342 2425 3465 2465 cum

1896 2494 1999 2550 alio
2029 2536 2045 2563 ,
2080 2506 2134 2551 et
2161 2510 2259 2553 ora
2297 2499 2525 2554 multum
2552 2508 2840 2571 antequam
2891 2501 3078 2575 cubes.
3113 2500 3178 2556 Et
3210 2499 3469 2556 Dominus

1896 2594 2081 2640 noster
2106 2584 2265 2643 Jesus
2287 2588 2538 2645 Christus
2582 2604 2741 2659 opem
2791 2590 2947 2646 nobis
2982 2597 3200 2659 praestet
3235 2582 3303 2643 a'd
3334 2602 3461 2656 ope.

1891 2677 2121 2734 randum
2152 2681 2453 2737 secundum
2488 2682 2658 2751 ipsius
2683 2681 3104 2751 beneplacitum.
3130 2681 3323 2736 Amen.

2142 2946 2373 3014 Explicit
2406 2946 2606 3014 Regula
2638 2947 2696 3001 S.
2734 2947 2950 3001 Antonii
2993 2948 3223 3029 abbatis.

217 3086 3438 3121 Mm“

818 3258 941 3372 s.
1027 3261 1207 3374 AN
1231 3262 1635 3377 TONII
1712 3264 2167 3381 MAGNI
2252 3264 2851 3415 ABBATIS

369 3490 1140 3582 SPIBITUALIA
1219 3495 1962 3590 DOCUMENTA
2038 3500 2549 3590 REGULIS
2616 3498 3283 3626 ADJUNCTA,

1336 3685 1424 3737 AD
1467 3684 1692 3741 FlLlOS
1733 3686 1911 3744 SUOS
1950 3685 2345 3747 MONACHOS.

1126 3822 1209 3894 Ex
1248 3841 1501 3901 Arabico,
1551 3822 1835 3910 interprete
1866 3842 2167 3896 Abrahamo
2207 3841 2557 3898 Ecchcllensi.

289 4133 330 4189 l.
362 4135 501 4189 Ante
538 4134 742 4200 omnia,
779 4131 855 4190 iiii
897 4131 992 4198 mi,
1027 4147 1093 4187 ne
1126 4133 1419 4202 quidquam
1463 4142 1675 4203 reputes
1706 4144 1789 4189 te—
1816 4139 1858 4197 C
1896 4148 2113 4202 gressus
2140 4146 2220 4196 es,
2251 4146 2317 4185 ne
2356 4132 2645 4187 revertaris
2697 4142 2860 4187 retro.
2892 4131 3066 4186 Divini
3099 4133 3300 4186 amoris
3337 4146 3470 4185 cave

215 4223 547 4293 metipsum;
610 4230 666 4278 et
706 4223 807 4277 hoc
855 4221 950 4277 tibi
995 4232 1219 4290 generat
1251 4222 1605 4277 humilitatem
1648 4224 1791 4276 :hu—

216 4316 417 4371 militas
472 4329 625 4385 vero,
658 4321 879 4384 generat
923 4313 1256 4378 doctrinam;
1313 4313 1558 4367 doctrina
1613 4322 1791 4366 autem

215 4416 443 4476 generat
496 4409 684 4471 tidem;
726 4406 857 4461 lides
893 4418 1021 4460 vero
1050 4414 1270 4475 generat
1313 4419 1498 4475 spem;
1538 4419 1661 4476 spes
1694 4419 1797 4459 au-

220 4507 329 4552 tem
383 4505 605 4566 generat
655 4497 1010 4563 charitatem;
1063 4494 1301 4551 cliaritas
1351 4505 1529 4550 autem
1577 4507 1799 4565 generat

215 4589 609 4656 obedientiam;
658 4589 962 4644 obedientia
996 4603 1124 4644 vero
1176 4596 1399 4658 generat
1440 4590 1796 4643 constantiam

215 4683 338 4738 sine
377 4681 756 4736 commotione.
810 4680 910 4734 Fili
958 4680 1051 4745 mi,
1094 4695 1233 4739 exue
1271 4679 1493 4743 malum,
1541 4688 1596 4735 et
1640 4678 1800 4733 indue

216 4771 715 4837 mansuetudinem;
770 4769 944 4840 abjice
998 4770 1212 4826 oculum
1262 4784 1515 4840 nequam,
1558 4778 1612 4823 et
1671 4769 1801 4822 sim-

215 4862 412 4931 plicem
474 4861 572 4915 tibi
626 4862 845 4915 sumito.
903 4859 1258 4914 lntirmiorem
1315 4869 1367 4913 te
1425 4872 1491 4913 ne
1548 4858 1796 4922 imiteris,

214 4951 313 5005 sed
352 4959 403 5002 te
449 4948 787 5004 electiorem.
824 4946 1116 5003 Hominum
1157 4964 1222 5001 ne
1270 4947 1458 5001 timeas
1485 4947 1795 5017 opprobria.

216 5041 274 5094 In
298 5054 565 5108 quoquam
595 5054 817 5107 operum
847 5047 1059 5092 tuorum
1090 5053 1222 5093 cave
1254 5039 1578 5093 innotescas.
1607 5036 1799 5092 Omnia

216 5131 272 5184 in
303 5129 496 5197 quibus
534 5130 730 5183 anima:
761 5139 864 5182 tum
904 5130 1049 5183 inest
1082 5129 1487 5192 detrimentum,
1524 5128 1651 5182 odio
1701 5128 1797 5181 ha-

215 5220 366 5277 beto.
401 5219 743 5274 Voluntatem
784 5219 875 5274 Dei
910 5237 975 5274 ne
1006 5220 1267 5286 dimittas,
1296 5226 1354 5274 ut
1399 5218 1566 5273 facias
1611 5218 1800 5271 volun-

218 5320 386 5367 tatem
437 5313 741 5373 hominum.
804 5310 919 5365 Non
985 5325 1312 5374 murmures,
1365 5324 1538 5380 neque
1591 5307 1801 5376 injuriis

218 5403 528 5472 quempiam
564 5402 788 5456 allicias.
816 5400 930 5456 Nan
968 5401 1211 5456 invideas
1242 5400 1318 5455 illi
1343 5400 1432 5468 qui
1467 5398 1660 5467 injuste
1682 5414 1804 5467 pro—

1895 4234 1947 4277 te
1974 4223 2183 4277 tmdeat.
2221 4221 2493 4291 Quidquid
2532 4220 2744 4290 operari
2792 4221 2895 4285 vis,
2925 4220 3190 4289 patienter
3246 4234 3473 4289 perage:

1895 4327 2018 4365 nam
2054 4312 2099 4367 si
2138 4313 2405 4379 patienter
2437 4312 2784 4377 sustinueris,
2826 4310 3177 4380 opitulabitur
3202 4313 3296 4365 tibi
3336 4312 3475 4368 Deus

1899 4405 1949 4457 in
1983 4403 2237 4457 omnibus
2259 4402 2326 4456 iis
2359 4418 2477 4472 qua:
2508 4403 2693 4466 facies,
2721 4416 2946 4473 quasque
2971 4401 3063 4455 tibi
3094 4412 3222 4457 sunt
3250 4412 3473 4457 eventu-

1899 4507 1978 4545 ra.
2009 4490 2088 4546 Ne
2120 4494 2429 4547 retrocedas
2460 4508 2489 4546 a
2520 4494 2604 4547 via
2638 4502 2744 4547 tute
2776 4491 3101 4548 solitudinis.
3135 4490 3193 4547 In
3230 4493 3478 4549 omnibus

1898 4598 2017 4652 quae
2045 4592 2172 4638 sunt
2200 4582 2359 4651 hujus
2393 4584 2597 4647 mundi,
2631 4584 2861 4639 otiosum
2897 4596 3202 4639 sermonem
3232 4585 3356 4639 odio
3381 4585 3475 4637 ha-

1899 4676 2045 4729 beto.
2086 4674 2160 4731 De
2181 4675 2471 4731 virtutibus
2506 4675 2601 4729 tibi
2629 4676 3010 4744 comparandis
3042 4684 3159 4732 esto
3193 4676 3475 4743 sollicitus,

1899 4780 1968 4820 ne
1997 4764 2373 4836 negligentiam
2398 4766 2709 4821 contrahas.
2730 4764 2807 4819 Tu
2828 4778 3026 4831 autem,
3072 4767 3145 4820 illi
3168 4767 3262 4834 mi,
3287 4768 3330 4821 si
3362 4768 3476 4822 hare

1901 4857 2116 4923 feceris,
2147 4859 2497 4927 consequeris
2530 4858 2917 4923 haereditatem,
2962 4873 3123 4929 quam
3159 4860 3339 4913 oculus
3377 4874 3482 4913 non

1901 4949 2050 5014 vidit,
2075 4965 2166 5004 nec
2195 4949 2340 5004 auris
2372 4949 2590 5012 audiuit,
2626 4964 2718 5002 nec
2761 4965 2852 5002 cor
2875 4948 3099 5005 hominis
3132 4949 3379 5019 cogitavit
3411 4950 3475 5004 ’°.

1902 5039 2214 5097 lnferiorem
2264 5050 2314 5096 te
2375 5042 2426 5095 in
2486 5041 2772 5096 virtutibus
2824 5041 3055 5096 electum
3112 5054 3231 5096 esse
3268 5052 3479 5109 reputa,

1903 5149 1966 5187 ac
1994 5133 2087 5187 tibi
2127 5131 2385 5203 aequalem
2415 5133 2491 5203 'in
2542 5132 2675 5202 ipsis
2708 5132 3032 5195 virtutibus;
3066 5130 3326 5200 aequalem
3355 5145 3482 5183 vero

1906 5225 1999 5278 tibi
2034 5223 2087 5277 in
2119 5223 2411 5279 virtutibus
2438 5222 2669 5278 electum
2701 5236 2840 5288 esse,
2865 5230 2919 5277 et
2940 5220 3368 5291 praestantiorem
3424 5220 3478 5273 in

1908 5315 2258 5368 incremento.
2315 5311 2418 5367 Fili
2472 5312 2566 5378 mi,
2613 5312 2996 5382 cogitationum
3046 5323 3164 5378 qua:
3213 5318 3263 5362 te
3291 5322 3483 5377 aggre-

1905 5404 2125 5458 diuntur
2159 5403 2212 5457 in
2249 5403 2380 5459 cella
2419 5411 2532 5469 tua,
2559 5416 2627 5457 ne
2661 5403 2863 5457 tmdeat'
2891 5410 2970 5465 te;
3009 5402 3255 5467 sciasque
3297 5396 3481 5452 Domi-

214 5496 351 5563 llcit,
380 5496 475 5550 sed
538 5494 622 5550 fac
660 5505 720 5550 ut
746 5508 936 5549 omnes
962 5493 1206 5548 homines
1246 5502 1298 5547 te
1335 5493 1441 5548 sint
1475 5490 1801 5559 superiores,
1837 5499 1882 5555 Ι)
1911 5508 2036 5545 num
2081 5492 2214 5547 nihil
2262 5500 2474 5547 tuorum
2516 5493 2757 5547 laborum
2797 5491 3048 5545 oblivioni
3102 5489 3377 5554 daturum,
3419 5502 3485 5539 ex

217 5596 279 5641 ut
309 5595 485 5642 tecum
523 5587 593 5642 sit
635 5587 752 5658 ipse
790 5586 950 5642 Deus.
990 5586 1033 5639 A
1074 5584 1230 5641 bonis
1263 5584 1514 5642 oneribus
1550 5597 1667 5653 quae
1704 5596 1797 5652 ag-

246 5743 250 5746 i
292 5784 336 5818 “
370 5783 540 5842 lCor.
574 5800 631 5855 tt,
660 5783 709 5839 9.

1904 5584 2099 5653 quibus
2131 5583 2225 5639 tibi
2255 5584 2647 5639 incrementum
2677 5582 2917 5647 accedet,
2950 5590 3005 5637 et
3044 5580 3135 5636 Dei
3170 5578 3266 5633 tibi
3308 5578 3492 5649 θρίω-ι
