3872 6278
452 377 590 434 ιογες
1544 382 1822 442 PATRES
1862 382 2166 441 movum
2207 375 2477 448 35:6th
2517 391 2604 448 tv.
3547 388 3662 444 l076

439 492 639 548 labitur
668 492 861 564 gratia.
895 493 993 550 Fili
1028 495 1121 560 mi,
1165 495 1255 565 qui
1301 496 1603 554 dilexerunt
1637 501 1919 556 Dominum
1954 516 2018 555 ex
2048 502 2098 561 Δ
2126 505 2334 572 audias,
2377 523 2443 562 ne
2468 507 2742 578 praebeas;
2775 504 2867 560 sed
2903 512 3022 560 esto
3052 512 3266 559 amator
3312 501 3592 566 hominum,
3623 516 3664 560 et

443 583 572 638 totis
599 583 850 640 cordibus
879 586 1011 654 suis,
1043 595 1099 641 et
1121 586 1278 642 bonis
1305 589 1775 660 operibusjugiter
1801 592 2011 648 incum-
2115 599 2284 652 vives.
2315 597 2509 652 Malum
2559 611 2655 667 pro
2697 597 2840 650 malo
2883 610 2949 649 ne
2985 596 3196 659 reddas,
3247 594 3664 662 quemadmodum

441 673 596 739 bunt,
638 675 748 730 sint
786 675 880 730 tibi
917 676 1094 747 imago
1138 687 1192 733 et
1228 679 1542 750 exemplar;
1576 697 1674 737 nec
1721 692 1775 736 te
1817 682 2016 753 pudeat
2115 700 2216 740 nec
2241 687 2490 756 injuriam
2528 701 2624 755 pro
2645 685 2862 756 injuria.
2891 685 3144 755 quoniam
3167 685 3430 752 scriptum
3459 692 3535 738 est
3559 701 3571 737 :
3595 683 3666 736 Ni-

446 763 516 818 ab
546 763 652 819 illis
677 773 819 820 tuam
854 767 1126 835 postulare
1154 769 1340 835 vitam,
1362 771 1616 840 quoniam
1652 773 1705 827 in
1728 771 2016 828 virtutibus
2115 779 2163 832 si
2197 787 2247 832 te
2285 780 2452 844 ipsum
2487 777 2979 842 Immiliareris,ipse
3029 791 3119 846 ego
3153 784 3201 830 te
3231 773 3533 838 humiliabo,
3566 776 3666 828 dicit

444 854 835 924 suntperfecti.
866 855 943 910 Ne
975 858 1202 914 imiteris
1228 874 1320 917 eos
1348 861 1440 932 qui
1467 877 1684 930 operam
1716 872 1913 917 navant
1941 875 2020 916 re-
2119 867 2398 921 Dominus.
2443 866 2546 921 Fili
2595 868 2687 932 mi,
2747 864 2998 935 superbia
3052 879 3120 919 ne
3166 872 3221 918 te
3275 861 3487 930 efferas,
3525 876 3668 930 neque

444 944 588 1012 quiei
645 945 802 1014 huius
862 948 1069 1013 mundi,
1128 949 1380 1018 quoniam
1443 952 1532 1007 isti
1583 968 1854 1023 nunquam
1896 969 2021 1022 pro-
2120 957 2392 1026 glorieris,
2422 972 2599 1028 neque
2631 956 2917 1022 vociferes,
2963 970 3062 1011 nec
3090 955 3334 1026 loquaris
3373 954 3527 1008 altius
3554 953 3669 1007 velo-

447 1033 663 1101 tlcient;
695 1038 788 1090 sed
823 1038 1080 1094 aemulare
1118 1054 1210 1095 eos
1255 1041 1349 1110 qui
1384 1043 1639 1098 errabant
1668 1043 1722 1097 in
1750 1045 2022 1100 montibus

446 1133 502 1178 et
545 1124 926 1182 solitudinibus
968 1129 1009 1159 “
1051 1139 1270 1199 prOpter
1319 1133 1506 1200 Deum,
1561 1141 1622 1186 ut
1682 1133 1863 1191 veniat
1927 1134 2020 1189 tibi

448 1213 625 1295 virtus
661 1217 729 1270 ab
767 1217 897 1271 alto.
928 1218 1074 1273 Bono
1108 1221 1182 1276 sis
1216 1222 1398 1276 animo
1431 1223 1484 1276 in
1522 1224 1774 1279 omnibus
1813 1224 1878 1279 iis
1905 1239 2025 1293 quae

453 1305 620 1360 facies
657 1310 954 1364 secundum
983 1312 1315 1367 voluntatem
1354 1313 1582 1369 Domini.
1611 1313 1688 1370 Ne
1719 1315 2031 1371 retrocedas

453 1396 506 1449 in
545 1412 813 1467 quoquam
844 1400 1047 1455 isorum
1080 1411 1508 1472 praeceptorum;
1535 1413 1591 1460 et
1625 1405 1883 1460 Dominus
1932 1404 2025 1460 Je-

454 1503 549 1541 sus
591 1487 846 1545 Christus
864 1493 1122 1547 concedet
1165 1495 1258 1548 tibi
1299 1495 1558 1564 requiem,
1597 1497 1940 1565 et-perliciet
1972 1497 2025 1552 in

452 1593 585 1647 pace
629 1595 959 1651 quaecunque
1002 1598 1286 1654 aggressus
1336 1585 1500 1641 fueris
1535 1602 1696 1654 opera
1727 1588 2022 1656 :quoniam

452 1669 678 1736 perfecti
740 1682 923 1741 patres
986 1675 1182 1739 nostri,
1245 1685 1299 1730 et
1362 1678 1670 1747 quicunque
1735 1680 1831 1734 hos
1907 1680 2030 1732 imi-

457 1758 550 1810 tati
579 1767 721 1822 sunt,
759 1775 823 1814 ex
852 1761 970 1815 istis
1002 1774 1124 1817 sunt
1147 1766 1391 1831 perfecti.
1426 1766 1525 1820 Fili
1557 1768 1651 1832 mi,
1685 1781 1751 1820 ne
1779 1768 2032 1835 multipli-

2123 1051 2398 1118 citerque;
2429 1051 2689 1121 scriptum
2720 1051 2864 1104 enim
2899 1057 3021 1103 est:
3054 1048 3156 1114 Qui
3189 1043 3502 1116 multiplicat
3524 1048 3669 1110 verba,

2125 1158 2229 1195 non
2253 1151 2328 1196 est
2358 1142 2606 1196 immunis
2630 1159 2660 1194 a
2694 1151 2903 1210 peccato
2934 1141 2999 1193 η.
3037 1139 3133 1194 Fili
3167 1141 3267 1203 mi,
3291 1139 3579 1193 mortalium
3603 1154 3670 1193 nc-

2125 1234 2484 1289 minemodio
2515 1233 2732 1298 habeas,
2767 1234 2860 1286 sed
2897 1246 3085 1287 omnes
3127 1231 3291 1298 dilige
3332 1238 3390 1283 ut
3432 1237 3480 1282 te
3507 1229 3670 1297 ipsum,

2126 1326 2378 1396 quoniam
2434 1328 2694 1394 scriptum
2740 1333 2867 1378 est:
2905 1321 3079 1392 Dilige
3117 1321 3420 1389 proximum
3457 1327 3670 1382 tuum,ut

2129 1432 2176 1471 te
2208 1418 2374 1485 ipsum
2403 1416 2466 1469 ’³.
2499 1415 2601 1470 Fili
2630 1414 2723 1479 mi,
2767 1427 2972 1467 memor
3015 1425 3233 1479 semper
3278 1418 3398 1463 esto
3426 1407 3556 1460 illius
3599 1410 3672 1475 qui

2131 1514 2182 1562 te
2205 1507 2346 1562 bona
2382 1505 2602 1561 instruit
2634 1503 2898 1568 doctrina,
2925 1500 3073 1556 etab
3101 1500 3191 1554 illo
3228 1498 3466 1561 ediscas,
3501 1503 3668 1562 satage,

2132 1606 2416 1667 praecepta,
2468 1605 2528 1650 ut
2571 1595 2758 1660 vivas;
2802 1592 3201 1664 longaevamque
3241 1589 3504 1659 produces
3539 1585 3671 1639 vitam

2133 1686 2424 1741 secundum
2451 1684 2780 1739 voluntatem
2812 1683 3044 1740 Domini.
3073 1680 3150 1734 uti
3179 1680 3442 1748 scriptum
3463 1683 3539 1731 est
3561 1671 3671 1742 apud

2135 1779 2374 1833 divinum
2404 1776 2624 1832 Paulum
2651 1773 2946 1845 apostolum
2982 1789 2996 1826 :
3025 1772 3156 1827 Hcce
3181 1771 3458 1828 meditare.
3490 1778 3534 1820 et
3561 1764 3671 1817 inil-

455 1862 545 1902 ces
574 1849 774 1917 verba;
811 1851 1152 1922 elongabitur
1175 1856 1317 1910 enim
1351 1872 1382 1910 a
1413 1866 1463 1911 te
1487 1856 1722 1927 Spiritus
1750 1858 1860 1913 Dei.
1893 1857 2029 1912 Nulli
2061 1847 2103 1901 Β
2134 1870 2198 1923 Iis
2228 1879 2276 1923 le
2318 1885 2512 1936 occupa
2548 1869 2740 1936 ipsum,
2773 1875 2826 1918 ut
2862 1864 3149 1933 acccptatio
3185 1873 3279 1916 tua
3319 1857 3581 1928 manifesta
3624 1855 3672 1910 n’t

457 1938 597 1992 malo
629 1939 868 2006 studeas,
899 1957 996 1998 nec
1030 1944 1254 2000 damnes
1282 1948 1607 2016 quempiam.

527 2027 590 2081 Il.
624 2029 724 2083 Fili
752 2032 844 2094 mi,
874 2047 994 2086 cum
1026 2035 1274 2103 superbis
1309 2051 1376 2091 ne
1401 2037 1664 2105 ambules,
1703 2040 1793 2094 sed
1821 2040 2033 2095 ambula

459 2133 580 2172 cum
617 2119 936 2176 humilibus.
966 2123 1067 2179 Fili
1109 2127 1202 2191 ml,
1243 2143 1310 2183 ne
1336 2129 1413 2184 sis
1439 2129 1714 2200 hypocrita
1751 2140 1838 2184 aut
1881 2131 2037 2186 dissi-

462 2207 717 2276 mulator,
751 2212 918 2266 multo
951 2214 1126 2270 minus
1149 2220 1399 2273 mendax.
1434 2219 1533 2274 Fili
1570 2222 1661 2286 mi,
1693 2238 1758 2278 ne
1803 2223 2038 2293 loquaris

461 2309 584 2350 eum
613 2298 725 2365 ira,
755 2302 849 2354 sed
880 2302 988 2356 sint
1013 2314 1101 2358 tua
1132 2307 1294 2362 verba
1323 2323 1445 2363 cum
1485 2310 1710 2364 scientia
1744 2319 1795 2366 et
1825 2313 2038 2381 sapien-

465 2388 536 2441 tia
572 2406 584 2441 :
618 2389 867 2446 similiter
894 2408 1108 2464 quoque
1133 2397 1405 2454 silentium
1444 2408 1614 2463 tuum,
1647 2403 1896 2470 quoniam
1930 2417 2040 2457 ver-

465 2480 532 2533 ba
557 2481 1084 2550 sapientissimorum
1113 2486 1334 2542 Patrum
1363 2497 1666 2544 nostrorum
1701 2490 1856 2560 plena
1885 2501 2041 2546 erant

467 2571 729 2640 sapientia
779 2583 827 2629 et
876 2577 1181 2644 prudentia,
1217 2580 1292 2633 uti
1345 2581 1615 2634 silentium
1654 2596 1866 2651 quoque
1899 2583 2043 2651 ipso-

467 2678 607 2716 rum.
637 2663 737 2718 Fili
770 2666 863 2731 mi,
895 2675 948 2721 te
979 2668 1150 2737 ipsum
1183 2684 1362 2724 coram
1393 2671 1696 2726 hominibus
1739 2685 1804 2725 ne
1844 2671 2042 2742 justifi-

465 2768 594 2820 ces;
637 2757 733 2812 sed
767 2773 931 2828 penes
973 2768 1024 2813 te
1062 2761 1277 2829 sapiens
1310 2771 1449 2826 esto,
1497 2764 1663 2826 mitis,
1699 2763 2040 2833 longanitnis,

468 2847 700 2915 patiens,
725 2845 1005 2916 sollicitos,
1034 2863 1244 2906 amator
1268 2853 1562 2910 hominum.
1596 2855 1730 2910 Cum
1763 2855 1925 2909 fratre
1953 2865 2044 2910 tuo

471 2941 820 3009 contristare,
849 2953 905 2998 et
933 2945 1106 2999 bonus
1131 2956 1248 3000 esto
1278 2947 1351 3002 illi
1385 2948 1668 3016 particeps.
1703 2946 1800 3001 Fili
1830 2947 1921 3012 mi,
1952 2948 2046 3002 hn-

472 3032 616 3087 milis
641 3043 758 3089 esto
789 3036 1041 3091 omnibus
1078 3037 1266 3094 diebus
1299 3039 1422 3094 vita:
1451 3049 1574 3103 tum,
1601 3049 1654 3095 et
1677 3040 1896 3109 optimis
1924 3039 2045 3109 qui-

472 3123 681 3192 busque
716 3132 770 3177 te
795 3125 1068 3192 apponito.
1117 3126 1192 3178 De
1230 3127 1388 3182 rebus
1433 3128 1588 3181 malis
1625 3143 1692 3183 ne
1729 3129 2044 3196 interroges,

473 3213 566 3268 sed
615 3213 772 3283 longe
813 3213 899 3270 fac
941 3215 1081 3269 viam
1129 3225 1270 3269 tuam
1325 3217 1393 3271 ab
1437 3217 1560 3273 illis.
1602 3218 1775 3273 Verba
1812 3228 1899 3273 tua
1938 3219 2047 3273 sint

479 3319 602 3358 cum
635 3305 936 3370 dulcedine,
971 3307 1088 3362 sine
1132 3307 1473 3374 detrimento,
1503 3311 1753 3378 quoniam
1793 3310 1960 3379 gloria
1993 3318 2048 3363 et

477 3403 817 3465 contemptus
851 3404 978 3451 sunt
1005 3412 1034 3451 a
1061 3399 1259 3454 verbis.
1301 3399 1468 3468 Dilige
1495 3399 1934 3454 misericordiam.
1966 3399 2048 3453 ln-

478 3486 582 3539 due
616 3486 798 3540 iidem.
846 3485 948 3540 Fili
985 3488 1080 3553 mi,
1126 3502 1194 3541 ne
1236 3491 1515 3558 permittas
1545 3504 1639 3542 cor
1668 3497 1815 3542 tuum
1850 3487 1920 3542 ita
1958 3504 2049 3542 ne-

480 3590 640 3644 quam
667 3591 808 3643 esse,
849 3587 907 3632 ut
941 3577 1024 3634 vel
1051 3579 1248 3647 cogitet
1284 3580 1514 3644 malum;
1557 3580 1652 3636 sed
1691 3580 1897 3634 enitere
1923 3578 2048 3632 illud

479 3670 681 3726 bonum
717 3671 963 3738 reddere,
994 3679 1047 3725 et
1087 3685 1269 3739 quaere
1301 3671 1594 3725 bonitatem
1647 3685 1709 3724 ac
1751 3684 1958 3739 pacem,
1998 3677 2053 3723 et

479 3760 683 3830 Optima
710 3775 935 3831 quaeque
959 3761 1210 3816 tumulare
1232 3777 1412 3831 opera.
1437 3763 1635 3817 Vocem
1665 3772 1828 3824 tuam,
1855 3761 1926 3814 lili
1957 3761 2049 3826 mi,

489 3865 558 3904 ne
588 3850 836 3904 extollas.
866 3850 999 3905 Cum
1033 3851 1335 3920 quempiam
1368 3851 1587 3916 adieris,
1635 3851 1704 3906 sit
1752 3851 1912 3904 timor
1954 3851 2056 3904 Do-

486 3940 616 3994 mini
643 3941 696 3994 in
731 3940 896 3996 corde
929 3947 1040 4004 tuo,
1069 3949 1124 3995 et
1153 3955 1214 3996 os
1242 3949 1390 3995 tuum
1411 3941 1640 4007 custodi,
1674 3950 1732 3995 ut
1775 3940 1963 3995 redeas
1988 3941 2053 3994 ad

485 4030 660 4084 locum
689 4038 836 4085 tuum
873 4029 924 4084 in
947 4044 1102 4100 pace.
1126 4032 1278 4101 Apud
1315 4031 1644 4102 superiorem
1678 4039 1824 4084 tuum
1859 4040 1914 4084 et
1943 4045 2056 4085 ma-

481 4121 683 4190 jorem,
730 4121 891 4176 verba
933 4135 1001 4176 ne
1039 4121 1379 4192 multiplices.
1419 4120 1520 4175 Fili
1563 4121 1662 4187 mi,
1704 4129 1884 4190 patres
1939 4129 2058 4177 tuos

487 4213 794 4283 spirituales
829 4213 991 4284 dilige
1021 4212 1142 4283 plus
1178 4228 1336 4283 quam
1373 4213 1551 4282 diligis
1592 4222 1768 4281 patres
1793 4221 1911 4268 tuos
1934 4226 2058 4268 caro

487 4305 659 4369 nales,
711 4305 963 4373 quoniam
1017 4305 1116 4374 ipsi
1161 4304 1373 4361 solliciti
1420 4313 1548 4360 sunt
1596 4319 1690 4375 pro
1752 4314 1803 4360 te
1844 4313 2060 4374 propter

489 4397 685 4451 Deum.
723 4397 823 4452 Fili
861 4399 957 4464 mi,
986 4399 1031 4454 si
1072 4399 1125 4453 in
1160 4399 1338 4454 medio
1363 4395 1567 4453 sederis
1599 4396 1845 4461 fratrum,
1879 4410 1945 4450 ne
1977 4395 2060 4449 ni-

2137 1959 2377 2014 omnibus
2405 1959 2468 2014 “.

2207 2051 2290 2106 ΙΙΙ.
2324 2052 2423 2106 Fili
2457 2051 2550 2117 mi,
2585 2059 2874 2120 paupertas
2910 2047 3040 2102 nihil
3075 2046 3224 2100 aliud
3257 2053 3366 2108 est,
3399 2055 3546 2113 quam
3572 2052 3672 2094 con-

2141 2142 2364 2198 tinentia
2397 2151 2561 2212 atque
2601 2155 2722 2196 esse
2756 2148 3107 2203 contentum;
3150 2132 3506 2204 peregrinatio
3529 2139 3672 2182 autem

2137 2242 2190 2287 et
2222 2231 2456 2287 solitudo
2490 2237 2596 2295 est,
2634 2236 2693 2284 ut
2737 2244 2767 2282 a
2823 2227 2997 2283 turbis
3043 2227 3335 2280 subtrahas
3375 2233 3454 2289 te;
3490 2231 3674 2287 peregre

2139 2337 2268 2379 vero
2295 2321 2564 2392 proﬁcisci
2601 2318 2877 2390 religionis
2910 2332 3061 2387 ergo,
3087 2317 3345 2386 religioso
3383 2324 3461 2367 est
3487 2312 3536 2364 in
3568 2306 3672 2362 cella

2141 2411 2396 2468 residere.
2431 2410 2531 2464 Fili
2557 2411 2653 2474 mi,
2681 2409 2945 2463 modicum
2985 2407 3218 2476 aliquem
3249 2405 3479 2459 laborem
3513 2400 3560 2452 in
3588 2395 3675 2450 cel-

2143 2505 2191 2557 la
2223 2514 2310 2558 tua
2333 2504 2692 2559 exercendum
2725 2499 3184 2562 tichonstituito,
3232 2507 3284 2551 et
3317 2511 3410 2550 cor
3436 2502 3566 2546 tuum
3593 2488 3670 2539 hu-

2145 2593 2270 2648 mile
2297 2592 2366 2648 sit
2396 2610 2411 2647 :
2453 2606 2516 2647 os
2549 2606 2678 2647 vero
2725 2603 2936 2659 semper
2975 2588 3231 2657 loquatur
3275 2586 3559 2640 veritatem.
3595 2575 3672 2631 Fili

2143 2685 2238 2748 mi,
2263 2685 2428 2754 dilige
2463 2683 2751 2753 opprobria
2781 2683 2950 2750 magis
2974 2694 3136 2747 quam
3160 2678 3415 2738 honores,
3451 2673 3590 2740 dilige
3615 2667 3672 2719 la-

2146 2773 2309 2830 bores
2341 2774 2585 2842 corporis
2628 2787 2788 2842 quam
2837 2770 3100 2838 requiem,
3135 2768 3302 2837 dilige
3339 2763 3670 2819 detrimentum

2150 2879 2329 2919 rerum
2365 2864 2760 2917 mundanarum
2792 2875 2952 2929 quam
2980 2859 3212 2914 lucrum.
3249 2857 3293 2913 0
3317 2853 3477 2909 lidelis
3497 2849 3670 2912 dilecte,

2145 2957 2272 3011 dum
2306 2954 2622 3011 obedientize
2657 2953 2901 3008 subditus
2939 2967 3019 3015 es,
3055 2950 3197 3020 quod
3236 2948 3333 3004 tibi
3369 2945 3566 3006 dicitur,
3608 2946 3669 2991 at.

2149 3048 2306 3103 tende
2339 3055 2395 3100 et
2431 3043 2848 3114 comprehende,
2878 3042 3112 3110 illudque
3146 3040 3305 3108 juxta
3347 3037 3458 3106 eius
3494 3031 3672 3098 exigen-

2073 3165 2120 3228 ε
2151 3138 2279 3192 tiam
2328 3136 2516 3191 sedulo
2549 3135 2736 3192 facito.
2769 3133 2901 3228 Cum
2953 3131 3142 3228 ﬁdeles
3185 3130 3267 3184 tui
3292 3125 3486 3183 similes
3518 3129 3672 3228 equi:

2152 3228 2288 3293 nies,
2315 3227 2450 3296 elige
2476 3224 2646 3295 magis
2685 3232 2742 3277 ut
2771 3219 2959 3276 audias
2987 3219 3340 3288 obediasque,
3369 3224 3420 3270 et
3455 3207 3574 3279 quod
3601 3203 3669 3260 tibi

2152 3313 2348 3368 dicitur
2372 3311 2673 3381 intelligas;
2698 3319 2751 3365 et
2773 3311 2876 3364 hoc
2901 3318 2985 3364 est
3025 3308 3299 3377 impendio
3329 3303 3521 3368 melius,
3547 3306 3670 3366 quam

2153 3401 2320 3472 loqui.
2351 3401 2524 3458 Homo
2571 3399 2945 3457 illecebrarum
2975 3408 3204 3464 amator,
3260 3399 3322 3453 ad
3359 3393 3541 3450 nullum
3571 3395 3672 3453 opus

2155 3494 2329 3549 bonus
2364 3501 2457 3547 aut
2489 3501 2646 3561 aptus
2675 3502 2778 3547 est.
2806 3489 2862 3545 Si
2899 3490 3128 3561 peccati'
3151 3487 3294 3544 labis
3319 3496 3496 3554 expers
3527 3493 3592 3542 es,
3616 3473 3672 3527 lo-

2156 3593 2321 3648 quere
2359 3579 2414 3632 in
2444 3579 2661 3632 nomine
2709 3577 2942 3644 Domini,
2997 3585 3053 3631 et
3103 3577 3314 3631 instrue
3357 3587 3444 3628 eos
3491 3575 3672 3636 quorum

2155 3682 2317 3722 causa
2350 3669 2756 3736 blasphematur
2785 3683 2980 3739 nomen
3011 3666 3222 3722 Domini
3251 3685 3268 3735 ;
3293 3674 3346 3721 et
3380 3676 3491 3719 cum
3513 3659 3601 3712 sint
3630 3659 3672 3703 ut

2158 3757 2355 3812 mortui
2387 3770 2452 3811 ac
2489 3757 2645 3812 recisi
2689 3771 2720 3809 a
2758 3755 3005 3822 Domino,
3051 3771 3183 3811 cura
3239 3765 3298 3810 ut
3340 3751 3566 3808 recedant
3623 3741 3672 3794 ab

2159 3847 2415 3916 operibus
2441 3849 2574 3911 suis,
2610 3857 2664 3902 et
2712 3847 2936 3917 gloriam
2978 3855 3379 3918 consequantur
3415 3856 3474 3896 ac
3514 3838 3668 3890 vitant-

2159 3937 2259 3992 Fili
2289 3938 2385 4004 mi,
2411 3939 2598 4008 ingens
2619 3937 2787 4008 gloria
2818 3948 2923 4004 est,
2951 3950 3009 3993 ut
3040 3953 3265 4008 operam
3291 3939 3382 3992 des
3415 3927 3612 3988 silentio,
3631 3927 3672 3976 et

2163 4029 2447 4083 Dominum
2479 4029 2708 4084 imiteris
2741 4038 3006 4096 nostrum,
3043 4043 3202 4099 quem
3241 4036 3502 4097 propterea
3539 4017 3669 4072 Ηθῐθ·

2162 4120 2256 4175 des
2302 4129 2386 4174 est
2429 4119 2743 4175 demiratus.
2779 4119 2881 4174 Fili
2915 4120 3010 4185 mi,
3055 4121 3407 4189 quodcunque
3449 4109 3574 4166 voles
3603 4117 3670 4170 ag-

2161 4210 2349 4277 gredi;
2378 4211 2429 4264 in
2454 4223 2561 4280 quo
2597 4210 2763 4264 Deum
2801 4226 2910 4266 non
2952 4211 3255 4280 cognoscis,
3287 4223 3350 4264 ne
3379 4203 3530 4261 facias
3554 4207 3668 4252 ωε.

2163 4296 2264 4351 Fili
2301 4297 2393 4360 mi,
2422 4299 2492 4352 sit
2527 4298 2706 4354 anima
2743 4305 2835 4354 tua
2863 4313 2983 4354 cum
3015 4299 3244 4354 Domino
3273 4295 3410 4353 omni
3449 4293 3669 4354 tempore;

2166 4401 2363 4456 corpus
2393 4402 2520 4442 vero
2555 4397 2700 4443 tuum
2730 4389 2800 4444 sit
2830 4403 2994 4458 super
3027 4397 3172 4444 terra
3197 4385 3437 4458 imaginis
3467 4381 3606 4435 instar
3630 4373 3672 4422 et

489 4489 655 4542 mium
683 4487 955 4557 loquaris;
1003 4498 1060 4544 ει
1096 4490 1140 4542 εί
1173 4490 1300 4557 quid
1344 4488 1448 4542 mis
1479 4486 1850 4556 postulaverit),
1884 4487 2058 4542 brevi.
2091 4509 2136 4564 Β
2167 4479 2466 4534 simulacri.
2503 4480 2604 4534 Fili
2632 4480 2725 4545 mi,
2766 4480 2908 4536 nulla
2943 4480 3112 4550 major
3151 4489 3232 4532 est
3277 4476 3519 4546 impietas,
3545 4470 3669 4564 αξξθιξι

490 4589 572 4634 ter
609 4593 731 4633 cum
768 4580 1070 4635 humilitate
1102 4579 1266 4634 dicito
1298 4578 1444 4632 illud.
1491 4577 1592 4631 Fili
1643 4577 1737 4640 mi,
1783 4577 1826 4631 si
1871 4576 2060 4646 injuria

490 4669 714 4725 aﬂ'ectus
737 4669 921 4736 fueris,
958 4685 1027 4725 ne
1056 4684 1172 4724 eam
1199 4670 1517 4724 inferentem
1562 4669 1686 4723 odio
1723 4668 1944 4733 habeas,
1971 4671 2064 4724 sed

491 4764 694 4818 dicito:
727 4763 928 4834 Dignus
963 4763 1188 4832 quidem
1208 4778 1349 4828 sum,
1381 4762 1471 4833 qui
1503 4763 1570 4816 ab
1603 4763 1851 4817 omnibus
1883 4761 2066 4817 fratri-

492 4855 592 4907 bus
628 4853 825 4922 injuria
851 4853 1074 4908 alliciar.
1101 4852 1157 4907 Si
1186 4855 1306 4921 quis
1326 4853 1550 4906 fratrum
1577 4853 1642 4905 ad
1668 4861 1720 4906 te
1742 4853 1948 4906 venerit
1967 4851 2064 4905 ali-

491 4958 650 5010 quam
675 4945 744 4996 ob
780 4957 911 5006 rem,
941 4950 994 4998 te
1020 4943 1073 4997 in
1107 4943 1354 4997 omnibus
1394 4943 1678 5006 demittito,
1703 4951 1753 4997 et
1782 4942 2063 5012 acquiesce

493 5033 565 5085 illi
600 5039 815 5101 propter
859 5029 1047 5096 Deum,
1090 5041 1144 5086 et
1187 5047 1252 5086 ne
1294 5031 1541 5100 superbia
1577 5040 1627 5086 te
1658 5030 1873 5098 elleras,
1906 5045 2058 5085 cave.

494 5124 550 5178 Si
583 5131 759 5176 autem
787 5121 1123 5177 constituerit
1156 5131 1206 5177 te
1243 5120 1402 5176 Pater
1423 5131 1543 5175 tuus
1574 5123 1639 5176 ad
1663 5121 2059 5176 inserviendum

495 5213 746 5279 infirmis,
784 5214 982 5268 inservi
1016 5229 1082 5268 ex
1121 5221 1228 5267 toto
1258 5214 1416 5268 corde
1448 5223 1557 5279 tuo,
1594 5223 1649 5266 ut
1678 5213 1942 5282 duplicem
1974 5228 2059 5267 re-

493 5316 678 5375 portes
715 5305 1016 5361 mercedem
1062 5319 1090 5358 a
1121 5302 1254 5368 Deo,
1285 5313 1500 5374 propter
1526 5304 1883 5359 obedientiam
1921 5305 2066 5360 scili-

493 5405 581 5450 cet
614 5405 666 5450 et
704 5395 1017 5452 servitutem
1049 5409 1210 5463 quam
1236 5393 1554 5462 praestitisti.
1580 5393 1635 5448 Si
1664 5393 1783 5462 quis
1813 5402 1863 5446 te
1891 5394 2064 5447 corri-

496 5488 605 5555 piet
649 5487 913 5542 insontem
976 5485 1176 5554 peccati
1235 5484 1459 5553 alicujus
1515 5498 1702 5549 causa,
1749 5483 1968 5538 humilia
2014 5496 2066 5540 te

499 5577 695 5649 ipsum,
741 5586 800 5630 ut
843 5591 1098 5632 coronam
1133 5576 1501 5646 consequaris.
1540 5575 1738 5639 Aures,
1767 5583 1824 5628 ut
1867 5575 2064 5631 malum

2167 4583 2455 4628 mmrorem
2484 4571 2715 4640 cuipiam
2746 4570 2964 4635 inferre,
2998 4580 3050 4623 et
3077 4584 3136 4623 se
3172 4568 3362 4624 ell‘erre
3387 4572 3531 4630 super
3549 4549 3668 4605 alios-

2161 4662 2262 4716 Fili
2289 4662 2385 4728 mi,
2421 4662 2601 4731 lingua
2631 4671 2717 4716 tua
2749 4671 3004 4731 sequatur
3037 4659 3362 4715 intellectum
3387 4665 3538 4709 tuum.
3570 4650 3669 4708 ‘1“0'

2161 4752 2306 4806 niam
2354 4753 2516 4806 verba
2561 4752 2923 4823 intelligentiae
2963 4753 3202 4823 expertia
3226 4791 3242 4818 ,
3295 4749 3449 4820 spinae
3487 4740 3591 4794 sunt
3629 4733 3670 4778 ει

2164 4842 2364 4896 arista.
2391 4841 2488 4896 Fili
2518 4843 2610 4909 mi,
2643 4844 2775 4896 nihil
2801 4843 3052 4912 cuiquam
3083 4856 3352 4912 proponas
3387 4840 3470 4888 aut
3496 4830 3667 4883 doceas.

2171 4943 2455 5002 antequam
2481 4935 2594 5003 ipse
2616 4949 2781 5004 opere
2807 4935 3162 5005 compleveris
3194 4936 3340 4989 illud.
3368 4923 3555 4984 Pensita
3573 4925 3669 5009 ei”:

2170 5041 2226 5078 ra
2266 5026 2380 5091 Dei,
2410 5035 2463 5079 et
2487 5025 2632 5080 illum
2672 5043 2831 5082 orare
2857 5043 2922 5082 ne
2949 5036 2999 5081 te
3019 5027 3214 5094 pigeat,
3248 5025 3366 5094 quia
3393 5013 3542 5072 oratio

2169 5111 2330 5166 verba
2363 5123 2487 5168 sunt
2527 5117 2722 5172 otiosa.
2763 5118 2844 5171 Ah
2874 5115 3179 5170 hominibus
3219 5112 3475 5180 mentiset
3505 5090 3666 5186 consiltl

2168 5206 2496 5276 expertibus,
2533 5206 2798 5271 aduitere,
2835 5209 3073 5262 recedas.
3111 5207 3166 5261 Si
3205 5220 3310 5275 qua
3334 5212 3479 5270 opera
3501 5189 3666 5243 virtutis

2161 5297 2421 5361 edideris,
2449 5311 2513 5351 ne
2540 5296 2805 5363 tejactes,
2833 5298 3087 5367 dicasque
3117 5316 3130 5352 :
3160 5295 3306 5350 Talia
3331 5293 3554 5372 altera”?
3575 5280 3664 5372 si"?

2163 5400 2219 5444 et
2246 5388 2343 5444 feci
2368 5409 2384 5455 ;
2414 5390 2667 5458 quoniam
2712 5389 2757 5442 si
2783 5388 3076 5457 jactaveris
3109 5398 3158 5442 te
3181 5403 3245 5441 ea
3272 5383 3467 5440 fecisse,
3493 5367 3664 5425 minime

2164 5481 2379 5548 sapiens
2412 5481 2538 5534 eris.
2565 5479 2657 5534 Est
2695 5479 2924 5534 dedecus
2957 5479 3118 5534 etiam
3156 5477 3384 5533 omnium
3409 5461 3661 5548 niaximum.

2164 5572 2286 5626 aliis
2329 5586 2390 5626 ea
2417 5571 2680 5639 imperare
2704 5585 2821 5639 qua:
2848 5571 2960 5640 ipse
2988 5585 3090 5626 non
3126 5560 3480 5641 prastavetis;
3501 5541 3662 5605 υυιωιι

569 5760 616 5799 ⁸⁸
656 5759 818 5818 Hebr.
853 5778 927 5829 xi,
957 5761 1045 5819 58.
1123 5767 1165 5798 "
1206 5761 1382 5816 Eccle.
1415 5777 1474 5826 x,
1500 5759 1584 5815 l4.
1666 5759 1721 5792 η
1748 5760 1935 5816 Matth.
1964 5776 2098 5828 χχιι,
2131 5760 2218 5817 59.
2298 5758 2340 5789 “
2379 5756 2564 5812 lTim.
2605 5771 2678 5820 IV.
2705 5755 2788 5809 l5-
3459 5790 3512 5808 ηνι
3543 5757 3551 5802 ἑ
3587 5751 3614 5772 ’⁴
