3872 6278
217 413 359 472 1077

946 427 1005 483 5.
1043 427 1324 484 ANTONII
1365 427 1434 484 Μ.
1475 425 1765 482 ABBATIS
1830 426 2133 500 REGULIE
2171 426 2259 482 ΕΤ
2298 425 2705 483 PIUECEPTA.

3347 434 3373 488 ἰ
3380 433 3485 494 078

219 544 456 598 namque
490 532 773 588 utilitatem
798 535 994 608 capies
1034 540 1102 595 ab
1142 555 1304 610 opere
1353 541 1549 595 alieno.
1589 538 1682 594 Vir
1711 553 1804 594 sa-
1833 544 1876 599 Α
1911 550 2002 594 tuo
2047 537 2266 592 silentio
2294 539 2514 593 obstrue
2530 553 2661 602 ora;
2712 550 2812 592 nec
2838 536 3141 605 demireris,
3185 540 3233 596 si
3264 542 3383 610 quis
3413 544 3484 598 de

215 615 373 688 piens
427 621 631 690 optime
696 625 846 680 novit
899 627 1042 682 viam
1109 629 1320 684 itineris
1376 628 1502 693 sui,
1577 628 1805 696 ideoque

216 724 327 763 non
359 708 577 766 festinat
625 712 692 767 ad
735 713 1088 785 loquendum;
1118 720 1211 774 sed
1253 719 1381 789 quid
1429 719 1531 775 sibi
1585 720 1806 789 loquen-

216 798 348 854 dum
387 801 781 860 audiendumve
829 815 932 873 est,
988 810 1276 878 expendit;
1331 821 1542 877 contra,
1599 811 1682 866 vir
1722 811 1806 866 in-

217 890 594 962 disciplinatus
616 897 920 952 concredita
965 900 1066 954 sibi
1113 915 1308 956 arcana
1355 903 1574 958 minime
1599 911 1802 959 servat.

289 979 380 1037 IV.
427 983 522 1036 Fili
580 987 673 1050 mi,
709 988 758 1041 ei
803 988 895 1057 qui
939 990 1100 1044 verba
1150 1001 1236 1045 tua
1281 1008 1384 1047 non
1430 993 1691 1061 percipit,
1738 1009 1808 1048 ne

214 1071 464 1142 proferas
496 1075 605 1130 illa.
642 1075 740 1132 Fili
773 1079 866 1144 rni,
917 1094 1105 1136 omnes
1132 1080 1378 1138 homines
1418 1082 1501 1138 fac
1541 1083 1635 1138 tibi
1674 1083 1808 1138 ami-

218 1178 340 1231 eos,
372 1167 465 1220 sed
496 1181 600 1220 non
627 1168 985 1224 consiliarios.
1017 1172 1155 1226 Ante
1182 1171 1362 1226 omnia
1403 1173 1604 1229 amicos
1644 1188 1808 1243 expe-

218 1255 455 1330 rimento
485 1256 669 1326 proba,
695 1272 795 1314 nec
817 1274 1006 1316 omnes
1029 1260 1196 1317 facias
1221 1261 1551 1330 familiares;
1583 1274 1638 1319 et
1669 1264 1712 1320 si
1737 1265 1810 1318 fa-

217 1342 335 1398 cies
363 1359 573 1410 omnes,
609 1361 676 1400 ne
709 1349 961 1404 omnibus
995 1349 1152 1416 fidas,
1183 1353 1440 1422 quoniam
1467 1355 1696 1408 mundus
1729 1370 1810 1416 est

218 1433 570 1490 conﬁrmatus
601 1437 652 1490 in
687 1437 844 1505 dolo;
877 1441 973 1495 sed
1009 1457 1173 1496 unum
1203 1445 1297 1499 tibi
1325 1445 1462 1516 elige
1486 1445 1706 1500 fratrem
1744 1435 1830 1498 ti;

220 1532 460 1576 mentem
498 1523 804 1590 Dominum,
841 1533 896 1581 et
921 1526 1137 1584 adimere
1169 1527 1277 1582 Deo
1315 1538 1519 1582 tantum
1555 1537 1806 1598 tauquam

221 1612 364 1665 filius
401 1613 563 1680 patri,
599 1615 852 1682 quoniam
879 1631 1064 1671 omnes
1097 1618 1344 1672 homines
1370 1618 1422 1671 in
1445 1617 1622 1670 dolum
1659 1617 1822 1670 abie-

222 1711 368 1768 runt,
395 1703 638 1772 exceptis
665 1705 886 1772 paucis;
915 1716 1057 1760 terra
1087 1716 1265 1762 autem
1293 1709 1406 1778 jam
1435 1709 1698 1779 completa
1724 1719 1811 1764 est

218 1794 478 1848 vanitatis
513 1805 567 1849 et
599 1794 837 1851 laborum
869 1806 1030 1869 atque
1057 1813 1368 1856 mmrorum.
1403 1800 1501 1856 Fili
1535 1800 1631 1866 mi,
1659 1802 1704 1857 si
1732 1802 1809 1854 vi-

1909 640 1962 686 te
1983 629 2178 684 malum
2206 629 2548 698 obloquatnr,
2567 627 2693 696 quia
2723 627 2825 683 hoc
2848 643 2913 682 ex
2927 642 3086 696 opere
3099 637 3184 685 est
3215 631 3482 699 pessimo-

1909 734 2028 774 rum
2079 718 2334 782 hostium,
2365 726 2424 772 ut
2463 715 2901 785 impedimentum
2943 726 3218 786 opponant
3251 716 3481 782 homini;

1909 825 1977 864 ne
2026 809 2394 879 apprehendat
2443 807 2745 864 scientiam.
2798 805 2899 863 Fili
2933 808 3027 872 mi,
3067 808 3134 862 ab
3171 807 3294 862 odio
3326 795 3486 877 longe

1908 912 2047 968 esto,
2083 899 2138 956 et
2177 917 2205 954 a
2253 901 2683 972 concupiscentia
2714 900 2827 971 ipse
2862 911 2912 956 te
2937 901 3108 970 ipsum
3143 901 3374 963 vindica,
3409 899 3484 954 si-

1913 991 2131 1060 mulque
2163 992 2230 1044 ab
2266 991 2517 1046 obscenis
2544 988 2977 1060 cogitationibus.
3003 989 3290 1057 Apostolus
3313 987 3481 1043 Joan-

1912 1096 2007 1136 nes
2033 1082 2124 1150 qui
2157 1080 2376 1136 eﬂ‘ectus
2410 1091 2492 1136 est
2520 1078 2881 1136 habitaculum
2911 1078 3081 1134 sancti
3107 1074 3358 1148 Spiritus,
3392 1077 3484 1130 tri-

1908 1173 2008 1229 bus
2039 1172 2446 1241 comprehendit
2485 1172 2747 1226 humanas
2787 1169 3088 1238 voluptates
3141 1169 3479 1238 sapientissi-

1909 1275 1996 1316 mo
2037 1261 2126 1316 illo
2156 1270 2367 1316 asserto
2394 1279 2406 1314 :
2447 1259 2706 1326 Quoniam
2741 1274 2892 1314 omne
2918 1260 3056 1327 quod
3082 1259 3230 1312 estin
3261 1260 3475 1325 mundo,

1908 1361 1998 1405 aut
2030 1351 2448 1419 concupiscentia
2474 1352 2648 1403 carnis
2674 1359 2768 1413 est,
2791 1361 2881 1403 aut
2918 1350 3329 1418 concupiscentia
3357 1365 3482 1404 ocu-
3506 1348 3508 1350 ’

1910 1443 2078 1496 lorum
2109 1453 2198 1495 aut
2230 1442 2470 1510 superbia
2516 1442 2697 1494 mundi
2727 1441 2790 1494 ⁸⁸.
2825 1441 3267 1508 Concupiscentia
3302 1443 3482 1496 carnis

1909 1542 1990 1586 est
2039 1532 2243 1586 ventris
2279 1532 2510 1585 'satietas
2562 1545 2627 1585 ex
2671 1530 2821 1599 copia
2875 1529 3144 1583 variorum
3211 1529 3477 1596 ciborum,

1910 1637 2068 1691 quam
2133 1622 2437 1677 necessario
2499 1621 2740 1690 sequitur
2789 1619 3158 1675 immundities
3226 1619 3477 1674 luxuriei.

1909 1713 2354 1782 Concupiscentia
2391 1727 2519 1767 vero
2549 1712 2822 1766 oculorum
2851 1719 2976 1766 sunt
3010 1710 3308 1765 materialia
3331 1725 3479 1780 ope-

1914 1821 1993 1869 ra,
2044 1805 2096 1858 in
2153 1819 2379 1873 quorum
2424 1803 2821 1872 perpetratione
2866 1813 2957 1856 aut
3009 1799 3228 1856 effertur
3273 1802 3479 1868 oculus,

227 1892 335 1936 tam
365 1884 619 1941 dilexeris
643 1888 1010 1956 tranquillam,
1036 1906 1103 1945 ne
1137 1900 1188 1946 te
1219 1892 1520 1946 admisceas
1545 1891 1648 1948 illis
1671 1908 1806 1961 qno-
1837 1885 1882 1938 Β
1913 1904 2006 1948 aut
2033 1895 2339 1949 immundus
2374 1896 2441 1947 ad
2473 1909 2566 1947 cor
2593 1893 2787 1947 emittit
2823 1891 3050 1961 species.
3077 1890 3338 1962 Superbia
3383 1909 3480 1948 au-

222 1989 343 2028 rum
377 1976 612 2030 studium
653 1978 704 2032 in
731 1979 1057 2035 vanitatibus
1090 1983 1323 2049 positum
1355 1992 1547 2047 est;et
1577 1983 1620 2037 si
1668 1981 1804 2036 forte

223 2073 277 2118 te
312 2065 681 2134 admiscueris,
712 2078 828 2124 esto
891 2080 1140 2140 tanquam
1200 2087 1306 2126 non
1365 2073 1646 2127 admistus.
1701 2071 1800 2126 Fili

222 2157 320 2220 mi,
353 2156 397 2210 si
422 2161 636 2225 placere
662 2159 772 2216 Deo
798 2160 1094 2228 desideras,
1120 2162 1394 2218 Christum
1425 2162 1541 2217 cole
1566 2179 1581 2228 ;
1604 2171 1658 2218 et
1685 2163 1800 2231 ipse

222 2239 476 2296 liberabit
526 2252 576 2296 te
608 2253 770 2315 atque
801 2247 1111 2308 vindicabit.
1150 2249 1224 2304 De
1260 2265 1421 2318 opere
1473 2249 1615 2306 bona
1662 2252 1805 2320 quod

222 2329 404 2386 facere
443 2332 694 2402 intendis,
742 2351 810 2391 ne
860 2337 1097 2406 loquaris
1137 2341 1379 2404 omnino,
1417 2342 1509 2394 sed
1552 2339 1714 2395 facito
1747 2341 1821 2400 il-.

224 2423 337 2476 iud.
381 2420 718 2488 Voluptatum
767 2436 981 2480 amator
1038 2443 1104 2482 ne
1153 2428 1252 2491 sis,
1295 2430 1422 2498 quia
1473 2429 1798 2500 voluptatum

222 2523 491 2568 amatores
532 2513 674 2570 Deus
721 2531 827 2570 non
871 2519 1108 2572 exaudit.
1166 2518 1417 2575 Defectus
1476 2531 1595 2576 tuos
1649 2522 1806 2576 nimis

227 2601 470 2657 erevisse
506 2613 793 2670 memento,
836 2614 887 2659 et
928 2605 1266 2674 iuventutem
1310 2617 1452 2662 tuam
1479 2608 1590 2678 jam
1627 2620 1807 2664 trans‘

224 2700 399 2746 actam
424 2708 563 2759 esse,
597 2705 650 2748 et
689 2693 912 2762 jamjam
943 2706 1153 2767 tempus
1183 2699 1371 2754 adesse
1404 2700 1485 2753 tui
1511 2700 1804 2763 discesms,

226 2783 282 2836 in
333 2799 440 2852 quo
492 2785 753 2840 rationem
808 2801 868 2842 es
925 2789 1233 2844 redditurus
1282 2802 1492 2845 tuorum
1553 2807 1806 2860 opermn;

228 2874 476 2942 sciasque
503 2877 642 2944 quod
670 2877 738 2930 ibi
768 2891 868 2931 nec
895 2875 1060 2934 frater
1083 2879 1310 2935 redimet
1347 2882 1588 2946 fratrem,
1619 2898 1715 2936 nec
1745 2883 1807 2936 fi-

228 2969 361 3022 lium
398 2978 552 3037 pater
579 2970 850 3027 liberabit.
887 2972 987 3028 Fili
1029 2976 1124 3040 mi,
1154 2975 1344 3030 cellam
1375 2986 1520 3031 tuam
1551 2978 1602 3032 in
1633 2993 1809 3032 carce-

227 3075 344 3113 rem
380 3061 471 3115 tibi
503 3062 792 3127 constitue,
833 3065 956 3132 quia
999 3076 1429 3120 consummatum
1460 3066 1573 3135 jam
1605 3077 1687 3122 est
1723 3069 1801 3122 in-

234 3158 444 3204 ternum
492 3160 879 3223 externumque
923 3165 1105 3220 tuum;
1150 3167 1204 3208 et
1256 3156 1476 3228 jamjam
1530 3157 1810 3212 dissolutio

232 3253 322 3295 tua
349 3244 415 3296 ab
441 3242 541 3297 hoc
582 3244 779 3298 mundo
821 3246 989 3300 adest.
1035 3246 1088 3299 In
1131 3248 1382 3300 omnibus
1416 3247 1633 3303 humilis
1661 3257 1796 3313 esto,

237 3334 290 3385 in
328 3333 511 3386 habitu
546 3341 658 3398 tuo,
691 3335 742 3387 in
777 3335 1133 3401 vestimentis,
1162 3338 1214 3391 in
1256 3338 1518 3402 sessione,
1555 3339 1806 3405 statione,

230 3425 616 3488 atribnlatinne.
666 3427 851 3490 cubili,
911 3429 1043 3482 cella
1101 3440 1156 3483 et
1207 3431 1522 3500 supellectili
1563 3431 1698 3499 ejus.
1751 3431 1807 3486 ln

231 3516 379 3568 omni
401 3515 810 3570 conversatione
835 3525 921 3570 tua
945 3531 1161 3573 assume
1193 3519 1285 3572 tibi
1309 3519 1548 3574 habitum
1575 3536 1806 3590 pauper-

235 3603 394 3668 tatis;
429 3618 527 3658 nec
569 3603 621 3658 in
673 3606 1012 3660 sermonibus
1043 3607 1150 3661 tuis
1180 3606 1446 3678 glorieris,
1482 3623 1580 3663 nec
1609 3609 1662 3664 in
1692 3611 1808 3664 lau-

232 3693 543 3749 dationibus
594 3696 700 3750 tuis
751 3705 842 3750 aut
893 3697 1110 3765 hymnis
1159 3715 1174 3753 :
1222 3707 1276 3754 et
1331 3714 1455 3754 cum
1519 3703 1810 3757 convenies

235 3785 538 3852 proximum
587 3794 756 3851 tuum,
815 3787 976 3850 verba
1013 3799 1098 3842 tua
1141 3804 1208 3844 ne
1251 3789 1358 3843 sint
1399 3805 1518 3844 cum
1559 3791 1807 3847 artificio.

234 3876 338 3932 Fili
397 3877 490 3943 mi,
535 3879 579 3932 si
627 3879 966 3936 laudaverint
1013 3889 1065 3934 te
1117 3890 1334 3949 propter
1374 3896 1538 3950 opera
1579 3891 1690 3948 tua,
1745 3900 1812 3938 ne

235 3965 472 4037 gaudeas
536 3979 815 4037 propterea
885 3979 978 4024 aut
1047 3971 1363 4039 delecteris,
1416 3974 1511 4027 sed
1568 3987 1629 4027 ea
1697 3975 1811 4028 cela

235 4071 496 4132 quantum
536 4073 720 4128 potes;
754 4076 856 4118 nec
887 4062 1170 4131 permittas
1207 4063 1456 4132 cuiquam
1485 4064 1693 4119 illorum
1733 4065 1814 4118 fa-

237 4171 363 4212 cere
380 4157 724 4221 mentionem,
742 4163 795 4209 et
810 4154 1053 4209 obnitere
1070 4169 1134 4208 ne
1154 4155 1384 4212 lauderis
1401 4155 1468 4210 ab
1483 4145 1808 4211 hominibus.

311 4247 375 4301 ν.
414 4245 511 4301 Fili
550 4247 642 4310 ιιιί,
682 4245 986 4315 quempiam
1029 4245 1137 4300 cito
1180 4259 1248 4300 ne
1295 4245 1590 4315 corripias;
1628 4247 1680 4301 in
1713 4248 1814 4302 hoc

237 4336 380 4391 enim
412 4347 493 4391 est
520 4351 678 4391 casus
714 4346 866 4402 tuus;
896 4334 988 4390 sed
1021 4343 1286 4390 memento
1327 4344 1484 4389 antea
1519 4337 1696 4391 exitus
1736 4339 1812 4393 tui

237 4431 309 4484 ab
339 4429 441 4483 hoc
481 4441 728 4495 corpore,
765 4440 864 4480 nec
891 4425 1227 4480 obliviscaris
1259 4434 1472 4480 aeternae
1515 4427 1816 4482 damnatio-

1913 1995 2018 2039 tem
2049 1985 2232 2039 mundi
2257 1995 2342 2040 est
2374 1983 2543 2054 gloria
2574 1983 2683 2047 illa,
2721 1997 2844 2050 qua:
2875 1982 3074 2037 nostris
3105 1982 3299 2038 insidet
3329 1997 3504 2039 men--

1885 2072 2046 2129 "tibus
2081 2075 2152 2129 ob
2198 2075 2432 2129 caducas
2462 2085 2735 2141 vanasque
2768 2071 3070 2142 dignitates.
3112 2072 3212 2126 Fili
3256 2073 3352 2138 mi,
3389 2086 3480 2128 se-

1919 2164 2368 2233 minajustitiam,
2405 2172 2464 2216 ut
2514 2164 2637 2216 vita)
2672 2161 2880 2216 fructus
2929 2170 3121 2218 metas.
3146 2162 3373 2228 Adhibe,
3406 2161 3478 2216 illi

1908 2257 2004 2323 mi,
2067 2256 2306 2311 scientia:
2349 2255 2553 2319 lmnen,
2603 2261 2659 2306 ut
2717 2251 3119 2322 generationem
3173 2266 3479 2322 consequa-

1909 2348 1984 2400 ris
2007 2348 2296 2413 iustorum,
2323 2346 2446 2400 dum
2476 2354 2687 2412 tempus
2713 2348 2801 2397 est
2822 2341 3173 2410 conquirendi
3202 2341 3503 2398 scientiam-

1911 2432 2146 2488 Domini.

1986 2524 2068 2577 γι.
2110 2523 2235 2589 Fili,
2268 2521 2524 2592 cogitatio
2554 2520 2730 2577 inanis
2754 2524 2960 2594 gloriae,
2996 2537 3146 2588 cave,
3171 2531 3222 2576 te
3243 2521 3483 2588 seducal,

1908 2617 2037 2670 dum
2068 2613 2161 2667 tibi
2190 2615 2424 2682 suggerit
2459 2615 2600 2682 quod
2648 2616 2889 2684 requiem
2932 2614 2986 2668 iu
3024 2612 3315 2668 solitudine
3349 2626 3486 2665 nan-

1910 2705 2151 2759 cisceris.
2201 2704 2471 2759 PerfeCtio
2508 2720 2638 2762 sane
2678 2704 2997 2763 certaminis
3030 2703 3128 2768 tui,
3176 2702 3485 2757 obcdieutia

1908 2805 2024 2861 est;
2053 2794 2308 2864 quoniam
2338 2794 2539 2849 bonum
2569 2805 2654 2852 est
2687 2799 2792 2852 hoc
2823 2795 3048 2858 homini,
3075 2802 3131 2847 ut
3153 2791 3340 2862 jugum
3379 2791 3492 2846 Do-

1911 2885 2036 2938 mini
2063 2900 2090 2937 a
2123 2884 2408 2952 juventute'
2422 2893 2616 2953 portet,
2649 2893 2703 2939 et
2735 2885 2935 2940 serviat
2963 2882 3324 2951 obediatque;
3365 2897 3478 2936 ma-

1913 2973 2096 3028 xillam
2139 2975 2456 3043 percutienti
2495 2973 2762 3042 praebens,
2811 2973 3020 3028 laetetur
3063 2973 3113 3027 in
3159 2971 3490 3041 Opprobriis,

1913 3071 2157 3124 ciborum
2191 3069 2449 3122 tenuitate
2477 3071 2547 3122 sit
2571 3076 2858 3121 contentos
2897 3083 2907 3116 :
2943 3074 3270 3135 quaprOpter
3302 3064 3489 3118 Domi-

1915 3173 2014 3213 nus
2045 3171 2229 3212 noster
2257 3156 2411 3212 Jesus
2449 3156 2698 3213 Christus
2739 3157 2878 3210 haud
2910 3156 3057 3210 illum
3091 3155 3347 3210 destituet
3380 3170 3485 3207 un-
3529 3181 3533 3186 ·

1915 3265 2096 3318 quam,
2151 3249 2277 3316 quia
2323 3249 2494 3302 bonus
2529 3257 2610 3302 est
2641 3256 2695 3301 et
2733 3247 2950 3324 adiutor
2989 3247 3315 3309 animarum,
3369 3258 3490 3312 qua:

1914 3341 2182 3408 sustinent
2211 3348 2427 3409 propter
2449 3339 2597 3392 illum
2625 3352 2688 3391 ac
2722 3339 2894 3421 ipsum
2923 3345 3172 3406 qurerunt
3193 3353 3209 3403 ;
3232 3335 3493 3391 corrobo-

1916 3431 2054 3484 rabit
2090 3431 2235 3484 enim
2260 3444 2356 3486 eos
2382 3429 2554 3484 donec
2581 3429 2632 3481 in
2666 3429 2846 3498 quiete
2879 3429 3367 3484 conﬁrmabuntur.
3403 3426 3488 3480 Tu

1915 3534 2064 3588 ergo,
2106 3519 2178 3573 fili
2214 3521 2306 3584 mi,
2341 3520 2412 3574 ita
2446 3520 2629 3583 facias,
2667 3527 2722 3573 ut
2754 3520 3000 3575 habitare
3037 3519 3211 3590 possis
3250 3517 3303 3574 in
3337 3526 3487 3572 tran-

1916 3611 2178 3682 quillitate
2202 3612 2372 3676 solus,
2396 3621 2450 3664 et
2472 3611 2630 3666 sileas
2658 3613 2708 3666 in
2733 3613 2933 3682 quiete.
2965 3611 3070 3666 Fili
3099 3611 3193 3678 mi,
3223 3609 3404 3664 bctare
3435 3609 3507 3664 in,

1919 3702 2350 3757 tribulationibus
2387 3718 2506 3772 qua:
2544 3703 2639 3757 tibi
2675 3703 2960 3767 eveniunt;
2999 3703 3098 3758 has
3126 3701 3268 3756 enim
3302 3715 3508 3756 come--

1917 3803 2154 3863 quuntur
2183 3792 2406 3848 fructus.
2436 3792 2490 3846 In
2532 3794 2895 3863 voluptatibus
2915 3793 3105 3848 ‘tnundi
3145 3808 3211 3846 ne
3253 3791 3493 3846 delecto-

1918 3884 2013 3950 ris,
2051 3883 2122 3936 fili
2163 3883 2270 3950 mi;
2301 3885 2546 3939 morieris
2569 3885 2713 3938 enim
2749 3892 2919 3939 morte
2955 3884 3210 3952 pessima.
3243 3881 3347 3935 Fili
3395 3881 3508 3948 mi,_.

1920 3985 2175 4045 perpetuo
2208 3975 2402 4044 evigila
2447 3991 2515 4031 ne
2560 3975 2857 4040 seducaris,
2887 3975 3139 4044 pigerque
3181 3970 3382 4027 evadas
3429 3985 3493 4024 ac

1921 4065 2195 4135 negligens
2219 4063 2568 4133 abjectusque
2593 4065 2670 4120 sis
2694 4064 2748 4118 in
2771 4062 2949 4116 futuro
2976 4061 3208 4128 saeculo;
3233 4058 3491 4128 scriptum

1919 4161 2005 4206 est
2027 4153 2168 4207 enim
2203 4169 2217 4204 :
2255 4150 2341 4206 Vae
2369 4152 2780 4222 negligentibus,
2810 4149 3066 4218 quoniam
3099 4146 3496 4216 appropinqua-

1921 4243 1998 4296 vit
2025 4241 2144 4296 linis
2171 4255 2381 4305 eorum,
2417 4254 2515 4295 nec
2547 4240 2698 4294 adest
2731 4239 2846 4292 illis
2867 4235 3102 4305 adiutor,
3135 4247 3235 4288 nec
3261 4247 3384 4301 Spes
3406 4246 3494 4285 sa-.-

1923 4332 2066 4386 lotis.
2096 4331 2196 4384 Fili
2226 4331 2318 4393 mi,
2342 4343 2553 4385 morere
2588 4329 2812 4396 singulis
2841 4326 3056 4391 diebus,
3091 4333 3150 4378 ut
3176 4323 3340 4384 vivas,
3361 4323 3487 4390 quia

1923 4423 2227 4491 quicunque
2270 4421 2423 4474 timet
2457 4419 2764 4484 Dominum,
2800 4417 2948 4471 vivet
2991 4416 3043 4470 in
3077 4423 3360 4469 aeternum.
3393 4409 3509 4465 Fili.

239 4519 327 4574 nis
358 4519 674 4572 memoriam
702 4535 716 4582 ;
749 4517 792 4570 si
828 4517 899 4569 ita
929 4516 1072 4570 enim
1103 4515 1318 4579 feceris,
1349 4514 1400 4568 in
1424 4525 1682 4569 :eternum
1710 4532 1813 4571 non
1851 4542 1896 4596 η
1925 4513 2015 4576 mi,
2047 4525 2182 4581 quos
2208 4510 2470 4581 pertulisti
2509 4519 2725 4580 propter
2751 4508 3027 4573 virtutem,
3060 4521 3130 4562 ne
3154 4505 3495 4561 obliviscaris

240 4611 512 4682 peccabis.
546 4609 730 4663 Patres
758 4618 935 4660 autem
962 4608 1128 4661 nostri
1157 4608 1458 4676 Spirituales
1485 4619 1814 4674 asseverant,

236 4700 585 4756 solitudinem
617 4699 874 4768 aptiorem
917 4698 1092 4752 locum
1133 4711 1251 4752 esse
1297 4697 1656 4752 meditationis
1700 4714 1816 4752 me-

240 4789 427 4844 moria:
459 4787 666 4851 mortis,
709 4795 774 4850 et_
804 4785 1068 4855 refugium
1107 4799 1136 4836 a
1178 4783 1336 4838 rebus
1369 4782 1663 4850 corporeis.
1716 4782 1818 4837 Fili

237 4881 336 4944 mi,
365 4879 644 4950 vilioribus
695 4876 1045 4932 utere‘cibis.
1089 4875 1146 4929 Si
1180 4875 1258 4928 ira
1300 4873 1580 4943 perculsus
1628 4873 1818 4939 fueris,

239 4972 424 5026 statim
455 4971 598 5024 illam
642 4986 671 5024 a
718 4981 768 5024 te
798 4982 1014 5023 remove
1057 4965 1261 5037 procul,
1298 4976 1355 5020 ut
1385 4967 1620 5035 gaudeas
1651 4981 1819 5037 usque

239 5067 294 5119 in
324 5064 518 5130 finem;
551 5072 605 5116 et
651 5062 810 5116 enixe
842 5074 1062 5130 precare
1095 5059 1318 5129 juvenes
1356 5057 1514 5113 simul
1555 5067 1610 5112 et
1640 5073 1817 5123 senes,

241 5165 430 5210 utnon
461 5151 896 5222 permittantsibi
931 5149 1198 5207 dominari
1229 5149 1386 5202 iram.
1424 5147 1523 5202 Fili
1557 5148 1650 5213 uti,
1685 5148 1816 5202 nihil

242 5246 388 5300 aliud
439 5253 520 5300 est
565 5242 841 5305 fortitudo,
873 5255 1033 5310 quam
1070 5240 1122 5293 in
1155 5238 1378 5292 veritate
1417 5235 1728 5306 persistere,
1769 5246 1821 5291 et

245 5337 501 5392 resistere
532 5335 780 5390 hostibus
813 5351 826 5387 :
853 5333 1105 5403 quoniam
1133 5345 1254 5386 cuin
1290 5329 1394 5383 illis
1433 5342 1538 5382 non
1567 5329 1816 5392 cesseris,

243 5428 544 5490 discedent,
571 5434 625 5479 et
653 5439 760 5479 non
797 5422 1136 5477 invenientur
1175 5419 1402 5489 amplius
1437 5417 1674 5472 omnino.
1719 5417 1822 5471 Fili

243 5516 342 5583 mi,
376 5516 460 5570 vir
487 5515 703 5586 sapiens
746 5514 896 5567 vultu
928 5511 1167 5568 ostendit
1205 5509 1523 5580 sapientiam
1560 5526 1572 5560 :
1606 5508 1820 5578 sapiens

242 5609 409 5677 igitur
448 5617 586 5672 esto,
629 5617 685 5671 et
727 5607 943 5662 illorum
975 5606 1065 5676 qui
1094 5611 1284 5662 contra
1332 5612 1390 5661 te.
1428 5601 1814 5673 obloquuntur,

355 5788 402 5824 "
439 5787 638 5846 lJoan.
665 5805 724 5858 n,
765 5789 852 5845 16.

1923 4604 2166 4659 laborum
2199 4613 2255 4659 et
2291 4605 2440 4674 piger
2481 4603 2600 4668 fias,
2636 4605 2706 4656 et'
2723 4600 2984 4670 negligas,
3034 4614 3100 4654 ac
3134 4611 3285 4653 erres
3325 4597 3377 4650 in
3414 4596 3498 4649 ul-o

1924 4696 2051 4749 tima
2086 4695 2243 4759 hora,
2275 4695 2368 4749 sed
2400 4694 2682 4749 Dominum
2717 4692 2878 4761 dilige
2907 4704 3076 4760 usque
3117 4691 3169 4744 in
3215 4689 3398 4753 finem,
3433 4697 3495 4740 et

1925 4784 2353 4842 misericordiam
2382 4785 2748 4854 consequeris.
2792 4781 2894 4836 Fili
2943 4782 3038 4845 mi,
3086 4789 3302 4849 propter
3329 4779 3498 4834 cadu-

1921 4893 2014 4932 cas
2054 4893 2140 4932 res
2171 4891 2239 4932 ne
2267 4877 2488 4932 recedas
2528 4892 2558 4929 a
2603 4876 2746 4940 Deo;
2793 4873 2888 4927 sed
2933 4872 3075 4942 quod
3113 4870 3382 4940 pollicitus
3435 4884 3496 4926 es

1925 4979 2166 5037 tempore
2197 4967 2548 5021 vehementia:
2584 4965 2659 5020 tui
2700 4965 2919 5030 caloris,
2961 4971 3254 5018 memento.
3303 4961 3498 5032 Signa-

1925 5060 2051 5124 culi,
2094 5057 2300 5113 scilicet
2347 5057 2564 5112 habitus
2602 5057 2698 5122 tui,
2733 5072 2842 5127 quo
2878 5056 3170 5110 mundatus
3217 5065 3280 5108 es
3322 5052 3495 5120 prius,

1926 5161 2114 5218 satage
2144 5165 2211 5204 ne
2242 5149 2599 5216 obliviscaris;
2629 5152 2723 5204 sed
2758 5149 3120 5219 lacrymarum
3164 5141 3500 5214 poenitentia:

1925 5251 2030 5298 tuae
2069 5258 2188 5313 quae
2233 5256 2330 5312 pro
2363 5251 2413 5296 te
2443 5242 2575 5296 fusae
2601 5251 2747 5307 sunt,
2777 5246 3145 5302 memor-esto,
3181 5245 3236 5289 et
3267 5232 3500 5288 festinus

1929 5335 2116 5388 recede
2156 5347 2186 5386 a
2219 5331 2629 5402 cogitationibus
2671 5329 3022 5392 absconditis,
3066 5339 3134 5380 ne
3165 5323 3341 5394 palam
3380 5331 3495 5374 tum

1929 5426 2225 5480 seducaris.
2273 5423 2374 5477 Fili
2420 5423 2514 5487 mi,
2557 5422 2753 5476 lectum
2789 5431 2938 5474 tuum
2981 5417 3207 5487 singulis
3247 5413 3498 5469 noctibus

1928 5516 2066 5580 lava,
2096 5525 2150 5570 et
2183 5523 2410 5570 stratum
2447 5522 2593 5568 tuum
2627 5510 2885 5580 lacrymis
2917 5509 3023 5563 tuis
3049 5504 3408 5570 madefacito;
3443 5511 3499 5555 et

1929 5607 2149 5666 humilia
2181 5618 2233 5664 te
2262 5621 2445 5664 coram
2475 5604 2692 5663 Christo
2711 5601 2972 5671 Domino,
2990 5607 3049 5657 ut
3077 5605 3299 5672 peccata
3324 5592 3504 5664 deleat
