3868 6282
460 321 606 383 1079

1565 322 1835 382 ΡΑΤΒΕΕ»
1873 321 2176 378 ᾹῦϐὶῬτιι
2214 315 2487 375 8Ᾱίϐυιι1
2520 317 2608 372 Ν.

3564 317 3670 374 im

458 445 575 501 tua,
608 445 767 505 teque
801 443 1018 492 renovet
1056 450 1266 504 rursus,
1290 435 1588 504 aﬂ'eratque
1625 450 1781 504 opem
1805 435 1872 490 ad
1907 435 2044 490 bona
2074 452 2119 509 Α
2152 445 2274 486 cum
2324 428 2490 485 Patre”
2536 427 2764 499 Optimo,
2822 437 2875 482 et
2943 426 3150 498 Spiritu
3203 434 3393 482 sancto
3444 441 3503 480 ex
3558 439 3658 482 ater

453 542 619 598 opera
651 527 1003 594 absolvenda,
1046 537 1101 584 et
1135 543 1355 599 regnum
1380 528 1597 583 demum
1641 541 1800 582 suum
1844 525 2046 595 scrupi-

458 625 672 671 ternum
695 615 748 672 in
773 616 1139 672 haereditatem
1159 616 1356 671 tribuat
1375 617 1470 672 tibi
1492 633 1509 673 :
1533 630 1692 687 quem
1723 615 1881 670 decet
1906 615 2044 680 laus,

457 704 670 771 hortor,
727 705 922 777 gloria,
995 705 1355 762 sanctificatio
1421 715 1476 761 et
1535 704 1818 769 adoratio,
1884 703 2046 758 simul

2157 522 2361 588 nitate,
2406 533 2583 587 nunc,
2621 526 2675 573 et
2707 531 2958 589 semper,
2985 527 3040 574 et
3074 517 3128 573 in
3157 517 3348 572 saecula
3387 516 3669 575 smculorull.

2157 612 2353 668 Amen.

2649 699 2858 758 Laudes
2890 699 2999 756 Dee
3019 715 3236 770 semper.

455 830 3651 857 Μ

1565 984 1906 1047 EIUSDEM
1935 971 2047 1045 SS:
2065 982 2342 1044 PATRIS
2369 982 2649 1044 NOSTRI

905 1174 1028 1285 S.
1132 1169 1852 1289 ΑΝΤΟΝΙΙ
1953 1170 2052 1281 Μ

2158 1168 2488 1284 .GNI
2583 1163 3295 1283 ABBATIS

1116 1400 1918 1487 ADMONITIONES
1957 1401 2091 1483 ET
2120 1400 2761 1483 DOCUMENTA
2814 1401 3113 1482 VARIA

1587 1579 1681 1633 AD
1719 1576 1944 1635 FILIOS
1985 1575 2170 1636 SUOS
2211 1577 2605 1634 MONACHOS.

534 1873 747 1945 Siquis
786 1874 960 1928 frater
987 1873 1184 1930 adierit
1213 1883 1290 1940 te,
1351 1873 1554 1944 tibique
1593 1888 1723 1929 snas
1770 1873 2046 1944 aperuerit
2077 1879 2120 1938 Β
2151 1875 2428 1932 civitatem
2489 1876 2728 1943 incolat;
2794 1887 2975 1944 neque
3039 1871 3228 1928 visitet
3299 1878 3560 1940 parentes,
3609 1873 3676 1921 art

464 1965 843 2033 cogitationes,
865 1980 959 2021 eas
987 1981 1058 2022 ne
1084 1966 1338 2035 cuiquam
1388 1980 1600 2022 reseres
1633 1981 1804 2032 cave;
1828 1965 1922 2021 sed
1947 1979 2044 2020 ora

461 2070 560 2124 pro
607 2065 658 2111 te
695 2071 759 2111 ac
797 2071 899 2127 pro
949 2057 1075 2125 illo,
1115 2066 1174 2113 ut
1217 2058 1527 2114 liberemini
1575 2058 1758 2112 ambo.
1814 2057 1873 2113 Si
1925 2060 2049 2130 quis

462 2146 633 2202 frater
678 2161 887 2217 pronus
912 2158 964 2204 te
1001 2150 1275 2220 rogaverit
1313 2159 1372 2205 ut
1412 2151 1486 2206 illi
1518 2165 1676 2222 opem
1716 2151 1882 2216 feras,
1917 2165 2048 2221 ope-

462 2253 592 2294 rare
629 2254 756 2295 eum
798 2241 888 2296 illo
934 2250 1048 2297 tota
1096 2241 1186 2297 die
1229 2242 1340 2297 illa.
1390 2241 1678 2299 Seniorum
1730 2243 2048 2300 monasterii

464 2342 524 2385 ut
559 2331 990 2388 benedictionem
1019 2334 1394 2404 consequaris,
1427 2335 1655 2390 omnino
1678 2345 1882 2406 satage.
1915 2333 2051 2392 Cor-

464 2422 605 2490 ripe,
641 2435 743 2476 nec
787 2437 1013 2492 parcas;
1050 2425 1145 2478 sed
1192 2438 1314 2478 cum
1358 2425 1552 2480 timore
1593 2425 1729 2480 Dei:
1763 2441 1865 2482 nec
1899 2427 2046 2482 acci-

463 2513 582 2581 pias
606 2511 923 2584 cujusquam
961 2529 1254 2585 personam
1276 2555 1291 2581 ,
1320 2517 1568 2587 quisquis
1601 2518 1688 2572 ille
1716 2519 1818 2581 sit,
1857 2527 1914 2574 et
1948 2533 2046 2573 ex-

464 2605 806 2660 communica
849 2620 972 2661 cum
1014 2606 1194 2662 verbis
1249 2609 1519 2664 veritatis.
1571 2610 1908 2665 Vestimenta
1959 2618 2048 2666 tua

463 2695 713 2763 custodi,
762 2712 831 2752 ne
882 2697 1106 2754 incedas
1155 2700 1331 2756 nudus
1371 2701 1424 2754 in
1471 2700 1558 2756 die
1597 2701 1808 2771 judicli.
1859 2701 2050 2757 Patres

463 2788 780 2843 mornasterii
813 2790 904 2860 qui
944 2799 1208 2859 generant
1241 2799 1294 2846 te
1339 2790 1395 2846 in
1440 2791 1636 2862 spiritu
1657 2832 1672 2856 ,
1703 2790 1791 2847 fac
1818 2832 1834 2856 ,
1872 2792 2048 2847 admi-

462 2889 654 2935 rentur
679 2880 907 2951 gloriam
957 2890 1100 2936 tuam
1137 2881 1191 2936 in
1240 2883 1419 2938 medio
1457 2894 1794 2939 sanctorum.
1845 2884 2050 2940 Panem

461 2981 612 3026 tuum
647 2986 770 3028 cum
801 2973 1005 3042 quiete,
1036 2973 1432 3043 tranquillitate
1455 2984 1508 3030 et
1527 2975 1862 3032 continentia
1888 2990 2050 3032 com-

462 3062 564 3116 ede
597 3080 615 3117 :-
657 3077 948 3119 consessus
996 3078 1128 3120 vero
1201 3072 1361 3130 tuus,
1405 3078 1576 3132 cave,
1627 3068 1702 3122 sit
1753 3066 2048 3122 modestus.

463 3151 666 3208 Omnes
707 3153 1067 3223 cogitationes
1101 3163 1223 3209 tuas
1255 3170 1323 3210 ne
1363 3156 1636 3225 sequaris.
1679 3155 1774 3212 Sta
1808 3158 1878 3225 Din
1919 3172 2051 3213 con~

463 3253 654 3313 spccltt
693 3244 909 3301 Domini
952 3260 1074 3302 cum
1119 3249 1467 3304 rectitudine.
1497 3249 1756 3305 Pulsante
1785 3264 2048 3320 campana

468 3351 540 3392 ne
586 3337 823 3408 pigreris
873 3341 1056 3396 statim
1093 3342 1246 3398 adire
1296 3343 1604 3400 ecclesiam.
1649 3344 1785 3400 Cum
1828 3359 2054 3416 peregre

463 3427 832 3497 proficisceris
853 3469 870 3496 ,
899 3429 1054 3488 brevi
1083 3433 1152 3486 ad
1193 3433 1583 3488 monasterium
1621 3444 1773 3490 tuum
1804 3445 2052 3490 reverta-

465 3519 544 3575 ris
569 3519 837 3588 adnitere,
874 3531 933 3576 ut
973 3522 1312 3579 orationibus
1346 3523 1453 3580 tuis
1476 3539 1674 3580 vacare
1709 3524 1913 3580 valeas.
1944 3525 2054 3582 Ne-

467 3609 619 3681 gotia
665 3611 912 3668 ecclesiae
932 3615 1367 3670 'commitlantur
1421 3617 1540 3673 viro
1587 3617 1770 3682 ﬁdeli,
1844 3617 2054 3673 timenti

469 3703 662 3760 Deum.
715 3705 770 3760 Si
818 3707 903 3763 his
942 3709 1143 3764 addere
1183 3709 1478 3780 quidquam
1510 3713 1594 3768 vis
1629 3713 1892 3766 bonorum
1927 3726 2054 3781 ope-

469 3811 612 3860 rum,
642 3795 841 3862 facito,
871 3807 925 3853 et
958 3810 1249 3870 perpetuas
1279 3801 1486 3872 gratias
1531 3817 1632 3873 age
1665 3803 1892 3860 Domino
1924 3803 2052 3860 Iesu

468 3883 704 3954 Christo,
740 3889 826 3943 cui
865 3887 1036 3958 gloria
1069 3890 1124 3944 itt
1154 3901 1440 3948 aeternum.
1477 3893 1670 3948 Amen.

739 3976 992 4047 Ejusdem
1022 3978 1088 4034 de
1114 3980 1462 4035 submissione
1489 3990 1538 4037 et
1566 3983 1780 4051 pietate.

539 4066 728 4124 Timor
762 4067 980 4126 Domini
1028 4071 1137 4137 sit,
1170 4081 1423 4143 oportet,
1467 4085 1685 4145 semper
1715 4084 1841 4130 ante
1869 4072 2057 4130 oculos

474 4167 726 4225 nostros;
752 4159 994 4230 itemque
1025 4163 1287 4217 memoria
1311 4163 1524 4228 mortis,
1552 4173 1608 4219 et
1631 4162 1820 4218 mundi
1849 4165 2054 4233 odium,

481 4261 537 4306 et
570 4251 905 4308 declinemus
930 4266 1090 4309 omne
1121 4255 1173 4310 id
1217 4256 1361 4326 quod
1413 4255 1572 4311 nobis
1619 4253 1778 4312 aliert
1815 4258 2056 4328 requiem

475 4345 693 4409 carnis;
725 4344 894 4400 vitam
925 4357 1106 4402 autem
1140 4347 1282 4402 hanc
1312 4347 1467 4418 parvi
1502 4347 1789 4415 ducamus,
1817 4360 1876 4405 ut
1903 4351 2055 4405 viva-

477 4449 599 4490 mus
632 4435 688 4491 in
713 4435 847 4504 Deo,
875 4437 967 4506 qui
997 4447 1210 4507 repetet
1233 4454 1265 4493 a
1299 4441 1453 4495 nobis
1481 4441 1536 4498 in
1560 4441 1646 4497 die
1671 4441 1889 4512 iudicii,
1929 4456 2056 4496 num

2149 1965 2426 2036 proximos
2441 1965 2712 2032 carnales;
2731 1964 2858 2021 inde
2875 1965 3020 2020 enim
3035 1962 3318 2033 corruptio
3333 1962 3496 2016 oritur
3509 1961 3676 2022 anima,

2147 2066 2203 2111 et
2233 2057 2358 2112 vita:
2386 2055 2598 2111 fructus
2641 2055 3036 2128 deperduntur.
3074 2054 3131 2108 Si
3181 2065 3240 2109 te
3267 2052 3538 2107 tradideris
3566 2049 3674 2111 Deo.

2150 2149 2330 2204 omnia
2360 2148 2479 2220 ejus
2512 2163 2669 2204 serva
2698 2147 2993 2213 mandata;
3023 2157 3076 2202 et
3105 2147 3252 2216 quod
3283 2145 3376 2200 tibi
3400 2142 3676 2216 praecipitur,

2151 2239 2204 2294 id
2249 2238 2416 2294 facito
2470 2253 2571 2294 nec
2603 2237 2842 2308 abjicias
2879 2236 3012 2291 illud
3037 2277 3052 2300 ,
3082 2236 3211 2307 quia
3253 2235 3299 2290 si
3325 2234 3448 2289 illud
3473 2231 3674 2300 abjicies,

2151 2343 2496 2400 nequaquam
2522 2328 2703 2398 priora
2731 2327 2828 2382 tibi
2857 2328 3212 2383 dimittuntur
3239 2333 3482 2397 peccata;
3518 2324 3556 2376 si
3583 2336 3675 2376 vet)

2151 2420 2280 2476 illud
2305 2420 2644 2490 praestiteris,
2672 2428 2858 2475 certus
2885 2428 3022 2484 esto,
3050 2419 3239 2475 omnia
3276 2425 3366 2470 tua
3397 2415 3557 2486 priora
3583 2427 3675 2482 pec-

2150 2523 2273 2568 cata
2301 2505 2416 2584 jam
2450 2527 2571 2568 esse
2604 2511 2847 2567 dimissa.
2888 2510 3023 2568 Cum
3080 2510 3310 2566 muliere
3340 2523 3404 2562 ne
3440 2506 3675 2569 comedas,

2152 2619 2253 2661 nec
2291 2620 2414 2661 cum
2462 2618 2633 2675 puero
2682 2604 3111 2660 familiaritatem
3155 2602 3450 2659 contrahas
3486 2599 3674 2654 omnino.

2152 2697 2272 2753 Duo
2311 2698 2473 2752 simul
2522 2712 2690 2768 super
2724 2696 2914 2752 eadem
2943 2704 3126 2751 storca
3177 2709 3248 2751 ne
3294 2691 3571 2757 dormiatis,
3600 2688 3676 2742 nisi

2153 2789 2390 2846 maxima
2435 2789 2648 2861 cogerit
2691 2788 3039 2854 necessitas;
3069 2796 3124 2842 et
3156 2787 3251 2842 ille
3286 2787 3376 2857 qui
3405 2795 3558 2841 tecum
3584 2782 3676 2836 dor-

2154 2884 2276 2951 mit,
2309 2882 2382 2938 sit
2425 2881 2512 2938 vel
2551 2889 2703 2952 pater
2729 2889 2885 2943 tuus,
2921 2879 3004 2934 vel
3048 2879 3260 2946 frater;
3298 2888 3354 2936 et
3380 2889 3496 2934 tunc
3530 2887 3674 2943 magno

2153 2991 2276 3031 cum
2310 2975 2508 3030 timore
2532 2973 2585 3029 id
2613 2971 2803 3028 facias.
2830 2970 2963 3027 Cum
2982 2969 3215 3038 dormis,
3249 2987 3318 3028 ne
3346 2985 3543 3026 manum
3568 2977 3673 3020 luam

2154 3069 2295 3121 intra
2338 3075 2391 3122 te
2424 3078 2691 3136 repones,
2733 3078 2799 3120 ne
2824 3057 3030 3119 inscius
3070 3077 3293 3134 pecces.
3319 3064 3486 3119 Sanus
3516 3075 3572 3115 ne
3592 3055 3673 3113 sol-

2152 3173 2250 3212 vas
2282 3171 2475 3212 zonam
2523 3166 2692 3212 tuam.
2727 3154 2807 3211 Ne
2838 3155 3220 3227 apprehendas
3262 3170 3468 3210 manuni
3495 3147 3672 3222 proximi

2156 3250 2232 3302 tui
2258 3289 2272 3314 ,
2305 3263 2405 3303 nec
2434 3261 2604 3318 genas
2636 3256 2828 3317 tangas
2857 3245 3000 3314 eius,
3037 3245 3220 3300 minor
3247 3245 3319 3300 sit
3355 3245 3434 3299 vel
3462 3243 3601 3311 major
3622 3248 3672 3289 le.

2153 3341 2352 3397 Tribus
2386 3340 2494 3395 vini
2530 3338 2790 3394 calicibus
2823 3349 3076 3408 quartum
3122 3353 3190 3392 ne
3223 3337 3426 3402 addas,
3467 3334 3552 3388 nisi
3577 3344 3668 3400 pro-

2154 3443 2274 3506 pter
2298 3448 2551 3505 magnum
2582 3431 2831 3486 morbum
2856 3429 3112 3500 aliquem.
3141 3428 3391 3482 Divinum
3411 3431 3669 3498 praeceptum

2155 3541 2224 3582 ne
2252 3524 2420 3581 violes
2455 3524 2750 3579 humanam
2784 3522 2855 3577 ob
2897 3520 3224 3576 amicitiam.
3262 3519 3342 3574 Ad
3380 3517 3612 3573 civitatem
3634 3511 3671 3563 in

2155 3633 2261 3689 qua
2303 3616 2439 3671 alias
2482 3614 2719 3687 peccasti
2747 3615 2801 3669 in
2831 3612 3022 3693 Deum,
3062 3625 3130 3666 ne
3175 3611 3480 3667 revertaris.
3511 3605 3671 3662 Culllﬂl

2156 3709 2466 3778 religiosum
2501 3721 2570 3762 ne
2608 3705 2888 3772 remittas,
2922 3718 2988 3758 ne
3023 3704 3118 3758 tibi
3153 3702 3206 3757 id
3245 3703 3398 3757 cedat
3426 3701 3472 3754 in
3499 3693 3672 3752 aliendi-

2159 3803 2342 3858 eulutn
2369 3811 2423 3856 et
2450 3799 2724 3869 laqueum.
2773 3797 3023 3851 Studium
3065 3811 3200 3850 nava
3236 3795 3596 3862 Scripturarum
3622 3784 3674 3839 le~

2157 3893 2347 3959 clioui,
2382 3906 2503 3962 quae
2533 3889 2751 3959 quidem
2792 3887 2861 3942 ab
2909 3886 3254 3941 immunditia
3284 3886 3496 3956 eripient
3527 3891 3582 3934 te.
3605 3876 3672 3931 Se-

2115 4005 2118 4008 ’
2159 3985 2294 4039 dens
2333 3983 2384 4038 in
2437 3981 2573 4038 cella
2619 3990 2746 4046 tua,
2779 3979 3062 4034 laboribus
3099 3993 3358 4032 manumn
3403 3987 3584 4030 tuarum
3617 3970 3672 4021 in.

2159 4072 2439 4137 cumbito;
2473 4085 2670 4125 nomen
2703 4077 2886 4124 tamen
2925 4067 3138 4122 Domini
3171 4065 3300 4122 Jesu
3334 4083 3398 4120 ne
3427 4063 3623 4119 dimittas
3650 4071 3670 4106 a

2162 4179 2234 4235 te,
2272 4167 2366 4221 sed
2415 4173 2676 4236 perpetuo
2716 4163 2769 4218 in
2816 4173 2906 4217 tua
2941 4177 3098 4216 versa
3146 4173 3328 4218 mente
3370 4158 3596 4216 meditare
3633 4152 3667 4202 in

2160 4258 2357 4322 corde,
2409 4257 2567 4311 lauda
2612 4254 2833 4322 lingua,
2877 4267 2939 4308 ac
2981 4252 3185 4310 dicito:
3245 4252 3452 4307 Domine
3487 4248 3547 4301 mi
3582 4241 3671 4296 less

2163 4348 2392 4411 Christe,
2428 4348 2671 4403 miserere
2711 4347 2835 4401 mei.
2881 4343 3057 4402 item:
3098 4345 3317 4400 Domine
3355 4341 3472 4397 Jeru
3496 4335 3669 4393 Clarii“.

2160 4440 2289 4492 mihi
2315 4448 2454 4492 luant
2477 4438 2670 4492 mittito
2698 4453 2865 4507 opem.
2896 4435 3004 4491 Nec
3031 4451 3137 4491 non
3165 4453 3179 4491 :
3217 4435 3398 4491 Laudo
3428 4443 3489 4496 te,
3512 4424 3672 4482 Domist

476 4525 838 4592 esurivimus,
874 4527 1186 4597 sitivimus,
1224 4530 1464 4585 nuditate
1496 4530 1896 4598 laboravimus,
1928 4547 2056 4588 con-
2088 4557 2136 4616 ο
2164 4534 2235 4586 mi
2278 4531 2407 4588 Iesu
2451 4531 2676 4586 Christe.
2728 4530 2878 4601 Elige
2923 4529 3016 4584 tibi
3056 4529 3325 4596 laborem;
3375 4536 3427 4583 et
3469 4524 3566 4594 ipse
3588 4528 3670 4616 ξυιυ

479 4617 682 4672 tristati
728 4633 955 4684 sumus,
993 4622 1299 4691 gemuimus
1335 4636 1402 4677 ex
1451 4623 1820 4691 profunditate
1879 4625 2062 4681 cordis

479 4711 685 4776 nostri,
724 4720 780 4766 et
833 4726 905 4768 an
953 4713 1315 4785 nosmetipsos
1353 4717 1821 4784 examinavimus,
1878 4728 2057 4776 utrum

481 4801 592 4854 Deo
622 4801 793 4857 simus
818 4802 986 4872 digni.
1020 4803 1408 4862 incumbamus
1443 4822 1573 4878 ergo
1605 4809 1825 4864 maerori
1856 4819 1911 4865 et
1962 4811 2060 4866 tri-

480 4895 666 4957 stitiae,
697 4905 756 4948 ut
782 4897 945 4951 Deum
997 4898 1357 4968 inveniamus,
1389 4910 1801 4957 contemnamus
1840 4916 2058 4958 carnem

480 4985 548 5041 ad
585 4986 877 5042 salvandas
911 4989 1122 5044 animas
1153 4999 1390 5045 nostras.

1133 5077 1407 5146 Ejusdem.

552 5165 655 5234 Qui
699 5164 1050 5222 solitudinem
1089 5158 1313 5231 incolit,
1345 5170 1588 5237 requiem
1616 5184 1644 5223 a
1681 5171 1856 5225 tribus.
1887 5182 2061 5227 certa-

481 5260 720 5321 minibus
751 5246 1120 5329 adispiscitur,
1157 5258 1225 5314 ab
1250 5261 1437 5314 auditu
1465 5276 1678 5330 nempe,
1713 5262 2063 5334 disceptatio-

483 5353 673 5418 nibus,
709 5361 762 5408 οι
791 5352 913 5407 visu
953 5367 1146 5410 eorum
1197 5367 1318 5423 qua:
1349 5353 1531 5422 plagas
1565 5353 1715 5409 cordi
1753 5365 1939 5409 nostro
1977 5356 2062 5414 in-

485 5442 696 5514 ﬂigunt.

1137 5535 1412 5607 Ejusdem.

554 5622 876 5693 Quicunque
908 5624 1089 5681 salvus
1117 5625 1403 5691 esseyult,
1437 5640 1591 5680 suam
1624 5640 1939 5696 corpoream
1969 5625 2064 5680 do-

489 5728 638 5775 mum
681 5729 748 5774 ne
799 5715 1158 5790 ingrediatur,
1204 5731 1303 5774 nec
1349 5730 1467 5773 eam
1498 5716 1572 5790 _in
1623 5732 1725 5792 qua
1787 5717 2067 5793 peccavit,

2165 4624 2398 4697 jejunio,
2427 4624 2678 4680 oratione
2703 4631 2756 4678 et
2783 4622 3004 4693 vigiliis,
3033 4631 3086 4676 te
3119 4621 3365 4677 liberabit
3395 4619 3456 4673 ab
3481 4609 3671 4670 omnibus

2173 4709 2623 4788 turpitudinibus,
2652 4716 2779 4786 quia
2815 4713 2966 4770 labor
2995 4713 3242 4783 corporis
3275 4712 3428 4767 infert
3446 4703 3671 4779 puritatem

2169 4808 2384 4875 cordis;
2429 4808 2640 4880 puritas
2681 4821 2812 4863 vero
2843 4805 3028 4863 cordis
3055 4803 3254 4871 edicit,
3303 4812 3361 4858 ut
3390 4801 3546 4855 anima
3573 4791 3671 4845 ferat

2170 4900 2404 4956 fructus.
2436 4897 2514 4955 Ne
2544 4908 2598 4956 te
2631 4909 2846 4969 reputes
2876 4897 3170 4970 quidquam
3206 4896 3450 4957 omnino,
3479 4885 3557 4946 sed
3576 4891 3668 4935 VM

2169 4991 2335 5062 ﬂetui.
2353 5007 2450 5062 pro
2474 4999 2697 5062 peccato
2725 4999 2834 5046 tuo.
2861 4989 2916 5043 in
2944 4988 3254 5060 quempiam
3280 4980 3532 5042 irascaris,
3554 4986 3664 5034 cave.

2170 5094 2227 5139 ct
2259 5083 2512 5138 omnibus
2543 5083 2780 5156 ignosce.
2817 5082 3001 5151 Apage
3040 5080 3379 5134 mendacium
3404 5115 3418 5141 ,
3447 5068 3564 5143 quod
3594 5071 3669 5156 ale

2173 5175 2267 5231 Dei
2300 5175 2551 5229 timorem
2566 5151 2772 5242 procul
2798 5171 3040 5241 expellit.
3075 5167 3244 5224 Malas
3270 5164 3586 5238 cogitationes
3606 5151 3668 5204 Ibi

2173 5276 2226 5324 te
2257 5268 2414 5337 longe
2441 5278 2697 5328 remove,
2735 5274 2892 5334 teque
2941 5261 3053 5318 Deo
3089 5261 3239 5316 trade
3283 5259 3369 5328 qui
3399 5254 3605 5326 proteget
3633 5253 3667 5292 te

2171 5361 2362 5416 dextra
2391 5374 2509 5416 sua.
2541 5355 2621 5414 Ne
2657 5358 2870 5427 aperias
2901 5354 3156 5412 omnibus
3197 5350 3526 5424 cogitationes
3559 5350 3666 5431 tuas.

2178 5467 2244 5507 ne
2291 5447 2616 5509 oﬂ'endiculo
2665 5449 2740 5504 sis
2791 5446 2944 5502 fratri
2988 5455 3100 5502 tuo.
3142 5445 3272 5501 Esto
3317 5440 3508 5498 deditus
3547 5428 3665 5484 labori

2175 5555 2431 5598 manuum
2466 5550 2714 5605 tuarum;
2744 5537 3089 5610 superveniet
3113 5536 3206 5590 tibi
3244 5535 3398 5589 timor
3425 5527 3521 5585 Dei.

2249 5631 2421 5701 Dilige
2451 5631 2844 5696 humilitatem;
2879 5638 3126 5699 proteget
3156 5626 3332 5684 omnia
3359 5627 3549 5693 peccata
3575 5621 3648 5664 tua

2178 5720 2500 5782 luobedieus
2530 5734 2596 5776 ne
2626 5719 2702 5777 sis
2723 5759 2738 5788 ,
2773 5717 2904 5795 quia
2944 5718 3056 5778 eris
3085 5717 3486 5776 instrumentum
3516 5711 3560 5759 et
3595 5709 3661 5762 *δέ
