3868 6282
849 342 907 400 S.
949 343 1230 403 ΔΝΤΟΝὶΙ
1269 345 1339 401 M.
1379 343 1678 405 ABBA'l'lS
1712 347 1741 403 Α

1846 345 2240 406 iONlTIONES
2274 346 2370 403 AD
2409 343 2807 404 MONACHOS.

3298 350 3437 407 £082

157 437 412 511 omnium
455 455 722 513 maiorum
749 464 806 512 et
839 458 1213 530 iniquitatum.
1249 461 1305 520 ld
1335 464 1501 520 ﬁsum
1533 477 1749 534 semper
1776 466 1829 525 Α,
1851 462 2107 533 dicasque
2132 481 2146 519 :
2174 461 2326 517 Talia
2349 462 2473 532 feci,
2498 473 2548 518 et
2578 463 2707 518 talia
2728 463 2897 534 βαιὴ
2925 461 3120 522 nemini
3159 465 3316 522 intuli
3347 467 3430 522 iu-

158 547 220 602 in
256 546 422 602 corde
453 546 675 613 habeas,
712 558 768 603 ut
795 547 1017 605 obedias
1048 550 1192 608 Patri
1220 562 1348 620 tuo;
1395 565 1452 610 et
1487 556 1754 613 habitabit

160 640 219 698 in
255 648 307 694 te
343 638 507 694 timor
531 638 647 696 Dei.
682 637 863 696 Fratri
896 650 988 698 tuo
1015 659 1083 698 ue
1107 645 1434 714 exprobres,
1460 647 1563 702 etsi
1605 646 1751 703 vide-

158 729 245 784 ris
277 729 430 783 illum
461 730 705 785 omnium
737 742 1140 802 praeceptorum
1168 750 1352 802 reum,
1386 737 1513 808 quia
1541 737 1750 794 incides

157 829 220 876 et
252 820 370 891 ipse
401 819 459 875 in
487 836 682 879 manus
713 823 1060 880 inimicorum
1099 834 1334 882 tuorum.
1365 827 1592 884 Peccata
1627 843 1751 898 quas

157 915 294 968 olim
332 917 693 988 perpetrasti,
731 931 801 973 ne
842 916 1027 974 animo
1057 933 1272 987 verses,
1313 934 1382 976 ne
1423 930 1752 978 renoventur

159 1007 220 1064 in
259 1015 342 1072 te;
372 1016 668 1078 certusque
697 1017 815 1064 esto
841 1024 906 1064 ea
944 1009 1040 1065 tibi
1069 1010 1372 1067 condonata
1404 1011 1596 1078 luisse,
1625 1028 1749 1069 cum

162 1107 222 1153 te
250 1098 359 1153 Deo
387 1098 677 1154 tradideris
704 1108 761 1154 et
789 1100 1146 1169 poenitentiae,
1174 1114 1272 1157 nec
1297 1103 1364 1158 de
1387 1088 1748 1161 hdc’hzereas.

161 1188 244 1244 Te
304 1189 526 1244 doctum
587 1190 960 1258 sapientemve
1019 1207 1090 1248 ne
1143 1204 1405 1275 reputes;
1476 1197 1752 1252 evanescit

160 1282 364 1352 quippe
407 1280 563 1337 labor
587 1289 731 1346 tuus,
755 1291 810 1338 et
837 1291 927 1338 tua
951 1284 1105 1341 navis
1128 1285 1363 1342 inaniter
1389 1286 1744 1343 cucurrisset.

159 1376 474 1441 Assuesce,
507 1383 568 1430 ut
597 1383 690 1430 tua
724 1375 869 1448 dicat
901 1375 1085 1446 lingua
1117 1378 1172 1433 in
1207 1378 1497 1447 omnibus,
1533 1393 1752 1450 semper

161 1480 231 1520 ac
251 1465 399 1520 omni
431 1477 742 1536 momento,
776 1467 1042 1526 fratribus
1073 1470 1364 1536 omnibus,
1402 1473 1614 1543 ipsique
1637 1472 1750 1530 Deo

163 1558 468 1614 altissimo:
524 1557 746 1629 Ignosce
804 1560 972 1628 mihi,
1031 1561 1159 1631 quia
1209 1563 1257 1618 si
1313 1562 1464 1628 dices
1509 1578 1746 1634 semper,

161 1648 384 1719 Ignosce
423 1651 586 1715 mihi,
614 1649 980 1706 humilitatem
1014 1655 1392 1724 consequeris.
1426 1653 1747 1727 Quempiam

163 1755 234 1796 ne
263 1741 511 1807 damnes,
538 1755 609 1798 ne
639 1742 858 1800 recedat
885 1757 914 1796 a
952 1752 1002 1798 te
1029 1743 1191 1800 timor
1220 1745 1338 1810 Dei,
1365 1758 1419 1802 et
1451 1747 1662 1804 incidas
1689 1752 1743 1803 in

1855 556 2189 609 comatodum
2229 565 2323 609 aut
2376 555 2707 622 molestiam;
2739 556 2922 611 omnia
2965 557 3112 612 enim
3157 560 3273 614 hac
3319 560 3428 630 glo-

1861 645 2001 701 riam
2029 661 2140 715 prae
2170 661 2230 701 se
2256 646 2438 702 ierunt
2468 647 2706 716 inanem,
2737 657 2798 704 et
2829 647 2918 703 ille
2939 651 3032 718 qui
3073 650 3156 706 bis
3183 661 3267 708 est
3297 651 3431 710 inie-

1853 745 1998 802 ctus,
2020 736 2252 792 diabolis
2270 746 2323 791 et
2343 738 2626 808 spiritibus
2653 739 2946 796 immundis
2972 748 3056 798 est
3082 739 3309 800 eﬁectus
3335 745 3432 802 do-

1852 826 2146 886 micilium.
2177 826 2354 884 Unam
2385 828 2573 884 horam
2599 829 2655 884 in
2682 829 2770 886 die
2797 829 2865 884 ad
2896 831 3143 902 corporis
3177 833 3432 891 reiectio-

1849 932 1974 974 nem
2008 930 2065 976 et
2100 919 2552 975 sustentationem
2596 921 2868 978 constitue
2903 922 3034 989 tibi,
3062 940 3171 980 non
3212 926 3430 996 quidem

1852 1013 1920 1069 ad
1951 1013 2409 1082 delectationem;
2443 1024 2506 1092 et
2536 1015 2751 1085 subjice
2785 1016 2916 1072 illud
2937 1058 2953 1083 ,
2986 1025 3153 1088 atque
3199 1018 3430 1092 defatiga

1850 1103 2021 1161 multo
2049 1104 2258 1162 labore.
2285 1090 2676 1177 Stepius'ﬁecte
2696 1121 2892 1178 genua,
2919 1122 3056 1163 neve
3077 1109 3130 1164 in
3152 1108 3257 1165 hoc
3281 1090 3434 1182 piger

1849 1194 1964 1263 sis,
1998 1210 2066 1250 ne
2093 1195 2339 1266 pessima
2377 1197 2636 1253 moriaris
2679 1205 2872 1252 morte.
2912 1196 3124 1269 Corpus
3169 1208 3318 1254 tuum
3356 1201 3429 1254 ita

1851 1286 2086 1355 inﬁrma,
2115 1297 2174 1342 ut
2203 1287 2273 1343 sit
2310 1287 2486 1342 instar
2517 1290 2762 1358 corporis
2789 1289 3026 1357 jacentis
3052 1289 3106 1344 in
3137 1289 3277 1346 lecto
3306 1306 3429 1359 pro-

1849 1387 1970 1448 pter
1994 1378 2267 1434 morbum.
2299 1377 2679 1449 Cogitationes
2711 1388 2814 1435 tua:
2837 1380 2983 1434 circa
3013 1379 3195 1434 divina
3227 1395 3430 1449 praece-

1849 1480 1939 1539 pta
1967 1484 2183 1540 semper
2210 1481 2514 1535 versentur,
2539 1485 2714 1542 eaque
2734 1470 3030 1542 adimplere
3064 1472 3190 1528 totis
3222 1473 3431 1529 viribus

1849 1561 2039 1625 stude,
2069 1571 2124 1616 et
2156 1560 2372 1618 illorum
2408 1563 2544 1617 nihil
2565 1563 2998 1632 praetermittas,
3030 1579 3098 1618 ne
3129 1564 3223 1618 ﬁat
3247 1565 3430 1620 anima

1851 1663 1940 1708 tua
1962 1652 2214 1709 omnibus
2233 1653 2588 1710 immunditiis
2608 1653 2996 1710 habitaculum.
3021 1654 3102 1711 Ne
3134 1657 3431 1727 esprobres

1850 1746 2158 1802 mortalium
2183 1747 2442 1816 cuipiam,
2471 1762 2539 1802 ne
2561 1756 2877 1803 exsecretur
2910 1748 3052 1804 Deus
3075 1762 3265 1819 preces
3285 1757 3429 1805 tuas.

163 1848 386 1887 manum
417 1833 760 1888 inimicorum
791 1845 1028 1890 tuorum.
1068 1835 1414 1905 Voluptatum
1447 1848 1502 1893 et
1529 1838 1743 1894 insuum
1777 1812 1820 1868 Β
1842 1839 1893 1894 Ἀ
1914 1839 2033 1894 lusu
2057 1848 2112 1895 et
2130 1839 2256 1910 joco
2275 1812 2576 1910 plurimum
2599 1853 2750 1895 cave.
2777 1839 3186 1909 Scripturarum
3212 1841 3430 1897 lectioni

165 1935 378 1980 tuorum
409 1925 605 1994 quibus
631 1936 872 1996 tempore
901 1928 1136 1998 pigritia:
1161 1944 1382 2000 operam
1416 1933 1646 1996 navasti,
1678 1947 1748 1987 ne

163 2017 516 2087 memineris,
553 2032 657 2075 nec
682 2021 848 2075 verba
892 2021 960 2076 de
985 2019 1092 2076 illis
1123 2021 1398 2089 instituas,
1431 2037 1531 2078 nec
1555 2024 1744 2080 dicas:

163 2108 282 2165 lloc
309 2109 436 2176 feci,
479 2110 564 2167 vel
592 2111 725 2168 illud
774 2113 1147 2182 praetermisi;
1179 2122 1346 2170 erunt
1381 2130 1616 2185 namque
1649 2115 1746 2172 tibi

161 2201 218 2262 in
241 2201 649 2258 oll'eudiculum.
679 2201 817 2258 Dum
842 2203 896 2258 in
927 2203 1064 2259 cella
1097 2213 1185 2260 tua
1208 2206 1388 2272 sedes,
1415 2206 1500 2262 his
1523 2221 1744 2276 operam

161 2293 261 2346 da:
295 2291 513 2349 lectioni
545 2307 743 2363 nempe
777 2293 1220 2366 Scripturarum,
1254 2297 1745 2366 supplicationibus

159 2383 230 2438 ad
265 2383 435 2439 Deum
479 2392 536 2440 et
565 2387 718 2456 operi
763 2401 1046 2451 manuum.
1092 2387 1415 2444 Passienum
1453 2390 1652 2460 quibus
1689 2391 1743 2446 in

160 2473 364 2530 mundo
413 2476 786 2542 succubuisti,
825 2492 934 2534 nec
971 2492 1179 2534 memor
1223 2479 1302 2534 sis
1347 2480 1602 2550 penitus,
1646 2498 1747 2538 nec

158 2582 345 2623 eorum
390 2568 688 2639 cupiditate
727 2569 928 2626 iterum
977 2571 1286 2638 irretiaris,
1335 2587 1408 2630 ne
1440 2573 1553 2630 sint
1592 2576 1744 2632 cordi

163 2669 257 2714 tuo
312 2657 720 2716 oﬁ‘endiculum.
775 2659 1121 2719 Ptenitentiae
1185 2664 1450 2721 continuo
1501 2682 1629 2723 vaca
1681 2682 1747 2726 ac

160 2752 383 2819 sedulo,
425 2766 526 2808 nec
567 2761 846 2809 momento
895 2755 1158 2825 temporis
1208 2756 1462 2826 pigreris.
1497 2761 1542 2813 A
1585 2759 1746 2818 Patre
1788 2768 1792 2772 '

163 2854 275 2912 tuo,
311 2853 371 2900 ut
399 2845 636 2900 instruat
669 2853 724 2901 te
757 2844 812 2901 in
846 2845 914 2900 iis
941 2861 1063 2917 qua:
1095 2848 1338 2918 ignoras,
1377 2851 1666 2908 humiliter
1688 2862 1744 2910 et
1791 2899 1797 2901 .

159 2950 283 2999 cum
328 2936 455 2992 ﬁetu
487 2935 697 3006 pustula
721 2973 739 3003 ,
774 2949 875 2992 nec
923 2946 974 2991 te
1018 2937 1240 3007 pudeat.
1279 2939 1524 3010 Singulis
1553 2942 1745 2998 diebus

160 3028 300 3102 apud
335 3040 386 3086 te
429 3039 642 3097 statue,
667 3031 811 3102 quod
855 3030 970 3087 sola
1009 3031 1099 3087 illa
1142 3032 1259 3088 dies
1298 3033 1392 3088 tibi
1423 3035 1662 3104 supersit
1688 3036 1741 3090 in

1848 1931 1895 1986 si
1946 1930 2264 1986 continuam
2315 1930 2670 1999 sedulamque
2724 1932 3012 1986 navaveris
3059 1945 3321 2000 operam,
3376 1941 3434 1988 et

1847 2033 2111 2093 praecepta
2143 2021 2564 2092 adimpleveris;
2593 2021 2687 2078 Dei
2718 2021 3092 2078 misericordia
3118 2022 3212 2078 tibi
3235 2034 3432 2094 praesto

1846 2114 1973 2169 erit.
2025 2111 2328 2168 Monachus
2378 2113 2433 2168 in
2481 2113 2616 2169 cella
2660 2112 2860 2170 sedens
2900 2128 2996 2170 ore
3028 2113 3342 2182 obstructo,
3375 2122 3431 2185 et

1847 2203 2136 2258 immemor
2180 2203 2307 2269 Dei,
2349 2203 2523 2259 instar
2550 2212 2636 2260 est
2662 2204 2857 2259 dirutae
2884 2203 3078 2260 domus
3107 2213 3263 2260 extra
3294 2207 3430 2262 civi-

1849 2301 2011 2347 tatem
2038 2292 2245 2362 positae,
2272 2293 2528 2348 omnibus
2553 2307 2770 2363 semper
2792 2293 2963 2362 plene
2999 2294 3273 2360 sordibus,
3300 2297 3426 2366 quia

1845 2385 2156 2457 quicunque
2187 2385 2378 2440 domus
2418 2399 2531 2441 suae
2566 2385 2758 2442 sordes
2783 2400 3008 2458 egerere
3036 2387 3183 2456 vult,
3220 2403 3288 2444 eo
3309 2388 3432 2445 illas

1844 2483 2110 2546 asportat.
2138 2473 2429 2531 Orationes
2456 2485 2582 2530 ante
2610 2490 2675 2532 ac
2702 2485 2988 2546 postquam
3011 2491 3133 2532 cum
3158 2476 3427 2534 fratribus

1845 2567 2110 2634 oraveris,
2153 2581 2370 2637 semper
2401 2567 2454 2621 in
2491 2567 2628 2623 cella
2663 2576 2752 2622 tua
2791 2566 3107 2638 persolvite,
3150 2583 3250 2624 nec
3279 2569 3432 2641 piger

1849 2658 1902 2713 in
1934 2658 2039 2714 hoc
2065 2658 2165 2714 sis.
2193 2657 2476 2731 Lacrymis
2503 2659 2720 2716 assidue
2752 2659 3041 2726 incumbe;
3077 2662 3430 2718 miserebitur

1843 2749 1988 2805 enim
2025 2752 2103 2804 tui
2151 2749 2329 2817 Deus,
2359 2759 2418 2805 et
2461 2760 2692 2808 cunctos
2731 2760 2851 2808 tuos
2877 2752 3101 2822 [levabit
3139 2767 3423 2809 maerores.

1844 2839 2034 2897 Omnia
2063 2843 2333 2896 mundana
2358 2842 2484 2897 odio
2507 2842 2727 2910 habeto,
2755 2851 2810 2899 et
2837 2853 3087 2901 amoveto
3123 2861 3154 2900 a
3192 2854 3279 2911 te;
3305 2860 3428 2901 cer-

1846 2942 2042 3000 tusque
2067 2940 2217 2996 esto,
2244 2931 2362 2990 hth
2389 2948 2518 2990 vere
2547 2949 2646 2990 nos
2672 2933 2993 3006 longissime
3014 2951 3043 2988 a
3077 2933 3188 2990 Deo
3214 2935 3431 3007 propel-

1844 3021 1976 3077 lere.
2019 3021 2202 3076 Pusilli
2247 3023 2414 3079 auimi
2459 3041 2527 3081 ne
2569 3025 2684 3090 sis,
2723 3039 2878 3081 cave.
2932 3025 3150 3096 Diligito
3183 3025 3430 3094 labores,

160 3125 263 3180 hoc
290 3125 492 3180 mundo
512 3163 528 3191 ,
556 3132 613 3181 et
649 3124 899 3180 servabis
928 3132 982 3180 te
1009 3139 1042 3180 a
1083 3126 1342 3195 peccatis.
1372 3123 1739 3184 Humilitatem

1849 3122 2009 3181 teque
2045 3113 2353 3168 submittito
2382 3115 2670 3182 omnibus,
2698 3130 2761 3171 os
2789 3115 3067 3172 occludite
3102 3125 3291 3184 tuum,
3327 3118 3429 3173 hu-
3470 3137 3484 3152 ο

159 3217 298 3274 nihil
328 3216 474 3273 aliud
516 3231 639 3274 esse
683 3217 866 3284 scias,
905 3232 1071 3288 quam
1101 3228 1160 3275 ut
1187 3231 1381 3276 omnes
1409 3219 1656 3276 homines
1688 3229 1743 3278 te

156 3309 576 3368 escellentiores
607 3323 728 3366 esse
761 3319 983 3380 reputes
1008 3351 1025 3375 ,
1057 3327 1123 3367 ac
1153 3327 1254 3383 pro
1289 3322 1444 3369 certo
1473 3313 1526 3368 in
1558 3315 1742 3371 animo

159 3411 253 3457 tuo
283 3401 510 3468 habeas,
535 3408 589 3457 te
629 3401 806 3471 magis
843 3403 1085 3470 peccatis
1123 3416 1246 3458 esse
1279 3403 1613 3470 obnoxium;
1647 3419 1742 3460 ca-

155 3499 364 3562 putque
383 3499 532 3547 tuum
556 3490 854 3545 demissum
879 3499 1087 3556 teneas,
1110 3499 1166 3546 et
1185 3490 1367 3562 lingua
1387 3500 1476 3548 tua
1495 3503 1741 3564 prompta

156 3584 250 3650 sit,
274 3593 333 3641 ut
356 3585 508 3644 dicas
539 3583 736 3654 injuria
766 3582 1021 3638 aﬁicieuti
1050 3593 1133 3640 te:
1165 3581 1388 3640 Domine
1414 3585 1505 3651 mi,
1533 3586 1761 3657 ignosce.

156 3676 286 3731 mihi
303 3693 324 3742 ;
351 3676 632 3737 meditatio
653 3690 786 3731 vero
813 3684 904 3730 tua
931 3675 1140 3747 jugiter
1171 3689 1319 3733 mors
1347 3676 1440 3732 sit.
1474 3677 1550 3733 De
1580 3682 1742 3734 rebus

156 3768 450 3825 mundanis
477 3783 546 3824 ne
577 3767 820 3838 loquaris
846 3767 1100 3834 omnino,
1131 3782 1288 3825 cave.
1333 3769 1739 3842 Concupiscen-

155 3861 261 3916 tias
302 3870 420 3918 tuas
462 3870 518 3918 et
547 3861 817 3918 desideria
859 3869 951 3916 tua
986 3875 1054 3917 ne
1089 3861 1407 3931 adimplcas.
1441 3860 1652 3934 Corpus
1685 3872 1742 3921 et

154 3949 438 4011 illecebras
469 3950 733 4021 ejusodio
757 3951 974 4017 habeto,
1001 3951 1128 4020 quia
1161 3949 1378 4008 referta:
1402 3964 1530 4007 suut
1555 3953 1734 4010 malis.

156 4041 433 4098 Desideria
471 4049 527 4097 et
565 4043 889 4112 cupiditates
937 4051 1044 4100 tute
1091 4043 1366 4099 nemiuem
1399 4042 1735 4113 defatigent,

153 4130 425 4187 neminem
452 4139 801 4202 oppugnent;
847 4141 903 4187 et
931 4132 975 4187 si
1019 4140 1070 4188 te
1109 4132 1246 4188 falso
1288 4132 1413 4202 quis
1445 4133 1739 4204 redargue-

151 4225 224 4279 rit
244 4263 260 4288 ,
291 4239 360 4279 ne
392 4224 777 4279 excandescas.
826 4221 1146 4294 Superbiam
1173 4223 1338 4294 longe
1378 4224 1654 4295 propelle,
1684 4234 1740 4282 et

151 4315 460 4384 proximum
491 4331 556 4372 ac
601 4329 796 4372 omnes
849 4315 1098 4371 homines
1142 4325 1196 4370 te
1227 4315 1482 4372 meliores
1528 4326 1734 4386 reputa.

151 4407 440 4462 Peccatum
473 4407 619 4480 quod
663 4407 1028 4473 commisisti,
1066 4407 1204 4477 patri
1255 4415 1349 4462 tuo
1373 4407 1638 4478 spirituali
1667 4422 1737 4464 ne

1849 3204 2134 3260 utilitatem
2167 3206 2554 3275 consequeris;
2591 3221 2718 3261 vera
2767 3217 2948 3262 autem
2992 3208 3269 3265 humilitas
3307 3223 3432 3280 pec-

1849 3309 1970 3352 cata
1997 3297 2178 3353 omnia
2207 3298 2432 3354 dimittit
2460 3299 2718 3356 hominis.
2757 3298 3078 3371 Quicunque
3113 3311 3292 3358 autem
3316 3303 3432 3358 haec

1849 3408 1954 3447 non
1981 3393 2304 3459 servaverit,
2349 3393 2516 3448 Deum
2551 3395 2870 3464 provocabit
2901 3395 2967 3450 ad
2995 3395 3154 3450 iram.
3180 3394 3294 3466 Ego
3319 3397 3431 3450 Au-

1851 3485 2031 3540 tonius
2059 3489 2342 3541 veritatem
2374 3487 2467 3541 tibi
2501 3486 2660 3553 dico;
2698 3488 2878 3557 prznbe
2900 3503 3044 3544 nunc
3069 3488 3235 3559 igitur
3270 3503 3432 3544 aures

1848 3576 2030 3632 verbis
2057 3576 2218 3643 meis,
2254 3583 2309 3632 et
2339 3577 2570 3632 reconde
2596 3577 2688 3630 illa
2729 3576 2782 3630 in
2813 3575 2978 3630 corde
3009 3585 3122 3642 tuo,
3169 3576 3426 3646 sciasque

1847 3667 1991 3738 quod
2023 3668 2107 3724 his
2137 3667 2483 3723 sermonibus
2503 3679 2560 3722 et
2584 3668 2871 3737 praeceptis
2897 3677 2948 3722 te
2969 3665 3218 3723 Creatori
3247 3667 3424 3732 trado;

1846 3777 1968 3832 qua:
1998 3762 2043 3818 si
2075 3762 2452 3818 observaveris
2471 3803 2486 3830 ,
2517 3762 2781 3833 gaudebis
2807 3777 2930 3818 cum
2967 3762 3223 3819 omnibus
3262 3777 3431 3832 ange-

1846 3850 1934 3919 lis,
1985 3860 2040 3908 et
2088 3862 2312 3909 cunctos
2357 3853 2582 3922 spiritus
2630 3853 2802 3910 malos
2875 3868 3112 3910 maerore
3150 3853 3427 3910 conﬁcies.

1848 3941 2035 4014 itaque
2057 3944 2103 3999 si
2137 3945 2221 4000 bis
2250 3959 2473 4015 operam
2513 3945 2739 4001 uavabis
2760 3987 2774 4012 ,
2808 3955 2865 4002 et
2899 3945 3207 4001 ambulabis
3231 3946 3284 4001 in
3316 3945 3427 4009 eis;

1847 4035 2206 4092 Deustecum
2243 4038 2382 4104 erit,
2418 4048 2474 4094 et
2505 4040 2679 4109 angeli
2713 4038 2835 4108 ejus
2872 4049 3050 4094 tecum
3084 4037 3426 4108 gradientur,

1845 4137 1902 4182 et
1927 4128 2105 4183 anima
2143 4139 2230 4184 tua
2263 4130 2577 4201 implebitur
2617 4130 2958 4191 aromatibus
2992 4140 3342 4192 sanctorum,
3375 4138 3430 4182 et

1845 4217 2052 4274 lutniue
2097 4219 2381 4274 beatorum
2433 4221 2734 4290 splendebit
2783 4220 2963 4275 vultus
3008 4227 3160 4286 tuus,
3209 4218 3429 4285 erisque

1842 4312 2176 4368 sacriﬁcium
2233 4313 2341 4368 Deo
2392 4312 2535 4368 sicut
2571 4327 2763 4368 omnes
2803 4310 3022 4377 sancti;
3076 4317 3132 4364 et
3167 4323 3428 4364 occurres

1845 4409 2076 4464 Domino
2130 4422 2252 4482 cum
2296 4407 2469 4475 jubilo
2517 4417 2572 4462 et
2614 4407 2799 4461 lzetitia
2829 4449 2846 4474 ,
2892 4405 3187 4474 audiesque
3236 4417 3424 4458 vocem

151 4500 292 4556 cela.
321 4500 701 4572 Respondendi
727 4501 1078 4572 impotentem
1102 4501 1344 4557 animum
1371 4515 1403 4555 a
1428 4508 1482 4556 te
1503 4499 1732 4571 depone,
1767 4506 1812 4563 D
1841 4499 1987 4554 illam
2021 4500 2289 4554 dicentem
2322 4515 2336 4552 :
2373 4497 2578 4568 Optime
2600 4498 2788 4568 fecisti,
2820 4513 2961 4552 serve
2991 4501 3120 4551 boue
3145 4495 3381 4563 elﬁdelia
3403 4511 3424 4558 ,-

151 4608 256 4649 nec
290 4591 489 4648 malum
526 4593 606 4648 vel
636 4595 801 4650 corde
823 4592 1029 4664 cogites
1054 4593 1107 4648 in
1132 4607 1278 4660 eum,
1309 4590 1402 4662 qui
1426 4601 1477 4648 te
1501 4593 1568 4648 ad
1599 4593 1733 4648 iram

151 4693 448 4756 provocat,
481 4694 646 4754 tuque
681 4686 748 4741 ad
774 4686 910 4740 iram
943 4700 1012 4740 ne
1042 4699 1320 4756 properes.
1349 4683 1528 4740 Verba
1553 4683 1735 4740 inania

151 4789 222 4829 ne
255 4773 493 4840 eﬁ'utias,
516 4779 611 4831 sed
641 4791 743 4831 nec
775 4776 1146 4831 elinlientibus
1172 4790 1336 4832 aures
1373 4777 1634 4845 praebeas,
1667 4792 1736 4832 ne

149 4868 334 4923 animo
366 4867 454 4922 illa
502 4867 746 4922 haurias.
789 4866 963 4924 Verba
1002 4876 1090 4922 tua
1123 4868 1234 4924 sint
1265 4869 1527 4926 memoria
1559 4870 1724 4928 bene-

149 4959 398 5014 ﬁciorum
446 4959 698 5015 altissimi
747 4958 879 5026 Dei;
922 4970 1086 5028 tuque
1114 4958 1318 5029 jugiter
1359 4961 1426 5016 ab
1466 4961 1560 5018 illo
1599 4977 1726 5032 pro-

147 5052 490 5121 pitiationem
519 5061 749 5122 expete.
791 5051 1130 5108 Facultatum
1161 5053 1511 5122 cupiditatem
1567 5064 1622 5110 et
1653 5054 1736 5111 in-

147 5145 518 5200 obedientiam
555 5145 742 5216 procul
777 5146 938 5216 iuge;
980 5148 1076 5202 sed
1116 5147 1284 5201 multo
1322 5148 1496 5218 magis
1530 5148 1735 5219 gulam,

144 5251 216 5294 ne
245 5237 706 5306 concupiscentiis
731 5237 838 5294 tuis
870 5236 1184 5309 illaquearis
1212 5254 1226 5291 :
1263 5239 1390 5309 quia
1421 5239 1538 5294 haec
1569 5239 1733 5294 timo-

145 5344 263 5384 rem
293 5327 387 5384 Dei
413 5329 660 5395 a.corde,
689 5337 745 5386 et
769 5330 1154 5386 verecundiam
1183 5345 1211 5386 a
1242 5331 1393 5386 vultu
1416 5330 1727 5401 expellunt:

105 5419 229 5474 «sui
295 5419 603 5476 studiosum
672 5421 870 5478 vilibus
928 5436 994 5476 ac
1041 5421 1278 5478 sordidis
1333 5421 1722 5492 cupiditatibus

143 5509 465 5580 subjiciunt,
502 5520 554 5566 et
588 5521 824 5568 mentem
856 5511 1168 5567 abalienaut
1197 5527 1225 5566 a
1268 5513 1400 5569 Deo.

217 5600 299 5660 Ne
319 5603 594 5676 glorieris,
631 5619 735 5662 nec
762 5605 926 5661 corda
952 5619 1138 5663 verses
1157 5647 1175 5678 ,
1205 5616 1296 5666 aut
1327 5607 1510 5666 verbis
1527 5608 1722 5686 jactes,

221 5780 263 5821 ⁸⁸
302 5780 494 5845 Matth.
531 5801 654 5853 uv,
685 5783 774 5852 2i,
815 5783 905 5843 25.

1844 4591 2070 4660 comperi
2104 4601 2152 4645 te
2183 4591 2391 4660 ﬁdelem
2432 4592 2489 4644 in
2531 4591 2772 4655 modico;
2817 4590 3136 4644 constituam
3176 4598 3224 4641 te
3269 4602 3425 4655 super

1844 4684 2046 4749 multa;
2097 4683 2370 4753 ingredere
2424 4687 2477 4738 in
2531 4683 2786 4754 gaudium
2839 4682 3054 4737 Domini
3091 4682 3167 4736 lui
3201 4680 3286 4735 "z
3337 4681 3423 4735 cui

1842 4777 2013 4850 gloria
2041 4792 2260 4848 semper
2293 4778 2346 4833 in
2381 4780 2663 4834 steculum.
2699 4776 2894 4830 Amen.

2489 4869 2766 4940 Ejusdem.

1906 4961 2175 5033 Oportet,
2213 4971 2272 5016 ut
2314 4960 2499 5030 junior
2549 4962 2850 5016 monachus
2895 4959 2962 5015 de
3015 4958 3164 5014 omni
3214 4971 3410 5026 gressu

1834 5068 1995 5124 quem
2037 5054 2286 5124 graditur
2329 5053 2419 5108 vel
2465 5053 2520 5108 in
2563 5067 2662 5108 sua
2697 5052 2866 5116 cella,
2899 5062 2953 5107 et
2982 5051 3048 5107 de
3087 5051 3234 5105 omni
3266 5057 3416 5118 gutta

1836 5162 1992 5218 aqua:
2017 5162 2181 5218 quam
2205 5146 2368 5209 bibit,
2397 5145 2643 5202 seniores
2665 5145 2931 5201 consulat.
2957 5144 3235 5213 Siquidem
3263 5155 3421 5210 quos-

1835 5240 1959 5294 dam
2013 5254 2249 5308 agnosco
2304 5239 2606 5295 monachos
2659 5239 2753 5309 qui
2799 5236 3149 5300 ceciderunt,
3191 5234 3316 5303 quia
3359 5246 3420 5289 se

1834 5332 1946 5388 Deo
1983 5333 2200 5404 placere
2223 5332 2632 5389 existimabant.
2665 5331 2846 5398 Quare
2879 5330 2922 5385 si
2949 5327 3043 5381 tibi
3076 5333 3410 5394 prteceptuut

1831 5425 2033 5496 aliquid
2065 5424 2260 5490 fuerit,
2292 5424 2434 5494 quod
2483 5424 2573 5478 Dei
2634 5417 3060 5487 Douiiniutostri
3119 5419 3409 5469 consenta-

1829 5532 1990 5573 neum
2024 5518 2096 5573 sit
2161 5519 2484 5587 prteceptis,
2524 5513 2653 5569 illud
2683 5524 2906 5567 scrvare
2936 5517 2988 5562 et
3019 5505 3272 5576 amplecti
3303 5512 3416 5558 sata

1828 5625 1986 5683 agas;
2022 5617 2078 5667 ut
2130 5611 2184 5667 in
2247 5608 2398 5666 vobis
2451 5603 2810 5676 adimpleatur
2862 5601 3063 5658 dictum
3105 5593 3412 5670 Apostolit
