3872 6278
397 345 534 400 108³5

1497 337 1775 396 PATRES
1812 336 2113 395 EGYPTII
2155 335 2425 395 SECULI
2463 337 2547 392 IV.

3543 328 3701 384 {03-3

398 456 618 513 Ubed’ite
668 455 888 512 invicem
941 455 998 510 in
1047 453 1305 509 charitate
1351 451 1556 509 Christi
1587 454 1652 508 η.
1702 454 1903 520 Secus,
1940 454 1986 508 si
2019 460 2064 514 Α
2098 453 2362 507 admistus
2400 460 2632 512 tantum,
2666 455 2986 516 movetqne;
3019 454 3074 500 at
3109 461 3204 500 nec
3239 445 3416 509 obest,
3450 458 3558 498 nec
3593 459 3700 497 co-

398 549 556 604 nobis
607 547 810 618 aliquid
861 556 1194 617 praeceptum
1241 545 1406 601 fuerit
1467 547 1665 601 divinis
1712 546 1982 600 mandatis

395 640 734 710 oppositum;
764 646 890 692 tunc
911 637 1055 691 enim
1083 636 1414 706 praecipienti
1439 636 1706 703 dicamus,
1731 645 1978 705 oportet:

401 731 544 798 Quid
580 731 748 798 magis
772 739 1183 783 consentaneum
1208 729 1354 784 nobis
1388 737 1485 796 est,
1515 728 1724 783 obedire
1752 726 1885 792 Deo,
1914 743 1983 780 an

295 844 298 846 τ
399 820 697 874 hominibus
732 819 817 872 ⁸⁸2
868 819 1248 889 Memoresque
1297 822 1471 876 simus
1517 820 1666 875 vocis
1728 819 1980 873 Domini:

403 911 538 966 Oves
570 927 698 965 mea:
725 927 829 965 non
855 922 1137 982 sequentur
1165 913 1417 975 alienum,
1450 911 1539 965 sed
1569 910 1717 963 illum
1758 910 1984 981 fugient,

400 1003 526 1071 quia
555 1018 657 1056 non
693 1012 950 1057 noverunt
990 1019 1163 1057 vocem
1191 1003 1332 1057 illius
1357 1003 1422 1057 ¹⁹.
1454 1000 1720 1057 Similiter
1746 1003 1985 1058 caelestis

401 1091 602 1146 Paulus
650 1095 905 1148 admonet
952 1103 1001 1149 et
1043 1094 1212 1149 dicit:
1247 1092 1310 1148 Si
1352 1111 1482 1160 nos,
1515 1102 1608 1149 aut
1642 1094 1839 1162 angeli,
1892 1104 1985 1148 aut

399 1184 661 1252 quispiam
708 1182 847 1236 alius
901 1185 1294 1238 annuntiaverit
1347 1185 1486 1239 vobis
1528 1194 1721 1253 praeter
1760 1201 1821 1239 ea
1867 1201 1986 1254 qua:

403 1272 782 1327 annuntiamus
824 1274 966 1327 vobis
991 1314 1007 1342 ,
1039 1273 1320 1328 anathema
1354 1274 1454 1340 sit,
1508 1290 1600 1329 nec
1636 1275 1790 1328 illum
1825 1275 1986 1329 susci-

401 1362 558 1426 piatis
583 1362 650 1415 ὀ.

473 1451 664 1518 Magna
698 1461 780 1508 est
814 1453 990 1508 virtus
1014 1453 1180 1519 illius,
1217 1455 1306 1524 qui
1337 1454 1576 1524 quandin
1609 1452 1762 1521 vivit,
1785 1467 1990 1523 opera-

405 1549 494 1596 tur
521 1554 576 1597 et
613 1545 834 1614 respicit
856 1547 1098 1615 quotidie
1131 1563 1301 1617 usque
1330 1547 1396 1600 ad
1429 1547 1673 1602 ultimum
1712 1546 1985 1616 spiritum,

403 1633 458 1688 in
505 1647 824 1706 sequentem
863 1645 1006 1692 tenta
1035 1647 1226 1692 torem.
1270 1625 1439 1692 Deum
1485 1639 1805 1708 deprecatus
1843 1652 1983 1704 sum,

2089 547 2184 615 git.
2217 543 2364 600 Inest
2397 542 2470 597 illi
2525 555 2742 612 quoque
2770 539 2908 593 alius
2941 548 3141 601 motus,
3195 537 3285 606 qui
3319 535 3579 590 exoritur
3616 547 3696 588 ex

2089 634 2278 703 requie
2309 641 2365 688 et
2391 632 2615 688 mollitie
2647 629 2914 700 corporis,
2973 642 3072 682 nec
3118 642 3223 681 non
3265 623 3696 680 delicatioribus

2088 727 2227 781 cibis
2251 734 2306 780 et
2340 733 2466 795 potu
2494 740 2510 790 ;
2555 722 2700 778 unde
2733 720 2917 777 calelit
2951 733 3171 789 corpus,
3216 716 3437 786 sanguis
3463 713 3695 769 inﬂam-

2088 825 2292 884 matur,
2324 823 2381 870 et
2414 822 2589 869 movet
2619 813 2687 867 ad
2731 811 3090 882 Operandum.
3125 809 3259 864 llinc
3286 808 3503 862 divinus
3553 820 3693 874 apo.

2097 908 2266 964 stolns
2289 907 2488 964 Paulus
2520 907 2634 959 ait:
2681 902 2863 959 Nolite
2889 900 3138 956 inebriari
3190 901 3330 965 vino,
3375 901 3432 952 in
3463 914 3572 967 quo
3607 907 3690 950 est
3723 957 3734 972 __

2089 1001 2304 1056 luxuria
2342 1002 2412 1056 ²¹.
2455 999 2718 1054 Dominus
2750 1009 2966 1066 quoque
3013 993 3268 1066 praecepit
3296 993 3410 1047 suis
3435 981 3740 1057 discipu-fs

2087 1091 2154 1147 lis
2190 1093 2241 1146 in
2275 1106 2433 1147 sacro
2487 1089 2781 1158 Evangelia
2812 1088 3036 1143 dicens:
3088 1083 3288 1146 Videte,
3327 1091 3375 1136 et
3399 1080 3687 1142 attendite,

2092 1197 2156 1235 ne
2188 1189 2610 1235 transmutentur
2644 1178 2806 1232 corda
2849 1183 3023 1230 vestra
3071 1183 3282 1243 propter
3323 1169 3607 1239 crapulam
3638 1180 3690 1222 et

2090 1272 2396 1326 ebrietatem
2418 1272 2486 1325 ²¹.
2519 1270 2616 1324 Est
2651 1269 2828 1322 adhuc
2862 1267 3000 1320 alius
3031 1273 3228 1323 motus.
3264 1262 3354 1332 qui
3410 1260 3697 1315 excitatur

2094 1364 2147 1418 in
2181 1364 2529 1418 decertantes
2555 1362 2623 1418 ab
2665 1361 2864 1417 invidia
2909 1367 2965 1414 et
2998 1359 3303 1412 daemonum
3343 1363 3486 1409 astu.
3523 1352 3690 1407 Scia-

2093 1468 2216 1509 mus
2243 1469 2394 1524 ergo,
2431 1463 2542 1510 tres
2571 1467 2693 1509 esse
2719 1452 2931 1508 calores
2977 1446 3320 1518 corporales:
3353 1459 3523 1500 unum
3579 1458 3688 1497 na-

2101 1545 2360 1611 turalem,
2413 1547 2548 1602 duos
2598 1558 2730 1600 vero
2782 1545 2920 1599 alios
2965 1538 3328 1610 accidentales
3363 1555 3379 1604 ;
3415 1552 3585 1591 unum
3614 1550 3687 1590 ex

2098 1635 2344 1693 ciborum
2375 1647 2430 1691 et
2456 1648 2583 1706 potu
2611 1635 2788 1704 copia,
2849 1632 3083 1688 alterum
3112 1645 3141 1684 a
3174 1628 3511 1684 daemonibus
3535 1627 3692 1682 exci-

407 1735 467 1778 ut
501 1728 631 1780 mihi
667 1729 975 1782 ostenderet
1010 1729 1347 1797 praesidium,
1382 1730 1706 1783 monachum
1740 1727 1986 1782 ambiens
2094 1739 2284 1783 talum.
2319 1727 2576 1783 Nostrum
2611 1742 2742 1798 ergo
2771 1728 2896 1792 erit,
2936 1738 3031 1780 eos
3068 1721 3152 1780 vel
3196 1719 3448 1790 amplecti
3487 1719 3574 1773 vel
3607 1731 3694 1773 re-

403 1824 568 1884 atque
609 1816 935 1882 defendens;
972 1827 1026 1872 et
1053 1819 1159 1872 vidi
1194 1818 1518 1873 monachum
1550 1819 1723 1887 igneis
1748 1819 1987 1874 eircum-
2020 1808 2062 1862 Β
2094 1819 2308 1890 pellere,
2339 1819 2385 1876 si
2421 1819 2693 1875 volumus.
2850 1827 2852 1829 ’

405 1907 588 1961 datum
621 1908 983 1979 lampadibus,
1011 1919 1064 1964 et
1091 1909 1409 1978 angelorum
1443 1909 1842 1964 inultitndinem
1871 1910 1992 1979 gla-

404 1999 511 2054 diis
541 1999 686 2054 illum
724 2001 1144 2056 custodientium
1177 2010 1234 2055 ut
1268 2001 1521 2070 pupillam
1555 2001 1695 2056 oculi
1718 2040 1734 2066 ,
1771 2012 1826 2056 et
1858 2016 1988 2058 ecce

405 2104 509 2145 vox
537 2091 602 2145 de
630 2089 768 2146 cwlo
792 2091 975 2147 dicens
1005 2111 1019 2148 :
1068 2091 1147 2146 Ne
1177 2093 1311 2146 detis
1339 2093 1420 2146 illi
1453 2093 1714 2162 requiem,
1744 2094 1980 2163 quandiu

408 2192 576 2236 rectus
601 2183 719 2237 vivit
743 2183 800 2237 in
826 2183 923 2236 hoc
946 2185 1160 2237 mundo.
1187 2183 1322 2239 Cum
1348 2199 1478 2252 ergo
1509 2185 1814 2254 hujusmodi
1845 2201 1992 2254 prm-

405 2273 601 2328 sidium
646 2273 968 2328 monachum
1020 2275 1265 2329 ambiens
1291 2274 1544 2329 vidissem
1569 2316 1586 2340 ,
1618 2275 1853 2342 iugemui
1880 2316 1895 2342 ,
1928 2291 1991 2332 ac

408 2363 518 2418 dixi
549 2378 565 2418 :
609 2363 654 2418 Ο
683 2366 904 2432 Antoni,
949 2366 1052 2420 hoc
1085 2374 1254 2420 totum
1283 2367 1467 2420 datum
1504 2377 1588 2421 est
1619 2369 1908 2433 monacho,
1938 2378 1994 2424 et

407 2455 667 2522 praevalet
693 2455 955 2511 adversus
997 2471 1118 2510 eum
1155 2456 1438 2524 diabolus,
1466 2468 1522 2511 et
1548 2459 1695 2513 cadit
1721 2459 1994 2514 nihilomi-

410 2546 545 2598 nus!
583 2545 648 2598 Et
680 2546 826 2600 venit
859 2547 924 2599 ad
960 2561 1046 2600 me
1076 2561 1178 2601 vox
1211 2562 1240 2600 a
1275 2547 1627 2603 misericorde
1659 2548 1887 2604 Domino
1912 2551 1996 2604 di-

409 2649 540 2692 cens
569 2654 582 2690 :
619 2636 898 2693 Neminem
931 2637 1180 2693 diabolus
1209 2639 1446 2708 dejicere
1472 2650 1649 2709 potest
1683 2659 1698 2707 ;
1725 2642 1990 2710 ejusmodi

408 2729 553 2782 enim
587 2738 909 2797 potestatem
941 2746 1046 2785 non
1090 2729 1282 2796 habet,
1324 2733 1449 2801 quia
1488 2733 1643 2798 veni,
1687 2733 1996 2788 humanita-

411 2829 518 2874 tem
575 2822 889 2894 assumpsi,
941 2831 995 2877 et
1041 2820 1157 2891 ejus
1203 2823 1437 2878 contrivi
1488 2832 1848 2893 potestatem;
1900 2824 1992 2880 sed

410 2911 574 2966 humo
603 2911 718 2981 ipse
743 2928 853 2978 sua
897 2914 1193 2982 cupiditate
1229 2924 1285 2970 et
1327 2915 1768 2984 concupiscentia
1801 2915 1998 2970 dissol-

407 3003 557 3056 vitur
587 3012 643 3057 et
669 3003 834 3061 cadit.
875 3003 1000 3066 Dixi
1026 3018 1128 3072 ego
1157 3022 1170 3058 :
1211 3005 1291 3058 An
1319 3005 1546 3075 singulis
1569 3007 1850 3061 monachis
1877 3006 1995 3062 haec

409 3094 482 3148 sit
508 3093 633 3147 data
670 3095 877 3149 virtus?
912 3095 974 3148 Et
1015 3096 1254 3150 ostendit
1300 3097 1430 3152 mihi
1474 3097 1656 3167 plures
1692 3099 1996 3154 monachos

2743 1909 3014 1981 Ejusdem.

2169 2003 2405 2073 Tempus
2445 2001 2692 2072 profecto
2749 2002 2854 2056 erit
2911 1997 3235 2070 aliquando,
3271 2010 3394 2051 cum
3433 1993 3689 2049 homines

2095 2096 2401 2163 insanient;
2443 2089 2599 2150 etsi
2654 2108 2816 2165 quem
2852 2092 3091 2148 viderint
3140 2105 3248 2144 non
3297 2088 3686 2150 insanientem,

2096 2186 2377 2256 insurgent
2417 2186 2469 2239 in
2514 2184 2664 2238 illum
2693 2183 2940 2238 dicentes
2971 2199 2985 2238 :
3033 2179 3111 2234 Tu
3136 2196 3188 2234 es
3226 2177 3403 2249 utique
3426 2178 3686 2238 insanus;

2105 2280 2232 2348 quia
2261 2293 2366 2332 non
2390 2284 2475 2334 est
2503 2275 2697 2332 similis
2724 2274 2848 2328 illis.

2749 2365 3022 2435 Ejusdem.

2169 2460 2500 2530 Principium
2531 2459 2777 2514 omnium
2833 2458 3120 2522 virtutum,
3149 2462 3205 2509 et
3243 2451 3572 2524 principium
3593 2463 3690 2504 sa-

2097 2554 2314 2623 pientiae
2339 2591 2356 2618 ,
2395 2561 2482 2606 est
2515 2551 2678 2606 timor
2699 2549 2933 2604 Domini.

2167 2643 2633 2712 Quemadmodum
2666 2641 2977 2712 ingrediens
3004 2639 3182 2694 lumen
3208 2639 3426 2692 domum
3448 2634 3688 2706 aliquam

2105 2734 2479 2798 tenebrosam,
2507 2729 2723 2801 expellit
2748 2731 2866 2800 ejus
2900 2731 3173 2792 tenebras,
3215 2738 3268 2784 et
3305 2731 3446 2787 illam
3484 2730 3692 2784 illumi-

2099 2838 2210 2895 nat;
2242 2829 2314 2882 ita
2349 2827 2395 2882 si
2429 2828 2594 2881 timor
2645 2824 2864 2879 Domini
2889 2823 3252 2894 ingredietur
3284 2838 3380 2876 cor
3425 2821 3684 2882 hominis.

2098 2921 2216 2990 ejus
2241 2919 2461 2990 expellit
2497 2920 2782 2984 tenebras,
2819 2916 3117 2972 virtutibus
3166 2915 3421 2971 omnibus
3482 2914 3688 2968 imbuet

2098 3025 2151 3071 et
2180 3014 2466 3086 sapientia.

2171 3103 2641 3172 Quemadmodum
2679 3102 2936 3172 superbia
2980 3112 3032 3156 et
3066 3100 3233 3156 animi
3281 3099 3446 3155 elatio
3473 3099 3686 3167 deiece-

411 3186 514 3240 hae
536 3187 793 3254 praeditos
823 3187 1044 3241 virtute.
1076 3186 1230 3244 Tunc
1251 3190 1551 3244 exclamavi
1575 3200 1630 3244 et
1658 3190 1768 3244 dixi
1801 3209 1813 3246 :
1851 3190 1991 3246 Bea-
2021 3169 2064 3228 θ
2099 3169 2226 3250 τιιιιί
2253 3193 2521 3248 diabolum
2551 3193 2617 3247 ab
2643 3169 2925 3246 altitudine
2955 3193 3020 3244 ad
3068 3189 3390 3260 profundum
3425 3205 3440 3252 ;
3481 3189 3555 3241 ita
3594 3187 3688 3240 hu.

411 3285 525 3331 tum
560 3288 639 3332 est
685 3293 855 3348 genus
903 3280 1237 3349 humanum,
1277 3290 1332 3337 et
1378 3282 1684 3351 praesertim
1720 3284 1994 3338 exercitus

415 3369 839 3435 monachorum,
870 3386 993 3425 cum
1028 3373 1263 3427 habeant
1291 3373 1578 3428 Dominum
1619 3384 1728 3429 tam
1774 3376 1990 3430 miseri—

410 3465 652 3527 cordem,
681 3473 734 3516 et
760 3463 832 3517 ita
863 3472 1163 3518 amatorem
1191 3465 1494 3521 hominum.
1521 3465 1700 3532 Quare
1724 3465 1790 3520 de
1814 3475 1998 3521 nostra

411 3553 585 3608 salute
636 3554 806 3610 simus
857 3553 1111 3623 solliciti,
1171 3571 1272 3612 nec
1321 3557 1466 3612 illam
1524 3557 1896 3628 negligamtts,
1938 3568 1997 3613 ut

413 3660 635 3715 regnum
663 3659 970 3699 mereamur
993 3656 1320 3716 cooperante
1349 3647 1520 3716 gratia
1544 3656 1597 3701 et
1618 3647 1995 3702 misericordia

412 3735 623 3789 Domini
670 3739 841 3791 nostri
874 3736 1001 3792 Jesu
1034 3738 1258 3806 Christi,
1288 3740 1376 3794 cui
1418 3750 1503 3793 est
1540 3739 1659 3794 laus
1684 3755 1806 3794 cum
1833 3739 1994 3795 Patre

410 3836 467 3881 et
499 3827 703 3895 Spiritu
729 3838 918 3884 sancto
955 3829 1007 3883 in
1039 3831 1316 3884 saeculum.
1353 3832 1546 3886 Amen.

413 3939 674 4010 Ejusdem
732 3940 797 3994 de
863 3943 1095 4010 corporis
1151 3944 1375 4024 motibus
1415 3960 1433 3997 :
1467 3954 1514 3998 et
1578 3945 1837 3999 habentur
1883 3947 1995 4016 ejus

1075 4022 1241 4081 .epist.
1285 4029 1323 4068 ι.
1759 4055 1762 4058 ι

485 4101 660 4167 Scias,
699 4102 915 4172 corpori
971 4101 1149 4158 inesse
1199 4102 1486 4172 quemdam
1541 4104 1840 4158 naturalem
1879 4121 1998 4161 mo-

415 4204 525 4248 tum
553 4196 605 4248 in
637 4211 703 4250 eo
742 4197 1045 4260 ardentem,
1079 4194 1171 4249 sed
1207 4195 1251 4249 is
1314 4210 1653 4266 nequaquam
1720 4209 1995 4267 operatur,

415 4288 515 4341 nisi
540 4287 733 4340 anima:
789 4284 1086 4342 accesserit
1132 4300 1472 4354 consensus;
1511 4303 1632 4341 nam
1672 4289 1884 4358 corpori
1917 4299 2002 4345 est

487 4405 527 4474 ξ’
567 4401 743 4458 Galat.
777 4404 946 4474 v.13;
986 4403 1183 4474 Ephes.
1207 4418 1260 4469 ν,
1301 4403 1393 4458 21.

415 4473 460 4505 ⁸¹
485 4471 612 4526 Luc.
641 4489 757 4541 ut,
780 4473 872 4529 54.

2103 3284 2308 3339 militas
2333 3291 2387 3338 et
2411 3282 2768 3337 mansuetudo
2790 3281 3062 3335 hominem
3093 3278 3360 3333 extollunt
3386 3292 3416 3330 a
3447 3289 3592 3331 terra
3619 3277 3682 3330 ad

2097 3376 2316 3431 cmlum.
2669 3365 2680 3373 ’

2173 3447 2665 3530 Quemadmodum,
2739 3462 2831 3516 ﬁlii
2880 3463 3010 3527 mei,
3059 3461 3225 3530 piscis
3279 3469 3433 3515 extra
3488 3473 3684 3528 aquam

2099 3559 2328 3614 eductus
2364 3559 2548 3628 perit;
2584 3559 2656 3613 ita
2720 3559 2862 3630 perit
2917 3558 3084 3612 timor
3145 3555 3359 3611 Domini
3411 3570 3479 3610 ex
3521 3554 3690 3610 corde

2103 3651 2375 3718 monachi,
2409 3652 2452 3706 si
2482 3665 2578 3706 sua
2606 3650 2742 3707 cella
2770 3665 2972 3720 vagans
2995 3649 3326 3720 egredietur.

2175 3746 2322 3814 Opus
2373 3745 2887 3816 prestantissimum
2915 3745 3158 3800 omnium
3189 3745 3331 3815 quod
3357 3745 3521 3800 homo
3552 3757 3686 3815 pre-

2103 3846 2249 3893 stare
2268 3845 2467 3906 potest,
2515 3843 2601 3892 est
2651 3844 2711 3891 ut
2762 3845 2984 3906 peccata
3019 3849 3115 3889 sua
3137 3834 3463 3890 conﬁteatur
3499 3847 3686 3890 coram

2105 3930 2216 3984 Deo
2245 3929 2468 3997 suisque
2497 3927 2816 3996 maioribus,
2837 3935 2890 3982 et
2909 3936 3082 3982 semet
3105 3927 3280 3996 ipsum
3303 3925 3686 3996 reprehendat,

2106 4020 2284 4090 sitque
2314 4028 2538 4090 paratus
2564 4034 2856 4075 occurrere
2881 4020 3028 4076 omni
3058 4019 3394 4075 tribulationi
3427 4031 3600 4088 usque
3622 4021 3686 4070 ad

2107 4112 2463 4166 novissimum
2490 4111 2763 4182 spiritum.

2650 4223 3096 4359 Adm02itionum
3167 4232 3216 4278 et
3288 4220 3687 4278 Sententiarum

2870 4311 2975 4352 uss.

2870 4311 2975 4352 uss.

2109 4221 2294 4278 Sancti
2364 4222 2586 4278 Antonii

1474 4402 1517 4434 ⁸⁸
1555 4403 1675 4458 Act.
1710 4419 1761 4469 ν,
1807 4404 1899 4460 ‘29.
1979 4409 2012 4440 ¹¹

2116 4427 2212 4468 ian.
2271 4429 2326 4478 x,
2379 4412 2433 4468 5.
2507 4413 2554 4446 ¹⁰
2593 4411 2770 4469 Galat.
2837 4428 2877 4480 ι,
2923 4413 2979 4480 8,
3029 4410 3083 4468 9.
3160 4410 3205 4444 ’ί
3248 4407 3446 4478 Ephes.
3491 4419 3548 4471 v,
3605 4401 3688 4456 18.

1028 4793 1147 4906 S.
1246 4793 1851 4909 ΑΝΤΟΝΙΙ
1931 4794 2012 4903 M

2116 4793 2390 4907 .GNI
2482 4795 3080 4911 ABBATIS

1266 5030 2084 5110 SENTENTIARUM
2165 5032 2819 5126 QUARUMDAM

836 5213 1169 5294 Expositio
1224 5211 1382 5274 facta
1437 5228 1472 5272 a
1531 5211 1808 5292 quodam
1863 5228 2018 5275 sene
2075 5219 2218 5352 plost
2276 5214 2416 5293 ejus
2473 5216 2755 5290 obitum,
2813 5215 3304 5295 ctIlagilantibus

1874 5307 2225 5352 monacns.

1874 5307 2225 5354 monacms.

796 5592 1148 5664 Interrogatio
1192 5594 1594 5649 monachorum.

486 5688 767 5756 Quomodo
795 5697 880 5742 est
931 5688 1333 5757 intelligendum
1386 5687 1513 5743 illud
1553 5687 1609 5744 S.
1653 5688 1874 5744 Antonii
1905 5687 1994 5744 ab-

419 5781 561 5837 batis
593 5781 659 5837 ad
683 5781 1006 5851 discipulum
1035 5798 1192 5840 suum
1227 5780 1825 5870 Paulum.simplicem,
1870 5795 1994 5838 cum

2020 5603 2067 5664 ι)
2092 5605 2237 5651 esset
2276 5609 2529 5665 egressus
2571 5595 2638 5650 de
2693 5593 2936 5650 mundo:
2999 5593 3061 5650 Si
3092 5594 3166 5650 vis
3201 5609 3315 5648 esse
3373 5593 3678 5652 monachus,

2103 5689 2234 5742 vade
2257 5689 2324 5740 nd
2352 5687 2727 5740 monasterium
2751 5685 3052 5740 multorum-
3078 5671 3327 5755 fratrum,
3363 5685 3454 5755 qui
3479 5683 3676 5738 valeant

2106 5782 2362 5835 sustinere
2393 5779 2751 5849 inﬁrmitatem
2785 5787 2929 5836 tuam
2957 5780 2982 5832 ξ)
