3872 6278
167 360 313 422 1085

719 477 1000 546 Responsio
1057 483 1218 536 senis.

239 566 320 623 Ex
352 567 456 623 hac
494 582 554 624 re
579 569 872 626 ediscimus
895 571 1040 640 quod
1072 586 1170 626 nos
1201 577 1446 640 oporteat
1473 584 1753 641 suscipere

164 673 331 715 senes
369 657 642 724 inﬁrmos,
669 660 988 727 imbecillos,
1037 677 1211 717 caecos
1241 671 1294 716 et
1325 661 1674 733 paralyticos,
1699 669 1755 716 et

168 751 399 821 diligere
428 765 558 818 eos;
591 751 678 806 isti
706 752 850 806 enim
895 767 1019 806 cum
1048 754 1244 823 gaudio
1293 763 1347 808 et
1373 754 1510 807 bona
1567 752 1755 806 volun-

169 851 284 898 tate
309 857 429 897 sese
483 843 777 900 virtutibus
815 845 1197 914 comparandis
1227 846 1512 911 dederunt,
1549 845 1652 899 etsi
1685 844 1754 899 ob

168 950 302 990 snas
326 926 670 990 inﬁrmitates
703 935 920 992 labores
947 938 1131 992 subire
1183 952 1292 992 non
1353 937 1586 1006 possint.
1619 937 1756 991 Hinc

170 1027 316 1081 haud
348 1028 607 1083 mediocri
665 1029 1088 1099 reprehensione
1138 1030 1284 1096 digni
1332 1038 1459 1086 sunt
1513 1039 1756 1085 rectores

170 1118 252 1172 illi
284 1126 340 1172 et
363 1119 674 1187 superiores
709 1120 1164 1175 monasteriorum
1186 1160 1202 1186 ,
1245 1121 1338 1190 qui
1398 1136 1556 1177 senes
1585 1131 1641 1176 et
1679 1122 1758 1177 in-

171 1209 384 1274 ﬁrmos,
419 1211 521 1265 etsi
561 1211 855 1266 virtutibus
914 1211 1386 1281 praeclarissimos,
1415 1228 1524 1268 non
1583 1214 1758 1270 susci-

170 1301 363 1371 piunt;
389 1301 694 1370 suscipiunt
718 1315 852 1356 vero
894 1301 1081 1357 libenti
1113 1302 1295 1357 animo
1333 1301 1586 1357 fortiores
1603 1304 1760 1372 juve-

169 1407 274 1448 nes
297 1401 516 1461 propter
542 1406 722 1450 rerum
747 1393 1178 1462 peragendarum
1210 1393 1757 1462 administrationem,

171 1482 376 1537 itinera
425 1480 787 1545 conﬁcienda,
852 1483 1157 1552 ingressum
1211 1490 1265 1537 et
1307 1496 1608 1552 egressum,
1657 1485 1758 1540 etsi

171 1573 412 1626 audaces
466 1572 574 1626 sint
637 1578 693 1626 et
726 1573 1085 1642 impudentes.
1138 1571 1246 1627 llos
1278 1573 1548 1642 interpres
1569 1575 1763 1630 beatus

171 1663 379 1718 acriter
404 1663 750 1733 reprehendit
780 1663 832 1717 in
868 1663 1006 1717 libro
1023 1662 1100 1716 De
1118 1663 1438 1732 perfectione
1466 1663 1757 1734 regiminis,

172 1754 394 1810 dicens:
425 1752 516 1809 lsti
548 1756 664 1809 suis
721 1753 1027 1823 discipulis,
1085 1755 1214 1808 utin
1243 1754 1497 1824 operibus
1543 1756 1762 1810 virtutis

172 1845 316 1915 pigri
375 1845 503 1911 sint,
552 1845 892 1913 permittunt,
950 1854 1004 1899 et
1028 1846 1094 1898 ad
1139 1859 1304 1915 Opera
1357 1844 1661 1914 corporalia
1693 1858 1758 1899 ac

174 1936 458 1989 mundana
527 1935 803 2003 impendio
849 1933 1172 2002 sollicitant;
1225 1934 1330 1989 illis
1379 1948 1510 1988 vero
1565 1934 1658 2004 qui
1691 1935 1759 1989 ad

171 2040 399 2094 operam
458 2025 762 2079 navandam
811 2023 1100 2079 virtutibus
1178 2024 1478 2094 religiosam
1525 2022 1758 2094 amplexi

172 2127 302 2172 sunt
329 2112 516 2181 vitam,
557 2116 757 2171 nullam
802 2117 1106 2171 concedunt
1135 2115 1204 2171 ab
1247 2117 1506 2186 operibus
1531 2116 1758 2170 munda-

174 2209 264 2263 nis
296 2208 536 2277 requiem
596 2216 688 2262 aut
733 2211 925 2273 otium,
959 2209 1054 2264 sed
1115 2209 1373 2265 continuo
1421 2211 1486 2264 ad
1518 2211 1632 2265 ham
1666 2224 1762 2266 eos

173 2310 392 2369 urgent,
426 2301 796 2368 improperant
823 2339 840 2364 ,
893 2301 1143 2368 irrident,
1194 2302 1545 2372 exprobrant,
1579 2304 1765 2356 redar-

173 2399 372 2459 guunt.
398 2391 542 2460 quod
563 2405 700 2459 opus
729 2391 832 2446 sibi
863 2395 1216 2446 commissum
1249 2408 1441 2462 magna
1477 2393 1765 2447 sedulitate

176 2496 289 2535 non
325 2482 657 2538 absolverint
677 2523 692 2547 ,
727 2482 844 2538 sive
875 2483 928 2538 id
950 2484 1212 2539 acciderit
1241 2495 1463 2554 propter
1483 2483 1767 2548 imbecilli-

173 2584 371 2641 tatem,
403 2577 517 2632 sive
543 2577 613 2632 ob
644 2579 912 2632 incuriam
937 2577 1228 2648 aliquando
1251 2617 1266 2643 ,
1302 2593 1608 2647 quanquam
1633 2578 1768 2632 alias

178 2671 380 2726 rnillies
401 2670 602 2727 iuerint
627 2673 844 2728 solliciti
875 2688 940 2728 ac
967 2673 1271 2742 diligentes.
1296 2672 1520 2736 Contra,
1558 2676 1769 2749 magnis

177 2777 279 2817 cos
313 2764 587 2819 celebrant
637 2764 908 2830 laudibus,
963 2767 1055 2836 qui
1092 2765 1336 2820 sedulam
1374 2779 1594 2834 operam
1621 2779 1770 2817 mun-

183 2856 342 2910 danis
401 2858 532 2911 dant
580 2857 762 2923 rebus,
800 2858 904 2912 etsi
958 2858 1013 2912 in
1069 2857 1363 2912 virtutibus
1423 2857 1769 2927 acquirendis

177 2951 291 3005 sint
312 2951 614 3020 pigerrimi.
641 2951 794 3018 Quod
828 2965 960 3006 sane
994 2965 1100 3004 non
1161 2966 1228 3004 ex
1272 2950 1473 3005 virtute
1502 2950 1767 3014 exoritur,

179 3044 278 3098 sed
317 3058 346 3095 a
407 3044 696 3099 mundanis
750 3043 901 3097 curis
947 3042 1231 3113 provenit;
1272 3041 1417 3111 quod
1445 3051 1626 3097 autem
1654 3055 1772 3096 om-

840 362 903 419 S.
942 365 1224 422 ANTONII
1261 367 1332 425 Μ.
1373 365 1670 424 ABBATIS
1709 362 2261 426 SENTENTIARUM
2297 367 2688 430 EXPOSlTlOt

3289 385 3429 444 1088

1782 478 2123 546 Αάἰῐεριίο,
2191 496 2312 551 quae
2384 485 2726 554 potissimum
2780 486 2889 542 vita
2951 500 3035 546 est
3091 496 3430 569 appellanda,

1855 572 2052 627 animae
2122 574 2332 630 scilicet
2395 585 2451 631 et
2509 578 2837 634 intellectus.
2914 582 2969 638 Si
3019 600 3148 655 ergo
3206 601 3432 646 cuncta-

1852 665 2001 719 bitur
2055 668 2353 724 monachus
2421 669 2474 724 in
2530 671 2777 740 urbibus,
2843 676 2961 731 visu
3020 687 3074 733 et
3118 681 3433 739 confabula-

1858 755 2097 812 tionibus
2131 759 2383 826 moritur,
2429 762 2736 830 privatione
2770 765 3066 834 spiritualis
3113 771 3256 837 vitae,
3285 776 3431 844 quod

1857 846 2145 902 abducitur
2195 862 2226 902 a
2284 849 2413 916 Deo,
2471 866 2704 923 eumque
2766 855 3123 924 obliviscitur,
3152 872 3202 915 et
3227 862 3432 918 Christi

1856 955 2096 995 amorem
2151 955 2182 996 e
2232 957 2332 999 suo
2387 945 2548 1000 corde
2614 947 2851 1016 depellit,
2905 964 3064 1019 quem
3106 954 3291 1010 multis
3313 957 3419 1011 sibi

1858 1042 2278 1100 comparaverat
2337 1034 2639 1106 laboribus,
2688 1039 2814 1093 dum
2845 1045 3022 1109 quiete
3064 1043 3341 1100 fruebatur
3381 1047 3433 1101 in

1858 1124 2016 1179 cella.
2048 1124 2344 1181 Relaxatur
2363 1137 2622 1195 praeterea
2648 1129 2701 1184 in
2736 1145 2803 1184 eo
2839 1130 3144 1190 alﬁictionis
3173 1151 3348 1201 artior,
3380 1147 3438 1192 et

1862 1231 1981 1272 sese
2011 1217 2175 1271 dedet
2227 1219 2435 1288 requiei
2496 1229 2548 1275 et
2606 1224 3098 1293 concupiscentiis;
3157 1237 3210 1282 et
3256 1229 3436 1284 cordis

1860 1308 2225 1362 conturbatur
2253 1310 2460 1377 paritas
2496 1311 2564 1365 ob
2610 1314 2912 1380 specierum
2949 1317 3293 1384 perturbatos
3318 1334 3436 1374 mo-

1861 1409 1975 1466 tus,
2011 1415 2131 1469 qnte
2178 1401 2531 1470 egrediuntur
2578 1413 2632 1456 et
2686 1403 3060 1472 ingrediuntur
3092 1421 3189 1474 per
3221 1421 3435 1477 sensus,

1862 1493 1952 1561 qui
1989 1503 2116 1546 sunt
2145 1493 2574 1561 visus,'auditus,
2615 1496 2800 1559 verba,
2836 1505 3034 1564 tactus,
3065 1507 3278 1568 gustus,
3301 1501 3436 1557 odo-

1866 1592 2054 1647 ratus;
2080 1597 2146 1636 ex
2180 1583 2377 1652 quibus
2413 1582 2550 1638 forte
2592 1584 2877 1639 deducitur
2906 1586 2972 1640 ad
3020 1586 3438 1644 fornicationem

1865 1672 2113 1742 aliasque
2164 1674 2466 1742 passiones,
2514 1690 2633 1744 quae
2667 1690 2794 1730 vere
2848 1688 2974 1731 sunt
3009 1678 3256 1732 monachi
3294 1694 3445 1734 mors

1865 1772 1916 1817 et
1942 1762 2215 1817 interitus.
2251 1763 2393 1818 Bene
2427 1764 2588 1833 igitur
2610 1764 2684 1818 ait
2737 1765 2798 1818 Β.
2843 1767 3141 1822 Antonius:
3171 1769 3442 1835 Quemad-

1868 1853 2079 1906 modum
2110 1855 2412 1906 moriuntur
2440 1855 2606 1923 pisces
2638 1855 2691 1909 in
2719 1857 2924 1911 aridam
2947 1859 3204 1924 extracti;
3236 1860 3311 1912 ita
3333 1875 3448 1912 mo-

1869 1946 2005 1998 ritur
2057 1945 2367 2012 monachus,
2432 1947 2526 2016 qui
2575 1957 2726 2001 extra
2794 1947 2979 2002 cellam
3040 1950 3094 2004 in
3147 1950 3446 2004 civitatibus

1866 2032 2021 2103 degit.

2469 2128 2845 2200 Interrogatio.

1942 2217 2088 2273 Dixit
2118 2219 2176 2273 S.
2208 2219 2375 2276 abbas
2405 2219 2669 2276 Antonius
2700 2239 2713 2276 :
2749 2221 2852 2286 Qui
2879 2223 3216 2276 solitudinem
3245 2223 3448 2291 incolit,

1871 2327 1901 2362 a
1934 2311 2100 2363 tribus
2137 2313 2392 2364 liberatur
2425 2311 2796 2366 certaminibus
2817 2328 2835 2365 :
2863 2314 3057 2367 scilicet
3091 2315 3279 2376 verbis,
3308 2317 3450 2380 uisu,

1872 2403 2057 2455 auditu
2082 2418 2100 2465 ;
2129 2413 2389 2472 restatque
2424 2404 2501 2457 illi
2534 2406 2794 2457 duntaxat
2827 2416 3088 2458 certamen
3119 2407 3312 2459 cordis.
3339 2405 3451 2460 Ex-

1875 2507 2012 2562 pone
2043 2493 2218 2559 nobis,
2252 2509 2458 2564 quasso,
2490 2498 2652 2550 verba
2687 2499 2798 2552 haec
2829 2499 2992 2553 beati.

2514 2585 2823 2656 Responsio.

1947 2678 2060 2732 Non
2087 2679 2230 2748 quod
2263 2692 2441 2748 pugna
2471 2693 2592 2747 qua:
2626 2680 2684 2733 lit
2743 2681 2795 2733 in
2833 2680 3018 2748 quiete
3065 2688 3120 2735 et
3165 2680 3457 2735 solitudine

1876 2772 2056 2827 minor
2090 2771 2162 2826 sit
2193 2771 2494 2826 certamine
2549 2771 2691 2840 quod
2723 2771 3086 2825 committitur
3106 2786 3225 2825 cum
3268 2771 3455 2824 fratri-

1877 2863 1977 2915 bus
2007 2867 2186 2914 mente
2211 2853 2491 2915 distractis
2546 2862 2614 2915 oh
2669 2861 2868 2926 visunt,
2892 2861 3131 2915 auditum
3177 2872 3232 2917 et
3258 2863 3458 2927 verba;

1878 2950 1972 3005 sed
2003 2950 2086 3004 his
2114 2949 2372 3015 ostendit,
2414 2949 2765 3004 solitudinem
2793 2949 3090 3002 incolentes
3123 2963 3310 3004 carere
3338 2963 3457 3003 cer-

1881 3041 2176 3096 taminibus
2201 3055 2482 3106 sensuum,
2509 3041 2706 3111 quibus
2735 3039 2824 3092 alii
2877 3050 3142 3093 vexantur
3164 3039 3304 3092 ultra
3333 3053 3457 3092 ccr-

182 3135 334 3189 nium
367 3135 659 3203 pessimum
690 3144 796 3202 est,
832 3134 973 3204 pigri
1026 3133 1150 3188 sint;
1193 3133 1284 3188 isti
1341 3132 1427 3187 vel
1457 3133 1768 3202 diligentes,
1801 3161 1844 3219 ο
1887 3131 2092 3186 tamina
2143 3131 2329 3185 cordis
2388 3145 2511 3199 quae
2563 3129 2669 3183 illis
2729 3129 2999 3183 drcrnoues
3029 3126 3284 3181 inferunt.
3335 3125 3461 3180 llaec

180 3244 282 3285 eos
309 3235 368 3282 ut
391 3243 580 3284 servos
634 3225 856 3282 habent.
908 3225 1092 3281 Abbas
1143 3234 1324 3280 autem
1355 3224 1555 3280 Bemen
1597 3226 1769 3280 dixit:

182 3321 249 3376 Si
275 3321 434 3374 trium
468 3320 846 3373 ctrnobitarunt
879 3333 1012 3372 unus
1033 3327 1105 3371 est
1130 3318 1336 3388 quietus
1358 3318 1605 3388 optimus,
1639 3318 1779 3371 alter

182 3411 435 3482 inﬁrmus
467 3412 669 3480 gratias
699 3426 858 3479 agens
890 3409 1020 3475 Deo,
1049 3409 1232 3464 tertius
1270 3425 1387 3464 vero
1433 3409 1568 3462 bona
1593 3407 1778 3464 volun-

184 3513 299 3558 tate
330 3505 579 3568 insert-it;
609 3519 789 3557 omnes
813 3513 918 3555 tres
965 3504 1022 3556 in
1069 3504 1248 3556 eodem
1303 3510 1424 3556 sunt
1460 3517 1632 3570 opere.
1680 3501 1776 3555 llis

183 3606 414 3653 sanctus
437 3595 541 3650 iste
575 3596 862 3650 ostendere
892 3593 1129 3659 volebat,
1161 3593 1305 3662 quod
1335 3595 1385 3648 in
1422 3593 1777 3660 monasterio,

185 3683 282 3738 ubi
315 3689 443 3737 sunt
479 3683 631 3736 multi
666 3683 976 3754 congregati
1034 3699 1098 3737 ac
1153 3683 1461 3746 cmuobitae,
1500 3697 1638 3752 opus
1667 3692 1774 3746 est,

187 3786 384 3830 utnon
419 3775 525 3829 sint
564 3773 738 3828 fortes
795 3782 1003 3828 tantum
1059 3774 1126 3827 ad
1161 3773 1464 3828 ministeria
1501 3775 1776 3839 obeunda,

188 3869 290 3923 sed
323 3867 492 3921 etiam
522 3877 578 3921 et
606 3867 807 3920 inﬁrmi
838 3865 1058 3933 fratres,
1088 3875 1142 3920 et
1179 3881 1338 3921 senes
1372 3866 1689 3930 imbecilles,
1723 3875 1780 3920 et
1807 3921 1810 3924 .

192 3958 394 4013 fratres
423 3959 514 4026 qui
571 3967 832 4026 perpetuo
891 3957 1169 4013 silentium
1226 3967 1473 4024 servent;
1536 3959 1776 4027 alioquin

192 4065 369 4106 vanus
396 4058 481 4106 est
517 4051 697 4106 omnis
735 4050 890 4104 labor
925 4065 1138 4105 eorum.

801 4141 1180 4211 Interrogatio.

270 4235 445 4300 Quam
487 4235 557 4288 ob
601 4248 714 4289 rem
754 4233 924 4288 abbas
976 4234 1245 4288 Antonius
1299 4235 1435 4289 dixit
1485 4235 1650 4289 Paulo
1685 4251 1782 4290 suo

195 4326 496 4395 discipulo:
536 4324 698 4391 Vade,
739 4329 861 4380 sede
890 4327 943 4379 in
965 4325 1275 4392 solitudine,
1307 4337 1361 4379 ut
1389 4327 1594 4380 ediscas
1621 4338 1784 4379 certa-

194 4420 343 4472 mina
373 4419 670 4472 dazmonum
691 4417 718 4470 ?

832 4512 1140 4582 Responsio.

276 4607 546 4675 Quoniam
578 4605 838 4676 perfectio
869 4606 1122 4661 monachi
1155 4621 1184 4659 a
1221 4607 1485 4676 regimine
1519 4605 1787 4677 Spiritu-ali

196 4715 322 4768 est;
364 4702 608 4769 regimen
643 4715 776 4754 vero
836 4700 1121 4770 spirituale
1154 4701 1398 4769 puritate
1431 4702 1610 4754 cordis
1640 4715 1790 4752 com-

198 4805 460 4865 paratur;
509 4793 721 4863 puritas
759 4807 892 4846 vero
926 4793 1108 4846 cordis
1142 4807 1170 4844 a
1211 4793 1482 4863 regimine
1511 4801 1594 4848 est
1628 4791 1787 4845 intel-

198 4890 407 4950 lectus;
457 4888 698 4956 regimen
759 4894 942 4940 autem
998 4884 1306 4940 intellectus
1352 4896 1434 4940 est
1472 4888 1647 4940 oratio
1673 4885 1791 4939 sine

204 4978 640 5034 intermissione.
678 4977 970 5033 Certamen
1003 4988 1183 5033 autem
1216 4995 1338 5033 cum
1374 4977 1708 5033 daemonibus
1730 4977 1788 5032 lit

202 5067 630 5140 cogitationibus
667 5077 722 5123 et
757 5068 1265 5137 phantasmatihus;
1313 5083 1374 5124 ea
1406 5085 1531 5124 vero
1566 5069 1620 5124 in
1657 5069 1785 5125 soli-

207 5160 400 5215 tudine
431 5168 486 5214 et
508 5159 691 5229 quiete
727 5159 910 5214 acrius
935 5161 1264 5214 excitantur.

812 5247 1185 5318 Interrogatio.

281 5342 422 5410 Quid
454 5351 538 5397 est
567 5341 710 5412 quod
733 5341 871 5396 dixit
904 5343 1074 5396 abbas
1099 5342 1366 5396 Antonius
1391 5360 1404 5396 :
1436 5341 1794 5406 Quemadmo-

210 5438 340 5492 dum
363 5435 538 5489 educti
561 5445 711 5490 extra
738 5450 931 5503 aquam
954 5435 1120 5503 pisces
1155 5436 1516 5498 emoriuntur;
1545 5436 1621 5488 ita
1653 5437 1799 5489 acci-

215 5535 293 5587 dit
323 5533 580 5586 monacho
608 5547 838 5603 quoque,
883 5532 929 5586 si
958 5533 1049 5585 diu
1097 5532 1389 5585 morabitur
1421 5541 1571 5586 extra
1612 5530 1801 5586 cellam

217 5625 422 5680 suam?
452 5624 735 5692 Quomodo
767 5624 1000 5680 moritur
1040 5625 1360 5691 monachus,
1395 5632 1452 5678 ut
1491 5622 1709 5692 pisces?

853 5714 1164 5786 Responsio.

292 5813 561 5882 Quoniam
592 5814 707 5872 vita
759 5802 953 5870 anima:
1002 5817 1086 5867 est
1119 5807 1265 5882 iugis
1296 5809 1385 5866 De;
1450 5827 1512 5864 :3.
1631 5808 1718 5863 26.:
1755 5815 1800 5862 et

1880 3231 2122 3293 propter,
2175 3223 2241 3275 ad
2283 3222 2521 3293 quietem
2557 3234 2616 3276 se
2646 3218 3002 3276 conferebant
3026 3226 3226 3289 patres,
3252 3233 3318 3273 ne
3343 3231 3464 3272 cer-

1883 3315 2070 3372 tamini
2134 3315 2316 3371 cordis
2373 3313 2697 3369 accederent
2736 3311 3034 3368 certamina
3077 3312 3245 3375 visus,
3273 3309 3463 3363 verbo-

1881 3425 2001 3465 rum
2035 3419 2090 3463 et
2116 3409 2354 3463 auditus.
2429 3405 2894 3474 Quemadmodum
2943 3403 3084 3458 enim
3117 3403 3320 3458 cadunt
3348 3409 3464 3455 sta-

1884 3502 1979 3558 tim
2032 3502 2232 3555 fratres
2295 3498 2370 3554 illi
2401 3497 2495 3568 qui
2531 3498 2884 3568 egrediuntur
2943 3503 2998 3549 et
3064 3491 3461 3564 ingrediuntur,

1879 3596 1924 3650 si
1963 3608 2154 3665 pugnae
2177 3593 2355 3648 cordis
2376 3591 2667 3646 accesserit
2692 3603 2871 3660 pugna
2893 3601 3147 3643 sensuum
3175 3584 3421 3653 corporis
3446 3600 3464 3648 ;

1882 3688 1952 3742 ita
1980 3687 2138 3742 facile
2171 3700 2387 3757 quoque
2413 3685 2608 3739 cadent
2650 3681 2902 3737 monachi
2954 3679 3029 3735 illi
3062 3679 3156 3749 qui
3196 3679 3249 3732 in
3279 3676 3465 3746 quiete

1881 3781 2104 3850 degunt,
2142 3786 2200 3834 et
2253 3778 2438 3833 cordis
2498 3775 2671 3830 solum
2711 3779 2980 3828 vexantur
3029 3772 3371 3829 certamine,
3417 3767 3468 3821 si

1883 3873 1962 3928 eis
2006 3885 2264 3926 sensuum
2321 3868 2568 3939 corporis
2619 3864 2916 3921 accesserit
2976 3871 3274 3917 certamen.
3312 3857 3466 3924 Quod

1883 3966 2107 4036 quidem
2144 3964 2280 4019 satis
2308 3962 2657 4030 exploratum
2687 3968 2772 4012 est
2807 3971 2874 4010 ex
2906 3969 3092 4010 eorum
3142 3949 3469 4006 fratrnmfa-

1884 4073 1994 4126 (διο,
2018 4060 2082 4114 ad
2113 4073 2251 4128 quos
2307 4057 2359 4111 in
2413 4056 2593 4125 quiete
2647 4053 2904 4122 degentes
2942 4063 3068 4102 cum
3103 4047 3360 4116 ingressae
3382 4057 3474 4098 es-

1884 4164 2006 4209 sent
2046 4153 2323 4218 mulieres,
2362 4161 2418 4205 et
2444 4146 2766 4204 accessisset
2787 4143 3077 4199 certamini
3113 4138 3293 4193 cordis
3323 4138 3474 4191 visus

1886 4246 2134 4313 corporis
2159 4254 2214 4298 et
2235 4242 2446 4312 species
2475 4240 2694 4304 vultus;
2734 4252 2764 4292 e
2794 4233 3027 4304 vestigio
3075 4229 3318 4300 superati
3345 4235 3473 4283 sunt

1886 4340 1955 4391 ab
1987 4339 2156 4391 arduo
2188 4336 2368 4390 cordis
2423 4332 2745 4395 certamine,
2783 4337 2945 4398 atque
2997 4325 3330 4380 ceciderunt.
3365 4321 3473 4374 Du-

1896 4430 2008 4481 rius
2041 4441 2192 4489 sane,
2225 4425 2505 4492 satiusque
2530 4422 2756 4475 arduum
2781 4433 2844 4473 ac
2871 4416 3163 4472 vehemens
3200 4421 3281 4468 est
3304 4422 3475 4467 certa.

1819 4493 1864 4548 θ
1897 4534 2015 4573 men
2049 4531 2307 4571 sensuum
2343 4515 2539 4568 animae
2581 4513 2843 4566 adversus
2901 4524 2995 4564 eos
3054 4507 3144 4577 qui
3187 4505 3239 4560 in
3287 4503 3474 4573 quiete

1893 4616 2113 4682 degunt,
2145 4626 2306 4682 quam
2356 4618 2630 4663 certamen
2697 4619 2950 4684 sensuum
2997 4599 3259 4670 corporis.
3317 4594 3474 4662 Quod

1895 4708 2112 4776 quidem
2169 4703 2306 4758 satis
2358 4711 2544 4756 notum
2596 4705 2683 4752 est
2738 4712 2804 4751 ex
2835 4696 2994 4750 dictis
3042 4690 3186 4747 beati
3219 4687 3471 4756 Evagrii;

1896 4798 2037 4868 quod
2070 4795 2277 4850 scilicet
2305 4807 2401 4863 per
2437 4805 2498 4846 se
2531 4805 2596 4844 ac
2619 4790 2736 4844 sine
2763 4787 2942 4842 medio
2962 4791 3170 4840 certant
3206 4782 3477 4836 damones

1895 4905 2019 4944 cum
2069 4885 2351 4942 monachis
2392 4882 2520 4948 illis,
2557 4883 2650 4950 qui
2700 4879 2754 4933 in
2802 4877 3093 4934 solitudine
3120 4870 3477 4944 degunt:ad-

1896 4997 2087 5037 versus
2115 4995 2208 5033 eos
2233 4991 2368 5032 vero
2427 4975 2524 5044 qui
2565 4981 2694 5027 sunt
2744 4971 2798 5025 in
2851 4967 3386 5040 congregationibus,
3424 4970 3481 5018 et

1900 5072 2246 5146 perﬁciendis
2273 5069 2564 5123 virtutibus
2597 5065 2728 5119 dant
2749 5074 2996 5131 operam,
3041 5058 3334 5114 dissolutos
3366 5054 3478 5146 fra-

1902 5145 2012 5222 tres
2041 5160 2666 5226 excitantiucitantque
2711 5155 3024 5217 daemones;
3073 5149 3270 5219 quibus
3298 5145 3478 5200 nullus

1908 5259 2118 5324 durior,
2143 5252 2382 5310 amarior
2407 5258 2503 5306 aut
2529 5243 2921 5304 fraudulentior
2952 5251 3054 5296 est.

2498 5379 2875 5451 Interrogatio.

1977 5485 2117 5596 Quid
2142 5525 2272 5582 illud
2305 5521 2596 5594 signiﬁcat,
2629 5514 2772 5585 quod
2797 5512 2869 5567 ait
2902 5507 2961 5564 S.
2993 5499 3482 5596 abbasAntonius:

1909 5591 2054 5674 Cella
2096 5591 2478 5672 monachi‘est
2527 5611 2722 5681 fornae:
2777 5599 3090 5672 Babylonis,
3151 5595 3296 5650 locus
3324 5591 3487 5644 trium

1910 5728 2210 5781 puerorum,
2247 5711 2385 5763 inter
2407 5720 2535 5776 quos
2561 5712 2673 5757 erat
2696 5697 2872 5753 Filius
2905 5694 3035 5758 Dei;
3058 5700 3105 5747 et
3136 5700 3210 5748 est
3242 5688 3489 5744 columna

1910 5805 2066 5872 iqnis,
2092 5802 2178 5857 ubi
2206 5801 2408 5856 locutus
2433 5802 2507 5851 est
2542 5791 2683 5849 Deus
2713 5803 2831 5844 cum
2861 5784 3085 5856 Mopse?
