3872 6278
460 282 601 346 i087

1091 401 1403 473 Responsio.

529 492 997 560 Quemadmodum
1059 492 1198 563 ignis
1232 492 1514 550 facultates
1565 496 1723 551 habet
1754 497 1903 560 duas.
1947 496 2028 550 al-

457 594 627 639 teram
685 584 912 638 calidam
965 585 1396 650 comburentem,
1451 586 1719 641 lucentem
1753 588 2032 643 lanifican-

457 683 564 726 tt-m
596 672 859 740 alteram;
908 673 981 727 ita
1035 675 1442 742 perseverantia
1487 675 1540 728 in
1579 676 1712 730 cella
1739 677 1877 730 duas
1929 676 2028 731 ha-

455 761 930 828 beldiﬂicnllales,
987 776 1216 832 quarum
1283 778 1383 816 una
1450 766 1598 834 angit
1623 774 1674 817 el
1706 775 1866 819 vexat
1895 767 2030 819 tiro-

457 869 552 908 nes
585 853 636 907 in
670 853 876 922 quiete,
905 853 1072 907 nimio
1111 862 1328 923 torpore
1369 861 1420 908 et
1466 856 1763 908 certamine
1801 873 1816 908 :
1861 855 2030 908 altera

453 959 583 998 vero
611 943 823 1013 perﬁcit
851 953 905 998 et
935 943 1195 1010 laetiﬁcat,
1235 943 1519 1013 redditque
1576 945 1902 1014 tranquillos
1937 948 2033 1016 qui

459 1034 682 1103 perfecti
745 1044 871 1088 sunt
923 1034 974 1088 in
1035 1035 1271 1102 puritate
1317 1035 1518 1099 cordis,
1550 1043 1605 1088 et
1658 1036 2031 1105 praetergressi

453 1134 582 1182 sunt
609 1126 911 1194 passiones,
946 1137 1108 1195 atque
1141 1126 1206 1180 ad
1263 1125 1506 1181 lucentes
1567 1126 1798 1182 visiones
1836 1143 2031 1195 perve-

456 1225 672 1272 nerunt.
711 1216 839 1285 Ejus
871 1227 1048 1271 autem
1084 1218 1228 1287 quod
1259 1217 1324 1271 de
1379 1215 1552 1270 tribus
1584 1218 1766 1286 pueris
1814 1220 1903 1287 qui
1936 1218 2030 1274 Fi~

456 1311 584 1363 lium
615 1309 706 1364 Dei
739 1309 1078 1373 invenerunt,
1116 1308 1272 1374 dixit,
1319 1308 1433 1362 haec
1472 1315 1558 1361 est
1605 1308 1743 1362 ratio
1778 1325 1791 1360 :
1832 1308 2034 1376 Quem-

455 1399 742 1454 admodum
762 1399 1024 1465 Ananias,
1044 1400 1268 1454 Azarias
1292 1409 1344 1454 et
1368 1399 1570 1465 Misael,
1603 1415 1723 1455 cum
1756 1401 2034 1474 Babylone

457 1489 643 1558 injecti
667 1500 852 1544 essent
884 1490 934 1544 in
955 1490 1225 1543 caminum
1253 1489 1415 1559 ignis,
1440 1498 1494 1543 et
1518 1505 1625 1544 non
1655 1500 1780 1546 sunt
1807 1494 2034 1550 cremati

457 1593 559 1634 ncc
598 1580 890 1645 combusti,
919 1581 1012 1634 sed
1070 1579 1291 1650 angelus
1333 1580 1534 1635 missus
1574 1589 1676 1646 est,
1717 1582 1806 1650 qui
1842 1598 2029 1639 eorum

454 1671 618 1725 solvit
651 1671 860 1726 vincula
891 1681 947 1726 et
991 1673 1236 1728 liberavit
1283 1675 1353 1730 ab
1400 1675 1520 1745 igne
1567 1677 1746 1747 (quem
1783 1676 2032 1744 angelum

455 1761 667 1813 vocavit
691 1759 883 1814 Filium
928 1761 1019 1815 Dei
1051 1760 1606 1835 Nabuchodonosor):
1644 1765 1717 1820 ita
1768 1764 2032 1823 fratribus

456 1850 725 1904 tironibus
765 1851 818 1904 in
843 1851 1134 1907 solitudine
1161 1853 1481 1924 degentibus
1515 1855 1744 1912 diﬂicilis
1767 1866 1852 1912 est
1879 1857 2032 1914 initio

455 1957 630 2011 pugna
665 1945 974 2012 passionum
1020 1961 1140 2014 quae
1167 1947 1247 2002 eis
1289 1962 1318 2000 a
1363 1947 1591 2003 diabolis
1644 1947 1908 2014 infertur;
1942 1967 2034 2004 ve-

456 2048 574 2087 rum
602 2034 823 2087 tninime
857 2049 949 2090 eos
987 2037 1192 2091 deserit
1237 2037 1427 2106 gratiae
1465 2037 1676 2092 Domini
1703 2042 1876 2095 nostri
1908 2040 2030 2096 Filii

455 2123 550 2178 Dei
590 2124 869 2192 auxilium,
897 2124 994 2180 sed
1024 2126 1160 2181 clam
1188 2127 1306 2183 illos
1330 2129 1534 2194 invisit,
1557 2130 1854 2199 opitulatur
1871 2141 2034 2203 atque

454 2214 661 2270 habitat
687 2230 808 2270 sum
839 2216 970 2287 ipsis
997 2220 1299 2274 secundum
1361 2219 1772 2289 dispositionem
1807 2225 2031 2279 ordina-

457 2304 789 2372 lienemque,
841 2305 1182 2375 passionibus
1227 2305 1500 2374 superatis
1563 2315 1618 2360 et
1679 2307 1938 2374 diabolis,
1976 2319 2033 2364 et

454 2392 622 2446 eilicit
668 2402 726 2446 ut
757 2397 984 2462 gratiam
1012 2405 1325 2450 mereantur
1363 2393 1616 2464 perfecta:
1664 2397 1948 2453 cbaritatis
1979 2409 2036 2456 et

459 2485 647 2552 gloriae
675 2500 787 2538 sua:
814 2486 1019 2540 lumen.
1309 2493 1314 2500 ’
1917 2498 1926 2504 ·

1050 2576 1431 2646 Interrogatio.
1553 2633 1563 2642 ,

525 2663 662 2730 Quid
691 2673 771 2719 est
805 2664 856 2721 id
895 2665 1037 2735 quod
1067 2666 1144 2720 ait
1173 2667 1339 2722 abbas
1367 2669 1675 2727 Antonius:
1703 2671 1824 2726 Non
1848 2681 1924 2724 est
1950 2687 2030 2723 re-

453 2755 784 2808 tribuendum
811 2756 1007 2808 malum
1047 2773 1141 2824 pro
1173 2759 1310 2810 malo
1329 2774 1349 2821 ;
1369 2769 1416 2812 et
1448 2761 1493 2813 si
1519 2763 1587 2814 ad
1623 2761 1758 2815 hunc
1810 2763 2033 2831 gradum

455 2846 628 2898 adhuc
655 2861 757 2898 non
809 2849 1098 2914 pervenerit
1152 2850 1466 2914 monac/tus,
1491 2862 1656 2905 seruet
1683 2853 2033 2929 silentium'et

453 2935 676 3003 quietem
698 2939 723 2991 t
764 2935 1042 3003 Quomodo
1074 2940 1238 2996 homo
1259 2955 1325 2997 ex
1353 2945 1536 3013 quiete
1561 2943 1629 2999 ad
1663 2945 1765 3000 hoc
1792 2945 2036 3015 pervenit

452 3029 716 3096 gradum?

1005 3125 1022 3140 ⁸
1095 3119 1404 3191 Responsio.

525 3205 722 3262 Frater
745 3208 1014 3274 infirmus,
1048 3221 1210 3281 atque
1245 3212 1426 3283 lingua
1481 3213 1780 3284 iniuriosus
1826 3216 1882 3271 in
1919 3217 2028 3272 fra-

457 3307 594 3352 trem
623 3313 805 3364 suum,
861 3309 916 3354 et
967 3301 1146 3355 odium
1185 3317 1312 3373 erga
1364 3304 1514 3359 illum
1545 3306 1710 3360 corde
1738 3307 1947 3374 fovens,
1981 3310 2026 3364 si

452 3405 574 3445 sese
600 3390 652 3444 in
682 3389 816 3445 cella
840 3392 1196 3459 continuerit,
1226 3405 1282 3449 et
1305 3395 1631 3453 abstinuerit
1653 3398 1721 3453 ab
1751 3399 2028 3455 hominum

453 3481 1004 3546 confabulationibus,
1036 3492 1090 3537 et
1128 3485 1298 3540 malas
1349 3486 1620 3542 sedaverit
1649 3491 2026 3559 cogitationes,

457 3586 525 3626 ae
567 3573 907 3628 orationibus
943 3574 1148 3645 jugiter
1195 3583 1247 3630 et
1304 3590 1584 3632 sacrarum
1624 3577 2029 3649 Scripturarum

454 3661 673 3718 lectioni
704 3669 986 3720 naVaverit
1023 3683 1266 3735 operam,
1301 3683 1333 3722 a
1379 3672 1551 3737 gratia
1589 3670 1854 3726 invisetur
1877 3682 2028 3727 tran-

459 3753 767 3822 quillitatis,
810 3755 1205 3812 illuminabitur
1239 3773 1335 3813 cor
1359 3758 1521 3827 illius,
1566 3770 1622 3814 et
1659 3761 1853 3830 spiritu
1892 3763 2030 3819 liber

451 3846 546 3900 tlet
584 3847 952 3916 gaudebitque
1011 3849 1064 3902 in
1118 3848 1246 3903 Deo.
1276 3849 1488 3906 Etenim
1537 3852 1696 3908 homo
1744 3853 2025 3922 ejusmodi,

450 3945 741 4005 conspecta
783 3952 945 3993 cruce
971 3938 1207 4003 Domini,
1244 3939 1360 4007 ejus
1399 3942 1712 3996 accenditur
1741 3957 1946 4008 amore,
1974 3954 2030 4000 et

453 4028 693 4083 osculata
720 4044 916 4096 cruce,
944 4031 1289 4088 meditabitur
1350 4034 1492 4090 illam
1536 4034 1903 4103 Scripturam:
1939 4035 2026 4092 Ita

453 4119 636 4174 dilexit
667 4120 803 4175 Deus
839 4124 1109 4187 mundum,
1159 4131 1214 4176 ut
1276 4121 1471 4178 Filium
1525 4141 1676 4178 suum
1707 4128 2028 4198 unigenitum

453 4210 735 4264 tradiderit
757 4212 914 4264 morti
963 4223 1174 4280 propter
1213 4213 1364 4266 illum
1405 4213 1473 4268 ”.
1509 4213 1607 4269 Hic
1640 4215 1882 4284 profecto
1907 4234 2029 4286 erga

451 4319 547 4358 nos
573 4319 728 4356 suum
787 4304 1014 4357 ostendit
1057 4302 1202 4357 Deus
1251 4307 1659 4375 amorem;quiu
1703 4323 1821 4360 cum
1846 4324 2028 4374 pecca-

355 4420 358 4422 η
453 4404 590 4447 tores
614 4409 863 4457 essemus,
889 4390 1129 4447 Christus
1155 4409 1250 4462 pro
1280 4398 1431 4449 nobis
1479 4407 1714 4450 mortuus
1761 4409 1834 4451 est
1860 4398 1924 4451 ".
1966 4399 2024 4453 Si
2061 4397 2102 4450 D

453 4495 583 4550 ergo
605 4498 707 4535 non
733 4483 988 4551 perpercit
1019 4479 1165 4538 Filio
1196 4499 1290 4536 suo
1311 4483 1472 4550 Deus,
1501 4488 1592 4540 sed
1624 4488 1848 4541 tradidit
1877 4488 2024 4544 illum

451 4586 546 4639 pro
577 4573 723 4624 nobis
752 4573 929 4637 morti,
984 4581 1036 4627 et
1075 4571 1293 4641 quidem
1349 4574 1495 4643 turpi
1523 4575 1597 4628 illi
1644 4578 1804 4631 morti
1827 4581 2022 4645 crucis,

455 4660 715 4729 quomodo
738 4664 914 4716 omnia
946 4662 1096 4716 nobis
1147 4677 1265 4716 cum
1298 4663 1393 4718 illo
1443 4679 1543 4718 non
1574 4667 1812 4721 concedet
1834 4669 1902 4733 ”,
1932 4680 2026 4724 aut

453 4754 749 4824 quidquam
775 4754 1004 4810 aliorum
1033 4755 1322 4824 denegabit
1358 4757 1546 4812 nobis?
1585 4758 1815 4816 Dilectio
1843 4773 2024 4822 autem

453 4843 660 4901 Christi
687 4845 914 4915 ejusque
935 4846 1178 4903 charitas
1221 4862 1323 4903 nos
1351 4848 1585 4919 impulit,
1623 4861 1679 4905 ut
1700 4854 2026 4924 c0gilemus,

453 4937 598 5010 quod
630 4951 728 4991 nos
752 4938 943 4992 deceat
968 4937 1190 4994 minime
1232 4939 1415 4994 vivere
1473 4940 1761 5000 desideriis
1804 4949 2024 5014 nostris,

454 5031 549 5084 sed
584 5027 657 5082 illi
687 5028 778 5098 qui
811 5042 910 5098 pro
960 5027 1117 5084 nobis
1184 5038 1430 5086 mortuus
1463 5039 1547 5086 est
1598 5033 1645 5064 "
1692 5048 1710 5088 :
1749 5045 1805 5090 et
1843 5035 2025 5091 .lesum

453 5118 806 5189 aspiciamus,
829 5118 920 5190 qui
952 5119 1226 5190 patientia:
1251 5122 1409 5177 nobis
1439 5122 1648 5178 initium
1669 5131 1723 5178 et
1752 5126 2030 5195 exemplar

455 5213 632 5269 factus
661 5222 764 5278 est,
812 5227 877 5270 ac
931 5222 1158 5269 mortem
1223 5229 1321 5286 pro
1359 5215 1514 5272 nobis
1547 5216 1799 5274 sustinuit
1827 5219 2025 5284 crucis,

453 5304 729 5359 infamiam
758 5320 971 5376 passus,
1021 5317 1086 5362 ac
1119 5305 1331 5362 demum
1365 5307 1505 5363 sedit
1540 5310 1606 5364 ad
1635 5309 1885 5363 dextram
1929 5311 2023 5366 Dei

453 5393 509 5456 in
539 5397 787 5454 excelsis.
823 5397 990 5468 Igitur
1011 5399 1055 5455 si
1107 5401 1524 5470 compatiemur,
1580 5400 2022 5470 conglorillcabi-

1567 289 1845 347 PATBES
1883 285 2181 346 IEGYPT‘II
2221 283 2492 344 SECULI
2531 279 2610 342 ιν.

2064 411 2111 467 Α
2142 419 2262 458 mur
2294 405 2376 469 ¹⁷;
2409 413 2458 457 et
2491 403 2533 454 si
2575 397 2979 463 susuticbimus,
3010 395 3391 468 regnabimus
3413 408 3534 450 cum
3561 396 3634 450 illo
3651 401 3712 463 tt,

3593 280 3703 338 {088

2135 493 2273 549 llinc
2298 491 2486 549 beatus
2513 489 2713 546 Paulus
2723 491 2976 544 hortatur
2996 502 3107 543 nos
3129 487 3333 542 dicens
3359 487 3700 556 :Aspicitmtus,

2134 586 2349 652 fratres,
2377 597 2582 637 crucem
2634 579 2846 634 Domini
2897 578 3070 632 nostri
3100 576 3176 631 ".
3209 574 3358 631 Hinc
3385 576 3526 642 vide,
3561 593 3703 648 quau-

2132 686 2250 730 tnm
2285 673 2510 744 pertulit
2537 686 2639 742 pro
2697 669 3106 740 peccatoribus,
3166 670 3268 739 qui
3299 667 3583 722 animabus
3618 670 3704 723 suis

2134 765 2440 820 adversarii
2464 773 2592 819 sunt
2625 762 2780 819 facti.
2818 759 3002 827 Quare
3027 775 3105 817 ne
3137 775 3248 815 vos
3281 760 3487 829 pigeat,
3513 773 3605 814 nec
3620 763 3704 815 aui-

2134 847 2235 912 ma:
2262 855 2632 912 dissolvantur
2671 862 2870 910 vestra
2902 853 2971 908 ob
3001 852 3348 923 patientiam
3373 889 3389 916 ,
3415 852 3699 920 angustiam,

2134 945 2388 1014 injurias.
2437 943 2724 1013 opprobria
2778 953 2837 998 et
2865 953 3138 1007 mortem,
3198 955 3333 1011 quae
3381 940 3499 1008 ejus
3524 951 3705 1015 propter

2133 1050 2378 1092 amorem
2408 1034 2777 1105 perferuntur.
2831 1031 3054 1109 Veniam
3109 1031 3498 1101 deprecamini
3531 1032 3580 1086 in
3607 1047 3701 1086 ora-

2143 1127 2385 1184 tionibus
2403 1125 2598 1180 vestris
2614 1139 2714 1193 pro
2743 1122 3211 1193 persequentibus
3237 1136 3364 1185 vos,
3388 1123 3700 1192 quemadmo-

2134 1220 2261 1274 dum
2291 1215 2687 1284 deprecabatur
2713 1213 2978 1268 Dominus
3010 1228 3116 1282 pro
3172 1211 3612 1283 cruciﬁgentibus
3635 1216 3700 1268 di-

2134 1324 2262 1364 cens
2287 1324 2302 1360 :
2334 1306 2520 1373 Pater,
2551 1307 2756 1362 dimitte
2785 1305 2890 1360 illis
2921 1305 2987 1359 ³⁰.
3025 1305 3240 1360 Beatus
3280 1303 3416 1357 item
3435 1302 3701 1371 Stephanus

2134 1399 2345 1454 veniam
2381 1413 2412 1452 a
2470 1397 2701 1453 Domino
2761 1407 2951 1452 nostro
3006 1397 3270 1464 petebat,
3337 1404 3504 1466 atque
3544 1395 3700 1449 orabat

2133 1503 2233 1558 pro
2265 1485 2633 1556 lapidantibus
2666 1485 2888 1541 dicens:
2920 1485 3188 1550 Domine,
3245 1500 3314 1539 ne
3337 1494 3594 1554 computes
3617 1485 3698 1537 illis

2133 1577 2230 1629 hoc
2261 1586 2531 1644 peccatum
2557 1574 2627 1627 ³¹.
2669 1573 2726 1629 Si
2754 1583 2936 1630 autem
2968 1575 3089 1630 haec
3121 1582 3182 1628 et
3205 1572 3560 1628 similiainter
3575 1574 3698 1642 quie-

2139 1677 2244 1720 tem
2275 1666 2566 1721 meditatus
2600 1665 2766 1721 fuerit
2796 1665 3099 1721 monachus
3121 1664 3184 1720 in
3223 1678 3326 1718 sua
3372 1663 3525 1730 cella,
3546 1677 3697 1718 corm-

2064 1743 2106 1798 Β
2137 1757 2437 1823 horabitur,
2467 1766 2524 1812 et
2549 1757 2762 1811 cunctis
2809 1756 2865 1810 in
2907 1755 3147 1810 Domino
3209 1754 3570 1809 dominabitur
3598 1769 3695 1823 pas-

2133 1848 2379 1902 sionibus
2408 1856 2507 1912 ;et
2531 1863 2636 1903 non
2671 1846 2847 1902 solum
2881 1847 3166 1902 neminem
3225 1846 3428 1914 injuria
3482 1844 3692 1906 lacesset,

2133 1947 2227 1992 aut
2247 1937 2480 2007 cuipiam
2506 1937 2910 2010 indignabitur,
2965 1937 3049 1992 vel
3093 1937 3311 1991 malum
3358 1934 3605 2005 proman
3628 1949 3694 1990 re-

2136 2031 2370 2096 tribuet;
2405 2029 2500 2084 sed
2537 2042 2863 2098 magnopere
2890 2027 3181 2098 gaudebit,
3218 2037 3280 2082 et
3313 2019 3532 2081 honoris
3558 2024 3692 2078 babe-

2132 2120 2377 2185 hitloco,
2431 2135 2491 2176 se
2539 2119 2854 2190 opprobriis
2901 2127 2957 2174 et
2997 2119 3228 2190 injuriis
3286 2118 3444 2173 atiici.
3480 2116 3552 2172 Ad
3582 2117 3691 2169 hanc

2136 2211 2391 2264 virtutem
2419 2224 2593 2279 usque
2637 2211 2886 2280 pervenit
2917 2210 3236 2265 monachus
3289 2209 3346 2265 in
3381 2208 3508 2263 cella
3533 2221 3616 2262 sua
3637 2203 3690 2258 ob

2132 2302 2398 2371 quietem,
2429 2300 2750 2371 patientiam
2777 2309 2833 2357 et
2867 2299 3332 2370 adimpletionem
3373 2297 3690 2353 observantia

2133 2399 2528 2460 praeceptorum
2560 2389 2787 2454 Christi,
2841 2404 2960 2459 quae
3003 2396 3141 2446 sunt
3178 2388 3470 2458 jejunium,
3522 2387 3686 2450 oratio,

2134 2479 2414 2534 meditatio
2448 2490 2504 2534 et
2535 2478 2760 2549 reliquae
2790 2480 3020 2534 virtutes
3056 2481 3238 2536 buaza
3271 2480 3449 2548 quiete
3469 2477 3682 2531 exoriun-

2134 2578 2240 2623 tur.
2291 2569 2504 2640 Optime
2557 2569 2723 2640 igitur
2777 2569 2915 2624 dixit
2979 2570 3178 2625 beatus
3237 2570 3402 2626 abbas
3423 2565 3678 2623 Antonius

2135 2661 2198 2714 Si
2225 2660 2511 2714 monachus
2545 2660 2809 2714 continere
2836 2676 2939 2714 non
2986 2669 3164 2728 potest
3226 2661 3456 2730 linguam
3477 2672 3606 2710 stlatl
3631 2654 3681 2709 ab

2135 2751 2374 2820 injuriis,
2408 2751 2828 2805 murmuratione
2867 2760 3023 2819 atque
3059 2752 3220 2820 gula,
3261 2765 3426 2818 neque
3461 2765 3490 2800 α
3522 2744 3680 2798 taliaes

2134 2859 2225 2897 cor
2260 2843 2529 2898 continere
2554 2843 2726 2909 ualet;
2759 2841 2943 2898 saltem
2977 2852 3248 2907 quantum
3275 2841 3410 2910 potis
3434 2847 3524 2902 est,
3546 2834 3680 2904 quieti

2131 2933 2338 2988 studeat
2371 2941 2418 2987 et
2447 2932 2677 2988 silentio.

2735 3022 3117 3092 Interrogatio.

2206 3115 2436 3170 Profecti
2469 3125 2597 3170 sunt
2624 3105 2818 3169 fr'atres
2849 3115 3071 3183 quidam
3118 3111 3418 3182 aliquando
3446 3112 3507 3161 ad
3529 3105 3662 3158 abba-

2130 3215 2237 3261 tem
2269 3209 2586 3271 Antonium,
2623 3219 2678 3262 et
2714 3209 2971 3262 dixerunt
3024 3208 3102 3262 illi
3140 3223 3154 3260 :
3192 3207 3278 3258 Da
3333 3203 3472 3258 nobis
3511 3213 3670 3270 prmio

2129 3313 2272 3366 ptum
2305 3300 2541 3368 aliquod,
2577 3310 2632 3351 ut
2667 3315 2928 3352 servemus
2965 3299 3126 3354 illud.
3157 3299 3261 3366 Qui
3284 3303 3361 3350 ait
3386 3295 3486 3349 illis
3511 3307 3522 3343 :
3552 3289 3671 3344 Scri-

2131 3401 2280 3456 ptum
2313 3401 2399 3446 est
2450 3392 2502 3444 in
2541 3390 2838 3461 Evaugelio
2870 3407 2883 3442 :
2915 3388 2974 3445 Si
2994 3391 3116 3460 quis
3146 3403 3196 3444 te
3226 3385 3522 3459 percusserit
3547 3392 3668 3446 super

2133 3495 2293 3532 unam
2329 3479 2624 3547 maxillam,
2654 3491 2789 3535 verte
2816 3481 2896 3532 illi
2948 3482 3176 3536 alterum
3195 3481 3262 3534 ⁸².
3294 3478 3391 3544 Qui
3422 3469 3666 3542 responde-

2133 3580 2258 3625 runt
2308 3572 2403 3626 ei:
2440 3571 2556 3626 Hoc
2601 3588 2932 3643 nequaquam
2985 3571 3166 3641 facere
3205 3583 3494 3641 possumus.
3541 3559 3664 3615 Tunc

2129 3665 2208 3716 ait
2238 3663 2345 3718 illis
2382 3677 2541 3718 senex
2581 3681 2595 3716 :
2634 3662 2696 3719 Si
2723 3680 2827 3718 non
2856 3665 3073 3732 potestis
3113 3662 3546 3720 verterealteram,
3573 3665 3666 3704 suto

2131 3757 2289 3808 tiuete
2326 3755 2575 3822 primam.
2609 3753 2866 3810 Dixerunt
2913 3756 2962 3811 ei
3023 3773 3038 3811 :
3073 3755 3262 3826 Neque
3293 3752 3386 3805 hoc
3435 3755 3661 3817 possunt“

2131 3847 2327 3915 facere.
2365 3847 2573 3914 Quibus
2608 3849 2683 3901 ait
2715 3865 2728 3903 :
2767 3847 2828 3902 Si
2861 3863 3024 3918 neque
3057 3849 3157 3901 hoc
3210 3845 3358 3900 aliud
3388 3836 3577 3908 potestis
3603 3832 3663 3900 [a-

2132 3955 2266 4004 cere,
2301 3941 2489 3993 saltem
2531 3956 2594 3992 ne
2639 3940 3030 4010 reperculiatis,
3068 3943 3164 4009 qui
3213 3955 3299 3992 uos
3331 3934 3658 4004 percusserunt.

2129 4034 2229 4098 Qui
2259 4033 2510 4086 dixerunt
2537 4048 2551 4086 :
2581 4029 2762 4102 Neque
2794 4033 2889 4087 hoc
2917 4049 3197 4103 possumus
3226 4021 3414 4100 facere:
3442 4021 3572 4076 Tunc
3595 4031 3658 4066 vs-

2132 4124 2399 4178 nerahilis
2438 4140 2606 4179 senex
2642 4125 2905 4194 discipulo
2948 4141 3047 4179 suo
3115 4127 3233 4179 ait:
3267 4119 3403 4172 l’ara
3449 4107 3656 4182 {rauim

2130 4215 2245 4267 istis
2286 4214 2389 4266 cibi
2435 4215 2656 4284 aliquid,
2685 4215 2810 4284 quia
2838 4226 3120 4285 wgrotam.
3153 4213 3290 4281 Quid
3339 4209 3444 4262 haec
3481 4203 3658 4256 denotat

2130 4311 2302 4363 sancti
2334 4307 2510 4362 Patris
2540 4308 2845 4362 sententia?

2768 4398 3073 4468 Responsio.

2205 4492 2336 4546 Cibo
2375 4493 2462 4547 hic
2491 4489 2712 4546 denotat
2741 4508 2904 4563 opera
2930 4494 3182 4558 fratrum,
3205 4503 3257 4549 et
3285 4488 3532 4545 seniorum
3551 4489 3651 4532 οη·

2133 4585 2306 4638 tiones
2341 4597 2405 4638 ac
2436 4598 2649 4653 preces,
2686 4584 2936 4653 idemque
2962 4594 3044 4641 est
3077 4600 3142 4642 ac
3174 4585 3220 4640 si
3239 4581 3447 4638 dixisset
3472 4591 3486 4628 :
3513 4569 3648 4664 Si

2130 4691 2236 4745 que
2269 4671 2404 4740 haec,
2431 4691 2606 4745 neque
2638 4675 2728 4730 illa
2768 4676 2952 4733 facere
2990 4678 3244 4747 potestis,
3275 4668 3501 4730 oratione
3531 4657 3648 4712 vobis

2135 4783 2272 4839 opus
2318 4778 2420 4824 est.
2467 4769 2601 4824 Nam
2638 4771 3094 4840 quemadmodum
3142 4768 3326 4842 aegroti
3373 4761 3486 4820 cibo
3521 4753 3647 4846 θεξιξι

2133 4838 2387 4926 peculiari
2415 4858 2541 4912 dum
2574 4838 2864 4930 tegrotant,
2897 4860 2968 4916 ob
3003 4838 3368 4916 infirmitatem
3405 4838 3643 4935 stomachi.

2134 4949 2224 5018 (ιυί
2277 4963 2634 5020 quoscunque
2686 4951 2838 5006 cibos
2889 4965 3106 5007 sumere
3153 4964 3255 5006 non
3282 4953 3361 5000 est
3387 4933 3642 5008 aptusziu

2131 5041 2286 5096 vobis
2319 5040 2514 5110 quibus
2545 5041 2802 5110 cogitatio
2845 5051 2957 5098 tam
2989 5043 3206 5097 infirma
3231 5046 3328 5103 est,
3357 5041 3410 5086 ut
3435 5039 3519 5081 nec
3540 5029 3641 5089 P3"

2134 5139 2242 5185 tem
2302 5132 2518 5201 (ἰυίαθιυ
2572 5143 2969 5202 praeceptorum
3014 5132 3220 5187 Domini
3266 5119 3421 5180 nostri
3463 5111 3636 5168 servare

2135 5222 2359 5277 valeatis
2385 5265 2399 5290 ,
2447 5223 2678 5278 sanitate
2715 5231 2771 5277 et
2814 5225 3096 5278 curatione
3146 5221 3432 5276 animarum

2134 5328 2252 5367 rum
2280 5288 2414 5384 opus
2442 5323 2543 5379 est,
2585 5328 2777 5383 nempe
2809 5313 3146 5370 orationibus
3189 5310 3393 5364 Patrum
3423 5293 3500 5365 qui
3527 5288 3631 5342 hanc

2132 5406 2284 5462 vobis
2314 5407 2605 5476 impetrent
2641 5405 2914 5477 precibus.

525 5624 569 5659 "
607 5623 761 5679 Joan.
789 5643 870 5682 III.
915 5627 996 5681 l6.
1074 5629 1116 5658 "
1165 5628 1316 5680 Bonl.
1361 5627 1485 5685 v.8.
1565 5626 1611 5656 ’³
1651 5623 1804 5680 ιὶυιιι.
1844 5642 1963 5696 \‘llt,
1993 5628 2024 5681 5

2159 5625 2257 5680 seu
2297 5625 2422 5696 Cor.
2465 5641 2516 5688 v,
2558 5622 2794 5696 t.t.,t5._
2836 5625 2880 5655 ιτ
2915 5622 3075 5696 Rom.
3104 5637 3221 5696 sint,
3261 5613 3338 5670 t7.
3405 5603 3442 5637 "
3460 5597 3496 5656 ιι
3520 5591 3628 5652 τίων

451 5707 518 5765 ιι,
557 5697 636 5764 12,
675 5699 718 5727 ¹⁹
744 5697 909 5753 Hebr.
937 5697 1093 5761 xu,2.
1172 5697 1214 5727 ”
1246 5696 1376 5752 Luc.
1410 5712 1561 5764 astu,
1589 5696 1676 5752 ll.
1756 5697 1797 5727 ³¹
1829 5692 1956 5752 Act.
1988 5714 2027 5752 vn

2134 5697 2194 5755 L9.
2275 5693 2523 5751 "Matth.
2556 5711 2603 5759 ν,
2647 5695 2750 5756 59;
2778 5692 2906 5749 Luc.
2947 5708 3019 5758 vn,
3047 5692 3136 5749 29.
