3868 6282
132 377 284 439 1089

743 496 1118 572 Interrogatio.

211 582 359 639 Dixit
391 595 622 641 sanctus
649 586 819 644 abbas
849 590 1121 648 Antonius
1146 608 1161 644 :
1198 591 1320 647 Vidi
1349 608 1528 648 omnes
1548 595 1736 649 diabo-

127 671 174 723 li
213 672 430 743 laqueos
469 692 630 745 super
659 685 800 732 terra
840 687 1091 743 structos,
1129 681 1466 753 ingemuique
1513 684 1654 748 ideo,
1683 692 1732 737 et

125 763 250 819 dixi
275 781 295 818 :
332 764 426 821 Vw
445 769 622 835 generi
646 769 920 826 humano!
946 776 1062 843 quis
1095 775 1282 844 poterit
1312 775 1445 842 eripi
1476 775 1541 828 ab
1570 776 1684 829 istis
1705 777 1732 830 .’

129 855 209 908 Et
239 856 491 912 dixerunt
518 860 646 912 mihi
669 878 688 916 ε
715 861 1007 920 Humilitas
1037 865 1206 919 salvat
1250 867 1314 920 ab
1351 868 1488 938 istis,
1525 885 1619 923 nec
1661 871 1731 922 ad

126 945 285 1002 illam
313 951 606 1020 pertingere
644 953 836 1010 ualent.
880 955 1160 1024 Quomodo
1194 959 1328 1014 vidit
1377 969 1601 1017 sanctus
1630 961 1731 1016 iste

126 1037 360 1107 laqueos
405 1043 604 1099 diaboli
639 1063 654 1109 ;
698 1048 1118 1116 sensibiliterne,
1159 1066 1226 1105 an
1258 1051 1731 1110 intellectualiter?

126 1141 186 1182 et
212 1133 434 1201 quinam
463 1143 590 1189 sunt
611 1135 708 1203 illi,
734 1139 824 1206 qui
852 1141 1103 1196 dixerunt
1134 1132 1232 1212 ipsi
1261 1159 1276 1200 :
1304 1143 1597 1200 Humilitas
1616 1145 1726 1200 sal-

125 1231 220 1276 vat
240 1222 306 1277 ab
330 1224 468 1290 istis,
506 1241 600 1280 nec
633 1229 702 1281 ad
731 1228 880 1283 illam
899 1232 1190 1302 pertingere
1219 1235 1391 1290 valent
1409 1238 1435 1292 i’

755 1319 1076 1390 Responsio.

208 1407 388 1462 Abbas
443 1408 756 1466 Macharins
811 1411 1004 1481 major,
1052 1413 1374 1488 Egyptius,
1427 1418 1724 1490 discipulus

124 1500 348 1556 abbatis
390 1501 639 1570 Antonii,
673 1505 804 1560 vidit
846 1521 1064 1578 quoque
1106 1512 1157 1565 in
1202 1512 1420 1568 deserto
1477 1513 1722 1569 interiori

127 1590 371 1662 Scythiae
422 1608 625 1650 omnes
661 1595 884 1665 laqueos
925 1600 1260 1668 passionum,
1295 1618 1431 1672 quos
1478 1604 1612 1659 vidit
1658 1619 1725 1658 eo

127 1692 375 1753 tempore
408 1682 467 1738 S.
511 1685 683 1742 abbas
735 1687 1024 1745 Antonius.
1059 1690 1207 1746 Vidit
1252 1693 1452 1763 quippe
1502 1692 1723 1749 Macha-

127 1777 248 1830 rius
285 1776 527 1833 diabolos
578 1777 632 1832 in
693 1778 1057 1837 similitudine
1119 1783 1350 1839 duorum
1414 1786 1719 1851 hominum,

123 1883 360 1937 quorum
387 1885 525 1924 unus
551 1869 822 1939 perforata
846 1883 965 1928 erat
991 1874 1210 1930 indutus
1242 1886 1411 1943 veste,
1445 1879 1532 1933 cui
1564 1882 1714 1949 qna:-
1755 1875 1796 1930 Β

123 1961 252 2014 dam
293 1961 632 2017 diversorum
679 1962 923 2019 colorum
986 1977 1160 2022 erant
1197 1969 1434 2037 inserta;
1491 1971 1719 2025 alterius

125 2053 323 2107 detrita
383 2063 531 2109 veste
583 2065 754 2112 totum
806 2073 1003 2129 corpus
1049 2062 1522 2118 circnmamictum
1576 2073 1716 2125 erat,

123 2144 471 2217 habebatque
501 2158 618 2204 rete
648 2150 920 2220 quoddam
954 2153 1315 2223 ampullarum
1340 2156 1558 2226 plenum
1590 2171 1605 2208 ε
1635 2156 1720 2212 his

121 2237 428 2292 accedebat
460 2238 623 2304 alius,
654 2243 747 2312 qni
777 2244 877 2297 alis
905 2244 1080 2300 instar
1114 2248 1435 2317 operimenti
1468 2259 1718 2319 contege~

123 2329 308 2384 batur.
345 2327 460 2385 Hos
488 2329 708 2400 quidem
744 2333 1108 2402 corporaliter
1137 2335 1309 2391 oculis
1331 2337 1611 2407 corporeis
1638 2337 1716 2391 vi-

118 2420 203 2473 dit
225 2419 395 2475 abbas
428 2420 765 2490 Macharius;
807 2436 1032 2484 sanctus
1083 2441 1212 2483 vero
1247 2427 1517 2485 Antonius
1547 2429 1716 2486 abbas

120 2511 285 2566 oculo
325 2513 632 2570 intellectus
671 2516 808 2571 vidit
845 2531 944 2588 per
997 2520 1218 2574 modum
1253 2520 1480 2576 visionis
1523 2535 1716 2576 omnes

123 2603 348 2672 laqueos
380 2603 498 2660 illos
540 2605 739 2662 diaboli
789 2623 928 2677 quos
959 2624 1179 2677 semper
1210 2612 1496 2666 monachis
1530 2612 1712 2675 struit,

120 2709 190 2749 ac
205 2711 300 2750 eos
317 2695 432 2751 istis
449 2698 730 2768 aucupari,
751 2699 968 2755 irretire
991 2709 1154 2771 atque
1175 2702 1434 2772 impedire
1454 2703 1717 2758 obnititur

119 2786 192 2840 ab
222 2786 413 2843 itinere
438 2789 772 2857 perﬁciendo
800 2790 852 2845 in
886 2792 972 2846 via
1002 2793 1240 2858 virtutis,
1259 2793 1419 2848 sicuti
1451 2795 1711 2864 scriptum

117 2885 208 2928 est
237 2893 252 2930 :
287 2875 353 2929 lu
381 2878 461 2930 aia
488 2894 600 2932 mea
629 2879 1018 2935 absconderant
1056 2882 1186 2936 mihi
1215 2883 1452 2954 laqueos,
1477 2891 1528 2938 et
1559 2883 1712 2952 funes

117 2969 466 3022 extenderunt
515 2969 693 3024 itineri
752 2986 865 3025 meo
896 2971 962 3025 ³³.
998 2972 1150 3028 Vidit
1186 2974 1370 3043 itaque
1403 2988 1594 3028 omnes
1635 2975 1712 3028 la-

94 3050 290 3124 queos
322 3055 521 3113 diaboli
575 3073 739 3128 super
794 3071 940 3118 terra
994 3071 1234 3117 structos
1272 3077 1340 3118 eo
1391 3064 1554 3118 modo
1602 3078 1710 3133 quo

116 3161 248 3208 suos
291 3147 519 3207 tendunt
576 3147 707 3209 leris
753 3162 1064 3211 venatores.
1090 3151 1244 3221 Quod
1283 3153 1496 3224 quidem
1525 3154 1711 3212 videns

115 3240 421 3296 admiratus
468 3251 576 3306 est,
631 3257 697 3298 ac
735 3242 1016 3313 obstupuit
1048 3245 1118 3300 ob
1162 3244 1556 3299 multitudinem
1590 3261 1710 3300 cas-

115 3331 259 3386 sium
289 3340 341 3386 et
372 3332 608 3400 retium;
639 3333 842 3404 quibus
873 3335 918 3390 si
947 3335 1112 3391 semel
1160 3338 1378 3407 capitur
1404 3337 1540 3405 fera,
1581 3353 1710 3407 per-

113 3419 331 3481 diﬂicile
371 3423 601 3479 evadere
635 3425 834 3491 p0terit
875 3427 944 3482 ob
993 3442 1155 3483 ansas
1212 3432 1391 3486 varias
1445 3441 1501 3486 et
1537 3447 1710 3490 nexus

114 3511 462 3582 multiplices.
500 3513 701 3569 Abbati
734 3523 916 3571 autem
953 3517 1189 3574 Antonio
1226 3535 1350 3575 sese
1392 3522 1710 3578 obtulerunt

112 3615 283 3672 super
311 3610 514 3657 terram
555 3605 798 3660 omnium
838 3608 1161 3676 passionum
1211 3613 1457 3682 corporis
1493 3623 1548 3668 et
1586 3616 1707 3668 ani-

114 3709 220 3749 ma:
268 3697 501 3765 species,
532 3698 736 3767 quibus
764 3699 969 3754 diaboli
1021 3716 1334 3774 oppugnant
1367 3709 1704 3774 monachos;

113 3798 172 3841 et
197 3787 331 3842 vidit
361 3797 582 3844 sanctos
619 3791 844 3861 angelos
873 3793 962 3862 qui
1003 3794 1102 3849 sibi
1122 3796 1364 3866 singulos
1391 3799 1704 3867 passionum

116 3880 341 3949 laqueos
380 3880 715 3940 nominatim
788 3885 1164 3950 ostendebant,
1215 3903 1408 3958 nempe
1454 3889 1703 3958 laqueum

114 3970 321 4028 amoris
351 3973 557 4028 ventris
594 3989 689 4029 seu
736 3976 894 4045 gulae,
942 3978 1148 4033 amoris
1203 3981 1467 4049 pecunias,
1503 3984 1706 4040 amoris

115 4062 520 4130 fornicationis,
556 4065 734 4120 inanis
764 4066 971 4135 gloriae,
995 4071 1262 4139 superbiae
1287 4081 1342 4126 et
1371 4072 1702 4142 reliquarum

114 4154 454 4222 passionum.
491 4155 861 4213 Ostenderunt
892 4159 964 4213 illi
1002 4170 1265 4229 praeterea
1297 4177 1493 4217 omnes
1534 4173 1702 4231 artes,

114 4245 344 4304 technas
365 4262 432 4303 ac
458 4249 703 4316 astutias,
734 4251 936 4322 quibus
986 4253 1176 4308 hostes
1203 4269 1333 4310 suos
1367 4264 1586 4311 struunt
1625 4258 1706 4312 la-

112 4353 287 4409 queos
332 4349 388 4394 et
427 4340 675 4406 insidias,
718 4344 919 4411 quibus
971 4344 1271 4414 impediant
1325 4345 1546 4412 fratres,
1577 4348 1704 4402 illa-

112 4439 335 4497 queent,
371 4433 758 4504 retardentque
801 4434 870 4489 ab
908 4435 1102 4491 itinere
1132 4450 1328 4504 magno
1356 4437 1559 4492 amoris
1583 4437 1697 4493 Dei.

113 4521 244 4577 llaec
268 4537 389 4577 cum
420 4524 724 4582 admiratus
747 4537 908 4591 esset,
943 4537 997 4582 et
1026 4538 1249 4595 stupore
1279 4528 1583 4598 perculsus,
1613 4529 1698 4583 in-

843 383 905 440 S.
946 383 1223 442 ANTONll
1264 385 1333 443 Μ.
1379 383 1668 444 ABBATIS
1707 386 2254 451 SENTENTIARUM
2293 393 2685 457 EXPOSlTiO.

3299 417 3440 474 “'90

1755 509 1802 566 Α
1833 505 2104 562 internmn
2182 518 2460 566 certamen
2512 512 2836 582 intellectus,
2875 519 3047 588 quies,
3097 525 3270 581 oratio
3321 534 3438 586 sine

1842 598 2253 658 intermissione
2283 619 2407 658 cum
2447 605 2686 675 perfecta
2721 607 3051 679 humilitate,
3085 628 3310 673 cunctas
3341 637 3434 675 su-

1841 700 2033 759 perant
2087 695 2373 761 passiones
2419 711 2484 752 ac
2531 697 2834 767 daemones,
2872 717 2973 758 nec
3006 706 3072 759 ad
3107 711 3432 771 monachum

1839 782 1926 838 his
1957 785 2242 853 pmditum
2278 789 2588 860 pertingere
2618 791 2822 860 valent,
2849 799 3306 864 quemadmodum
3337 820 3435 858 an-

1839 872 1941 944 geli
1983 874 2042 930 S.
2069 876 2308 934 Antonio
2333 880 2517 936 abbati
2545 882 2818 940 dixerunt.

2443 993 2822 1069 Interrogatio.

1907 1079 2052 1136 Dixit
2084 1081 2142 1137 S.
2175 1083 2445 1142 Antonius
2476 1089 2646 1144 abbas
2678 1089 2778 1146 :Si
2803 1095 3134 1152 caruerimus
3181 1104 3432 1157 certami-

1836 1189 1927 1236 ne,
1959 1173 2246 1242 plurimum
2297 1177 2443 1232 nobis
2491 1182 2781 1236 timendum
2832 1196 2946 1253 est;
2991 1204 3183 1260 nosque
3226 1204 3429 1260 oportet

1832 1264 1985 1319 valde
2010 1265 2286 1322 humiliari
2317 1287 2496 1325 coram
2519 1273 2648 1338 Deo,
2679 1278 2805 1346 quia
2838 1295 2956 1333 cum
2983 1281 3092 1348 ipse
3115 1284 3239 1338 bene
3259 1303 3426 1355 agno-

1832 1369 1944 1412 scat
1983 1369 2220 1415 nostram
2264 1363 2655 1434 inﬁrmitatem,
2686 1384 2782 1422 nos
2815 1382 3047 1439 proteget
3087 1373 3274 1428 dextra
3302 1393 3424 1442 sua,

1834 1459 1880 1501 et
1925 1448 2181 1506 custodiet
2211 1469 2230 1506 :
2261 1462 2316 1507 at
2359 1455 2407 1510 si
2457 1458 2703 1526 superbia
2737 1460 3042 1529 e/feramur,
3077 1481 3225 1518 suam
3261 1483 3294 1520 a
3326 1481 3424 1519 no-

1837 1540 1918 1595 bis
1948 1545 2177 1599 retro/tet
2209 1548 2606 1618 protectionem,
2641 1562 2689 1604 et
2718 1553 3021 1618 peribimus.
3053 1553 3309 1622 Quisnam
3339 1567 3424 1617 est

1841 1633 2000 1703 hujus
2034 1637 2173 1691 beati
2204 1641 2490 1696 sententia:
2518 1641 2748 1700 sensus?

2477 1752 2781 1824 Responsio.

1900 1835 2010 1893 Nos
2039 1839 2314 1898 humiliari
2359 1859 2577 1916 semper
2613 1860 2846 1919 oportet,
2902 1861 3008 1908 tam
3040 1862 3285 1928 tempore
3314 1877 3417 1916 an-

1826 1931 2144 2000 gustiarum,
2183 1935 2547 1994 tribulationis
2579 1955 2642 1996 ac
2676 1945 3243 2019 certaminnm,quam
3279 1962 3416 2008 tetu-

1827 2037 1959 2092 pore
1995 2027 2144 2094 pacis
2178 2035 2234 2082 et
2263 2030 2466 2101 quietis
2495 2046 2525 2086 a
2557 2035 2986 2105 certaminibus;
3013 2041 3218 2097 etenim
3265 2045 3414 2100 omni

1829 2123 2074 2184 tempore
2109 2116 2420 2177 humilitate
2449 2123 2608 2178 nobis
2636 2138 2776 2193 opus
2817 2135 2922 2182 est.
2957 2127 3410 2202 Quandoquidem

1827 2203 1942 2260 haec
1980 2213 2224 2276 tempore
2249 2211 2570 2267 certaminis
2593 2213 2753 2269 nobis
2777 2215 2982 2284 praebet
3017 2233 3204 2290 opem,
3234 2223 3414 2277 addit-

1825 2309 1932 2364 que
1982 2297 2152 2352 rohnr
2192 2299 2261 2354 ad
2291 2301 2635 2359 subeundum
2665 2307 2947 2376 patientiae
2978 2311 3190 2378 pondus
3223 2325 3239 2365 :
3268 2319 3409 2366 tem—

1827 2399 1959 2453 pore
1987 2401 2116 2442 vero
2149 2389 2297 2458 pacis
2329 2401 2385 2446 et
2412 2393 2620 2462 quietis
2653 2409 2684 2448 a
2729 2398 3134 2464 certaminibus,
3165 2415 3265 2455 nos
3297 2409 3414 2454 tne-

1825 2487 1911 2531 tur
1940 2493 1970 2531 a
2013 2481 2292 2550 superbia,
2327 2490 2382 2539 et
2408 2485 2641 2542 sustinet
2683 2503 2750 2542 ne
2795 2489 3073 2546 cadamus.
3103 2489 3172 2545 Et
3193 2491 3414 2560 quidem

1823 2569 2046 2639 propter
2094 2571 2516 2630 dissolutionem
2567 2587 2810 2632 nostram
2847 2586 2904 2634 et
2935 2579 3264 2634 oblivionem
3304 2594 3410 2648 qua

1819 2661 2064 2728 capimur
2091 2659 2212 2729 Dei,
2252 2663 2564 2722 humilitate
2597 2682 2818 2738 semper
2863 2668 3020 2724 nobis
3048 2683 3185 2739 opus
3206 2679 3311 2736 est,
3350 2679 3411 2724 ut

1822 2761 2004 2808 nostra
2027 2755 2244 2821 cognita
2272 2756 2588 2814 inﬁrmitate
2623 2775 2846 2829 operam
2873 2760 3164 2816 humilitati
3194 2760 3410 2826 demus,

1819 2852 1876 2898 et
1928 2847 2240 2914 superbiam
2273 2849 2597 2904 amoliamur
2625 2867 2652 2904 a
2687 2852 2868 2908 nobis.
2898 2851 3042 2908 Deus
3067 2867 3322 2922 namque,
3353 2863 3412 2907 ut

1819 2935 1964 2989 omni
2018 2945 2262 3007 tempore
2300 2941 2566 3010 angustiis
2616 2958 2953 3011 premamur,
3005 2943 3231 2999 minime
3275 2947 3410 3012 vult,

1819 3023 1914 3078 sed
1940 3037 2038 3078 sua
2068 3025 2342 3082 interdum
2381 3029 2583 3098 pietate
2615 3040 2670 3086 et
2702 3031 2992 3088 clementia
3025 3048 3123 3088 nos
3149 3035 3408 3105 Protegit.

1817 3128 2142 3187 cessareque
2179 3114 2314 3175 facit
2357 3133 2389 3176 a
2430 3118 2588 3178 nobis
2637 3133 2939 3181 certaunna
2985 3120 3308 3196 passionum
3352 3130 3411 3174 et

1738 3228 1782 3287 ο
1817 3204 2156 3262 diabolorutn
2188 3209 2591 3266 crudelitatem.
2629 3210 2687 3267 Si
2723 3213 2908 3284 itaque
2936 3224 3180 3285 tempore
3205 3228 3400 3290 pugnat

1813 3305 1867 3349 et
1910 3297 2230 3376 certaminis
2274 3297 2342 3353 ad
2396 3299 2762 3357 humilitatem
2811 3305 3145 3360 recurrimus
3187 3318 3411 3377 propter

1811 3388 2051 3456 pericula
2105 3398 2161 3444 et
2199 3389 2583 3459 dillicultates;
2629 3402 2873 3464 tempore
2896 3410 3024 3451 vero
3057 3400 3410 3469 tranquillita-

1814 3473 1883 3528 tis
1916 3483 1971 3528 et
2004 3475 2316 3532 securitatis
2340 3492 2370 3531 a
2402 3481 2798 3538 certaminibus
2831 3483 2997 3540 Deum
3031 3485 3407 3546 obliviscimur

1809 3573 1864 3620 et
1901 3564 2179 3623 elferimur
2227 3571 2480 3639 superbia
2515 3588 2531 3627 :
2561 3588 2714 3628 suam
2745 3576 2937 3644 procul
2983 3577 3149 3632 dubio
3175 3596 3206 3636 a
3235 3583 3398 3638 nobis

1809 3659 2096 3713 contrahet
2154 3662 2567 3729 protectionem,
2603 3674 2661 3721 et
2709 3665 2862 3721 ruina
2903 3682 2969 3723 ac
3019 3669 3402 3742 desperatione

1814 3750 2129 3819 peribimus.
2165 3750 2383 3810 Nullum
2420 3756 2586 3826 igitur
2617 3767 2829 3828 tempus
2880 3767 2986 3826 est,
3035 3776 3143 3832 quo
3185 3760 3429 3819 humili?

1810 3851 1917 3898 tate
1952 3843 2108 3900 nobis
2141 3860 2278 3916 opus
2319 3863 2422 3902 non
2461 3849 2562 3915 sit;
2601 3852 3060 3919 quemadmodum
3090 3857 3238 3911 omni
3284 3857 3404 3914 loco

1807 3944 1862 3988 et
1896 3935 2148 3993 omnibus
2170 3938 2226 3993 in
2255 3939 2564 3996 actionibus
2593 3956 2655 3996 ea
2691 3943 2913 3998 omnino
2945 3945 3269 4015 indigemus.

2405 4054 2782 4127 Interrogatio.

1883 4143 2112 4212 Quidam
2141 4149 2418 4203 seniorum
2463 4149 2759 4219 postulavit
2793 4165 2823 4204 a
2857 4149 2988 4218 Deo,
3017 4163 3076 4207 ut
3103 4153 3184 4208 illi
3213 4163 3398 4210 osten-

1805 4236 1959 4292 deret
2004 4253 2194 4294 omnes
2247 4237 2469 4296 Patres:
2521 4242 2611 4309 qui
2660 4254 2840 4298 autem
2885 4258 2982 4298 eos
3023 4260 3213 4302 omnes
3235 4247 3394 4314 vidit,

1806 4339 2004 4398 praeter
2049 4329 2108 4384 S.
2162 4328 2416 4385 abbatem
2450 4331 2785 4398 Antonium;
2829 4344 2886 4389 et
2933 4335 3073 4391 dixit
3128 4346 3257 4393 tunc
3298 4338 3396 4394 ille

1803 4421 1895 4492 qtti
1941 4436 2037 4477 eos
2086 4421 2185 4494 ipsi
2216 4423 2574 4478 ostenderat:
2603 4421 2705 4478 Ubi
2723 4435 2799 4480 est
2829 4425 2995 4494 Deus,
3025 4429 3098 4482 ibi
3123 4439 3198 4484 est
3225 4428 3392 4484 abbas

1803 4512 2085 4566 Antonius.
2123 4511 2406 4578 Quomodo
2438 4513 2574 4568 vidit
2603 4527 2794 4570 omnes
2847 4516 3064 4584 Patres,
3117 4528 3176 4575 et
3220 4533 3395 4590 quare

111 4617 340 4686 gemuit,
371 4625 426 4672 et
469 4616 622 4674 ﬂevit
661 4619 885 4675 dicens:
928 4620 1020 4676 Vo:
1051 4620 1200 4676 nobis
1241 4621 1534 4689 monachis,
1571 4639 1701 4694 quo-

1825 4619 1912 4658 lOll
1945 4604 2076 4660 vidit
2109 4604 2360 4660 abbatem
2395 4603 2738 4662 Antonium?

111 4713 270 4763 modo
320 4725 596 4778 possumus
641 4712 882 4777 expediri
928 4722 976 4767 et
1015 4714 1213 4768 saluari
1243 4717 1309 4767 ab
1343 4715 1580 4769 omnibus
1620 4714 1701 4770 his

110 4801 336 4871 laqueis,
365 4803 496 4871 quin.
513 4805 840 4872 capiamur?
866 4805 1130 4861 Dixerunt
1164 4806 1240 4860 illi
1271 4808 1444 4877 angeli
1475 4825 1489 4862 :
1518 4807 1705 4861 Humi-

109 4893 239 4947 litas
267 4895 333 4948 ab
370 4895 454 4949 liis
491 4898 732 4950 omnibus
772 4896 978 4962 salvat;
1011 4907 1060 4952 et
1089 4899 1178 4967 qui
1203 4899 1298 4953 illa
1319 4909 1398 4954 est
1423 4902 1696 4970 praditus,

112 4986 329 5040 minime
356 4988 507 5042 cadet
541 4998 630 5041 aut
661 4989 1058 5057 illaqueabitur.
1086 4991 1159 5044 At
1185 5006 1293 5045 non
1325 4991 1437 5046 sola
1479 4992 1700 5048 humili-

111 5089 226 5134 tate
261 5081 508 5149 superari
556 5083 839 5150 passiones
865 5092 920 5138 et
955 5083 1250 5151 daemones,
1282 5084 1572 5149 dixerunt;
1604 5100 1701 5142 ve-

113 5180 234 5227 tum
280 5173 388 5227 alia
437 5188 655 5244 quoque
699 5189 864 5247 opera
897 5184 954 5230 et
980 5176 1278 5232 certamina
1305 5192 1410 5230 una
1446 5192 1569 5233 cum
1605 5179 1703 5233 hu-

110 5263 344 5319 militate
398 5265 771 5334 requiruntur.
815 5265 1097 5337 Siquidem
1148 5267 1426 5324 humilitas
1475 5272 1586 5325 sola
1631 5285 1696 5328 ac

109 5367 211 5422 per
233 5369 317 5418 se,
350 5357 550 5412 nullius
577 5366 662 5413 est
683 5358 1030 5414 emolumenti
1057 5377 1072 5426 ;
1098 5375 1263 5431 opera
1291 5376 1420 5417 vero
1441 5363 1560 5419 sine
1591 5363 1694 5418 hn-

111 5445 346 5503 militate
375 5449 510 5505 nihil
534 5461 798 5521 prosunt;
835 5459 963 5507 sunt
989 5453 1135 5508 enim
1167 5455 1372 5524 absque
1418 5453 1529 5522 illa,
1564 5471 1692 5511 caro

113 5549 260 5594 terra
313 5541 467 5596 salita
508 5549 564 5598 et
605 5557 710 5598 non
760 5544 896 5610 sale,
938 5544 1181 5615 adeoque
1226 5545 1383 5602 facile
1441 5545 1692 5604 fmtorem

111 5629 390 5685 contrahit
413 5641 468 5687 et
500 5633 891 5704 corrumpitur.
932 5631 1121 5705 Itaque
1144 5647 1313 5707 opera
1347 5637 1685 5707 corporalia,

152 5789 225 5889 ’³³
247 5799 393 5860 Psal.
425 5817 650 5876 ensis,
678 5807 732 5866 6.

2445 4717 2753 4790 Responsio.

1877 4810 1984 4868 Vel
2010 4811 2252 4870 senioris
2291 4812 2601 4868 intellectus
2629 4813 2682 4869 in
2725 4814 3034 4884 paradisum
3065 4825 3251 4888 raptus
3283 4829 3388 4886 est,

1802 4909 1858 4956 et
1897 4902 1968 4956 ibi
1999 4901 2134 4957 vidit
2158 4900 2396 4968 Patres;
2433 4902 2517 4957 vel
2553 4902 2655 4971 ipsi
2691 4901 2882 4959 Patres
2909 4915 3176 4962 venerunt
3221 4909 3288 4964 ad
3320 4910 3386 4963 il-

1803 4993 1950 5062 lum;
1986 4994 2069 5048 vel
2105 4994 2328 5064 angelus
2362 4985 2605 5048 ostendit
2653 4994 2776 5050 illos
2825 4995 2926 5066 ipsi
2971 5000 3269 5054 secundum
3297 5017 3388 5056 or-

1807 5089 1962 5143 dines
1991 5088 2038 5142 vi
2062 5087 2280 5143 ianum.
2314 5086 2430 5142 Non
2463 5096 2546 5142 est
2575 5096 2756 5143 autem
2793 5075 2944 5145 visus
2975 5091 3025 5145 ei
3073 5092 3241 5148 abbas
3270 5091 3386 5148 An-

1809 5180 1989 5233 tonius
2013 5179 2225 5234 duabus
2251 5177 2320 5234 de
2347 5178 2548 5242 causis,
2582 5187 2695 5234 tum
2719 5190 2942 5251 pmpter
2962 5183 3384 5250 magnitudinem

1805 5271 2030 5327 honoris
2064 5269 2122 5326 S.
2155 5269 2372 5326 abbatis
2400 5270 2644 5340 Antonii,
2671 5280 2782 5326 tum
2814 5281 2872 5327 ut
2898 5273 3275 5329 humiliaretur
3300 5289 3386 5329 se-

1806 5365 1930 5419 nior
1973 5364 2082 5427 ille,
2117 5373 2173 5419 et
2208 5377 2314 5418 non
2353 5361 2644 5419 eﬂ’erretur
2684 5365 2958 5432 superbia,
2995 5366 3139 5433 quod
3162 5363 3384 5421 vidisset

1805 5469 1995 5511 omnes
2017 5455 2227 5511 Patres.
2258 5452 2392 5509 Nam
2432 5469 2495 5510 ea
2526 5455 2733 5509 visione
2766 5453 2989 5509 Patrum
3022 5453 3282 5509 instruxit
3323 5455 3386 5510 ilo

1805 5547 1914 5602 lum
1946 5545 2103 5612 Deus,
2146 5554 2206 5599 ut
2231 5545 2378 5616 ipsos
2413 5544 2740 5608 imitaretur,
2768 5543 2888 5613 ejus
2913 5542 3220 5612 adimplens
3242 5544 3385 5613 peti-

1806 5641 2029 5698 tionem.
2056 5637 2212 5707 Quod
2247 5652 2377 5695 vero
2406 5651 2512 5692 non
2543 5631 2805 5690 meruerit
2847 5630 3110 5688 visionem
3134 5631 3382 5702 Antonii,
