3868 6282
470 348 603 406 £091

1569 350 1846 408 PATRES
1885 350 2188 409 {EGYPTII
2225 351 2500 410 SECULI
2543 352 2630 410 IV.

3614 358 3762 413 109!

465 466 608 523 ratio
643 463 765 532 fuit,
798 477 856 522 ut
892 477 1177 538 appareret
1209 469 1453 526 defectus
1492 471 1748 538 senioris,
1780 485 1887 541 quo
1920 485 2048 526 eva-
2085 481 2132 537 Α
2161 473 2337 527 ederet
2373 481 2661 526 mercedem
2692 489 2864 526 suam.
2906 472 3166 529 Similiter
3211 490 3304 528 nos
3330 490 3541 546 quoque
3574 475 3760 527 divina

469 558 622 614 deret
655 559 968 629 superbiam
997 571 1052 617 et
1086 562 1488 619 humiliaretur.

781 727 784 730 ἢ
1070 653 1449 725 Interrogatio.

543 742 826 799 Profectus
871 753 953 799 est
990 744 1283 814 aliquando
1339 745 1508 799 abbas
1547 745 1873 801 Ammonius
1906 746 2060 817 virgo

469 837 536 890 ad
573 838 822 891 abbatem
857 837 1173 900 Antonium,
1205 847 1259 890 et
1291 835 1432 890 dixit
1472 838 1522 891 ei
1557 858 1569 892 :
1612 836 1776 891 Video
1827 854 1908 892 me
1957 839 2056 892 ha-

468 929 586 984 bere
621 929 776 997 plura
811 946 990 998 opera,
1030 945 1187 999 quant
1243 941 1298 981 tu
1343 929 1535 992 habes;
1585 930 1844 998 quomodo
1896 931 2060 999 igitur

468 1021 638 1089 magis
686 1020 986 1088 evulgatum
1038 1030 1113 1073 est
1171 1035 1358 1072 nomen
1421 1029 1571 1074 tuum
1627 1021 1763 1072 inter
1799 1021 2056 1086 homines,

466 1127 626 1180 quam
672 1111 892 1165 meum?
920 1109 1223 1179 Respondit
1260 1111 1334 1163 illi
1365 1110 1633 1164 Antonius
1665 1125 1678 1161 :
1711 1110 1850 1175 Quia
1893 1110 2056 1180 diligo

467 1203 659 1266 Deum,
697 1201 815 1271 plus
840 1217 996 1272 quam
1024 1213 1099 1255 tu.
1133 1201 1416 1268 Quodnam
1449 1210 1536 1256 est
1575 1200 1703 1256 dicti
1738 1200 1898 1271 hujus
1929 1216 2058 1272 pro-

411 1304 426 1318 ‘
466 1293 743 1367 positum?

1104 1387 1412 1457 Responsio.

541 1483 654 1540 Nec
691 1483 860 1538 abbas
887 1481 1210 1537 Ammonius
1238 1485 1352 1537 suis
1391 1481 1656 1554 gloriatus
1693 1491 1776 1539 est
1813 1482 2056 1554 profecto

464 1577 744 1646 Operibus,
795 1589 895 1630 nec
945 1590 1041 1629 sua
1083 1575 1254 1630 abbas
1297 1576 1567 1631 Antonius
1615 1576 1928 1641 dilectione,
1961 1577 2054 1631 sed

464 1682 656 1723 eorum
721 1666 854 1722 dicti
918 1664 972 1720 id
1023 1666 1358 1735 propositum
1399 1667 1686 1730 fuit.Cum
1739 1668 1912 1722 sancti
1969 1667 2054 1722 isti

463 1758 626 1829 primi
673 1757 876 1814 fuerint
905 1757 1244 1812 institutores
1278 1758 1556 1826 rcgiminis
1605 1761 1962 1814 monachatus
1997 1767 2053 1813 et

2161 579 2342 616 sumus
2376 563 2534 616 velati
2555 563 2971 632 dispensatione,
2993 565 3116 635 quia
3140 565 3293 620 initio
3345 581 3636 633 cperamur
3669 566 3764 618 bo-

2161 669 2286 706 num
2319 652 2460 722 quod
2505 668 2610 707 non
2646 653 2898 721 uidemus,
2937 671 3001 709 ne
3035 656 3211 709 beatos
3247 672 3343 710 nos
3386 657 3533 724 ipsos
3563 656 3769 710 habea-

2158 759 2296 809 mus,
2321 754 2634 813 pereantque
2665 754 2940 813 propterea
2969 763 3128 815 opera
3153 759 3365 812 nostra;
3401 748 3634 815 ideoque
3659 749 3768 799 ali-

2158 836 2370 905 quando
2399 835 2455 890 in
2491 836 2735 906 sordidas
2765 837 3050 891 incidimus
3083 838 3428 906 cogitationes
3460 837 3672 899 solum,
3706 847 3764 890 ut

2158 903 2248 977 eus
2278 903 2508 978 vidente;
2545 935 2743 979 nosmet
2768 926 2910 996 ipsos
2960 903 3421 996 reprehendamus.
3450 925 3560 981 Ηω
3582 938 3763 980 autem

2157 1018 2388 1072 sordida:
2435 1020 2805 1088 cogitationes,
2863 1021 3070 1076 modici
3116 1021 3238 1075 boni
3277 1021 3421 1090 quod
3465 1036 3766 1088 operemur

2157 1115 2279 1159 sunt
2324 1106 2690 1162 uelamentum.
2731 1108 3008 1180 Siquidem
3061 1111 3215 1164 homo
3273 1111 3363 1180 qui
3414 1111 3761 1177 semetipsum

2157 1199 2515 1268 reprehendit,
2568 1217 2718 1256 suam
2776 1203 3072 1257 mercedem
3124 1218 3464 1273 nequaquam
3531 1202 3760 1256 amittit.

2159 1288 2383 1360 Expone
2409 1292 2565 1348 nobis
2605 1291 2736 1362 quid
2765 1293 2903 1349 lucri
2933 1303 3022 1350 est
3052 1294 3106 1349 in
3137 1295 3240 1351 hoc
3264 1295 3412 1350 dicto
3436 1294 3463 1347 ?

2795 1385 3104 1456 Responsio.

2227 1472 2283 1530 Id
2315 1487 2536 1547 propter
2571 1493 2678 1534 non
2710 1488 2993 1534 merentur
3022 1493 3213 1535 omnes
3245 1479 3418 1536 sancti
3447 1479 3650 1536 videre
3677 1478 3758 1534 vi-

2155 1569 2372 1637 siones;
2424 1586 2602 1643 neque
2649 1575 2794 1642 quod
2847 1582 3146 1643 operantur
3190 1574 3414 1640 bonum,
3447 1583 3505 1630 et
3535 1583 3760 1643 paratas

2155 1663 2548 1731 promissioues
2582 1664 2772 1720 vident
2813 1667 3194 1736 spiritualiter,
3234 1666 3338 1722 etsi
3387 1667 3666 1736 operibus
3708 1675 3762 1719 et

2155 1753 2448 1809 virtutibus
2496 1754 2606 1808 sint
2659 1757 3104 1812 cumulatissimi.
3145 1755 3211 1812 Et
3249 1771 3381 1812 sane
3436 1771 3554 1811 non
3613 1756 3759 1825 quod

463 1851 732 1907 incolatus
777 1849 1105 1916 solitudinis,
1133 1849 1198 1902 ad
1235 1849 1466 1904 invicem
1520 1851 1834 1920 perquirere
1882 1851 2050 1905 inten-

2163 1842 2307 1898 Dcus
2338 1859 2527 1899 eorum
2557 1861 2663 1901 non
2696 1847 2912 1902 lauetur
2941 1847 3264 1913 virtutibus,
3295 1854 3350 1901 et
3379 1845 3661 1916 operibus
3687 1846 3759 1899 si-

465 1941 683 2006 debant,
712 1949 767 1994 et
790 1940 897 1995 hoc
922 1941 1178 1995 omnibus
1203 1941 1417 2009 aperire
1451 1941 1735 1996 monachis
1759 1943 2053 1996 documen-

401 2096 413 2108 .
467 2041 602 2099 tum,
639 2031 785 2101 quod
823 2031 1034 2087 scilicet
1075 2032 1318 2102 regimen
1361 2031 1672 2086 intellectus
1703 2032 2054 2102 pra-stantius

463 2122 539 2178 sit
568 2124 826 2192 operibus
871 2123 1143 2193 corporis.
1184 2122 1432 2192 Namque
1467 2123 1778 2178 intellectus
1811 2124 2052 2193 regimen

462 2215 651 2286 dirigit
694 2215 1013 2285 extollitque
1067 2215 1320 2270 monachi
1378 2224 1616 2270 mentem
1669 2216 1736 2269 ad
1791 2214 2052 2269 altissima

463 2310 559 2364 Dei
596 2309 798 2364 amoris
824 2325 840 2375 ;
872 2322 1068 2379 nempe
1095 2309 1287 2378 dignus
1319 2306 1552 2362 edicitur
1579 2306 1787 2363 visione
1818 2305 2054 2360 manife-

463 2401 715 2458 stationis
738 2400 855 2469 ejus
896 2401 949 2455 in
989 2399 1214 2454 lumine.
1250 2399 1425 2469 Opera
1459 2398 1678 2468 quidem
1746 2397 2052 2468 corporalia

463 2493 790 2547 monachum
829 2505 858 2545 a
891 2491 1238 2561 passionibus
1277 2489 1526 2559 corporis
1584 2488 1888 2551 vindicant,
1919 2503 2054 2542 con-

464 2579 686 2638 firmant
712 2584 764 2637 in
792 2582 1112 2648 virtutibus,
1140 2582 1310 2635 robur
1341 2580 1572 2634 alierunt
1604 2582 1672 2634 ad
1703 2579 2052 2648 expellendas

461 2673 956 2744 concupiscentias,
997 2681 1054 2730 et
1094 2671 1311 2742 corpori
1345 2671 1547 2726 addunt
1577 2670 1892 2740 puritatem.
1921 2668 2053 2724 Cer-

462 2775 646 2820 tamen
669 2778 799 2819 vero
827 2762 1135 2819 intellectus
1166 2770 1404 2817 mentem
1439 2761 1762 2816 corroborat
1789 2758 2052 2812 adversus

462 2855 732 2921 diabolos,
757 2864 812 2911 et
841 2853 1200 2924 cogitationes
1240 2852 1306 2907 ab
1341 2851 1427 2906 his
1452 2850 1829 2916 subinductas,
1867 2859 1923 2905 et
1955 2863 2054 2919 pu-

469 2947 687 3001 ritatem
720 2945 1040 3000 reconciliat
1083 2944 1287 3008 cordis,
1317 2941 1458 3012 quod
1505 2945 1723 2997 robura
1764 2941 2053 2996 dilectione

461 3037 714 3106 acquirit,
741 3047 798 3091 et
824 3036 1044 3105 dignum
1073 3035 1306 3090 eﬂicitur
1329 3033 1597 3105 spirituali
1620 3033 1908 3104 regimine.
1942 3032 2052 3088 Nec

459 3129 638 3184 omnis
661 3129 957 3183 virtutibus
982 3126 1192 3198 praediti
1221 3136 1276 3181 et
1307 3126 1584 3196 diligentis
1615 3125 1924 3191 Dominum,
1952 3139 2051 3180 ne-

459 3237 614 3278 cesse
638 3231 720 3277 est
754 3222 954 3277 famam
990 3223 1135 3276 inter
1161 3222 1410 3278 homines
1464 3220 1761 3292 divulgari;
1795 3236 1917 3274 nam
1951 3221 2050 3277 ab-

459 3312 560 3369 bas
607 3313 809 3368 Paulus
857 3314 1113 3384 princeps
1164 3315 1542 3378 eremitarum,
1571 3324 1627 3368 et
1654 3316 2046 3368 monachorum

460 3403 856 3475 primogenitus
887 3405 1072 3474 (quem
1110 3403 1277 3458 abbas
1304 3403 1572 3458 Antonius
1606 3403 1778 3458 Eliam
1818 3404 2049 3475 pr0phe-

461 3502 573 3546 tam
611 3491 906 3562 aliquando
955 3491 1266 3562 appellavit,
1296 3490 1592 3562 aliquando
1639 3489 1908 3547 Joannem
1939 3493 2046 3548 Ba-

461 3585 708 3654 ptistam,
755 3581 984 3638 Paulum
1071 3585 1374 3653 apostolum
1429 3583 1765 3654 aliquando),
1808 3584 2047 3653 quandiu

458 3675 619 3740 vixit,
659 3675 969 3731 hominibus
1010 3675 1238 3731 minime
1276 3675 1532 3731 innotuit.
1567 3674 1786 3743 Verum,
1839 3687 1898 3732 ut
1933 3678 2046 3746 jam

460 3765 597 3830 dixi,
630 3765 722 3820 isti
755 3765 860 3820 duo
887 3763 1086 3821 Patres
1129 3767 1446 3836 perquirere
1490 3766 1780 3822 voluerunt
1811 3769 1879 3824 ab
1909 3768 2048 3824 invi—

459 3871 602 3922 cem,
641 3868 849 3925 nosque
875 3855 1092 3922 docere,
1131 3859 1404 3926 quodnam
1452 3858 1692 3929 regimen
1726 3859 1832 3916 alio
1863 3861 2045 3916 excel-

461 3946 576 4001 sius
607 3945 679 4000 sit
705 3962 721 4012 ;
755 3946 1058 4015 corporale,
1105 3961 1173 4002 an
1207 3947 1507 4017 spirituale,
1533 3950 1677 4019 quod
1707 3960 1790 4008 est
1819 3951 2046 4008 interius

461 4039 749 4108 laterisque
806 4047 1084 4100 certamen
1126 4041 1350 4107 mentis,
1390 4051 1443 4097 et
1489 4043 1606 4098 sine
1648 4044 2047 4102 intermissione

459 4132 639 4189 oratio
663 4145 730 4187 ac
756 4130 1040 4187 meditatio
1072 4130 1199 4200 Dei;
1231 4146 1350 4202 quae
1375 4147 1499 4188 cum
1522 4144 1895 4191 consummata
1926 4137 2045 4194 fue-

462 4226 594 4293 rint,
621 4224 838 4280 elevant
877 4223 1214 4279 intellectum
1257 4225 1506 4281 monachi
1535 4226 1602 4283 ad
1630 4227 1874 4298 spiritale
1902 4231 2047 4300 regi-

460 4334 610 4384 men,
636 4319 781 4390 quod
826 4325 909 4374 est
938 4317 1200 4387 spiritalis
1231 4318 1428 4384 oratio,
1463 4319 1751 4375 admiratio
1778 4321 1896 4387 Dei,
1929 4322 2046 4392 ejus

460 4412 622 4478 visio,
653 4418 709 4466 et
734 4407 948 4464 Domini
998 4408 1173 4462 nostri
1208 4407 1303 4462 Dei
1333 4407 1517 4478 gloria:
1547 4407 1937 4479 maniiestatio,
1957 4413 2042 4466 cui

461 4503 582 4560 laus
614 4504 668 4558 in
704 4500 902 4559 sucula
927 4499 1271 4556 saeculorum.
1300 4501 1494 4556 Amen.

1062 4589 1434 4659 Interrogatio.

532 4685 677 4740 Dixit
705 4684 766 4738 S.
798 4682 968 4738 abbas
999 4681 1288 4745 Antonius,
1319 4680 1464 4750 quod
1498 4679 1644 4736 Deus
1678 4697 1786 4737 non
1821 4685 2050 4753 permit-

462 4778 530 4832 tit
577 4777 794 4832 diabolo
847 4775 1018 4829 ardua
1066 4772 1206 4828 bella
1254 4771 1459 4830 inferre
1503 4775 1840 4845 geuerationi
1897 4775 2046 4843 huic,

462 4867 590 4938 quia
631 4868 844 4922 iulirma
872 4876 975 4924 est.

1104 4956 1410 5027 Responsio.

536 5052 680 5108 Deus
702 5050 920 5123 quidem
954 5050 1114 5121 hujus
1135 5052 1426 5107 miseretur
1453 5051 1824 5123 generationis
1858 5070 1871 5106 :
1909 5068 2046 5123 qua-

462 5157 524 5200 re
552 5159 672 5199 eam
699 5143 821 5214 plus
852 5143 1021 5198 nimio
1052 5144 1230 5213 urgeri
1257 5158 1287 5197 a
1318 5143 1548 5200 diabolis
1570 5145 1794 5199 minime
1823 5146 2050 5214 permit-

465 5237 549 5301 tit,
586 5236 712 5306 quia
744 5249 844 5291 uos
874 5233 1058 5291 deticit
1102 5234 1253 5289 calor
1279 5235 1590 5300 charitatis,
1617 5245 1672 5288 et
1702 5235 1912 5290 amoris
1951 5237 2050 5290 bo-

463 5339 657 5379 norum
685 5340 945 5395 operum;
977 5324 1207 5396 ideoque
1237 5324 1520 5380 remissius
1565 5341 1664 5382 nos
1710 5327 1910 5382 diaboli
1952 5341 2050 5396 op-

463 5428 706 5488 pugnant
747 5419 818 5476 ob
862 5418 1292 5476 imbecillitatem
1338 5429 1604 5486 nostram,
1634 5429 1690 5476 et
1713 5419 2044 5491 ,dissolutio-

466 5523 613 5566 nem.

1068 5600 1441 5674 Interrogatio.

534 5691 674 5756 Quid
703 5700 785 5747 est
810 5692 958 5758 illud,
999 5695 1140 5764 quod
1194 5696 1331 5750 dixit
1360 5695 1528 5752 abbas
1569 5698 1881 5756 Antonius:
1921 5699 2044 5756 Nisi

447 5770 480 5837 ,ί
491 5783 683 5835 umenti
705 5783 892 5839 velaret
923 5785 1100 5841 oculos
1127 5787 1358 5853 molitor,
1383 5800 1782 5860 converteretur,
1801 5801 1848 5847 et
1896 5809 2044 5848 com-

2156 1933 2210 1988 bi
2273 1935 2611 2005 complaceat
2658 1937 2852 1993 :absit
2898 1945 2957 1991 ut
3002 1937 3244 2008 optimus
3303 1937 3466 1991 bouis
3521 1945 3760 1990 servatae

2157 2024 2427 2080 mercedis
2458 2025 2758 2096 quidquam
2801 2027 3110 2081 diminuat!
3147 2027 3242 2082 sed
3282 2026 3335 2080 id
3362 2024 3519 2092 facit,
3561 2041 3637 2079 ne
3662 2040 3753 2079 su-

2155 2116 2342 2184 perbia
2378 2116 2699 2185 ell'erantur,
2734 2129 2788 2174 et
2821 2120 2996 2176 virtus
3031 2134 3222 2175 eorum
3271 2130 3464 2191 pereat.
3504 2121 3757 2190 penitus,

2155 2216 2207 2262 et
2238 2208 2440 2275 paratis
2471 2211 2810 2280 servatisque
2842 2213 2924 2267 eis
2955 2213 3237 2281 priventur
3269 2211 3450 2279 bonis,
3485 2227 3560 2266 ac
3597 2211 3758 2266 alieni

2156 2298 2464 2355 elﬁciantur
2493 2319 2521 2355 a
2551 2304 2725 2370 gratia
2757 2304 2873 2359 Dei.
2893 2303 3258 2371 Quamobrem
3289 2305 3390 2360 etsi
3418 2313 3757 2372 Operatores

2156 2394 2268 2449 sint
2308 2404 2616 2465 navemque
2665 2411 2886 2468 operam
2931 2399 3227 2454 virtutibus
3256 2437 3272 2463 ,
3321 2406 3375 2453 et
3421 2412 3521 2452 eos
3574 2405 3761 2452 servet

2156 2485 2328 2552 Deus;
2357 2489 2626 2555 permittit
2677 2497 2855 2545 tamen
2890 2490 3208 2560 aliquando,
3239 2499 3297 2546 ut
3326 2505 3421 2546 eos
3445 2490 3762 2560 corripiant

2157 2578 2450 2646 daemones,
2483 2591 2538 2635 et
2567 2580 2812 2651 injiciant
2845 2583 2926 2639 eis
2949 2585 3201 2641 sordidas
3245 2584 3636 2654 cogitationes,
3663 2593 3762 2639 aut

2159 2670 2428 2736 timorem,
2481 2682 2577 2727 aut
2629 2673 2838 2744 ﬂagella
2894 2684 2954 2730 ut
3008 2691 3160 2731 suam
3216 2685 3516 2748 agnoscant
3576 2677 3761 2733 imbe-

2157 2762 2463 2830 cillitatem,
2497 2774 2553 2820 et
2581 2765 2682 2821 sibi
2724 2781 2942 2836 semper
2971 2778 3228 2834 caveant;
3266 2785 3387 2824 nam
3417 2770 3667 2839 quandiu
3703 2773 3757 2825 in

2158 2857 2357 2910 mundo
2387 2857 2704 2926 superstites
2750 2867 2899 2926 sunt,
2938 2861 3047 2915 vita
3101 2876 3290 2917 eorum
3323 2863 3606 2918 versatilis
3646 2878 3755 2918 esu.

2155 2945 2621 3012 Quemadmodum
2678 2962 2858 3006 autem
2903 2953 3146 3022 ipsorum
3179 2969 3403 3025 operum
3435 2971 3643 3027 scopas
3670 2969 3756 3012 est

2155 3038 2438 3094 meditatio
2479 3041 2628 3107 boni,
2665 3043 2808 3112 quod
2857 3043 2968 3100 illis
3019 3055 3297 3102 servatum
3344 3057 3430 3102 est
3476 3065 3580 3120 pro
3621 3051 3756 3119 ipsis

2154 3131 2430 3200 operibus,
2463 3141 2519 3188 et
2551 3135 2830 3191 meditatio
2855 3135 3002 3207 jugis
3025 3141 3206 3208 operis
3225 3141 3292 3194 ad
3329 3142 3752 3212 acquisitionern

2154 3221 2282 3278 boui
2315 3241 2330 3278 :
2357 3223 2432 3278 ita
2457 3223 2741 3282 meditatio
2775 3243 2998 3290 suorum
3035 3231 3344 3288 defectuum
3374 3247 3438 3288 ac
3468 3235 3754 3305 impoten-

2156 3313 2244 3367 tiae
2278 3325 2519 3372 removet
2553 3317 2674 3372 illos
2707 3333 2736 3372 a
2768 3321 3046 3390 superbia,
3079 3329 3135 3378 et
3151 3322 3334 3386 eliicit,
3362 3336 3420 3379 ut
3451 3341 3622 3381 omne
3652 3329 3754 3383 hu-

2155 3405 2405 3462 militatis
2459 3408 2799 3464 meditentur
2853 3426 3045 3481 genus,
3109 3425 3448 3487 caveautque
3495 3417 3630 3481 sibi,
3685 3437 3756 3475 ne

2154 3511 2308 3552 suam
2355 3499 2607 3555 amittant
2647 3502 2902 3559 virtutem
2949 3520 3017 3561 eo
3071 3517 3337 3578 tempore,
3382 3525 3492 3580 quo
3546 3513 3752 3582 duplex

2155 3590 2409 3660 gaudium
2460 3600 2585 3646 sunt
2631 3597 2979 3652 consecuturi
3031 3614 3061 3654 a
3115 3599 3344 3656 Domino
3389 3613 3586 3660 nostro
3619 3604 3754 3662 Jesu

2155 3680 2376 3736 Christo
2400 3682 2453 3736 in
2488 3698 2662 3755 regno
2693 3688 2958 3744 caelorum
2985 3690 3102 3746 sine
3141 3691 3272 3748 line.

2279 3765 2290 3774 ’
2761 3780 3136 3854 Interrogatio.

2233 3863 2388 3921 Venit
2432 3867 2602 3923 abbas
2649 3869 2888 3926 Ellenius
2924 3888 2955 3928 e
2997 3874 3153 3945 Sy’ria
3192 3877 3258 3931 ad
3288 3878 3540 3936 abbatem
3573 3881 3748 3940 Anto-

2155 3955 2336 4024 nium;
2369 3959 2454 4014 cui
2489 3960 2608 4015 viso
2647 3962 2786 4016 dixit
2833 3964 3002 4019 abbas
3045 3966 3350 4024 Antonius:
3384 3970 3529 4026 Bene
3570 3977 3752 4030 venias

2152 4049 2302 4103 sidus
2338 4052 2685 4117 matutinum,
2713 4056 2853 4124 quod
2898 4073 3048 4112 mane
3094 4061 3286 4113 oritur.
3315 4060 3413 4116 Cui
3452 4068 3746 4134 respondit

2155 4140 2322 4196 abbas
2354 4141 2592 4198 Ellenius
2619 4162 2632 4198 :
2662 4145 2815 4201 Salve
2853 4159 2909 4200 tu
2949 4165 3186 4219 quoque,
3209 4152 3451 4209 columna
3499 4156 3744 4223 luminis,

2152 4248 2270 4302 quae
2299 4233 2476 4288 orbem
2512 4245 2774 4291 terrarum
2809 4238 3096 4295 decoravit.
3131 4243 3264 4309 Quis
3315 4254 3401 4300 est
3447 4248 3556 4305 iste
3602 4249 3746 4306 Elie-

2154 4322 2311 4376 nius?
2335 4331 2390 4378 et
2421 4339 2519 4379 cur
2550 4324 2626 4379 ita
2655 4326 2806 4381 illum
2833 4329 3026 4385 beatus
3053 4331 3379 4401 appellavit?

2786 4417 3096 4488 Responsio.

2077 4519 2128 4578 ι)
2224 4503 2470 4562 Ellenius
2496 4507 2600 4564 iste
2631 4518 2750 4566 erat
2777 4514 3116 4582 temporibus
3154 4515 3212 4572 S.
3240 4517 3461 4575 Antonii
3505 4522 3745 4592 abbatis,

2152 4607 2207 4653 et
2227 4598 2453 4670 aqualis
2473 4600 2571 4670 ipsi
2595 4602 2765 4672 gradu
2792 4613 2847 4658 et
2873 4607 3150 4674 operibus.
3172 4608 3326 4666 Hunc
3347 4612 3751 4670 Constantinus

2151 4689 2448 4758 imperator
2475 4693 2651 4748 victor
2701 4694 2940 4751 laudavit
2959 4699 3163 4755 'dicens
3199 4717 3214 4754 :
3249 4700 3465 4759 Gratias
3493 4724 3597 4777 ago
3635 4709 3746 4763 Do-

2149 4782 2291 4836 mino
2325 4781 2554 4849 Christo,
2603 4787 2742 4856 quod
2791 4789 2896 4842 tria
2947 4790 3124 4845 divina
3174 4792 3460 4852 luminaria
3526 4801 3641 4855 sint
3693 4803 3746 4855 in

2151 4873 2329 4929 diebus
2357 4877 2508 4941 meis,
2541 4877 2739 4933 scilicet
2771 4877 2837 4934 Β.
2861 4881 3022 4936 abbas
3069 4884 3348 4954 Antonius,
3383 4889 3551 4945 abbas
3592 4891 3746 4946 Elle-

2151 4966 2270 5020 nius
2302 4975 2350 5022 et
2376 4967 2538 5024 abbas
2568 4969 2860 5028 Euchinus.
2899 4974 2992 5030 isti
3041 4978 3188 5032 enim
3216 4982 3515 5039 monachos
3546 5001 3744 5043 omnes

2151 5059 2242 5128 qui
2276 5075 2342 5115 eo
2377 5072 2620 5131 tempore
2658 5065 2915 5122 vivebant
2950 5069 3172 5140 notique
3203 5081 3385 5140 erant,
3417 5074 3578 5148 longe
3612 5095 3745 5148 prx-

2150 5152 2438 5210 cellebant.
2490 5156 2624 5212 Eum
2657 5169 2836 5215 autem
2891 5164 3179 5232 appellavit
3239 5167 3410 5226 abbas
3466 5171 3744 5228 Antonius

2149 5244 2298 5299 sidus
2330 5249 2650 5303 matutinum
2678 5251 2748 5306 ob
2782 5268 3037 5324 magnum
3085 5257 3326 5326 regimen
3354 5300 3370 5322 ,
3396 5262 3525 5331 quia
3552 5279 3744 5334 quem-

2150 5339 2440 5394 admodum
2491 5343 2818 5399 matutinum
2877 5345 3031 5402 sidus
3067 5358 3268 5404 catera
3301 5350 3484 5407 sidera
3528 5357 3742 5426 magni.

2151 5427 2339 5483 tudine
2369 5439 2426 5484 et
2459 5429 2661 5487 lumine
2696 5435 2976 5503 praecellit,
3014 5437 3084 5492 ita
3128 5440 3298 5495 abbas
3322 5441 3576 5510 Ellenius
3602 5462 3734 5517 pm

2148 5519 2380 5576 cellebat
2417 5521 2622 5578 lumine
2670 5527 2862 5595 gratia:
2911 5527 3152 5598 reliquos
3189 5546 3382 5588 omnes
3436 5539 3741 5592 monachos

2150 5609 2268 5678 ejus
2315 5615 2596 5684 temporis.
2637 5613 2840 5673 Volens
2893 5629 3075 5675 autem
3129 5622 3218 5678 ille
3273 5637 3494 5696 quoque
3547 5635 3737 5683 notum

2150 5699 2330 5757 facere
2368 5705 2548 5761 abbati
2579 5706 2836 5775 Antonio,
2881 5711 3025 5781 quod
3050 5713 3274 5770 minime
3307 5730 3366 5772 se
3395 5715 3593 5774 lateret
3626 5737 3739 5776 ma-

2151 5795 2372 5864 gnitudo
2403 5796 2516 5865 ejus
2546 5799 2826 5871 regiminis
2859 5813 2914 5858 et
2947 5802 3167 5862 luminis
3200 5807 3395 5878 gloria,
3445 5812 3738 5882 appellavit
