3872 6278
192 326 332 385 1093

957 332 1014 390 8.
1055 335 1336 394 ANTONII
1367 338 1439 395 Μ.
1473 339 1766 396 ABBATIS
1801 340 2323 401 RESPONSiONliS
2349 345 2688 412 QUAENAM.

3298 359 3433 419 £09!

179 453 304 492 eum
329 437 624 495 columnam
661 441 877 498 lummis
901 462 1018 515 qua:
1065 449 1330 507 decoravit
1360 454 1533 508 orbem
1584 465 1747 510 terra-
1791 462 1840 519 Α
1866 457 2007 526 loca,
2034 445 2410 518 existimantes
2440 478 2502 520 se
2547 464 2786 534 requiem
2817 477 3072 526 naeturos
3106 485 3136 525 a
3178 477 3422 530 certami-

181 547 320 586 rum.

779 631 806 686 1
817 635 1155 704 nterrogatio.

253 718 398 775 Dixit
439 721 610 777 abbas
648 725 952 778 Antonius:
981 723 1111 778 Ideo
1145 740 1246 778 non
1272 725 1596 793 proﬁcimus,
1623 727 1750 794 quia

174 814 411 877 gradum
451 821 498 865 et
537 812 772 866 ordinem
828 823 1064 866 nostrum
1112 814 1323 866 minime
1372 817 1749 883 cognoscimus,

176 918 342 968 neque
374 900 713 970 intelligimus
743 919 860 968 qua:
904 903 1242 972 aggredimur
1273 919 1452 971 opera,
1498 909 1588 957 sed
1641 907 1752 961 sine

174 991 354 1044 labore
378 991 613 1045 virtutem
641 994 883 1060 consequi
910 992 1168 1046 volumus.
1198 992 1340 1046 Nam
1370 997 1572 1064 quoties
1606 996 1750 1051 vide-

173 1097 294 1136 rnus
325 1082 623 1136 certaminis
659 1083 992 1138 tentationem
1040 1086 1093 1138 in
1123 1085 1236 1138 loco
1271 1086 1339 1138 ad
1381 1102 1530 1153 quem
1579 1089 1751 1141 vocati

172 1188 378 1235 sumus,
399 1173 468 1226 ad
492 1173 654 1225 alium
692 1175 1149 1243 transmigramus,
1184 1175 1548 1230 existimantes
1577 1177 1748 1231 locum

170 1278 286 1316 esse
306 1263 530 1327 aliquem
552 1263 604 1317 in
624 1279 724 1331 quo
742 1280 842 1317 non
868 1265 932 1318 sit
957 1264 1217 1319 diabolus.
1240 1263 1342 1329 Qui
1367 1266 1505 1318 novit
1534 1265 1747 1333 bellum,

171 1365 473 1409 constanter
505 1357 558 1406 in
581 1351 690 1406 Deo
729 1354 988 1418 decertat;
1016 1353 1265 1422 quoniam
1294 1353 1546 1408 Dominus
1577 1368 1752 1408 noster

166 1447 310 1498 dixit
336 1460 358 1497 :
396 1441 581 1513 Utique
602 1460 815 1513 regnum
839 1443 934 1499 Dei
959 1445 1015 1500 in
1040 1445 1180 1500 vobis
1202 1454 1277 1500 est
1297 1445 1364 1497 ".
1397 1445 1536 1511 Quid
1577 1446 1748 1516 signi-

172 1534 303 1587 ficat
330 1531 414 1588 his
441 1532 660 1587 verbis?

805 1623 1107 1692 Responsio.

247 1716 375 1782 Eius
398 1717 686 1773 verborum
718 1717 764 1773 is
793 1733 985 1773 sensus
1020 1728 1125 1774 est.
1142 1718 1298 1786 Quod
1328 1719 1540 1778 scilicet
1567 1730 1745 1779 trans-

1863 548 2022 603 nibus
2059 560 2112 606 et
2143 552 2398 636 solatium
2432 569 2462 608 a
2523 556 2962 624 cogitationibus,
3002 562 3436 632 transmigrando

1858 640 1926 696 de
1960 657 2066 696 uno
2091 643 2144 698 in
2176 644 2338 698 alium
2381 646 2580 712 locum,
2608 655 2665 702 et
2689 650 2754 702 de
2790 665 2895 703 una
2947 651 3000 704 in
3053 652 3214 706 aliam
3257 657 3406 722 regio

1859 746 2000 785 nem.
2040 733 2399 799 Quamobrem
2425 739 2785 806 persislamus
2833 741 2888 795 in
2923 740 3054 798 locis
3103 747 3345 810 nostris;
3380 757 3440 804 et

1857 823 1900 876 si
1957 832 2231 878 certamen
2279 825 2362 879 vel
2416 829 2647 882 tentatio
2691 845 2790 884 nos
2819 830 3194 900 aggrediatur,
3223 834 3444 903 jejune~

1859 928 1999 978 mus,
2050 929 2304 982 oremus,
2362 932 2500 985 genu
2536 918 2835 988 ﬂectamus,
2893 921 3205 990 adoremus,
3243 936 3432 981 nosua

1856 1005 2129 1072 pulsemus
2159 1015 2378 1074 pectora
2415 994 2596 1063 coram
2644 1024 2806 1064 cruce
2856 1012 3068 1070 Domini
3106 1016 3274 1070 nostri
3306 1055 3322 1080 ,
3377 1024 3439 1070 et

1853 1095 2112 1165 lacrymis
2140 1098 2429 1165 cordisque
2461 1099 2645 1154 dolore
2687 1102 3019 1170 postulemus
3045 1120 3201 1174 opem
3232 1105 3300 1159 ab
3340 1105 3434 1159 illo

1853 1194 1906 1241 et
1936 1186 2167 1242 salutem
2195 1204 2211 1251 ;
2239 1191 2494 1256 quoniam
2522 1191 2666 1244 omni
2703 1203 2944 1261 tempore
2978 1197 3132 1250 nobis
3165 1198 3338 1263 adest,
3376 1207 3428 1252 et

1853 1278 1905 1331 in
1935 1279 2090 1334 nobis
2141 1280 2364 1334 habitat.
2402 1280 2673 1352 Scriptum
2722 1285 2863 1337 enim
2900 1297 2982 1340 est
3015 1305 3032 1344 :
3065 1286 3324 1343 Dominus
3350 1298 3431 1342 est

1848 1384 2009 1437 prope
2031 1372 2280 1424 contritas
2317 1372 2492 1437 corde,
2548 1381 2595 1425 et
2628 1373 2848 1428 humiles
2897 1379 3086 1445 spiritu
3144 1379 3329 1433 liberat
3357 1380 3429 1426 ⁸⁸.

1851 1458 1998 1513 Dixit
2046 1475 2262 1530 quoque
2315 1461 2574 1516 Dominus
2628 1476 2812 1518 noster
2845 1481 2858 1517 :
2892 1465 3124 1536 Regnum
3157 1468 3253 1522 Dei
3284 1470 3432 1525 intra

1848 1563 1935 1601 vos
1966 1557 2042 1602 est
2073 1549 2142 1614 ³⁸,
2181 1550 2231 1603 id
2266 1559 2374 1613 est,
2414 1550 2468 1604 in
2496 1551 2650 1605 vobis
2696 1553 2900 1625 habito.
2948 1556 3190 1627 Regnum
3230 1560 3429 1629 quippe

1847 1637 1943 1694 Dei
1976 1651 2057 1695 est
2079 1640 2326 1696 Christus
2355 1641 2435 1712 (ut
2466 1641 2660 1696 asserit
2685 1655 2904 1700 sanctus
2942 1645 3297 1716 Macharius),
3327 1652 3418 1718 qui

1850 1729 1902 1782 in
1935 1731 2088 1786 nobis
2114 1745 2324 1799 semper
2356 1731 2584 1787 habitat.
2614 1734 2812 1790 Beatus
2837 1753 3050 1806 quoque
3080 1737 3277 1794 Paulus
3307 1740 3418 1794 ait:

168 1808 466 1880 migramus
505 1811 571 1865 de
609 1810 728 1864 loco
759 1811 812 1865 in
853 1811 1050 1876 locum,
1083 1811 1150 1866 ad
1182 1813 1530 1882 quaerendum
1566 1815 1741 1870 locum
1776 1792 1817 1846 Β
1852 1818 2104 1884 Nescitis,
2145 1821 2270 1888 quia
2303 1819 2540 1872 Christus
2569 1819 2767 1875 habitat
2808 1792 2869 1877 in
2907 1792 3049 1878 vobis
3079 1826 3161 1878 '7?
3186 1826 3294 1880 Nec
3334 1826 3426 1880 illc

168 1902 402 1970 aliquem
433 1901 483 1954 in
519 1917 626 1972 quo
654 1917 757 1956 non
786 1903 854 1957 sit
881 1904 1153 1977 diabolus;
1195 1920 1318 1959 cum
1343 1921 1474 1960 vero
1503 1906 1748 1962 videmus

165 1994 486 2049 certaminis
538 1995 892 2051 tentationem
937 2011 1001 2050 eo
1048 1996 1211 2051 etiam
1254 1997 1306 2050 in
1338 1998 1457 2053 loco
1491 1999 1556 2052 ad
1586 2013 1744 2068 quem

167 2099 270 2139 nos
295 2083 639 2153 contulimus,
681 2087 787 2142 alio
822 2089 1189 2144 concedimus.
1227 2089 1296 2143 At
1325 2090 1414 2160 qui
1453 2091 1600 2144 novit
1633 2090 1748 2144 bel-

165 2176 301 2241 lum,
331 2176 403 2232 ibi
455 2177 506 2228 in
550 2176 658 2232 Deo
689 2177 952 2242 decertat,
983 2179 1097 2234 nec'
1124 2179 1284 2234 alium
1315 2181 1508 2249 quaerit
1544 2181 1742 2236 locum.

163 2267 375 2321 Asserti
409 2276 587 2322 autem
622 2267 762 2323 illius
816 2269 1024 2323 Domini
1059 2271 1229 2325 nostri
1259 2287 1273 2324 :
1304 2269 1495 2341 Utique
1529 2287 1743 2340 regnum

162 2357 267 2410 Dei
303 2358 354 2409 in
374 2358 512 2412 vobis
533 2369 627 2426 est,
651 2361 695 2414 is
719 2368 802 2414 est
832 2373 1050 2424 sensus,
1092 2361 1233 2431 quod
1267 2376 1458 2431 nempe
1501 2371 1744 2430 Oporteat

62 2431 70 2444 ”
162 2456 224 2498 ut
264 2461 360 2500 nos
410 2447 656 2501 monachi
705 2448 793 2518 qui
836 2464 866 2503 e
918 2450 1119 2504 mundo
1165 2452 1369 2518 egressi
1422 2465 1643 2514 sumus,
1690 2461 1745 2507 et

160 2551 381 2590 erucem
429 2537 758 2606 portavimus
809 2549 1048 2594 nostram
1097 2540 1251 2610 juxta
1297 2541 1506 2596 Domini
1569 2542 1738 2596 nostri

159 2636 489 2697 praeceptum
511 2667 527 2692 ,
563 2636 615 2683 et
646 2629 871 2700 vestigia
904 2629 1020 2698 ejus
1054 2631 1225 2684 secuti
1271 2645 1493 2694 sumus,
1548 2631 1598 2684 in
1633 2647 1740 2687 uno

155 2733 573 2788 permaneamus
628 2718 790 2787 loco,
843 2729 902 2774 et
954 2720 1021 2775 de
1079 2729 1385 2776 nostrarum
1439 2721 1739 2777 animarum

158 2811 331 2865 simus
355 2811 568 2866 solliciti
604 2809 796 2874 salute,
829 2824 893 2864 ac
918 2819 1110 2865 cuncta
1159 2810 1522 2866 sustineamus
1560 2820 1739 2866 certa-

158 2903 328 2956 mina.
357 2902 580 2969 Propter
611 2901 704 2957 Dei
739 2917 977 2958 amorem
1027 2900 1253 2971 ejusque
1298 2901 1736 2970 adimpletionem

154 2991 456 3046 voluntatis
483 3007 601 3062 qua:
639 2991 692 3046 in
741 2991 910 3060 ipsius
948 3002 1342 3061 praeceptorum
1383 2991 1732 3046 observantia

1849 1909 1902 1962 in
1938 1910 2092 1963 nobis
2128 1911 2337 1963 habitat
2371 1911 2678 1976 duntaxat,
2709 1913 2803 1967 sed
2855 1929 2954 1968 nos
3001 1929 3214 1984 quoque
3242 1915 3294 1969 in
3332 1916 3427 1970 illo

1848 2015 2148 2065 manemus,
2193 2011 2251 2055 ut
2299 2001 2412 2070 ipse
2447 2005 2521 2057 ait
2553 2021 2566 2057 :
2604 2003 2811 2058 Manete
2842 2005 2896 2058 in
2927 2021 3027 2072 me,
3061 2016 3108 2058 et
3136 2023 3223 2076 ego
3250 2007 3303 2060 in
3329 2021 3414 2059 vo-

1847 2090 1926 2142 bis
1955 2091 2020 2145 '“.
2050 2089 2247 2146 Beatus
2286 2092 2415 2147 item
2446 2095 2581 2148 dixit
2625 2095 2792 2149 David
2827 2113 2842 2150 :
2884 2096 3012 2150 Esto
3041 2099 3170 2150 mihi
3207 2096 3448 2156 habita-.

1845 2178 2044 2242 culum,
2085 2181 2152 2232 ad
2178 2186 2316 2250 quod
2357 2183 2498 2235 omni
2533 2192 2762 2251 tempore
2789 2183 3076 2252 ingrediar,
3112 2193 3159 2238 et
3192 2185 3417 2253 praecipe

1844 2269 2067 2323 salutem
2100 2287 2288 2324 meam.
2322 2270 2378 2326 Si
2418 2273 2579 2342 igitur
2624 2273 2677 2326 in
2717 2273 2828 2328 Deo
2865 2274 3193 2338 habitamus,
3237 2284 3294 2329 et
3322 2290 3428 2344 nos,

1848 2361 1971 2414 item
2004 2361 2074 2413 illi
2106 2377 2294 2416 sumus
2347 2363 2733 2427 habitaculum,
2769 2364 3049 2418 Dominum
3081 2372 3324 2418 nostrum
3355 2378 3423 2434 ne

1846 2449 2210 2518 relinquamus
2235 2459 2475 2519 tempore
2501 2452 2882 2514 tentationum,
2916 2450 3322 2504 tribulationum
3355 2463 3420 2502 ac

1844 2540 2237 2606 certaminum,
2303 2551 2362 2594 et
2411 2541 2516 2596 alio
2573 2542 3019 2611 transmigrantes
3066 2542 3314 2595 solatium
3365 2551 3420 2594 et

1841 2644 1994 2699 opem
2021 2645 2053 2684 a
2083 2630 2394 2700 regionibus
2424 2641 2480 2686 et
2504 2631 2638 2687 locis
2667 2646 3003 2701 quaeramus;
3024 2634 3118 2686 sed
3145 2632 3196 2686 in
3223 2631 3420 2685 nostris

1842 2733 2156 2774 maneamus
2207 2719 2357 2788 locis,
2400 2728 2455 2775 et
2502 2721 2831 2790 postulemus
2861 2735 2891 2775 a
2923 2720 3152 2776 Domino
3204 2721 3418 2774 inhahi-

1841 2820 1986 2863 tante
2022 2809 2078 2863 in
2118 2809 2298 2873 nobis,
2339 2817 2398 2864 ut
2434 2824 2533 2865 nos
2561 2810 2838 2877 vindicet,
2868 2819 2924 2866 et
2962 2812 3221 2866 auxilium
3256 2809 3414 2865 feret.

1839 2899 1919 2953 Ad
1979 2899 2132 2965 haec,
2189 2897 2442 2954 Patrihus
2472 2901 2669 2955 nostris
2702 2902 3056 2971 cogitationes
3113 2901 3418 2969 aperiemus

1842 2998 2076 3053 nostras,
2109 2998 2165 3044 et
2210 2990 2449 3060 ipsorum
2481 2993 2794 3047 orationum
2838 3005 2996 3061 opem
3044 2991 3414 3060 imploremus.

156 3083 552 3149 manifestatur,
574 3083 752 3138 omnia
783 3083 937 3138 nobis
964 3083 1238 3138 subeunda
1267 3090 1393 3136 sunt
1431 3081 1731 3136 certamina
1761 3113 1803 3172 ο
1841 3079 2181 3136 Snstinentes
2229 3082 2390 3151 igitur
2431 3083 2485 3136 in
2533 3082 2666 3138 locis
2716 3084 2953 3150 nostris,
3007 3081 3074 3137 ad
3123 3081 3417 3136 Salvatoris

155 3174 623 3244 te’ntationesque;
658 3175 768 3230 sint
808 3173 910 3228 illte
944 3188 972 3227 a
1005 3173 1372 3244 passionibus,
1415 3172 1528 3227 sive
1559 3187 1587 3225 a
1625 3171 1734 3226 dte-

154 3267 430 3334 monibus,
482 3267 596 3322 sive
629 3281 657 3320 a
706 3265 862 3320 malis
894 3266 1224 3320 hominibus.
1279 3264 1358 3319 Ne
1387 3277 1518 3333 ergo
1558 3262 1734 3332 ignari

154 3356 363 3422 simus,
402 3356 542 3426 quod
592 3356 678 3412 isti
724 3357 955 3425 imperiti
1006 3356 1146 3410 bello
1190 3355 1434 3410 saltitent
1489 3362 1546 3408 ut
1598 3352 1731 3420 pulli

152 3447 386 3502 sarcinae
420 3445 653 3502 ferendae
671 3447 809 3501 haud
843 3448 1066 3515 assueti,
1089 3454 1143 3500 et
1179 3446 1247 3500 ad
1276 3444 1378 3499 alia
1404 3444 1730 3501 contendant

242 3599 290 3631 “
322 3599 455 3653 Luc.
492 3613 628 3666 xvn,
659 3599 754 3653 21.
847 3600 892 3632 ³⁵
923 3597 1061 3652 Psal.
1100 3613 1291 3661 χχχιιι,
1327 3598 1414 3650 19.

1516 3597 1562 3628 ³⁸
1593 3597 1720 3652 Luc.
1764 3612 1895 3662 xvn,
1927 3597 2018 3652 2|.

1841 3171 2013 3226 nostri
2056 3187 2272 3242 semper
2301 3172 2678 3242 confugiamus
2723 3175 3113 3242 protectionem
3151 3188 3164 3224 :
3203 3180 3257 3225 et
3290 3186 3416 3240 pro~

1840 3261 1982 3317 lecto
2013 3263 2244 3318 victores
2277 3278 2375 3318 nos
2425 3262 2621 3318 elliciet
2657 3265 2708 3317 in
2742 3263 2992 3318 omnibus
3031 3260 3416 3318 certaminibus

1837 3353 2056 3408 nostris.

2035 3442 2520 3515 Interrogationum
2558 3453 2604 3499 et
2634 3442 3044 3513 Responsionum
3073 3441 3216 3506 linis.

2097 3597 2141 3629 ³⁷
2173 3597 2188 3650 Ι
2221 3599 2349 3653 Cor.
2397 3614 2481 3661 lli,
2545 3597 2630 3651 l6.
2741 3597 2788 3629 ³⁸
2825 3595 2981 3654 Joan.
3035 3613 3123 3663 XV,
3154 3595 3209 3650 4.

909 3946 2072 4040 INTERROGATIONES
2145 3948 2677 4054 QUAEDAM

351 4143 401 4200 A
443 4137 700 4201 diversis
728 4139 832 4199 SS.
860 4137 1024 4201 Patri
1059 4143 1274 4201 nostro
1295 4137 1502 4200 abbati
1533 4135 1804 4200 Antonio
1830 4135 2033 4214 facile,
2062 4145 2321 4219 ejusque
2349 4138 2426 4200 ad
2457 4136 2710 4201 easdem
2739 4141 3210 4219 responsiones.

224 4417 450 4484 Quidam
507 4415 675 4472 frater
719 4414 1073 4486 interrogavit
1121 4416 1376 4472 abbatem
1405 4416 1723 4484 Antonium,
1754 4450 1800 4505 υ
1829 4417 1946 4484 Quo
1999 4430 2160 4486 opere
2194 4415 2357 4469 homo
2389 4413 2602 4484 placere
2633 4422 2808 4482 potest
2855 4413 2996 4505 Deo?
3051 4413 3350 4484 Respondit
3385 4433 3404 4473 :

149 4513 338 4566 dicens
367 4524 381 4561 :
417 4507 554 4576 Quid
597 4505 790 4563 iaciam
812 4546 828 4573 ,
865 4517 924 4563 ut
976 4508 1248 4562 inveniam
1293 4507 1723 4564 misericordiam
1756 4503 1785 4505 “
1828 4508 1938 4562 Lex
1962 4517 2009 4562 et
2039 4524 2167 4574 opus
2197 4506 2470 4560 charitatis
2501 4514 2576 4558 est
2624 4505 2760 4558 bona
2802 4503 3048 4558 voluntas
3071 4544 3086 4569 ,
3135 4521 3251 4573 qua?
3295 4506 3404 4560 Deo

148 4603 290 4670 apud
317 4601 527 4656 Deum?
558 4599 856 4670 Respondit
883 4600 934 4654 ei
965 4610 1186 4656 sanctus
1224 4615 1412 4667 senex,
1448 4608 1503 4654 et
1535 4600 1671 4654 dixit
1707 4615 1720 4653 :

146 4691 302 4757 Quod
325 4693 418 4746 tibi
435 4691 576 4756 dico,
597 4695 693 4746 hoc
717 4691 990 4760 diligenter
1007 4707 1155 4747 serva
1177 4707 1196 4746 :
1236 4691 1556 4761 Quocunque
1577 4693 1722 4754 ieris,

145 4784 320 4839 Deum
348 4794 468 4839 ante
516 4785 693 4839 oculos
743 4800 944 4854 semper
970 4785 1188 4852 ponito:
1218 4784 1563 4853 quodcunque
1595 4799 1722 4851 opus

143 4875 356 4946 feceris,
393 4875 580 4930 adhibe
608 4875 702 4928 tibi
731 4875 1082 4929 testimonium
1121 4889 1187 4926 ea:
1221 4873 1512 4942 Scripturis
1539 4887 1556 4925 :
1589 4884 1635 4928 et
1665 4875 1720 4927 in

142 4979 448 5034 quocunque
480 4966 798 5020 habitaveris
828 4963 965 5030 loco,
1011 4979 1306 5032 persevera,
1338 4980 1429 5018 nec
1466 4965 1586 5020 inde
1616 4967 1718 5020 cito

141 5055 353 5124 migres.
384 5053 512 5109 Haec
539 5056 645 5108 tria
683 5071 828 5109 serva
851 5072 872 5111 :
905 5055 1152 5125 quiesces.

199 5144 572 5217 interrogavit
595 5146 888 5216 aliquando
915 5146 1083 5201 abbas
1131 5145 1296 5200 Bemo
1328 5145 1580 5201 abbatem
1607 5147 1719 5202 Au-

141 5239 372 5304 tonium,
413 5238 540 5307 quid
578 5239 678 5294 sibi
719 5237 1026 5293 iaciendum
1065 5238 1140 5290 sit
1185 5238 1252 5291 ad
1277 5239 1714 5306 consequendam

140 5327 501 5392 salutem;cui
528 5328 806 5396 respondit
829 5340 996 5383 senex
1030 5329 1220 5381 beatus
1249 5342 1266 5380 :
1300 5327 1365 5380 In
1383 5327 1596 5395 justitia
1623 5338 1715 5382 tua

140 5435 201 5474 ne
222 5419 875 5488 conﬁdas;prazteritorum
891 5428 1224 5489 peccatorum
1254 5433 1363 5472 vere
1384 5428 1433 5474 te
1444 5419 1713 5488 paeniteat,-

139 5511 396 5580 linguam,
436 5528 524 5566 cor
547 5522 594 5568 et
622 5522 843 5568 ventrem
869 5514 1092 5568 contine.

207 5602 683 5672 Interrogaverunt
733 5617 858 5659 eum
909 5618 1125 5674 quoque
1163 5593 1363 5662 fratres
1416 5603 1708 5660 dicentes:

247 5757 292 5790 ”
331 5757 486 5816 Deut.
518 5773 590 5825 γι,
629 5761 682 5815 5.
759 5762 804 5795 δ’
843 5759 984 5817 Psal.
1029 5775 1139 5828 xu,
1166 5761 1224 5814 2.

1827 4599 2208 4669 perfectissime
2228 4599 2418 4667 placet.
2474 4595 2628 4650 Hanc
2656 4612 2773 4651 vero
2800 4596 3069 4666 adimplet,
3101 4599 3190 4666 qui
3240 4597 3404 4652 Deum

1817 4689 2020 4760 jugiter
2053 4689 2236 4743 laudat
2266 4689 2478 4743 mundis
2505 4687 2930 4758 cogitationibus,
2962 4703 3079 4757 qua:
3108 4687 3404 4756 producunt

1825 4781 2132 4836 memoriam
2182 4779 2275 4834 Dei
2319 4788 2368 4834 et
2403 4779 2708 4834 memoriam
2740 4777 2994 4832 bonorum
3020 4792 3138 4849 quia
3163 4778 3400 4845 promisit

1824 4885 1872 4931 et
1905 4876 2171 4929 nobiscum
2202 4873 2474 4943 complevit
2505 4884 2650 4935 apere
2682 4912 2698 4938 ,
2745 4879 2791 4924 et
2845 4886 3000 4939 quam
3049 4871 3158 4925 hazc
3212 4887 3402 4940 magna

1824 4965 1950 5019 sint.
1992 4962 2077 5018 Ea:
2106 4964 2292 5018 horum
2321 4963 2456 5016 enim
2503 4963 2600 5014 hac
2644 4962 2895 5014 memoria
2928 4963 3171 5014 exoritur
3214 4962 3269 5014 in
3302 4963 3399 5013 ho-

1825 5053 1963 5106 mine
1984 5052 2290 5122 hujusntodi
2328 5061 2577 5119 perpetua
2605 5048 2817 5103 dilectio
2837 5050 3000 5118 juxta
3035 5051 3399 5119 pra'scriptum

1823 5145 1959 5197 illud
1987 5157 2006 5196 :
2039 5161 2056 5192 ε
2089 5143 2264 5212 Dilige
2298 5142 2580 5198 Dominum
2625 5139 2794 5194 Deum
2826 5152 2973 5194 tuum
3005 5158 3068 5196 ea:
3109 5150 3218 5195 toto
3245 5145 3402 5194 corde

1823 5246 1937 5299 tuo,
1982 5244 2028 5288 et
2060 5249 2126 5288 ex
2160 5242 2268 5286 tota
2313 5234 2492 5286 anima
2527 5240 2639 5296 tua,
2684 5241 2732 5285 et
2787 5247 2852 5285 ex
2897 5241 3007 5284 tota
3057 5233 3244 5284 virtute
3271 5231 3334 5283 ³⁸.
3376 5251 3395 5283 ι

1823 5327 2092 5396 Scriptum
2125 5341 2330 5395 quoque
2377 5332 2499 5379 est:
2532 5342 2550 5374 t
2586 5324 2739 5380 Sicut
2794 5323 3057 5378 desiderat
3109 5310 3286 5376 ceruus
3329 5323 3400 5374 ad

1820 5419 1990 5489 fontes
2031 5433 2323 5488 aquarum,
2369 5417 2444 5470 ita
2484 5426 2560 5471 est
2587 5415 2905 5470 desiderium
2934 5415 3125 5468 animae
3161 5429 3290 5466 mea:
3328 5415 3397 5467 ad

1820 5522 1888 5578 te,
1921 5510 2143 5566 Domine
2169 5509 2236 5565 ⁸⁸.
2289 5527 2309 5561 s
2357 5506 2473 5562 Hoc
2526 5509 2701 5577 itaque
2746 5522 2876 5576 Opus
2903 5547 2918 5574 ,
2971 5515 3017 5560 et
3057 5505 3192 5558 hanc
3231 5504 3398 5574 legem

1819 5604 2196 5673 adimpleamus
2242 5612 2441 5675 Oportet
2492 5601 2738 5667 Domino,
2797 5610 2853 5656 ut
2903 5601 2968 5658 de
2997 5599 3149 5655 nobis
3194 5600 3397 5656 dictum
