  <div class='ocr_page' id='page_1' title='image "/cluster/home/n/w/nwhite01/storage/ocr_20150623/40/hvd.32044073501850/555.png"; bbox 0 0 3872 6278; ppageno 0'>
   <div class='ocr_carea' id='block_1_1' title="bbox 459 343 600 402">
    <p class='ocr_par' dir='ltr' id='par_1_1' title="bbox 459 343 600 402">
     <span class='ocr_line' id='line_1_1' title="bbox 459 343 600 402; baseline 0 0"><span class='ocrx_word' id='word_1_1' title='bbox 459 343 600 402; x_wconf 66' lang='lat'><strong>£095</strong></span> 
     </span>
    </p>
   </div>
   <div class='ocr_carea' id='block_1_2' title="bbox 1552 337 2614 400">
    <p class='ocr_par' dir='ltr' id='par_1_2' title="bbox 1552 337 2614 400">
     <span class='ocr_line' id='line_1_2' title="bbox 1552 337 2614 400; baseline -0.002 -2"><span class='ocrx_word' id='word_1_2' title='bbox 1552 340 1828 398; x_wconf 82' lang='lat' dir='ltr'><strong>PATRES</strong></span> <span class='ocrx_word' id='word_1_3' title='bbox 1857 337 2160 398; x_wconf 66' lang='lat' dir='ltr'><strong>EGYP&#39;I&#39;ll</strong></span> <span class='ocrx_word' id='word_1_4' title='bbox 2201 340 2480 400; x_wconf 66' lang='lat' dir='ltr'><strong>SECULI</strong></span> <span class='ocrx_word' id='word_1_5' title='bbox 2523 339 2614 397; x_wconf 60' lang='lat' dir='ltr'><strong>lli.</strong></span> 
     </span>
    </p>
   </div>
   <div class='ocr_carea' id='block_1_3' title="bbox 3611 351 3756 410">
    <p class='ocr_par' dir='ltr' id='par_1_3' title="bbox 3611 351 3756 410">
     <span class='ocr_line' id='line_1_3' title="bbox 3611 351 3756 410; baseline -0.014 0"><span class='ocrx_word' id='word_1_6' title='bbox 3611 351 3756 410; x_wconf 72' lang='grc'><strong>1096</strong></span> 
     </span>
    </p>
   </div>
   <div class='ocr_carea' id='block_1_4' title="bbox 459 453 3753 535">
    <p class='ocr_par' dir='ltr' id='par_1_4' title="bbox 459 453 3753 535">
     <span class='ocr_line' id='line_1_4' title="bbox 459 453 3753 535; baseline 0.001 -17"><span class='ocrx_word' id='word_1_7' title='bbox 459 462 593 518; x_wconf 85' lang='lat' dir='ltr'><strong>illud</strong></span> <span class='ocrx_word' id='word_1_8' title='bbox 624 461 864 529; x_wconf 80' lang='lat' dir='ltr'><strong>Apostoli</strong></span> <span class='ocrx_word' id='word_1_9' title='bbox 894 457 1174 529; x_wconf 74' lang='lat' dir='ltr'><strong>impleatur</strong></span> <span class='ocrx_word' id='word_1_10' title='bbox 1194 457 1238 491; x_wconf 77' lang='grc'><strong>⁶¹</strong></span> <span class='ocrx_word' id='word_1_11' title='bbox 1267 473 1284 514; x_wconf 75' lang='lat' dir='ltr'>z</span> <span class='ocrx_word' id='word_1_12' title='bbox 1315 475 1337 511; x_wconf 72' lang='grc' dir='ltr'><strong><em>ι</em></strong></span> <span class='ocrx_word' id='word_1_13' title='bbox 1379 457 1525 525; x_wconf 85' lang='lat' dir='ltr'><strong>Quid</strong></span> <span class='ocrx_word' id='word_1_14' title='bbox 1562 475 1810 528; x_wconf 82' lang='lat' dir='ltr'><strong>separare</strong></span> <span class='ocrx_word' id='word_1_15' title='bbox 1840 473 1922 513; x_wconf 86' lang='lat' dir='ltr'><strong>me</strong></span> <span class='ocrx_word' id='word_1_16' title='bbox 1950 476 2044 527; x_wconf 89' lang='lat' dir='ltr'><strong>po-</strong></span> <span class='ocrx_word' id='word_1_17' title='bbox 2071 462 2119 521; x_wconf 74' lang='grc' dir='ltr'>Α</span> <span class='ocrx_word' id='word_1_18' title='bbox 2146 459 2407 530; x_wconf 83' lang='lat' dir='ltr'><strong>lacrymis</strong></span> <span class='ocrx_word' id='word_1_19' title='bbox 2449 457 2745 515; x_wconf 83' lang='lat' dir='ltr'><strong>uberrimis</strong></span> <span class='ocrx_word' id='word_1_20' title='bbox 2791 453 2871 515; x_wconf 76' lang='lat' dir='ltr'><strong>ita</strong></span> <span class='ocrx_word' id='word_1_21' title='bbox 2922 459 3007 516; x_wconf 78' lang='lat' dir='ltr'><strong>vir’</strong></span> <span class='ocrx_word' id='word_1_22' title='bbox 3033 458 3127 518; x_wconf 88' lang='lat' dir='ltr'><strong>Dei</strong></span> <span class='ocrx_word' id='word_1_23' title='bbox 3159 462 3439 534; x_wconf 86' lang='lat' dir='ltr'><strong>respondit</strong></span> <span class='ocrx_word' id='word_1_24' title='bbox 3469 482 3485 520; x_wconf 92' lang='lat'><strong>:</strong></span> <span class='ocrx_word' id='word_1_25' title='bbox 3524 467 3753 535; x_wconf 76' lang='lat' dir='ltr'><strong>Tentpus</strong></span> 
     </span>
    </p>
   </div>
   <div class='ocr_carea' id='block_1_5' title="bbox 461 551 2037 620">
    <p class='ocr_par' dir='ltr' id='par_1_5' title="bbox 461 551 2037 620">
     <span class='ocr_line' id='line_1_5' title="bbox 461 551 2037 620; baseline -0.003 -10"><span class='ocrx_word' id='word_1_26' title='bbox 461 557 584 610; x_wconf 90' lang='lat' dir='ltr'><strong>terit</strong></span> <span class='ocrx_word' id='word_1_27' title='bbox 617 571 650 610; x_wconf 92' lang='lat' dir='ltr'><strong>a</strong></span> <span class='ocrx_word' id='word_1_28' title='bbox 688 554 946 608; x_wconf 88' lang='lat' dir='ltr'><strong>charitate</strong></span> <span class='ocrx_word' id='word_1_29' title='bbox 975 553 1170 608; x_wconf 80' lang='lat' dir='ltr'><strong>Christi</strong></span> <span class='ocrx_word' id='word_1_30' title='bbox 1188 553 1212 606; x_wconf 85' lang='lat'><strong>.’</strong></span> <span class='ocrx_word' id='word_1_31' title='bbox 1244 551 1396 607; x_wconf 85' lang='lat' dir='ltr'><strong>Certe</strong></span> <span class='ocrx_word' id='word_1_32' title='bbox 1425 568 1588 620; x_wconf 85' lang='lat' dir='ltr'><strong>neque</strong></span> <span class='ocrx_word' id='word_1_33' title='bbox 1628 553 1993 606; x_wconf 87' lang='lat' dir='ltr'><strong>tribulatioues</strong></span> <span class='ocrx_word' id='word_1_34' title='bbox 2021 591 2037 616; x_wconf 98' lang='lat'><strong>,</strong></span> 
     </span>
    </p>
   </div>
   <div class='ocr_carea' id='block_1_6' title="bbox 463 643 2046 717">
    <p class='ocr_par' dir='ltr' id='par_1_6' title="bbox 463 643 2046 717">
     <span class='ocr_line' id='line_1_6' title="bbox 463 643 2046 717; baseline -0.001 -19"><span class='ocrx_word' id='word_1_35' title='bbox 463 661 626 717; x_wconf 88' lang='lat' dir='ltr'><strong>neque</strong></span> <span class='ocrx_word' id='word_1_36' title='bbox 667 661 937 708; x_wconf 70' lang='lat' dir='ltr'><strong>rumores,</strong></span> <span class='ocrx_word' id='word_1_37' title='bbox 979 659 1144 714; x_wconf 88' lang='lat' dir='ltr'><strong>neque</strong></span> <span class='ocrx_word' id='word_1_38' title='bbox 1189 643 1377 714; x_wconf 87' lang='lat' dir='ltr'><strong>fames,</strong></span> <span class='ocrx_word' id='word_1_39' title='bbox 1417 659 1581 712; x_wconf 89' lang='lat' dir='ltr'><strong>neque</strong></span> <span class='ocrx_word' id='word_1_40' title='bbox 1611 644 1851 710; x_wconf 83' lang='lat' dir='ltr'><strong>auditas,</strong></span> <span class='ocrx_word' id='word_1_41' title='bbox 1881 659 2046 714; x_wconf 87' lang='lat' dir='ltr'><strong>neque</strong></span> 
     </span>
    </p>
   </div>
   <div class='ocr_carea' id='block_1_7' title="bbox 462 733 1630 804">
    <p class='ocr_par' dir='ltr' id='par_1_7' title="bbox 462 733 1630 804">
     <span class='ocr_line' id='line_1_7' title="bbox 462 733 1630 804; baseline -0.003 -14"><span class='ocrx_word' id='word_1_42' title='bbox 462 736 744 804; x_wconf 67' lang='lat' dir='ltr'><strong>angustiae,</strong></span> <span class='ocrx_word' id='word_1_43' title='bbox 781 749 945 801; x_wconf 89' lang='lat' dir='ltr'><strong>neque</strong></span> <span class='ocrx_word' id='word_1_44' title='bbox 967 733 1198 803; x_wconf 89' lang='lat' dir='ltr'><strong>gladius,</strong></span> <span class='ocrx_word' id='word_1_45' title='bbox 1225 749 1388 804; x_wconf 88' lang='lat' dir='ltr'><strong>neque</strong></span> <span class='ocrx_word' id='word_1_46' title='bbox 1413 733 1574 803; x_wconf 88' lang='lat' dir='ltr'><strong>ignis.</strong></span> <span class='ocrx_word' id='word_1_47' title='bbox 1609 750 1630 786; x_wconf 71' lang='grc' dir='ltr'><strong><em>ι</em></strong></span> 
     </span>
    </p>
   </div>
   <div class='ocr_carea' id='block_1_8' title="bbox 534 823 2040 895">
    <p class='ocr_par' dir='ltr' id='par_1_8' title="bbox 534 823 2040 895">
     <span class='ocr_line' id='line_1_8' title="bbox 534 823 2040 895; baseline 0.002 -19"><span class='ocrx_word' id='word_1_48' title='bbox 534 825 922 894; x_wconf 76' lang='lat' dir='ltr'><strong>Interrogatus,</strong></span> <span class='ocrx_word' id='word_1_49' title='bbox 953 823 997 878; x_wconf 92' lang='lat' dir='ltr'><strong>si</strong></span> <span class='ocrx_word' id='word_1_50' title='bbox 1022 824 1145 894; x_wconf 87' lang='lat' dir='ltr'><strong>quis</strong></span> <span class='ocrx_word' id='word_1_51' title='bbox 1166 824 1406 879; x_wconf 80' lang='lat' dir='ltr'><strong>dixerit:</strong></span> <span class='ocrx_word' id='word_1_52' title='bbox 1439 823 1555 879; x_wconf 75' lang='lat' dir='ltr'><strong>Non</strong></span> <span class='ocrx_word' id='word_1_53' title='bbox 1587 824 1851 894; x_wconf 83' lang='lat' dir='ltr'><strong>accipiam</strong></span> <span class='ocrx_word' id='word_1_54' title='bbox 1878 823 2040 895; x_wconf 88' lang='lat' dir='ltr'><strong>quid-</strong></span> 
     </span>
    </p>
   </div>
   <div class='ocr_carea' id='block_1_9' title="bbox 463 915 2045 986">
    <p class='ocr_par' dir='ltr' id='par_1_9' title="bbox 463 915 2045 986">
     <span class='ocr_line' id='line_1_9' title="bbox 463 915 2045 986; baseline 0.003 -20"><span class='ocrx_word' id='word_1_55' title='bbox 463 931 623 985; x_wconf 84' lang='lat' dir='ltr'><strong>quam</strong></span> <span class='ocrx_word' id='word_1_56' title='bbox 657 931 684 968; x_wconf 85' lang='lat' dir='ltr'><strong>a</strong></span> <span class='ocrx_word' id='word_1_57' title='bbox 717 915 997 979; x_wconf 79' lang='lat' dir='ltr'><strong>fratribus,</strong></span> <span class='ocrx_word' id='word_1_58' title='bbox 1046 930 1224 985; x_wconf 78' lang='lat' dir='ltr'><strong>neque</strong></span> <span class='ocrx_word' id='word_1_59' title='bbox 1270 915 1412 972; x_wconf 88' lang='lat' dir='ltr'><strong>dabo</strong></span> <span class='ocrx_word' id='word_1_60' title='bbox 1436 917 1518 971; x_wconf 84' lang='lat' dir='ltr'><strong>eis</strong></span> <span class='ocrx_word' id='word_1_61' title='bbox 1539 917 1834 986; x_wconf 83' lang='lat' dir='ltr'><strong>quidquam</strong></span> <span class='ocrx_word' id='word_1_62' title='bbox 1862 934 1877 984; x_wconf 89' lang='lat'><strong>;</strong></span> <span class='ocrx_word' id='word_1_63' title='bbox 1911 916 2045 971; x_wconf 90' lang='lat' dir='ltr'><strong>mihi</strong></span> 
     </span>
    </p>
   </div>
   <div class='ocr_carea' id='block_1_10' title="bbox 462 1006 2046 1077">
    <p class='ocr_par' dir='ltr' id='par_1_10' title="bbox 462 1006 2046 1077">
     <span class='ocr_line' id='line_1_10' title="bbox 462 1006 2046 1077; baseline 0.002 -17"><span class='ocrx_word' id='word_1_64' title='bbox 462 1016 642 1061; x_wconf 86' lang='lat' dir='ltr'><strong>autem</strong></span> <span class='ocrx_word' id='word_1_65' title='bbox 703 1021 819 1060; x_wconf 84' lang='lat' dir='ltr'><strong>mea</strong></span> <span class='ocrx_word' id='word_1_66' title='bbox 877 1006 1188 1062; x_wconf 75' lang='lat' dir='ltr'><strong>sufﬁciunt:</strong></span> <span class='ocrx_word' id='word_1_67' title='bbox 1225 1007 1498 1077; x_wconf 86' lang='lat' dir='ltr'><strong>quomodo</strong></span> <span class='ocrx_word' id='word_1_68' title='bbox 1559 1016 1778 1063; x_wconf 84' lang='lat' dir='ltr'><strong>nosmet</strong></span> <span class='ocrx_word' id='word_1_69' title='bbox 1823 1021 2046 1063; x_wconf 85' lang='lat' dir='ltr'><strong>servare</strong></span> 
     </span>
    </p>
   </div>
   <div class='ocr_carea' id='block_1_11' title="bbox 459 1097 2047 1169">
    <p class='ocr_par' dir='ltr' id='par_1_11' title="bbox 459 1097 2047 1169">
     <span class='ocr_line' id='line_1_11' title="bbox 459 1097 2047 1169; baseline 0.003 -19"><span class='ocrx_word' id='word_1_70' title='bbox 459 1097 754 1152; x_wconf 82' lang='lat' dir='ltr'><strong>debeamus</strong></span> <span class='ocrx_word' id='word_1_71' title='bbox 789 1099 857 1153; x_wconf 90' lang='lat' dir='ltr'><strong>ab</strong></span> <span class='ocrx_word' id='word_1_72' title='bbox 886 1113 946 1152; x_wconf 90' lang='lat' dir='ltr'><strong>re</strong></span> <span class='ocrx_word' id='word_1_73' title='bbox 979 1098 1308 1166; x_wconf 74' lang='lat' dir='ltr'><strong>huiusmodi,</strong></span> <span class='ocrx_word' id='word_1_74' title='bbox 1357 1098 1520 1154; x_wconf 87' lang='lat' dir='ltr'><strong>Pater</strong></span> <span class='ocrx_word' id='word_1_75' title='bbox 1551 1100 1766 1155; x_wconf 85' lang='lat' dir='ltr'><strong>noster?</strong></span> <span class='ocrx_word' id='word_1_76' title='bbox 1799 1099 2047 1169; x_wconf 83' lang='lat' dir='ltr'><strong>Respon-</strong></span> 
     </span>
    </p>
   </div>
   <div class='ocr_carea' id='block_1_12' title="bbox 461 1185 2044 1258">
    <p class='ocr_par' dir='ltr' id='par_1_12' title="bbox 461 1185 2044 1258">
     <span class='ocr_line' id='line_1_12' title="bbox 461 1185 2044 1258; baseline 0.003 -16"><span class='ocrx_word' id='word_1_77' title='bbox 461 1187 540 1242; x_wconf 88' lang='lat' dir='ltr'><strong>dit</strong></span> <span class='ocrx_word' id='word_1_78' title='bbox 567 1202 582 1241; x_wconf 93' lang='lat'><strong>:</strong></span> <span class='ocrx_word' id='word_1_79' title='bbox 618 1185 749 1241; x_wconf 86' lang='lat' dir='ltr'><strong>Filii</strong></span> <span class='ocrx_word' id='word_1_80' title='bbox 786 1189 908 1254; x_wconf 89' lang='lat' dir='ltr'><strong>mei,</strong></span> <span class='ocrx_word' id='word_1_81' title='bbox 939 1188 1030 1258; x_wconf 88' lang='lat' dir='ltr'><strong>qui</strong></span> <span class='ocrx_word' id='word_1_82' title='bbox 1050 1188 1310 1258; x_wconf 85' lang='lat' dir='ltr'><strong>ejusmodi</strong></span> <span class='ocrx_word' id='word_1_83' title='bbox 1341 1199 1440 1254; x_wconf 90' lang='lat' dir='ltr'><strong>est,</strong></span> <span class='ocrx_word' id='word_1_84' title='bbox 1472 1191 1640 1244; x_wconf 87' lang='lat' dir='ltr'><strong>durus</strong></span> <span class='ocrx_word' id='word_1_85' title='bbox 1671 1202 1746 1244; x_wconf 88' lang='lat' dir='ltr'><strong>est</strong></span> <span class='ocrx_word' id='word_1_86' title='bbox 1783 1193 1962 1258; x_wconf 88' lang='lat' dir='ltr'><strong>corde,</strong></span> <span class='ocrx_word' id='word_1_87' title='bbox 1995 1201 2044 1246; x_wconf 92' lang='lat' dir='ltr'><strong>et</strong></span> 
     </span>
    </p>
   </div>
   <div class='ocr_carea' id='block_1_13' title="bbox 460 1280 2042 1354">
    <p class='ocr_par' dir='ltr' id='par_1_13' title="bbox 460 1280 2042 1354">
     <span class='ocr_line' id='line_1_13' title="bbox 460 1280 2042 1354; baseline 0.005 -23"><span class='ocrx_word' id='word_1_88' title='bbox 460 1281 694 1332; x_wconf 88' lang='lat' dir='ltr'><strong>animum</strong></span> <span class='ocrx_word' id='word_1_89' title='bbox 725 1289 783 1332; x_wconf 90' lang='lat' dir='ltr'><strong>ut</strong></span> <span class='ocrx_word' id='word_1_90' title='bbox 819 1281 899 1336; x_wconf 94' lang='lat' dir='ltr'><strong>leo</strong></span> <span class='ocrx_word' id='word_1_91' title='bbox 936 1281 1126 1334; x_wconf 87' lang='lat' dir='ltr'><strong>induit.</strong></span> <span class='ocrx_word' id='word_1_92' title='bbox 1163 1280 1306 1335; x_wconf 87' lang='lat' dir='ltr'><strong>Nam</strong></span> <span class='ocrx_word' id='word_1_93' title='bbox 1334 1283 1620 1352; x_wconf 89' lang='lat' dir='ltr'><strong>quomodo,</strong></span> <span class='ocrx_word' id='word_1_94' title='bbox 1651 1285 1742 1353; x_wconf 91' lang='lat' dir='ltr'><strong>qui</strong></span> <span class='ocrx_word' id='word_1_95' title='bbox 1775 1296 1852 1338; x_wconf 86' lang='lat' dir='ltr'><strong>est</strong></span> <span class='ocrx_word' id='word_1_96' title='bbox 1893 1285 2042 1354; x_wconf 85' lang='lat' dir='ltr'><strong>ejus-</strong></span> 
     </span>
    </p>
   </div>
   <div class='ocr_carea' id='block_1_14' title="bbox 459 1371 2044 1444">
    <p class='ocr_par' dir='ltr' id='par_1_14' title="bbox 459 1371 2044 1444">
     <span class='ocr_line' id='line_1_14' title="bbox 459 1371 2044 1444; baseline 0.005 -23"><span class='ocrx_word' id='word_1_97' title='bbox 459 1371 626 1434; x_wconf 89' lang='lat' dir='ltr'><strong>modi,</strong></span> <span class='ocrx_word' id='word_1_98' title='bbox 656 1372 816 1426; x_wconf 86' lang='lat' dir='ltr'><strong>vitam</strong></span> <span class='ocrx_word' id='word_1_99' title='bbox 845 1388 1002 1441; x_wconf 88' lang='lat' dir='ltr'><strong>agere</strong></span> <span class='ocrx_word' id='word_1_100' title='bbox 1030 1371 1136 1425; x_wconf 85' lang='lat' dir='ltr'><strong>vult</strong></span> <span class='ocrx_word' id='word_1_101' title='bbox 1162 1373 1215 1425; x_wconf 89' lang='lat' dir='ltr'><strong>in</strong></span> <span class='ocrx_word' id='word_1_102' title='bbox 1239 1372 1338 1426; x_wconf 87' lang='lat' dir='ltr'><strong>hac</strong></span> <span class='ocrx_word' id='word_1_103' title='bbox 1368 1374 1564 1426; x_wconf 86' lang='lat' dir='ltr'><strong>mundo</strong></span> <span class='ocrx_word' id='word_1_104' title='bbox 1601 1376 1794 1444; x_wconf 79' lang='lat' dir='ltr'><strong>absque</strong></span> <span class='ocrx_word' id='word_1_105' title='bbox 1826 1376 2044 1429; x_wconf 88' lang='lat' dir='ltr'><strong>miseri-</strong></span> 
     </span>
    </p>
   </div>
   <div class='ocr_carea' id='block_1_15' title="bbox 457 1460 2042 1531">
    <p class='ocr_par' dir='ltr' id='par_1_15' title="bbox 457 1460 2042 1531">
     <span class='ocr_line' id='line_1_15' title="bbox 457 1460 2042 1531; baseline 0.005 -20"><span class='ocrx_word' id='word_1_106' title='bbox 457 1460 640 1513; x_wconf 88' lang='lat' dir='ltr'><strong>cordia</strong></span> <span class='ocrx_word' id='word_1_107' title='bbox 664 1462 690 1513; x_wconf 86' lang='lat'><strong>.’</strong></span> <span class='ocrx_word' id='word_1_108' title='bbox 749 1460 940 1531; x_wconf 83' lang='lat' dir='ltr'><strong>Itaque</strong></span> <span class='ocrx_word' id='word_1_109' title='bbox 979 1461 1078 1515; x_wconf 88' lang='lat' dir='ltr'><strong>iste</strong></span> <span class='ocrx_word' id='word_1_110' title='bbox 1118 1462 1324 1516; x_wconf 88' lang='lat' dir='ltr'><strong>alienus</strong></span> <span class='ocrx_word' id='word_1_111' title='bbox 1354 1463 1642 1517; x_wconf 73' lang='lat' dir='ltr'><strong>censendus</strong></span> <span class='ocrx_word' id='word_1_112' title='bbox 1675 1473 1751 1518; x_wconf 89' lang='lat' dir='ltr'><strong>est</strong></span> <span class='ocrx_word' id='word_1_113' title='bbox 1776 1463 1840 1518; x_wconf 90' lang='lat' dir='ltr'><strong>ab</strong></span> <span class='ocrx_word' id='word_1_114' title='bbox 1870 1464 2042 1519; x_wconf 88' lang='lat' dir='ltr'><strong>omni-</strong></span> 
     </span>
    </p>
   </div>
   <div class='ocr_carea' id='block_1_16' title="bbox 459 1550 751 1605">
    <p class='ocr_par' dir='ltr' id='par_1_16' title="bbox 459 1550 751 1605">
     <span class='ocr_line' id='line_1_16' title="bbox 459 1550 751 1605; baseline 0.007 -2"><span class='ocrx_word' id='word_1_115' title='bbox 459 1550 554 1604; x_wconf 88' lang='lat' dir='ltr'><strong>bus</strong></span> <span class='ocrx_word' id='word_1_116' title='bbox 583 1551 751 1605; x_wconf 89' lang='lat' dir='ltr'><strong>bonis.</strong></span> 
     </span>
    </p>
   </div>
   <div class='ocr_carea' id='block_1_17' title="bbox 527 1645 2045 1718">
    <p class='ocr_par' dir='ltr' id='par_1_17' title="bbox 527 1645 2045 1718">
     <span class='ocr_line' id='line_1_17' title="bbox 527 1645 2045 1718; baseline 0.004 -20"><span class='ocrx_word' id='word_1_117' title='bbox 527 1645 910 1715; x_wconf 76' lang='lat' dir='ltr'><strong>Intermgatus,</strong></span> <span class='ocrx_word' id='word_1_118' title='bbox 952 1647 1234 1714; x_wconf 84' lang='lat' dir='ltr'><strong>Quomodo</strong></span> <span class='ocrx_word' id='word_1_119' title='bbox 1265 1647 1388 1718; x_wconf 86' lang='lat' dir='ltr'><strong>quis</strong></span> <span class='ocrx_word' id='word_1_120' title='bbox 1415 1646 1683 1703; x_wconf 73' lang='lat' dir='ltr'><strong>inservire</strong></span> <span class='ocrx_word' id='word_1_121' title='bbox 1711 1648 1909 1704; x_wconf 88' lang='lat' dir='ltr'><strong>debeat</strong></span> <span class='ocrx_word' id='word_1_122' title='bbox 1936 1648 2045 1704; x_wconf 89' lang='lat' dir='ltr'><strong>fra-</strong></span> 
     </span>
    </p>
   </div>
   <div class='ocr_carea' id='block_1_18' title="bbox 457 1737 2043 1810">
    <p class='ocr_par' dir='ltr' id='par_1_18' title="bbox 457 1737 2043 1810">
     <span class='ocr_line' id='line_1_18' title="bbox 457 1737 2043 1810; baseline 0.003 -19"><span class='ocrx_word' id='word_1_123' title='bbox 457 1737 678 1792; x_wconf 78' lang='lat' dir='ltr'><strong>tribus?</strong></span> <span class='ocrx_word' id='word_1_124' title='bbox 713 1739 1055 1808; x_wconf 77' lang='lat' dir='ltr'><strong>Respondit:</strong></span> <span class='ocrx_word' id='word_1_125' title='bbox 1090 1737 1308 1794; x_wconf 80' lang='lat' dir='ltr'><strong>Fratres</strong></span> <span class='ocrx_word' id='word_1_126' title='bbox 1347 1741 1439 1810; x_wconf 90' lang='lat' dir='ltr'><strong>qui</strong></span> <span class='ocrx_word' id='word_1_127' title='bbox 1469 1741 1661 1794; x_wconf 79' lang='lat' dir='ltr'><strong>servire</strong></span> <span class='ocrx_word' id='word_1_128' title='bbox 1704 1741 1888 1795; x_wconf 85' lang='lat' dir='ltr'><strong>volunt</strong></span> <span class='ocrx_word' id='word_1_129' title='bbox 1924 1744 2043 1810; x_wconf 81' lang='lat' dir='ltr'><strong>fru-</strong></span> 
     </span>
    </p>
   </div>
   <div class='ocr_carea' id='block_1_19' title="bbox 2149 549 3754 620">
    <p class='ocr_par' dir='ltr' id='par_1_19' title="bbox 2149 549 3754 620">
     <span class='ocr_line' id='line_1_19' title="bbox 2149 549 3754 620; baseline 0.007 -16"><span class='ocrx_word' id='word_1_130' title='bbox 2149 553 2312 604; x_wconf 83' lang='lat' dir='ltr'><strong>veniet</strong></span> <span class='ocrx_word' id='word_1_131' title='bbox 2362 549 2674 620; x_wconf 89' lang='lat' dir='ltr'><strong>aliquando,</strong></span> <span class='ocrx_word' id='word_1_132' title='bbox 2728 550 2832 620; x_wconf 78' lang='lat' dir='ltr'><strong>ﬁlii</strong></span> <span class='ocrx_word' id='word_1_133' title='bbox 2864 552 3220 620; x_wconf 90' lang='lat' dir='ltr'><strong>dilectissimi,</strong></span> <span class='ocrx_word' id='word_1_134' title='bbox 3247 571 3370 610; x_wconf 87' lang='lat' dir='ltr'><strong>cum</strong></span> <span class='ocrx_word' id='word_1_135' title='bbox 3418 557 3754 614; x_wconf 67' lang='lat' dir='ltr'><strong>solitudines</strong></span> 
     </span>
    </p>
   </div>
   <div class='ocr_carea' id='block_1_20' title="bbox 2148 641 3751 717">
    <p class='ocr_par' dir='ltr' id='par_1_20' title="bbox 2148 641 3751 717">
     <span class='ocr_line' id='line_1_20' title="bbox 2148 641 3751 717; baseline 0.007 -24"><span class='ocrx_word' id='word_1_136' title='bbox 2148 641 2510 712; x_wconf 85' lang='lat' dir='ltr'><strong>derelinquent</strong></span> <span class='ocrx_word' id='word_1_137' title='bbox 2559 644 2836 710; x_wconf 83' lang='lat' dir='ltr'><strong>monachi,</strong></span> <span class='ocrx_word' id='word_1_138' title='bbox 2885 661 3171 716; x_wconf 89' lang='lat' dir='ltr'><strong>earumque</strong></span> <span class='ocrx_word' id='word_1_139' title='bbox 3217 647 3331 702; x_wconf 91' lang='lat' dir='ltr'><strong>loco</strong></span> <span class='ocrx_word' id='word_1_140' title='bbox 3385 649 3751 717; x_wconf 80' lang='lat' dir='ltr'><strong>opulentiores</strong></span> 
     </span>
    </p>
   </div>
   <div class='ocr_carea' id='block_1_21' title="bbox 2148 733 3754 807">
    <p class='ocr_par' dir='ltr' id='par_1_21' title="bbox 2148 733 3754 807">
     <span class='ocr_line' id='line_1_21' title="bbox 2148 733 3754 807; baseline 0.008 -25"><span class='ocrx_word' id='word_1_141' title='bbox 2148 740 2398 799; x_wconf 88' lang='lat' dir='ltr'><strong>appetent</strong></span> <span class='ocrx_word' id='word_1_142' title='bbox 2421 733 2677 798; x_wconf 86' lang='lat' dir='ltr'><strong>civitates,</strong></span> <span class='ocrx_word' id='word_1_143' title='bbox 2703 733 2878 804; x_wconf 84' lang='lat' dir='ltr'><strong>ibique</strong></span> <span class='ocrx_word' id='word_1_144' title='bbox 2913 751 3008 803; x_wconf 88' lang='lat' dir='ltr'><strong>pro</strong></span> <span class='ocrx_word' id='word_1_145' title='bbox 3036 736 3118 789; x_wconf 85' lang='lat' dir='ltr'><strong>his</strong></span> <span class='ocrx_word' id='word_1_146' title='bbox 3144 735 3335 791; x_wconf 86' lang='lat' dir='ltr'><strong>deserti</strong></span> <span class='ocrx_word' id='word_1_147' title='bbox 3385 739 3661 807; x_wconf 81' lang='lat' dir='ltr'><strong>speluncis</strong></span> <span class='ocrx_word' id='word_1_148' title='bbox 3688 759 3754 795; x_wconf 83' lang='lat' dir='ltr'><strong>ac</strong></span> 
     </span>
    </p>
   </div>
   <div class='ocr_carea' id='block_1_22' title="bbox 2149 812 3752 901">
    <p class='ocr_par' dir='ltr' id='par_1_22' title="bbox 2149 812 3752 901">
     <span class='ocr_line' id='line_1_22' title="bbox 2149 812 3752 901; baseline 0.006 -28"><span class='ocrx_word' id='word_1_149' title='bbox 2149 819 2351 874; x_wconf 79' lang='lat' dir='ltr'><strong>cellulis</strong></span> <span class='ocrx_word' id='word_1_150' title='bbox 2385 821 2612 890; x_wconf 89' lang='lat' dir='ltr'><strong>superba</strong></span> <span class='ocrx_word' id='word_1_151' title='bbox 2643 822 2946 878; x_wconf 76' lang='lat' dir='ltr'><strong>excitabant</strong></span> <span class='ocrx_word' id='word_1_152' title='bbox 2979 825 3210 892; x_wconf 71' lang='lat' dir='ltr'><strong>a’diﬁcia</strong></span> <span class='ocrx_word' id='word_1_153' title='bbox 3239 812 3485 881; x_wconf 85' lang='lat' dir='ltr'><strong>certatim</strong></span> <span class='ocrx_word' id='word_1_154' title='bbox 3508 869 3524 894; x_wconf 92' lang='lat'><strong>,</strong></span> <span class='ocrx_word' id='word_1_155' title='bbox 3559 846 3752 901; x_wconf 87' lang='lat' dir='ltr'><strong>regum</strong></span> 
     </span>
    </p>
   </div>
   <div class='ocr_carea' id='block_1_23' title="bbox 2147 911 3754 985">
    <p class='ocr_par' dir='ltr' id='par_1_23' title="bbox 2147 911 3754 985">
     <span class='ocr_line' id='line_1_23' title="bbox 2147 911 3754 985; baseline 0.004 -20"><span class='ocrx_word' id='word_1_156' title='bbox 2147 911 2452 965; x_wconf 73' lang='lat' dir='ltr'><strong>wmulantia</strong></span> <span class='ocrx_word' id='word_1_157' title='bbox 2486 912 2722 981; x_wconf 89' lang='lat' dir='ltr'><strong>palatia;</strong></span> <span class='ocrx_word' id='word_1_158' title='bbox 2745 929 2842 982; x_wconf 91' lang='lat' dir='ltr'><strong>pro</strong></span> <span class='ocrx_word' id='word_1_159' title='bbox 2879 924 3189 985; x_wconf 82' lang='lat' dir='ltr'><strong>paupertate</strong></span> <span class='ocrx_word' id='word_1_160' title='bbox 3220 917 3529 972; x_wconf 89' lang='lat' dir='ltr'><strong>divitiarum</strong></span> <span class='ocrx_word' id='word_1_161' title='bbox 3554 937 3754 974; x_wconf 78' lang='lat' dir='ltr'><strong>cumu-</strong></span> 
     </span>
    </p>
   </div>
   <div class='ocr_carea' id='block_1_24' title="bbox 2147 996 3750 1077">
    <p class='ocr_par' dir='ltr' id='par_1_24' title="bbox 2147 996 3750 1077">
     <span class='ocr_line' id='line_1_24' title="bbox 2147 996 3750 1077; baseline 0.007 -24"><span class='ocrx_word' id='word_1_162' title='bbox 2147 1000 2432 1056; x_wconf 85' lang='lat' dir='ltr'><strong>landarum</strong></span> <span class='ocrx_word' id='word_1_163' title='bbox 2489 1005 2722 1057; x_wconf 88' lang='lat' dir='ltr'><strong>studium</strong></span> <span class='ocrx_word' id='word_1_164' title='bbox 2766 1005 2993 1074; x_wconf 88' lang='lat' dir='ltr'><strong>gliscet;</strong></span> <span class='ocrx_word' id='word_1_165' title='bbox 3045 996 3317 1061; x_wconf 78' lang='lat' dir='ltr'><strong>humilitas</strong></span> <span class='ocrx_word' id='word_1_166' title='bbox 3347 1009 3403 1061; x_wconf 89' lang='lat' dir='ltr'><strong>in</strong></span> <span class='ocrx_word' id='word_1_167' title='bbox 3432 1010 3750 1077; x_wconf 79' lang='lat' dir='ltr'><strong>superbiam</strong></span> 
     </span>
    </p>
   </div>
   <div class='ocr_carea' id='block_1_25' title="bbox 2147 1096 3750 1167">
    <p class='ocr_par' dir='ltr' id='par_1_25' title="bbox 2147 1096 3750 1167">
     <span class='ocr_line' id='line_1_25' title="bbox 2147 1096 3750 1167; baseline 0.007 -20"><span class='ocrx_word' id='word_1_168' title='bbox 2147 1102 2378 1148; x_wconf 88' lang='lat' dir='ltr'><strong>vertetur</strong></span> <span class='ocrx_word' id='word_1_169' title='bbox 2405 1096 2619 1158; x_wconf 86' lang='lat' dir='ltr'><strong>cordis;</strong></span> <span class='ocrx_word' id='word_1_170' title='bbox 2653 1096 2980 1167; x_wconf 78' lang='lat' dir='ltr'><strong>inﬂabantur</strong></span> <span class='ocrx_word' id='word_1_171' title='bbox 3011 1101 3231 1154; x_wconf 77' lang='lat' dir='ltr'><strong>scientia&quot;</strong></span> <span class='ocrx_word' id='word_1_172' title='bbox 3259 1101 3432 1166; x_wconf 90' lang='lat' dir='ltr'><strong>multi,</strong></span> <span class='ocrx_word' id='word_1_173' title='bbox 3469 1103 3568 1157; x_wconf 87' lang='lat' dir='ltr'><strong>sed</strong></span> <span class='ocrx_word' id='word_1_174' title='bbox 3594 1103 3750 1158; x_wconf 83' lang='lat' dir='ltr'><strong>bonis</strong></span> 
     </span>
    </p>
   </div>
   <div class='ocr_carea' id='block_1_26' title="bbox 2145 1183 3750 1262">
    <p class='ocr_par' dir='ltr' id='par_1_26' title="bbox 2145 1183 3750 1262">
     <span class='ocr_line' id='line_1_26' title="bbox 2145 1183 3750 1262; baseline 0.006 -25"><span class='ocrx_word' id='word_1_175' title='bbox 2145 1183 2436 1238; x_wconf 88' lang='lat' dir='ltr'><strong>secundum</strong></span> <span class='ocrx_word' id='word_1_176' title='bbox 2472 1187 2746 1240; x_wconf 84' lang='lat' dir='ltr'><strong>scientiam</strong></span> <span class='ocrx_word' id='word_1_177' title='bbox 2783 1192 2926 1243; x_wconf 89' lang='lat' dir='ltr'><strong>nuda</strong></span> <span class='ocrx_word' id='word_1_178' title='bbox 2965 1191 3248 1260; x_wconf 89' lang='lat' dir='ltr'><strong>operibus;</strong></span> <span class='ocrx_word' id='word_1_179' title='bbox 3294 1193 3538 1248; x_wconf 89' lang='lat' dir='ltr'><strong>charitas</strong></span> <span class='ocrx_word' id='word_1_180' title='bbox 3561 1197 3750 1262; x_wconf 81' lang='lat' dir='ltr'><strong>defer-</strong></span> 
     </span>
    </p>
   </div>
   <div class='ocr_carea' id='block_1_27' title="bbox 2148 1268 3752 1350">
    <p class='ocr_par' dir='ltr' id='par_1_27' title="bbox 2148 1268 3752 1350">
     <span class='ocr_line' id='line_1_27' title="bbox 2148 1268 3752 1350; baseline 0.008 -20"><span class='ocrx_word' id='word_1_181' title='bbox 2148 1285 2347 1342; x_wconf 83' lang='lat' dir='ltr'><strong>vescet;</strong></span> <span class='ocrx_word' id='word_1_182' title='bbox 2377 1289 2569 1332; x_wconf 89' lang='lat' dir='ltr'><strong>crescet</strong></span> <span class='ocrx_word' id='word_1_183' title='bbox 2610 1294 2708 1345; x_wconf 90' lang='lat' dir='ltr'><strong>pro</strong></span> <span class='ocrx_word' id='word_1_184' title='bbox 2744 1280 3054 1350; x_wconf 82' lang='lat' dir='ltr'><strong>frugalitate</strong></span> <span class='ocrx_word' id='word_1_185' title='bbox 3083 1268 3235 1338; x_wconf 86' lang='lat' dir='ltr'><strong>amor</strong></span> <span class='ocrx_word' id='word_1_186' title='bbox 3264 1285 3486 1350; x_wconf 85' lang='lat' dir='ltr'><strong>ventris,</strong></span> <span class='ocrx_word' id='word_1_187' title='bbox 3526 1296 3579 1343; x_wconf 90' lang='lat' dir='ltr'><strong>et</strong></span> <span class='ocrx_word' id='word_1_188' title='bbox 3608 1288 3752 1342; x_wconf 80' lang='lat' dir='ltr'><strong>deli-</strong></span> 
     </span>
    </p>
   </div>
   <div class='ocr_carea' id='block_1_28' title="bbox 2146 1367 3748 1447">
    <p class='ocr_par' dir='ltr' id='par_1_28' title="bbox 2146 1367 3748 1447">
     <span class='ocr_line' id='line_1_28' title="bbox 2146 1367 3748 1447; baseline 0.011 -28"><span class='ocrx_word' id='word_1_189' title='bbox 2146 1367 2438 1423; x_wconf 87' lang='lat' dir='ltr'><strong>catioribus</strong></span> <span class='ocrx_word' id='word_1_190' title='bbox 2469 1371 2598 1424; x_wconf 87' lang='lat' dir='ltr'><strong>cibis</strong></span> <span class='ocrx_word' id='word_1_191' title='bbox 2632 1387 2736 1426; x_wconf 89' lang='lat' dir='ltr'><strong>non</strong></span> <span class='ocrx_word' id='word_1_192' title='bbox 2770 1374 2945 1427; x_wconf 88' lang='lat' dir='ltr'><strong>minus</strong></span> <span class='ocrx_word' id='word_1_193' title='bbox 2979 1390 3162 1429; x_wconf 89' lang='lat' dir='ltr'><strong>eorum</strong></span> <span class='ocrx_word' id='word_1_194' title='bbox 3191 1376 3364 1447; x_wconf 86' lang='lat' dir='ltr'><strong>plures</strong></span> <span class='ocrx_word' id='word_1_195' title='bbox 3389 1395 3611 1447; x_wconf 84' lang='lat' dir='ltr'><strong>operam</strong></span> <span class='ocrx_word' id='word_1_196' title='bbox 3648 1397 3748 1436; x_wconf 78' lang='lat' dir='ltr'><strong>na-</strong></span> 
     </span>
    </p>
   </div>
   <div class='ocr_carea' id='block_1_29' title="bbox 2146 1457 3744 1539">
    <p class='ocr_par' dir='ltr' id='par_1_29' title="bbox 2146 1457 3744 1539">
     <span class='ocr_line' id='line_1_29' title="bbox 2146 1457 3744 1539; baseline 0.011 -28"><span class='ocrx_word' id='word_1_197' title='bbox 2146 1457 2336 1512; x_wconf 81' lang='lat' dir='ltr'><strong>vabunt</strong></span> <span class='ocrx_word' id='word_1_198' title='bbox 2359 1476 2518 1529; x_wconf 88' lang='lat' dir='ltr'><strong>quam</strong></span> <span class='ocrx_word' id='word_1_199' title='bbox 2547 1463 2807 1518; x_wconf 88' lang='lat' dir='ltr'><strong>mundani</strong></span> <span class='ocrx_word' id='word_1_200' title='bbox 2836 1464 2958 1533; x_wconf 85' lang='lat' dir='ltr'><strong>ipsi,</strong></span> <span class='ocrx_word' id='word_1_201' title='bbox 2990 1482 3022 1519; x_wconf 91' lang='lat' dir='ltr'><strong>a</strong></span> <span class='ocrx_word' id='word_1_202' title='bbox 3053 1468 3238 1536; x_wconf 85' lang='lat' dir='ltr'><strong>quibus</strong></span> <span class='ocrx_word' id='word_1_203' title='bbox 3267 1469 3502 1539; x_wconf 82' lang='lat' dir='ltr'><strong>religiosi</strong></span> <span class='ocrx_word' id='word_1_204' title='bbox 3522 1472 3611 1526; x_wconf 89' lang='lat' dir='ltr'><strong>illi</strong></span> <span class='ocrx_word' id='word_1_205' title='bbox 3636 1474 3744 1528; x_wconf 85' lang='lat' dir='ltr'><strong>alio</strong></span> 
     </span>
    </p>
   </div>
   <div class='ocr_carea' id='block_1_30' title="bbox 2147 1550 3745 1629">
    <p class='ocr_par' dir='ltr' id='par_1_30' title="bbox 2147 1550 3745 1629">
     <span class='ocr_line' id='line_1_30' title="bbox 2147 1550 3745 1629; baseline 0.01 -27"><span class='ocrx_word' id='word_1_206' title='bbox 2147 1550 2284 1605; x_wconf 82' lang='lat' dir='ltr'><strong>nihil</strong></span> <span class='ocrx_word' id='word_1_207' title='bbox 2305 1551 2707 1622; x_wconf 86' lang='lat' dir='ltr'><strong>distiuguentur</strong></span> <span class='ocrx_word' id='word_1_208' title='bbox 2732 1572 2891 1624; x_wconf 88' lang='lat' dir='ltr'><strong>quam</strong></span> <span class='ocrx_word' id='word_1_209' title='bbox 2920 1557 3108 1611; x_wconf 85' lang='lat' dir='ltr'><strong>habitu</strong></span> <span class='ocrx_word' id='word_1_210' title='bbox 3145 1569 3192 1613; x_wconf 92' lang='lat' dir='ltr'><strong>et</strong></span> <span class='ocrx_word' id='word_1_211' title='bbox 3240 1561 3488 1629; x_wconf 87' lang='lat' dir='ltr'><strong>cucullo;</strong></span> <span class='ocrx_word' id='word_1_212' title='bbox 3518 1572 3570 1618; x_wconf 88' lang='lat' dir='ltr'><strong>et</strong></span> <span class='ocrx_word' id='word_1_213' title='bbox 3621 1582 3745 1619; x_wconf 80' lang='lat' dir='ltr'><strong>cum</strong></span> 
     </span>
    </p>
   </div>
   <div class='ocr_carea' id='block_1_31' title="bbox 2146 1640 3748 1722">
    <p class='ocr_par' dir='ltr' id='par_1_31' title="bbox 2146 1640 3748 1722">
     <span class='ocr_line' id='line_1_31' title="bbox 2146 1640 3748 1722; baseline 0.011 -28"><span class='ocrx_word' id='word_1_214' title='bbox 2146 1640 2253 1694; x_wconf 86' lang='lat' dir='ltr'><strong>sint</strong></span> <span class='ocrx_word' id='word_1_215' title='bbox 2292 1641 2350 1695; x_wconf 89' lang='lat' dir='ltr'><strong>in</strong></span> <span class='ocrx_word' id='word_1_216' title='bbox 2381 1643 2554 1697; x_wconf 91' lang='lat' dir='ltr'><strong>medio</strong></span> <span class='ocrx_word' id='word_1_217' title='bbox 2580 1646 2787 1704; x_wconf 88' lang='lat' dir='ltr'><strong>mundi.</strong></span> <span class='ocrx_word' id='word_1_218' title='bbox 2845 1663 2934 1700; x_wconf 90' lang='lat' dir='ltr'><strong>eos</strong></span> <span class='ocrx_word' id='word_1_219' title='bbox 2979 1664 3086 1702; x_wconf 90' lang='lat' dir='ltr'><strong>non</strong></span> <span class='ocrx_word' id='word_1_220' title='bbox 3123 1650 3333 1717; x_wconf 86' lang='lat' dir='ltr'><strong>pudebit</strong></span> <span class='ocrx_word' id='word_1_221' title='bbox 3357 1653 3498 1722; x_wconf 88' lang='lat' dir='ltr'><strong>falsa</strong></span> <span class='ocrx_word' id='word_1_222' title='bbox 3527 1660 3748 1712; x_wconf 77' lang='lat' dir='ltr'><strong>nomine</strong></span> 
     </span>
    </p>
   </div>
   <div class='ocr_carea' id='block_1_32' title="bbox 2149 1733 3747 1802">
    <p class='ocr_par' dir='ltr' id='par_1_32' title="bbox 2149 1733 3747 1802">
     <span class='ocr_line' id='line_1_32' title="bbox 2149 1733 3747 1802; baseline 0.011 -18"><span class='ocrx_word' id='word_1_223' title='bbox 2149 1733 2436 1788; x_wconf 82' lang='lat' dir='ltr'><strong>monachos</strong></span> <span class='ocrx_word' id='word_1_224' title='bbox 2468 1737 2648 1790; x_wconf 87' lang='lat' dir='ltr'><strong>vocari</strong></span> <span class='ocrx_word' id='word_1_225' title='bbox 2679 1746 2732 1790; x_wconf 91' lang='lat' dir='ltr'><strong>et</strong></span> <span class='ocrx_word' id='word_1_226' title='bbox 2767 1739 3066 1794; x_wconf 71' lang='lat' dir='ltr'><strong>solitariae.</strong></span> <span class='ocrx_word' id='word_1_227' title='bbox 3123 1739 3511 1799; x_wconf 82' lang='lat' dir='ltr'><strong>Gloriabuntur</strong></span> <span class='ocrx_word' id='word_1_228' title='bbox 3560 1747 3747 1802; x_wconf 81' lang='lat' dir='ltr'><strong>adhuc</strong></span> 
     </span>
    </p>
   </div>
   <div class='ocr_carea' id='block_1_33' title="bbox 456 1823 3748 1910">
    <p class='ocr_par' dir='ltr' id='par_1_33' title="bbox 456 1823 3748 1910">
     <span class='ocr_line' id='line_1_33' title="bbox 456 1823 3748 1910; baseline 0.003 -31"><span class='ocrx_word' id='word_1_229' title='bbox 456 1827 651 1894; x_wconf 87' lang='lat' dir='ltr'><strong>tribus,</strong></span> <span class='ocrx_word' id='word_1_230' title='bbox 682 1830 908 1882; x_wconf 86' lang='lat' dir='ltr'><strong>serviant</strong></span> <span class='ocrx_word' id='word_1_231' title='bbox 943 1838 1000 1881; x_wconf 89' lang='lat' dir='ltr'><strong>ut</strong></span> <span class='ocrx_word' id='word_1_232' title='bbox 1035 1829 1171 1883; x_wconf 85' lang='lat' dir='ltr'><strong>servi</strong></span> <span class='ocrx_word' id='word_1_233' title='bbox 1203 1829 1433 1883; x_wconf 85' lang='lat' dir='ltr'><strong>dominis</strong></span> <span class='ocrx_word' id='word_1_234' title='bbox 1455 1829 1587 1891; x_wconf 89' lang='lat' dir='ltr'><strong>suis,</strong></span> <span class='ocrx_word' id='word_1_235' title='bbox 1619 1838 1669 1883; x_wconf 88' lang='lat' dir='ltr'><strong>et</strong></span> <span class='ocrx_word' id='word_1_236' title='bbox 1697 1831 2044 1899; x_wconf 82' lang='lat' dir='ltr'><strong>quemadmo-</strong></span> <span class='ocrx_word' id='word_1_237' title='bbox 2075 1823 2119 1878; x_wconf 83' lang='grc' dir='ltr'><strong><em>Β</em></strong></span> <span class='ocrx_word' id='word_1_238' title='bbox 2147 1823 2375 1880; x_wconf 87' lang='lat' dir='ltr'><strong>dicentes</strong></span> <span class='ocrx_word' id='word_1_239' title='bbox 2396 1841 2416 1880; x_wconf 87' lang='lat'><strong><em>:</em></strong></span> <span class='ocrx_word' id='word_1_240' title='bbox 2464 1843 2483 1877; x_wconf 70' lang='grc' dir='ltr'>ι</span> <span class='ocrx_word' id='word_1_241' title='bbox 2521 1823 2632 1895; x_wconf 84' lang='lat' dir='ltr'><strong>Ego</strong></span> <span class='ocrx_word' id='word_1_242' title='bbox 2657 1845 2772 1882; x_wconf 88' lang='lat' dir='ltr'><strong>sum</strong></span> <span class='ocrx_word' id='word_1_243' title='bbox 2803 1827 2984 1896; x_wconf 85' lang='lat' dir='ltr'><strong>Pauli,</strong></span> <span class='ocrx_word' id='word_1_244' title='bbox 3019 1842 3068 1886; x_wconf 91' lang='lat' dir='ltr'><strong>et</strong></span> <span class='ocrx_word' id='word_1_245' title='bbox 3092 1848 3184 1903; x_wconf 89' lang='lat' dir='ltr'><strong>ego</strong></span> <span class='ocrx_word' id='word_1_246' title='bbox 3199 1833 3384 1905; x_wconf 78' lang='lat' dir='ltr'><strong>Apollo</strong></span> <span class='ocrx_word' id='word_1_247' title='bbox 3408 1837 3500 1904; x_wconf 73' lang='lat' dir='ltr'><strong>u&quot;;</strong></span> <span class='ocrx_word' id='word_1_248' title='bbox 3540 1856 3559 1890; x_wconf 76' lang='grc' dir='ltr'><strong>ι</strong></span> <span class='ocrx_word' id='word_1_249' title='bbox 3586 1843 3748 1910; x_wconf 70' lang='grc' dir='ltr'><strong>(μιαεὶ</strong></span> 
     </span>
    </p>
   </div>
   <div class='ocr_carea' id='block_1_34' title="bbox 456 1919 2043 1990">
    <p class='ocr_par' dir='ltr' id='par_1_34' title="bbox 456 1919 2043 1990">
     <span class='ocr_line' id='line_1_34' title="bbox 456 1919 2043 1990; baseline 0.002 -19"><span class='ocrx_word' id='word_1_250' title='bbox 456 1919 584 1972; x_wconf 87' lang='lat' dir='ltr'><strong>dum</strong></span> <span class='ocrx_word' id='word_1_251' title='bbox 633 1919 837 1974; x_wconf 85' lang='lat' dir='ltr'><strong>servivit</strong></span> <span class='ocrx_word' id='word_1_252' title='bbox 885 1919 1143 1974; x_wconf 88' lang='lat' dir='ltr'><strong>Dominus</strong></span> <span class='ocrx_word' id='word_1_253' title='bbox 1197 1919 1355 1974; x_wconf 86' lang='lat' dir='ltr'><strong>Petro</strong></span> <span class='ocrx_word' id='word_1_254' title='bbox 1399 1920 1624 1990; x_wconf 86' lang='lat' dir='ltr'><strong>principi</strong></span> <span class='ocrx_word' id='word_1_255' title='bbox 1651 1920 2043 1990; x_wconf 85' lang='lat' dir='ltr'><strong>apostolorum;</strong></span> 
     </span>
    </p>
   </div>
   <div class='ocr_carea' id='block_1_35' title="bbox 453 2007 2056 2076">
    <p class='ocr_par' dir='ltr' id='par_1_35' title="bbox 453 2007 2056 2076">
     <span class='ocr_line' id='line_1_35' title="bbox 453 2007 2056 2076; baseline 0.003 -19"><span class='ocrx_word' id='word_1_256' title='bbox 453 2007 548 2076; x_wconf 87' lang='lat' dir='ltr'><strong>qui</strong></span> <span class='ocrx_word' id='word_1_257' title='bbox 569 2007 686 2060; x_wconf 89' lang='lat' dir='ltr'><strong>licet</strong></span> <span class='ocrx_word' id='word_1_258' title='bbox 711 2007 966 2061; x_wconf 86' lang='lat' dir='ltr'><strong>Dominus</strong></span> <span class='ocrx_word' id='word_1_259' title='bbox 1001 2019 1196 2062; x_wconf 88' lang='lat' dir='ltr'><strong>essetet</strong></span> <span class='ocrx_word' id='word_1_260' title='bbox 1228 2018 1440 2062; x_wconf 89' lang='lat' dir='ltr'><strong>creator</strong></span> <span class='ocrx_word' id='word_1_261' title='bbox 1464 2008 1634 2075; x_wconf 82' lang='lat' dir='ltr'><strong>illius,</strong></span> <span class='ocrx_word' id='word_1_262' title='bbox 1665 2009 1820 2064; x_wconf 89' lang='lat' dir='ltr'><strong>vilem</strong></span> <span class='ocrx_word' id='word_1_263' title='bbox 1848 2010 2056 2075; x_wconf 74' lang='lat' dir='ltr'><strong>prtesti-&#39;</strong></span> 
     </span>
    </p>
   </div>
   <div class='ocr_carea' id='block_1_36' title="bbox 439 2098 2046 2167">
    <p class='ocr_par' dir='ltr' id='par_1_36' title="bbox 439 2098 2046 2167">
     <span class='ocr_line' id='line_1_36' title="bbox 439 2098 2046 2167; baseline 0.004 -17"><span class='ocrx_word' id='word_1_264' title='bbox 439 2098 518 2151; x_wconf 69' lang='lat' dir='ltr'><strong>vtit</strong></span> <span class='ocrx_word' id='word_1_265' title='bbox 540 2099 588 2152; x_wconf 91' lang='lat' dir='ltr'><strong>ei</strong></span> <span class='ocrx_word' id='word_1_266' title='bbox 611 2100 930 2154; x_wconf 87' lang='lat' dir='ltr'><strong>servitutem.</strong></span> <span class='ocrx_word' id='word_1_267' title='bbox 951 2101 1156 2166; x_wconf 84' lang='lat' dir='ltr'><strong>Quibus</strong></span> <span class='ocrx_word' id='word_1_268' title='bbox 1187 2102 1437 2154; x_wconf 88' lang='lat' dir='ltr'><strong>iudicavit</strong></span> <span class='ocrx_word' id='word_1_269' title='bbox 1455 2102 1604 2155; x_wconf 88' lang='lat' dir='ltr'><strong>nobis</strong></span> <span class='ocrx_word' id='word_1_270' title='bbox 1627 2101 1908 2167; x_wconf 84' lang='lat' dir='ltr'><strong>Dominus,</strong></span> <span class='ocrx_word' id='word_1_271' title='bbox 1942 2119 2046 2156; x_wconf 89' lang='lat' dir='ltr'><strong>non</strong></span> 
     </span>
    </p>
   </div>
   <div class='ocr_carea' id='block_1_37' title="bbox 455 2189 2044 2260">
    <p class='ocr_par' dir='ltr' id='par_1_37' title="bbox 455 2189 2044 2260">
     <span class='ocr_line' id='line_1_37' title="bbox 455 2189 2044 2260; baseline 0.003 -19"><span class='ocrx_word' id='word_1_272' title='bbox 455 2189 629 2242; x_wconf 91' lang='lat' dir='ltr'><strong>minus</strong></span> <span class='ocrx_word' id='word_1_273' title='bbox 661 2190 979 2245; x_wconf 86' lang='lat' dir='ltr'><strong>inhumanos</strong></span> <span class='ocrx_word' id='word_1_274' title='bbox 1015 2207 1125 2245; x_wconf 91' lang='lat' dir='ltr'><strong>esse</strong></span> <span class='ocrx_word' id='word_1_275' title='bbox 1153 2207 1240 2245; x_wconf 86' lang='lat' dir='ltr'><strong>eos</strong></span> <span class='ocrx_word' id='word_1_276' title='bbox 1264 2193 1355 2260; x_wconf 88' lang='lat' dir='ltr'><strong>qui</strong></span> <span class='ocrx_word' id='word_1_277' title='bbox 1377 2193 1680 2246; x_wconf 77' lang='lat' dir='ltr'><strong>servitutem</strong></span> <span class='ocrx_word' id='word_1_278' title='bbox 1717 2193 1816 2246; x_wconf 88' lang='lat' dir='ltr'><strong>sibi</strong></span> <span class='ocrx_word' id='word_1_279' title='bbox 1839 2193 2044 2246; x_wconf 68' lang='lat' dir='ltr'><strong>exhibi-</strong></span> 
     </span>
    </p>
   </div>
   <div class='ocr_carea' id='block_1_38' title="bbox 456 2279 2042 2348">
    <p class='ocr_par' dir='ltr' id='par_1_38' title="bbox 456 2279 2042 2348">
     <span class='ocr_line' id='line_1_38' title="bbox 456 2279 2042 2348; baseline 0.003 -19"><span class='ocrx_word' id='word_1_280' title='bbox 456 2286 564 2331; x_wconf 88' lang='lat' dir='ltr'><strong>tam</strong></span> <span class='ocrx_word' id='word_1_281' title='bbox 595 2289 859 2344; x_wconf 84' lang='lat' dir='ltr'><strong>recusant,</strong></span> <span class='ocrx_word' id='word_1_282' title='bbox 890 2289 938 2333; x_wconf 95' lang='lat' dir='ltr'><strong>et</strong></span> <span class='ocrx_word' id='word_1_283' title='bbox 971 2279 1170 2333; x_wconf 86' lang='lat' dir='ltr'><strong>nemini</strong></span> <span class='ocrx_word' id='word_1_284' title='bbox 1215 2282 1523 2347; x_wconf 87' lang='lat' dir='ltr'><strong>permittunt</strong></span> <span class='ocrx_word' id='word_1_285' title='bbox 1553 2289 1608 2333; x_wconf 93' lang='lat' dir='ltr'><strong>ut</strong></span> <span class='ocrx_word' id='word_1_286' title='bbox 1642 2282 1719 2334; x_wconf 91' lang='lat' dir='ltr'><strong>eis</strong></span> <span class='ocrx_word' id='word_1_287' title='bbox 1769 2281 2042 2348; x_wconf 83' lang='lat' dir='ltr'><strong>inserviat,</strong></span> 
     </span>
    </p>
   </div>
   <div class='ocr_carea' id='block_1_39' title="bbox 454 2365 2046 2438">
    <p class='ocr_par' dir='ltr' id='par_1_39' title="bbox 454 2365 2046 2438">
     <span class='ocr_line' id='line_1_39' title="bbox 454 2365 2046 2438; baseline 0.006 -20"><span class='ocrx_word' id='word_1_288' title='bbox 454 2365 533 2418; x_wconf 85' lang='lat' dir='ltr'><strong>uti</strong></span> <span class='ocrx_word' id='word_1_289' title='bbox 553 2381 608 2419; x_wconf 88' lang='lat' dir='ltr'><strong>se</strong></span> <span class='ocrx_word' id='word_1_290' title='bbox 634 2365 822 2420; x_wconf 87' lang='lat' dir='ltr'><strong>Petrus</strong></span> <span class='ocrx_word' id='word_1_291' title='bbox 845 2367 1180 2433; x_wconf 86' lang='lat' dir='ltr'><strong>continebat;</strong></span> <span class='ocrx_word' id='word_1_292' title='bbox 1221 2385 1377 2438; x_wconf 84' lang='lat' dir='ltr'><strong>quant</strong></span> <span class='ocrx_word' id='word_1_293' title='bbox 1401 2369 1492 2438; x_wconf 88' lang='lat' dir='ltr'><strong>qui</strong></span> <span class='ocrx_word' id='word_1_294' title='bbox 1525 2368 1784 2437; x_wconf 79' lang='lat' dir='ltr'><strong>fratribus</strong></span> <span class='ocrx_word' id='word_1_295' title='bbox 1827 2372 1939 2425; x_wconf 88' lang='lat' dir='ltr'><strong>suis</strong></span> <span class='ocrx_word' id='word_1_296' title='bbox 1963 2373 2046 2427; x_wconf 86' lang='lat' dir='ltr'><strong>in-</strong></span> 
     </span>
    </p>
   </div>
   <div class='ocr_carea' id='block_1_40' title="bbox 453 2455 2046 2525">
    <p class='ocr_par' dir='ltr' id='par_1_40' title="bbox 453 2455 2046 2525">
     <span class='ocr_line' id='line_1_40' title="bbox 453 2455 2046 2525; baseline 0.005 -18"><span class='ocrx_word' id='word_1_297' title='bbox 453 2455 650 2508; x_wconf 79' lang='lat' dir='ltr'><strong>servire</strong></span> <span class='ocrx_word' id='word_1_298' title='bbox 677 2455 1063 2524; x_wconf 83' lang='lat' dir='ltr'><strong>dedignantur:</strong></span> <span class='ocrx_word' id='word_1_299' title='bbox 1098 2456 1438 2525; x_wconf 84' lang='lat' dir='ltr'><strong>quamobrem</strong></span> <span class='ocrx_word' id='word_1_300' title='bbox 1469 2456 1558 2509; x_wconf 89' lang='lat' dir='ltr'><strong>isti</strong></span> <span class='ocrx_word' id='word_1_301' title='bbox 1581 2467 1782 2525; x_wconf 89' lang='lat' dir='ltr'><strong>partem</strong></span> <span class='ocrx_word' id='word_1_302' title='bbox 1813 2475 1916 2513; x_wconf 88' lang='lat' dir='ltr'><strong>non</strong></span> <span class='ocrx_word' id='word_1_303' title='bbox 1949 2459 2046 2514; x_wconf 77' lang='lat' dir='ltr'><strong>Iza-</strong></span> 
     </span>
    </p>
   </div>
   <div class='ocr_carea' id='block_1_41' title="bbox 453 2543 2045 2620">
    <p class='ocr_par' dir='ltr' id='par_1_41' title="bbox 453 2543 2045 2620">
     <span class='ocr_line' id='line_1_41' title="bbox 453 2543 2045 2620; baseline 0.006 -24"><span class='ocrx_word' id='word_1_304' title='bbox 453 2543 642 2597; x_wconf 89' lang='lat' dir='ltr'><strong>bebunt</strong></span> <span class='ocrx_word' id='word_1_305' title='bbox 665 2560 784 2598; x_wconf 90' lang='lat' dir='ltr'><strong>cum</strong></span> <span class='ocrx_word' id='word_1_306' title='bbox 821 2543 1067 2612; x_wconf 85' lang='lat' dir='ltr'><strong>Domina,</strong></span> <span class='ocrx_word' id='word_1_307' title='bbox 1117 2555 1173 2598; x_wconf 91' lang='lat' dir='ltr'><strong>ut</strong></span> <span class='ocrx_word' id='word_1_308' title='bbox 1202 2544 1458 2599; x_wconf 86' lang='lat' dir='ltr'><strong>Dominus</strong></span> <span class='ocrx_word' id='word_1_309' title='bbox 1494 2545 1656 2602; x_wconf 84' lang='lat' dir='ltr'><strong>Petro</strong></span> <span class='ocrx_word' id='word_1_310' title='bbox 1697 2551 1773 2604; x_wconf 90' lang='lat' dir='ltr'><strong>ait</strong></span> <span class='ocrx_word' id='word_1_311' title='bbox 1803 2549 1876 2616; x_wconf 67' lang='grc' dir='ltr'><strong>δ’,</strong></span> <span class='ocrx_word' id='word_1_312' title='bbox 1917 2551 2045 2620; x_wconf 85' lang='lat' dir='ltr'><strong>quia</strong></span> 
     </span>
    </p>
   </div>
   <div class='ocr_carea' id='block_1_42' title="bbox 452 2635 2045 2710">
    <p class='ocr_par' dir='ltr' id='par_1_42' title="bbox 452 2635 2045 2710">
     <span class='ocr_line' id='line_1_42' title="bbox 452 2635 2045 2710; baseline 0.006 -20"><span class='ocrx_word' id='word_1_313' title='bbox 452 2637 564 2705; x_wconf 81' lang='lat' dir='ltr'><strong>ipse</strong></span> <span class='ocrx_word' id='word_1_314' title='bbox 595 2635 856 2692; x_wconf 80' lang='lat' dir='ltr'><strong>Dominus</strong></span> <span class='ocrx_word' id='word_1_315' title='bbox 899 2647 956 2691; x_wconf 89' lang='lat' dir='ltr'><strong>ut</strong></span> <span class='ocrx_word' id='word_1_316' title='bbox 1003 2638 1220 2692; x_wconf 85' lang='lat' dir='ltr'><strong>invicem</strong></span> <span class='ocrx_word' id='word_1_317' title='bbox 1273 2653 1338 2691; x_wconf 90' lang='lat' dir='ltr'><strong>ac</strong></span> <span class='ocrx_word' id='word_1_318' title='bbox 1385 2649 1568 2694; x_wconf 88' lang='lat' dir='ltr'><strong>mutuo</strong></span> <span class='ocrx_word' id='word_1_319' title='bbox 1596 2643 1907 2710; x_wconf 81' lang='lat' dir='ltr'><strong>serviamus,</strong></span> <span class='ocrx_word' id='word_1_320' title='bbox 1951 2659 2045 2699; x_wconf 89' lang='lat' dir='ltr'><strong>nos</strong></span> 
     </span>
    </p>
   </div>
   <div class='ocr_carea' id='block_1_43' title="bbox 452 2729 1481 2783">
    <p class='ocr_par' dir='ltr' id='par_1_43' title="bbox 452 2729 1481 2783">
     <span class='ocr_line' id='line_1_43' title="bbox 452 2729 1481 2783; baseline -0.001 -2"><span class='ocrx_word' id='word_1_321' title='bbox 452 2729 658 2783; x_wconf 86' lang='lat' dir='ltr'><strong>docuit.</strong></span> <span class='ocrx_word' id='word_1_322' title='bbox 1479 2777 1481 2780; x_wconf 22' lang='lat'><strong>.</strong></span> 
     </span>
    </p>
   </div>
   <div class='ocr_carea' id='block_1_44' title="bbox 523 2819 2046 2893">
    <p class='ocr_par' dir='ltr' id='par_1_44' title="bbox 523 2819 2046 2893">
     <span class='ocr_line' id='line_1_44' title="bbox 523 2819 2046 2893; baseline 0.005 -21"><span class='ocrx_word' id='word_1_323' title='bbox 523 2819 916 2891; x_wconf 82' lang='lat' dir='ltr'><strong>Interrogatus,</strong></span> <span class='ocrx_word' id='word_1_324' title='bbox 938 2819 1222 2887; x_wconf 82' lang='lat' dir='ltr'><strong>Quodnam</strong></span> <span class='ocrx_word' id='word_1_325' title='bbox 1257 2819 1329 2875; x_wconf 87' lang='lat' dir='ltr'><strong>sit</strong></span> <span class='ocrx_word' id='word_1_326' title='bbox 1363 2821 1618 2891; x_wconf 81' lang='lat' dir='ltr'><strong>gaudium</strong></span> <span class='ocrx_word' id='word_1_327' title='bbox 1667 2830 1890 2893; x_wconf 87' lang='lat' dir='ltr'><strong>propter</strong></span> <span class='ocrx_word' id='word_1_328' title='bbox 1941 2824 2046 2880; x_wconf 90' lang='lat' dir='ltr'><strong>Do-</strong></span> 
     </span>
    </p>
   </div>
   <div class='ocr_carea' id='block_1_45' title="bbox 452 2910 2045 2983">
    <p class='ocr_par' dir='ltr' id='par_1_45' title="bbox 452 2910 2045 2983">
     <span class='ocr_line' id='line_1_45' title="bbox 452 2910 2045 2983; baseline 0.003 -19"><span class='ocrx_word' id='word_1_329' title='bbox 452 2910 686 2977; x_wconf 88' lang='lat' dir='ltr'><strong>minum,</strong></span> <span class='ocrx_word' id='word_1_330' title='bbox 717 2921 773 2965; x_wconf 87' lang='lat' dir='ltr'><strong>et</strong></span> <span class='ocrx_word' id='word_1_331' title='bbox 794 2925 1043 2980; x_wconf 61' lang='lat' dir='ltr'><strong>quanam</strong></span> <span class='ocrx_word' id='word_1_332' title='bbox 1082 2911 1330 2967; x_wconf 88' lang='lat' dir='ltr'><strong>facienda</strong></span> <span class='ocrx_word' id='word_1_333' title='bbox 1357 2912 1510 2968; x_wconf 86' lang='lat' dir='ltr'><strong>nobis</strong></span> <span class='ocrx_word' id='word_1_334' title='bbox 1534 2915 1661 2979; x_wconf 90' lang='lat' dir='ltr'><strong>sint,</strong></span> <span class='ocrx_word' id='word_1_335' title='bbox 1691 2916 1886 2983; x_wconf 75' lang='lat' dir='ltr'><strong>quibus</strong></span> <span class='ocrx_word' id='word_1_336' title='bbox 1915 2929 2045 2969; x_wconf 90' lang='lat' dir='ltr'><strong>con-</strong></span> 
     </span>
    </p>
   </div>
   <div class='ocr_carea' id='block_1_46' title="bbox 456 3001 2044 3076">
    <p class='ocr_par' dir='ltr' id='par_1_46' title="bbox 456 3001 2044 3076">
     <span class='ocr_line' id='line_1_46' title="bbox 456 3001 2044 3076; baseline 0.003 -20"><span class='ocrx_word' id='word_1_337' title='bbox 456 3015 752 3071; x_wconf 85' lang='lat' dir='ltr'><strong>sequamur</strong></span> <span class='ocrx_word' id='word_1_338' title='bbox 789 3001 994 3056; x_wconf 78' lang='lat' dir='ltr'><strong>vitam?</strong></span> <span class='ocrx_word' id='word_1_339' title='bbox 1031 3002 1329 3072; x_wconf 76' lang='lat' dir='ltr'><strong>Respondit</strong></span> <span class='ocrx_word' id='word_1_340' title='bbox 1362 3020 1376 3056; x_wconf 88' lang='lat'><strong>:</strong></span> <span class='ocrx_word' id='word_1_341' title='bbox 1413 3003 1741 3074; x_wconf 74' lang='lat' dir='ltr'><strong>Pra&#39;ceptum</strong></span> <span class='ocrx_word' id='word_1_342' title='bbox 1767 3006 2044 3076; x_wconf 87' lang='lat' dir='ltr'><strong>quodcun-</strong></span> 
     </span>
    </p>
   </div>
   <div class='ocr_carea' id='block_1_47' title="bbox 452 3093 2041 3166">
    <p class='ocr_par' dir='ltr' id='par_1_47' title="bbox 452 3093 2041 3166">
     <span class='ocr_line' id='line_1_47' title="bbox 452 3093 2041 3166; baseline 0.004 -20"><span class='ocrx_word' id='word_1_343' title='bbox 452 3109 553 3162; x_wconf 91' lang='lat' dir='ltr'><strong>que</strong></span> <span class='ocrx_word' id='word_1_344' title='bbox 568 3108 718 3162; x_wconf 86' lang='lat' dir='ltr'><strong>opere</strong></span> <span class='ocrx_word' id='word_1_345' title='bbox 747 3093 1057 3162; x_wconf 89' lang='lat' dir='ltr'><strong>completum</strong></span> <span class='ocrx_word' id='word_1_346' title='bbox 1081 3110 1200 3148; x_wconf 86' lang='lat' dir='ltr'><strong>cum</strong></span> <span class='ocrx_word' id='word_1_347' title='bbox 1219 3096 1414 3164; x_wconf 90' lang='lat' dir='ltr'><strong>gaudio</strong></span> <span class='ocrx_word' id='word_1_348' title='bbox 1443 3098 1500 3150; x_wconf 89' lang='lat' dir='ltr'><strong>in</strong></span> <span class='ocrx_word' id='word_1_349' title='bbox 1521 3095 1745 3166; x_wconf 88' lang='lat' dir='ltr'><strong>gloriam</strong></span> <span class='ocrx_word' id='word_1_350' title='bbox 1775 3097 2041 3164; x_wconf 83' lang='lat' dir='ltr'><strong>Dei,illud</strong></span> 
     </span>
    </p>
   </div>
   <div class='ocr_carea' id='block_1_48' title="bbox 457 3183 2043 3258">
    <p class='ocr_par' dir='ltr' id='par_1_48' title="bbox 457 3183 2043 3258">
     <span class='ocr_line' id='line_1_48' title="bbox 457 3183 2043 3258; baseline 0.004 -22"><span class='ocrx_word' id='word_1_351' title='bbox 457 3191 539 3236; x_wconf 89' lang='lat' dir='ltr'><strong>est</strong></span> <span class='ocrx_word' id='word_1_352' title='bbox 575 3183 828 3250; x_wconf 84' lang='lat' dir='ltr'><strong>gaudium</strong></span> <span class='ocrx_word' id='word_1_353' title='bbox 863 3195 1079 3252; x_wconf 84' lang='lat' dir='ltr'><strong>propter</strong></span> <span class='ocrx_word' id='word_1_354' title='bbox 1102 3183 1410 3240; x_wconf 86' lang='lat' dir='ltr'><strong>Dominum.</strong></span> <span class='ocrx_word' id='word_1_355' title='bbox 1446 3183 1590 3240; x_wconf 89' lang='lat' dir='ltr'><strong>Nam</strong></span> <span class='ocrx_word' id='word_1_356' title='bbox 1634 3187 1748 3256; x_wconf 82' lang='lat' dir='ltr'><strong>ejus</strong></span> <span class='ocrx_word' id='word_1_357' title='bbox 1781 3196 2043 3258; x_wconf 71' lang='lat' dir='ltr'><strong>prmcepta</strong></span> 
     </span>
    </p>
   </div>
   <div class='ocr_carea' id='block_1_49' title="bbox 451 3274 2043 3347">
    <p class='ocr_par' dir='ltr' id='par_1_49' title="bbox 451 3274 2043 3347">
     <span class='ocr_line' id='line_1_49' title="bbox 451 3274 2043 3347; baseline 0.006 -21"><span class='ocrx_word' id='word_1_358' title='bbox 451 3283 786 3341; x_wconf 66' lang='lat' dir='ltr'><strong>exsequentes</strong></span> <span class='ocrx_word' id='word_1_359' title='bbox 812 3282 859 3326; x_wconf 90' lang='lat' dir='ltr'><strong>et</strong></span> <span class='ocrx_word' id='word_1_360' title='bbox 893 3274 1262 3343; x_wconf 85' lang='lat' dir='ltr'><strong>adimplentes,</strong></span> <span class='ocrx_word' id='word_1_361' title='bbox 1293 3276 1621 3346; x_wconf 78' lang='lat' dir='ltr'><strong>gaudeamus</strong></span> <span class='ocrx_word' id='word_1_362' title='bbox 1645 3288 1888 3347; x_wconf 87' lang='lat' dir='ltr'><strong>oportet;</strong></span> <span class='ocrx_word' id='word_1_363' title='bbox 1919 3297 2043 3335; x_wconf 87' lang='lat' dir='ltr'><strong>con-</strong></span> 
     </span>
    </p>
   </div>
   <div class='ocr_carea' id='block_1_50' title="bbox 452 3363 2042 3431">
    <p class='ocr_par' dir='ltr' id='par_1_50' title="bbox 452 3363 2042 3431">
     <span class='ocr_line' id='line_1_50' title="bbox 452 3363 2042 3431; baseline 0.009 -18"><span class='ocrx_word' id='word_1_364' title='bbox 452 3371 560 3426; x_wconf 90' lang='lat' dir='ltr'><strong>tra,</strong></span> <span class='ocrx_word' id='word_1_365' title='bbox 588 3363 713 3415; x_wconf 89' lang='lat' dir='ltr'><strong>dum</strong></span> <span class='ocrx_word' id='word_1_366' title='bbox 741 3377 803 3415; x_wconf 88' lang='lat' dir='ltr'><strong>ea</strong></span> <span class='ocrx_word' id='word_1_367' title='bbox 825 3379 928 3416; x_wconf 89' lang='lat' dir='ltr'><strong>non</strong></span> <span class='ocrx_word' id='word_1_368' title='bbox 961 3363 1285 3431; x_wconf 77' lang='lat' dir='ltr'><strong>perﬁcimus,</strong></span> <span class='ocrx_word' id='word_1_369' title='bbox 1319 3369 1740 3423; x_wconf 87' lang='lat' dir='ltr'><strong>contristandum</strong></span> <span class='ocrx_word' id='word_1_370' title='bbox 1769 3371 1917 3425; x_wconf 87' lang='lat' dir='ltr'><strong>nobis</strong></span> <span class='ocrx_word' id='word_1_371' title='bbox 1941 3381 2042 3427; x_wconf 87' lang='lat' dir='ltr'><strong>est.</strong></span> 
     </span>
    </p>
   </div>
   <div class='ocr_carea' id='block_1_51' title="bbox 457 3451 2044 3529">
    <p class='ocr_par' dir='ltr' id='par_1_51' title="bbox 457 3451 2044 3529">
     <span class='ocr_line' id='line_1_51' title="bbox 457 3451 2044 3529; baseline 0.007 -27"><span class='ocrx_word' id='word_1_372' title='bbox 457 3451 634 3515; x_wconf 83' lang='lat' dir='ltr'><strong>Quare</strong></span> <span class='ocrx_word' id='word_1_373' title='bbox 662 3451 848 3504; x_wconf 81' lang='lat' dir='ltr'><strong>ltetitia</strong></span> <span class='ocrx_word' id='word_1_374' title='bbox 878 3453 1116 3505; x_wconf 90' lang='lat' dir='ltr'><strong>cordium</strong></span> <span class='ocrx_word' id='word_1_375' title='bbox 1169 3463 1470 3508; x_wconf 85' lang='lat' dir='ltr'><strong>nostrorum</strong></span> <span class='ocrx_word' id='word_1_376' title='bbox 1517 3467 1781 3526; x_wconf 71' lang='lat' dir='ltr'><strong>prmeepta</strong></span> <span class='ocrx_word' id='word_1_377' title='bbox 1833 3459 2044 3529; x_wconf 71' lang='lat' dir='ltr'><strong>exsequi</strong></span> 
     </span>
    </p>
   </div>
   <div class='ocr_carea' id='block_1_52' title="bbox 450 3537 2043 3616">
    <p class='ocr_par' dir='ltr' id='par_1_52' title="bbox 450 3537 2043 3616">
     <span class='ocr_line' id='line_1_52' title="bbox 450 3537 2043 3616; baseline 0.006 -20"><span class='ocrx_word' id='word_1_378' title='bbox 450 3537 777 3613; x_wconf 78' lang='lat' dir='ltr'><strong>satagamus,</strong></span> <span class='ocrx_word' id='word_1_379' title='bbox 806 3556 862 3598; x_wconf 91' lang='lat' dir='ltr'><strong>ut</strong></span> <span class='ocrx_word' id='word_1_380' title='bbox 894 3555 1076 3599; x_wconf 87' lang='lat' dir='ltr'><strong>mutuo</strong></span> <span class='ocrx_word' id='word_1_381' title='bbox 1115 3547 1546 3616; x_wconf 89' lang='lat' dir='ltr'><strong>congratulemur</strong></span> <span class='ocrx_word' id='word_1_382' title='bbox 1582 3549 1638 3602; x_wconf 91' lang='lat' dir='ltr'><strong>in</strong></span> <span class='ocrx_word' id='word_1_383' title='bbox 1666 3549 1930 3614; x_wconf 84' lang='lat' dir='ltr'><strong>Domino;</strong></span> <span class='ocrx_word' id='word_1_384' title='bbox 1953 3551 2043 3605; x_wconf 88' lang='lat' dir='ltr'><strong>sed</strong></span> 
     </span>
    </p>
   </div>
   <div class='ocr_carea' id='block_1_53' title="bbox 450 3635 2044 3711">
    <p class='ocr_par' dir='ltr' id='par_1_53' title="bbox 450 3635 2044 3711">
     <span class='ocr_line' id='line_1_53' title="bbox 450 3635 2044 3711; baseline 0.005 -23"><span class='ocrx_word' id='word_1_385' title='bbox 450 3635 675 3688; x_wconf 86' lang='lat' dir='ltr'><strong>multum</strong></span> <span class='ocrx_word' id='word_1_386' title='bbox 711 3652 1010 3701; x_wconf 76' lang='lat' dir='ltr'><strong>caveamus,</strong></span> <span class='ocrx_word' id='word_1_387' title='bbox 1043 3653 1107 3691; x_wconf 90' lang='lat' dir='ltr'><strong>ne</strong></span> <span class='ocrx_word' id='word_1_388' title='bbox 1135 3641 1260 3690; x_wconf 88' lang='lat' dir='ltr'><strong>dum</strong></span> <span class='ocrx_word' id='word_1_389' title='bbox 1289 3639 1606 3707; x_wconf 88' lang='lat' dir='ltr'><strong>gaudemus,</strong></span> <span class='ocrx_word' id='word_1_390' title='bbox 1646 3641 1888 3710; x_wconf 85' lang='lat' dir='ltr'><strong>superbia</strong></span> <span class='ocrx_word' id='word_1_391' title='bbox 1915 3642 2044 3711; x_wconf 80' lang='lat' dir='ltr'><strong>effe-</strong></span> 
     </span>
    </p>
   </div>
   <div class='ocr_carea' id='block_1_54' title="bbox 453 3729 1487 3797">
    <p class='ocr_par' dir='ltr' id='par_1_54' title="bbox 453 3729 1487 3797">
     <span class='ocr_line' id='line_1_54' title="bbox 453 3729 1487 3797; baseline 0.008 -18"><span class='ocrx_word' id='word_1_392' title='bbox 453 3743 654 3793; x_wconf 89' lang='lat' dir='ltr'><strong>ramur,</strong></span> <span class='ocrx_word' id='word_1_393' title='bbox 678 3731 768 3782; x_wconf 88' lang='lat' dir='ltr'><strong>sed</strong></span> <span class='ocrx_word' id='word_1_394' title='bbox 795 3729 1126 3797; x_wconf 77' lang='lat' dir='ltr'><strong>conﬁdamus</strong></span> <span class='ocrx_word' id='word_1_395' title='bbox 1157 3731 1212 3784; x_wconf 89' lang='lat' dir='ltr'><strong>in</strong></span> <span class='ocrx_word' id='word_1_396' title='bbox 1241 3729 1487 3787; x_wconf 88' lang='lat' dir='ltr'><strong>Domino.</strong></span> 
     </span>
    </p>
   </div>
   <div class='ocr_carea' id='block_1_55' title="bbox 523 3815 2042 3893">
    <p class='ocr_par' dir='ltr' id='par_1_55' title="bbox 523 3815 2042 3893">
     <span class='ocr_line' id='line_1_55' title="bbox 523 3815 2042 3893; baseline 0.007 -24"><span class='ocrx_word' id='word_1_397' title='bbox 523 3815 929 3884; x_wconf 77' lang='lat' dir='ltr'><strong>Interrogatus,</strong></span> <span class='ocrx_word' id='word_1_398' title='bbox 991 3816 1160 3872; x_wconf 81' lang='lat' dir='ltr'><strong>Nobis</strong></span> <span class='ocrx_word' id='word_1_399' title='bbox 1199 3818 1561 3875; x_wconf 89' lang='lat' dir='ltr'><strong>ridendumne</strong></span> <span class='ocrx_word' id='word_1_400' title='bbox 1609 3831 1691 3876; x_wconf 87' lang='lat' dir='ltr'><strong>est</strong></span> <span class='ocrx_word' id='word_1_401' title='bbox 1757 3824 2042 3893; x_wconf 77' lang='lat' dir='ltr'><strong>unquam?</strong></span> 
     </span>
    </p>
   </div>
   <div class='ocr_carea' id='block_1_56' title="bbox 453 3906 2040 3976">
    <p class='ocr_par' dir='ltr' id='par_1_56' title="bbox 453 3906 2040 3976">
     <span class='ocr_line' id='line_1_56' title="bbox 453 3906 2040 3976; baseline 0.007 -16"><span class='ocrx_word' id='word_1_402' title='bbox 453 3906 796 3976; x_wconf 80' lang='lat' dir='ltr'><strong>Respondit:</strong></span> <span class='ocrx_word' id='word_1_403' title='bbox 846 3907 1107 3963; x_wconf 89' lang='lat' dir='ltr'><strong>Dominus</strong></span> <span class='ocrx_word' id='word_1_404' title='bbox 1153 3919 1330 3964; x_wconf 91' lang='lat' dir='ltr'><strong>noster</strong></span> <span class='ocrx_word' id='word_1_405' title='bbox 1363 3912 1583 3964; x_wconf 84' lang='lat' dir='ltr'><strong>damnat</strong></span> <span class='ocrx_word' id='word_1_406' title='bbox 1635 3915 1867 3969; x_wconf 87' lang='lat' dir='ltr'><strong>ridentes</strong></span> <span class='ocrx_word' id='word_1_407' title='bbox 1913 3917 2040 3971; x_wconf 87' lang='lat' dir='ltr'><strong>dum</strong></span> 
     </span>
    </p>
   </div>
   <div class='ocr_carea' id='block_1_57' title="bbox 450 3997 2039 4076">
    <p class='ocr_par' dir='ltr' id='par_1_57' title="bbox 450 3997 2039 4076">
     <span class='ocr_line' id='line_1_57' title="bbox 450 3997 2039 4076; baseline 0.006 -24"><span class='ocrx_word' id='word_1_408' title='bbox 450 4000 623 4053; x_wconf 90' lang='lat' dir='ltr'><strong>dicit:</strong></span> <span class='ocrx_word' id='word_1_409' title='bbox 656 4016 676 4050; x_wconf 73' lang='grc' dir='ltr'><strong><em>ο</em></strong></span> <span class='ocrx_word' id='word_1_410' title='bbox 715 3997 1028 4060; x_wconf 88' lang='lat' dir='ltr'><strong>Plorabitis,</strong></span> <span class='ocrx_word' id='word_1_411' title='bbox 1057 4011 1105 4053; x_wconf 90' lang='lat' dir='ltr'><strong>et</strong></span> <span class='ocrx_word' id='word_1_412' title='bbox 1138 4000 1367 4070; x_wconf 80' lang='lat' dir='ltr'><strong>ﬂebitis;</strong></span> <span class='ocrx_word' id='word_1_413' title='bbox 1417 4003 1646 4057; x_wconf 88' lang='lat' dir='ltr'><strong>mundus</strong></span> <span class='ocrx_word' id='word_1_414' title='bbox 1676 4021 1794 4058; x_wconf 83' lang='lat' dir='ltr'><strong>vero</strong></span> <span class='ocrx_word' id='word_1_415' title='bbox 1839 4006 2039 4076; x_wconf 84' lang='lat' dir='ltr'><strong>gaude-</strong></span> 
     </span>
    </p>
   </div>
   <div class='ocr_carea' id='block_1_58' title="bbox 451 4089 2038 4160">
    <p class='ocr_par' dir='ltr' id='par_1_58' title="bbox 451 4089 2038 4160">
     <span class='ocr_line' id='line_1_58' title="bbox 451 4089 2038 4160; baseline 0.003 -16"><span class='ocrx_word' id='word_1_416' title='bbox 451 4092 522 4144; x_wconf 87' lang='lat' dir='ltr'><strong>bit</strong></span> <span class='ocrx_word' id='word_1_417' title='bbox 547 4089 594 4122; x_wconf 73' lang='lat'>“</span> <span class='ocrx_word' id='word_1_418' title='bbox 617 4107 662 4144; x_wconf 76' lang='grc' dir='ltr'><strong>ει</strong></span> <span class='ocrx_word' id='word_1_419' title='bbox 695 4089 842 4159; x_wconf 79' lang='lat' dir='ltr'><strong>ﬁdeli</strong></span> <span class='ocrx_word' id='word_1_420' title='bbox 873 4106 995 4160; x_wconf 88' lang='lat' dir='ltr'><strong>ergo</strong></span> <span class='ocrx_word' id='word_1_421' title='bbox 1020 4091 1275 4145; x_wconf 89' lang='lat' dir='ltr'><strong>monacho</strong></span> <span class='ocrx_word' id='word_1_422' title='bbox 1309 4107 1411 4145; x_wconf 89' lang='lat' dir='ltr'><strong>non</strong></span> <span class='ocrx_word' id='word_1_423' title='bbox 1439 4103 1514 4146; x_wconf 89' lang='lat' dir='ltr'><strong>est</strong></span> <span class='ocrx_word' id='word_1_424' title='bbox 1546 4093 1846 4148; x_wconf 86' lang='lat' dir='ltr'><strong>ridendum.</strong></span> <span class='ocrx_word' id='word_1_425' title='bbox 1895 4095 2038 4149; x_wconf 77' lang='lat' dir='ltr'><strong>Nam</strong></span> 
     </span>
    </p>
   </div>
   <div class='ocr_carea' id='block_1_59' title="bbox 449 4181 2038 4251">
    <p class='ocr_par' dir='ltr' id='par_1_59' title="bbox 449 4181 2038 4251">
     <span class='ocr_line' id='line_1_59' title="bbox 449 4181 2038 4251; baseline 0.003 -17"><span class='ocrx_word' id='word_1_426' title='bbox 449 4183 715 4246; x_wconf 87' lang='lat' dir='ltr'><strong>ploremus</strong></span> <span class='ocrx_word' id='word_1_427' title='bbox 746 4187 951 4246; x_wconf 86' lang='lat' dir='ltr'><strong>oportet</strong></span> <span class='ocrx_word' id='word_1_428' title='bbox 981 4196 1139 4250; x_wconf 88' lang='lat' dir='ltr'><strong>super</strong></span> <span class='ocrx_word' id='word_1_429' title='bbox 1182 4196 1272 4234; x_wconf 90' lang='lat' dir='ltr'><strong>eos</strong></span> <span class='ocrx_word' id='word_1_430' title='bbox 1311 4181 1402 4251; x_wconf 90' lang='lat' dir='ltr'><strong>qui</strong></span> <span class='ocrx_word' id='word_1_431' title='bbox 1444 4181 1802 4250; x_wconf 85' lang='lat' dir='ltr'><strong>blaspheman&#39;t</strong></span> <span class='ocrx_word' id='word_1_432' title='bbox 1853 4195 2038 4238; x_wconf 80' lang='lat' dir='ltr'><strong>contra</strong></span> 
     </span>
    </p>
   </div>
   <div class='ocr_carea' id='block_1_60' title="bbox 453 4273 2040 4342">
    <p class='ocr_par' dir='ltr' id='par_1_60' title="bbox 453 4273 2040 4342">
     <span class='ocr_line' id='line_1_60' title="bbox 453 4273 2040 4342; baseline -0.001 -12"><span class='ocrx_word' id='word_1_433' title='bbox 453 4275 644 4337; x_wconf 87' lang='lat' dir='ltr'><strong>Deum,</strong></span> <span class='ocrx_word' id='word_1_434' title='bbox 679 4273 796 4336; x_wconf 82' lang='lat' dir='ltr'><strong>eius</strong></span> <span class='ocrx_word' id='word_1_435' title='bbox 825 4273 1274 4342; x_wconf 85' lang='lat' dir='ltr'><strong>transgredientes</strong></span> <span class='ocrx_word' id='word_1_436' title='bbox 1306 4273 1491 4342; x_wconf 87' lang='lat' dir='ltr'><strong>legem,</strong></span> <span class='ocrx_word' id='word_1_437' title='bbox 1524 4284 1571 4326; x_wconf 91' lang='lat' dir='ltr'><strong>et</strong></span> <span class='ocrx_word' id='word_1_438' title='bbox 1625 4288 1784 4340; x_wconf 85' lang='lat' dir='ltr'><strong>super</strong></span> <span class='ocrx_word' id='word_1_439' title='bbox 1819 4290 1907 4327; x_wconf 86' lang='lat' dir='ltr'><strong>eos</strong></span> <span class='ocrx_word' id='word_1_440' title='bbox 1949 4276 2040 4342; x_wconf 89' lang='lat' dir='ltr'><strong>qui</strong></span> 
     </span>
    </p>
   </div>
   <div class='ocr_carea' id='block_1_61' title="bbox 452 4364 2036 4435">
    <p class='ocr_par' dir='ltr' id='par_1_61' title="bbox 452 4364 2036 4435">
     <span class='ocr_line' id='line_1_61' title="bbox 452 4364 2036 4435; baseline 0.001 -17"><span class='ocrx_word' id='word_1_441' title='bbox 452 4367 506 4418; x_wconf 89' lang='lat' dir='ltr'><strong>in</strong></span> <span class='ocrx_word' id='word_1_442' title='bbox 535 4366 760 4433; x_wconf 87' lang='lat' dir='ltr'><strong>peccatis</strong></span> <span class='ocrx_word' id='word_1_443' title='bbox 797 4364 1080 4435; x_wconf 82' lang='lat' dir='ltr'><strong>patrantlis</strong></span> <span class='ocrx_word' id='word_1_444' title='bbox 1129 4373 1291 4417; x_wconf 91' lang='lat' dir='ltr'><strong>totam</strong></span> <span class='ocrx_word' id='word_1_445' title='bbox 1334 4380 1485 4417; x_wconf 91' lang='lat' dir='ltr'><strong>suam</strong></span> <span class='ocrx_word' id='word_1_446' title='bbox 1513 4365 1811 4432; x_wconf 86' lang='lat' dir='ltr'><strong>transigunt</strong></span> <span class='ocrx_word' id='word_1_447' title='bbox 1836 4367 2036 4432; x_wconf 88' lang='lat' dir='ltr'><strong>vitam;</strong></span> 
     </span>
    </p>
   </div>
   <div class='ocr_carea' id='block_1_62' title="bbox 2150 1916 3744 1991">
    <p class='ocr_par' dir='ltr' id='par_1_62' title="bbox 2150 1916 3744 1991">
     <span class='ocr_line' id='line_1_62' title="bbox 2150 1916 3744 1991; baseline 0.012 -25"><span class='ocrx_word' id='word_1_448' title='bbox 2150 1927 2268 1966; x_wconf 89' lang='lat' dir='ltr'><strong>vero</strong></span> <span class='ocrx_word' id='word_1_449' title='bbox 2301 1923 2412 1968; x_wconf 90' lang='lat' dir='ltr'><strong>tota</strong></span> <span class='ocrx_word' id='word_1_450' title='bbox 2452 1916 2814 1986; x_wconf 86' lang='lat' dir='ltr'><strong>religiositatis</strong></span> <span class='ocrx_word' id='word_1_451' title='bbox 2855 1920 2994 1974; x_wconf 86' lang='lat' dir='ltr'><strong>ratio</strong></span> <span class='ocrx_word' id='word_1_452' title='bbox 3027 1921 3081 1975; x_wconf 90' lang='lat' dir='ltr'><strong>in</strong></span> <span class='ocrx_word' id='word_1_453' title='bbox 3109 1923 3554 1991; x_wconf 75' lang='lat' dir='ltr'><strong>pra’decessorum</strong></span> <span class='ocrx_word' id='word_1_454' title='bbox 3614 1947 3744 1984; x_wconf 64' lang='grc' dir='ltr'><strong>ωηο</strong></span> 
     </span>
    </p>
   </div>
   <div class='ocr_carea' id='block_1_63' title="bbox 2147 2005 3745 2091">
    <p class='ocr_par' dir='ltr' id='par_1_63' title="bbox 2147 2005 3745 2091">
     <span class='ocr_line' id='line_1_63' title="bbox 2147 2005 3745 2091; baseline 0.013 -34"><span class='ocrx_word' id='word_1_455' title='bbox 2147 2005 2302 2058; x_wconf 86' lang='lat' dir='ltr'><strong>sistat</strong></span> <span class='ocrx_word' id='word_1_456' title='bbox 2330 2008 2664 2074; x_wconf 85' lang='lat' dir='ltr'><strong>auctoritate,</strong></span> <span class='ocrx_word' id='word_1_457' title='bbox 2699 2021 2747 2064; x_wconf 91' lang='lat' dir='ltr'><strong>et</strong></span> <span class='ocrx_word' id='word_1_458' title='bbox 2776 2027 2880 2066; x_wconf 90' lang='lat' dir='ltr'><strong>non</strong></span> <span class='ocrx_word' id='word_1_459' title='bbox 2905 2029 3052 2068; x_wconf 91' lang='lat' dir='ltr'><strong>secus</strong></span> <span class='ocrx_word' id='word_1_460' title='bbox 3078 2015 3143 2069; x_wconf 87' lang='lat' dir='ltr'><strong>de</strong></span> <span class='ocrx_word' id='word_1_461' title='bbox 3173 2017 3283 2071; x_wconf 91' lang='lat' dir='ltr'><strong>suis</strong></span> <span class='ocrx_word' id='word_1_462' title='bbox 3335 2017 3591 2076; x_wconf 82' lang='lat' dir='ltr'><strong>Patribus</strong></span> <span class='ocrx_word' id='word_1_463' title='bbox 3622 2023 3745 2091; x_wconf 75' lang='lat' dir='ltr'><strong>glo-</strong></span> 
     </span>
    </p>
   </div>
   <div class='ocr_carea' id='block_1_64' title="bbox 2150 2095 3746 2174">
    <p class='ocr_par' dir='ltr' id='par_1_64' title="bbox 2150 2095 3746 2174">
     <span class='ocr_line' id='line_1_64' title="bbox 2150 2095 3746 2174; baseline 0.015 -27"><span class='ocrx_word' id='word_1_464' title='bbox 2150 2095 2381 2163; x_wconf 86' lang='lat' dir='ltr'><strong>riantur,</strong></span> <span class='ocrx_word' id='word_1_465' title='bbox 2416 2115 2480 2152; x_wconf 90' lang='lat' dir='ltr'><strong>ac</strong></span> <span class='ocrx_word' id='word_1_466' title='bbox 2519 2098 2586 2153; x_wconf 88' lang='lat' dir='ltr'><strong>de</strong></span> <span class='ocrx_word' id='word_1_467' title='bbox 2631 2101 2937 2158; x_wconf 79' lang='lat' dir='ltr'><strong>Abrahamo</strong></span> <span class='ocrx_word' id='word_1_468' title='bbox 2969 2115 3185 2174; x_wconf 88' lang='lat' dir='ltr'><strong>parente</strong></span> <span class='ocrx_word' id='word_1_469' title='bbox 3216 2108 3417 2164; x_wconf 78' lang='lat' dir='ltr'><strong>Judtei.</strong></span> <span class='ocrx_word' id='word_1_470' title='bbox 3448 2111 3606 2166; x_wconf 87' lang='lat' dir='ltr'><strong>Inter</strong></span> <span class='ocrx_word' id='word_1_471' title='bbox 3648 2117 3746 2171; x_wconf 73' lang='lat' dir='ltr'><strong>bo:</strong></span> 
     </span>
    </p>
   </div>
   <div class='ocr_carea' id='block_1_65' title="bbox 2147 2188 3745 2270">
    <p class='ocr_par' dir='ltr' id='par_1_65' title="bbox 2147 2188 3745 2270">
     <span class='ocr_line' id='line_1_65' title="bbox 2147 2188 3745 2270; baseline 0.015 -31"><span class='ocrx_word' id='word_1_472' title='bbox 2147 2195 2323 2241; x_wconf 88' lang='lat' dir='ltr'><strong>tamen</strong></span> <span class='ocrx_word' id='word_1_473' title='bbox 2359 2188 2573 2258; x_wconf 88' lang='lat' dir='ltr'><strong>quidam</strong></span> <span class='ocrx_word' id='word_1_474' title='bbox 2597 2200 2748 2246; x_wconf 89' lang='lat' dir='ltr'><strong>erunt</strong></span> <span class='ocrx_word' id='word_1_475' title='bbox 2778 2209 2839 2247; x_wconf 90' lang='lat' dir='ltr'><strong>eo</strong></span> <span class='ocrx_word' id='word_1_476' title='bbox 2878 2204 3110 2262; x_wconf 88' lang='lat' dir='ltr'><strong>tempore</strong></span> <span class='ocrx_word' id='word_1_477' title='bbox 3133 2197 3284 2270; x_wconf 87' lang='lat' dir='ltr'><strong>longe</strong></span> <span class='ocrx_word' id='word_1_478' title='bbox 3313 2201 3461 2258; x_wconf 86' lang='lat' dir='ltr'><strong>nobis</strong></span> <span class='ocrx_word' id='word_1_479' title='bbox 3493 2203 3745 2263; x_wconf 74' lang='lat' dir='ltr'><strong>meliore:</strong></span> 
     </span>
    </p>
   </div>
   <div class='ocr_carea' id='block_1_66' title="bbox 2148 2280 3743 2364">
    <p class='ocr_par' dir='ltr' id='par_1_66' title="bbox 2148 2280 3743 2364">
     <span class='ocr_line' id='line_1_66' title="bbox 2148 2280 3743 2364; baseline 0.015 -34"><span class='ocrx_word' id='word_1_480' title='bbox 2148 2289 2302 2348; x_wconf 88' lang='lat' dir='ltr'><strong>atque</strong></span> <span class='ocrx_word' id='word_1_481' title='bbox 2334 2280 2710 2348; x_wconf 87' lang='lat' dir='ltr'><strong>perfectiores;</strong></span> <span class='ocrx_word' id='word_1_482' title='bbox 2734 2283 2861 2352; x_wconf 89' lang='lat' dir='ltr'><strong>quia</strong></span> <span class='ocrx_word' id='word_1_483' title='bbox 2892 2301 2912 2336; x_wconf 69' lang='grc' dir='ltr'><em>α</em></span> <span class='ocrx_word' id='word_1_484' title='bbox 2944 2284 3164 2342; x_wconf 88' lang='lat' dir='ltr'><strong>Beatior</strong></span> <span class='ocrx_word' id='word_1_485' title='bbox 3191 2289 3280 2345; x_wconf 91' lang='lat' dir='ltr'><strong>ille</strong></span> <span class='ocrx_word' id='word_1_486' title='bbox 3308 2302 3387 2346; x_wconf 90' lang='lat' dir='ltr'><strong>est</strong></span> <span class='ocrx_word' id='word_1_487' title='bbox 3425 2294 3518 2364; x_wconf 83' lang='lat' dir='ltr'><strong>qui</strong></span> <span class='ocrx_word' id='word_1_488' title='bbox 3561 2300 3743 2364; x_wconf 80' lang='lat' dir='ltr'><strong>potuit</strong></span> 
     </span>
    </p>
   </div>
   <div class='ocr_carea' id='block_1_67' title="bbox 2148 2371 3746 2454">
    <p class='ocr_par' dir='ltr' id='par_1_67' title="bbox 2148 2371 3746 2454">
     <span class='ocr_line' id='line_1_67' title="bbox 2148 2371 3746 2454; baseline 0.016 -34"><span class='ocrx_word' id='word_1_489' title='bbox 2148 2371 2472 2440; x_wconf 89' lang='lat' dir='ltr'><strong>transgredi,</strong></span> <span class='ocrx_word' id='word_1_490' title='bbox 2501 2381 2550 2425; x_wconf 85' lang='lat' dir='ltr'><strong>et</strong></span> <span class='ocrx_word' id='word_1_491' title='bbox 2585 2388 2686 2428; x_wconf 90' lang='lat' dir='ltr'><strong>non</strong></span> <span class='ocrx_word' id='word_1_492' title='bbox 2725 2384 2805 2429; x_wconf 86' lang='lat' dir='ltr'><strong>est</strong></span> <span class='ocrx_word' id='word_1_493' title='bbox 2837 2385 3233 2454; x_wconf 82' lang='lat' dir='ltr'><strong>transgressus;</strong></span> <span class='ocrx_word' id='word_1_494' title='bbox 3277 2382 3452 2453; x_wconf 85' lang='lat' dir='ltr'><strong>facere</strong></span> <span class='ocrx_word' id='word_1_495' title='bbox 3489 2390 3661 2454; x_wconf 79' lang='lat' dir='ltr'><strong>mala,</strong></span> <span class='ocrx_word' id='word_1_496' title='bbox 3690 2403 3746 2445; x_wconf 86' lang='lat' dir='ltr'><strong>et</strong></span> 
     </span>
    </p>
   </div>
   <div class='ocr_carea' id='block_1_68' title="bbox 2148 2451 3746 2535">
    <p class='ocr_par' dir='ltr' id='par_1_68' title="bbox 2148 2451 3746 2535">
     <span class='ocr_line' id='line_1_68' title="bbox 2148 2451 3746 2535; baseline 0.016 -26"><span class='ocrx_word' id='word_1_497' title='bbox 2148 2471 2254 2510; x_wconf 87' lang='lat' dir='ltr'><strong>non</strong></span> <span class='ocrx_word' id='word_1_498' title='bbox 2270 2458 2392 2526; x_wconf 88' lang='lat' dir='ltr'><strong>fecit</strong></span> <span class='ocrx_word' id='word_1_499' title='bbox 2423 2458 2470 2491; x_wconf 78' lang='lat'><strong>“</strong></span> <span class='ocrx_word' id='word_1_500' title='bbox 2491 2499 2508 2524; x_wconf 93' lang='lat'><strong>,</strong></span> <span class='ocrx_word' id='word_1_501' title='bbox 2549 2479 2569 2512; x_wconf 70' lang='grc' dir='ltr'><strong><em>ι</em></strong></span> <span class='ocrx_word' id='word_1_502' title='bbox 2602 2479 2760 2530; x_wconf 89' lang='lat' dir='ltr'><strong>quam</strong></span> <span class='ocrx_word' id='word_1_503' title='bbox 2789 2465 2878 2533; x_wconf 89' lang='lat' dir='ltr'><strong>qui</strong></span> <span class='ocrx_word' id='word_1_504' title='bbox 2898 2451 3188 2524; x_wconf 87' lang='lat' dir='ltr'><strong>multorum</strong></span> <span class='ocrx_word' id='word_1_505' title='bbox 3218 2451 3473 2529; x_wconf 84' lang='lat' dir='ltr'><strong>bonorum</strong></span> <span class='ocrx_word' id='word_1_506' title='bbox 3503 2451 3746 2535; x_wconf 80' lang='lat' dir='ltr'><strong>trahitur</strong></span> 
     </span>
    </p>
   </div>
   <div class='ocr_carea' id='block_1_69' title="bbox 2146 2549 3746 2642">
    <p class='ocr_par' dir='ltr' id='par_1_69' title="bbox 2146 2549 3746 2642">
     <span class='ocr_line' id='line_1_69' title="bbox 2146 2549 3746 2642; baseline 0.019 -45"><span class='ocrx_word' id='word_1_507' title='bbox 2146 2549 2387 2608; x_wconf 75' lang='lat' dir='ltr'><strong>exemplo</strong></span> <span class='ocrx_word' id='word_1_508' title='bbox 2415 2551 2488 2602; x_wconf 89' lang='lat' dir='ltr'><strong>ad</strong></span> <span class='ocrx_word' id='word_1_509' title='bbox 2523 2551 2736 2607; x_wconf 87' lang='lat' dir='ltr'><strong>bonum.</strong></span> <span class='ocrx_word' id='word_1_510' title='bbox 2772 2554 2912 2611; x_wconf 83' lang='lat' dir='ltr'><strong>Hinc</strong></span> <span class='ocrx_word' id='word_1_511' title='bbox 2951 2555 3095 2622; x_wconf 80' lang='lat' dir='ltr'><strong>Noe,</strong></span> <span class='ocrx_word' id='word_1_512' title='bbox 3131 2561 3360 2620; x_wconf 64' lang='lat' dir='ltr'><strong>Abrahae</strong></span> <span class='ocrx_word' id='word_1_513' title='bbox 3389 2577 3438 2620; x_wconf 93' lang='lat' dir='ltr'><strong>et</strong></span> <span class='ocrx_word' id='word_1_514' title='bbox 3464 2568 3602 2625; x_wconf 78' lang='lat' dir='ltr'><strong>Loth</strong></span> <span class='ocrx_word' id='word_1_515' title='bbox 3650 2575 3746 2642; x_wconf 84' lang='lat' dir='ltr'><strong>qui</strong></span> 
     </span>
    </p>
   </div>
   <div class='ocr_carea' id='block_1_70' title="bbox 2141 2636 3743 2722">
    <p class='ocr_par' dir='ltr' id='par_1_70' title="bbox 2141 2636 3743 2722">
     <span class='ocr_line' id='line_1_70' title="bbox 2141 2636 3743 2722; baseline 0.019 -32"><span class='ocrx_word' id='word_1_516' title='bbox 2141 2636 2286 2692; x_wconf 87' lang='lat' dir='ltr'><strong>inter</strong></span> <span class='ocrx_word' id='word_1_517' title='bbox 2322 2641 2578 2706; x_wconf 88' lang='lat' dir='ltr'><strong>pessimos</strong></span> <span class='ocrx_word' id='word_1_518' title='bbox 2624 2644 2955 2702; x_wconf 88' lang='lat' dir='ltr'><strong>innocentem</strong></span> <span class='ocrx_word' id='word_1_519' title='bbox 2987 2655 3345 2710; x_wconf 75' lang='lat' dir='ltr'><strong>traduxerunt</strong></span> <span class='ocrx_word' id='word_1_520' title='bbox 3390 2660 3553 2715; x_wconf 86' lang='lat' dir='ltr'><strong>vitam</strong></span> <span class='ocrx_word' id='word_1_521' title='bbox 3605 2636 3743 2722; x_wconf 60' lang='lat' dir='ltr'><strong>satis</strong></span> 
     </span>
    </p>
   </div>
   <div class='ocr_carea' id='block_1_71' title="bbox 2145 2731 3412 2814">
    <p class='ocr_par' dir='ltr' id='par_1_71' title="bbox 2145 2731 3412 2814">
     <span class='ocr_line' id='line_1_71' title="bbox 2145 2731 3412 2814; baseline 0.017 -32"><span class='ocrx_word' id='word_1_522' title='bbox 2145 2743 2420 2799; x_wconf 89' lang='lat' dir='ltr'><strong>superque,</strong></span> <span class='ocrx_word' id='word_1_523' title='bbox 2447 2731 2660 2801; x_wconf 88' lang='lat' dir='ltr'><strong>justitia</strong></span> <span class='ocrx_word' id='word_1_524' title='bbox 2685 2735 2980 2794; x_wconf 87' lang='lat' dir='ltr'><strong>celebratur</strong></span> <span class='ocrx_word' id='word_1_525' title='bbox 3017 2741 3074 2795; x_wconf 87' lang='lat' dir='ltr'><strong>in</strong></span> <span class='ocrx_word' id='word_1_526' title='bbox 3099 2742 3412 2814; x_wconf 87' lang='lat' dir='ltr'><strong>Scripturis.</strong></span> 
     </span>
    </p>
   </div>
   <div class='ocr_carea' id='block_1_72' title="bbox 2215 2821 3740 2904">
    <p class='ocr_par' dir='ltr' id='par_1_72' title="bbox 2215 2821 3740 2904">
     <span class='ocr_line' id='line_1_72' title="bbox 2215 2821 3740 2904; baseline 0.02 -30"><span class='ocrx_word' id='word_1_527' title='bbox 2215 2821 2912 2900; x_wconf 84' lang='lat' dir='ltr'><strong>Conveneruntaliquando</strong></span> <span class='ocrx_word' id='word_1_528' title='bbox 2938 2831 3131 2892; x_wconf 86' lang='lat' dir='ltr'><strong>Patres</strong></span> <span class='ocrx_word' id='word_1_529' title='bbox 3157 2839 3225 2894; x_wconf 88' lang='lat' dir='ltr'><strong>ad</strong></span> <span class='ocrx_word' id='word_1_530' title='bbox 3251 2838 3312 2896; x_wconf 90' lang='lat' dir='ltr'><strong>S.</strong></span> <span class='ocrx_word' id='word_1_531' title='bbox 3340 2841 3592 2902; x_wconf 77' lang='lat' dir='ltr'><strong>abbatem</strong></span> <span class='ocrx_word' id='word_1_532' title='bbox 3626 2867 3740 2904; x_wconf 69' lang='lat' dir='ltr'><strong>un-</strong></span> 
     </span>
    </p>
   </div>
   <div class='ocr_carea' id='block_1_73' title="bbox 2148 2913 3736 2996">
    <p class='ocr_par' dir='ltr' id='par_1_73' title="bbox 2148 2913 3736 2996">
     <span class='ocr_line' id='line_1_73' title="bbox 2148 2913 3736 2996; baseline 0.02 -31"><span class='ocrx_word' id='word_1_533' title='bbox 2148 2913 2380 2980; x_wconf 89' lang='lat' dir='ltr'><strong>tonium,</strong></span> <span class='ocrx_word' id='word_1_534' title='bbox 2413 2925 2470 2971; x_wconf 92' lang='lat' dir='ltr'><strong>ut</strong></span> <span class='ocrx_word' id='word_1_535' title='bbox 2505 2933 2755 2988; x_wconf 72' lang='lat' dir='ltr'><strong>quaenam</strong></span> <span class='ocrx_word' id='word_1_536' title='bbox 2782 2923 3042 2981; x_wconf 86' lang='lat' dir='ltr'><strong>virtutum</strong></span> <span class='ocrx_word' id='word_1_537' title='bbox 3061 2932 3306 2987; x_wconf 90' lang='lat' dir='ltr'><strong>omnium</strong></span> <span class='ocrx_word' id='word_1_538' title='bbox 3330 2935 3736 2996; x_wconf 78' lang='lat' dir='ltr'><strong>absolutissima</strong></span> 
     </span>
    </p>
   </div>
   <div class='ocr_carea' id='block_1_74' title="bbox 2145 3010 3739 3082">
    <p class='ocr_par' dir='ltr' id='par_1_74' title="bbox 2145 3010 3739 3082">
     <span class='ocr_line' id='line_1_74' title="bbox 2145 3010 3739 3082; baseline 0.017 -26"><span class='ocrx_word' id='word_1_539' title='bbox 2145 3011 2318 3068; x_wconf 84' lang='lat' dir='ltr'><strong>esset,</strong></span> <span class='ocrx_word' id='word_1_540' title='bbox 2349 3019 2580 3074; x_wconf 58' lang='lat' dir='ltr'><strong>quaequo</strong></span> <span class='ocrx_word' id='word_1_541' title='bbox 2614 3010 2941 3066; x_wconf 87' lang='lat' dir='ltr'><strong>monachum</strong></span> <span class='ocrx_word' id='word_1_542' title='bbox 2975 3013 3044 3069; x_wconf 91' lang='lat' dir='ltr'><strong>ab</strong></span> <span class='ocrx_word' id='word_1_543' title='bbox 3069 3017 3323 3074; x_wconf 88' lang='lat' dir='ltr'><strong>omnibus</strong></span> <span class='ocrx_word' id='word_1_544' title='bbox 3347 3021 3519 3079; x_wconf 88' lang='lat' dir='ltr'><strong>hostis</strong></span> <span class='ocrx_word' id='word_1_545' title='bbox 3550 3040 3739 3082; x_wconf 80' lang='lat' dir='ltr'><strong>serra-</strong></span> 
     </span>
    </p>
   </div>
   <div class='ocr_carea' id='block_1_75' title="bbox 2149 3094 3731 3192">
    <p class='ocr_par' dir='ltr' id='par_1_75' title="bbox 2149 3094 3731 3192">
     <span class='ocr_line' id='line_1_75' title="bbox 2149 3094 3731 3192; baseline 0.018 -45"><span class='ocrx_word' id='word_1_546' title='bbox 2149 3102 2232 3148; x_wconf 89' lang='lat' dir='ltr'><strong>rct</strong></span> <span class='ocrx_word' id='word_1_547' title='bbox 2262 3094 2490 3164; x_wconf 79' lang='lat' dir='ltr'><strong>laqueis,</strong></span> <span class='ocrx_word' id='word_1_548' title='bbox 2523 3099 2930 3170; x_wconf 86' lang='lat' dir='ltr'><strong>disquirerent;</strong></span> <span class='ocrx_word' id='word_1_549' title='bbox 2968 3114 3024 3161; x_wconf 89' lang='lat' dir='ltr'><strong>et</strong></span> <span class='ocrx_word' id='word_1_550' title='bbox 3053 3120 3241 3164; x_wconf 90' lang='lat' dir='ltr'><strong>eorum</strong></span> <span class='ocrx_word' id='word_1_551' title='bbox 3265 3119 3644 3192; x_wconf 83' lang='lat' dir='ltr'><strong>unusquisque</strong></span> <span class='ocrx_word' id='word_1_552' title='bbox 3667 3135 3731 3175; x_wconf 86' lang='lat' dir='ltr'><strong>ea</strong></span> 
     </span>
    </p>
   </div>
   <div class='ocr_carea' id='block_1_76' title="bbox 2146 3187 3738 3281">
    <p class='ocr_par' dir='ltr' id='par_1_76' title="bbox 2146 3187 3738 3281">
     <span class='ocr_line' id='line_1_76' title="bbox 2146 3187 3738 3281; baseline 0.017 -45"><span class='ocrx_word' id='word_1_553' title='bbox 2146 3200 2266 3255; x_wconf 74' lang='lat' dir='ltr'><strong>qua:</strong></span> <span class='ocrx_word' id='word_1_554' title='bbox 2295 3187 2396 3281; x_wconf 80' lang='lat' dir='ltr'><strong>sibi</strong></span> <span class='ocrx_word' id='word_1_555' title='bbox 2431 3200 2575 3245; x_wconf 87' lang='lat' dir='ltr'><strong>recta</strong></span> <span class='ocrx_word' id='word_1_556' title='bbox 2607 3193 2958 3262; x_wconf 87' lang='lat' dir='ltr'><strong>videbantur,</strong></span> <span class='ocrx_word' id='word_1_557' title='bbox 3013 3198 3169 3254; x_wconf 76' lang='lat' dir='ltr'><strong>dixit.</strong></span> <span class='ocrx_word' id='word_1_558' title='bbox 3210 3187 3574 3269; x_wconf 76' lang='lat' dir='ltr'><strong>Quamobrem</strong></span> <span class='ocrx_word' id='word_1_559' title='bbox 3616 3215 3738 3281; x_wconf 88' lang='lat' dir='ltr'><strong>qui-</strong></span> 
     </span>
    </p>
   </div>
   <div class='ocr_carea' id='block_1_77' title="bbox 2147 3277 3728 3367">
    <p class='ocr_par' dir='ltr' id='par_1_77' title="bbox 2147 3277 3728 3367">
     <span class='ocr_line' id='line_1_77' title="bbox 2147 3277 3728 3367; baseline 0.015 -35"><span class='ocrx_word' id='word_1_560' title='bbox 2147 3277 2271 3332; x_wconf 89' lang='lat' dir='ltr'><strong>dam</strong></span> <span class='ocrx_word' id='word_1_561' title='bbox 2313 3279 2580 3350; x_wconf 78' lang='lat' dir='ltr'><strong>jejunium</strong></span> <span class='ocrx_word' id='word_1_562' title='bbox 2610 3291 2666 3338; x_wconf 92' lang='lat' dir='ltr'><strong>et</strong></span> <span class='ocrx_word' id='word_1_563' title='bbox 2693 3284 2908 3356; x_wconf 77' lang='lat' dir='ltr'><strong>vigilias</strong></span> <span class='ocrx_word' id='word_1_564' title='bbox 2944 3289 2997 3344; x_wconf 91' lang='lat' dir='ltr'><strong>in</strong></span> <span class='ocrx_word' id='word_1_565' title='bbox 3037 3292 3285 3348; x_wconf 87' lang='lat' dir='ltr'><strong>oratione</strong></span> <span class='ocrx_word' id='word_1_566' title='bbox 3317 3277 3728 3367; x_wconf 37' lang='lat' dir='ltr'><strong>laudarunt,‘nt</strong></span> 
     </span>
    </p>
   </div>
   <div class='ocr_carea' id='block_1_78' title="bbox 2144 3371 3733 3449">
    <p class='ocr_par' dir='ltr' id='par_1_78' title="bbox 2144 3371 3733 3449">
     <span class='ocr_line' id='line_1_78' title="bbox 2144 3371 3733 3449; baseline 0.018 -28"><span class='ocrx_word' id='word_1_567' title='bbox 2144 3381 2266 3438; x_wconf 76' lang='lat' dir='ltr'><strong>qua:</strong></span> <span class='ocrx_word' id='word_1_568' title='bbox 2299 3371 2540 3443; x_wconf 74' lang='lat' dir='ltr'><strong>dirigunt</strong></span> <span class='ocrx_word' id='word_1_569' title='bbox 2565 3376 2944 3448; x_wconf 72' lang='lat' dir='ltr'><strong>cogitationes,</strong></span> <span class='ocrx_word' id='word_1_570' title='bbox 2980 3382 3233 3440; x_wconf 87' lang='lat' dir='ltr'><strong>subtilem</strong></span> <span class='ocrx_word' id='word_1_571' title='bbox 3252 3384 3491 3444; x_wconf 76' lang='lat' dir='ltr'><strong>efﬁciunt</strong></span> <span class='ocrx_word' id='word_1_572' title='bbox 3517 3389 3733 3449; x_wconf 76' lang='lat' dir='ltr'><strong>intole-</strong></span> 
     </span>
    </p>
   </div>
   <div class='ocr_carea' id='block_1_79' title="bbox 2142 3463 3730 3540">
    <p class='ocr_par' dir='ltr' id='par_1_79' title="bbox 2142 3463 3730 3540">
     <span class='ocr_line' id='line_1_79' title="bbox 2142 3463 3730 3540; baseline 0.018 -28"><span class='ocrx_word' id='word_1_573' title='bbox 2142 3467 2313 3528; x_wconf 90' lang='lat' dir='ltr'><strong>ctum,</strong></span> <span class='ocrx_word' id='word_1_574' title='bbox 2343 3470 2399 3517; x_wconf 90' lang='lat' dir='ltr'><strong>et</strong></span> <span class='ocrx_word' id='word_1_575' title='bbox 2420 3463 2636 3520; x_wconf 81' lang='lat' dir='ltr'><strong>facilem</strong></span> <span class='ocrx_word' id='word_1_576' title='bbox 2665 3467 2902 3526; x_wconf 87' lang='lat' dir='ltr'><strong>reddunt</strong></span> <span class='ocrx_word' id='word_1_577' title='bbox 2923 3471 3130 3529; x_wconf 90' lang='lat' dir='ltr'><strong>homini</strong></span> <span class='ocrx_word' id='word_1_578' title='bbox 3148 3477 3216 3531; x_wconf 89' lang='lat' dir='ltr'><strong>ad</strong></span> <span class='ocrx_word' id='word_1_579' title='bbox 3234 3475 3401 3533; x_wconf 90' lang='lat' dir='ltr'><strong>Deum</strong></span> <span class='ocrx_word' id='word_1_580' title='bbox 3426 3495 3730 3540; x_wconf 88' lang='lat' dir='ltr'><strong>accessum.</strong></span> 
     </span>
    </p>
   </div>
   <div class='ocr_carea' id='block_1_80' title="bbox 2141 3548 3736 3630">
    <p class='ocr_par' dir='ltr' id='par_1_80' title="bbox 2141 3548 3736 3630">
     <span class='ocr_line' id='line_1_80' title="bbox 2141 3548 3736 3630; baseline 0.018 -28"><span class='ocrx_word' id='word_1_581' title='bbox 2141 3548 2253 3605; x_wconf 86' lang='lat' dir='ltr'><strong>Alii</strong></span> <span class='ocrx_word' id='word_1_582' title='bbox 2303 3561 2682 3622; x_wconf 82' lang='lat' dir='ltr'><strong>paupertatem</strong></span> <span class='ocrx_word' id='word_1_583' title='bbox 2714 3561 3170 3619; x_wconf 86' lang='lat' dir='ltr'><strong>commendarunt</strong></span> <span class='ocrx_word' id='word_1_584' title='bbox 3199 3575 3254 3622; x_wconf 87' lang='lat' dir='ltr'><strong>et</strong></span> <span class='ocrx_word' id='word_1_585' title='bbox 3283 3583 3462 3624; x_wconf 87' lang='lat' dir='ltr'><strong>rerum</strong></span> <span class='ocrx_word' id='word_1_586' title='bbox 3491 3581 3736 3630; x_wconf 79' lang='lat' dir='ltr'><strong>terrena-</strong></span> 
     </span>
    </p>
   </div>
   <div class='ocr_carea' id='block_1_81' title="bbox 2146 3653 3732 3733">
    <p class='ocr_par' dir='ltr' id='par_1_81' title="bbox 2146 3653 3732 3733">
     <span class='ocr_line' id='line_1_81' title="bbox 2146 3653 3732 3733; baseline 0.018 -38"><span class='ocrx_word' id='word_1_587' title='bbox 2146 3655 2268 3696; x_wconf 91' lang='lat' dir='ltr'><strong>rum</strong></span> <span class='ocrx_word' id='word_1_588' title='bbox 2299 3653 2702 3717; x_wconf 87' lang='lat' dir='ltr'><strong>contemptum,</strong></span> <span class='ocrx_word' id='word_1_589' title='bbox 2748 3663 2814 3705; x_wconf 79' lang='lat' dir='ltr'><strong>ex</strong></span> <span class='ocrx_word' id='word_1_590' title='bbox 2873 3666 2981 3722; x_wconf 91' lang='lat' dir='ltr'><strong>quo</strong></span> <span class='ocrx_word' id='word_1_591' title='bbox 3010 3658 3375 3728; x_wconf 88' lang='lat' dir='ltr'><strong>tranquillior,</strong></span> <span class='ocrx_word' id='word_1_592' title='bbox 3427 3667 3622 3733; x_wconf 89' lang='lat' dir='ltr'><strong>purior</strong></span> <span class='ocrx_word' id='word_1_593' title='bbox 3668 3683 3732 3725; x_wconf 85' lang='lat' dir='ltr'><strong>ac</strong></span> 
     </span>
    </p>
   </div>
   <div class='ocr_carea' id='block_1_82' title="bbox 2143 3730 3730 3826">
    <p class='ocr_par' dir='ltr' id='par_1_82' title="bbox 2143 3730 3730 3826">
     <span class='ocr_line' id='line_1_82' title="bbox 2143 3730 3730 3826; baseline 0.018 -40"><span class='ocrx_word' id='word_1_594' title='bbox 2143 3730 2369 3789; x_wconf 89' lang='lat' dir='ltr'><strong>liberior</strong></span> <span class='ocrx_word' id='word_1_595' title='bbox 2423 3751 2454 3790; x_wconf 88' lang='lat' dir='ltr'><strong>a</strong></span> <span class='ocrx_word' id='word_1_596' title='bbox 2517 3741 2808 3797; x_wconf 79' lang='lat' dir='ltr'><strong>mundanis</strong></span> <span class='ocrx_word' id='word_1_597' title='bbox 2875 3745 3024 3801; x_wconf 89' lang='lat' dir='ltr'><strong>curis</strong></span> <span class='ocrx_word' id='word_1_598' title='bbox 3100 3730 3730 3826; x_wconf 33' lang='lat' dir='ltr'><strong>intellectus‘ellicimr,</strong></span> 
     </span>
    </p>
   </div>
   <div class='ocr_carea' id='block_1_83' title="bbox 2144 3825 3731 3908">
    <p class='ocr_par' dir='ltr' id='par_1_83' title="bbox 2144 3825 3731 3908">
     <span class='ocr_line' id='line_1_83' title="bbox 2144 3825 3731 3908; baseline 0.019 -30"><span class='ocrx_word' id='word_1_599' title='bbox 2144 3825 2390 3897; x_wconf 88' lang='lat' dir='ltr'><strong>adeoque</strong></span> <span class='ocrx_word' id='word_1_600' title='bbox 2432 3828 2648 3886; x_wconf 82' lang='lat' dir='ltr'><strong>facilior</strong></span> <span class='ocrx_word' id='word_1_601' title='bbox 2701 3834 2951 3891; x_wconf 91' lang='lat' dir='ltr'><strong>redditur</strong></span> <span class='ocrx_word' id='word_1_602' title='bbox 2999 3838 3075 3894; x_wconf 90' lang='lat' dir='ltr'><strong>illi</strong></span> <span class='ocrx_word' id='word_1_603' title='bbox 3115 3842 3183 3896; x_wconf 86' lang='lat' dir='ltr'><strong>ad</strong></span> <span class='ocrx_word' id='word_1_604' title='bbox 3227 3841 3400 3900; x_wconf 90' lang='lat' dir='ltr'><strong>Deum</strong></span> <span class='ocrx_word' id='word_1_605' title='bbox 3443 3861 3731 3908; x_wconf 86' lang='lat' dir='ltr'><strong>accessus.</strong></span> 
     </span>
    </p>
   </div>
   <div class='ocr_carea' id='block_1_84' title="bbox 2144 3915 3730 3999">
    <p class='ocr_par' dir='ltr' id='par_1_84' title="bbox 2144 3915 3730 3999">
     <span class='ocr_line' id='line_1_84' title="bbox 2144 3915 3730 3999; baseline 0.018 -29"><span class='ocrx_word' id='word_1_606' title='bbox 2144 3915 2398 3975; x_wconf 81' lang='lat' dir='ltr'><strong>Nonnulli</strong></span> <span class='ocrx_word' id='word_1_607' title='bbox 2452 3921 2712 3980; x_wconf 79' lang='lat' dir='ltr'><strong>virtutem</strong></span> <span class='ocrx_word' id='word_1_608' title='bbox 2764 3926 3155 3986; x_wconf 72' lang='lat' dir='ltr'><strong>misericordiae</strong></span> <span class='ocrx_word' id='word_1_609' title='bbox 3187 3933 3450 3991; x_wconf 84' lang='lat' dir='ltr'><strong>virtutum</strong></span> <span class='ocrx_word' id='word_1_610' title='bbox 3487 3943 3730 3999; x_wconf 87' lang='lat' dir='ltr'><strong>omnium</strong></span> 
     </span>
    </p>
   </div>
   <div class='ocr_carea' id='block_1_85' title="bbox 2141 4013 3731 4094">
    <p class='ocr_par' dir='ltr' id='par_1_85' title="bbox 2141 4013 3731 4094">
     <span class='ocr_line' id='line_1_85' title="bbox 2141 4013 3731 4094; baseline 0.018 -32"><span class='ocrx_word' id='word_1_611' title='bbox 2141 4013 2648 4078; x_wconf 69' lang='lat' dir='ltr'><strong>prazstantissimam</strong></span> <span class='ocrx_word' id='word_1_612' title='bbox 2683 4032 2806 4074; x_wconf 89' lang='lat' dir='ltr'><strong>esse</strong></span> <span class='ocrx_word' id='word_1_613' title='bbox 2837 4020 3115 4087; x_wconf 84' lang='lat' dir='ltr'><strong>volebant,</strong></span> <span class='ocrx_word' id='word_1_614' title='bbox 3147 4025 3272 4094; x_wconf 88' lang='lat' dir='ltr'><strong>quia</strong></span> <span class='ocrx_word' id='word_1_615' title='bbox 3299 4027 3560 4087; x_wconf 88' lang='lat' dir='ltr'><strong>Dominus</strong></span> <span class='ocrx_word' id='word_1_616' title='bbox 3584 4034 3731 4092; x_wconf 84' lang='lat' dir='ltr'><strong>dicet</strong></span> 
     </span>
    </p>
   </div>
   <div class='ocr_carea' id='block_1_86' title="bbox 2143 4101 3732 4188">
    <p class='ocr_par' dir='ltr' id='par_1_86' title="bbox 2143 4101 3732 4188">
     <span class='ocr_line' id='line_1_86' title="bbox 2143 4101 3732 4188; baseline 0.018 -36"><span class='ocrx_word' id='word_1_617' title='bbox 2143 4101 2614 4171; x_wconf 84' lang='lat' dir='ltr'><strong>misericordibus,</strong></span> <span class='ocrx_word' id='word_1_618' title='bbox 2650 4109 2724 4162; x_wconf 89' lang='lat' dir='ltr'><strong>uti</strong></span> <span class='ocrx_word' id='word_1_619' title='bbox 2753 4109 3026 4178; x_wconf 85' lang='lat' dir='ltr'><strong>pollicitus</strong></span> <span class='ocrx_word' id='word_1_620' title='bbox 3059 4123 3187 4170; x_wconf 86' lang='lat' dir='ltr'><strong>est:</strong></span> <span class='ocrx_word' id='word_1_621' title='bbox 3231 4115 3438 4188; x_wconf 83' lang='lat' dir='ltr'><strong>Venite,</strong></span> <span class='ocrx_word' id='word_1_622' title='bbox 3470 4123 3732 4182; x_wconf 83' lang='lat' dir='ltr'><strong>benedicti</strong></span> 
     </span>
    </p>
   </div>
   <div class='ocr_carea' id='block_1_87' title="bbox 2141 4191 3731 4275">
    <p class='ocr_par' dir='ltr' id='par_1_87' title="bbox 2141 4191 3731 4275">
     <span class='ocr_line' id='line_1_87' title="bbox 2141 4191 3731 4275; baseline 0.018 -31"><span class='ocrx_word' id='word_1_623' title='bbox 2141 4191 2329 4248; x_wconf 87' lang='lat' dir='ltr'><strong>Patris</strong></span> <span class='ocrx_word' id='word_1_624' title='bbox 2375 4197 2514 4261; x_wconf 90' lang='lat' dir='ltr'><strong>mei,</strong></span> <span class='ocrx_word' id='word_1_625' title='bbox 2560 4200 2822 4267; x_wconf 88' lang='lat' dir='ltr'><strong>possidete</strong></span> <span class='ocrx_word' id='word_1_626' title='bbox 2869 4217 3085 4272; x_wconf 89' lang='lat' dir='ltr'><strong>regnum</strong></span> <span class='ocrx_word' id='word_1_627' title='bbox 3131 4219 3379 4275; x_wconf 87' lang='lat' dir='ltr'><strong>paratum</strong></span> <span class='ocrx_word' id='word_1_628' title='bbox 3417 4215 3560 4269; x_wconf 87' lang='lat' dir='ltr'><strong>vobis</strong></span> <span class='ocrx_word' id='word_1_629' title='bbox 3607 4228 3731 4272; x_wconf 87' lang='lat' dir='ltr'><strong>ante</strong></span> 
     </span>
    </p>
   </div>
   <div class='ocr_carea' id='block_1_88' title="bbox 2141 4286 3732 4371">
    <p class='ocr_par' dir='ltr' id='par_1_88' title="bbox 2141 4286 3732 4371">
     <span class='ocr_line' id='line_1_88' title="bbox 2141 4286 3732 4371; baseline 0.016 -32"><span class='ocrx_word' id='word_1_630' title='bbox 2141 4286 2568 4343; x_wconf 87' lang='lat' dir='ltr'><strong>constitutionem</strong></span> <span class='ocrx_word' id='word_1_631' title='bbox 2615 4293 2798 4345; x_wconf 66' lang='lat' dir='ltr'><strong>seculi</strong></span> <span class='ocrx_word' id='word_1_632' title='bbox 2821 4293 3011 4348; x_wconf 76' lang='lat' dir='ltr'><strong>“.Alii</strong></span> <span class='ocrx_word' id='word_1_633' title='bbox 3052 4297 3157 4350; x_wconf 89' lang='lat' dir='ltr'><strong>alia</strong></span> <span class='ocrx_word' id='word_1_634' title='bbox 3188 4300 3470 4371; x_wconf 76' lang='lat' dir='ltr'><strong>dixerunt;</strong></span> <span class='ocrx_word' id='word_1_635' title='bbox 3508 4316 3620 4362; x_wconf 86' lang='lat' dir='ltr'><strong>tum</strong></span> <span class='ocrx_word' id='word_1_636' title='bbox 3653 4311 3732 4366; x_wconf 89' lang='lat' dir='ltr'><strong>ait</strong></span> 
     </span>
    </p>
   </div>
   <div class='ocr_carea' id='block_1_89' title="bbox 2142 4375 3729 4458">
    <p class='ocr_par' dir='ltr' id='par_1_89' title="bbox 2142 4375 3729 4458">
     <span class='ocr_line' id='line_1_89' title="bbox 2142 4375 3729 4458; baseline 0.016 -28"><span class='ocrx_word' id='word_1_637' title='bbox 2142 4375 2201 4430; x_wconf 89' lang='lat' dir='ltr'><strong>S.</strong></span> <span class='ocrx_word' id='word_1_638' title='bbox 2239 4375 2409 4432; x_wconf 84' lang='lat' dir='ltr'><strong>abbas</strong></span> <span class='ocrx_word' id='word_1_639' title='bbox 2441 4377 2711 4436; x_wconf 82' lang='lat' dir='ltr'><strong>Antonius</strong></span> <span class='ocrx_word' id='word_1_640' title='bbox 2745 4399 2760 4435; x_wconf 90' lang='lat'><strong>:</strong></span> <span class='ocrx_word' id='word_1_641' title='bbox 2791 4383 2984 4440; x_wconf 86' lang='lat' dir='ltr'><strong>Omnes</strong></span> <span class='ocrx_word' id='word_1_642' title='bbox 3011 4403 3147 4458; x_wconf 89' lang='lat' dir='ltr'><strong>quas</strong></span> <span class='ocrx_word' id='word_1_643' title='bbox 3211 4398 3542 4452; x_wconf 80' lang='lat' dir='ltr'><strong>memorastis</strong></span> <span class='ocrx_word' id='word_1_644' title='bbox 3616 4401 3729 4454; x_wconf 71' lang='lat' dir='ltr'><strong>eir-</strong></span> 
     </span>
    </p>
   </div>
   <div class='ocr_carea' id='block_1_90' title="bbox 452 4453 3730 4562">
    <p class='ocr_par' dir='ltr' id='par_1_90' title="bbox 452 4453 3730 4562">
     <span class='ocr_line' id='line_1_90' title="bbox 452 4453 3730 4562; baseline 0.011 -51"><span class='ocrx_word' id='word_1_645' title='bbox 452 4459 697 4526; x_wconf 70' lang='lat' dir='ltr'><strong>ﬂeamm,</strong></span> <span class='ocrx_word' id='word_1_646' title='bbox 731 4466 777 4509; x_wconf 82' lang='lat' dir='ltr'><strong>el</strong></span> <span class='ocrx_word' id='word_1_647' title='bbox 804 4456 1092 4524; x_wconf 72' lang='lat' dir='ltr'><strong>plateam.</strong></span> <span class='ocrx_word' id='word_1_648' title='bbox 1127 4453 1396 4524; x_wconf 77' lang='lat' dir='ltr'><strong>Deumque</strong></span> <span class='ocrx_word' id='word_1_649' title='bbox 1435 4455 2030 4562; x_wconf 37' lang='lat' dir='ltr'><strong>iugiter‘dehlrfcwmr.</strong></span> <span class='ocrx_word' id='word_1_650' title='bbox 2063 4505 2110 4560; x_wconf 57' lang='grc' dir='ltr'><strong>Β</strong></span> <span class='ocrx_word' id='word_1_651' title='bbox 2141 4477 2276 4522; x_wconf 89' lang='lat' dir='ltr'><strong>tutes</strong></span> <span class='ocrx_word' id='word_1_652' title='bbox 2300 4471 2600 4527; x_wconf 74' lang='lat' dir='ltr'><strong>utilissima:</strong></span> <span class='ocrx_word' id='word_1_653' title='bbox 2623 4484 2768 4540; x_wconf 89' lang='lat' dir='ltr'><strong>sunt,</strong></span> <span class='ocrx_word' id='word_1_654' title='bbox 2790 4476 2996 4548; x_wconf 90' lang='lat' dir='ltr'><strong>illisque</strong></span> <span class='ocrx_word' id='word_1_655' title='bbox 3015 4453 3372 4550; x_wconf 69' lang='lat' dir='ltr'><strong>querentibus</strong></span> <span class='ocrx_word' id='word_1_656' title='bbox 3402 4485 3573 4543; x_wconf 81' lang='lat' dir='ltr'><strong>Deum</strong></span> <span class='ocrx_word' id='word_1_657' title='bbox 3597 4509 3730 4562; x_wconf 72' lang='lat' dir='ltr'><strong>opus</strong></span> 
     </span>
    </p>
   </div>
   <div class='ocr_carea' id='block_1_91' title="bbox 451 4544 2031 4616">
    <p class='ocr_par' dir='ltr' id='par_1_91' title="bbox 451 4544 2031 4616">
     <span class='ocr_line' id='line_1_91' title="bbox 451 4544 2031 4616; baseline 0.003 -16"><span class='ocrx_word' id='word_1_658' title='bbox 451 4563 515 4600; x_wconf 90' lang='lat' dir='ltr'><strong>ue</strong></span> <span class='ocrx_word' id='word_1_659' title='bbox 543 4548 594 4600; x_wconf 88' lang='lat' dir='ltr'><strong>in</strong></span> <span class='ocrx_word' id='word_1_660' title='bbox 615 4547 844 4614; x_wconf 85' lang='lat' dir='ltr'><strong>peccatis</strong></span> <span class='ocrx_word' id='word_1_661' title='bbox 870 4554 1212 4614; x_wconf 84' lang='lat' dir='ltr'><strong>perseverent,</strong></span> <span class='ocrx_word' id='word_1_662' title='bbox 1238 4555 1288 4599; x_wconf 92' lang='lat' dir='ltr'><strong>et</strong></span> <span class='ocrx_word' id='word_1_663' title='bbox 1313 4544 1714 4616; x_wconf 86' lang='lat' dir='ltr'><strong>comprehendat</strong></span> <span class='ocrx_word' id='word_1_664' title='bbox 1745 4548 1865 4604; x_wconf 91' lang='lat' dir='ltr'><strong>illos</strong></span> <span class='ocrx_word' id='word_1_665' title='bbox 1893 4567 2031 4604; x_wconf 85' lang='lat' dir='ltr'><strong>mors</strong></span> 
     </span>
    </p>
   </div>
   <div class='ocr_carea' id='block_1_92' title="bbox 447 4635 977 4706">
    <p class='ocr_par' dir='ltr' id='par_1_92' title="bbox 447 4635 977 4706">
     <span class='ocr_line' id='line_1_92' title="bbox 447 4635 977 4706; baseline -0.006 -15"><span class='ocrx_word' id='word_1_666' title='bbox 447 4646 573 4692; x_wconf 83' lang='lat' dir='ltr'><strong>ante</strong></span> <span class='ocrx_word' id='word_1_667' title='bbox 598 4635 977 4706; x_wconf 74' lang='lat' dir='ltr'><strong>ptenitentiam.</strong></span> 
     </span>
    </p>
   </div>
   <div class='ocr_carea' id='block_1_93' title="bbox 521 4725 2031 4803">
    <p class='ocr_par' dir='ltr' id='par_1_93' title="bbox 521 4725 2031 4803">
     <span class='ocr_line' id='line_1_93' title="bbox 521 4725 2031 4803; baseline 0.005 -21"><span class='ocrx_word' id='word_1_668' title='bbox 521 4727 1006 4799; x_wconf 75' lang='lat' dir='ltr'><strong>lnterrogaverunt</strong></span> <span class='ocrx_word' id='word_1_669' title='bbox 1056 4725 1352 4796; x_wconf 89' lang='lat' dir='ltr'><strong>aliquando</strong></span> <span class='ocrx_word' id='word_1_670' title='bbox 1413 4728 1660 4802; x_wconf 86' lang='lat' dir='ltr'><strong>discipuli</strong></span> <span class='ocrx_word' id='word_1_671' title='bbox 1710 4733 1931 4803; x_wconf 91' lang='lat' dir='ltr'><strong>quidam</strong></span> <span class='ocrx_word' id='word_1_672' title='bbox 1963 4733 2031 4789; x_wconf 89' lang='lat' dir='ltr'><strong>D.</strong></span> 
     </span>
    </p>
   </div>
   <div class='ocr_carea' id='block_1_94' title="bbox 447 4819 2032 4884">
    <p class='ocr_par' dir='ltr' id='par_1_94' title="bbox 447 4819 2032 4884">
     <span class='ocr_line' id='line_1_94' title="bbox 447 4819 2032 4884; baseline 0.002 -9"><span class='ocrx_word' id='word_1_673' title='bbox 447 4820 745 4876; x_wconf 73' lang='lat' dir='ltr'><strong>Antonium</strong></span> <span class='ocrx_word' id='word_1_674' title='bbox 771 4819 1049 4884; x_wconf 86' lang='lat' dir='ltr'><strong>abbatem,</strong></span> <span class='ocrx_word' id='word_1_675' title='bbox 1088 4833 1211 4874; x_wconf 88' lang='lat' dir='ltr'><strong>cum</strong></span> <span class='ocrx_word' id='word_1_676' title='bbox 1251 4819 1495 4876; x_wconf 74' lang='lat' dir='ltr'><strong>viderent</strong></span> <span class='ocrx_word' id='word_1_677' title='bbox 1520 4823 1572 4877; x_wconf 92' lang='lat' dir='ltr'><strong>in</strong></span> <span class='ocrx_word' id='word_1_678' title='bbox 1603 4823 1833 4880; x_wconf 86' lang='lat' dir='ltr'><strong>desertis</strong></span> <span class='ocrx_word' id='word_1_679' title='bbox 1876 4825 2032 4880; x_wconf 86' lang='lat' dir='ltr'><strong>innu-</strong></span> 
     </span>
    </p>
   </div>
   <div class='ocr_carea' id='block_1_95' title="bbox 446 4910 2032 4984">
    <p class='ocr_par' dir='ltr' id='par_1_95' title="bbox 446 4910 2032 4984">
     <span class='ocr_line' id='line_1_95' title="bbox 446 4910 2032 4984; baseline 0.003 -16"><span class='ocrx_word' id='word_1_680' title='bbox 446 4911 766 4968; x_wconf 89' lang='lat' dir='ltr'><strong>merabilem</strong></span> <span class='ocrx_word' id='word_1_681' title='bbox 801 4910 946 4966; x_wconf 89' lang='lat' dir='ltr'><strong>illam</strong></span> <span class='ocrx_word' id='word_1_682' title='bbox 983 4911 1387 4970; x_wconf 89' lang='lat' dir='ltr'><strong>multitudinem</strong></span> <span class='ocrx_word' id='word_1_683' title='bbox 1421 4916 1813 4972; x_wconf 88' lang='lat' dir='ltr'><strong>monachorum</strong></span> <span class='ocrx_word' id='word_1_684' title='bbox 1840 4960 1855 4984; x_wconf 97' lang='lat'><strong>,</strong></span> <span class='ocrx_word' id='word_1_685' title='bbox 1919 4917 2032 4972; x_wconf 82' lang='lat' dir='ltr'><strong>vir-</strong></span> 
     </span>
    </p>
   </div>
   <div class='ocr_carea' id='block_1_96' title="bbox 2139 4562 3724 4648">
    <p class='ocr_par' dir='ltr' id='par_1_96' title="bbox 2139 4562 3724 4648">
     <span class='ocr_line' id='line_1_96' title="bbox 2139 4562 3724 4648; baseline 0.018 -36"><span class='ocrx_word' id='word_1_686' title='bbox 2139 4568 2238 4627; x_wconf 87' lang='lat' dir='ltr'><strong>est,</strong></span> <span class='ocrx_word' id='word_1_687' title='bbox 2265 4571 2312 4616; x_wconf 89' lang='lat' dir='ltr'><strong>et</strong></span> <span class='ocrx_word' id='word_1_688' title='bbox 2346 4562 2437 4632; x_wconf 85' lang='lat' dir='ltr'><strong>qui</strong></span> <span class='ocrx_word' id='word_1_689' title='bbox 2466 4565 2750 4621; x_wconf 86' lang='lat' dir='ltr'><strong>vehementi</strong></span> <span class='ocrx_word' id='word_1_690' title='bbox 2779 4569 2849 4622; x_wconf 88' lang='lat' dir='ltr'><strong>ad</strong></span> <span class='ocrx_word' id='word_1_691' title='bbox 2871 4585 2990 4626; x_wconf 87' lang='lat' dir='ltr'><strong>eum</strong></span> <span class='ocrx_word' id='word_1_692' title='bbox 3026 4574 3310 4630; x_wconf 85' lang='lat' dir='ltr'><strong>accedendi</strong></span> <span class='ocrx_word' id='word_1_693' title='bbox 3341 4579 3574 4648; x_wconf 78' lang='lat' dir='ltr'><strong>flagrant</strong></span> <span class='ocrx_word' id='word_1_694' title='bbox 3632 4585 3724 4638; x_wconf 83' lang='lat' dir='ltr'><strong>de-</strong></span> 
     </span>
    </p>
   </div>
   <div class='ocr_carea' id='block_1_97' title="bbox 2139 4651 3732 4746">
    <p class='ocr_par' dir='ltr' id='par_1_97' title="bbox 2139 4651 3732 4746">
     <span class='ocr_line' id='line_1_97' title="bbox 2139 4651 3732 4746; baseline 0.019 -43"><span class='ocrx_word' id='word_1_695' title='bbox 2139 4651 2353 4717; x_wconf 89' lang='lat' dir='ltr'><strong>siderio,</strong></span> <span class='ocrx_word' id='word_1_696' title='bbox 2405 4654 2470 4708; x_wconf 86' lang='lat' dir='ltr'><strong>iis</strong></span> <span class='ocrx_word' id='word_1_697' title='bbox 2506 4655 2738 4727; x_wconf 84' lang='lat' dir='ltr'><strong>indigent</strong></span> <span class='ocrx_word' id='word_1_698' title='bbox 2767 4660 3003 4718; x_wconf 79' lang='lat' dir='ltr'><strong>bmuino.</strong></span> <span class='ocrx_word' id='word_1_699' title='bbox 3057 4663 3248 4722; x_wconf 83' lang='lat' dir='ltr'><strong>Verum</strong></span> <span class='ocrx_word' id='word_1_700' title='bbox 3279 4671 3454 4741; x_wconf 84' lang='lat' dir='ltr'><strong>plures</strong></span> <span class='ocrx_word' id='word_1_701' title='bbox 3507 4682 3732 4746; x_wconf 81' lang='lat' dir='ltr'><strong>conspe-</strong></span> 
     </span>
    </p>
   </div>
   <div class='ocr_carea' id='block_1_98' title="bbox 2140 4743 3728 4835">
    <p class='ocr_par' dir='ltr' id='par_1_98' title="bbox 2140 4743 3728 4835">
     <span class='ocr_line' id='line_1_98' title="bbox 2140 4743 3728 4835; baseline 0.018 -40"><span class='ocrx_word' id='word_1_702' title='bbox 2140 4743 2314 4798; x_wconf 76' lang='lat' dir='ltr'><strong>ximus</strong></span> <span class='ocrx_word' id='word_1_703' title='bbox 2337 4760 2434 4798; x_wconf 90' lang='lat' dir='ltr'><strong>sua</strong></span> <span class='ocrx_word' id='word_1_704' title='bbox 2453 4747 2770 4805; x_wconf 85' lang='lat' dir='ltr'><strong>dilacerasse</strong></span> <span class='ocrx_word' id='word_1_705' title='bbox 2807 4768 3029 4825; x_wconf 88' lang='lat' dir='ltr'><strong>corpora</strong></span> <span class='ocrx_word' id='word_1_706' title='bbox 3059 4760 3220 4816; x_wconf 84' lang='lat' dir='ltr'><strong>nimio</strong></span> <span class='ocrx_word' id='word_1_707' title='bbox 3231 4763 3464 4832; x_wconf 76' lang='lat' dir='ltr'><strong>jejunio,</strong></span> <span class='ocrx_word' id='word_1_708' title='bbox 3502 4743 3728 4835; x_wconf 79' lang='lat' dir='ltr'><strong>vigiliis,</strong></span> 
     </span>
    </p>
   </div>
   <div class='ocr_carea' id='block_1_99' title="bbox 2142 4834 3730 4922">
    <p class='ocr_par' dir='ltr' id='par_1_99' title="bbox 2142 4834 3730 4922">
     <span class='ocr_line' id='line_1_99' title="bbox 2142 4834 3730 4922; baseline 0.02 -35"><span class='ocrx_word' id='word_1_709' title='bbox 2142 4834 2199 4888; x_wconf 90' lang='lat' dir='ltr'><strong>in</strong></span> <span class='ocrx_word' id='word_1_710' title='bbox 2251 4836 2562 4894; x_wconf 88' lang='lat' dir='ltr'><strong>solitudines</strong></span> <span class='ocrx_word' id='word_1_711' title='bbox 2617 4858 2843 4912; x_wconf 86' lang='lat' dir='ltr'><strong>secessu,</strong></span> <span class='ocrx_word' id='word_1_712' title='bbox 2899 4849 3123 4922; x_wconf 87' lang='lat' dir='ltr'><strong>itemque</strong></span> <span class='ocrx_word' id='word_1_713' title='bbox 3167 4857 3455 4911; x_wconf 69' lang='lat' dir='ltr'><strong>maximam</strong></span> <span class='ocrx_word' id='word_1_714' title='bbox 3506 4834 3730 4918; x_wconf 73' lang='lat' dir='ltr'><strong>navasse</strong></span> 
     </span>
    </p>
   </div>
   <div class='ocr_carea' id='block_1_100' title="bbox 2145 4928 3731 5016">
    <p class='ocr_par' dir='ltr' id='par_1_100' title="bbox 2145 4928 3731 5016">
     <span class='ocr_line' id='line_1_100' title="bbox 2145 4928 3731 5016; baseline 0.018 -36"><span class='ocrx_word' id='word_1_715' title='bbox 2145 4941 2356 4996; x_wconf 89' lang='lat' dir='ltr'><strong>operam</strong></span> <span class='ocrx_word' id='word_1_716' title='bbox 2377 4928 2670 5001; x_wconf 89' lang='lat' dir='ltr'><strong>laboribus,</strong></span> <span class='ocrx_word' id='word_1_717' title='bbox 2692 4943 3014 5008; x_wconf 83' lang='lat' dir='ltr'><strong>paupertati,</strong></span> <span class='ocrx_word' id='word_1_718' title='bbox 3032 4949 3348 5016; x_wconf 86' lang='lat' dir='ltr'><strong>contemptui</strong></span> <span class='ocrx_word' id='word_1_719' title='bbox 3379 4965 3556 5010; x_wconf 78' lang='lat' dir='ltr'><strong>rerum</strong></span> <span class='ocrx_word' id='word_1_720' title='bbox 3574 4969 3731 5008; x_wconf 80' lang='lat' dir='ltr'><strong>mun-</strong></span> 
     </span>
    </p>
   </div>
   <div class='ocr_carea' id='block_1_101' title="bbox 448 5005 3730 5110">
    <p class='ocr_par' dir='ltr' id='par_1_101' title="bbox 448 5005 3730 5110">
     <span class='ocr_line' id='line_1_101' title="bbox 448 5005 3730 5110; baseline 0.009 -50"><span class='ocrx_word' id='word_1_721' title='bbox 448 5005 656 5060; x_wconf 85' lang='lat' dir='ltr'><strong>tutibus</strong></span> <span class='ocrx_word' id='word_1_722' title='bbox 723 5005 978 5061; x_wconf 89' lang='lat' dir='ltr'><strong>omnibus</strong></span> <span class='ocrx_word' id='word_1_723' title='bbox 1023 5014 1078 5061; x_wconf 90' lang='lat' dir='ltr'><strong>et</strong></span> <span class='ocrx_word' id='word_1_724' title='bbox 1125 5007 1434 5063; x_wconf 88' lang='lat' dir='ltr'><strong>sanctitatis</strong></span> <span class='ocrx_word' id='word_1_725' title='bbox 1479 5008 1738 5078; x_wconf 85' lang='lat' dir='ltr'><strong>operibus</strong></span> <span class='ocrx_word' id='word_1_726' title='bbox 1776 5011 2027 5066; x_wconf 84' lang='lat' dir='ltr'><strong>certatim</strong></span> <span class='ocrx_word' id='word_1_727' title='bbox 2131 5016 2396 5075; x_wconf 83' lang='lat' dir='ltr'><strong>danarum</strong></span> <span class='ocrx_word' id='word_1_728' title='bbox 2418 5037 2441 5088; x_wconf 90' lang='lat'><strong>;</strong></span> <span class='ocrx_word' id='word_1_729' title='bbox 2482 5034 2538 5078; x_wconf 90' lang='lat' dir='ltr'><strong>ut</strong></span> <span class='ocrx_word' id='word_1_730' title='bbox 2570 5041 2661 5081; x_wconf 91' lang='lat' dir='ltr'><strong>nec</strong></span> <span class='ocrx_word' id='word_1_731' title='bbox 2689 5005 2751 5084; x_wconf 91' lang='lat' dir='ltr'><strong>ea</strong></span> <span class='ocrx_word' id='word_1_732' title='bbox 2779 5005 2884 5086; x_wconf 84' lang='lat' dir='ltr'><strong>sibi</strong></span> <span class='ocrx_word' id='word_1_733' title='bbox 2917 5005 3266 5092; x_wconf 72' lang='lat' dir='ltr'><strong>adsciscerent</strong></span> <span class='ocrx_word' id='word_1_734' title='bbox 3311 5005 3499 5110; x_wconf 79' lang='lat' dir='ltr'><strong>quibus</strong></span> <span class='ocrx_word' id='word_1_735' title='bbox 3531 5005 3586 5098; x_wconf 66' lang='lat' dir='ltr'><strong>in</strong></span> <span class='ocrx_word' id='word_1_736' title='bbox 3616 5005 3730 5100; x_wconf 54' lang='grc' dir='ltr'><strong>αξξ.</strong></span> 
     </span>
    </p>
   </div>
   <div class='ocr_carea' id='block_1_102' title="bbox 447 5097 2026 5172">
    <p class='ocr_par' dir='ltr' id='par_1_102' title="bbox 447 5097 2026 5172">
     <span class='ocr_line' id='line_1_102' title="bbox 447 5097 2026 5172; baseline 0.003 -18"><span class='ocrx_word' id='word_1_737' title='bbox 447 5113 643 5169; x_wconf 72' lang='lat' dir='ltr'><strong>magno</strong></span> <span class='ocrx_word' id='word_1_738' title='bbox 676 5112 801 5154; x_wconf 88' lang='lat' dir='ltr'><strong>cum</strong></span> <span class='ocrx_word' id='word_1_739' title='bbox 833 5097 1047 5156; x_wconf 86' lang='lat' dir='ltr'><strong>fervore</strong></span> <span class='ocrx_word' id='word_1_740' title='bbox 1072 5101 1404 5166; x_wconf 84' lang='lat' dir='ltr'><strong>studentem,</strong></span> <span class='ocrx_word' id='word_1_741' title='bbox 1433 5110 1594 5172; x_wconf 86' lang='lat' dir='ltr'><strong>atque</strong></span> <span class='ocrx_word' id='word_1_742' title='bbox 1633 5103 1984 5160; x_wconf 77' lang='lat' dir='ltr'><strong>dixeruntilli</strong></span> <span class='ocrx_word' id='word_1_743' title='bbox 2012 5120 2026 5158; x_wconf 95' lang='lat'><strong>:</strong></span> 
     </span>
    </p>
   </div>
   <div class='ocr_carea' id='block_1_103' title="bbox 445 5187 2026 5262">
    <p class='ocr_par' dir='ltr' id='par_1_103' title="bbox 445 5187 2026 5262">
     <span class='ocr_line' id='line_1_103' title="bbox 445 5187 2026 5262; baseline 0.003 -16"><span class='ocrx_word' id='word_1_744' title='bbox 445 5187 822 5258; x_wconf 87' lang='lat' dir='ltr'><strong>Pater,diune</strong></span> <span class='ocrx_word' id='word_1_745' title='bbox 848 5206 1235 5262; x_wconf 78' lang='lat' dir='ltr'><strong>permansuros</strong></span> <span class='ocrx_word' id='word_1_746' title='bbox 1259 5201 1344 5248; x_wconf 90' lang='lat' dir='ltr'><strong>est</strong></span> <span class='ocrx_word' id='word_1_747' title='bbox 1390 5193 1478 5248; x_wconf 88' lang='lat' dir='ltr'><strong>hic</strong></span> <span class='ocrx_word' id='word_1_748' title='bbox 1516 5194 1765 5249; x_wconf 81' lang='lat' dir='ltr'><strong>fervoret</strong></span> <span class='ocrx_word' id='word_1_749' title='bbox 1785 5195 2026 5252; x_wconf 87' lang='lat' dir='ltr'><strong>studium</strong></span> 
     </span>
    </p>
   </div>
   <div class='ocr_carea' id='block_1_104' title="bbox 447 5283 2029 5355">
    <p class='ocr_par' dir='ltr' id='par_1_104' title="bbox 447 5283 2029 5355">
     <span class='ocr_line' id='line_1_104' title="bbox 447 5283 2029 5355; baseline 0.003 -14"><span class='ocrx_word' id='word_1_750' title='bbox 447 5283 778 5352; x_wconf 79' lang='lat' dir='ltr'><strong>solitudinis,</strong></span> <span class='ocrx_word' id='word_1_751' title='bbox 810 5285 1165 5355; x_wconf 83' lang='lat' dir='ltr'><strong>paupertatis,</strong></span> <span class='ocrx_word' id='word_1_752' title='bbox 1200 5284 1544 5350; x_wconf 88' lang='lat' dir='ltr'><strong>humilitatis,</strong></span> <span class='ocrx_word' id='word_1_753' title='bbox 1577 5285 1888 5353; x_wconf 87' lang='lat' dir='ltr'><strong>charitatis,</strong></span> <span class='ocrx_word' id='word_1_754' title='bbox 1915 5289 2029 5345; x_wconf 87' lang='lat' dir='ltr'><strong>fru-</strong></span> 
     </span>
    </p>
   </div>
   <div class='ocr_carea' id='block_1_105' title="bbox 446 5375 2025 5452">
    <p class='ocr_par' dir='ltr' id='par_1_105' title="bbox 446 5375 2025 5452">
     <span class='ocr_line' id='line_1_105' title="bbox 446 5375 2025 5452; baseline 0.004 -20"><span class='ocrx_word' id='word_1_755' title='bbox 446 5377 705 5446; x_wconf 69' lang='lat' dir='ltr'><strong>galitatis,</strong></span> <span class='ocrx_word' id='word_1_756' title='bbox 739 5391 802 5433; x_wconf 88' lang='lat' dir='ltr'><strong>ac</strong></span> <span class='ocrx_word' id='word_1_757' title='bbox 839 5378 1171 5446; x_wconf 84' lang='lat' dir='ltr'><strong>reliquarum</strong></span> <span class='ocrx_word' id='word_1_758' title='bbox 1199 5375 1442 5432; x_wconf 85' lang='lat' dir='ltr'><strong>omnium</strong></span> <span class='ocrx_word' id='word_1_759' title='bbox 1490 5378 1777 5446; x_wconf 85' lang='lat' dir='ltr'><strong>virtutum,</strong></span> <span class='ocrx_word' id='word_1_760' title='bbox 1827 5381 2025 5452; x_wconf 84' lang='lat' dir='ltr'><strong>quibus</strong></span> 
     </span>
    </p>
   </div>
   <div class='ocr_carea' id='block_1_106' title="bbox 455 5469 2023 5540">
    <p class='ocr_par' dir='ltr' id='par_1_106' title="bbox 455 5469 2023 5540">
     <span class='ocr_line' id='line_1_106' title="bbox 455 5469 2023 5540; baseline 0.005 -16"><span class='ocrx_word' id='word_1_761' title='bbox 455 5469 666 5526; x_wconf 89' lang='lat' dir='ltr'><strong>iuliuita</strong></span> <span class='ocrx_word' id='word_1_762' title='bbox 721 5470 838 5526; x_wconf 69' lang='lat' dir='ltr'><strong>ham</strong></span> <span class='ocrx_word' id='word_1_763' title='bbox 879 5469 1268 5540; x_wconf 86' lang='lat' dir='ltr'><strong>propemodum</strong></span> <span class='ocrx_word' id='word_1_764' title='bbox 1312 5469 1700 5526; x_wconf 83' lang='lat' dir='ltr'><strong>monachorum</strong></span> <span class='ocrx_word' id='word_1_765' title='bbox 1734 5473 2023 5532; x_wconf 89' lang='lat' dir='ltr'><strong>multitudo</strong></span> 
     </span>
    </p>
   </div>
   <div class='ocr_carea' id='block_1_107' title="bbox 446 5562 2022 5636">
    <p class='ocr_par' dir='ltr' id='par_1_107' title="bbox 446 5562 2022 5636">
     <span class='ocr_line' id='line_1_107' title="bbox 446 5562 2022 5636; baseline 0.005 -20"><span class='ocrx_word' id='word_1_766' title='bbox 446 5575 666 5634; x_wconf 86' lang='lat' dir='ltr'><strong>operam</strong></span> <span class='ocrx_word' id='word_1_767' title='bbox 696 5570 860 5617; x_wconf 84' lang='lat' dir='ltr'><strong>navat</strong></span> <span class='ocrx_word' id='word_1_768' title='bbox 909 5562 1196 5633; x_wconf 76' lang='lat' dir='ltr'><strong>impense?</strong></span> <span class='ocrx_word' id='word_1_769' title='bbox 1241 5562 1337 5619; x_wconf 88' lang='lat' dir='ltr'><strong>llis</strong></span> <span class='ocrx_word' id='word_1_770' title='bbox 1381 5576 1487 5620; x_wconf 90' lang='lat' dir='ltr'><strong>non</strong></span> <span class='ocrx_word' id='word_1_771' title='bbox 1521 5563 1639 5621; x_wconf 86' lang='lat' dir='ltr'><strong>sine</strong></span> <span class='ocrx_word' id='word_1_772' title='bbox 1673 5566 1925 5636; x_wconf 79' lang='lat' dir='ltr'><strong>suspiriis</strong></span> <span class='ocrx_word' id='word_1_773' title='bbox 1963 5577 2022 5624; x_wconf 88' lang='lat' dir='ltr'><strong>et</strong></span> 
     </span>
    </p>
   </div>
   <div class='ocr_carea' id='block_1_108' title="bbox 511 5678 1132 5754">
    <p class='ocr_par' dir='ltr' id='par_1_108' title="bbox 511 5678 1132 5754">
     <span class='ocr_line' id='line_1_108' title="bbox 511 5678 1132 5754; baseline 0.01 -23"><span class='ocrx_word' id='word_1_774' title='bbox 511 5678 557 5712; x_wconf 75' lang='lat'>“</span> <span class='ocrx_word' id='word_1_775' title='bbox 585 5680 742 5754; x_wconf 67' lang='lat' dir='ltr'><strong>Rom.</strong></span> <span class='ocrx_word' id='word_1_776' title='bbox 776 5695 891 5749; x_wconf 80' lang='lat' dir='ltr'><strong>vm,</strong></span> <span class='ocrx_word' id='word_1_777' title='bbox 921 5680 991 5736; x_wconf 75' lang='lat'><strong>35</strong></span> <span class='ocrx_word' id='word_1_778' title='bbox 1015 5697 1132 5754; x_wconf 87' lang='lat' dir='ltr'><strong>sqq.</strong></span> 
     </span>
    </p>
   </div>
   <div class='ocr_carea' id='block_1_109' title="bbox 445 5749 692 5810">
    <p class='ocr_par' dir='ltr' id='par_1_109' title="bbox 445 5749 692 5810">
     <span class='ocr_line' id='line_1_109' title="bbox 445 5749 692 5810; baseline 0.004 -6"><span class='ocrx_word' id='word_1_779' title='bbox 445 5749 692 5810; x_wconf 61' lang='lat' dir='ltr'><strong>xxv.55.</strong></span> 
     </span>
    </p>
   </div>
   <div class='ocr_carea' id='block_1_110' title="bbox 2134 5116 3728 5204">
    <p class='ocr_par' dir='ltr' id='par_1_110' title="bbox 2134 5116 3728 5204">
     <span class='ocr_line' id='line_1_110' title="bbox 2134 5116 3728 5204; baseline 0.018 -41"><span class='ocrx_word' id='word_1_780' title='bbox 2134 5125 2264 5179; x_wconf 88' lang='lat' dir='ltr'><strong>opus</strong></span> <span class='ocrx_word' id='word_1_781' title='bbox 2294 5123 2391 5179; x_wconf 91' lang='lat' dir='ltr'><strong>est,</strong></span> <span class='ocrx_word' id='word_1_782' title='bbox 2439 5116 2530 5204; x_wconf 86' lang='lat' dir='ltr'><strong>sed</strong></span> <span class='ocrx_word' id='word_1_783' title='bbox 2576 5121 2755 5176; x_wconf 85' lang='lat' dir='ltr'><strong>omnia</strong></span> <span class='ocrx_word' id='word_1_784' title='bbox 2800 5139 2919 5193; x_wconf 78' lang='lat' dir='ltr'><strong>qua:</strong></span> <span class='ocrx_word' id='word_1_785' title='bbox 2957 5128 3322 5197; x_wconf 84' lang='lat' dir='ltr'><strong>possidebant,</strong></span> <span class='ocrx_word' id='word_1_786' title='bbox 3357 5149 3644 5204; x_wconf 84' lang='lat' dir='ltr'><strong>erogarunt</strong></span> <span class='ocrx_word' id='word_1_787' title='bbox 3671 5138 3728 5192; x_wconf 85' lang='lat' dir='ltr'><strong>in</strong></span> 
     </span>
    </p>
   </div>
   <div class='ocr_carea' id='block_1_111' title="bbox 2133 5203 3727 5281">
    <p class='ocr_par' dir='ltr' id='par_1_111' title="bbox 2133 5203 3727 5281">
     <span class='ocr_line' id='line_1_111' title="bbox 2133 5203 3727 5281; baseline 0.02 -32"><span class='ocrx_word' id='word_1_788' title='bbox 2133 5215 2407 5271; x_wconf 87' lang='lat' dir='ltr'><strong>pauperes.</strong></span> <span class='ocrx_word' id='word_1_789' title='bbox 2465 5203 2663 5263; x_wconf 85' lang='lat' dir='ltr'><strong>Tamen</strong></span> <span class='ocrx_word' id='word_1_790' title='bbox 2694 5220 2810 5280; x_wconf 83' lang='lat' dir='ltr'><strong>post</strong></span> <span class='ocrx_word' id='word_1_791' title='bbox 2860 5214 2973 5269; x_wconf 68' lang='lat' dir='ltr'><strong>hare</strong></span> <span class='ocrx_word' id='word_1_792' title='bbox 3027 5219 3207 5274; x_wconf 81' lang='lat' dir='ltr'><strong>omnia</strong></span> <span class='ocrx_word' id='word_1_793' title='bbox 3259 5203 3598 5279; x_wconf 87' lang='lat' dir='ltr'><strong>declinarunt</strong></span> <span class='ocrx_word' id='word_1_794' title='bbox 3654 5229 3727 5281; x_wconf 81' lang='lat' dir='ltr'><strong>ad</strong></span> 
     </span>
    </p>
   </div>
   <div class='ocr_carea' id='block_1_112' title="bbox 2135 5293 3730 5379">
    <p class='ocr_par' dir='ltr' id='par_1_112' title="bbox 2135 5293 3730 5379">
     <span class='ocr_line' id='line_1_112' title="bbox 2135 5293 3730 5379; baseline 0.02 -34"><span class='ocrx_word' id='word_1_795' title='bbox 2135 5293 2334 5349; x_wconf 89' lang='lat' dir='ltr'><strong>malum</strong></span> <span class='ocrx_word' id='word_1_796' title='bbox 2353 5308 2401 5352; x_wconf 89' lang='lat' dir='ltr'><strong>et</strong></span> <span class='ocrx_word' id='word_1_797' title='bbox 2427 5301 2766 5372; x_wconf 89' lang='lat' dir='ltr'><strong>ceciderunt;</strong></span> <span class='ocrx_word' id='word_1_798' title='bbox 2797 5323 2861 5363; x_wconf 89' lang='lat' dir='ltr'><strong>ac</strong></span> <span class='ocrx_word' id='word_1_799' title='bbox 2885 5310 3079 5379; x_wconf 80' lang='lat' dir='ltr'><strong>privati</strong></span> <span class='ocrx_word' id='word_1_800' title='bbox 3109 5314 3394 5372; x_wconf 80' lang='lat' dir='ltr'><strong>virtutibus</strong></span> <span class='ocrx_word' id='word_1_801' title='bbox 3412 5317 3526 5374; x_wconf 89' lang='lat' dir='ltr'><strong>illis</strong></span> <span class='ocrx_word' id='word_1_802' title='bbox 3551 5324 3730 5377; x_wconf 83' lang='lat' dir='ltr'><strong>omni-</strong></span> 
     </span>
    </p>
   </div>
   <div class='ocr_carea' id='block_1_113' title="bbox 2139 5386 3730 5484">
    <p class='ocr_par' dir='ltr' id='par_1_113' title="bbox 2139 5386 3730 5484">
     <span class='ocr_line' id='line_1_113' title="bbox 2139 5386 3730 5484; baseline 0.02 -46"><span class='ocrx_word' id='word_1_803' title='bbox 2139 5386 2256 5484; x_wconf 75' lang='lat' dir='ltr'><strong>bus,</strong></span> <span class='ocrx_word' id='word_1_804' title='bbox 2287 5392 2490 5460; x_wconf 87' lang='lat' dir='ltr'><strong>reprobi</strong></span> <span class='ocrx_word' id='word_1_805' title='bbox 2510 5394 2684 5464; x_wconf 68' lang='lat' dir='ltr'><strong>effecti</strong></span> <span class='ocrx_word' id='word_1_806' title='bbox 2711 5413 2855 5457; x_wconf 90' lang='lat' dir='ltr'><strong>sunt.</strong></span> <span class='ocrx_word' id='word_1_807' title='bbox 2890 5402 2989 5459; x_wconf 83' lang='lat' dir='ltr'><strong>Rei</strong></span> <span class='ocrx_word' id='word_1_808' title='bbox 3015 5417 3190 5462; x_wconf 81' lang='lat' dir='ltr'><strong>autem</strong></span> <span class='ocrx_word' id='word_1_809' title='bbox 3221 5408 3381 5479; x_wconf 84' lang='lat' dir='ltr'><strong>hujus</strong></span> <span class='ocrx_word' id='word_1_810' title='bbox 3412 5412 3563 5467; x_wconf 77' lang='lat' dir='ltr'><strong>nulla</strong></span> <span class='ocrx_word' id='word_1_811' title='bbox 3600 5431 3730 5484; x_wconf 83' lang='lat' dir='ltr'><strong>pro-</strong></span> 
     </span>
    </p>
   </div>
   <div class='ocr_carea' id='block_1_114' title="bbox 2137 5476 3729 5564">
    <p class='ocr_par' dir='ltr' id='par_1_114' title="bbox 2137 5476 3729 5564">
     <span class='ocr_line' id='line_1_114' title="bbox 2137 5476 3729 5564; baseline 0.02 -35"><span class='ocrx_word' id='word_1_812' title='bbox 2137 5476 2272 5546; x_wconf 88' lang='lat' dir='ltr'><strong>fecto</strong></span> <span class='ocrx_word' id='word_1_813' title='bbox 2307 5485 2414 5536; x_wconf 89' lang='lat' dir='ltr'><strong>alia</strong></span> <span class='ocrx_word' id='word_1_814' title='bbox 2450 5485 2552 5553; x_wconf 81' lang='lat' dir='ltr'><strong>fuit</strong></span> <span class='ocrx_word' id='word_1_815' title='bbox 2587 5504 2772 5558; x_wconf 90' lang='lat' dir='ltr'><strong>causa,</strong></span> <span class='ocrx_word' id='word_1_816' title='bbox 2800 5495 2904 5549; x_wconf 88' lang='lat' dir='ltr'><strong>nisi</strong></span> <span class='ocrx_word' id='word_1_817' title='bbox 2928 5498 3068 5564; x_wconf 87' lang='lat' dir='ltr'><strong>quod</strong></span> <span class='ocrx_word' id='word_1_818' title='bbox 3096 5476 3649 5560; x_wconf 34' lang='lat' dir='ltr'><strong>virtute&#39;diseretionis</strong></span> <span class='ocrx_word' id='word_1_819' title='bbox 3679 5515 3729 5560; x_wconf 85' lang='lat' dir='ltr'><strong>et</strong></span> 
     </span>
    </p>
   </div>
   <div class='ocr_carea' id='block_1_115' title="bbox 2134 5577 3731 5660">
    <p class='ocr_par' dir='ltr' id='par_1_115' title="bbox 2134 5577 3731 5660">
     <span class='ocr_line' id='line_1_115' title="bbox 2134 5577 3731 5660; baseline 0.018 -36"><span class='ocrx_word' id='word_1_820' title='bbox 2134 5577 2426 5641; x_wconf 69' lang='lat' dir='ltr'><strong>prudentia</strong></span> <span class='ocrx_word' id='word_1_821' title='bbox 2454 5583 2742 5652; x_wconf 86' lang='lat' dir='ltr'><strong>caruerint,</strong></span> <span class='ocrx_word' id='word_1_822' title='bbox 2774 5603 2939 5660; x_wconf 92' lang='lat' dir='ltr'><strong>eaque</strong></span> <span class='ocrx_word' id='word_1_823' title='bbox 2991 5607 3096 5646; x_wconf 88' lang='lat' dir='ltr'><strong>non</strong></span> <span class='ocrx_word' id='word_1_824' title='bbox 3131 5594 3241 5648; x_wconf 83' lang='lat' dir='ltr'><strong>sint</strong></span> <span class='ocrx_word' id='word_1_825' title='bbox 3286 5596 3393 5652; x_wconf 87' lang='lat' dir='ltr'><strong>usi.</strong></span> <span class='ocrx_word' id='word_1_826' title='bbox 3423 5595 3554 5651; x_wconf 69' lang='lat' dir='ltr'><strong>Haec</strong></span> <span class='ocrx_word' id='word_1_827' title='bbox 3579 5615 3731 5652; x_wconf 85' lang='lat' dir='ltr'><strong>nam-</strong></span> 
     </span>
    </p>
   </div>
   <div class='ocr_carea' id='block_1_116' title="bbox 1211 5679 2039 5777">
    <p class='ocr_par' dir='ltr' id='par_1_116' title="bbox 1211 5679 2039 5748">
     <span class='ocr_line' id='line_1_116' title="bbox 1211 5679 2039 5748; baseline 0.002 -12"><span class='ocrx_word' id='word_1_828' title='bbox 1211 5681 1256 5714; x_wconf 76' lang='lat'>“</span> <span class='ocrx_word' id='word_1_829' title='bbox 1280 5679 1438 5737; x_wconf 81' lang='lat' dir='ltr'><strong>loan.</strong></span> <span class='ocrx_word' id='word_1_830' title='bbox 1473 5696 1590 5748; x_wconf 76' lang='lat' dir='ltr'><strong>xm,</strong></span> <span class='ocrx_word' id='word_1_831' title='bbox 1619 5681 1674 5738; x_wconf 90' lang='lat'><strong>8.</strong></span> <span class='ocrx_word' id='word_1_832' title='bbox 1715 5681 1760 5716; x_wconf 74' lang='lat'><strong>&quot;</strong></span> <span class='ocrx_word' id='word_1_833' title='bbox 1786 5681 1940 5738; x_wconf 80' lang='lat' dir='ltr'><strong>Joan.</strong></span> <span class='ocrx_word' id='word_1_834' title='bbox 1977 5699 2039 5739; x_wconf 75' lang='lat' dir='ltr'><strong>xv</strong></span> 
     </span>
    </p>
   </div>
   <div class='ocr_carea' id='block_1_117' title="bbox 2145 5679 3730 5777">
    <p class='ocr_par' dir='ltr' id='par_1_117' title="bbox 2145 5688 3730 5777">
     <span class='ocr_line' id='line_1_117' title="bbox 2145 5688 3730 5777; baseline 0.018 -37"><span class='ocrx_word' id='word_1_835' title='bbox 2145 5688 2207 5741; x_wconf 71' lang='grc' dir='ltr'><strong>ιι).</strong></span> <span class='ocrx_word' id='word_1_836' title='bbox 2279 5690 2344 5723; x_wconf 69' lang='grc'><strong>⁸⁸⁸</strong></span> <span class='ocrx_word' id='word_1_837' title='bbox 2375 5690 2539 5753; x_wconf 90' lang='lat' dir='ltr'><strong>lCor.</strong></span> <span class='ocrx_word' id='word_1_838' title='bbox 2577 5711 2612 5763; x_wconf 88' lang='grc' dir='ltr'><strong>ι,</strong></span> <span class='ocrx_word' id='word_1_839' title='bbox 2643 5697 2730 5754; x_wconf 76' lang='grc'><strong>12.</strong></span> <span class='ocrx_word' id='word_1_840' title='bbox 2804 5701 3039 5760; x_wconf 75' lang='lat' dir='ltr'><strong>“Eccli.</strong></span> <span class='ocrx_word' id='word_1_841' title='bbox 3077 5721 3231 5777; x_wconf 66' lang='lat' dir='ltr'><strong>sui,</strong></span> <span class='ocrx_word' id='word_1_842' title='bbox 3276 5708 3363 5766; x_wconf 83' lang='lat' dir='ltr'><strong>l0.</strong></span> <span class='ocrx_word' id='word_1_843' title='bbox 3443 5708 3490 5743; x_wconf 75' lang='lat'><strong>“</strong></span> <span class='ocrx_word' id='word_1_844' title='bbox 3531 5708 3730 5768; x_wconf 55' lang='lat' dir='ltr'><strong>Matth.</strong></span> 
     </span>
    </p>
   </div>
  </div>
