3872 6278
216 329 246 390 ,ί
259 328 358 383 097

1335 330 1390 385 S.
1437 331 1712 391 ANTONII
1760 337 1963 395 DlCTA
2005 341 2328 410 QUEIHM.

3357 361 3485 418 l098

216 463 318 518 que
343 446 437 500 illa
473 457 568 511 est,
591 463 709 516 qua'
745 450 1007 503 hominem
1039 466 1132 519 per
1166 451 1299 504 viam
1331 465 1528 510 rectam
1557 457 1799 509 incedere
1829 467 1875 521 Α
1904 463 2186 530 propheta",
2220 474 2264 517 et
2289 465 2428 533 quod
2459 468 2785 524 victimarum
2810 475 3074 531 oblatione
3119 481 3172 530 id
3222 491 3483 548 pra’slun-

217 538 392 591 edocet
446 554 510 591 ac
540 539 780 605 instruit,
821 550 871 593 et
913 541 979 593 ab
1019 543 1230 610 obliqua
1263 545 1549 599 declinare.
1589 544 1798 600 Etenim

218 628 261 682 si
281 644 371 697 per
388 629 583 697 regiam
605 630 967 692 incesserimus
994 632 1150 693 viam.
1179 635 1444 701 rapientur
1473 651 1798 706 nequaquam

219 717 280 772 ub
311 719 710 774 insidiatoribus
739 723 941 776 dextra:
983 739 1198 777 excessu
1229 726 1597 790 abstinentiw;
1635 744 1800 797 neque

212 810 280 865 ab
314 812 708 866 insidiatoribus
735 814 966 869 sinistrte
1005 816 1340 886 negligentia,
1391 820 1595 872 incuria
1647 830 1694 874 et
1726 838 1800 874 re-

211 902 478 955 missione.
500 904 756 963 Discretio
779 906 966 974 quippe
986 908 1166 961 oculus
1191 918 1269 960 est
1294 908 1487 962 animi:
1511 920 1558 962 et
1582 911 1797 964 lucerna

210 990 348 1060 ejus,
403 994 844 1063 quemadmodum
890 1016 908 1048 ι
952 995 1149 1052 Oculus
1178 997 1392 1053 lucerna
1417 1010 1494 1053 est
1517 1001 1749 1069 corporis
1776 1019 1795 1057 :

209 1086 257 1138 si
293 1097 468 1141 autem
497 1087 681 1142 oculus
717 1088 923 1144 lucidus
960 1090 1145 1159 fuerit,
1179 1107 1368 1157 corpus
1402 1108 1605 1163 quoque
1631 1104 1793 1146 totum

211 1177 450 1231 Incidunt
489 1181 622 1244 erit;
645 1182 690 1235 si
718 1198 834 1240 vero
859 1182 1182 1248 tenebrosus,
1212 1193 1377 1236 totum
1405 1186 1567 1238 etiam
1604 1201 1794 1252 corpus

209 1270 542 1324 tenebrosum
569 1273 684 1337 erit,
726 1292 743 1323 ι
781 1274 914 1326 sicut
944 1273 998 1327 in
1041 1290 1194 1328 sacro
1224 1273 1508 1344 Evangelia
1537 1275 1792 1330 Dominus

203 1360 344 1413 dixit
377 1361 441 1416 ⁸⁸.
461 1362 781 1418 Discretione
807 1365 1016 1434 quidem
1036 1365 1344 1436 pervestigat
1365 1367 1517 1420 homo
1548 1383 1672 1420 suas
1702 1385 1791 1422 vo-

208 1450 458 1518 luntates,
486 1455 627 1507 dicta
661 1454 920 1522 factaque,
945 1468 992 1509 et
1021 1459 1085 1512 ab
1109 1460 1350 1511 omnibus
1374 1458 1438 1510 iis
1463 1459 1652 1512 recedit
1673 1475 1790 1527 qua:

207 1556 240 1592 a
277 1537 390 1594 Deo
433 1553 690 1596 amovent.
728 1544 1057 1600 Discretione
1103 1547 1347 1617 singulas
1395 1563 1449 1601 se
1492 1549 1789 1603 adorientes

207 1631 372 1686 hostis
398 1633 616 1700 fraudes
643 1636 867 1703 protelat
900 1649 948 1691 et
981 1639 1254 1703 amolitur,
1289 1651 1338 1694 et
1367 1657 1485 1710 qute
1509 1641 1644 1696 bona
1667 1653 1787 1697 sunt

207 1723 458 1777 discernit
491 1742 522 1777 a
554 1725 727 1781 malis.
777 1727 1000 1798 Liquida
1029 1746 1057 1784 e
1097 1730 1263 1784 sacris
1288 1730 1502 1786 Litteris
1531 1733 1587 1785 id
1616 1743 1782 1801 patet.

1906 553 2008 606 tius
2034 564 2163 608 esset
2191 576 2206 608 :
2242 556 2360 609 hinc
2398 557 2559 611 Deum
2583 561 2651 612 ad
2681 563 2812 615 iram
2860 581 2918 616 eo
2950 571 3265 631 provocarit,
3306 587 3406 639 quo
3435 589 3480 625 et

1903 643 2107 707 placere
2125 650 2381 714 putabat;
2413 650 2626 720 ideoque
2663 669 2820 723 regno
2843 657 3036 724 ejectus
3064 669 3158 713 est.
3192 662 3478 730 Apostolus

1903 737 2265 791 discretionem
2315 744 2658 808 magistram.
2710 754 2760 796 et
2812 749 3078 800 rectricem
3122 751 3237 803 vitaz
3289 765 3478 806 nostra:

1903 829 2152 898 appellat,
2204 831 2364 899 juxta
2425 834 2557 885 illud
2615 834 2954 901 Scripturte:
2991 857 3008 891 ι
3048 839 3314 896 Rectorem
3374 863 3474 898 non

1899 918 2145 974 habentes
2177 923 2420 976 decidunt
2439 933 2490 976 ut
2516 923 2722 985 folium.
2766 945 2782 978 ι
2825 927 3024 982 Eadem
3065 931 3341 1003 Scriptura
3370 939 3478 989 dis-

1901 1011 2181 1064 cretionem
2229 1015 2506 1069 consilium
2535 1033 2736 1087 quoque
2767 1019 3014 1087 appellat,
3035 1026 3392 1093 pra’cipitque,
3416 1046 3477 1080 ne

1899 1102 2185 1172 quidquam
2221 1107 2413 1176 absque
2441 1111 2660 1164 consilio
2686 1125 2990 1181 peragatur,
3026 1128 3079 1167 ut
3105 1133 3194 1168 nec
3220 1118 3294 1170 vel
3323 1121 3474 1185 spiri-

1896 1195 2094 1248 tualem
2142 1208 2320 1266 potans
2355 1200 2714 1268 lwti/icantem
2741 1221 2831 1258 cor
2855 1207 3082 1260 hominis
3118 1211 3264 1263 nobis
3306 1210 3474 1264 bibere

1895 1286 2158 1352 permittat
2189 1289 2381 1353 absque
2412 1292 2652 1356 consilio,
2683 1311 2800 1352 cum
2826 1295 2967 1348 dicat
2997 1315 3014 1350 :
3046 1315 3064 1348 t
3098 1296 3331 1351 Consilio
3357 1317 3476 1366 per-

1895 1380 2339 1447 agequodcunque
2358 1383 2562 1450 peragis
2575 1383 2640 1436 ⁵⁷.
2657 1403 2674 1434 ι
2697 1383 2762 1436 Et
2785 1399 2802 1436 :
2823 1404 2840 1437 t
2867 1385 3097 1440 Consilio
3116 1391 3222 1442 bibe
3241 1391 3434 1444 vinum.
3449 1409 3470 1442 ι

1897 1466 2033 1520 Item
2061 1471 2206 1523 nobis
2232 1472 2360 1524 dicit
2395 1471 2699 1539 Scriptura,
2731 1479 2866 1544 quod
2897 1481 3330 1545 quemadmodum
3356 1481 3477 1534 civi-

1895 1565 2055 1610 tatem
2090 1559 2300 1613 minime
2335 1563 2594 1615 munitam
2619 1566 2912 1635 quicunque
2941 1567 3047 1620 vult
3083 1568 3392 1638 ingreditur,
3425 1580 3473 1622 et

1893 1648 2074 1716 diripit
2103 1650 2218 1719 ejus
2240 1652 2511 1708 thesauros
2535 1673 2555 1720 ;
2589 1659 2662 1711 ita
2696 1667 2769 1711 est
2798 1657 2974 1725 homo,
3000 1661 3089 1729 qui
3137 1664 3341 1731 negotia
3370 1679 3468 1716 sua

1893 1739 2086 1808 absque
2117 1742 2336 1796 consilio
2371 1759 2640 1812 operatur.

205 1813 342 1869 Saul
364 1833 454 1870 rex
480 1816 671 1883 Israel,
700 1837 816 1874 cum
843 1821 942 1875 hac
973 1823 1225 1877 caruisset
1251 1823 1489 1890 lucerna,
1526 1825 1788 1880 intellectu
1824 1800 1863 1852 Β
1898 1827 2049 1886 Finis
2077 1832 2564 1904 interrogationum
2599 1841 2664 1892 ad
2696 1842 3096 1896 sanctissimum
3127 1843 3339 1898 Patrem
3376 1858 3473 1897 no-

205 1909 568 1964 obtencbratus
585 1921 683 1978 est,
712 1929 804 1966 nec
833 1916 1058 1982 percepit
1108 1925 1383 1983 propterea
1407 1917 1670 1987 quomodo
1693 1918 1787 1970 ob-

203 2008 433 2051 servaret
466 2001 606 2069 quod
625 2003 831 2058 dixerat
855 2005 933 2060 illi
969 2005 1107 2060 Deus
1137 2024 1230 2074 per
1249 2007 1482 2078 linguam
1518 2007 1785 2064 Samuelis

284 2159 332 2190 “
355 2161 542 2217 Matth.
572 2177 647 2225 vr,
679 2159 771 2223 29...
808 2161 898 2216 9.5.
976 2162 1021 2194 ⁸⁷
1060 2161 1224 2218 Eccli.
1259 2179 1432 2229 xxx",
1465 2164 1555 2219 24.

1966 1929 2140 1974 strum
2160 1923 2410 1978 abbatem
2438 1928 2753 1993 Antonium,
2787 1939 2842 1982 et
2863 1930 2980 1998 ejus
3007 1929 3465 2000 Responsionum.

1963 2008 2250 2068 Orationes
2284 2013 2429 2069 illius
2449 2017 2557 2070 sint
2581 2018 2884 2074 nobiscum.

209 2353 3452 2395 mm

717 2505 1015 2566 RELATA
1045 2505 1165 2564 ‘EX
1211 2499 1468 2565 EODEM
1521 2505 1782 2566 CODICE
1833 2506 1930 2566 DE
1974 2508 2220 2569 BEATO
2258 2509 2589 2570 ANTONIO
2637 2512 2949 2575 ABBATE.

273 2766 434 2822 Venit
472 2765 761 2834 aliquando
799 2764 981 2820 senior
1019 2764 1237 2834 quidam
1267 2771 1426 2820 aetate
1458 2765 1740 2819 confectus
1762 2807 1778 2832 ,

200 2877 406 2933 onagro
441 2862 702 2926 insidens,
727 2861 793 2914 ad
834 2861 1051 2914 beatum
1094 2857 1344 2913 abbatem
1384 2859 1682 2914 Antonium
1727 2861 1779 2915 in

201 2958 497 3009 desertum.
531 2950 699 3018 Quem
747 2965 870 3004 cum
918 2949 1146 3004 vidisset
1188 2949 1272 3003 vir
1324 2948 1417 3003 Dei
1467 2951 1778 3017 Antonius,

199 3045 321 3101 ait:
362 3043 652 3099 Maximum
691 3041 774 3095 hic
810 3049 886 3095 est
922 3039 1157 3095 volumen
1181 3081 1196 3108 ,
1232 3041 1323 3094 sed
1355 3057 1424 3094 an
1460 3041 1777 3107 salvaliitur,

1887 2769 2144 2824 ducerent
2172 2810 2186 2835 ,
2218 2769 2310 2823 sed
2344 2769 2564 2832 acriter,
2592 2778 2646 2822 et
2676 2769 2795 2838 plus
2815 2785 2971 2840 aequo
2999 2771 3143 2825 illum
3173 2776 3470 2843 arguebant

1883 2860 2162 2913 dicentes:
2195 2857 2345 2912 Talia
2376 2867 2431 2913 et
2465 2859 2589 2912 talia
2636 2861 3003 2930 perpetrasti;
3043 2862 3130 2916 ille
3164 2879 3290 2918 vero
3333 2867 3468 2921 nihil

1878 2950 2105 3005 istorum
2133 2963 2192 3004 se
2220 2959 2558 3017 perpetrasse
2584 2961 2897 3005 constanter
2921 2954 3300 3021 respondebat.
3324 2955 3462 3010 Dum

1875 3041 1992 3096 huic
2059 3040 2285 3108 ﬂebant,
2337 3055 2465 3095 casu
2524 3041 2712 3095 aderat
2767 3041 2934 3096 abbas
2989 3042 3306 3110 Bebnudus,
3372 3046 3464 3118 qui

201 3138 404 3208 ignoro.
430 3136 565 3189 Tum
591 3135 787 3189 accidit
826 3133 1024 3188 factum
1057 3133 1323 3202 quoddam
1348 3173 1362 3197 ,
1401 3142 1454 3189 et
1482 3133 1774 3204 adimpleta
1810 3167 1854 3225 α
1887 3130 2194 3201 exemplum
2245 3130 2551 3202 lmjusmodi
2587 3132 2722 3186 dixit
2754 3133 2899 3187 illis:
2938 3133 3055 3188 Vidi
3097 3135 3368 3192 hominem
3411 3139 3464 3192 in

200 3238 327 3283 sunt
354 3228 514 3282 verba
543 3226 715 3281 Beati.

281 3319 555 3374 Venerunt
594 3331 809 3388 quoque
859 3315 1149 3385 aliquando
1199 3314 1395 3370 fratres
1442 3315 1663 3385 quidam
1716 3317 1784 3372 ad

201 3413 379 3468 locum
397 3411 618 3465 abbatis
645 3409 897 3470 Antonii,
932 3415 990 3461 ut
1016 3408 1165 3461 illum
1191 3407 1541 3462 consulerent
1565 3406 1635 3462 de
1663 3407 1784 3475 qni-

199 3504 424 3560 busdam
462 3502 928 3573 phantasmatibus
949 3515 1068 3570 qua:
1100 3499 1388 3566 videbant,
1419 3509 1584 3570 atque
1613 3500 1783 3554 inter—
1827 3551 1832 3554 .

199 3603 457 3661 ragareut
479 3633 494 3657 ,
524 3609 591 3645 an
626 3605 755 3646 vera
785 3601 968 3645 essent
997 3589 1079 3643 vel
1110 3603 1140 3642 a
1173 3589 1409 3644 diabolo.
1434 3587 1530 3644 Isti
1559 3589 1775 3643 asinum

197 3700 383 3740 secum
419 3685 732 3748 habebant,
761 3685 852 3753 qui
885 3693 1134 3738 mortuus
1161 3683 1321 3738 estin
1353 3683 1461 3735 via.
1489 3680 1625 3737 Cum
1653 3695 1782 3750 ergo

198 3777 576 3849 pervenissent
609 3777 674 3830 ad
705 3791 922 3842 senem,
957 3775 1034 3830 ait
1061 3775 1204 3828 illis:
1239 3773 1515 3840 Quomodo
1543 3784 1781 3827 mortuus

195 3880 270 3923 est
301 3870 482 3923 asinus
515 3879 682 3923 vester
707 3869 763 3921 in
793 3870 875 3922 via
903 3870 926 3923 ?
952 3867 1050 3933 Qui
1082 3867 1367 3922 dixerunt:
1393 3863 1551 3920 Unde
1582 3863 1780 3919 novisti

198 3962 332 4028 hoc,
369 3960 534 4016 Pater
565 3961 796 4016 noster?
831 3958 1165 4030 Respondit:
1199 3957 1411 4012 Diaboli
1450 3958 1504 4010 id
1535 3955 1664 4010 mihi
1695 3957 1778 4010 in-

195 4055 462 4108 dicarunt.
499 4053 602 4119 Qui
634 4055 887 4107 dixerunt
917 4070 930 4105 :
966 4051 1074 4106 Nos
1103 4065 1317 4121 quoque
1345 4050 1595 4104 venimus
1623 4049 1691 4104 de
1722 4063 1780 4103 re

197 4146 506 4214 huiusmodi
544 4148 881 4216 interrogare
905 4184 918 4208 ,
961 4153 1017 4196 ct
1059 4141 1344 4197 consulere
1390 4151 1482 4206 te;
1517 4141 1776 4211 quoniam

197 4237 445 4293 videmus
489 4237 903 4306 phantasmata,
944 4250 1065 4305 qua:
1110 4235 1402 4303 aliquando
1433 4247 1560 4287 vera
1598 4233 1780 4287 dicere

196 4329 447 4383 videntur
473 4346 489 4382 :
523 4329 642 4383 ideo
673 4329 926 4383 timemus
946 4367 962 4392 ,
998 4343 1063 4382 ne
1092 4327 1441 4394 decipiamnr.
1473 4323 1626 4376 Tunc
1655 4337 1780 4374 san—

195 4432 317 4478 ctus
345 4437 510 4478 senex
532 4462 547 4487 ,
573 4437 728 4492 aequo
754 4423 936 4476 animo
961 4436 1054 4476 eos
1073 4436 1192 4476 esse
1207 4421 1476 4482 hortatur,
1494 4417 1620 4487 quia
1651 4425 1778 4470 sunt

1891 3223 2075 3279 littore
2108 3223 2276 3277 maris
2312 3223 2626 3277 immersum
2667 3224 2718 3277 in
2753 3238 2911 3280 emno
2946 3241 3116 3296 usque
3149 3229 3214 3282 ad
3251 3244 3463 3298 genua;

1885 3325 1941 3370 et
1987 3316 2266 3370 venientes
2299 3313 2517 3383 quidam
2556 3324 2612 3369 ut
2645 3315 2718 3368 illi
2767 3330 2923 3386 apem
2958 3315 3189 3384 ferrent,
3246 3319 3462 3375 immer-

1885 3415 2076 3462 serunt
2107 3406 2256 3460 illum
2290 3421 2463 3476 usque
2492 3407 2560 3460 ad
2596 3407 2872 3461 humeros.
2902 3407 3143 3464 Audiens
3173 3413 3467 3467 autemab—

1891 3498 1988 3553 bas
2013 3497 2281 3551 Antonius
2313 3498 2415 3552 hoc
2443 3498 2647 3552 dictmn
2677 3499 2889 3554 abbatis
2905 3498 3146 3556 Bebnudi
3175 3504 3335 3557 dixit:
3364 3503 3466 3559 llic

1882 3597 1961 3642 est
1983 3589 2063 3642 vir
2085 3599 2266 3657 potens
2294 3605 2513 3654 sanare,
2540 3601 2587 3644 et
2619 3589 2824 3645 salvare
2847 3593 3075 3647 animas.
3101 3578 3462 3660 Quamobrem

1891 3680 2090 3735 fratres
2122 3682 2408 3735 verborum
2442 3698 2562 3752 qua:
2615 3683 2902 3748 dixerant,
2948 3689 3233 3754 paenituit,
3269 3699 3324 3745 et
3375 3705 3465 3743 ve-

1882 3770 1968 3824 nia
1995 3786 2026 3823 a
2057 3769 2223 3825 fratre
2252 3771 2515 3840 postulata
2540 3812 2555 3836 ,
2588 3774 2918 3829 reduxerunt
2943 3775 3009 3829 ad
3037 3777 3314 3847 proprium
3349 3794 3464 3832 mo-

1882 3865 2201 3919 nasterlum.

1951 3956 2162 4011 Accidit
2193 3956 2485 4026 aliquando
2521 3957 2678 4012 fratri
2715 3959 2932 4014 cuidam
2970 3961 3195 4015 tentatio
3230 3961 3280 4014 in
3319 3977 3457 4032 quo-

1879 4047 2002 4101 dam
2033 4049 2392 4113 monasterio,
2423 4051 2512 4116 qui
2542 4050 2664 4103 inde
2690 4061 2970 4119 propterea
2995 4051 3198 4120 ejectus
3222 4063 3322 4108 est.
3355 4053 3452 4108 llic

1881 4139 1933 4191 in
1967 4149 2202 4193 montem
2235 4140 2303 4193 ad
2337 4140 2586 4194 abbatem
2615 4141 2911 4195 Antonium
2939 4143 3216 4208 perrexit,
3249 4144 3460 4198 habita-

1880 4229 2063 4296 vitqne
2097 4229 2170 4284 ibi
2202 4238 2413 4300 tempus
2441 4231 2690 4300 aliquod,
2721 4241 2842 4300 post
2870 4232 3012 4301 quod
3056 4235 3264 4287 remisit
3312 4235 3462 4290 illum

1892 4319 2088 4374 Beatus
2120 4321 2185 4374 ad
2216 4335 2371 4374 suum
2405 4322 2838 4388 monasterium;
2870 4336 3027 4388 quem
3060 4324 3332 4393 suscipere
3371 4343 3468 4380 no-

1881 4411 2125 4474 luerunt,
2157 4411 2252 4464 sed
2278 4409 2600 4480 expulerunt
2626 4427 2834 4466 rursus.
2864 4411 2964 4478 Qui
2996 4428 3244 4469 reversus
3273 4415 3338 4469 ad
3369 4419 3467 4469 ab-

196 4529 227 4569 a
260 4514 516 4578 diabolo;
554 4525 610 4570 et
657 4514 1060 4586 congratulatus
1104 4522 1189 4568 est
1240 4513 1396 4581 ipsis.
1433 4511 1567 4564 Dum
1604 4517 1782 4562 autem
1815 4501 1861 4557 Ι)
1891 4502 2068 4558 batem
2109 4501 2405 4558 Antonium
2455 4502 2590 4556 dixit
2639 4502 2755 4557 illi:
2811 4503 3109 4559 Noluerunt
3160 4521 3245 4560 me
3297 4509 3470 4562 susci-

194 4606 663 4671 confabulabatur,
703 4607 832 4659 vidit
867 4615 1176 4660 venatorem
1219 4603 1477 4668 ferarum,
1507 4611 1558 4655 et
1593 4600 1778 4654 volens

194 4715 352 4754 suum
383 4699 725 4770 fratrumque
751 4699 964 4753 illorum
993 4697 1156 4753 solari
1187 4697 1464 4758 animum,
1493 4694 1632 4749 dixit
1659 4693 1774 4746 illi:

195 4791 239 4845 0
272 4801 509 4855 venator,
547 4807 680 4857 pone
712 4791 960 4860 sagittam
990 4791 1042 4840 in
1077 4804 1205 4841 arcu
1237 4797 1360 4850 tuo,
1394 4795 1441 4838 et
1474 4784 1686 4838 intende
1714 4782 1777 4836 il-

191 4879 300 4930 lum
328 4894 347 4942 ;
381 4879 471 4946 qui
510 4879 762 4932 intendit.
793 4876 893 4931 Cui
943 4877 1020 4930 ait
1054 4875 1257 4929 Beatus
1285 4892 1298 4926 :
1347 4873 1536 4926 Adhuc
1579 4873 1774 4941 fortius

190 4970 426 5022 intende.
472 4967 809 5037 Respondit:
847 4967 906 5020 Si
939 4967 1221 5020 intentlero
1256 4964 1375 5033 plus
1407 4978 1569 5031 quam
1618 4977 1779 5030 opor—

192 5071 264 5112 tul
291 5099 306 5123 ,
337 5058 616 5130 frangetur
640 5074 820 5114 arcus.
847 5057 1000 5113 Tunc
1021 5071 1184 5111 senex
1217 5057 1290 5109 ait
1315 5072 1329 5108 :
1366 5054 1451 5107 Ita
1475 5063 1595 5107 sunt
1619 5069 1778 5121 opera

194 5150 323 5215 Dei,
357 5153 484 5220 quia
517 5153 562 5205 si
599 5152 880 5205 terminum
915 5160 1274 5217 transgressus
1311 5145 1470 5213 fuerit
1505 5146 1691 5207 homo,
1726 5152 1777 5196 et

190 5243 510 5310 Oppresserit
536 5243 730 5310 fratres
750 5281 766 5307 ,
799 5242 953 5295 citius
978 5239 1289 5307 frangentur
1310 5252 1330 5290 .'
1363 5250 1572 5288 necesse
1612 5235 1777 5303 igitur

189 5342 266 5386 est
301 5334 378 5388 eis
405 5335 718 5403 quandoque
754 5333 1044 5403 indulgere.

267 5423 670 5479 Fornicationis
723 5425 1015 5493 aliquando
1069 5419 1416 5476 insimulatus
1465 5426 1548 5472 est
1606 5417 1776 5470 frater

191 5516 414 5586 quidam
448 5519 498 5570 in
525 5531 628 5572 suo
651 5516 1014 5579 monasterio,
1047 5514 1140 5584 qui
1167 5513 1454 5582 egrediens
1481 5509 1604 5564 inde
1632 5507 1780 5563 venit

191 5608 260 5660 ad
301 5608 474 5662 locum
503 5608 719 5663 abbatis
739 5605 980 5660 Antonii.
1017 5602 1171 5658 llunc
1203 5601 1476 5657 subsecuti
1507 5608 1634 5655 sunt
1663 5598 1776 5654 fra-

188 5700 306 5753 tres
327 5696 375 5768 ej
403 5713 445 5752 as
481 5697 838 5762 monasterii,
872 5705 927 5750 et
953 5709 1019 5748 eo
1049 5702 1349 5759 venerunt,
1391 5701 1450 5746 ut
1502 5691 1649 5745 illum
1686 5706 1770 5747 rc-

435 5798 710 5857 l’sraOL.
753 5793 875 5854 Gn.
921 5790 1055 5852 XL.

1889 4609 2038 4662 pere,
2103 4593 2264 4647 Pater
2329 4595 2420 4649 mi.
2477 4594 2565 4649 Ille
2620 4610 2746 4648 vero
2806 4595 2996 4650 iterum
3057 4599 3269 4654 remisit
3322 4600 3466 4654 illum

1887 4687 2072 4740 dicens
2108 4687 2406 4742 fratribus:
2444 4686 2611 4740 Navis
2640 4688 2978 4758 naufragium
3007 4706 3162 4757 passa
3192 4701 3265 4745 est
3296 4705 3343 4745 et
3369 4694 3464 4761 ja-

1885 4787 2124 4844 cturam,
2159 4789 2208 4832 et
2251 4779 2337 4833 vix
2371 4779 2535 4832 ntulto
2572 4778 2752 4834 labore
2795 4781 2846 4833 in
2892 4793 3103 4850 portum
3156 4783 3267 4852 ipsa
3318 4788 3467 4839 navis

1883 4870 2082 4934 evasit;
2117 4887 2252 4924 nunc
2283 4871 2422 4940 quod
2458 4871 2719 4927 salvatum
2751 4882 2867 4936 est,
2903 4877 3060 4927 vultis
3106 4892 3190 4929 vos
3231 4879 3468 4929 submer-

1881 4962 2048 5030 gere?
2080 4961 2158 5016 Illi
2203 4977 2332 5032 ergo
2363 4978 2484 5018 cum
2535 4963 2943 5030 cognovissent,
2985 4981 3105 5019 eum
3159 4967 3227 5020 ab
3274 4967 3467 5020 abbate

1881 5050 2119 5104 Antonio
2165 5049 2331 5104 fuisse
2386 5050 2710 5112 remiswm,
2760 5054 2942 5106 statim
2989 5066 3344 5125 susceperunt
3382 5057 3462 5125 ip-

1881 5154 1998 5195 sum
2035 5156 2155 5194 cum
2185 5142 2400 5211 gaudio.

1954 5231 2090 5286 Tres
2125 5233 2369 5289 seniores
2407 5234 2633 5305 singulis
2667 5239 2826 5291 annis
2861 5237 3030 5292 semel
3064 5237 3339 5307 proficisci
3374 5253 3463 5292 so-

1885 5323 2070 5378 lebant
2103 5325 2170 5378 ad
2202 5323 2266 5379 B.
2303 5325 2554 5382 abbatem
2588 5329 2880 5383 Antonium
2908 5370 2922 5394 ,
2959 5345 2989 5383 e
3025 5330 3224 5397 quibus
3254 5332 3359 5383 duo
3397 5331 3461 5382 il-

1886 5416 1998 5470 lum
2027 5416 2092 5470 de
2124 5417 2238 5471 suis
2267 5419 2682 5486 cogitationibus
2708 5429 2763 5473 et
2794 5421 3096 5474 animarum
3126 5419 3297 5476 salute
3331 5437 3464 5475 cun-

1885 5509 2137 5565 sulebant
2163 5526 2176 5574 ;
2205 5512 2398 5565 tertius
2425 5525 2554 5566 vero
2581 5511 2775 5566 silebat
2803 5524 3068 5580 perpetuo
3095 5551 3109 5575 ,
3142 5520 3195 5565 et
3225 5513 3291 5566 de
3319 5512 3464 5565 nulla

1885 5601 2208 5656 contabatur
2245 5616 2321 5655 re.
2353 5600 2480 5656 Post
2514 5601 2738 5654 multum
2770 5611 2952 5656 autem
2989 5603 3246 5671 temporis
3280 5603 3354 5657 ait
3391 5603 3465 5656 illi

1885 5692 2054 5749 abbas
2094 5695 2401 5750 Antonius:
2432 5693 2650 5747 Jamdia
2695 5693 2762 5747 ad
2803 5709 2884 5747 me
2923 5694 3104 5758 venis,
3140 5704 3186 5747 et
3219 5697 3283 5748 de
3323 5695 3464 5748 nullo

3131 5787 3207 5851 35
