3868 6282
451 334 589 390 1099

1578 330 1847 384 parans
1878 326 2180 386 Αεογρτιι
2220 295 2489 386 suum
2523 330 2607 386 tv.

3599 331 3728 390 Ηῢῦ

451 470 508 505 re
537 467 616 504 nte
644 451 982 520 interrogas?
1019 447 1353 522 Respondit:
1407 449 1614 506 Sufﬁcit
1657 454 1784 506 tnibi
1814 492 1828 516 ,
1871 449 2033 506 Pater
2063 459 2107 511 Α
2150 467 2360 505 marunt
2390 454 2722 507 conterenda
2751 453 2910 508 folia:
2942 467 3127 508 rursus
3146 453 3404 522 surgebat
3432 461 3489 506 et
3512 452 3728 518 orabat,

452 543 524 597 mi
552 580 568 596 .
607 551 659 597 te
691 543 894 598 videre.

525 635 754 701 Quidam
812 635 1005 691 fratres
1052 650 1117 690 ex
1168 635 1408 706 Scythiae
1457 637 1750 692 solitudine
1796 634 2023 706 profecti

453 738 581 780 sunt
621 729 686 781 ad
720 729 778 780 5.
813 727 1063 781 abbatem
1109 727 1435 786 Antonium.
1479 737 1534 780 ct
1578 742 1872 781 conscensa
1911 726 2032 780 navi

455 820 775 872 invenerunt
809 834 992 871 senem
1021 819 1308 886 quemdam
1342 835 1406 872 ex
1443 818 1692 872 l’atribus
1727 832 1886 887 quem
1925 832 2032 870 non

453 908 886 979 cognoscebant,
915 909 1054 962 idem
1085 909 1184 963 iter
1208 911 1575 978 arripientem.
1601 913 1736 964 Cum
1760 927 1888 980 ergo
1912 926 2037 964 con-

453 999 722 1054 sedissent
758 997 957 1053 fratres
994 1000 1044 1052 itt
1087 999 1245 1062 navi,
1283 1001 1351 1055 de
1399 1001 1619 1054 Patrum
1659 1003 1827 1070 gestis
1871 1002 2033 1055 verba

454 1092 634 1148 facere
662 1095 838 1146 exorsi
871 1105 994 1146 sunt
1017 1133 1030 1155 ,
1056 1104 1113 1146 et
1139 1094 1203 1146 de
1232 1094 1529 1162 Scripturis
1557 1110 1618 1148 ac
1641 1095 1897 1161 operibus
1922 1109 2036 1148 ma-

455 1197 620 1236 nuum
669 1179 1041 1235 conferebant.
1091 1182 1268 1237 Senex
1304 1197 1435 1236 vero
1470 1183 1558 1236 ille
1593 1185 1708 1237 lucc
1739 1185 1920 1236 omnia
1957 1192 2038 1235 ta-

453 1285 587 1324 cens
616 1271 888 1325 audiebat.
919 1271 1320 1326 Descendeutcs
1344 1287 1374 1326 e
1405 1272 1527 1325 navi
1557 1281 1925 1342 cognoverunt
1952 1286 2037 1326 se-

455 1378 576 1415 nem
609 1361 757 1414 illum
789 1363 978 1414 eodem
1011 1363 1341 1417 contendere
1374 1364 1575 1419 itinere
1604 1365 1670 1417 ad
1701 1364 1760 1418 S.
1787 1366 2035 1419 abbatem

454 1455 767 1506 Antonium.
801 1453 933 1506 Cum
965 1468 1029 1507 eo
1064 1455 1244 1522 itaque
1272 1456 1643 1522 perveniSseut
1667 1495 1681 1517 ,
1712 1465 1767 1510 et
1797 1456 2041 1526 aspexis-

454 1552 536 1594 set
569 1557 661 1594 eos
692 1543 749 1596 S.
797 1543 1103 1605 Antonius,
1149 1544 1225 1597 ait
1277 1544 1381 1598 illis
1420 1543 1718 1600 fratribus:
1769 1546 2038 1614 Optimum

453 1634 696 1686 comitem
725 1633 866 1686 nacti
895 1633 1016 1686 estis
1043 1634 1181 1686 hunc
1212 1651 1406 1688 senem.
1437 1634 1505 1688 Et
1532 1636 1666 1689 dixit
1696 1637 1810 1690 seni
1840 1654 1854 1690 :
1889 1637 2041 1705 Opti-

456 1742 565 1777 mos
611 1727 822 1778 comites
885 1735 1069 1778 nactus
1112 1738 1168 1779 tu
1215 1743 1417 1796 quoque
1462 1744 1549 1791 es,
1601 1727 1784 1784 Pater.
1817 1729 1913 1784 Cui
1949 1745 2038 1783 re-

2137 552 2192 595 et
2227 553 2338 596 tum
2370 545 2522 612 Operi
2554 543 2917 598 incumbebat.
2950 542 3051 610 Qui
3088 553 3265 598 autem
3302 544 3421 598 haec
3451 543 3726 608 faciebat,

2139 631 2364 699 angelus
2393 642 2513 687 erat
2548 631 2641 687 Dei
2671 633 2965 699 immissus,
2991 642 3052 686 ut
3077 633 3287 688 animos
3313 633 3542 686 adderet
3562 632 3728 686 Anto-

2141 725 2251 789 nio,
2272 735 2326 779 et
2354 727 2617 782 excitaret
2645 729 2711 782 ad
2745 727 3136 782 fortitudinem.
3158 725 3311 781 Tunc
3331 728 3406 779 ait
3427 727 3534 795 ipsi
3571 740 3734 794 ange-

2137 815 2224 869 lus
2250 816 2337 872 ille
2367 836 2380 871 :
2413 821 2500 872 Ita
2531 818 2639 886 fac,
2660 819 2872 882 Antoni,
2891 829 2937 872 et
2965 818 3269 871 salvaberis.
3294 817 3505 883 Quibus
3538 817 3736 886 auditis

2137 903 2295 958 valde
2320 906 2556 975 gavisus,
2588 917 2640 961 et
2679 907 2921 962 imitatus
2945 923 3080 977 opus
3113 907 3274 972 illitts,
3308 907 3559 962 salvatus
3595 918 3702 962 est.
3759 951 3764 957 .

2211 995 2405 1049 Fertur
2450 996 2704 1063 juvenem
2739 999 3024 1066 quemdam
3049 1000 3374 1054 monachum
3405 999 3736 1053 miraculum

2142 1087 2196 1140 in
2225 1087 2310 1140 via
2332 1098 2702 1158 perpetrasse,
2730 1091 3043 1146 videntibus
3066 1092 3376 1146 senioribus
3402 1092 3736 1160 quibusdam

2142 1179 2248 1232 iter
2294 1179 2640 1234 facientibus.
2696 1181 3013 1236 Miraculum
3044 1193 3222 1237 autem
3253 1183 3573 1251 bujusmodi
3607 1182 3734 1235 fuit:

2142 1266 2277 1321 Cum
2313 1268 2384 1323 ob
2417 1270 2642 1325 nimiam
2692 1272 3068 1328 lassitudinem
3119 1274 3331 1328 itineris
3358 1273 3627 1328 sederent
3660 1289 3742 1327 se-

2144 1357 2572 1428 niores-quidam
2603 1363 2655 1414 in
2687 1363 2770 1415 via
2794 1402 2810 1426 ,
2845 1364 3101 1433 praecepit
3129 1364 3344 1431 juvenis
3388 1363 3485 1416 ille
3517 1365 3741 1432 onagris

2142 1449 2232 1518 qui
2266 1449 2339 1504 ibi
2374 1465 2542 1520 prope
2570 1454 2902 1520 pascebant,
2958 1464 3017 1507 ut
3068 1455 3345 1507 venientes
3385 1464 3742 1522 asportarent

2145 1543 2393 1597 seniores
2425 1543 2545 1598 illos
2575 1544 2643 1598 ad
2674 1545 2792 1598 loca
2819 1531 2917 1599 sua
2944 1561 2959 1607 ;
2990 1545 3131 1614 quod
3163 1545 3344 1598 statim
3373 1545 3578 1613 onagri
3611 1560 3742 1612 prm-

2146 1633 2422 1687 stiterunt.
2453 1632 2608 1699 Quod
2643 1634 2886 1688 seniores
2921 1632 2980 1687 S.
3009 1633 3189 1687 abbati
3223 1632 3468 1687 Antonio
3489 1673 3506 1697 ,
3546 1648 3617 1687 eo
3647 1648 3740 1701 ap-

2147 1721 2414 1791 pellentes
2439 1763 2455 1787 ,
2489 1723 2820 1779 indicarunt.
2860 1723 2964 1790 Qtti
2995 1724 3072 1777 ait
3107 1723 3209 1776 illis
3239 1741 3251 1776 :
3292 1721 3492 1792 Utique
3526 1741 3741 1790 compa—

457 1818 672 1885 spoudit
723 1831 887 1870 senex
919 1835 931 1869 :
965 1817 1162 1884 Optimi
1199 1817 1414 1886 quidem
1452 1821 1536 1872 isti
1573 1833 1697 1876 sunt
1718 1863 1732 1882 ,
1764 1823 1857 1876 sed
1895 1824 2038 1890 ipso-
2073 1803 2114 1859 Β
2145 1815 2282 1868 ratio
2307 1816 2549 1869 monachi
2575 1814 2735 1884 ltujus
2757 1832 2912 1884 penes
2938 1832 3017 1868 me
3047 1817 3299 1868 inslarest
3321 1816 3468 1868 navis
3491 1814 3740 1866 omnibus

457 1925 574 1963 rum
601 1909 793 1962 domus
812 1907 973 1976 jauua
1002 1919 1151 1962 caret
1179 1929 1190 1963 :
1221 1925 1387 1978 quare
1407 1911 1499 1980 qui
1530 1912 1803 1966 stabulum
1835 1914 2038 1981 ingredi

456 1999 605 2065 vult,
635 2009 690 2052 et
723 1999 934 2052 asinum
965 2000 1177 2053 solvere
1210 2011 1263 2054 ct
1293 2002 1596 2064 abducere,
1634 2003 1835 2056 nullum
1876 2005 2041 2058 babe-

459 2091 533 2144 bit
563 2091 964 2160 prohibentem.
993 2091 1199 2156 Quibus
1227 2107 1392 2146 senex
1425 2093 1687 2148 iunucbat
1711 2135 1726 2158 ,
1753 2111 1848 2150 eos
1881 2097 2037 2151 obvia

455 2197 681 2252 qumque
715 2180 911 2250 linguis
948 2182 1261 2250 protulisse.

527 2271 723 2327 Fertur
759 2273 981 2327 fratrem
1011 2275 1321 2342 quemdam,
1354 2279 1554 2334 mundo
1572 2291 1898 2350 contempto,
1923 2297 2040 2337 om-

469 2367 558 2417 nia
595 2380 716 2433 qua:
743 2365 1090 2432 possidebat,
1125 2368 1338 2421 u-odico
1367 2368 1432 2420 ad
1462 2371 1710 2438 proprias
1740 2374 2036 2428 necessita-

461 2467 544 2511 tes
573 2455 937 2510 sublcvandas
972 2465 1201 2519 retento,
1255 2473 1510 2527 erogasse
1543 2461 1596 2514 itt
1647 2477 1912 2531 pauperes
1937 2504 1952 2527 ,
1986 2473 2040 2517 et

458 2546 524 2599 ad
560 2545 616 2599 S.
659 2547 950 2598 Antonium
1000 2561 1058 2599 se
1099 2548 1393 2618 recepisse.
1443 2548 1613 2614 Quem
1646 2566 1768 2606 cum
1817 2553 2040 2609 intuitus

457 2646 603 2690 esset
653 2650 846 2696 senex,
884 2647 937 2688 et
973 2635 1118 2688 illutn
1169 2639 1548 2705 cognovisset,
1583 2641 1658 2694 ait
1695 2642 1808 2696 illi:
1859 2643 1921 2697 Si
1961 2645 2038 2698 vis

457 2727 572 2802 ﬁeri
606 2731 890 2778 monac/tus
911 2765 923 2786 .
962 2729 1090 2778 unde
1122 2726 1192 2778 ad
1226 2727 1332 2780 tale
1367 2728 1647 2796 Oppidum,
1680 2748 1790 2786 eme
1817 2750 2036 2799 carnes,

456 2817 717 2871 subtiliter
742 2816 944 2869 disseca
967 2857 982 2880 ,
1027 2827 1072 2869 et
1119 2829 1305 2871 exutus
1331 2821 1554 2874 vestibus
1579 2823 1836 2888 suspende
1862 2841 1889 2876 e
1918 2823 2040 2876 bra-

456 2916 588 2969 chiis
631 2927 677 2969 et
724 2916 999 2978 manibus,
1043 2926 1090 2967 et
1134 2915 1235 2968 huc
1283 2931 1551 2972 revertere.
1598 2919 1752 2986 Quod
1789 2922 2040 2988 pt'mstitit

457 3007 624 3062 frater
665 3007 790 3071 ille,
837 3017 894 3060 ut
961 3022 1125 3061 sese:
1172 3021 1544 3078 praeceperat;
1593 3013 1688 3066 sed
1732 3029 1798 3066 en
1843 3029 2036 3077 canes,

458 3114 582 3153 aves
614 3110 668 3152 et
696 3098 993 3152 crabrones
1031 3097 1180 3152 illum
1210 3099 1563 3154 circumdant
1586 3141 1601 3164 ,
1629 3113 1683 3156 et
1709 3105 1925 3158 vulnera
1957 3106 2040 3160 in-

459 3185 645 3258 fligunt
671 3189 936 3241 manibus.
963 3187 1095 3243 Cum
1125 3197 1308 3241 autem
1335 3190 1677 3257 pervenisset
1710 3194 1776 3246 ad
1813 3208 1998 3248 senem
2024 3233 2040 3259 ,

458 3287 515 3330 et
557 3278 959 3344 interrogatus,
1005 3294 1073 3331 au
1128 3277 1344 3333 fecisset
1373 3281 1516 3347 quod
1563 3282 1637 3334 illi
1670 3294 2042 3352 prarceperat,

457 3369 715 3438 conqueri
759 3370 956 3438 cmpit,
1005 3369 1294 3424 ostendens
1341 3371 1563 3426 vulnera
1597 3389 1714 3428 sua.
1748 3375 1845 3428 Cui
1875 3376 2044 3430 abbas

456 3459 724 3516 Antonius
748 3461 856 3515 ait:
886 3459 987 3525 Qui
1013 3462 1268 3514 mundum
1298 3466 1584 3517 contemnit
1611 3505 1626 3530 ,
1653 3467 1750 3518 etsi
1777 3467 2041 3519 modicum

459 3553 706 3616 retineat,
749 3553 822 3605 ita
859 3554 1022 3606 evenit
1059 3554 1178 3616 illi;
1225 3553 1588 3607 vulnerabitur
1621 3557 1757 3608 enim
1795 3573 1827 3610 a
1858 3558 2042 3611 diabo-

457 3642 552 3706 lis,
581 3653 627 3695 et
656 3643 1024 3696 certaminibus
1051 3644 1369 3698 dilaceratus
1394 3647 1715 3700 succumbet.

532 3733 728 3786 Fertur
756 3735 821 3786 de
844 3733 900 3786 S.
936 3735 1132 3789 abbate
1165 3736 1422 3798 Antoniu,
1457 3738 1624 3805 quod,
1669 3753 1789 3792 cum
1827 3739 1879 3793 itt
1913 3741 2045 3794 soli-

463 3829 647 3883 tudine
670 3830 898 3881 scdisset
917 3828 1230 3895 aliquando,
1250 3838 1304 3880 et
1329 3828 1772 3897 pusillanimitate
1798 3847 1862 3887 ac
1889 3836 2045 3889 taedio

462 3919 686 3975 aﬂectuc
721 3927 899 3982 esset,
931 3929 1096 3988 atque
1127 3920 1379 3973 tenebras
1407 3920 1506 3987 ipsi
1536 3921 1894 3978 obduxissent
1927 3924 2044 3993 ejus

462 4010 825 4080 cogitationes
848 4050 861 4072 ,
895 4009 1143 4078 querelas
1175 4007 1399 4064 fundere
1430 4010 1495 4062 ad
1515 4009 1692 4064 ‘Deum
1746 4015 1911 4082 erepit
1932 4053 1947 4077 ,
1981 4031 2045 4070 ac

461 4103 641 4155 dicere
670 4120 680 4152 ;
723 4099 945 4154 Domine
971 4141 984 4164 ,
1019 4101 1130 4154 t-olo
1158 4100 1392 4167 salvari,
1421 4102 1511 4154 sed
1538 4103 1884 4171 cogitationes
1916 4123 2044 4162 mea:

458 4205 788 4259 nequaquam
832 4191 960 4242 mihi
1015 4192 1342 4258 permittunt.
1393 4190 1534 4257 Quid
1573 4209 1695 4263 ergo
1747 4194 1941 4264 faciam
1981 4200 2045 4253 de

456 4280 783 4350 passionibus
812 4280 936 4334 meis
958 4320 973 4343 ,
1005 4293 1050 4334 et
1085 4284 1347 4350 quomodo
1382 4283 1673 4339 salvabor?
1707 4287 1773 4342 Et
1807 4290 1928 4345 inde
1959 4307 2046 4347 se-

453 4371 656 4426 cedens
699 4369 971 4438 paululum
1020 4372 1160 4426 sedit
1191 4371 1295 4425 alio
1327 4371 1379 4425 in
1415 4372 1576 4440 loco;
1622 4387 1678 4431 et
1717 4392 1847 4434 ecce
1894 4383 2040 4436 videt

2143 1917 2345 1963 onusta!
2364 1910 2548 1974 bonis;
2569 1910 2659 1962 sed
2686 1926 2754 1976 an
2777 1909 2922 1963 salva
2947 1909 3016 1962 ad
3039 1918 3247 1977 portum
3276 1909 3528 1976 appellet,
3547 1909 3741 1960 nescio.

2146 1998 2272 2053 Post
2309 1999 2526 2068 aliquod
2573 2007 2755 2052 autem
2789 1999 3050 2068 temporis
3076 2038 3090 2063 ,
3122 1999 3321 2052 factum
3360 1999 3744 2054 nescientibus

2145 2092 2202 2146 S.
2246 2090 2424 2144 Patris
2468 2091 2778 2161 discipulis,
2829 2105 2960 2146 ecce
2992 2090 3206 2158 plorare
3250 2105 3460 2157 senex,
3516 2089 3745 2158 capillos

2141 2183 2373 2238 evellere
2397 2222 2412 2247 ,
2446 2192 2500 2236 et
2550 2183 2826 2252 ingemere
2852 2182 3064 2237 fortiter
3089 2181 3423 2250 aggreditur.
3452 2181 3557 2236 Cui
3591 2181 3747 2235 disci-

2146 2273 2256 2342 puli
2295 2273 2488 2328 aiuut:
2522 2271 2682 2338 Quid,
2719 2272 2902 2336 Pater,
2952 2271 3159 2326 babes?
3187 2270 3489 2341 Respondit
3524 2287 3700 2327 senex
3730 2293 3741 2325 :

2145 2363 2342 2433 Magna
2383 2361 2636 2418 Ecclesia:
2681 2364 2925 2418 columna
2972 2366 3156 2418 cecidit
3206 2369 3303 2417 hac
3345 2365 3480 2418 liora
3506 2407 3524 2426 ,
3565 2383 3747 2434 nempe

2131 2452 2340 2521 juvenis
2373 2452 2463 2505 ille
2495 2453 2582 2506 cui
2635 2453 2936 2507 obedierunt
2972 2455 3200 2522 onagri:
3244 2456 3334 2508 sed
3376 2453 3636 2520 festinate
3665 2459 3733 2508 ad

2139 2544 2290 2597 illum
2312 2584 2327 2608 ,
2357 2553 2406 2598 et
2433 2543 2558 2614 quid
2597 2545 2672 2598 rei
2703 2545 2895 2598 accidit
2931 2545 3012 2598 illi
3048 2547 3235 2599 videte.
3270 2543 3516 2599 Profecti
3552 2557 3737 2601 autem

2143 2636 2390 2706 discipuli
2419 2637 2744 2691 invenerunt
2773 2638 3099 2692 monachum
3133 2637 3413 2692 sedentem
3441 2653 3615 2708 super
3643 2651 3747 2692 sto-

2143 2743 2257 2788 rea.
2295 2729 2602 2798 plorantem
2641 2743 2704 2781 ac
2731 2737 3034 2797 gementem
3068 2744 3164 2799 pro
3191 2736 3418 2794 peccato
3448 2731 3599 2797 quod
3628 2746 3746 2799 per-

2140 2830 2464 2888 petraverat.
2513 2820 2614 2887 Qui
2661 2835 2784 2874 cum
2829 2819 3054 2874 vidisset
3087 2819 3379 2888 discipulos
3440 2821 3638 2884 senis,
3672 2823 3746 2874 ait

2146 2910 2250 2963 illis
2278 2927 2292 2964 :
2324 2908 2534 2979 Rogate
2579 2923 2762 2964 senem
2783 2950 2798 2975 ,
2826 2925 3010 2978 quaeso
3033 2950 3048 2975 ,
3078 2920 3136 2963 ut
3167 2911 3298 2964 mihi
3334 2925 3363 2962 a
3401 2909 3515 2964 Deo
3554 2913 3744 2980 depre-

2142 3012 2297 3057 cetur
2332 3003 2522 3058 decem
2556 3001 2766 3055 dierum
2800 3002 2921 3055 vita:
2951 3002 3184 3070 spatium
3208 3040 3224 3064 ,
3259 3009 3316 3052 ιιι
3345 3002 3734 3068 paenitentiam

2147 3109 2324 3163 agam.
2361 3091 2465 3148 Sed
2504 3101 2628 3146 ante
2663 3091 2904 3162 quinque
2935 3091 3052 3146 dies
3081 3092 3332 3146 decessit.

2217 3183 2411 3260 Fertur
2453 3183 2512 3239 S.
2564 3185 2879 3246 Antonium,
2914 3185 3216 3253 perculsum
3267 3186 3566 3255 aliquando
3617 3203 3742 3257 pro-

2147 3279 2410 3332 funditate
2450 3278 2778 3346 iudiciorum
2829 3279 2920 3332 Dei
2951 3278 3176 3349 ejusque
3218 3279 3695 3350 dispensationum
3721 3323 3738 3345 ,

2153 3387 2340 3424 orasse
2371 3381 2532 3439 atque
2584 3371 2784 3424 dixisse
2812 3385 2826 3421 :
2857 3369 3079 3424 Domine
3105 3411 3119 3434 ,
3147 3371 3408 3441 quomodo
3465 3373 3741 3426 hominum

2158 3462 2374 3531 quidam
2405 3461 2474 3513 ad
2505 3471 2816 3515 senectutem
2846 3464 3150 3529 perveniunt
3182 3474 3229 3517 et
3257 3464 3584 3531 decrepitam
3617 3478 3743 3520 arta-

2145 3563 2246 3606 tem
2267 3593 2281 3616 ,
2312 3552 2405 3604 alii
2432 3551 2659 3619 infantes
2691 3553 2988 3605 moriuntur
3019 3562 3068 3606 et
3099 3555 3238 3607 brevi
3270 3555 3489 3610 vivunt?
3517 3559 3590 3608 Et
3623 3573 3744 3623 quo-

2146 3644 2301 3696 modo
2342 3659 2592 3712 pauperes
2643 3644 2855 3713 quidam
2900 3653 3055 3709 sunt,
3095 3645 3188 3698 alii
3234 3662 3350 3700 vero
3392 3648 3590 3700 divites
3619 3649 3646 3700 .9
3681 3647 3740 3699 Et

2146 3735 2404 3797 quomodo
2435 3734 2648 3804 tyranni
2683 3743 2728 3787 et
2770 3751 3096 3804 Oppresseres
3124 3750 3509 3806 prosperantur
3559 3758 3629 3794 ac
3671 3744 3744 3793 di-

2147 3834 2348 3889 tantur,
2367 3824 2503 3893 justi
2536 3840 2652 3878 vero
2681 3827 3058 3892 conﬂictantur
3084 3829 3523 3885 tribulationibus
3577 3842 3629 3884 et
3672 3835 3744 3884 in~

2149 3919 2270 3987 apia
2299 3918 2323 3970 .9
2352 3917 2484 3971 Cum
2517 3926 2695 3970 autem
2733 3917 2822 3971 diu
2866 3919 3188 3986 pensitando
3235 3921 3550 3987 laboraret,
3592 3927 3743 3978 venit

2146 4012 2214 4065 ad
2246 4011 2392 4065 illum
2425 4025 2527 4064 vox
2558 4010 2780 4064 dicens:
2814 4012 3045 4076 Antoni,
3071 4014 3304 4081 prospice
3334 4016 3464 4078 tibi,
3500 4024 3554 4069 et
3587 4017 3744 4087 judi-
3787 4053 3792 4060 .

2147 4103 2230 4156 cia
2261 4101 2358 4154 Dei
2393 4117 2455 4155 ne
2485 4103 2811 4172 pervestiges.

2219 4192 2411 4247 Fertur
2445 4197 2502 4247 5.
2535 4195 2783 4248 abbatem
2817 4194 3114 4248 Antonium
3150 4196 3351 4251 dixisse
3381 4218 3394 4252 :
3435 4196 3559 4251 Vidi
3619 4201 3742 4267 Spi-

2150 4286 2308 4339 ritum
2350 4284 2447 4338 Dei
2485 4285 2879 4339 descendentem
2926 4280 3083 4352 Super
3113 4299 3214 4341 tres
3253 4305 3508 4357 personas
3531 4328 3549 4352 ,
3586 4307 3742 4358 super

2148 4376 2384 4430 abbatem
2427 4375 2815 4438 Athanasium,
2845 4387 2892 4429 et
2924 4377 3079 4431 datus
3110 4389 3185 4432 est
3221 4380 3270 4431 ei
3296 4381 3740 4448 patriarcltatus;

457 4465 732 4520 hominem
759 4465 1044 4531 quemdam
1068 4474 1238 4519 totum
1269 4478 1587 4534 occupatum
1617 4470 1666 4523 in
1699 4471 1884 4528 labore
1932 4490 2039 4529 ma-

2150 4483 2299 4536 super
2338 4468 2576 4520 abbatem
2621 4467 3001 4534 Pacltomium,
3035 4479 3085 4523 et
3115 4471 3271 4524 datus
3294 4480 3368 4525 est
3398 4473 3448 4526 ei
3475 4475 3742 4543 primatus

456 4568 621 4606 unum
644 4566 898 4614 suarum,
925 4552 1014 4620 qui
1043 4561 1153 4606 tum
1181 4553 1460 4622 surgebat,
1483 4555 1673 4610 relicto
1693 4571 1889 4626 opere,
1913 4576 2038 4615 ora-

456 4643 579 4707 bat,
617 4645 922 4713 iterumque
957 4643 1340 4700 revertebatur
1372 4647 1439 4699 ad
1473 4660 1607 4715 opus
1630 4685 1644 4712 ,
1695 4663 1887 4718 nempe
1929 4652 2037 4717 pal.

2150 4559 2526 4613 ctenobitarum
2549 4575 2567 4621 ;
2590 4573 2744 4625 super
2767 4558 3006 4614 abbatem
3032 4560 3366 4615 Macharium
3391 4603 3405 4626 ,
3430 4574 3480 4617 et
3510 4565 3644 4618 data
3667 4576 3741 4620 est

2149 4653 2196 4705 ei
2225 4651 2399 4720 gratia
2431 4651 2788 4704 curationum.

1382 4815 1719 4876 MONACHO
1758 4818 2094 4888 QUOMODO
2131 4826 2259 4881 EST
2313 4823 2808 4881 PSALI.ENI)UM.

526 4955 716 5012 Junior
740 4954 959 5022 quidam
989 4956 1289 5008 monachus
1313 4995 1326 5019 ,
1364 4954 1423 5008 D.
1463 4955 1682 5012 Antonii
1717 4958 1926 5014 abbatis
1955 4961 2038 5014 di-

453 5045 692 5118 scipulus
713 5083 728 5109 ,
773 5044 971 5098 missus
1016 5050 1100 5097 est
1128 5043 1426 5113 aliquando
1463 5059 1493 5098 a
1526 5047 1789 5116 magistro
1812 5086 1828 5111 ,
1868 5057 1924 5102 ttt
1954 5065 2042 5104 se-

454 5154 579 5195 nem
612 5133 934 5190 monachum
955 5175 970 5200 ,
1004 5135 1262 5188 virtutum
1292 5134 1559 5190 celebrem
1624 5135 1766 5190 fama
1790 5177 1806 5202 ,
1841 5137 2042 5193 invise-

457 5242 575 5296 ret;
610 5228 702 5298 qtti
739 5243 861 5282 cum
897 5226 1044 5280 illum
1079 5227 1300 5281 adiisset
1343 5237 1506 5295 atque
1542 5227 1872 5295 salutasset,
1910 5231 1987 5284 ait
2022 5249 2035 5285 :

457 5321 731 5388 Quomodo
756 5318 896 5374 vales
916 5362 929 5383 ,
965 5318 1129 5372 Pater
1161 5319 1230 5371 mi
1255 5320 1280 5373 ?
1319 5316 1580 5381 Pessime,
1616 5321 1900 5387 respondit
1948 5336 2038 5376 se-

457 5417 597 5470 nior.
623 5411 972 5481 Curijunior
1025 5411 1219 5480 ittquit.
1248 5410 1385 5474 Quia
1407 5451 1423 5472 ,
1451 5411 1631 5465 subdit
1657 5411 1859 5479 senior,
1886 5416 2042 5468 trice-

454 5507 618 5560 simus
652 5508 826 5573 agitur
845 5503 964 5570 jam
996 5519 1166 5555 annus
1187 5543 1200 5564 ,
1233 5517 1296 5556 ea:
1323 5518 1424 5572 quo
1460 5519 1579 5554 sum
1621 5503 1676 5556 in
1715 5503 1811 5556 hoc
1839 5505 2040 5560 deserto

457 5594 722 5666 religionis
769 5607 932 5663 ergo;
973 5602 1147 5648 tamen
1193 5603 1302 5650 toto
1345 5592 1442 5648 ltoc
1488 5602 1718 5665 tempore
1765 5596 2034 5653 orationes

540 5770 586 5803 “
611 5774 752 5832 Psal.
782 5791 984 5841 cxvttt,
1018 5777 1110 5830 21.

2150 4979 2278 5016 mea:
2321 4970 2443 5015 sunt
2491 4974 2679 5015 contra
2733 4979 2858 5016 me:
2912 4980 3030 5015 nam
3079 4965 3310 5034 quotidie
3348 4977 3536 5023 memet
3566 4972 3738 5039 ipsum

2149 5069 2310 5106 orans
2341 5051 2597 5106 maledico
2624 5069 2644 5118 ;
2678 5052 2841 5106 Deum
2866 5092 2881 5116 ,
2919 5069 2980 5105 ne
3006 5055 3313 5110 misereatur
3342 5061 3441 5112 mei
3465 5102 3482 5123 ,
3521 5080 3738 5128 precor;

2147 5154 2195 5197 et
2220 5160 2395 5197 omnes
2417 5145 2623 5196 demum
2647 5161 2820 5212 preces
2844 5161 2972 5198 mea:
2993 5157 3114 5199 sunt
3148 5151 3476 5202 mendacium
3499 5169 3561 5204 ac
3585 5158 3738 5206 terim

2147 5235 2350 5289 inania.
2380 5235 2585 5302 Quibus
2611 5237 2871 5290 attonitus
2896 5239 3073 5293 verbis
3097 5243 3392 5295 monachus
3418 5241 3507 5297 ille
3531 5244 3736 5311 iunior,

2151 5327 2226 5379 ait
2252 5345 2264 5380 :
2299 5326 2573 5392 Quomodo
2598 5328 2708 5380 Ittrc
2729 5366 2744 5390 ,
2774 5327 2932 5380 Pater
2965 5333 3034 5381 mi
3062 5333 3086 5386 ζ)
3120 5331 3257 5396 Quin
3277 5373 3291 5395 ,
3331 5338 3618 5403 respOudit
3665 5355 3736 5390 se-

2153 5417 2291 5480 ttior,
2323 5415 2529 5494 declina
2563 5433 2594 5468 (ι
2627 5416 2889 5470 mandatis
2922 5417 3050 5482 Dei,
3077 5430 3246 5473 tamen
3272 5422 3546 5486 psallendo
3574 5426 3696 5477 dico
3720 5440 3736 5473 :

2156 5524 2175 5557 ε
2209 5505 2527 5560 Maledictus
2550 5546 2564 5571 ,
2592 5509 2687 5572 qui
2715 5510 2942 5562 declinat
2973 5528 3003 5562 a
3035 5512 3301 5566 mandatis
3333 5515 3439 5566 tuis
3475 5515 3543 5567 ⁸³.
3571 5534 3590 5566 s
3627 5515 3736 5566 Ini-

2141 5602 2367 5670 quitates
2420 5613 2656 5672 perpetro
2689 5643 2703 5668 ,
2773 5615 2882 5658 tum
2939 5607 3134 5659 cantito
3177 5622 3198 5661 .°
3239 5624 3258 5658 t
3294 5606 3380 5663 Ne
3433 5612 3734 5665 miserearis
