3872 6278
254 272 385 328 1101

1241 269 1608 330 VARIORUM
1645 272 1951 332 REGULIE
1986 275 2079 331 AD
2102 277 2496 334 MONAGHOS.

3371 274 3502 330 “0?.

242 388 500 452 omnibus,
529 388 619 456 qui
647 396 929 457 operantur
953 385 1362 455 iniquitatem".
1391 407 1411 440 ι
1441 388 1716 443 Mendacia
1753 389 1829 456 ρῙ-
1856 399 1904 457 Α
1934 391 2166 445 laborem
2223 409 2390 446 meum
2416 434 2428 458 ,
2484 404 2531 446 et
2587 393 2791 446 dimitte
2835 391 2960 444 mihi
3006 391 3244 444 universa
3287 401 3502 457 peccata

241 478 375 545 {utio
402 520 416 542 ,
443 488 492 532 et
521 495 612 534 ora
642 477 810 532 Deum
839 491 857 529 :
909 495 929 528 ε
960 476 1155 531 Perdes
1187 494 1364 532 omnes
1410 480 1500 549 qui
1534 479 1822 548 loquuntur

243 571 572 623 mendacium
603 571 672 624 ".
707 589 726 622 ι
758 567 920 623 Totus
950 585 1066 623 sum
1105 570 1160 622 in
1199 569 1328 622 cibis
1374 570 1728 639 apparandis,
1774 579 1821 623 et

239 660 377 730 gula:
419 661 751 729 crapulwque
803 661 1045 727 deditus,
1097 661 1430 727 impudenter
1480 679 1658 715 coram
1716 661 1822 716 Deo

241 747 448 814 fundo:
493 767 511 800 ι
543 748 749 802 Oblitus
779 766 896 802 sum
937 750 1206 804 comedere
1243 767 1428 818 panem
1479 769 1648 805 meum
1697 751 1764 804 ".
1799 772 1817 804 ι

247 840 484 909 Pigritia:
510 857 572 893 ac
605 857 785 893 somno
810 843 939 894 satis
968 841 1235 910 indulgeo,
1271 854 1319 895 et
1352 844 1524 896 media
1548 844 1710 911 ferme
1741 846 1825 897 die

239 932 460 984 decanto
493 931 633 984 Deo:
661 950 678 982 ι
711 931 890 985 Media
921 940 1067 985 nocte
1094 931 1368 1001 surgebam
1386 934 1453 988 ad
1475 935 1823 1002 conﬁtendum

241 1022 334 1075 tibi
373 1023 436 1076 ⁵³.
474 1040 492 1072 ι
528 1022 782 1076 Sedulam
833 1021 1028 1091 requiei
1066 1037 1197 1074 navo
1234 1038 1441 1089 operam
1485 1034 1534 1076 et
1569 1023 1824 1091 jucunda:

240 1114 390 1176 vitm,
427 1112 756 1180 laboremque
799 1111 1046 1180 refugio;
1078 1121 1238 1181 atque
1277 1113 1444 1178 psallo
1490 1124 1642 1168 tum:
1675 1131 1694 1165 ‹
1720 1113 1827 1166 La-

241 1204 421 1256 boravi
450 1204 502 1254 in
542 1206 730 1272 gemitu
762 1219 874 1257 meo
901 1202 968 1254 ⁸³.
1001 1221 1019 1252 ι
1051 1200 1237 1267 Risui,
1268 1203 1474 1256 lwtitiw
1500 1221 1560 1256 ac
1586 1206 1823 1258 omnibus

242 1296 526 1348 mundanis
556 1296 811 1349 illecebris
842 1297 1068 1364 impense
1097 1300 1278 1349 studeo
1309 1313 1326 1357 ;
1373 1296 1481 1348 alta
1523 1306 1698 1348 tamen
1734 1297 1822 1349 in-

243 1398 366 1441 tona
392 1405 508 1440 voce
530 1403 549 1442 :
580 1405 598 1438 ‹
630 1385 870 1440 Fuerunt
902 1387 1028 1441 mihi
1058 1387 1306 1456 laci-gina:
1345 1403 1473 1440 mea:
1512 1403 1702 1454 panes,
1739 1387 1826 1440 die

241 1497 306 1533 ac
339 1491 485 1533 nocte
513 1479 579 1531 “.
611 1501 630 1531 ι
662 1478 766 1533 Cor
797 1495 965 1532 meum
1005 1480 1059 1531 in
1090 1479 1370 1532 mundanis
1400 1477 1745 1547 dignitatibus
1776 1487 1824 1531 et

244 1569 528 1622 honoribus
558 1567 834 1634 captandis
868 1575 1034 1621 totum
1063 1577 1136 1620 est
1165 1567 1386 1634 inﬁxum
1407 1607 1422 1629 ,
1461 1578 1508 1619 et
1547 1567 1718 1620 media
1752 1567 1822 1620 ad

241 1671 433 1713 metam
463 1675 662 1726 semper
703 1660 1032 1723 meditatur;
1059 1660 1312 1712 audacter
1352 1657 1699 1710 nihilominus
1734 1673 1823 1709 0c—

1928 500 2039 536 inea
2063 485 2130 538 ³⁷.
2166 503 2183 536 ι
2213 483 2319 540 Cor
2345 502 2516 539 meum
2543 485 2610 537 ad
2641 485 2819 537 divina
2846 483 3198 551 suscipienda,
3229 497 3506 550 exsequen-

1925 575 2094 642 daque
2122 577 2219 630 Dei
2249 578 2501 630 mandata
2537 593 2866 645 nequaquam
2898 585 3145 644 paratum
3183 583 3300 638 est;
3335 573 3502 642 psallo

1927 678 2099 721 tamen
2125 685 2142 722 ἔ
2173 687 2192 719 1
2229 666 2488 721 Paratum
2530 685 2619 721 (ἷοΥ
2661 683 2861 731 meum,
2907 666 3078 726 Deus.
3123 675 3370 733 paratum
3415 681 3505 716 (⁸01⁵

1926 773 2097 812 meum
2144 760 2213 814 ⁵⁸.
2243 780 2261 811 s
2305 759 2435 814 Cum
2469 760 2578 812 hu'c
2626 776 2745 828 ergo
2785 760 2857 811 ita
2885 773 2994 812 sese
3033 758 3296 821 habeant,
3339 773 3504 810 nonne

1928 849 2053 901 mihi
2087 850 2376 902 timendum
2403 861 2476 903 est
2501 891 2512 914 ,
2541 850 2679 918 quod
2711 849 2910 918 [rustra
2938 848 3166 901 stadium
3198 851 3294 900 hoc
3318 864 3504 900 cucur-

1927 939 2144 1001 rissem,
2178 937 2483 992 delusissem
2518 939 2905 1002 veritatem,-et
2945 938 3153 1004 praemii
3195 936 3308 989 loco
3351 940 3505 989 meri-

1928 1035 2008 1078 tus
2040 1041 2200 1077 essem
2232 1027 2538 1093 supplicia?

1998 1114 2078 1167 Ad
2115 1114 2230 1168 hanc
2260 1115 2444 1182 junior
2475 1117 2548 1167 ait
2586 1115 2884 1168 monachus
2912 1131 2925 1166 :
2961 1115 3127 1166 Pater
3160 1116 3230 1166 mi
3257 1154 3271 1177 ,
3312 1118 3409 1168 ista
3441 1117 3504 1168 de

1927 1223 1980 1258 se
2015 1208 2128 1273 ipso
2156 1207 2370 1273 protulit
2411 1207 2612 1270 David,
2650 1223 2753 1260 non
2795 1209 3001 1275 quidem
3030 1209 3092 1261 de
3137 1208 3283 1261 nobis
3320 1225 3505 1260 mona—

1928 1297 2057 1350 chis.
2092 1296 2185 1349 Cui
2224 1313 2329 1352 non
2369 1297 2484 1350 sine
2517 1297 2763 1364 suspiriis
2806 1306 2860 1350 ct
2926 1296 3215 1352 uberrimis
3252 1297 3504 1367 lacrymis

1931 1387 2205 1456 respondit
2257 1388 2442 1442 senior
2488 1387 2619 1442 ille:
2669 1385 2774 1439 Fili
2819 1389 2922 1452 mi,
2972 1396 3108 1441 certe
3157 1388 3258 1440 nisi
3285 1405 3344 1441 ea
3387 1405 3504 1455 qua:

1927 1480 2054 1534 olim
2098 1495 2210 1534 vere
2248 1481 2311 1533 de
2355 1496 2408 1533 se
2446 1479 2558 1545 ipso
2598 1480 2782 1532 cecinit
2810 1480 2979 1533 David
3002 1522 3016 1546 ,
3056 1497 3192 1533 nunc
3221 1496 3312 1534 nos
3343 1482 3503 1534 etiam

1927 1571 1991 1624 de
2018 1571 2162 1624 nobis
2192 1587 2305 1624 vere
2334 1587 2588 1624 canamus
2615 1611 2628 1631 ,
2663 1587 2780 1624 cum
2812 1587 2872 1624 ea
2909 1572 2961 1623 iu
2999 1582 3176 1623 nostra
3205 1570 3504 1624 occinuiuus

1927 1674 2149 1729 persona
2171 1702 2185 1725 ,
2209 1669 2258 1712 et
2284 1659 2471 1712 iisdem
2500 1658 2666 1712 verbis
2698 1658 2864 1713 Deum
2894 1659 3264 1728 alloquamur;
3291 1661 3506 1723 menda-

243 1752 362 1803 ciuo
389 1766 566 1804 coram
599 1750 704 1804 Deo
724 1765 744 1803 :
773 1767 792 1800 ί
821 1748 1098 1802 Meditatio
1129 1749 1300 1802 cordis
1334 1749 1434 1802 mei
1466 1749 1518 1800 in
1549 1757 1822 1814 conspectu
1860 1735 1901 1793 Β
1931 1750 2014 1802 cia
2036 1749 2374 1817 e/I‘undimus,
2395 1749 2516 1817 quia
2541 1749 2728 1802 veritas
2753 1760 2865 1812 est,
2893 1760 2947 1802 ut
2975 1747 3127 1801 verba
3158 1750 3502 1816 respondeant

240 1852 332 1895 tuo
362 1859 559 1909 semper
589 1841 654 1896 ⁵⁸.
688 1861 707 1894 ι
734 1839 931 1910 Jejuno
975 1840 1085 1909 fere
1133 1857 1399 1909 nunquam
1443 1849 1534 1892 aut
1578 1853 1734 1902 raro,
1769 1848 1815 1891 et

242 1933 602 2002 impiayuatus
650 1950 712 1986 ac
746 1932 1164 1996 valentissimus,
1193 1932 1373 2000 effatio
1394 1943 1414 1982 :
1444 1950 1462 1982 ι
1493 1929 1675 1986 Genua
1705 1945 1818 1984 mea

241 2027 514 2093 infirmata
543 2036 663 2079 sunt
699 2043 730 2079 α
749 2024 956 2093 jejunio
983 2024 1049 2075 “.
1086 2042 1104 2074 ι
1132 2021 1386 2092 Superbia
1414 2023 1623 2091 eﬂ'eror,
1653 2031 1823 2074 totus-

239 2133 342 2186 que
385 2118 602 2171 scientia
653 2119 821 2170 instar
847 2116 986 2170 asini
1014 2116 1147 2168 utris
1173 2132 1288 2169 sum
1321 2116 1561 2184 inﬂatus,
1594 2114 1823 2167 nullout-

241 2225 344 2278 que
373 2209 503 2262 veris
530 2208 678 2262 bonis
707 2207 946 2273 operibus
977 2207 1043 2261 do
1076 2223 1317 2276 operam,
1349 2205 1552 2259 labores
1581 2205 1820 2272 refugio;

240 2301 480 2370 supplico
513 2308 686 2352 tamen
719 2298 885 2352 Deum
913 2313 931 2351 :
963 2315 981 2349 ‹
1027 2296 1152 2351 Vide
1181 2297 1536 2351 humilitatem
1574 2312 1740 2349 meam
1769 2307 1816 2348 et

1927 1839 2122 1909 factis;
2147 1847 2302 1908 atque
2329 1840 2405 1892 ita
2429 1839 2694 1892 orationes
2721 1850 2912 1892 nostra:
2939 1839 3089 1893 verba
3117 1850 3267 1892 erunt
3296 1841 3501 1895 inania.

1929 1929 2047 1985 Ima
2078 1946 2181 1984 non
2209 1931 2362 1983 verba
2397 1938 2602 1983 tantum
2644 1931 2825 1983 inania
2847 1969 2862 1990 .
2913 1931 3004 1984 sed
3055 1940 3236 1983 contra
3270 1947 3406 1994 nos;
3443 1947 3506 1984 ac

1929 2021 2198 2074 verissime
2237 2020 2371 2073 illud
2401 2021 2464 2074 de
2496 2020 2644 2073 nobis
2672 2021 3050 2088 prazdicabitur
3076 2021 3310 2089 ejusdem
3345 2020 3505 2073 Davi—

1931 2109 2015 2164 dis
2041 2126 2060 2164 :
2091 2128 2108 2160 ι
2146 2109 2210 2163 Ει
2241 2097 2541 2178 οταιὶοέ]ιιε
2567 2108 2661 2177 ﬁat
2689 2109 2742 2162 in
2769 2120 3035 2176 peccatum
3061 2111 3129 2163 ⁸³⁸.
3159 2127 3180 2162 ι
3206 2108 3342 2162 Item
3371 2107 3504 2160 illud

1926 2202 2173 2269 sapientis
2221 2200 2519 2256 Salomonis
2554 2215 2572 2253 :
2607 2218 2625 2250 ο
2655 2199 2834 2254 Oratio
2895 2200 3007 2269 ejus
3063 2202 3158 2253 erit
3206 2200 3501 2254 exsecrabi-

1925 2295 1988 2347 lis
2011 2294 2076 2347 ‘°.
2103 2313 2122 2346 ι

313 2450 357 2483 ⁸³
391 2449 532 2506 Psal.
564 2411 725 2516 uin,
751 2451 804 2506 6.
884 2448 929 2481 ’°
969 2448 1109 2504 Psal.
1143 2464 1194 2512 v,
1230 2450 1283 2503 7.
1359 2449 1404 2481 ⁵⁸
1446 2447 1588 2502 Psal.
1617 2463 1692 2514 cr,
1727 2448 1780 2503 5.

1943 2447 2081 2502 Psal.
2107 2463 2277 2502 cxvm
2302 2489 2316 2508 .
2348 2446 2439 2500 δὲ.
2515 2448 2561 2479 ⁵³
2599 2445 2742 2500 Psal.
2775 2460 2824 2499 v1
2849 2487 2864 2512 ,
2900 2446 2951 2499 7.
3023 2446 3074 2516 κ’*
3113 2444 3252 2500 Psal.
3291 2460 3414 2509 xu,
3446 2444 3501 2516 τι.

242 2523 293 2554 ⁸³⁵
336 2519 476 2577 Psal.
544 2515 718 2583 XVIII,
772 2520 857 2574 15.
934 2520 980 2551 ⁸⁸
1020 2518 1160 2573 Psal.
1231 2535 1397 2585 cvm,
1459 2517 1550 2572 24.
1625 2517 1670 2550 ⁵⁷
1711 2515 1821 2572 Psai

1932 2533 2064 2584 KXIV,
2126 2517 2211 2571 18.
2287 2519 2333 2549 ⁵⁸
2373 2517 2514 2572 Psal.
2571 2531 2714 2581 cvu,
2768 2517 2822 2569 2.
2899 2517 2945 2548 ⁸³

242 2593 293 2623 ⁸⁸
332 2590 488 2646 Prov.
529 2607 718 2653 xm",
755 2590 809 2644 9.

3013 2515 3152 2570 Psal.
3216 2531 3384 2578 cvm,
3447 2515 3500 2566 7.

249 2781 1183 2823 ﬁ
1199 2805 1420 2816 .-——-—_
1476 2771 3502 2815 wmm

1199 2805 1420 2816 ...α-...-

1569 2946 1707 2988 ANNO
1745 2946 1928 2986 DOIIINI
1957 2945 2200 2986 CCCLXV"

776 3121 935 3276 S.
1028 3113 2027 3273 THEODORI
2136 3107 2945 3264 ABBATIS

445 3430 1025 3525 EPISTOLA
1078 3431 1228 3518 AD
1285 3426 1684 3520 OMNIA
1755 3406 2574 3512 MONASTERIA.
2654 3417 2801 3503 DE
2878 3412 3319 3504 PASCHA

326 3643 458 3703 Vide
499 3646 820 3717 Patrologize
864 3645 1067 3701 Latina:
1112 3655 1240 3701 tam.
1287 3639 1518 3708 XXIII,
1541 3638 1642 3693 col.
1665 3637 1757 3693 99.
1783 3631 2014 3759 Ἑαῑξὲα
2054 3637 2231 3685 exstat
2254 3629 2310 3683 in
2340 3628 2492 3684 Actis
2528 3634 2840 3683 Sanctorum
2869 3625 3111 3683 Bolland.
3138 3627 3208 3679 ad
3237 3625 3373 3680 diem
3400 3625 3434 3680 9

253 3916 3499 3967 Ν

576 4111 683 4173 SS.
714 4105 1529 4188 PATRUMSERAPIONIS,
1558 4101 1908 4174 MACARII,
1939 4095 2380 4166 PAPHNUTII,
2411 4093 2727 4153 MACARU
2770 4086 3171 4158 ALTERIUS,

1183 4305 1647 4400 REGULA
1721 4303 1870 4393 AD
1944 4291 2597 4390 MONACHOS

986 4527 1116 4580 Vide
1174 4483 1412 4595 ejusdem
1458 4517 1780 4588 Patrologiae
1834 4514 2040 4569 Latinae
2100 4521 2227 4565 tom.
2253 4507 2420 4574 cm,
2463 4508 2564 4563 col.
2597 4507 2724 4562 435.

1950 4693 3479 4726 rm

255 4709 2980 4761 mw

688 4869 967 4960 ALIA
1035 4864 1522 4956 PATRUM
1604 4856 2076 4949 REGULA
2162 4854 2308 4942 AD
2378 4848 3032 4942 MONACHOS

1577 5031 1702 5088 Vide
1729 5030 1883 5093 tbid.,
1923 5026 2024 5081 col.
2055 5027 2179 5080 441.

247 5209 3494 5270 ΨΜ

701 5370 1176 5464 REGULA
1242 5365 1517 5456 ALIA
1596 5351 2458 5454 ORIENTALIUM
2553 5356 3046 5446 PATRUM

1556 5507 1686 5563 Vide
1722 5507 1880 5572 ibid.,
1927 5506 2032 5561 col.
2070 5505 2192 5562 475.
2277 5551 2282 5554 .
