3868 6282
324 216 3597 289 μ

1609 402 1749 443 ANNO
1790 399 1974 443 DOHINI
2029 398 2278 440 οοοωίιιι

1069 585 1244 764 S.
1348 571 2056 759 ISAIAS
2153 569 2862 752 ABBAS

1667 1049 2277 1166 NOTITIA

1216 1280 1504 1344 (GALLAND.,
1541 1278 1642 1326 Vel.
1670 1277 1812 1324 Patr.
1843 1271 2090 1332 Biblioth.,
2119 1279 2151 1323 t.
2183 1272 2285 1333 VII,
2311 1273 2533 1336 Proleg.,
2561 1287 2610 1336 p.
2637 1275 2726 1336 vt.)

408 1599 450 1652 1.
479 1595 645 1652 Isaias
676 1591 845 1646 abbas
879 1584 1314 1642 anachoreticam
1347 1579 1510 1633 vitam
1539 1578 1591 1631 in
1637 1577 1780 1632 Sceti
1811 1577 1913 1631 duo
1944 1582 1992 1637 Α
2020 1575 2195 1630 dictus
2249 1575 2582 1631 Aniauensis
2618 1576 2671 1630 in
2731 1576 2916 1632 codice
2951 1577 3274 1649 Regularum
3305 1581 3637 1639 ilolstenia-

342 1693 485 1746 xisse
514 1685 765 1746 traditur,
799 1680 922 1735 dum
986 1677 1162 1731 adhuc
1197 1677 1249 1728 itt
1288 1672 1427 1726 vivis
1479 1679 1661 1741 ageret
1694 1668 1918 1738 Magnus

341 1781 694 1842 Athanasius,
743 1784 798 1829 ut
858 1788 923 1825 ex
969 1766 1255 1823 Ammonis
1307 1761 1545 1832 episcOpi
1603 1759 1826 1830 epistola
1853 1759 1919 1812 ad

340 1870 703 1942 Theophilum
759 1859 1184 1919 Alexandrinum
1215 1855 1492 1910 erudimur
1522 1850 1620 1921 (a).
1644 1849 1922 1942 illaudgta-

342 1980 467 2020 men
500 1939 855 2030 compertum
899 1953 1182 2012 habemus,
1239 1960 1365 2000 num
1417 1944 1519 1998 iste
1552 1941 1720 1996 lsaias
1780 1939 1919 1994 idem

343 2053 508 2111 fuerit
531 2065 652 2105 cum
682 2061 746 2102 eo
776 2044 865 2113 qui
897 2041 1049 2097 Paesii
1085 2039 1250 2092 frater
1298 2036 1466 2091 fuisse
1491 2032 1827 2102 perhibetur,
1857 2030 1923 2084 de

342 2160 452 2216 quo
480 2141 644 2196 multa
667 2137 936 2193 Palladius
967 2133 1062 2204 (ὁ).
1094 2130 1285 2201 Neque
1329 2131 1456 2182 item
1507 2131 1739 2187 constat,
1765 2137 1832 2176 an
1854 2121 1924 2216 de

345 2215 532 2296 nostro
557 2231 980 2291 archimandrita
1011 2227 1214 2283 mentio
1246 2223 1512 2278 habeatur
1548 2221 1600 2273 in
1633 2215 1926 2287 Apophthe-

343 2327 607 2400 gmatibus
629 2324 848 2377 Patrum
884 2319 978 2389 (c).
1002 2317 1131 2384 Qua:
1155 2325 1332 2369 tamen
1361 2311 1514 2365 lsaite
1541 2305 1924 2400 abbatisdicta

346 2398 546 2476 ibidem
585 2421 910 2471 enarrantur
940 2408 1043 2480 (ά),
1075 2408 1192 2461 viro
1221 2405 1382 2459 beato
1408 2403 1472 2456 de
1500 2414 1608 2469 quo
1630 2398 1922 2466 loquimur,

349 2511 550 2566 rectius
581 2506 808 2561 fortasse
847 2499 1164 2556 ascribeuda
1203 2496 1326 2565 quis
1381 2491 1598 2546 dixerit.
1639 2488 1763 2557 Ejus
1792 2502 1927 2555 quo-

349 2617 454 2672 que
485 2597 729 2653 meminit
773 2609 893 2649 cum
948 2589 1103 2645 laude
1154 2585 1494 2656 Nicephorus
1549 2580 1844 2636 monachus
1872 2579 1924 2632 in

350 2688 610 2759 Opusculo
639 2686 710 2740 De
743 2683 981 2738 custodia
1004 2681 1199 2745 cordis,
1227 2677 1370 2748 quod
1395 2674 1622 2740 Possino
1647 2678 1926 2739 acceptum

352 2778 640 2833 referimus
668 2774 760 2844 (e).
827 2774 903 2828 De
955 2786 1021 2826 eo
1053 2778 1315 2840 praeterea
1347 2767 1548 2821 mentio
1589 2764 1729 2833 apud
1773 2761 1928 2816 Ruti-

351 2885 478 2922 num
500 2868 567 2938 (Ι)
589 2876 643 2922 et
667 2863 968 2920 Palladium
988 2863 1083 2932 (g).
1113 2861 1244 2928 Quae
1273 2871 1435 2928 porro
1462 2857 1527 2911 de
1554 2865 1740 2909 nostro
1768 2854 1926 2909 beato

355 3052 419 3105 lit
451 3045 823 3102 Tillemomius
849 3045 948 3114 (It).

426 3141 486 3193 ll.
521 3139 810 3201 Caeterum,
856 3144 916 3189 ut
945 3135 1013 3187 ad
1043 3133 1372 3204 propositum
1427 3144 1674 3189 nostrum
1718 3130 1937 3202 propius

357 3233 703 3292 accedamus,
752 3227 840 3295 qui
897 3225 1024 3280 vitae
1085 3225 1440 3278 sanctimonia
1489 3223 1715 3278 ﬂorebat
1745 3220 1932 3285 lsaias,

359 3321 532 3389 ipsum
583 3331 798 3386 quoque
843 3313 1124 3383 praeceptis
1171 3313 1538 3382 institutisque
1588 3313 1785 3367 fratres
1828 3312 1934 3364 im-

359 3413 546 3469 buisse
596 3409 687 3479 qui
719 3423 840 3462 cum
875 3422 940 3460 eo
969 3406 1020 3458 in
1067 3403 1352 3458 solitudine
1398 3404 1679 3473 degebant,
1704 3401 1938 3457 Joannes

359 3502 724 3558 Atttioeltenus
749 3497 974 3550 antistes
1005 3494 1330 3562 posteritatis
1354 3494 1634 3548 memoriae
1660 3503 1938 3546 commen-

359 3595 525 3656 davit,
581 3592 634 3646 in
686 3589 928 3644 oratione
990 3586 1238 3654 superius
1283 3585 1437 3640 nobis
1481 3585 1695 3639 laudata
1752 3582 1839 3637 ubi
1871 3581 1938 3636 de

360 3681 594 3749 Macario
625 3677 879 3747 Aigyptio
914 3675 1080 3728 verba
1131 3673 1376 3728 fecimus.
1411 3671 1486 3726 lbi
1512 3686 1741 3740 namque
1770 3669 1938 3724 libros

361 3784 689 3826 enumerans
737 3766 996 3820 divinitus
1051 3764 1360 3833 inspiratos,
1423 3761 1636 3830 βίϐλους
1684 3759 1940 3814 θεοπνεύ-

363 3877 544 3924 στους,
576 3873 714 3928 quos
738 3856 912 3912 sancti
937 3869 1093 3908 senes
1119 3853 1296 3909 Sectis
1321 3852 1708 3918 conscripsere,
1745 3852 1937 3905 librum

361 3949 525 4003 etiam
579 3954 841 4000 memorat
899 3941 1068 3997 sancti
1113 3940 1296 4006 Isaiae,
1335 3938 1426 3991 τοῦ
1483 3938 1628 3991 ὁσίου
1677 3939 1935 3992 Ἦσαῖουε

360 4038 450 4106 qui
484 4045 764 4107 propterea
801 4033 939 4088 inter
973 4030 1229 4086 Ecclesia:
1254 4029 1546 4098 scriptores
1581 4031 1939 4086 recensettdus

354 4131 481 4199 jure
511 4129 775 4182 videatur.

430 4220 658 4273 Exstant
709 4217 891 4284 itaque
943 4215 1044 4269 sub
1073 4213 1189 4283 ejus
1218 4213 1432 4267 nomine
1481 4211 1759 4266 Orationes
1787 4227 1936 4277 χχιι,

359 4325 493 4377 quas
519 4325 583 4360 ex
614 4306 798 4361 codice
818 4306 1004 4360 Gra‘co
1045 4305 1368 4374 pervetuStis
1411 4303 1811 4357 cbaracteribus
1846 4318 1941 4358 ex-

359 4411 510 4453 arato
535 4399 738 4467 primus
766 4396 954 4451 Latine
982 4398 1147 4452 vertit
1176 4395 1514 4465 vulgavitque
1537 4393 1772 4447 Venetiis
1794 4408 1932 4448 anno

362 4489 501 4543 1574
532 4488 726 4542 Petrus
781 4487 1102 4542 Franciscus
1130 4488 1297 4542 Zinus
1322 4486 1671 4541 Veronensis.
1700 4486 1794 4541 lla:
1830 4503 1926 4540 au-

361 4593 466 4634 tem
498 4579 782 4635 Orationes
812 4580 862 4633 in
917 4581 1094 4634 varias
1123 4579 1342 4634 Patrum
1393 4579 1750 4634 bibliothecas
1783 4579 1932 4632 dein-

358 4687 486 4740 ceps
543 4671 724 4726 illatae.
785 4669 1055 4726 Habemus
1110 4681 1369 4739 praeterea
1420 4671 1656 4738 ejusdem
1721 4671 1932 4725 abbatis

357 4762 506 4817 lsaite
551 4763 819 4831 Prwcepta
849 4777 939 4816 seu
962 4761 1193 4815 Consilia
1243 4777 1432 4827 vattt,
1465 4763 1638 4831 posita
1668 4762 1930 4815 tironibus

357 4851 414 4903 in
473 4851 811 4914 nionacltatn,
849 4865 968 4917 quae
1012 4851 1168 4904 nobis
1218 4850 1452 4903 εει-γάνει
1507 4861 1726 4904 sanctus
1761 4849 1934 4904 Bene-

428 5005 506 5075 (a)
534 5006 783 5060 Ammon.
819 5005 994 5075 epist,
1017 5007 1154 5074 apud
1206 5005 1468 5068 Bollantl.,
1521 5015 1649 5061 tom.
1686 5005 1748 5059 111
1784 5006 1925 5069 Maii,

358 5074 481 5145 pag.
514 5077 640 5136 557,
675 5077 701 5146 §
740 5089 859 5146 \xtv
889 5087 942 5128 et
967 5074 1059 5146 Gr.
1093 5077 1141 5127 itt
1173 5075 1296 5135 fine,
1325 5077 1502 5146 p.771.

429 5147 504 5214 (ὁ)
542 5142 744 5198 Palla—tl.
792 5145 927 5214 Hist.
962 5142 1148 5205 Laus.,
1193 5159 1309 5214 cap.
1351 5144 1496 5214 i53t
1533 5143 1620 5204 16.
1657 5161 1778 5213 pag.
1803 5146 1926 5200 916.

429 5213 498 5282 (c)
530 5215 784 5282 ΑνορΙιιΙι.
816 5213 986 5276 I’atr.,
1006 5214 1234 5268 Colcler.
1253 5213 1395 5267 Man.
1424 5213 1563 5267 Eccl.
1590 5214 1708 5280 (In,
1733 5225 1861 5270 tom.
1888 5217 1930 5281 Ι,

363 5299 482 5350 pag.
511 5286 634 5344 386,
661 5285 688 5353 ᾗ
713 5301 789 5336 Itt.

428 5355 506 5418 (di
537 5353 690 5418 lltlti.,
725 5369 843 5420 pug.
879 5353 984 5406 4ίῦ
1017 5353 1139 5406 447.

428 5425 496 5486 te)
528 5421 734 5475 Possin.
781 5422 933 5482 Thes.
971 5432 1154 5488 ascet.,
1187 5437 1306 5490 pag.
1338 5421 1463 5476 417.

427 5491 492 5562 (Γ)
522 5490 699 5544 Ruﬁn.
739 5491 790 5545 in
832 5491 932 5545 Vit.
967 5491 1140 5555 l’atr.,
1168 5492 1257 5545 lib.
1294 5507 1350 5556 ll,
1377 5507 1494 5562 cap.
1528 5491 1611 5558 i0,
1645 5508 1766 5563 pag.
1792 5493 1918 5548 558.

2029 1682 2099 1720 no
2133 1666 2219 1737 (i).
2255 1665 2506 1734 Capitula
2553 1668 2787 1737 denique
2821 1684 2912 1723 six
2969 1669 3033 1722 de
3085 1670 3328 1739 religiosa
3358 1676 3638 1729 exercita—

2027 1759 2165 1812 tione
2203 1767 2254 1812 et
2297 1759 2486 1825 quiete,
2539 1773 2659 1827 qua:
2683 1757 2870 1814 Graece
2899 1776 2962 1815 ac
3006 1760 3198 1818 Latine
3222 1762 3447 1819 Parisiis
3479 1783 3637 1822 anno

2029 1851 2167 1906 1684
2201 1853 2252 1905 in
2284 1851 2475 1921 vulgus
2499 1851 2816 1919 prodierunt
2849 1867 2977 1906 cura
3011 1863 3065 1906 et
3099 1854 3278 1908 studio
3306 1855 3452 1910 Petri
3491 1858 3638 1913 Pos-

2029 1941 2132 1996 sini
2168 1942 2256 2012 (j).
2285 1942 2415 2008 Qua:
2438 1941 2653 2010 quidem
2693 1943 2874 1996 omnia
2919 1943 3081 1997 simul
3107 1943 3329 1999 collecta
3367 1954 3546 2014 atque
3577 1949 3634 2000 in

2029 2035 2297 2088 sectiones
2343 2033 2620 2101 distincta,
2660 2033 2802 2104 typis
2839 2035 3220 2090 committenda
3260 2036 3631 2094 tradidimus.

2030 2125 2145 2181 Non
2175 2135 2260 2181 est
2291 2126 2378 2181 hic
2427 2136 2608 2181 autem
2645 2127 3100 2195 praetereundum,
3135 2125 3383 2198 Capitula
3429 2130 3636 2185 Possi-

2031 2215 2191 2270 niana
2223 2215 2357 2271 nihil
2383 2216 2525 2270 aliud
2548 2230 2671 2270 esse
2698 2231 2858 2285 quam
2875 2225 3128 2286 excerpta
3151 2232 3216 2271 ex
3243 2217 3477 2273 laudatis
3507 2235 3639 2273 ora-

2035 2307 2272 2362 tionibus
2299 2322 2431 2360 xxix
2484 2321 2512 2359 a
2551 2304 2687 2359 Zino
2720 2305 2986 2376 evulgatis
3023 2323 3036 2359 :
3071 2307 3215 2375 quod
3259 2307 3479 2376 quidem
3515 2325 3636 2363 non

2036 2398 2195 2454 modo
2243 2398 2532 2462 editorem,
2591 2397 2684 2452 sed
2741 2396 3140 2452 Tillemontium
3187 2399 3371 2465 etiam,
3427 2400 3639 2454 Fabri-

2033 2492 2176 2544 cium
2229 2489 2470 2558 aliosque
2527 2489 2788 2544 hactenus
2818 2487 2992 2543 latuit.
3045 2487 3342 2558 Utrobique
3391 2506 3529 2546 vero
3558 2493 3636 2546 ad

2034 2581 2257 2636 limbum
2286 2581 2402 2638 loca
2458 2582 2815 2637 indicavimus
2849 2603 2861 2637 :
2898 2582 2949 2636 in
2981 2582 3333 2638 Orationibus
3356 2584 3632 2638 nimirum

2035 2671 2292 2728 lectorem
2341 2673 2408 2726 ad
2441 2673 2678 2743 capitula
2730 2673 3088 2739 remittentes,
3115 2691 3222 2744 quo
3270 2675 3460 2732 Graeca
3491 2692 3634 2732 con-

2035 2766 2214 2821 sulere
2241 2765 2445 2833 valeat;
2489 2767 2540 2820 in
2572 2765 2822 2836 capitulis
2856 2776 3033 2821 autem
3074 2770 3139 2822 ad
3171 2767 3478 2834 Orationes,
3516 2785 3627 2837 quo

2034 2866 2246 2912 constet
2293 2856 2434 2911 unde
2492 2871 2586 2912 sua
2643 2856 3002 2924 desumpserit
3056 2859 3483 2914 consarcinator.
3543 2860 3630 2914 Ex

253 2971 258 2976 '
351 2936 516 3014 Patre
543 2936 572 3012 a
607 2955 878 3010 veteribus
921 2955 1230 3017 traduntur,
1271 2948 1555 3018 diligenter
1601 2945 1735 2999 satis
1760 2959 1929 2999 excu-
1961 2937 2006 2992 Β
2037 2949 2137 3003 hac
2166 2962 2328 3017 porro
2362 2947 2610 3002 instituta
2643 2946 2931 3002 collatione
2954 2936 3108 3003 'illud
3142 2950 3415 3006 commodi
3443 2966 3636 3006 emer-

2035 3054 2164 3110 gere
2192 3054 2350 3094 nemo
2385 3053 2488 3093 non
2528 3039 2694 3106 videt,
2750 3040 2984 3109 pretium
3034 3040 3284 3096 videlicet
3318 3056 3424 3096 non
3463 3043 3637 3096 mini-

2038 3139 2183 3183 mum
2231 3145 2353 3184 cum
2411 3129 2651 3186 Zinianae
2702 3131 2970 3198 versioni,
3024 3142 3139 3186 tum
3191 3133 3424 3187 maxime
3478 3133 3636 3189 beati

2036 3219 2188 3274 lsaize
2217 3221 2375 3275 dictis
2399 3220 2658 3276 accedere
2684 3238 2699 3288 ;
2759 3223 2925 3277 donec
2951 3225 3263 3278 earumdem
3299 3223 3634 3278 Orationum

2041 3321 2220 3367 textus
2243 3313 2455 3382 integer
2483 3313 2775 3382 aliquando
2818 3315 2869 3367 in
2898 3314 3130 3368 medium
3169 3314 3419 3382 prodeat.

2113 3402 2197 3456 ΙΙΙ.
2233 3403 2452 3458 Interim
2505 3420 2636 3459 vero
2687 3419 2786 3474 pro
2814 3407 2986 3467 nostri,
3031 3407 3190 3462 oliicii
3241 3409 3475 3470 ratione,
3503 3423 3636 3475 qum

2039 3492 2107 3546 ad
2161 3491 2471 3547 Orationem
2517 3508 2589 3544 xx
2638 3491 2826 3547 Graeca
2883 3491 3177 3563 pertinent,
3229 3510 3294 3549 ex
3335 3495 3633 3549 Paraflelis

2042 3582 2443 3638 Damascenicis
2497 3582 2901 3653 descripsimus,
2950 3592 3004 3639 et
3029 3584 3256 3655 vulgata:
3291 3587 3632 3654 interpreta—

2043 3673 2173 3728 tioni
2209 3677 2577 3743 apposuimus.
2630 3675 2826 3731 Nostra
2872 3687 3134 3745 prteterea
3169 3679 3431 3731 interesse
3466 3679 3634 3730 duxi-

2042 3779 2182 3829 mus,
2231 3765 2332 3819 alia
2368 3767 2622 3822 nonnulla
2675 3767 2762 3822 hic
2790 3769 3037 3837 proferre
3060 3769 3258 3838 quibus
3295 3769 3500 3837 aliquot
3527 3771 3632 3822 ba-

2042 3869 2228 3909 rumce
2263 3853 2582 3910 Orationum
2644 3857 2778 3912 locis
2828 3859 2943 3912 sive
2997 3855 3186 3911 Graeca
3244 3858 3628 3922 restituantur,

2040 3944 2155 3998 sive
2185 3945 2559 4014 interpretatio
2579 3946 2924 4002 reformetur.
2954 3945 3021 4001 Et
3051 3949 3287 4016 primum
3316 3945 3536 4014 quidem
3571 3949 3627 4000 in

2041 4035 2300 4092 Oratione
2324 4052 2418 4090 vm
2453 4035 2525 4107 (Ir)
2555 4051 2620 4091 ex
2649 4053 2750 4092 tns.
2785 4037 3098 4094 Colbertino
3129 4037 3265 4093 hanc
3299 4035 3451 4090 lsai:e
3498 4051 3630 4090 scn-

2050 4126 2266 4179 tuitiam
2299 4128 2352 4179 in
2399 4125 2604 4181 Latinis
2633 4127 2865 4196 vulgatis
2918 4128 3208 4182 admodum
3249 4127 3626 4195 depravatsm,

2050 4216 2122 4268 ita
2184 4216 2763 4272 describitCotelerius
2798 4217 2859 4287 (ι)
2893 4232 2908 4271 :
2938 4217 3068 4270 Ἐὰν
3117 4218 3227 4288 γάρ
3259 4234 3342 4280 τις
3369 4216 3629 4286 νηστεύει

2048 4306 2108 4370 ἒξ
2139 4306 2218 4372 ἒξ,
2257 4308 2348 4359 καὶ
2371 4306 2510 4377 ἐκδῷ
2537 4309 2728 4361 ἑαυτὸν
2761 4311 2840 4373 εις
2872 4307 3140 4379 μεγάλους
3167 4308 3368 4370 κόπους
3411 4308 3507 4361 καὶ
3537 4309 3630 4359 ὲν-

2039 4396 2218 4458 τολὰς,
2249 4397 2406 4460 ἐκτὸς
2457 4397 2696 4468 τῆςόδοῦ
2730 4399 2916 4464 αὐτοῦ,
2963 4398 3164 4462 πάντες
3191 4399 3241 4451 οἱ
3275 4399 3432 4451 κόποι
3452 4397 3627 4451 αὐτοῦ

2042 4486 2262 4556 μάταιοὶ
2309 4487 2468 4541 εἰσιν.
2526 4488 2636 4542 Hoc
2674 4499 2804 4544 est:
2847 4487 2988 4541 Nam
3041 4491 3088 4542 si
3135 4490 3248 4558 quis
3278 4488 3485 4557 jejunet
3533 4504 3631 4555 per

2038 4591 2129 4628 sea:
2158 4577 2291 4638 dies,
2322 4587 2369 4629 et
2399 4592 2453 4630 se
2499 4578 2706 4647 magnis
2735 4577 3002 4631 laboribus
3037 4594 3101 4631 ac
3135 4578 3408 4644 praceptis
3437 4577 3624 4641 dedat,

2037 4679 2186 4720 extra
2233 4667 2372 4721 viam
2399 4683 2578 4732 suam,
2632 4684 2808 4721 omnes
2860 4668 3062 4721 labores
3113 4668 3227 4736 ejus
3256 4669 3434 4720 inanes
3475 4679 3620 4722 sunt.

2037 4759 2202 4813 Zinus
2237 4759 2508 4828 interpres
2546 4776 2559 4812 :
2601 4758 2754 4822 Quod
2793 4759 2838 4812 si
2871 4759 2987 4828 quis
3039 4761 3153 4813 sine
3179 4758 3496 4819 humilitate.
3546 4759 3626 4812 uel

2037 4851 2248 4920 iejuniis
2285 4851 2588 4919 incumbat,
2642 4852 2717 4906 vel
2755 4867 2867 4906 sese
2911 4852 3231 4906 vehementer
3267 4850 3484 4920 afﬂigat,
3544 4864 3623 4903 res

2106 5006 2180 5089 (ρ)
2213 5008 2423 5089 Bullati.
2642 5008 2829 5089 Laus.)
2863 5025 2981 5089 cap.
3215 5006 3338 5061 989.

2106 5075 2182 5148 (Ιι)
2213 5078 2424 5148 ΤίΙΙθιιι.
2485 5079 2646 5131 Μέθη.
2701 5080 2850 5142 ecrl.,
2895 5075 3023 5129 toni.
3072 5075 3179 5142 VII,
3225 5093 3347 5148 pag.
3393 5075 3520 5148 450.
3568 5087 3625 5130 et

2036 5146 2170 5201 tom.
2199 5147 2323 5213 Vili,
2351 5165 2467 5217 pag.
2494 5149 2596 5201 447
2618 5160 2670 5200 et
2704 5147 2826 5212 789,
2867 5157 2980 5200 not.
3006 5149 3064 5209 2,
3088 5165 3180 5199 sur
3200 5147 3258 5199 S.
3290 5146 3538 5217 l’antbon.

2105 5218 2165 5286 (i)
2196 5216 2434 5272 llolsten.
2465 5219 2593 5272 Cod.
2635 5218 2790 5284 Reg.,
2823 5229 2962 5285 part.
2992 5231 3030 5276 I,
3066 5232 3185 5281 pag.
3220 5216 3412 5270 13-22.

2107 5285 2175 5357 (j)
2214 5288 2420 5342 Possit).
2464 5287 2615 5340 Thes.
2641 5300 2826 5351 ascet.,
2853 5286 3266 5356 pag:5i5-325.

2111 5359 2179 5384 ΗΛ
2221 5359 2294 5384 In-
2359 5358 2490 5384 11-..:
2545 5373 2638 5384 ιη..
2692 5356 2765 5384 ΩΙ
2827 5371 2856 5384 ιι
2908 5357 3012 5384 QQ"

2110 5356 2180 5428 (Κ)
2221 5359 2318 5411 lsa.
2359 5358 2512 5410 Orat.
2545 5373 2663 5419 vttt,
2692 5356 2719 5426 §
2746 5357 2795 5415 1.
2827 5371 2878 5423 p.
2908 5357 3037 5410 289.

2103 5428 2162 5499 (ι)
2187 5429 2354 5484 Cotel.
2387 5426 2535 5480 Man.
2569 5425 2714 5480 Eccl.
2746 5425 2868 5489 GL,
2903 5437 3034 5481 tom.
3063 5429 3106 5490 Ι,
3137 5440 3257 5496 pag.
3289 5423 3401 5481 80L
