3872 6278
182 441 324 499 1105

1216 448 1275 502 S.
1327 446 1530 503 lSAIAS
1566 447 1860 505 ABBATIS
1893 451 2309 511 ORATIONES.

3319 457 3456 512 1106

178 558 434 611 mandata
465 566 683 612 conetur
699 558 970 616 observare
986 576 1007 626 ;
1026 563 1142 633 ejus
1177 564 1385 620 inanes.
1401 582 1514 619 esse
1535 564 1761 621 labores.
1796 579 1839 635 Α
1867 580 2031 638 potest
2055 586 2198 627 meus
2225 589 2335 627 esse
2350 573 2641 642 discipulus
2659 586 2732 631 ἰ.»
2753 574 2921 641 Quam
2953 574 3101 638 dicit,
3129 584 3181 627 ut
3210 574 3457 632 tollamus

178 648 392 716 Quibus
428 648 694 718 recitatis,
734 650 913 721 Vides,
955 654 1135 734 inquit
1160 654 1241 709 vir
1272 655 1364 712 ille
1391 657 1765 723 doctissimus,

174 748 433 807 quantum
456 740 664 794 intersit
715 739 928 823 Grtccos
957 756 1197 800 auctores
1253 763 1352 802 sua
1381 746 1560 817 lingua
1607 750 1773 804 editos

179 830 391 886 habere.
416 830 570 885 Alter
590 831 740 888 locus
767 849 833 889 ex
867 834 1018 892 lsaim
1048 835 1305 893 Oratione
1330 855 1454 894 xxvn
1490 839 1564 895 De
1616 842 1770 896 dictis

177 937 298 982 aute
333 920 529 977 Petrus
557 924 721 980 abbas
761 927 1058 998 discipulus
1089 931 1204 999 ejus
1233 947 1300 984 ea:
1331 932 1427 986 illo
1476 934 1696 1001 accepit.
1722 944 1768 987 et

177 1012 368 1065 litteris
421 1018 799 1072 commendavit
833 1022 939 1088 (α),
976 1020 1031 1074 in
1083 1020 1302 1076 laudato
1336 1024 1523 1078 codice
1550 1023 1770 1081 Colber-

178 1103 315 1166 tino,
348 1104 448 1159 sub
485 1106 659 1172 titulo,
687 1106 884 1181 Θρῆνοι
908 1109 1004 1164 τοῦ
1027 1110 1173 1166 ἀδσᾶ
1211 1112 1457 1178 Ἡσαΐου,
1483 1114 1561 1169 sic
1588 1129 1647 1169 se
1675 1116 1771 1170 ha-

176 1194 268 1250 bet
304 1198 378 1268 (b)
422 1200 696 1279 εΔένδρον
754 1204 1111 1275 ποτιζόμενον
1169 1206 1294 1260 καθ’
1345 1207 1577 1279 ἡμέραν,
1639 1209 1769 1262 πότε

176 1288 491 1361 ξηραίνεται
548 1294 713 1348 αὐτοῦ
768 1298 802 1367 ἡ
856 1298 982 1369 ῥίζα
1027 1300 1109 1362 εἰς
1148 1299 1209 1353 τὸ
1273 1301 1349 1373 μὴ
1416 1300 1771 1373 καρποφορῆ-

174 1397 270 1433 σαι
295 1399 309 1445 ;
342 1380 454 1438 Iloc
482 1395 567 1439 est
596 1402 609 1438 :
646 1387 818 1439 Arbor
845 1403 965 1455 qua
987 1388 1229 1458 quotidie
1254 1391 1531 1460 irrigatur,
1557 1393 1769 1458 quando

174 1476 369 1527 arescit
395 1477 552 1530 radix
572 1478 708 1541 eius,
766 1489 820 1530 ut
845 1480 1075 1547 fructum
1099 1498 1200 1535 non
1236 1483 1511 1552 proferat?
1535 1482 1611 1537 Ita
1639 1499 1770 1540 vero

172 1561 343 1616 Zinus
378 1564 646 1636 interpres
694 1584 710 1621 :
747 1568 921 1622 Arbor
958 1587 1076 1641 qua:
1101 1572 1382 1642 irrigatur,
1416 1588 1519 1628 non
1551 1576 1766 1639 arescit,

173 1656 268 1708 sed
300 1655 527 1723 fructum
557 1659 735 1727 αιΤενι.
767 1659 1034 1715 Observat
1056 1663 1289 1732 denique
1320 1650 1460 1720 idem
1487 1665 1553 1722 V.
1580 1665 1642 1721 C.
1671 1667 1767 1735 (c),

175 1743 229 1796 in
252 1741 453 1800 Catena
480 1746 723 1801 Corderii
757 1750 823 1802 ad
849 1748 1009 1805 Luca:
1040 1766 1151 1814 xlv,
1173 1751 1243 1806 27
1271 1754 1422 1824 (pag.
1446 1755 1599 1826 475),
1630 1756 1771 1811 hanc

174 1837 502 1890 sententiam
566 1839 791 1907 proferri
870 1840 1019 1896 velut
1078 1840 1234 1898 Isaia:
1322 1845 1763 1917 archiepiscopi:

1878 674 2107 722 crucem,
2159 662 2262 715 nisi
2295 673 2350 716 ut
2402 680 2547 717 meus
2578 666 2789 719 assidue
2849 662 3048 735 vigilet,
3084 674 3132 717 et
3177 666 3457 720 virtutibus

1876 748 2143 804 incumbat
2167 751 2193 805 .9
2233 752 2279 804 Α
2304 769 2456 807 cruce
2483 770 2585 807 non
2614 755 2856 822 discedit,
2888 755 2996 824 qui
3032 752 3158 805 vitia
3194 756 3459 822 persequi-

1876 848 1966 893 tur
2008 843 2175 897 donec
2231 859 2293 897 ea
2348 846 2589 915 pro/liget
2633 864 2694 898 ac
2755 857 2961 914 superet
2993 858 3011 896 :
3041 844 3214 898 nullus
3250 845 3455 910 dubito,

1877 930 2006 998 quin
2058 932 2369 987 abbreviala
2419 935 2687 1004 scriptura
2719 936 2838 987 viro
2871 937 3031 989 doctu
3065 930 3237 985 fraudi
3276 932 3454 994 fuerit,

1877 1031 1930 1075 ut
1962 1022 2446 1079 archimandritam
2488 1026 2538 1079 in
2573 1026 3043 1095 archiepiscopqu
3095 1032 3454 1077 converteret.

1878 1113 2001 1169 Haec
2025 1113 2116 1169 ille
2151 1132 2166 1168 :
2202 1130 2309 1185 quo
2341 1116 2558 1185 quidem
2589 1114 2817 1171 fortasse
2848 1121 3122 1177 mouente,
3151 1113 3290 1167 idem
3321 1111 3458 1167 Cor-

1874 1205 2011 1260 derii
2044 1215 2285 1260 erratum
2321 1208 2527 1261 notavit
2562 1216 2746 1278 postea
2777 1206 3062 1263 Fabricius
3090 1204 3182 1274 (e).

1945 1297 2033 1352 IV.
2067 1297 2334 1353 Caeterum
2370 1306 2568 1368 praeter
2614 1302 2749 1353 duas
2773 1298 2891 1354 illas
2914 1294 3153 1367 ejusdem
3186 1293 3333 1348 lsaize
3359 1292 3457 1347 ab-

1875 1387 2016 1441 batis
2043 1385 2364 1454 sententias,
2405 1401 2542 1457 quas
2573 1401 2638 1440 ex
2674 1385 2896 1441 Joannis
2929 1381 3252 1439 Damasceni
3279 1375 3458 1434 Sacris

1874 1477 2160 1534 Parallelis
2209 1479 2503 1549 descriptas
2553 1477 2690 1534 infra
2736 1475 3058 1548 protulimus
3111 1486 3177 1529 ac
3239 1469 3459 1538 reliquis

1871 1570 1989 1640 ejus
2019 1570 2235 1639 scriptis
2266 1568 2613 1639 subjecimus,
2641 1568 2838 1638 quippe
2865 1583 2983 1637 qua:
3013 1566 3065 1620 in
3102 1561 3330 1633 vulgatis
3367 1575 3460 1615 co-

1872 1664 2084 1718 dicibus
2115 1678 2221 1717 non
2250 1670 2599 1731 compareant
2626 1678 2640 1727 ;
2669 1660 2939 1715 nonnullae
2971 1668 3229 1726 praeterea
3262 1667 3457 1711 occur-

1872 1764 2000 1810 runt
2033 1755 2175 1825 apud
2223 1756 2519 1811 Antonium
2558 1753 2827 1809 lle-lissam
2872 1753 2959 1824 (ι),
2997 1752 3088 1822 qui
3121 1768 3148 1803 a
3195 1750 3458 1815 magistro

1873 1861 1973 1902 suo
2002 1847 2339 1902 Damasceno
2365 1847 2587 1902 edoctus
2630 1845 2795 1900 Locos
2823 1857 3124 1900 communes
3160 1839 3452 1894 contexuit.

174 1926 405 1992 Qualem
444 1940 618 1983 autent
641 1948 847 1986 crucem
873 1934 999 1988 dicit
1035 1944 1088 1988 ut
1115 1936 1433 2005 bajulemus,
1488 1940 1594 1993 nisi
1640 1957 1764 1998 con-
1797 1968 1839 2023 Β
1871 1937 2010 2006 Quin
2045 1948 2103 1993 et
2149 1938 2254 1993 alia
2306 1938 2478 1994 nostri
2527 1938 2671 1992 beati
2706 1933 3154 1993 archimandritas
3198 1928 3456 1999 opuscula

174 2021 447 2074 tiuentiam
477 2039 510 2077 a
531 2024 883 2094 passiouibus,
920 2028 1085 2081 donec
1106 2044 1251 2083 tuens
1288 2029 1411 2085 illas
1439 2032 1645 2099 penitus
1669 2048 1761 2088 eo:-

174 2111 357 2180 stirpet
379 2115 405 2168 7
446 2112 666 2179 Verum,
714 2115 908 2186 inquit,
943 2118 1377 2189 quandoquidem
1411 2121 1565 2175 Isaias
1595 2100 1764 2177 abba-

176 2202 245 2255 tis
280 2203 536 2260 Oratione
560 2221 647 2258 xx:
690 2205 766 2276 (ά)
795 2221 859 2260 ex
886 2202 1004 2261 Zini
1064 2209 1315 2264 versione
1332 2210 1603 2281 scriptum
1634 2212 1764 2282 legi-

177 2302 295 2348 tur:
324 2313 345 2347 t
377 2294 481 2361 Qui
504 2312 606 2350 nou
629 2297 761 2350 tollit
784 2313 990 2351 crucem
1021 2315 1170 2354 suam
1200 2309 1247 2354 et
1272 2301 1508 2370 sequitur
1525 2318 1624 2369 me,
1657 2318 1764 2357 non

250 2453 265 2482 '
294 2452 427 2508 Luc.
458 2467 571 2519 κεν,
602 2452 696 2507 27.

270 2612 325 2685 tt)
352 2612 453 2685 lsa.
481 2611 635 2685 Orat.
673 2629 821 2678 sxw,
854 2613 882 2685 §
918 2615 968 2678 ι,
999 2630 1118 2685 pag.
1146 2614 1270 2670 516.

271 2680 320 2754 b)
346 2683 516 2754 Colel.
552 2684 586 2736 Ι.
617 2698 689 2742 c..
718 2699 837 2754 pag.
857 2680 991 2754 '809.

247 2751 319 2824 (ς)
349 2751 425 2824 l_d.
450 2753 598 2824 l._c.,
631 2751 754 2824 pag.
783 2751 905 2824 808.

242 2820 327 2893 (ά)
359 2822 460 2875 lsa.
487 2820 643 2877 Orat.
682 2820 799 2888 ﬁt,
833 2823 861 2895 ς
890 2823 945 2889 4,
976 2839 1098 2895 pag.
1133 2824 1260 2883 502.

1867 2030 2167 2085 etiamnum
2202 2031 2401 2087 inedita
2428 2041 2666 2094 exstare,
2706 2038 2905 2100 pratter
2934 2027 3210 2081 laudatum
3242 2019 3457 2077 Cotelc-

1868 2123 2008 2175 rium
2045 2121 2144 2191 (g),
2184 2123 2337 2182 testis
2385 2131 2468 2177 est
2522 2122 2761 2192 locuples
2820 2118 3146 2173 Bibliotheca
3183 2111 3458 2167 bibliothe-

1868 2228 2049 2266 carum
2100 2215 2603 2284 mauuscriptorttm,
2633 2230 2665 2271 ει
2704 2212 2775 2268 cl.
2807 2208 3209 2268 Montl'aucouio
3238 2202 3459 2263 concin-

1868 2312 2017 2359 nata.

1946 2615 2017 2684 (e)
2044 2615 2208 2672 Febr.
2234 2615 2378 2671 Bibl.
2401 2614 2524 2681 Cra,
2559 2623 2691 2668 tom.
2716 2613 2848 2676 VIII,
2880 2627 3001 2684 pag.
3018 2612 3145 2684 {’65.

1945 2680 2014 2757 (Ι)
2050 2688 2256 2757 Anton.
2289 2680 2515 2752 Meliss.,
2538 2684 2617 2757 lib
2635 2698 2690 2757 _t.
2714 2699 2835 2753 cap.
2860 2680 3072 2748 59,152,
3107 2683 3199 2738 58.

1946 2753 2022 2827 (g)
2051 2754 2223 2812 Cotel.
2260 2759 2298 2812 Ι.
2332 2772 2405 2821 c.,
2443 2770 2567 2826 pag.
2592 2753 2718 2811 808,.

178 3013 3457 3050 Μ

1060 3193 1200 3316 Β.
1308 3185 1781 3319 ISAI/E

1894 3186 2573 3325 ABBATIS

1372 3444 2240 3563 ORATIONES.

802 3784 1059 3842 ORATIO
1093 3785 1132 3840 Ι.

334 3874 599 3945 Praecpta
622 3877 691 3929 ad
721 3877 913 3947 fratres
944 3880 1033 3948 qui
1063 3895 1182 3932 cum
1206 3879 1317 3949 ipso
1343 3880 1598 3936 vivebant.

256 3962 299 4016 Ι.
332 3962 434 4029 Qui
484 3978 693 4017 mecum
725 3979 944 4020 manere
975 3965 1159 4031 vultis,
1193 3968 1401 4033 audite,
1426 3984 1631 4038 quasso,
1661 3983 1759 4040 per

181 4054 379 4109 Deum.
415 4053 470 4109 In
505 4056 639 4111 cella
664 4056 898 4125 quisque
928 4071 1024 4111 sua
1054 4056 1217 4128 degat
1244 4056 1369 4112 cum
1406 4060 1603 4115 timore
1645 4061 1761 4116 Dei.

181 4147 334 4217 Opus
378 4163 632 4202 manuum
682 4157 986 4213 vestrarum
1045 4158 1263 4219 propter
1311 4152 1401 4205 Dei
1455 4154 1764 4208 mandatum

185 4253 259 4293 ue
297 4239 681 4294 coutemuatis.
717 4239 915 4293 Curam
947 4240 1221 4309 propriam
1245 4251 1300 4296 et
1334 4243 1638 4296 orationem
1680 4259 1770 4298 as-

186 4332 405 4385 siduam
447 4347 512 4385 ne
539 4331 850 4402 negligatis.
877 4329 991 4417 ρον
1021 4332 1088 4387 ab
1117 4332 1312 4387 alienis
1341 4333 1768 4401 cogitationibus

186 4423 482 4486 custodite,
530 4422 663 4476 nihil
707 4423 772 4476 de
811 4422 921 4475 ullo
951 4423 1170 4477 homine
1206 4431 1300 4475 aut
1346 4422 1566 4492 negotio
1613 4422 1770 4491 huius

186 4517 374 4574 εωυυιί
417 4516 657 4576 solliciti.
691 4518 921 4588 Semper
974 4517 1201 4588 quau-ite
1247 4516 1521 4585 quomodo
1548 4531 1771 4586 progre-

189 4607 443 4669 diamini,
477 4615 532 4662 et
562 4621 659 4662 vos
685 4606 1005 4671 emendetis,
1040 4621 1162 4660 cum
1198 4606 1364 4661 animi
1395 4606 1579 4663 dolore
1610 4616 1664 4662 et
1694 4606 1774 4662 la-

189 4697 420 4769 crymis,
446 4707 502 4752 et
529 4696 824 4753 amictione
858 4697 1027 4751 Deum
1059 4697 1436 4763 obsecrantes,
1465 4707 1524 4752 ut
1553 4707 1772 4767 peccata

188 4789 350 4843 vobis
390 4789 697 4852 condunet,
743 4797 797 4842 et
838 4790 890 4842 in
934 4787 1175 4841 futurum
1214 4788 1485 4844 custodiat
1519 4803 1651 4852 vos,
1706 4803 1775 4842 ne

190 4880 246 4934 in
279 4880 468 4935 eadem
498 4894 714 4934 rursum
742 4879 1013 4935 incidatis.
1041 4877 1184 4933 Mors
1200 4878 1355 4934 vobis
1380 4879 1624 4949 quotidie
1650 4886 1778 4933 ante

200 4969 381 5025 oculos
406 4961 675 5024 versetur.
708 4968 782 5024 Ea
820 4983 923 5024 vos
960 4983 1091 5022 cura
1127 4967 1401 5036 sollicitet,
1432 4969 1701 5038 quomodo
1746 4983 1779 5024 e

191 5073 424 5127 corpore
463 5057 705 5124 exeatis,
754 5058 1027 5128 quomodo
1078 5067 1371 5128 potestates
1416 5060 1776 5116 tenebrarum

1794 3794 1838 3850 (ζ
1873 3787 1974 3843 nisi
2007 3785 2135 3856 quid
2170 3787 2285 3857 ipse
2326 3800 2420 3840 vos
2457 3794 2629 3857 roget.
2659 3783 2768 3840 Sua
2805 3789 2998 3859 singuli
3036 3788 3373 3846 hebdomade
3403 3789 3459 3845 in

1870 3878 2063 3932 timore
2095 3876 2189 3931 Dei
2230 3876 2311 3931 sic
2350 3874 2517 3931 victui
2550 3877 2862 3932 necessaria
2898 3877 3115 3949 reliquis
3150 3889 3361 3950 parent,
3401 3889 3461 3934 ut

1867 3985 1937 4027 ne
1979 3969 2194 4024 interim
2228 3969 2501 4039 propriam
2542 3969 2708 4025 animi
2745 3985 2931 4026 curam
2971 3970 3250 4040 abjiciant.
3287 3970 3463 4029 Nemo

1870 4064 1922 4117 iu
1960 4063 2143 4116 fratris
2188 4061 2271 4116 sui
2306 4062 2497 4117 cellam
2536 4063 2890 4133 ingrediatur.
2920 4061 2996 4117 Ne
3026 4064 3229 4118 curetis
3272 4073 3461 4119 mutuo

1870 4165 1965 4205 vos
1996 4158 2120 4205 ante
2159 4149 2485 4219 praeﬁnitum
2522 4156 2736 4220 tempus
2772 4149 3109 4218 conspicere.
3147 4149 3267 4204 Noli
3304 4152 3456 4205 iuve-

1870 4242 2071 4311 stigare
2096 4255 2219 4310 quae
2243 4241 2426 4294 caeteri
2462 4255 2626 4309 opera
2665 4238 2915 4302 fecerint,
2941 4254 3114 4309 neque
3144 4250 3323 4294 utrum
3356 4240 3460 4295 l‘ra-

1874 4342 1957 4387 ter
2001 4332 2123 4402 plus
2158 4344 2322 4399 quam
2355 4337 2432 4394 tu,
2468 4344 2537 4383 an
2582 4339 2636 4382 tu
2694 4344 2855 4399 quam
2906 4326 2994 4384 ille
3041 4328 3327 4388 laboraris.
3377 4333 3458 4386 Ad

1871 4437 2009 4493 opus
2054 4430 2342 4485 exeuntes,
2386 4435 2417 4475 a
2458 4419 2667 4475 desidia
2704 4429 2760 4475 et
2805 4420 3111 4491 arrogantia
3144 4429 3351 4476 cavete.
3395 4419 3462 4474 Et

1872 4513 2246 4585 unusquisque
2277 4528 2402 4568 cum
2439 4513 2635 4569 timore
2663 4510 2758 4567 Dei
2787 4513 3031 4567 attendat
3068 4511 3197 4578 sibi,
3230 4522 3286 4568 et
3311 4514 3463 4581 operi

1874 4622 2128 4661 manuum
2176 4620 2419 4672 suarum,
2469 4613 2633 4675 atque
2672 4603 3006 4659 meditationi
3039 4613 3093 4659 et
3122 4604 3315 4659 anima:
3350 4618 3465 4659 suae

1874 4701 1929 4754 in
1977 4696 2317 4752 abscondito.
2364 4696 2498 4753 Cum
2540 4695 2831 4751 dimittitur
2881 4697 3251 4764 congregatio,
3302 4704 3397 4750 aut
3431 4709 3463 4749 a

1880 4804 2066 4844 mensa
2103 4789 2454 4859 consurgitis,
2495 4788 2640 4842 inter
2683 4802 2778 4843 vos
2814 4800 2882 4841 ne
2920 4787 3116 4841 divinis
3147 4785 3362 4855 quidem
3397 4787 3463 4841 de

1878 4881 2040 4936 rebus
2085 4879 2459 4949 colloquentes
2505 4877 2873 4944 consideatis;
2902 4876 2996 4932 sed
3039 4889 3189 4932 suam
3234 4876 3465 4946 quisque

1879 4971 2070 5026 cellam
2119 4980 2298 5041 petat,
2349 4969 2533 5041 ibique
2576 4968 2754 5039 lugeat
2801 4977 3018 5038 peccata
3056 4981 3176 5022 sua.
3222 4964 3375 5033 Quod
3414 4964 3464 5020 si

1893 5062 2195 5119 necessitas
2230 5061 2562 5130 colloquium
2596 5059 2798 5129 exiget,
2832 5056 3159 5126 paucissima
3202 5070 3325 5111 cum
3366 5055 3465 5108 hu-

194 5150 447 5217 evltetis,
499 5165 621 5220 quae
670 5152 724 5205 in
770 5164 898 5205 aere
942 5151 1096 5206 vobis
1145 5159 1453 5206 occurrent.
1502 5151 1784 5219 Quomodo
1813 5129 1859 5186 Β
1889 5155 2119 5212 militate
2151 5163 2206 5209 et
2238 5129 2518 5222 religione,
2548 5160 2804 5220 tanquam
2841 5149 2951 5204 Deo
2984 5155 3274 5217 praesente,
3303 5144 3465 5201 collo-

196 5254 382 5294 coram
417 5238 531 5296 Deo
569 5241 886 5296 consistatis
918 5242 969 5295 in
1003 5242 1276 5297 horrendo
1312 5242 1403 5297 illo
1436 5242 1625 5312 iudicii
1666 5243 1775 5309 die,

195 5349 321 5387 cum
352 5348 452 5402 pro
479 5334 745 5404 cujusque
776 5349 942 5405 apere
975 5346 1032 5391 et
1070 5351 1325 5391 sermone
1366 5345 1421 5390 et
1456 5335 1783 5405 cogitatione

198 5422 393 5477 merita
428 5425 647 5492 praemia
692 5425 1023 5480 tribuantur.
1065 5420 1260 5480 Omnia
1301 5426 1440 5480 enim
1480 5434 1603 5480 sunt
1636 5426 1783 5480 nuda

196 5523 246 5564 et
284 5523 469 5581 aperta
495 5513 663 5569 oculis
686 5515 801 5584 ejus
827 5518 869 5579 ’,
902 5516 988 5570 cui
1023 5515 1178 5571 vobis
1214 5516 1483 5571 reddenda
1508 5524 1594 5571 est
1621 5516 1780 5570 ratio.

200 5602 258 5656 lu
308 5618 493 5658 mensa
544 5615 601 5658 et
644 5606 1065 5676 congregatione
1112 5605 1244 5660 nihil
1292 5606 1623 5677 loquamini,
1677 5605 1778 5661 nisi

203 5711 398 5768 magna
418 5705 647 5768 urgente
670 5699 1012 5754 necessitate.
1039 5696 1362 5754 Psalleutem
1385 5714 1451 5755 ne
1472 5697 1780 5769 corrigatis,

264 5854 283 5882 ⁸
312 5853 477 5910 Hebr.
518 5868 593 5920 ιν,
623 5852 709 5908 15.

1888 5244 2138 5315 quimini.
2188 5243 2299 5298 Nec
2348 5241 2453 5297 ulla
2495 5242 2562 5296 de
2608 5255 2668 5295 re
2714 5239 3045 5305 contendite,
3096 5248 3189 5293 aut
3227 5236 3466 5305 cuipiam

1889 5335 2187 5401 detraltite,
2233 5341 2328 5388 aut
2355 5345 2685 5402 quemquam
2734 5329 3010 5398 iudicate;
3050 5334 3144 5381 aut
3179 5339 3465 5390 sermone,

1890 5426 2143 5482 animove
2187 5423 2496 5494 quempiam
2545 5419 2897 5485 contemnite,
2943 5424 3037 5472 aut
3081 5416 3149 5472 de
3192 5430 3465 5486 quoquam

1894 5516 2021 5571 mali
2082 5515 2284 5586 aliquid
2323 5511 2699 5584 suspicamini.
2743 5507 2853 5565 Nec
2893 5510 3231 5565 mendacium
3265 5522 3332 5561 ex
3373 5521 3466 5561 ore
3518 5524 3523 5564 ;

1893 5618 2080 5664 vestro
2103 5608 2435 5679 egrediatur.
2464 5604 2575 5661 Nec
2602 5604 2768 5674 loqui,
2788 5613 2882 5655 aut
2900 5602 3089 5656 audire
3111 5599 3292 5655 velitis
3315 5594 3466 5667 quidv

1897 5712 2057 5768 quam
2103 5699 2246 5770 quod
2293 5713 2399 5756 non
2446 5695 2719 5767 expediat.
2763 5692 2964 5749 Malitia
3005 5693 3058 5747 in
3094 5691 3258 5748 corde
3293 5694 3465 5745 vestro
