3868 6282
454 404 594 458 ΗΟῚ

1544 412 1814 470 PATRES
1854 415 2156 473 IEGYPTII
2203 419 2471 479 SECULI
2510 425 2592 480 IV.

3560 434 3676 490 “08

452 531 519 572 ne
557 521 810 587 resideat,
857 536 1030 592 neque
1059 524 1262 590 odium,
1302 540 1477 596 neque
1516 529 1714 584 invidia
1767 531 2030 586 adversus
2059 537 2272 602 Alcm,
2325 547 2382 590 ut
2427 555 2620 594 omnes
2669 540 3039 596 immunditias
3083 544 3549 611 concupiscamus.
3599 548 3674 602 Est

448 611 780 678 proximum.

523 702 587 756 II.
631 703 805 760 Unum
850 705 902 758 in
939 721 1035 760 ore
1066 717 1393 776 promptum,
1420 708 1563 763 aliud
1587 710 1639 764 in
1670 712 1849 764 animo
1877 711 2026 764 clau-

446 809 565 848 sum
613 811 678 850 ne
721 797 984 851 habeatis.
1033 798 1175 853 Deus
1229 799 1371 852 enim
1414 817 1517 854 non
1569 802 1824 856 irridetur
1857 803 1898 869 ³,
1929 802 2025 857 sed

445 886 622 956 omnia
663 896 768 939 tam
813 887 1029 940 occulta
1068 904 1230 958 quam
1283 890 1568 945 manifesta
1604 892 1879 962 perspicit.
1914 892 2021 946 Co-

445 976 734 1043 gitationes
767 988 820 1029 et
848 977 1166 1033 amictioues
1188 990 1238 1034 et
1263 981 1596 1049 suspiciones
1624 991 1832 1036 vestras
1855 983 2025 1037 nolite

446 1066 801 1129 abscondere,
835 1069 926 1120 sed
957 1083 1053 1122 eas
1083 1069 1263 1123 abbati
1289 1080 1472 1124 vestro
1503 1079 1725 1126 cunctas
1751 1073 2021 1138 indicate;

443 1164 494 1209 et
526 1159 672 1226 quod
703 1159 771 1212 ab
819 1161 934 1226 ipso
965 1161 1186 1225 auditis,
1227 1162 1278 1216 id
1309 1179 1431 1216 cum
1465 1164 1569 1218 (ide
1606 1166 1887 1235 percipite.
1919 1165 2023 1220 Ca-

443 1257 584 1311 vete,
621 1264 687 1303 ne
735 1250 988 1304 mandata
1037 1268 1152 1306 mea
1201 1254 1507 1323 negligatis,
1551 1257 1764 1324 quando
1810 1272 2018 1311 mecum

444 1335 626 1391 vivere
661 1339 1003 1396 decrevistis.
1040 1343 1096 1399 Si
1129 1345 1270 1398 enim
1298 1360 1359 1398 ea
1392 1346 1766 1411 servaveritis,
1793 1361 1891 1416 ego
1924 1362 2021 1416 pro

441 1424 597 1478 vobis
627 1425 736 1480 Deo
765 1429 1027 1483 rationem
1064 1433 1284 1486 reddam
1311 1449 1326 1497 ;
1358 1435 1440 1487 sin
1476 1449 1538 1487 ea
1574 1436 2018 1490 non'servaveri-

442 1513 532 1577 tis,
573 1530 600 1567 a
636 1516 787 1571 vobis
823 1528 878 1572 et
929 1521 994 1574 de
1037 1521 1364 1590 negligentia
1403 1531 1602 1588 vestra,
1629 1533 1685 1578 et
1729 1525 1794 1580 de
1826 1525 2018 1578 inertia

441 1619 561 1658 mea
599 1607 736 1658 ratio
770 1618 1067 1676 repetetur.
1103 1610 1203 1676 Qui
1239 1612 1487 1665 mandata
1523 1627 1640 1666 mea
1673 1613 2018 1678 custodierit,

440 1703 550 1748 tam
585 1696 638 1748 in
676 1699 911 1763 occulto,
955 1717 1116 1770 quam
1151 1703 1202 1755 in
1248 1703 1559 1768 manifesto,
1593 1703 1850 1760 Dominus
1879 1705 2019 1760 Deus

440 1787 705 1842 custodiet
741 1790 912 1856 ipsum
960 1793 1028 1845 ab
1057 1793 1199 1846 omni
1245 1793 1404 1856 malo,
1439 1803 1492 1848 et
1529 1805 1774 1865 proteget
1804 1810 1926 1849 eum
1965 1797 2014 1848 in

445 1876 593 1928 omni
624 1881 918 1934 tentatione
951 1889 1057 1934 tam
1086 1882 1320 1946 occulta,
1351 1899 1512 1953 quam
1539 1886 1848 1943 manifesta.
1881 1886 2013 1940 Ilor-
2047 1867 2090 1923 Β

443 1976 527 2020 tor
557 1983 670 2035 vos,
699 1969 896 2024 fratres
933 1973 1059 2034 mei,
1094 1981 1152 2024 ut
1182 1974 1564 2041 consideretis,
1601 1991 1698 2030 cur
1741 1992 1771 2028 e
1815 1978 2013 2030 mundo

439 2057 794 2111 recesseritis.
837 2059 1037 2114 Salutis
1065 2069 1259 2115 vestra:
1285 2077 1470 2116 curam
1511 2065 1677 2133 agite,
1711 2079 1776 2120 ne
1807 2080 2010 2118 renuu-

440 2148 592 2202 tiatio
619 2159 794 2202 vestra
831 2152 1004 2206 inanis
1032 2153 1138 2218 sit;
1178 2164 1232 2207 et
1259 2155 1309 2207 in
1336 2165 1623 2224 conspectu
1655 2154 1747 2210 Dei
1793 2165 1846 2210 et
1884 2172 2012 2210 sau-

436 2245 648 2290 ctorqu
681 2238 818 2307 ejus,
858 2242 947 2312 qui
1001 2251 1222 2312 propter
1266 2245 1440 2313 ipsum
1491 2246 1688 2300 mundo
1738 2248 2015 2300 renuntia-

434 2337 634 2381 verunt
677 2330 968 2401 aﬂlictique
1007 2344 1152 2401 sunt,
1185 2337 1538 2392 erubescatis.
1569 2326 1624 2392 In
1659 2353 1724 2393 eo
1757 2341 2008 2394 virtutem

433 2417 591 2472 sitam
621 2422 952 2490 existimate,
985 2426 1026 2480 si
1056 2441 1083 2478 a
1110 2428 1553 2484 contentionibus
1583 2432 1919 2500 temperetis,
1964 2434 2008 2486 si

433 2523 522 2563 res
548 2511 802 2566 adversas
832 2531 991 2584 mquo
1020 2518 1203 2571 animo
1233 2520 1535 2587 patiamini,
1562 2521 1606 2575 si
1647 2523 2008 2578 humilitatem

430 2598 718 2666 excolatis,
752 2601 796 2654 si
827 2603 1152 2658 omnibusin
1188 2607 1348 2660 rebus
1373 2607 1703 2662 voluntatem
1735 2610 2007 2678 propriam

431 2689 732 2760 abnegetis,
759 2693 803 2747 si
830 2694 1055 2764 justitize
1079 2707 1276 2752 vestra:
1302 2699 1526 2755 minime
1555 2701 1880 2767 conﬁdatis;
1915 2705 2007 2756 sed

435 2791 656 2848 peccata
687 2793 868 2838 vestra
888 2801 1100 2856 semper
1127 2797 1251 2842 ante
1278 2789 1463 2844 oculos
1488 2791 1754 2846 habeatis.
1775 2793 2007 2846 Recrea-

431 2873 527 2938 tio,
573 2877 700 2930 mihi
735 2881 960 2942 credite,
1005 2890 1057 2934 et
1084 2881 1369 2947 relaxatio,
1393 2894 1448 2938 et
1475 2886 1651 2941 inanis
1685 2886 1854 2957 gloria
1891 2903 2007 2942 om.

431 2981 551 3019 nem
583 2971 831 3024 monachi
867 2972 1102 3028 fructum
1151 2975 1456 3029 excutiunt.

1027 3087 1286 3144 ORATIO
1323 3086 1386 3142 II.

781 3197 858 3252 De
885 3211 1052 3254 mente
1075 3203 1360 3255 secundum
1387 3213 1658 3261 naturam.

501 3305 543 3364 I.
588 3308 721 3364 Nolo
772 3327 866 3365 vos
921 3315 1191 3382 ignorare,
1244 3315 1462 3384 fratres,
1514 3317 1705 3384 Deum,
1762 3337 1883 3376 cum
1953 3323 2006 3376 in

426 3398 698 3468 principio
747 3403 1020 3457 hominem
1054 3403 1290 3473 fecisset,
1331 3421 1452 3461 eum
1484 3411 1736 3464 sensibus
1786 3413 2008 3482 integris

429 3499 486 3541 et
535 3500 743 3543 naturae
799 3494 1225 3562 congruentibus
1277 3497 1330 3550 in
1380 3500 1636 3566 paradiso
1683 3501 2005 3558 collocasse.

430 3574 631 3630 Verum
669 3591 852 3648 postea
907 3597 1068 3650 quam
1104 3584 1307 3638 audivit
1355 3585 1503 3640 illum
1544 3604 1571 3640 a
1617 3603 1723 3657 quo
1755 3591 2008 3660 deceptus

429 3666 557 3734 fuit,
589 3683 778 3725 Omnes
821 3672 937 3740 ejus
970 3689 1165 3729 sensus
1203 3675 1257 3729 in
1290 3676 1534 3732 habitum
1565 3690 1768 3736 natura:
1797 3693 2010 3737 contra-

429 3758 573 3813 rium
613 3761 860 3814 conversi
894 3772 1042 3825 sunt,
1078 3774 1133 3817 et
1177 3766 1292 3833 ipse
1333 3781 1364 3821 e
1403 3767 1573 3837 gloria
1622 3785 1720 3824 sua
1769 3771 2008 3840 dejectus

429 3857 535 3902 est.
567 3849 635 3902 At
673 3851 932 3905 Dominus
965 3863 1153 3909 noster
1185 3870 1376 3926 magna
1428 3857 1693 3927 impulsus
1739 3862 2006 3918 charitate

429 3939 866 3994 misericordiam
896 3955 1046 3995 suam
1078 3956 1202 4014 erga
1236 3959 1410 4013 genus
1438 3945 1729 4001 humanum
1760 3949 2005 4003 declara-

429 4030 528 4082 vit.
565 4028 798 4084 Verbum
841 4033 984 4085 enim
1019 4048 1169 4097 caro,
1200 4034 1250 4087 id
1290 4044 1374 4090 est
1414 4035 1685 4103 perfectus
1735 4040 1893 4094 homo
1927 4041 2007 4093 fa-

431 4131 576 4172 ctum
623 4133 725 4186 est,
771 4123 1022 4178 omnibus
1067 4125 1118 4178 in
1157 4127 1317 4180 rebus
1361 4127 1516 4181 nobis
1550 4129 1750 4194 simile,
1778 4141 2007 4200 excepto

428 4221 654 4276 peccato
695 4211 737 4276 ⁸,
783 4222 840 4264 ut
890 4228 985 4280 per
1030 4225 1277 4269 sanctum
1335 4231 1534 4287 corpus
1595 4235 1750 4272 suum
1805 4236 1902 4275 nos
1952 4224 2004 4274 in

429 4306 717 4373 pristinum
762 4315 966 4360 natura:
1017 4315 1217 4360 statum
1267 4320 1570 4365 revocaret.
1614 4310 1826 4365 Homini
1859 4315 2003 4368 enim

429 4395 719 4448 ostendens
753 4396 1182 4451 misericordiam
1207 4414 1381 4464 suam,
1421 4402 1633 4454 reduxit
1665 4417 1786 4456 eum
1822 4405 1873 4457 in
1907 4419 2002 4472 pa-

2132 629 2297 681 animi
2334 631 2606 684 a‘mnlatio
2631 641 2836 686 natura;
2861 648 3187 703 congruens,
3219 636 3335 689 sine
3360 651 3465 702 qua
3498 650 3595 688 non
3623 637 3674 688 li-

2131 728 2219 770 cet
2272 719 2324 772 in
2373 717 2541 773 Deum
2586 721 2856 790 progredi.
2895 721 3103 776 Idcirco
3139 723 3483 787 wmulamini,
3527 723 3674 790 inquit

2138 809 2448 875 Apostolus,
2473 811 2612 863 dona
2631 811 3000 879 pra'stanliora
3016 813 3054 864 ⁸.
3089 813 3275 865 Divina
3299 813 3411 866 hare
3429 814 3675 867 aemulatur

2135 897 2355 952 deﬂexit
2377 915 2407 952 e
2427 909 2568 954 statu
2600 901 2858 966 naturali,
2893 911 2950 954 ut
2978 903 3179 956 mutuis
3211 919 3308 958 nos
3335 905 3671 958 :enmlatioui-

2129 983 2229 1043 bus
2255 1000 2306 1044 et
2334 990 2532 1046 invidia
2559 1000 2612 1046 et
2640 992 2933 1048 mendaciis
2947 1008 3338 1064 Oppugnemus.

2198 1076 2263 1131 Il.
2294 1078 2388 1132 Est
2417 1081 2614 1135 mentis
2636 1080 2714 1134 ira
2737 1096 2767 1133 a
2792 1090 2997 1137 natura).
3018 1085 3227 1138 ratione
3255 1084 3477 1137 minime
3500 1083 3674 1145 aliena,

2131 1169 2250 1222 sine
2288 1185 2394 1239 qua
2420 1173 2646 1226 castitas
2684 1173 2884 1226 homini
2919 1189 3023 1228 non
3053 1185 3288 1239 constat,
3321 1175 3426 1228 hoc
3458 1185 3557 1236 est,
3588 1176 3674 1226 nisi

2133 1264 2394 1315 adversus
2424 1266 2632 1317 semina
2661 1279 2781 1332 quae
2805 1267 2872 1321 ab
2895 1267 3117 1321 inimico
3140 1266 3191 1319 in
3223 1282 3318 1319 nos
3344 1274 3674 1335 sparguntur,

2126 1352 2429 1406 irascamur
2452 1359 2937 1423 :quemadmodum
2981 1357 3212 1412 Phinees
3236 1359 3257 1388 ⁷
3285 1357 3426 1410 filius
3447 1355 3675 1417 Eleazar,

2124 1441 2388 1510 ejusmodi
2420 1443 2499 1496 ira
2529 1455 2830 1500 commotus
2854 1449 3123 1501 hominem
3156 1446 3314 1500 simul
3346 1461 3468 1498 cum
3500 1445 3675 1497 femina

2122 1534 2384 1598 confodit,
2415 1547 2470 1591 et
2505 1537 2582 1590 ira
2617 1536 2830 1614 Domini
2859 1553 2888 1592 a
2927 1539 3119 1609 populo
3149 1553 3248 1592 suo
3281 1537 3529 1592 recessit.
3572 1535 3675 1590 Ilszc

2123 1624 2277 1679 nobis
2327 1624 2404 1678 ira
2437 1639 2503 1679 eo
2541 1640 2802 1681 conversa
2839 1635 2950 1691 est,
2982 1635 3040 1680 ut
3081 1627 3342 1694 proximis
3386 1626 3586 1679 nostris
3621 1627 3676 1679 de

2123 1712 2286 1766 rebus
2311 1711 2642 1781 quibuslibet
2667 1714 2846 1768 stultis
2867 1726 2921 1768 et
2947 1715 3225 1770 inutilibus
3249 1715 3567 1771 irascamur.
3596 1714 3675 1768 [ist

2120 1801 2302 1856 odium
2331 1803 2490 1855 animi
2521 1803 2818 1859 secundum
2841 1812 3111 1870 naturam,
3135 1820 3241 1874 quo
3270 1805 3419 1858 Elias
3444 1805 3674 1858 inventos

2117 1907 2306 1948 omnes
2353 1894 2699 1964 turpitudinis
2744 1896 3036 1966 pr0phetas
3077 1896 3353 1952 interfecit
3386 1898 3456 1950 ".
3496 1898 3672 1953 Eodem

2116 1994 2170 2038 et
2227 1983 2444 2040 Samuel
2489 1987 2540 2041 in
2579 1987 2727 2056 Agag
2774 2002 2951 2054 regem
2985 1987 3201 2042 Amalec
3243 1988 3454 2043 exarsit
3487 1989 3531 2042 ⁸.
3563 1988 3672 2042 Sine

2118 2077 2219 2130 hoc
2245 2078 2300 2130 in
2324 2077 2702 2132 adversarium
2735 2079 2881 2143 odio,
2911 2079 3075 2132 animi
3109 2077 3277 2148 gloria
3303 2094 3415 2133 non
3449 2081 3673 2134 declara-

2116 2175 2223 2220 tur.
2281 2164 2474 2221 Verum
2517 2167 2618 2221 hoc
2649 2167 2804 2222 nobis
2832 2169 3012 2222 odium
3041 2178 3231 2224 contra
3274 2181 3528 2223 naturam
3566 2185 3674 2222 cono

2116 2271 2331 2311 versum
2367 2267 2471 2323 est,
2503 2269 2556 2311 et
2585 2259 2705 2313 ideo
2747 2259 3051 2328 proximum
3084 2259 3296 2313 odimus
3322 2268 3489 2328 atque
3515 2259 3674 2327 despi-

2114 2348 2320 2412 cimus,
2375 2356 2429 2401 et
2481 2349 2709 2404 virtutes
2748 2363 2935 2402 omnes
2982 2347 3334 2403 insectamur.
3389 2351 3482 2404 Est
3526 2351 3669 2402 animi

2113 2438 2277 2493 elatio
2302 2439 2353 2492 in
2380 2438 2564 2492 hostes
2589 2439 2811 2492 minime
2837 2446 3042 2493 naturae
3067 2439 3364 2501 contraria,
3402 2454 3558 2507 quam
3587 2437 3671 2493 Job

2113 2544 2233 2584 ctun
2268 2528 2582 2592 invenisset,
2624 2528 2859 2582 inimicis
2894 2528 3006 2582 suis
3040 2529 3342 2582 convicium
3380 2529 3507 2584 fecit
3540 2548 3552 2581 :
3583 2529 3672 2582 Ηυ-

2112 2617 2302 2680 mines,
2343 2616 2616 2685 inquiens,
2649 2616 2854 2669 sordidi
2884 2627 2930 2670 et
2975 2616 3166 2686 objecti
3204 2627 3360 2687 atque
3401 2618 3670 2687 indigentes

2114 2707 2256 2759 omni
2290 2707 2442 2771 bono,
2474 2721 2602 2774 quos
2636 2706 2874 2774 indignos
2904 2708 3198 2760 existimavi
3220 2724 3415 2774 ponere
3449 2725 3560 2760 cum
3594 2724 3667 2759 ca-

2112 2795 2264 2848 nibus
2298 2797 2468 2865 gregis
2505 2796 2604 2848 mei
2625 2795 2668 2848 ’.
2695 2794 2819 2850 Haec
2846 2811 2944 2850 nos
2967 2796 3132 2849 animi
3159 2798 3467 2853 sublimitas
3496 2797 3669 2852 defecit.

2111 2888 2373 2942 adversus
2403 2887 2676 2954 inimicos,
2715 2898 2770 2941 et
2808 2887 3081 2942 humiliali
3115 2902 3303 2942 sumus
3329 2889 3564 2942 inimicis
3589 2905 3668 2941 no-

2111 2980 2271 3044 stris,
2299 2995 2422 3034 cum
2473 2980 2738 3049 proximis
2783 2987 2962 3033 autem
3013 2980 3247 3049 superbe
3287 2981 3666 3043 contendimus,

2111 3081 2168 3126 et
2204 3087 2304 3126 nos
2347 3088 2458 3142 prae
2499 3072 2606 3126 illis
2646 3071 2821 3141 justos
2865 3071 3260 3126 existimamus.
3307 3072 3428 3138 Qua
3473 3074 3664 3142 quidem

2032 3193 2077 3251 ο
2115 3163 2373 3228 superbia
2425 3163 2568 3217 Deus
2607 3163 2767 3217 nobis
2815 3161 3067 3216 inimicus
3111 3160 3359 3216 cIlicitur.
3417 3160 3664 3229 Ejusmodi

2111 3254 2280 3307 animi
2334 3252 2648 3308 affectiones
2693 3267 2816 3307 cum
2866 3253 3084 3307 homine
3119 3263 3314 3306 creatae
3357 3263 3507 3317 sunt,
3551 3267 3666 3321 quas

2117 3342 2228 3408 ille,
2268 3357 2392 3395 cum
2424 3358 2489 3396 ex
2520 3342 2713 3396 arbore
2749 3341 2910 3395 vetita
2941 3341 3286 3409 comedisset,
3322 3343 3378 3396 in
3415 3343 3578 3409 turpia
3602 3341 3666 3392 vi-

2110 3433 2181 3486 tia
2219 3435 2594 3488 commutavit.
2645 3430 2770 3487 Haec
2823 3446 2942 3498 nos,
2989 3431 3186 3487 fratres
3236 3433 3566 3494 charissimi,
3609 3445 3662 3484 ex

2109 3524 2307 3578 animis
2355 3524 2556 3578 nostris
2599 3524 2900 3588 deleamus,
2931 3533 2986 3577 et
3013 3523 3254 3579 colamus
3287 3540 3348 3579 ea
3382 3539 3501 3593 quae
3531 3524 3664 3577 nobis

2108 3614 2160 3668 in
2187 3622 2375 3668 sancto
2401 3630 2629 3685 corpore
2653 3631 2751 3669 suo
2779 3615 3037 3670 Dominus
3062 3627 3242 3670 noster
3262 3615 3425 3672 Jesus
3437 3617 3664 3672 Christus

2106 3705 2367 3760 ostendit.
2405 3705 2639 3761 Sanctus
2666 3706 2755 3761 ille
2779 3718 2880 3770 est,
2910 3708 3042 3760 etin
3074 3709 3274 3761 sanctis
3320 3708 3547 3763 habitat.
3586 3708 3663 3759 At-

2109 3797 2395 3851 tendamus
2431 3795 2588 3850 nobis
2616 3795 2748 3866 ipsis
2777 3805 2832 3850 et
2853 3811 3071 3865 operam
3102 3797 3316 3863 denms,
3349 3809 3412 3851 ut
3449 3798 3550 3852 Deo
3581 3811 3662 3864 pro

2114 3887 2321 3941 viribus
2385 3886 2719 3956 placeamus,
2767 3887 2922 3940 bonis
2975 3887 3233 3956 operibus
3281 3888 3659 3942 incumbentes.

2107 3968 2299 4031 Omnia
2334 3975 2511 4030 studia
2543 3985 2597 4030 et
2641 3991 2801 4031 curas
2831 3983 3047 4031 nostras
3072 3978 3467 4045 ponderemus,
3499 3978 3560 4031 ad
3590 3992 3660 4030 re-

2107 4078 2358 4136 ctamque
2393 4075 2598 4121 naturae
2640 4068 2905 4122 rationem
2948 4083 3011 4122 ac
3054 4082 3300 4122 normam
3350 4070 3659 4140 redigamus,

2109 4168 2168 4211 ut
2202 4159 2540 4212 inveniamus
2571 4157 3002 4212 misericordiam
3029 4158 3081 4211 in
3107 4156 3193 4212 die
3224 4159 3540 4226 tentationis
3559 4172 3662 4226 qua:

2107 4248 2224 4302 orbi
2266 4248 2513 4303 imminet
2551 4248 2804 4303 universo
2855 4249 2921 4302 ¹⁰.
2958 4249 3052 4304 Dei
3095 4249 3431 4317 benignitate
3473 4261 3661 4315 semper

2107 4340 2432 4408 indigemus,
2463 4354 2582 4408 qua:
2609 4340 2911 4395 infirmitati
2945 4351 3143 4404 nostra:
3163 4341 3300 4397 ferat
3339 4343 3590 4396 auxilium
3617 4347 3662 4393 ct

2110 4429 2305 4485 liberet
2347 4445 2445 4486 nos
2485 4434 2552 4486 ab
2597 4431 2832 4487 inimicis
2869 4435 3104 4490 nostris:
3142 4435 3398 4505 quoniam
3443 4436 3552 4502 ejus
3595 4439 3662 4486 est

433 4491 696 4595 radis-um.
743 4491 832 4545 Sic
871 4492 1144 4595 enimcos‘
1184 4495 1276 4595 (illi
1320 4495 1437 4595 σξὶυδ
1471 4497 1631 4595 εθίιιιῖ.
1659 4498 1908 4568 νθειῖεῖθν
1951 4507 2005 4552 ει
2037 4529 2082 4583 D
2109 4521 2372 4591 potentia,
2399 4530 2454 4575 et
2486 4523 2743 4578 auxilium
2779 4532 2835 4579 et
2864 4491 3238 4595 imperium-in
3281 4491 3485 4581 smcula'
3509 4539 3660 4579 sarcu-

434 4583 706 4635 mandatis
750 4597 868 4649 quae
916 4582 1074 4636 nobis
1113 4583 1260 4636 dedit
1303 4585 1523 4639 obedire
1549 4585 1756 4648 volunt.
1800 4589 2005 4642 excita-

425 4673 524 4739 vit,
569 4680 625 4725 ut
651 4687 744 4726 eos
775 4673 992 4727 vincere
1023 4674 1252 4739 valeant,
1288 4675 1378 4744 qui
1417 4691 1515 4730 nos
1553 4691 1583 4730 e
1609 4678 1778 4744 gloria
1816 4688 1999 4733 nostra

431 4763 766 4832 dejeccrunt.
799 4763 1044 4818 Tradidit
1081 4765 1244 4818 etiam
1291 4765 1447 4820 nobis
1491 4777 1734 4821 sanctam
1775 4769 1868 4823 Dei
1899 4783 1996 4823 co-

426 4853 570 4909 lendi
604 4858 865 4909 rationem
894 4855 1173 4925 legemque
1198 4872 1410 4927 puram,
1439 4866 1500 4911 ut
1526 4858 1577 4912 in
1603 4859 1752 4913 illum
1794 4871 2000 4915 naturae

429 4955 632 5000 statum
666 4949 828 5000 homo
861 4957 1170 5002 revertatur
1208 4950 1262 5004 in
1303 4965 1410 5018 quo
1447 4949 1620 5005 fuerat
1659 4966 1688 5004 a
1735 4950 1846 5005 Deo
1877 4967 2005 5007 con-

430 5039 676 5095 stitutus.
709 5038 944 5094 Proinde
970 5041 1062 5109 qui
1096 5041 1210 5105 vult
1237 5043 1362 5096 illuc
1386 5043 1585 5107 redire,
1613 5044 1657 5097 is
1678 5044 1855 5098 omnis
1885 5059 2006 5098 car-

429 5130 516 5184 nis
546 5143 656 5182 sua:
711 5139 954 5198 amputat
994 5130 1322 5194 voluntates,
1358 5141 1416 5185 ut
1462 5146 1697 5186 mentem
1746 5147 1900 5187 suam
1953 5135 2003 5188 in

429 5229 628 5276 statum
675 5220 960 5290 pristinum
1012 5222 1239 5291 redigat.
1293 5223 1388 5276 Est
1427 5223 1753 5277 desiderium
1799 5233 2006 5280 naturae

429 5312 785 5375 conveniens,
807 5312 923 5367 sine
946 5327 1053 5382 quo
1078 5330 1178 5367 nec
1199 5315 1434 5368 charitas
1462 5315 1512 5368 in
1541 5313 1708 5369 Deum
1733 5316 2002 5372 consistit.

430 5398 641 5455 Idcirco
692 5401 877 5455 Daniel
911 5409 1134 5456 vocatus
1174 5411 1257 5456 est
1290 5404 1368 5456 rir
1411 5403 1792 5456 desideriorum
1826 5404 1872 5456 ⁸.
1906 5404 2005 5460 De-

430 5488 690 5544 siderium
723 5491 823 5544 hoc
870 5491 1121 5545 inimicus
1151 5490 1208 5544 in
1244 5490 1442 5545 foedam
1476 5491 1702 5546 mutavit
1738 5493 2004 5564 cupidita-

525 5706 548 5738 ³
581 5706 701 5761 Gal.
744 5725 819 5772 vt,
861 5709 913 5762 7.

1007 5710 1030 5740 ‘
1072 5710 1233 5768 lIebr.
1267 5727 1336 5774 Iv,
1377 5712 1465 5782 I5_.
1572 5712 1595 5743 ⁸
1627 5711 1760 5766 Dan.
1804 5729 1882 5782 Ix,
1912 5714 2000 5769 25.

427 5786 587 5840 xvm,
631 5777 721 5830 40.

797 5779 818 5811 ⁸
852 5778 870 5832 ι
900 5777 1028 5848 Reg.
1072 5796 1159 5846 xv,
1199 5782 1286 5835 55.
1361 5784 1381 5814 °
1418 5779 1515 5836 Job
1556 5797 1684 5847 xxx,
1724 5784 1852 5849 1,2.

2106 4613 2299 4668 lorum.
2329 4614 2521 4669 Amen.

2703 4723 2956 4780 ORATIO
2996 4725 3082 4780 Ill.

2460 4831 2543 4882 Ad
2579 4831 2770 4901 fratres
2799 4833 3347 4904 junioresinstitutro.

2179 4943 2219 4996 Ι.
2263 4941 2551 4998 Ilumilitas
2597 4945 2648 4998 in
2691 4947 2881 5014 primis
2931 4955 3015 5002 est
3058 4951 3396 5012 necessaria,
3442 4949 3576 5019 quod
3613 4947 3657 5000 in

2108 5035 2252 5089 omni
2278 5050 2529 5091 sermone
2551 5037 2838 5092 dicendum
2865 5049 2967 5094 est.
2993 5038 3303 5096 Ilumilitate
3328 5043 3471 5096 enim
3494 5053 3660 5096 omnes

2114 5124 2416 5180 adversarii
2449 5139 2597 5183 artes
2618 5140 2959 5198 superantur.
2989 5129 3183 5186 Omnia
3204 5149 3322 5202 qua:
3350 5135 3444 5189 tibi
3474 5133 3656 5203 agenda

2109 5226 2243 5273 sunt
2282 5218 2568 5289 diligenter
2603 5221 2867 5291 expende,
2899 5231 2958 5276 ut
2981 5223 3033 5276 in
3070 5226 3253 5280 verbis
3292 5227 3397 5281 tuis
3423 5237 3656 5282 constans

2113 5308 2431 5367 inveniaris.
2455 5310 2620 5366 Serva
2651 5315 2968 5382 gravitatem
3001 5313 3054 5368 in
3082 5316 3228 5368 vultu
3254 5334 3269 5382 ;
3294 5331 3417 5386 erga
3440 5317 3656 5387 hospites

2117 5409 2270 5455 utere
2307 5405 2736 5472 mansuetudine,
2773 5416 2833 5460 ut
2859 5406 2952 5462 Dei
2979 5408 3139 5461 timor
3165 5418 3338 5462 tecum
3368 5409 3583 5463 habitet.
3609 5406 3658 5458 Si

2112 5506 2236 5546 cum
2280 5492 2538 5551 fratribus
2586 5497 2688 5551 iter
2739 5498 3066 5569 susceperis,
3101 5500 3175 5555 ita
3216 5511 3267 5557 te
3305 5501 3579 5565 confirma,
3609 5507 3658 5551 ut

2115 5718 2134 5747 °
2175 5717 2460 5793 lCor.xit,
2505 5722 2591 5776 51.
2701 5724 2718 5754 ⁷
2762 5723 3068 5793 Numam,
3115 5728 3164 5791 7,
3209 5725 3262 5780 8.
3362 5727 3403 5758 ’⁸
3445 5721 3507 5776 ιη
3542 5725 3652 5790 ηοε-

1955 5786 1998 5817 ¹⁰
2038 5786 2170 5843 Luc.
2212 5803 2325 5856 ιιι,
2371 5789 2459 5842 26.
