3868 6282
199 383 340 438 1109

1225 376 1285 433 S.
1329 374 1530 432 ISAIIE
1571 371 1860 427 ABBATIS
1897 372 2304 429 ORATIONES.

3312 385 3445 441 illo

200 508 406 551 taceas.
445 495 502 548 In
539 504 731 548 ttinere
766 507 919 547 meus
944 494 997 546 in
1038 491 1218 546 varias
1247 499 1428 561 partes
1461 505 1526 544 ne
1575 490 1775 542 dislra-
1804 487 1850 544 A
1882 487 2031 540 enim
2059 489 2367 543 rationibus
2388 491 2565 544 studio
2597 491 2810 561 pictatis
2836 493 3192 552 adolescentia
3215 499 3444 566 proficit.

198 593 384 652 batur,
422 587 515 643 sed
564 598 736 641 tecum
781 587 895 654 ipse
938 585 1240 648 meditare,
1302 593 1395 636 aut
1449 582 1556 636 Deo
1612 579 1774 634 funde

195 697 390 750 preces
422 682 473 734 in
500 681 662 734 corde
689 689 798 732 tuo.
836 676 1157 746 Ubicunque
1182 675 1487 740 diverteris,
1521 687 1776 741 arrogan-

200 775 334 826 tiam
370 772 498 837 vita,
537 779 591 824 et
618 769 867 823 omnibus
897 769 948 822 in
995 769 1154 822 rebus
1191 766 1489 821 modestum
1530 779 1595 818 ac
1623 777 1775 818 vere-

197 864 438 919 cundum
471 872 521 917 te
561 863 760 930 prmlie.
803 862 883 916 Ad
929 861 980 914 id
1012 860 1152 928 quod
1191 858 1286 913 tibi
1318 858 1619 927 appositum
1657 855 1775 910 fue-

199 954 295 1020 rit,
347 953 427 1006 sic
464 968 681 1006 manum
717 952 1015 1016 extendito,
1075 959 1330 1019 tanquam
1365 949 1525 1003 edere
1555 955 1774 1001 coactus

197 1046 298 1099 sis.
332 1044 387 1097 Si
411 1043 594 1112 junior
619 1057 698 1106 es,
731 1058 795 1097 ne
823 1043 1022 1096 audeas
1058 1041 1272 1110 corpori
1297 1040 1522 1094 alterius
1555 1052 1771 1091 manum

201 1135 481 1188 adhibere.
518 1134 639 1199 Quo
691 1135 740 1186 in
777 1133 892 1187 loco
929 1133 1022 1187 tibi
1053 1141 1137 1185 est
1176 1131 1573 1193 dormiendum,
1613 1127 1773 1197 pallio

198 1235 253 1279 te
287 1236 451 1294 atque
495 1225 658 1278 alium
695 1240 762 1279 ne
801 1225 1167 1292 cooperueris.
1204 1223 1504 1290 Antequam
1545 1232 1593 1274 te
1623 1221 1772 1274 cubi-

198 1326 313 1369 tum
351 1316 624 1381 conferas,
679 1316 872 1370 multas
923 1315 1085 1369 funde
1130 1330 1318 1386 preces
1364 1315 1414 1366 in
1449 1314 1614 1367 corde
1658 1322 1770 1366 tuo.

197 1407 257 1460 Si
291 1407 358 1462 de
397 1409 480 1461 via
525 1408 700 1462 fessus
741 1407 859 1461 oleo
899 1408 1174 1477 paululum
1217 1406 1341 1474 ungi
1374 1404 1609 1458 volneris
1646 1419 1773 1474 pro-

196 1507 322 1565 pter
353 1498 562 1553 itineris
607 1498 865 1562 laborem,
910 1499 1076 1568 pedes
1119 1509 1238 1552 tuos
1282 1507 1484 1550 tantum
1522 1499 1600 1551 sic
1645 1497 1769 1565 ungi

194 1591 472 1658 permitte,
505 1602 561 1643 ut
591 1606 686 1643 eos
725 1591 891 1660 retegi
938 1592 1198 1645 verearis.
1240 1589 1434 1644 Totum
1480 1604 1609 1642 vero
1650 1603 1770 1642 cor-

194 1695 298 1748 pus
340 1682 464 1749 ungi
500 1697 565 1736 ne
597 1683 931 1750 permiseris,
968 1683 1069 1736 nisi
1096 1665 1400 1736 necessitas
1428 1689 1520 1733 aut
1550 1680 1770 1733 morbus

193 1770 456 1838 impellat.
491 1770 548 1825 Si
584 1773 650 1825 ad
678 1782 728 1826 te
765 1772 816 1825 in
847 1772 978 1826 cella
1011 1781 1098 1826 tua
1129 1779 1553 1826 commorantem
1600 1769 1770 1822 frater

195 1863 511 1931 peregrinus
552 1865 868 1928 accesserit,
904 1864 1043 1918 idem
1086 1863 1157 1917 illi
1207 1863 1442 1917 ofﬁcium
1489 1861 1762 1923 exhibeto,

192 1950 422 2020 oleoque
476 1953 637 2019 pedes
679 1954 795 2022 ejus
837 1954 1110 2024 inungito,
1148 1970 1211 2008 ac
1260 1954 1426 2008 dicito
1473 1951 1765 2005 charitatis

193 2041 365 2107 gratia
396 2059 408 2093 :
438 2042 648 2106 Frater,
679 2044 894 2112 suscipe
931 2059 1120 2113 parum
1157 2043 1280 2107 olei,
1313 2053 1368 2096 et
1391 2055 1589 2110 corpus
1618 2050 1763 2093 tuum

193 2145 346 2184 cura.
377 2132 528 2197 Quod
571 2135 612 2187 si
655 2151 775 2188 cum
819 2137 1002 2204 quiete
1031 2136 1264 2190 noluerit
1295 2135 1564 2204 accipere,
1597 2133 1762 2186 mole-

193 2232 316 2277 stus
349 2223 522 2278 illiue
548 2235 684 2280 esto.
727 2227 794 2279 At
835 2227 880 2280 si
913 2241 1076 2280 senex
1112 2229 1216 2281 erit
1242 2228 1591 2293 exercitatus,
1635 2243 1766 2298 coge

193 2311 397 2380 ipsum,
433 2322 490 2366 ut
523 2323 690 2368 totum
725 2330 785 2369 se
829 2317 954 2387 ungi
993 2318 1288 2385 permittat.
1323 2315 1380 2371 Si
1425 2319 1492 2372 ad
1523 2333 1762 2374 mensam

191 2420 316 2459 cum
370 2406 634 2462 fratribus
675 2407 982 2476 junioribus
1028 2409 1399 2475 discubueris,
1451 2426 1516 2464 ne
1564 2411 1766 2465 dixeris

191 2497 375 2551 animo
407 2508 515 2562 tuo,
538 2499 808 2556 Comede:
840 2501 932 2555 sed
956 2511 1172 2571 peccata
1207 2512 1293 2555 tua
1321 2503 1414 2557 tibi
1449 2504 1500 2557 in
1532 2514 1764 2558 mentem

191 2603 410 2653 revoca,
455 2606 525 2645 ne
563 2592 810 2647 comedas
851 2609 972 2647 eum
1018 2594 1309 2662 voluptate.
1351 2595 1566 2650 Manum
1617 2607 1761 2652 tuam

191 2692 321 2736 ante
351 2693 401 2739 te
426 2683 597 2740 solum
640 2689 918 2756 protende.
963 2686 1022 2742 Si
1052 2689 1178 2758 quid
1213 2698 1392 2745 autem
1434 2701 1559 2746 ante
1599 2691 1762 2746 alium

192 2776 426 2844 positum
473 2787 577 2840 est,
625 2779 690 2832 ad
721 2779 771 2831 id
816 2795 1033 2833 manum
1074 2779 1288 2850 injicias
1328 2797 1480 2837 cave.
1537 2782 1761 2838 Pallium

193 2874 447 2935 contegat
481 2870 643 2934 pedes
679 2877 816 2924 tuos.
846 2868 1030 2924 Genua
1073 2880 1160 2926 tua
1199 2873 1310 2926 sint
1357 2874 1500 2928 inter
1535 2889 1596 2929 se
1631 2889 1765 2929 con-

190 2953 399 3023 juncta.
447 2956 541 3011 Sin
585 2957 822 3026 ltOSpites
863 2959 1065 3014 fuerint
1111 2963 1204 3030 qui
1252 2973 1563 3026 vescuntur,
1607 2964 1763 3018 hilari

194 3048 344 3100 vultu
381 3051 682 3103 necessaria
716 3050 818 3104 illis
847 3052 1220 3110 subministra.
1251 3054 1317 3108 Et
1344 3070 1465 3109 cum
1493 3057 1654 3110 edere
1678 3057 1766 3109 de-
1795 3043 1804 3051 ’

1887 575 2020 630 Cum
2061 579 2260 647 aliquid
2307 581 2557 635 manibus
2589 582 2694 637 tuis
2725 586 2996 651 Operaris,
3031 589 3080 639 in
3123 589 3311 643 timore
3352 589 3443 643 Dei

1884 666 2221 735 diligentiam
2252 670 2468 734 adhibe,
2499 687 2584 738 ne,
2619 674 2662 726 si
2695 676 2969 746 negligens
3011 679 3105 745 sis,
3148 681 3442 748 ignorantia

1879 772 2093 827 pecces.
2126 759 2260 813 Cum
2303 776 2436 830 opus
2479 763 2694 833 aliquod
2729 767 2911 832 discis,
2958 771 3268 837 magistrum
3313 788 3443 827 con-

1881 849 2018 913 sule,
2045 859 2101 904 et
2129 867 2194 903 ne
2217 853 2474 908 erubesce
2499 856 2692 921 schius
2720 856 2866 911 illum
2893 876 3072 927 orare,
3107 871 3161 915 ut
3187 880 3281 932 pro
3311 865 3444 918 cha-

1882 939 2040 994 ritate
2081 940 2284 1007 videat,
2321 951 2540 998 rectene
2586 945 2713 1000 illud
2747 964 2805 1003 se
2835 949 3049 1015 habeat,
3081 968 3267 1007 necne.
3296 954 3350 1008 Si
3393 964 3445 1010 te

1877 1030 1929 1083 in
1988 1045 2152 1099 opere
2197 1044 2517 1103 occupatum
2567 1041 2836 1092 vocaverit
2866 1039 3029 1095 frater
3075 1052 3216 1108 tuus,
3259 1045 3444 1099 sedulo

1881 1119 2002 1174 vide
2047 1121 2177 1189 quid
2208 1123 2369 1186 velit;
2404 1134 2456 1178 et
2492 1140 2653 1196 opere
2681 1137 2770 1182 tuo
2799 1129 3128 1194 intermisso,
3160 1133 3307 1188 illum
3347 1137 3445 1189 ad-

1870 1211 2019 1280 juva.
2066 1213 2197 1266 Cum
2241 1229 2272 1268 e
2317 1231 2498 1270 mensa
2550 1219 2743 1285 surgis,
2785 1220 2835 1273 in
2863 1222 3050 1276 cellam
3094 1235 3233 1277 tuam
3266 1227 3444 1295 ingre-

1877 1305 2030 1368 dere,
2073 1315 2126 1358 et
2175 1308 2424 1374 precibus
2469 1309 2736 1374 incumbe,
2779 1328 2877 1365 nec
2923 1329 3045 1367 cum
3090 1315 3193 1369 illis
3224 1319 3444 1372 conside

1875 1393 1965 1460 qui
2009 1393 2103 1445 tibi
2151 1409 2254 1446 non
2293 1407 2536 1464 prosunt.
2564 1396 2714 1461 Quod
2755 1399 2798 1452 si
2845 1400 2908 1451 de
2949 1401 3057 1454 Deo
3086 1417 3239 1456 senes
3278 1404 3443 1457 collo-

1875 1493 2133 1552 quantur,
2165 1487 2412 1541 abbatem
2442 1497 2590 1543 tuum
2617 1505 2764 1559 roga,
2795 1501 2971 1544 utrum
3003 1493 3092 1547 tibi
3115 1494 3441 1548 audiendum

1874 1577 1974 1639 sit,
2038 1593 2103 1630 an
2143 1581 2377 1634 eundum
2417 1584 2482 1635 ad
2523 1582 2751 1647 cellam;
2794 1593 2846 1637 et
2897 1585 3036 1653 quod
3082 1585 3169 1639 ille
3210 1586 3442 1652 dixerit,

1874 1665 2065 1722 facito.
2113 1669 2168 1723 Si
2226 1680 2276 1722 te
2325 1671 2507 1740 aliquo
2551 1674 2793 1737 miserit,
2839 1690 2999 1742 roga,
3043 1685 3101 1728 ut
3147 1685 3197 1727 te
3251 1677 3441 1730 diverti

1876 1757 2036 1822 velit;
2070 1768 2124 1811 et
2170 1774 2289 1827 qua:
2337 1761 2424 1814 tibi
2463 1764 2714 1817 mandata
2747 1765 2857 1828 det,
2889 1765 3169 1834 diligenter
3203 1768 3446 1820 animad-

1875 1857 2048 1912 verte,
2083 1863 2150 1902 ne
2203 1849 2320 1916 plus
2362 1851 2612 1905 minusve
2655 1852 2842 1907 facias.
2889 1853 3016 1920 Quae
3059 1853 3188 1908 foris
3222 1856 3442 1909 audive—

1876 1938 1972 2002 ris,
2000 1954 2062 1993 ea
2102 1952 2380 1996 revertens
2425 1944 2623 1998 nemini
2659 1944 2879 2002 dixeris.
2928 1945 2982 1999 Si
3018 1961 3175 1999 aures
3206 1956 3324 2000 tuas
3352 1962 3445 1999 cu-

1881 2031 2160 2097 stodieris,
2207 2033 2385 2104 lingua
2416 2045 2503 2088 tua
2539 2051 2640 2090 non
2671 2037 2941 2104 peccabit.
2975 2036 3030 2090 Si
3062 2052 3173 2090 rem
3210 2037 3441 2105 aliquant

1877 2124 1978 2189 vis,
2008 2134 2062 2178 et
2105 2139 2226 2179 eam
2269 2127 2314 2180 is
2342 2143 2464 2180 cum
2497 2141 2604 2196 quo
2633 2128 2863 2193 habitas,
2896 2128 3078 2192 nollet,
3124 2132 3335 2183 remitte
3369 2130 3441 2182 illi

1875 2217 2206 2272 voluntatem
2241 2227 2412 2285 tuam,
2445 2235 2510 2274 ne
2533 2221 2807 2275 contentio
2841 2223 3139 2287 oboriatur,
3184 2238 3313 2276 neve
3339 2221 3438 2275 fra-

1878 2317 1959 2363 ter
2009 2319 2131 2364 tuus
2167 2311 2379 2366 tristitia
2413 2311 2695 2366 adiciatur.

1950 2401 2032 2456 Ill.
2079 2400 2320 2469 llospitio
2355 2413 2636 2474 susceptus
2667 2419 2694 2457 a
2723 2403 2893 2460 fratre
2927 2415 3037 2470 tuo,
3073 2422 3140 2461 nc
3184 2407 3310 2476 quid
3342 2407 3443 2472 illi,

1877 2501 1934 2546 ut
1974 2494 2311 2560 peregrinus,
2332 2495 2634 2564 praecipias,
2669 2511 2769 2552 neu
2796 2497 2927 2551 velis
2958 2498 3071 2566 ipse
3100 2513 3349 2568 przeesse.
3384 2501 3438 2554 In

1878 2599 2063 2638 eorum
2109 2601 2387 2640 sermones
2426 2588 2746 2656 quibuscum
2781 2589 3011 2654 habitas,
3066 2607 3130 2644 ne
3178 2602 3230 2645 te
3261 2601 3319 2644 ut
3356 2609 3446 2644 so-

1874 2675 2014 2729 cium
2057 2686 2112 2730 et
2155 2692 2338 2745 parem
2383 2679 2647 2734 intrudas.
2687 2681 2743 2734 Si
2781 2681 2908 2750 quid
2955 2681 3046 2735 tibi
3075 2685 3447 2738 coiumiserint

1873 2765 2014 2834 quod
2051 2767 2164 2834 ipse
2214 2766 2373 2830 nolis,
2408 2781 2584 2836 pugna
2629 2783 2750 2822 cum
2797 2770 3074 2825 voluntate
3131 2780 3218 2824 tua
3264 2773 3440 2840 quoad

1876 2855 2045 2925 ipsam
2079 2872 2323 2925 superes,
2360 2873 2426 2910 ne
2464 2857 2666 2928 allligas
2693 2873 2806 2924 eos,
2846 2869 2899 2913 et
2935 2861 3248 2916 modestiam
3287 2864 3447 2916 amit-

1874 2956 1957 3000 tas
1993 2956 2162 3010 tuam,
2206 2957 2262 3001 et
2291 2947 2529 3016 quietam
2563 2949 2800 3017 ipsorum
2827 2953 3272 3007 consuetudinem
3318 2968 3440 3022 per-

1879 3037 2079 3092 turbes.
2113 3037 2171 3093 Si
2211 3038 2384 3093 frater
2425 3053 2654 3109 quocum
2705 3041 2937 3107 habitas,
2991 3041 3193 3111 aliquid
3247 3044 3344 3098 sibi
3388 3057 3444 3096 ut

199 3137 413 3200 sierint,
443 3139 528 3192 dic
561 3139 664 3194 illis
691 3140 908 3208 iterum,
933 3157 998 3197 ac
1025 3144 1184 3197 tertio
1217 3163 1229 3197 :
1260 3145 1539 3199 Comedite
1565 3145 1759 3210 adhuc,

1878 3129 2211 3199 prospicias,
2251 3130 2348 3184 abs
2395 3139 2444 3184 te
2475 3131 2720 3200 petierit;
2757 3131 2898 3199 quod
2942 3131 3148 3199 possis,
3195 3131 3244 3184 id
3283 3131 3443 3184 faci‘o

191 3231 420 3284 obsecro
481 3246 598 3295 vos,
651 3233 965 3300 pauxillum.
1017 3235 1160 3290 Inter
1201 3238 1526 3291 vescendum
1582 3237 1767 3293 oculos

189 3333 317 3385 tuos
370 3322 421 3375 in
471 3324 773 3391 proximum
816 3340 883 3378 ne
924 3325 1242 3394 conjeccris,
1285 3342 1420 3383 neve
1463 3329 1768 3398 respexeris

193 3413 300 3466 huc
334 3425 386 3467 et
407 3415 551 3477 illuc,
586 3431 760 3483 neque
791 3418 953 3470 verba
981 3417 1142 3470 stulta
1169 3419 1482 3486 protuleris.
1513 3422 1594 3475 Ad
1636 3421 1767 3474 nihil

190 3504 336 3571 quod
371 3505 502 3559 vel's
553 3522 770 3561 manum
805 3509 1054 3574 extende,
1079 3511 1178 3566 nisi
1207 3511 1356 3580 prius
1381 3514 1529 3567 dicas
1557 3531 1570 3566 :
1600 3512 1769 3567 Bene-

192 3597 378 3651 dicite.
421 3597 555 3652 Cum
597 3615 792 3669 aquam
842 3600 1010 3665 bibis,
1063 3611 1250 3670 guttur
1303 3613 1448 3656 tuum
1495 3619 1560 3658 ne
1617 3605 1768 3659 sinas

191 3705 384 3743 sonum
418 3694 600 3755 edere,
627 3703 684 3746 ut
711 3692 885 3747 solent
913 3695 1160 3748 homines
1190 3695 1460 3764 vulgares.
1493 3693 1548 3750 Si
1579 3697 1630 3749 in
1667 3697 1769 3750 fra-

199 3791 341 3834 trum
393 3796 648 3836 consessu
701 3783 890 3851 pituita
937 3785 1096 3838 fuerit
1140 3787 1368 3840 molesta
1400 3785 1515 3850 tibi,
1554 3801 1671 3840 eam
1713 3787 1765 3841 in

196 3883 386 3923 eorum
424 3882 715 3940 conspectu
765 3888 832 3928 ne
866 3874 1092 3944 projice,
1150 3877 1244 3930 sed
1291 3877 1440 3931 foras
1483 3877 1764 3944 egredere,

198 3961 380 4029 ibique
422 3971 473 4015 te
501 3976 758 4032 expurga.
794 3963 904 4018 Nec
927 3979 1126 4033 corpus
1159 3975 1308 4021 tuum
1348 3981 1578 4036 expone,
1612 3976 1672 4020 ut
1697 3967 1768 4020 ab

197 4049 507 4104 hominibus
545 4052 806 4106 videatur.
848 4051 903 4107 Si
931 4055 1194 4110 oscitandi
1238 4065 1289 4110 te
1317 4056 1582 4124 cupiditas
1618 4057 1769 4111 inva-

197 4141 349 4206 serit,
377 4157 439 4195 os
469 4142 708 4198 clausum
739 4145 976 4210 contine,
1005 4154 1058 4198 et
1092 4146 1190 4200 abs
1225 4156 1273 4200 te
1301 4146 1491 4214 fugiet.
1531 4145 1607 4200 Ne
1638 4163 1767 4217 ape-

200 4235 375 4288 rueris
405 4250 465 4287 os
506 4244 652 4287 tuum
686 4245 743 4289 ut
793 4237 1000 4289 rideas:
1046 4245 1128 4290 est
1154 4237 1298 4290 enim
1335 4239 1386 4291 id
1419 4240 1584 4291 animi
1624 4239 1769 4293 solu-

201 4324 373 4378 tioris.
409 4324 465 4379 Si
501 4326 728 4393 proximi
770 4326 858 4406 tui
881 4336 975 4380 aut
1017 4335 1242 4393 vestem,
1287 4338 1379 4380 aut
1423 4345 1638 4394 zonam,
1679 4340 1772 4381 aut

197 4417 483 4480 cucullam,
520 4423 612 4470 aut
655 4419 798 4486 aliud
848 4419 1125 4487 quidpiam
1189 4419 1412 4484 videris,
1456 4420 1507 4473 id
1539 4435 1607 4475 ne
1637 4436 1769 4475 con-

1874 3237 1996 3277 cum
2033 3222 2232 3277 timore
2261 3221 2376 3276 Dei.
2415 3221 2472 3275 Si
2505 3223 2646 3291 quod
2679 3237 2815 3292 opus
2853 3223 3154 3278 faciendum
3185 3233 3289 3283 est,
3335 3238 3444 3276 om-

1874 3327 1970 3367 nes
1997 3311 2088 3382 (ιιιί
2115 3312 2274 3367 simul
2307 3312 2506 3378 vivitis,
2534 3327 2751 3367 manum
2787 3313 3110 3380 admovete;
3142 3329 3296 3368 nemo
3322 3330 3439 3368 cor-

1871 3405 1988 3472 pori
2019 3419 2116 3458 suo
2144 3413 2353 3474 parcat,
2379 3421 2447 3460 ne
2467 3406 2693 3460 aliorum
2716 3405 3048 3460 conscientia
3074 3405 3439 3474 perturbetur.

1871 3492 2004 3546 Cum
2050 3509 2209 3548 mane
2243 3496 2437 3564 surgis,
2471 3496 2712 3565 quotidie
2737 3495 2889 3566 prius
2920 3509 3079 3563 quam
3112 3495 3176 3546 ad
3221 3508 3355 3561 Opus
3393 3503 3444 3547 te

1873 3585 2144 3650 conferas,
2188 3601 2306 3655 quae
2352 3586 2443 3641 Dei
2500 3596 2628 3641 sunt
2666 3588 2946 3642 meditare.
2986 3584 3120 3640 Cum
3173 3600 3266 3639 seu
3300 3599 3443 3652 spor-

1874 3677 2007 3741 tula,
2043 3692 2139 3732 seu
2179 3693 2296 3740 vas,
2331 3693 2423 3733 seu
2454 3679 2579 3747 quid
2608 3679 2750 3732 aliud
2782 3679 3084 3732 faciendum
3112 3687 3219 3741 est,
3251 3676 3304 3729 id
3344 3677 3445 3728 im-

1873 3768 2026 3842 pigre
2047 3783 2168 3823 cum
2199 3769 2477 3836 diligentia
2506 3769 2691 3825 facito.
2723 3767 2780 3823 Si
2805 3769 2934 3839 quid
2963 3779 3046 3822 est
3070 3768 3209 3837 quod
3237 3768 3440 3821 lucrum

1876 3858 2087 3926 afferat,
2131 3860 2354 3915 fratrem
2389 3861 2584 3916 adhibe
2629 3860 2860 3923 socium,
2895 3869 2949 3914 et
2979 3874 3044 3913 ne
3081 3860 3343 3913 invideas.
3383 3857 3441 3912 Si

1872 3967 2010 4021 opus
2047 3963 2130 4007 est
2169 3953 2383 4022 aliquod
2427 3967 2673 4022 parvum,
2721 3962 2772 4005 et
2825 3967 2960 4006 unus
3008 3951 3159 4004 alteri
3213 3951 3441 4006 dixerit:

1877 4043 2108 4109 Recede,
2137 4044 2326 4106 frater,
2351 4059 2594 4113 operare,
2612 4057 2711 4110 ego
2727 4043 2871 4096 solus
2890 4044 2991 4096 hoc
3015 4043 3208 4095 faciam
3231 4059 3245 4107 ;
3278 4058 3434 4111 pare:

1879 4136 1968 4204 qui
1997 4136 2141 4189 enim
2173 4145 2344 4204 paret,
2382 4135 2426 4189 is
2457 4149 2682 4203 magnus
2707 4143 2811 4187 est.
2834 4133 2888 4188 Si
2915 4133 2982 4186 ad
3019 4141 3069 4187 te
3100 4133 3268 4186 frater
3293 4147 3446 4200 pere-

1878 4228 2065 4296 grinus
2107 4227 2336 4290 accedit,
2382 4226 2500 4280 beta
2537 4227 2710 4294 ipsum
2750 4225 2888 4279 facie
2915 4225 3084 4280 saluta
3117 4235 3276 4292 atque
3303 4239 3444 4278 com-

1882 4318 2141 4384 plectere,
2162 4325 2216 4369 et
2250 4331 2411 4385 quam
2439 4325 2613 4386 gestat
2640 4315 2928 4376 sarcinam,
2956 4330 3077 4369 cum
3107 4317 3301 4384 gaudio
3333 4316 3444 4384 ipse

1876 4406 2107 4474 suscipe.
2151 4405 2215 4460 Et
2267 4406 2317 4459 in
2371 4390 2488 4474 ejus
2535 4406 2775 4460 discessu
2820 4420 3029 4459 rursum
3075 4405 3213 4459 idem
3257 4405 3440 4461 facito.

198 4509 466 4577 cupiscas.
499 4508 684 4577 Neque
715 4507 910 4563 similia
937 4509 1034 4563 ubi
1068 4509 1182 4578 ipse
1211 4511 1525 4579 conﬁciens,
1560 4521 1662 4567 tum
1684 4514 1769 4566 in,
1803 4489 1848 4543 D
1883 4495 2150 4549 Salutatio
2193 4504 2370 4548 autem
2423 4504 2509 4548 tua
2557 4495 2628 4549 sit
2672 4510 2793 4550 cum
2835 4495 3242 4550 mansuetudine
3283 4506 3334 4550 et
3379 4497 3446 4550 ti-

199 4597 420 4666 dulgeas
451 4599 752 4666 cupiditati.
797 4597 856 4653 Si
895 4599 1087 4653 librum
1118 4587 1210 4654 tibi
1247 4600 1364 4668 ipse
1405 4603 1767 4671 compegeris,

199 4689 255 4742 in
291 4703 356 4743 eo
391 4705 458 4745 ne
501 4689 717 4746 labores
744 4691 1098 4759 exornando;
1139 4701 1222 4747 est
1245 4692 1388 4747 enim
1424 4693 1610 4745 vitium
1628 4707 1774 4762 -pue-

197 4780 314 4836 rile.

268 4873 331 4928 ll.
368 4873 422 4928 Si
456 4875 632 4944 aliqua
680 4876 733 4930 in
761 4891 819 4931 re
859 4876 1152 4941 erraveris,
1189 4877 1484 4931 mendacio
1525 4891 1594 4931 ne
1624 4886 1772 4944 tegas

180 4987 184 5000 ι
214 4979 440 5020 πνοι-ειη
472 4975 648 5030 ιιιιιιιι,
674 4967 767 5020 sed
790 4967 1161 5035 paenitentiam
1189 4981 1354 5036 agens
1379 4967 1592 5021 veniam
1621 4976 1762 5035 pete,

204 5062 253 5107 et
282 5069 438 5109 error
483 5054 578 5108 tibi
613 5054 941 5108 remittetur.
976 5054 1032 5108 Si
1066 5053 1188 5123 quis
1224 5063 1275 5107 te
1314 5053 1500 5107 durius
1529 5049 1769 5120 compel-

202 5144 344 5209 larit,
395 5158 464 5197 ne
511 5144 741 5198 extollas
789 5145 1049 5198 adversus
1105 5143 1252 5197 illum
1293 5157 1389 5196 cor
1446 5151 1626 5204 tumn,
1676 5142 1770 5192 sed

199 5253 418 5304 operam
455 5239 541 5301 da,
567 5250 624 5290 ut
656 5238 727 5291 illi
753 5238 1055 5292 satisfacias
1078 5248 1202 5291 ante
1228 5250 1386 5305 quam
1410 5235 1624 5288 animus
1648 5244 1771 5286 tuus

210 5332 516 5399 indignetur
545 5349 558 5384 :
593 5331 672 5385 ira
701 5331 843 5384 enim
875 5346 943 5385 ex
974 5333 1152 5386 studio
1182 5331 1258 5401 (l)
1295 5329 1559 5399 provenit.
1587 5329 1640 5381 Si
1663 5327 1773 5402 Vali-

200 5440 301 5491 qua
337 5424 389 5476 in
423 5439 481 5478 re
520 5423 604 5477 vel
635 5424 780 5493 jure,
820 5423 903 5477 vel
933 5422 1128 5491 injuria
1160 5423 1228 5475 ah
1252 5422 1437 5489 aliquo
1473 5419 1770 5488 reprehen-

199 5531 294 5569 sus
339 5515 534 5581 fueris,
581 5531 648 5570 ne
692 5514 1050 5584 perturberis,
1092 5514 1186 5569 sed
1231 5515 1599 5582 ptenitentiatn
1647 5528 1768 5581 age,

202 5604 423 5678 Ignosce
448 5645 464 5672 ,
505 5606 774 5676 inquiens,
807 5606 936 5660 mihi
962 5623 976 5673 ;
1003 5620 1108 5660 non
1155 5604 1385 5674 amplius
1427 5604 1640 5658 faciam.
1679 5603 1772 5658 His

270 5759 350 5830 (ί)
397 5760 477 5816 Ex
517 5762 707 5816 studio.
741 5762 819 5815 An
873 5775 936 5816 ex
980 5758 1138 5813 odio?

1879 4599 2026 4638 more
2075 4583 2192 4648 Dei,
2240 4599 2308 4638 ne
2347 4582 2666 4640 offendatur.
2701 4585 2845 4641 Cave
2893 4602 2958 4641 ne
2992 4586 3138 4641 illum
3179 4589 3244 4641 de
3286 4591 3444 4643 rebus

1881 4676 2160 4731 inutilibus
2187 4677 2509 4747 interroges,
2538 4679 2632 4732 sed
2677 4693 2798 4732 eum
2834 4680 2900 4733 ad
2929 4681 3225 4735 orationem
3255 4681 3439 4734 invita.

1880 4767 1944 4820 Et
1976 4757 2158 4834 pbstea
2193 4783 2352 4835 quam
2382 4769 2602 4833 sederit,
2630 4770 2899 4839 quomodo
2930 4786 2988 4826 se
3019 4773 3212 4826 habeat
3240 4788 3441 4840 qna-re,

1876 4869 1933 4913 et
1963 4859 2096 4912 nihil
2120 4859 2374 4928 amplius,
2413 4860 2504 4914 sed
2546 4860 2783 4915 libellum
2814 4862 2862 4915 ei
2895 4863 3126 4931 aliquem
3161 4861 3442 4929 legendum

1877 4949 2075 5016 prmbe.
2109 4947 2203 5000 Sin
2249 4947 2424 5002 fessus
2460 4948 2621 5003 fuerit
2656 4949 2722 5002 de
2760 4951 2869 5011 via,
2899 4951 2982 5005 fac
3017 4962 3073 5006 ut
3103 4953 3365 5021 quiescat,
3393 4966 3445 5010 et

1881 5043 2048 5108 pedes
2078 5041 2192 5111 ejus
2219 5041 2359 5094 lava.
2391 5040 2449 5095 Si
2479 5042 2639 5096 verba
2671 5042 2954 5110 protuierit
2985 5059 3089 5098 non
3122 5047 3446 5099 convenien-

1876 5135 1972 5195 tia,
2005 5147 2165 5186 mone
2208 5133 2379 5202 ipsum
2415 5146 2536 5186 cum
2565 5133 2864 5187 cltaritate:
2894 5133 3132 5205 Ignosce,
3170 5137 3440 5202 inquietis,

1877 5227 2006 5279 mihi
2037 5243 2050 5290 ;
2084 5224 2332 5278 infirmus
2359 5239 2497 5289 sum,
2522 5233 2576 5278 et
2609 5225 2796 5280 isthaec
2817 5223 2957 5279 ferre
2983 5240 3087 5279 non
3114 5240 3350 5293 pOSSlllll.
3385 5226 3441 5278 Si

1879 5330 2080 5382 pauper
2103 5294 2208 5377 est,
2233 5323 2287 5368 et
2312 5315 2529 5368 sordida
2555 5314 2714 5370 habet
2743 5314 3081 5377 vestimenta,
3108 5328 3168 5367 ea
3198 5324 3248 5366 tn
3266 5315 3440 5368 ablue.

1881 5404 1936 5458 Si
1970 5421 2139 5474 vagus
2172 5416 2254 5460 est
2287 5415 2339 5459 et
2373 5406 2686 5470 circulator,
2718 5414 2773 5458 et
2818 5405 3024 5471 aliquos
3056 5406 3192 5471 apud
3226 5415 3276 5457 te
3311 5405 3445 5458 lide-

1878 5496 1954 5550 les
1989 5495 2176 5558 habes,
2209 5510 2331 5550 eum
2373 5496 2425 5548 in
2459 5502 2812 5560 conspectum
2844 5506 3029 5547 eorum
3074 5508 3140 5547 ne
3167 5493 3440 5555 adducito,

1877 5587 1979 5644 sed.
2014 5585 2441 5642 misericordiam
2475 5585 2526 5638 in
2557 5584 2704 5638 illum
2736 5583 3004 5636 ostendito
3034 5597 3154 5637 cum
3187 5581 3280 5636 Dei
3312 5582 3442 5637 cha-
