3872 6278
362 348 491 406 “ll

1416 345 1694 403 PATRES
1734 347 2038 413 ᾹΞϐἷΡῘΠΙ
2081 347 2357 408 SIECULI
2396 349 2484 404 IV.

3487 349 3636 404 ιιιε

367 465 549 516 ritate.
590 460 683 515 Sin
731 460 937 521 frater.
990 470 1043 512 et
1083 469 1301 528 propter
1347 460 1513 516 Deum
1554 464 1751 533 quaerit
1794 465 1934 532 apud
1967 467 2012 524 Α
2041 465 2222 520 cibum
2250 476 2532 534 capturus,
2560 461 2818 530 intelligis
2853 462 3052 517 ibident
3085 461 3363 518 mulierem
3400 465 3631 516 adfutu-

363 565 414 608 te
445 553 728 622 hospitari,
753 568 819 606 ne
844 563 1060 605 avertas
1089 549 1280 604 faciem
1308 562 1454 606 tuam
1479 553 1549 608 ab
1573 570 1662 620 eo,
1685 555 1780 610 sed
1809 572 1933 610 cum

363 648 550 702 laetitia
586 645 732 699 illum
769 644 1004 711 suscipe,
1043 654 1095 698 et
1125 659 1246 698 cum
1291 645 1542 703 fidelibus
1573 650 1666 717 qui
1701 651 1842 717 apud
1886 661 1935 703 te

361 738 716 799 diverterunt,
750 736 996 789 admitte.
1029 733 1086 788 Si
1130 737 1410 791 mendicus
1435 747 1538 802 est,
1585 754 1812 793 vacuum
1840 741 1937 795 abs

361 843 410 884 te
454 847 520 884 ne
551 830 842 892 dimiseris,
877 829 971 884 sed
1009 829 1445 886 benedictionem
1475 848 1635 901 quam
1668 833 1760 888 tibi
1796 833 1936 889 Deus

362 923 508 974 dedit
544 920 746 989 aliquid
783 921 1083 990 impertire,
1122 931 1179 974 ut
1207 922 1452 978 declares
1493 938 1556 977 ea
1602 939 1722 993 qua:
1747 927 1934 988 habes,

359 1032 462 1066 nnn
505 1027 625 1066 esse
670 1025 782 1078 tua,
826 1014 920 1067 sed
957 1014 1097 1068 dona
1129 1013 1248 1067 Dei.
1285 1014 1340 1068 Si
1375 1013 1543 1069 frater
1569 1017 1710 1084 apud
1756 1026 1806 1070 te
1838 1017 1938 1069 ali-

359 1105 486 1172 quid
522 1105 856 1174 deposuerit,
905 1103 1030 1158 illud
1078 1121 1144 1160 ne
1185 1107 1425 1175 aperias,
1466 1108 1565 1162 nisi
1617 1109 1730 1177 ipse
1770 1110 1933 1164 adsit.

360 1195 416 1246 Si
450 1197 746 1262 pretiosum
777 1195 979 1264 aliquid
1015 1195 1177 1263 inest,
1212 1197 1296 1251 dic
1343 1199 1390 1251 ei
1425 1210 1482 1252 ιιι
1521 1199 1570 1252 id
1619 1209 1844 1269 reponat
1882 1201 1935 1254 itt

359 1302 520 1340 manu
555 1296 664 1340 tua.

431 1376 516 1430 IV.
560 1377 616 1431 Si
667 1393 890 1448 peregre
920 1379 1281 1447 proficiscens
1319 1382 1604 1438 diverteris
1647 1385 1784 1455 apud
1835 1387 1935 1439 ali-

359 1480 551 1533 quem,
585 1475 638 1519 et
684 1466 772 1520 ille
817 1469 976 1522 donto
1009 1469 1339 1538 egrediatur,
1393 1481 1447 1526 et
1491 1483 1540 1528 te
1571 1473 1742 1528 solunt
1775 1475 1934 1529 relin-

359 1565 520 1623 quat,
564 1558 747 1611 oculos
795 1567 912 1613 tuos
955 1575 1024 1614 tte
1066 1561 1369 1626 sustuleris,
1403 1572 1496 1629 ttt,
1530 1580 1651 1634 qua:
1680 1565 1754 1620 ibi
1783 1577 1936 1630 sunt,

360 1664 485 1701 vasa
533 1659 587 1702 ct
625 1650 1009 1719 supellectilem
1063 1653 1316 1723 aspicias.
1373 1655 1686 1712 Fenestram
1721 1669 1814 1713 aut
1852 1675 1944 1714 ar-

361 1756 478 1794 cant
521 1754 613 1796 aut
647 1745 840 1796 lihrutn
889 1746 1132 1812 aperias,
1177 1763 1327 1804 cave.
1373 1750 1524 1804 Illum
1561 1762 1738 1808 autem
1783 1769 1942 1824 egre-

361 1833 593 1886 dientem
627 1849 718 1886 ora
743 1874 758 1896 ,
785 1845 838 1888 et
863 1836 905 1890 si
940 1836 1140 1907 aliquid
1175 1839 1269 1893 tibi
1297 1842 1478 1907 operis
1505 1845 1857 1911 commiserit,
1890 1846 1941 1900 id

362 1923 523 1977 facito
559 1923 864 1993 diligenter.
907 1924 1181 1997 incognita
1216 1946 1282 1984 ne
1316 1929 1574 1987 laudaris.
1605 1933 1736 1999 Qum
1783 1936 1940 1990 audi-

361 2014 529 2078 veris,
557 2029 616 2067 ea
645 2031 917 2085 nunquam
944 2028 1088 2073 certa
1112 2027 1277 2090 atque
1307 2034 1590 2092 perspecta
1617 2039 1683 2078 ne
1710 2024 1943 2079 aflirma-

362 2107 524 2159 veris.
568 2105 846 2163 Neminem
883 2121 1102 2178 prepter
1135 2112 1378 2167 habitum
1412 2125 1716 2171 centemne.
1752 2117 1809 2171 Si
1861 2120 1942 2173 vel

362 2213 557 2265 aquam
591 2199 798 2265 hauris,
832 2202 918 2256 vel
940 2203 1085 2258 aliud
1113 2204 1389 2274 quidpiam
1425 2207 1542 2262 usui
1572 2210 1940 2264 necessarium

362 2289 498 2358 agis,
537 2305 602 2342 ne
637 2293 709 2345 sis
746 2293 1043 2361 negligens,
1077 2296 1170 2349 sed
1197 2311 1224 2348 a
1257 2296 1369 2351 Deo
1405 2306 1456 2352 te
1486 2298 1726 2367 conspici
1755 2315 1939 2354 recor-

361 2381 511 2433 dare.
545 2379 600 2433 Si
625 2382 675 2434 in
705 2381 835 2435 cella
865 2391 953 2436 tua
990 2398 1148 2438 vacas
1171 2386 1492 2452 precationi,
1529 2403 1660 2442 cave
1689 2389 1740 2442 id
1770 2388 1941 2443 facias

364 2471 712 2542 negligenter,
747 2489 834 2538 ne,
872 2474 998 2527 dttttt
1035 2477 1115 2529 vis
1153 2477 1317 2530 Deum
1367 2479 1635 2534 honorare
1659 2519 1674 2542 ,
1709 2495 1833 2535 eum
1873 2483 1940 2536 ad

363 2562 698 2616 iracundiam
733 2578 1028 2632 provoces;
1068 2566 1160 2619 sed
1196 2577 1277 2620 sta
1308 2567 1359 2620 itt
1399 2570 1592 2625 timore
1621 2570 1754 2624 Dei:
1787 2587 1852 2626 ne
1891 2584 1942 2626 te

362 2652 534 2716 ipsum
580 2653 642 2704 ad
695 2653 953 2721 parietem
989 2656 1245 2720 inclines;
1302 2670 1369 2711 ne
1416 2657 1486 2710 ita
1536 2667 1744 2715 statuas
1779 2661 1941 2729 pedes

366 2755 520 2809 tuos,
574 2754 632 2798 ut
678 2745 730 2798 in
769 2761 874 2800 uno
908 2755 1053 2811 stes,
1091 2757 1147 2802 et
1189 2749 1417 2801 alterum
1455 2749 1646 2813 tollas,
1688 2761 1746 2804 ut
1788 2751 1938 2804 stulti

364 2835 585 2888 faciunt.
627 2836 733 2890 Cor
764 2847 909 2890 tuum
950 2838 1022 2892 ita
1055 2838 1320 2893 confirma
1341 2879 1357 2904 ,
1388 2855 1455 2894 ne
1480 2841 1724 2895 ambules
1764 2841 1814 2895 in
1850 2857 1941 2896 vo-

363 2927 569 2982 luntate
603 2935 714 2992 tua,
751 2938 808 2982 ιιι
832 2930 1158 2985 sacrificium
1185 2940 1332 2984 tuum
1371 2933 1478 2986 Deo
1503 2932 1570 2986 sit
1601 2943 1838 3002 gratum.
1879 2934 1937 2988 Si

364 3016 596 3081 psallitis
647 3017 789 3072 inter
818 3034 949 3083 vos,
995 3035 1185 3088 preces
1211 3021 1442 3090 quisque
1479 3036 1606 3075 suas
1644 3018 1937 3090 persolvat.

2041 571 2157 610 ram
2179 596 2194 621 ,
2233 571 2299 612 ne
2339 556 2626 612 consideas
2651 555 2760 609 ullo
2802 555 2981 611 modo.
3016 553 3200 609 Satius
3228 554 3373 608 enim
3416 566 3500 607 est
3523 592 3544 616 ,
3580 563 3631 605 ut

2040 664 2163 702 eum
2195 649 2285 718 qui
2323 658 2374 704 te
2400 647 2674 712 invitavit,
2706 647 2976 710 offendas,
3005 662 3166 716 quam
3197 656 3255 700 ut
3287 647 3500 702 occulte
3539 660 3631 699 cor

2043 748 2197 791 tuum
2231 738 2535 792 committat
2565 738 2914 793 adulterium.
2944 737 3024 792 Ne
3054 745 3230 793 vestes
3259 737 3473 806 quidem
3512 750 3632 787 ruu-

2044 829 2237 883 lierutn
2263 870 2278 894 ,
2313 831 2356 884 si
2389 829 2503 884 fieri
2539 839 2753 898 potest,
2802 828 3056 898 aspicias.
3099 828 3157 883 Si
3205 837 3257 883 te
3293 827 3486 881 mulier
3527 826 3630 880 iter

2045 919 2330 975 facientem
2384 920 2741 985 salutaverit,
2789 919 3056 988 responde
3099 917 3174 972 illi
3209 918 3262 972 itt
3301 917 3463 972 corde
3494 926 3631 977 tuo.

2041 1011 2134 1066 sed
2165 1011 2351 1066 oculos
2386 1012 2532 1066 hutni
2563 1011 2771 1068 defixos
2822 1021 2962 1066 tene.
3003 1010 3062 1066 Si
3110 1025 3232 1065 cum
3276 1008 3488 1065 seniore
3525 1007 3636 1059 iter

2042 1101 2199 1166 facis,
2229 1103 2524 1165 sarcinam,
2557 1102 2603 1157 si
2639 1118 2758 1172 qum
2791 1102 3012 1158 ferenda
3041 1111 3152 1165 est,
3191 1115 3258 1156 nc
3294 1100 3440 1155 sinas
3467 1098 3632 1152 illum

2039 1194 2262 1248 omnino
2317 1203 2550 1262 gestare.
2605 1194 2698 1249 Sin
2733 1195 2968 1262 aequales
2997 1194 3133 1249 estis
3154 1233 3168 1255 .
3201 1207 3318 1247 eam
3349 1192 3511 1245 ambo
3546 1191 3634 1242 vi-

2040 1286 2222 1339 cissim
2253 1295 2461 1356 gestate
2487 1326 2501 1352 ,
2536 1287 2607 1342 ita
2642 1297 2852 1356 tamen,
2891 1297 2951 1342 ut
2985 1302 3194 1356 semper
3225 1294 3449 1340 onustus
3479 1297 3632 1353 pra-

2039 1377 2216 1432 cedat.

2639 1465 2899 1523 ORATIO
2937 1466 3022 1522 IV.

2394 1559 2532 1622 Quid
2573 1559 2628 1612 in
2667 1561 2851 1612 itinere
2885 1559 3282 1612 observandum.

2115 1651 2155 1704 Ι.
2199 1649 2280 1716 Si,
2322 1668 2444 1706 cum
2479 1653 2584 1705 iter
2619 1645 2830 1717 facitis,
2872 1658 2957 1704 est
2987 1649 3183 1720 aliquis
3213 1649 3353 1702 inter
3389 1664 3484 1703 vos
3527 1666 3633 1703 im-

2047 1744 2307 1809 becillior,
2353 1744 2517 1797 sinite
2567 1742 2714 1796 illum
2763 1743 2993 1812 praeire,
3030 1751 3086 1794 ut
3139 1741 3182 1795 si
3226 1741 3417 1795 sedere
3469 1742 3626 1808 velit,

2046 1835 2233 1903 possit.
2286 1833 2379 1888 Sin
2427 1835 2622 1887 iterum
2670 1832 2974 1901 contingit,
3015 1846 3139 1886 cum
3183 1832 3430 1900 jnniores
3461 1833 3627 1899 sitis,

2046 1925 2200 1980 vobis
2238 1925 2473 1994 primum
2516 1925 2582 1978 ad
2625 1938 2868 1978 mensam
2915 1922 3361 1977 discumbendum
3402 1923 3504 1987 sit,
3543 1923 3627 1978 vel

2045 2033 2238 2074 manus
2267 2018 2332 2072 ad
2365 2017 2605 2087 patinam
2649 2016 2980 2072 admovenda
3001 2057 3017 2083 ,
3046 2016 3211 2071 semel
3242 2015 3292 2068 id
3322 2017 3484 2070 facite
3507 2057 3525 2082 ,
3564 2031 3632 2070 ne

2044 2110 2087 2164 si
2134 2119 2261 2172 ante
2306 2111 2495 2165 horam
2531 2109 2908 2175 accesseritis,
2955 2107 3365 2179 perturbemini.
3427 2107 3629 2163 Verum

2045 2201 2090 2256 si
2131 2201 2252 2270 quis
2287 2216 2426 2254 nunc
2472 2199 2680 2268 primus
2711 2197 3032 2269 ingreditur,
3078 2197 3216 2252 alius
3240 2197 3374 2252 alias
3415 2197 3632 2266 primus

2047 2291 2396 2361 ingrediatur.
2435 2289 2494 2345 Si
2533 2291 2600 2344 de
2641 2289 3058 2360 cogitationibus
3099 2288 3205 2344 tuis
3231 2303 3414 2343 senem
3449 2289 3627 2342 inter—

2045 2399 2224 2452 rogas,
2257 2393 2312 2439 et
2353 2398 2475 2438 eum
2509 2383 2573 2438 ad
2601 2397 2663 2438 ea
2705 2396 2828 2453 qua:
2873 2381 3076 2436 dixeris
3107 2379 3457 2438 custodienda
3497 2381 3634 2434 [ideo

2048 2476 2149 2530 lem
2179 2490 2298 2531 esse
2342 2475 2696 2544 cognoveris,
2736 2474 2975 2528 animum
3021 2472 3097 2527 illi
3145 2483 3291 2526 tuttnt
3320 2471 3491 2526 libere
3531 2486 3632 2541 pa-

2049 2563 2283 2619 tefacito.
2321 2563 2377 2618 Si
2419 2563 2604 2618 fratris
2647 2563 2721 2617 tui
2765 2572 3046 2630 peccatum
3088 2562 3395 2624 audiveris,
3443 2561 3496 2614 id
3533 2577 3632 2616 ne-

2046 2655 2177 2710 mini
2226 2655 2680 2717 communicaris;
2737 2663 2823 2710 est
2870 2654 3014 2707 enim
3071 2667 3218 2708 mors
3279 2661 3388 2705 tua.
3452 2650 3510 2706 Si
3563 2652 3632 2706 de

2045 2745 2464 2816 cogitationibus
2491 2746 2692 2816 quibus
2719 2745 3066 2816 Oppugnaris,
3100 2744 3263 2813 aliqui
3298 2743 3625 2812 colloquan-

2046 2847 2154 2902 tur,
2181 2853 2275 2893 eos
2310 2854 2376 2892 ne
2408 2854 2566 2892 cures
2591 2838 2783 2893 audire
2805 2876 2821 2902 ,
2858 2854 2923 2892 ne
2961 2837 3053 2891 tibi
3098 2835 3296 2890 bellum
3329 2837 3624 2890 excitetur.

2045 2929 2286 2984 Orationi
2321 2928 2634 2998 frequenter
2669 2929 2957 2992 incumbe;
3001 2941 3123 2981 nam
3154 2927 3349 2980 animae
3392 2937 3498 2980 tua:
3535 2927 3626 2980 lus

2044 3029 2126 3074 est
2150 3020 2342 3074 oratio.
2378 3020 2631 3086 Quotidie
2661 3034 2780 3089 qua:
2805 3019 3138 3088 peccaveris,
3175 3017 3389 3088 cogita;
3420 3019 3626 3074 etenim

363 3109 418 3162 Si
464 3110 780 3178 peregrinus
817 3111 1014 3180 aliquis
1036 3113 1211 3178 adest,
1243 3124 1428 3183 r0gate
1452 3113 1600 3169 illum
1643 3130 1762 3169 curn
1804 3115 1938 3190 cha-
1967 3130 2010 3187 ρ
2044 3111 2090 3166 si
2123 3125 2219 3177 pro
2259 3111 2496 3178 peccatis
2537 3111 2641 3164 tuis
2669 3109 3069 3177 deprecaberis,
3100 3107 3244 3164 Deus
3271 3125 3333 3164 ea
3367 3110 3464 3164 tibi
3496 3125 3628 3164 con-

362 3201 541 3265 ritate,
575 3209 634 3253 ut
663 3215 726 3254 eo
757 3201 872 3270 ipse
899 3219 1121 3260 munere
1141 3203 1416 3274 fungatur,
1443 3205 1605 3275 idque
1645 3206 1716 3260 illi
1746 3206 1936 3262 iterum

364 3306 426 3345 ac
463 3294 620 3345 tertio
655 3293 816 3347 dicite
861 3294 978 3348 sine
1010 3296 1370 3350 contentione.
1406 3294 1465 3348 ln
1497 3297 1629 3350 hora
1680 3296 1937 3351 sacrificii

365 3386 554 3439 resiste
585 3384 1032 3452 cogitationibus,
1079 3395 1136 3441 ut
1179 3403 1368 3442 sensus
1413 3398 1534 3443 tuos
1564 3389 1846 3456 continens
1886 3389 1938 3442 in

363 3493 549 3533 amore
581 3477 694 3542 Dei,
740 3478 1012 3549 mysteriis
1048 3479 1242 3550 dignus
1271 3478 1523 3535 eﬂiciaris
1545 3521 1560 3546 ,
1601 3490 1654 3533 et
1685 3481 1940 3536 Dominus

365 3580 483 3624 tuas
516 3581 668 3625 curet
701 3571 1068 3640 aegritudines.
1113 3569 1285 3636 Cave,
1330 3587 1396 3626 ne
1444 3587 1641 3643 corpus
1693 3582 1838 3627 tnutn
1886 3577 1938 3627 In

363 3661 610 3716 sordibus
645 3661 918 3730 abjectum
953 3661 1265 3731 relinquens
1297 3663 1364 3718 ab
1391 3663 1536 3718 inani
1581 3663 1749 3734 gloria
1781 3665 1943 3719 sedn-

365 3753 528 3806 caris.
570 3753 670 3819 Qui
708 3753 894 3822 junior
921 3762 1034 3818 est,
1069 3766 1265 3820 corpus
1299 3755 1353 3807 irt
1387 3755 1536 3810 omni
1582 3755 1817 3825 negligat
1846 3754 1943 3810 de-

365 3843 674 3908 formitate;
706 3844 758 3897 id
781 3845 923 3898 enim
951 3844 1027 3897 illi
1062 3847 1297 3913 prodest.
1326 3845 1426 3910 Qui
1447 3845 1632 3913 junior
1659 3857 1762 3911 est,
1800 3862 1940 3899 nun—

367 3950 526 4002 quam
557 3935 842 4002 pulchrum
884 3934 1073 3988 induat
1108 3937 1510 3999 vestimentum,
1556 3936 1658 3990 nisi
1695 3936 1845 4004 prius
1874 3937 1941 3990 ad

364 4023 574 4077 virilem
610 4032 820 4077 aetatem
847 4023 1155 4092 pervenerit
1188 4040 1202 4076 :
1247 4022 1349 4076 hac
1375 4023 1518 4076 enim
1553 4033 1674 4093 eget
1708 4023 1796 4078 ille
1827 4039 1941 4078 nte-

367 4115 564 4168 dicina.
599 4115 679 4168 Ad
712 4115 928 4168 tertium
955 4129 1125 4185 usque
1152 4115 1430 4185 cyathum,
1459 4115 1502 4169 si
1535 4115 1586 4169 id
1621 4115 1942 4170 valetudinis

368 4211 505 4261 ratio
527 4206 783 4276 postulat,
813 4207 994 4259 vintnn
1021 4205 1190 4260 bibat.
1225 4205 1422 4260 Dentes
1452 4206 1502 4259 itt
1529 4205 1639 4260 risu
1667 4221 1940 4275 nunquam

367 4301 599 4367 aperiat.
648 4298 860 4353 Facient
915 4296 1064 4351 humi
1123 4311 1234 4366 pra:
1281 4295 1604 4350 verecundia
1650 4294 1941 4350 detnissam

370 4400 564 4444 teneat.
598 4391 771 4444 lturus
799 4389 1038 4443 cubitum
1082 4403 1216 4442 zona
1253 4403 1348 4442 sua
1379 4388 1702 4455 praecinctus
1731 4388 1821 4442 sit.
1854 4385 1945 4442 Sic

2050 3203 2292 3258 donabit.
2328 3202 2383 3255 Si
2414 3203 2536 3270 quis
2573 3215 2754 3255 coram
2782 3210 2833 3256 te
2855 3200 3091 3268 loquitur
3111 3201 3373 3256 adversus
3397 3201 3626 3255 fratrem

2047 3309 2203 3348 suum
2226 3335 2241 3360 ,
2277 3309 2408 3348 cave
2443 3304 2622 3348 taceas
2657 3308 2764 3362 pra:
2796 3294 3018 3362 pudore,
3054 3301 3147 3346 aut
3179 3293 3254 3346 illi
3280 3293 3627 3363 assentiaris,

2050 3399 2115 3439 ne
2147 3399 2339 3454 pecces
2368 3384 2632 3439 adversus
2671 3384 2836 3438 Deum
2872 3402 2884 3438 :
2919 3385 3013 3439 sed
3047 3399 3170 3438 cum
3191 3384 3493 3438 humilitate
3516 3385 3625 3448 dic,

2048 3475 2273 3548 ignosce
2309 3475 2473 3542 tnihi,
2511 3474 2700 3542 frater,
2753 3474 2938 3530 infelix
2971 3491 3070 3545 ego
3095 3492 3246 3540 sunt;
3277 3485 3331 3530 et
3360 3475 3477 3530 haec
3509 3491 3630 3544 qua:

2049 3570 2289 3638 loqueris
2319 3584 2436 3623 mea
2464 3576 2611 3628 sunt,
2653 3577 2707 3622 et
2737 3583 2800 3623 ea
2839 3567 2983 3622 ferre
3010 3583 3116 3623 non
3145 3583 3386 3637 possum.
3419 3567 3477 3621 Si
3521 3568 3631 3620 fra-

2053 3671 2134 3715 ter
2173 3670 2223 3716 te
2259 3659 2474 3726 laeserit,
2503 3670 2559 3713 et
2585 3659 2781 3727 aliquis
2812 3658 2881 3714 de
2907 3658 2997 3712 illo
3023 3674 3206 3713 coram
3236 3669 3287 3714 te
3311 3659 3451 3713 male
3478 3660 3630 3712 dixe—

2053 3754 2144 3816 rit,
2177 3767 2273 3808 cor
2303 3762 2451 3806 tuum
2490 3750 2723 3817 custodi,
2759 3766 2827 3806 ne
2870 3751 3074 3805 malitia
3104 3751 3158 3805 itt
3189 3767 3254 3806 eo
3299 3763 3626 3817 renovetur;

2049 3855 2103 3901 et
2128 3855 2473 3914 peccatorum
2499 3852 2713 3899 tuorum
2743 3843 2793 3898 in
2817 3843 2911 3898 Dei
2935 3853 3227 3912 conspectu
3253 3843 3628 3910 reminiscere,

2053 3945 2113 3990 ut
2151 3935 2398 4006 ignoscat
2430 3934 2547 3988 tihi.
2599 3933 2680 3990 Ne
2713 3934 2910 3989 malum
2953 3949 3051 4004 pro
3082 3933 3224 3989 malo
3264 3935 3474 3990 tribuas
3503 3950 3629 4004 pro-

2053 4028 2199 4080 ximo
2231 4035 2322 4080 tuo
2346 4026 2412 4077 “.
2439 4025 2497 4080 Si
2526 4022 2648 4078 cum
2693 4024 2952 4080 fratribus
2991 4025 3191 4090 ignotis
3219 4035 3380 4094 teque
3411 4026 3628 4080 minori-

2051 4118 2152 4173 bus
2181 4117 2285 4172 iter
2327 4115 2485 4180 facis,
2516 4132 2610 4171 eos
2650 4126 2709 4170 tit
2741 4115 2974 4184 majores
3005 4117 3233 4172 honora.
3280 4115 3434 4182 Quod
3477 4117 3522 4171 si
3561 4119 3628 4170 ad

2054 4209 2289 4263 amicum
2330 4218 2479 4263 tuum
2508 4207 2817 4272 diverteris,
2847 4223 2943 4264 eos
2969 4209 3062 4265 tibi
3097 4209 3352 4264 omnibus
3381 4209 3434 4264 in
3472 4209 3631 4264 rebus

2052 4308 2340 4370 antepono,
2369 4310 2428 4356 ut
2456 4309 2511 4358 et
2542 4300 2593 4354 in
2625 4315 2812 4356 mensa
2837 4301 2985 4370 prius
3008 4302 3372 4369 discumbant,
3401 4312 3457 4358 et
3483 4302 3630 4371 prius

2054 4391 2191 4447 cibis
2252 4407 2447 4447 manus
2493 4395 2854 4459 admoveant,
2905 4408 2972 4448 ne
3021 4404 3242 4462 propter
3294 4402 3346 4449 te
3394 4393 3628 4462 suscepti

369 4491 647 4538 assuescat
681 4495 912 4544 manus,
969 4496 1036 4534 ne
1079 4482 1222 4534 intro
1273 4479 1534 4534 ferantur.
1586 4478 1747 4533 Multa
1797 4481 1940 4534 enim
1976 4481 2020 4537 D
2049 4481 2214 4537 fuisse
2245 4483 2555 4560 videantur,
2589 4484 2682 4538 sed
2713 4493 2898 4538 contra
2941 4485 3158 4554 p0tins,
3203 4499 3295 4539 eos
3336 4485 3628 4548 honoraris,

370 4573 532 4626 habet
557 4588 754 4641 corpus
784 4571 945 4634 vitia,
997 4585 1117 4638 qlia:
1149 4569 1358 4638 perficit
1396 4570 1628 4625 animus.
1661 4569 1716 4623 ln
1753 4569 1946 4626 itinere
1977 4573 1982 4576 ’

373 4672 604 4726 tantum,
637 4676 743 4716 non
777 4671 956 4715 autem
1012 4660 1065 4714 in
1104 4660 1238 4714 cella
1277 4661 1578 4716 sandalium
1618 4661 1776 4716 ferat.
1811 4661 1947 4720 Cum

371 4754 632 4816 ambulat,
668 4767 860 4806 manus
887 4754 953 4806 ad
982 4766 1170 4805 zonam
1197 4751 1338 4805 inter
1373 4767 1431 4806 se
1460 4753 1777 4820 coniunctas
1807 4770 1949 4808 cont-

371 4854 556 4912 ponat,
587 4859 759 4911 neque
789 4843 905 4896 illas
939 4842 1240 4908 concutiat,
1271 4853 1330 4897 ut
1367 4844 1543 4900 solent
1588 4843 1836 4901 homines
1866 4860 1950 4901 so-

372 4935 615 4988 lutiores.
653 4933 708 4988 Si
751 4949 872 4987 cum
923 4935 1216 5002 iunioribus
1247 4934 1352 4990 iter
1391 4934 1544 4998 facit,
1578 4951 1646 4990 ne
1681 4937 1950 5006 praecedat

369 5026 609 5079 omnino.
639 5026 693 5080 Si
724 5027 770 5080 is
793 5027 880 5093 qui
909 5023 1082 5094 major
1105 5037 1209 5092 est,
1239 5027 1504 5093 consistit,
1537 5036 1590 5080 et
1617 5041 1739 5082 cum
1764 5028 1944 5096 aliquo

371 5122 629 5190 loquitur,
669 5130 722 5174 tu
759 5138 825 5175 ne
855 5129 1178 5185 contemne,
1215 5131 1312 5175 aut
1342 5121 1600 5184 conside,
1629 5121 1724 5175 sed
1763 5121 1946 5175 tandiu

370 5223 474 5276 sta,
512 5213 688 5282 quoad
721 5213 808 5266 ille
841 5214 967 5281 qttid
1001 5214 1094 5268 tibi
1141 5214 1405 5280 agendum
1446 5211 1554 5275 sit,
1589 5211 1754 5266 dicat.
1803 5211 1858 5267 Si
1894 5215 1947 5268 in

373 5306 647 5360 civitatem
679 5314 771 5358 aut
797 5305 975 5359 vicum
1011 5304 1398 5373 proficisceris,
1425 5303 1566 5358 oculi
1597 5305 1669 5357 tui
1696 5303 1949 5359 deorsum

375 5398 679 5466 aspiciant,
709 5412 775 5451 ne
807 5399 992 5451 hostes
1028 5397 1124 5450 tibi
1166 5397 1218 5450 itt
1266 5395 1400 5450 cella
1431 5397 1681 5450 suscites.
1718 5395 1950 5466 Peregre

373 5491 727 5561 proficiscens
771 5506 838 5544 ne
871 5489 1108 5544 dormias
1153 5487 1206 5539 in
1254 5486 1578 5556 cujusquam
1611 5488 1805 5555 domo,
1857 5489 1946 5542 tthi

374 5598 470 5636 cor
496 5582 703 5650 peccati
742 5581 1043 5650 periculunt
1077 5577 1413 5634 reformidet.
1447 5578 1504 5632 Si
1533 5577 1717 5646 aliquo
1749 5580 1801 5633 in
1833 5578 1950 5634 loco

452 5734 490 5765 ²¹
539 5733 693 5790 Rom.
735 5751 830 5799 XII,
857 5734 901 5788 7.

2053 4575 2279 4631 ostende
2321 4585 2371 4630 te
2409 4585 2631 4646 pr0pter
2678 4575 2800 4630 illos
2851 4575 3280 4630 misericordiam
3329 4576 3627 4644 accepisse.

2055 4666 2110 4721 Si
2135 4681 2258 4721 cum
2278 4665 2448 4721 fratre
2476 4675 2532 4720 te
2561 4665 2614 4719 in
2638 4665 2781 4720 viam
2810 4665 3046 4729 dederis,
3075 4675 3127 4720 et
3157 4666 3366 4721 amicus
3389 4666 3483 4720 tibi
3515 4666 3629 4720 fue-

2055 4761 2124 4812 rit
2153 4757 2466 4812 invisendus
2487 4795 2502 4820 ,
2551 4771 2774 4811 causam
2824 4757 2972 4824 aperi
3008 4755 3161 4810 fratri
3195 4767 3284 4810 tuo
3304 4796 3319 4820 ,
3350 4767 3406 4811 et
3436 4757 3525 4812 dic
3554 4755 3629 4810 illi

2055 4850 2322 4918 tantisper
2347 4857 2406 4902 ut
2434 4849 2642 4904 sedeat.
2677 4847 2829 4914 Quod
2855 4848 2900 4903 si
2934 4857 2986 4902 te
3011 4847 3240 4912 atuicus,
3267 4857 3327 4901 ut
3351 4849 3629 4912 comedas,

2051 4941 2325 5012 coegerit,
2352 4955 2484 4996 eave
2514 4957 2580 4996 ne
2612 4942 2742 5011 quid
2785 4955 2848 4997 os
2891 4949 3040 4994 tuum
3069 4939 3405 5008 ingrediatur
3458 4940 3630 5008 prius-

2051 5049 2211 5104 quam
2242 5033 2474 5087 advoces
2505 5031 2726 5087 fratrem
2773 5041 2954 5093 tuum,
2996 5039 3056 5082 ut
3099 5027 3262 5083 simul
3293 5029 3540 5098 quiescat
3577 5038 3631 5082 et

2054 5135 2350 5180 recreetur.

2122 5215 2186 5271 ll.
2229 5215 2285 5270 Si
2308 5231 2431 5271 cum
2458 5216 2701 5286 pluribus
2724 5195 2984 5269 fratribus
3009 5213 3408 5282 iteringrcssus
3441 5211 3629 5273 fueris,

2052 5315 2106 5362 et
2141 5308 2348 5376 pudore
2381 5306 2674 5361 detinearis
2700 5345 2716 5369 ,
2749 5319 2861 5374 quo
2892 5305 3073 5359 minus
3099 5317 3195 5359 eos
3247 5312 3423 5356 tecum
3465 5301 3631 5354 ducas

2053 5400 2119 5453 ad
2149 5398 2384 5452 amicum
2414 5407 2609 5463 tuum,
2660 5397 2785 5465 quia
2824 5396 2981 5451 multi
3023 5395 3164 5460 sint,
3206 5408 3368 5459 cave,
3403 5408 3470 5446 ne
3501 5407 3631 5444 con-

2054 5499 2267 5544 temnas
2296 5503 2420 5556 eos,
2442 5489 2652 5544 etclam
2673 5487 2877 5543 relictis
2917 5485 3026 5542 illis
3069 5485 3316 5540 discedas
3354 5492 3448 5536 aut
3481 5495 3631 5534 cum-

2053 5583 2184 5637 edas
2224 5601 2238 5637 :
2283 5582 2378 5638 sed
2417 5596 2532 5649 eos,
2563 5581 2691 5652 quid
2723 5581 2819 5636 tibi
2866 5579 3135 5650 agendum
3163 5577 3270 5642 sit,
3292 5573 3548 5639 consule,
3574 5580 3630 5625 et
