3872 6278
151 413 292 468 1113

1151 455 1162 466 .
1234 371 1536 469 slsum
1577 416 1870 474 ABBATIS
1909 418 2316 477 ()RATIONES.

3269 429 3396 485 llll

146 530 291 599 quod
336 529 436 598 ipsi
471 528 742 594 dixerint,
788 546 907 600 age.
941 529 997 585 lu
1031 533 1115 587 via
1156 543 1338 588 autem
1370 549 1436 589 ne
1479 535 1572 588 tibi
1615 537 1727 602 ipse
1755 539 1799 594 A
1833 533 2141 594 misericors
2179 548 2261 593 est
2308 538 2450 591 enim
2515 540 2568 591 in
2622 538 2899 594 hominum
2954 539 3285 595 infirmitate.
3338 543 3395 598 Si

147 637 364 689 parcas,
397 620 616 675 servilia
649 637 908 691 respuens
938 625 1259 680 ministeria.
1297 623 1530 694 Peregre
1565 628 1727 694 proli-

145 715 384 772 cisceus,
412 713 455 766 si
493 713 631 781 apud
663 713 885 768 fratrem
927 716 1196 773 divertere
1245 719 1514 784 volueris,
1543 728 1597 773 et
1639 719 1726 774 ille

143 803 382 872 hospitio
420 812 469 858 te
514 805 791 873 suscipere
833 808 1122 872 recusarit,
1158 818 1212 863 et
1254 809 1299 863 is
1336 819 1518 877 postea
1557 811 1634 865 vel
1671 813 1724 864 in

141 897 231 949 via
267 894 360 950 libi
404 897 593 950 obvius
637 898 836 964 fuerit,
881 899 963 953 vel
995 899 1061 952 ad
1101 911 1150 954 te
1194 903 1477 956 diverterit
1523 904 1728 972 impru-

141 990 299 1052 dens,
326 1004 447 1042 eum
474 989 759 1056 benignius
790 991 1184 1062 humaniusque
1206 1004 1453 1048 tractato.
1484 994 1540 1048 Si
1564 1010 1723 1065 quem

143 1077 242 1130 tibi
279 1077 558 1146 acceperis
589 1079 914 1145 detraxisse,
945 1091 998 1136 et
1040 1083 1222 1152 aliquo
1260 1087 1310 1138 in
1356 1085 1475 1140 loco
1504 1102 1727 1155 congre-

140 1167 370 1220 diamini
399 1209 414 1233 ,
447 1170 527 1220 vel
565 1169 636 1222 ad
677 1181 728 1224 te
763 1171 877 1240 ipse
903 1172 1210 1240 diverterit,
1240 1175 1465 1230 hilarent
1489 1187 1544 1230 et
1569 1176 1725 1231 beni-

139 1274 309 1326 gnum
355 1259 427 1312 illi
455 1275 550 1329 pro
588 1261 795 1317 viribus
823 1263 1027 1319 vultum
1056 1267 1302 1332 ostende,
1338 1282 1509 1336 neque
1537 1266 1645 1332 illa,
1677 1268 1724 1323 si

143 1349 404 1404 audiviSti
433 1390 448 1416 ,
496 1366 934 1407 commemorans
980 1371 1198 1425 quzere,
1248 1373 1344 1411 cur
1393 1359 1464 1412 ita
1513 1359 1724 1414 locutus

141 1442 218 1494 sit
253 1459 268 1495 :
313 1458 437 1496 nam
487 1452 545 1497 ut
587 1444 638 1497 in
679 1443 988 1502 Proverbiis
1026 1449 1284 1518 scriptum
1313 1460 1440 1505 est:
1489 1449 1592 1516 Qui
1619 1467 1726 1503 me-

143 1549 265 1585 mor
305 1545 376 1587 est
403 1536 748 1603 injuriaruut,
780 1536 992 1606 iniquus
1017 1549 1092 1593 est
1138 1541 1200 1593 ⁸¹.
1235 1540 1290 1593 Si
1319 1540 1520 1596 fratres
1559 1542 1721 1607 estis,

141 1634 202 1678 ct
232 1639 455 1696 peregre
488 1628 895 1696 proficiscentes
946 1629 1012 1684 ad
1071 1630 1293 1684 fratrem
1329 1645 1619 1700 pauperem
1649 1631 1726 1686 di-

144 1715 400 1778 vertitis,
449 1733 516 1771 ne
563 1714 812 1787 afIligatis
855 1733 977 1772 eum
1025 1720 1186 1788 rebus
1230 1720 1585 1783 necessariis,
1627 1720 1723 1775 sed

140 1821 240 1860 cas
270 1807 424 1861 vobis
457 1808 640 1870 emite,
664 1818 723 1862 ut
745 1809 793 1863 ei
821 1825 1037 1880 quoque
1064 1812 1200 1866 satis
1223 1811 1352 1874 sint,
1383 1811 1723 1881 hospitioque

141 1914 213 1953 ac
269 1908 408 1954 tecto
450 1901 688 1954 contenti
730 1913 904 1957 estote
939 1904 1080 1973 quod
1127 1904 1430 1958 invenistis.
1467 1903 1523 1958 Si
1565 1919 1722 1959 senes

140 1991 356 2060 aliquos
399 1990 489 2045 tibi
534 2003 685 2046 notos
720 1993 1004 2060 inviseris,
1053 2005 1108 2048 ct
1153 2005 1330 2050 tecum
1379 1996 1581 2051 fuerint
1633 1998 1721 2053 alii

140 2084 368 2138 senibus
412 2084 574 2154 ignOti
603 2127 616 2147 ,
664 2102 732 2139 ne
782 2086 1108 2156 colloquaris
1160 2099 1212 2139 tu
1254 2104 1375 2142 cum
1417 2089 1636 2144 senibus
1669 2091 1722 2144 in

139 2183 435 2243 conspectu
478 2176 752 2244 ipsorum,
788 2177 883 2230 sed
922 2177 1074 2231 siuas
1113 2194 1206 2232 eos
1241 2178 1406 2253 loqui.
1437 2179 1492 2234 Si
1526 2180 1723 2234 fratres

140 2273 326 2317 tecum
343 2265 607 2331 habitant,
631 2281 817 2320 eorum
845 2281 1028 2320 curam
1052 2283 1177 2337 gere
1201 2269 1512 2337 diligenter,
1541 2272 1721 2326 sciens

139 2367 199 2410 te
231 2371 328 2422 pro
364 2357 495 2424 ipsis
540 2358 646 2412 Deo
691 2359 954 2414 rationem
999 2360 1361 2416 redditurum.
1404 2363 1460 2416 Si
1497 2373 1718 2432 propter

138 2447 314 2500 Deum
376 2448 609 2518 aliquem
653 2453 704 2503 in
761 2450 933 2504 locum
971 2453 1302 2519 secesseris,
1345 2469 1410 2507 ne
1450 2471 1717 2509 commer-

137 2536 286 2590 cium
337 2535 486 2591 iueas
518 2552 638 2592 cum
673 2539 864 2594 incolis
897 2540 1042 2596 illius
1078 2542 1219 2607 loci,
1269 2559 1406 2598 neve
1455 2560 1575 2598 cum
1615 2545 1720 2600 illis

136 2642 424 2683 sermones
454 2630 738 2696 conferas;
773 2634 945 2686 satius
978 2635 1121 2688 enim
1162 2635 1301 2690 forte
1348 2636 1418 2690 sit
1466 2637 1556 2691 tibi
1591 2653 1715 2692 cum

137 2715 250 2769 illis
299 2732 417 2770 esse
471 2719 559 2781 qui
606 2723 867 2789 sanguine
902 2724 994 2776 tibi
1043 2725 1315 2794 conjuncti
1367 2734 1513 2782 sunt.
1566 2729 1622 2783 Si
1664 2730 1714 2783 itt

138 2815 380 2874 montem
413 2809 745 2876 ascenderis,
787 2822 844 2866 ut
879 2812 1074 2868 fratres
1106 2815 1157 2868 in
1191 2819 1536 2873 monasteriis
1575 2818 1717 2873 inri-

138 2913 253 2963 sas,
287 2899 428 2968 apud
462 2915 621 2968 quem
661 2903 944 2959 diverteris
968 2920 1204 2969 maneas,
1243 2923 1417 2978 neque
1447 2911 1514 2964 ad
1551 2909 1714 2964 aliutn

137 2989 412 3055 discedas,
453 2992 554 3044 nisi
585 2993 733 3058 prius
762 3008 914 3063 roges
943 3011 1086 3060 cum,
1120 3007 1296 3050 utrum
1341 2999 1470 3054 velit
1493 3017 1562 3056 an
1585 3015 1715 3056 non.

137 3083 294 3148 Quod
333 3083 376 3135 si
407 3084 672 3150 noluerit,
707 3102 772 3140 ue
805 3087 1074 3156 relinquas
1101 3089 1246 3142 illum
1268 3131 1285 3157 ,
1320 3090 1422 3144 nisi
1463 3106 1585 3144 cum
1622 3093 1714 3146 tibi

1831 643 1990 682 vacas
2015 629 2421 693 exercitationi,
2455 643 2516 682 ea
2549 644 2644 682 cor
2684 637 2828 682 tuum
2863 645 2928 684 ne
2959 631 3214 684 innitatur
3239 642 3397 702 atque

1828 718 2096 778 confidat,
2129 719 2220 771 sed
2267 719 2579 787 cogitationi
2619 729 2721 772 tuae
2755 718 2900 771 dicas
2923 759 2937 783 ,
2976 719 3118 772 Deus
3156 737 3251 789 per
3278 737 3396 776 cor-

1827 810 1975 877 poris
2007 810 2346 863 alliictionem
2395 810 2577 864 audiet
2625 811 2894 864 miseriam
2941 827 3135 865 meam.
3179 813 3234 867 Si
3277 815 3397 882 quis

1829 909 1882 955 te
1919 899 2156 954 effecerit
2191 901 2510 954 contumelia
2538 941 2551 963 ,
2588 916 2654 954 ne
2697 902 3023 969 respondeas
3053 903 3160 966 illi,
3192 907 3282 958 sed
3321 915 3397 958 ta-

1827 990 1966 1046 citus
1991 1001 2163 1045 tecum
2199 993 2310 1058 ipse
2339 991 2618 1044 considera
2641 1031 2656 1055 ,
2686 1008 2751 1044 an
2783 1007 2906 1045 vera
2935 993 3047 1047 sint
3070 1009 3188 1062 quin
3214 996 3394 1063 audis;

1827 1093 1882 1136 et
1913 1085 1957 1137 si
1990 1099 2113 1136 vera
2143 1093 2303 1146 sunt,
2335 1083 2704 1150 prcuiteutiam
2733 1098 2830 1150 age
2855 1122 2868 1145 ,
2898 1093 2953 1138 et
3001 1084 3140 1138 Deus
3173 1085 3398 1140 misere-

1826 1175 1972 1228 bitur
2011 1175 2108 1231 tui.
2157 1175 2213 1228 Si
2260 1191 2382 1229 cum
2429 1174 2686 1227 fratribus
2731 1174 2834 1227 iter
2886 1173 3118 1241 faciens,
3165 1177 3396 1244 aliquem

1827 1267 1968 1321 inter
2017 1282 2109 1321 eos
2141 1277 2331 1320 nactus
2374 1265 2580 1330 fueris,
2626 1279 2783 1332 quem
2828 1267 2882 1318 in
2926 1264 3035 1320 Deo
3067 1266 3295 1337 diligas,
3333 1285 3400 1322 ne

1827 1357 2049 1412 liberius
2077 1373 2198 1413 cum
2241 1357 2333 1411 illo
2363 1357 2578 1413 eaateris
2624 1355 2930 1430 videntibus
2960 1359 3303 1428 colloquaris,
3333 1374 3398 1413 ne

1824 1444 1965 1498 forte
1992 1445 2063 1500 sit
2093 1446 2234 1501 inter
2257 1447 2401 1515 ipsos
2435 1448 2680 1504 infirmus
2705 1451 2972 1519 quispiam
3003 1451 3094 1519 qui
3132 1451 3249 1503 zelo
3285 1466 3398 1503 mo-

1826 1537 2032 1604 riatur;
2077 1548 2131 1594 et
2165 1548 2219 1593 tu
2267 1549 2546 1607 peccatum
2585 1540 2702 1609 ejus
2741 1544 3028 1604 sustineas,
3062 1543 3314 1609 quoniam
3346 1542 3396 1595 ei

1825 1626 2081 1694 peccandi
2127 1629 2466 1682 occasionem
2501 1616 2766 1684 obtulisti.
2800 1630 2932 1684 Cum
2968 1631 3034 1682 ad
3067 1629 3275 1696 aliquos
3313 1629 3395 1683 di-

1825 1721 2012 1787 vertis,
2041 1735 2107 1776 ne
2135 1731 2414 1790 exspectes
2439 1762 2456 1788 ,
2490 1732 2550 1776 ut
2577 1723 2646 1777 ab
2683 1722 2788 1777 illis
2833 1738 2955 1777 eum
2998 1725 3193 1790 gaudio
3225 1724 3398 1777 susci-

1826 1813 2022 1881 piaris;
2051 1822 2108 1866 at
2135 1813 2179 1866 si
2215 1823 2266 1866 te
2307 1813 2671 1882 susceperint,
2699 1814 2806 1868 Deo
2843 1815 3046 1882 gratias
3073 1830 3220 1882 agas.
3255 1813 3311 1868 Si
3345 1825 3398 1868 te

1827 1901 1880 1956 in
1910 1902 2038 1956 cella
2067 1903 2233 1971 quieti
2274 1912 2552 1957 vacantem
2585 1908 2804 1958 morbus
2845 1905 3134 1968 invaserit,
3166 1919 3233 1958 ne
3264 1919 3396 1956 con-

1825 1991 1972 2045 cidas
2000 1993 2210 2056 animo,
2254 1993 2346 2046 sed
2389 2006 2486 2060 age
2511 1993 2714 2061 gratias
2755 1993 2887 2048 Deo.
2939 1994 2992 2048 Si
3038 2010 3132 2047 cor
3161 1993 3397 2046 senseris

1824 2092 2262 2150 consternatum,
2312 2084 2396 2136 die
2446 2085 2561 2138 illi:
2598 2083 2786 2138 Nonne
2835 2088 3056 2140 morbus
3105 2087 3192 2140 hic
3230 2087 3396 2140 levior

1827 2176 1921 2230 tibi
1954 2186 2037 2229 est
2068 2189 2226 2244 quam
2276 2175 2537 2244 gebenna,
2573 2176 2626 2229 in
2659 2193 2843 2244 quam,
2885 2179 2986 2231 nisi
3035 2187 3084 2230 te
3133 2180 3395 2247 patienter

1823 2275 2242 2335 constanterque
2257 2270 2421 2338 geris,
2443 2268 2726 2323 introibis?
2752 2278 2912 2337 atque
2940 2270 3010 2322 ita
3030 2272 3393 2338 conquiescet.

1824 2356 1880 2412 Si
1911 2358 2050 2426 apud
2081 2357 2274 2412 fratres
2302 2359 2603 2424 diverteris,
2635 2370 2690 2415 et
2718 2376 2903 2414 eorum
2937 2361 3132 2430 aliquis
3156 2363 3393 2416 dixerit:

1823 2446 1921 2502 llic
1947 2463 2046 2518 ego
2077 2449 2310 2516 quietem
2345 2467 2448 2502 non
2479 2451 2707 2519 reperio,
2745 2453 2992 2506 habitare
3030 2465 3204 2506 tecum
3238 2435 3393 2519 volo;

1823 2548 1876 2590 tu
1911 2539 1960 2592 id
1999 2539 2046 2592 ei
2085 2555 2151 2591 ne
2187 2539 2532 2608 permiseris,
2572 2555 2638 2594 ne
2675 2542 2895 2610 reliquis
2935 2543 3012 2596 sis
3052 2541 3394 2597 ofi'endiculo.

1823 2628 1918 2682 Sin
1959 2627 2196 2682 dixerit:
2232 2627 2310 2682 0b
2341 2643 2450 2680 rem
2479 2630 2744 2684 occultam
2781 2633 3007 2684 moritur
3040 2633 3217 2686 anima
3257 2649 3396 2699 mea,

1817 2718 1865 2772 ei
1890 2719 1954 2769 da
1987 2716 2194 2783 locum,
2230 2727 2286 2771 ut
2319 2718 2444 2770 inde
2479 2718 2672 2783 abeat;
2703 2720 2794 2773 sed
2823 2721 2960 2788 apud
2998 2731 3050 2775 te
3079 2737 3298 2776 manere
3331 2738 3395 2778 ne

1820 2809 2125 2878 permittas.

1890 2899 1975 2954 iV.
2015 2899 2146 2954 Cum
2182 2903 2232 2954 itt
2264 2901 2396 2955 cella
2431 2910 2517 2954 tua
2551 2901 2782 2968 quietem
2819 2909 2872 2954 et
2913 2901 3185 2956 silentium
3227 2903 3384 2968 colis,

1818 2991 1870 3045 in
1916 2992 2035 3045 cibo
2083 2992 2298 3044 modum
2352 2991 2586 3059 aliquem
2624 3007 2817 3054 serva,
2857 3002 2914 3045 ut
2966 3007 3163 3061 corpus
3200 2995 3393 3047 habeat

1819 3099 1940 3153 quae
1983 3083 2293 3138 necessaria
2329 3093 2491 3149 sunt,
2524 3093 2577 3137 et
2626 3084 2695 3136 ibi
2736 3084 2788 3136 in
2826 3084 3010 3138 divino
3041 3086 3186 3138 cultu
3225 3089 3395 3154 possit

136 3185 227 3230 est
262 3174 589 3229 abeundum.
619 3176 674 3230 Si
716 3177 905 3231 cellam
945 3182 996 3232 in
1027 3194 1132 3249 qua
1171 3181 1360 3246 degas,
1400 3185 1672 3252 acceperis
1695 3224 1711 3248 ,
1743 3208 1789 3269 ο
1821 3178 2106 3234 inservire.
2161 3178 2304 3232 Nihil
2337 3187 2550 3242 autem,
2579 3193 2674 3234 seu
2707 3179 2903 3232 bonmn
2937 3192 3030 3232 seu
3064 3179 3260 3232 malum
3302 3180 3396 3246 sit,

135 3265 342 3320 multos
379 3267 468 3336 tibi
502 3268 706 3323 amicos
739 3283 804 3324 ne
859 3271 1148 3332 asciveris,
1195 3289 1332 3327 unus
1365 3273 1457 3335 tibi
1487 3274 1557 3328 sit
1585 3280 1718 3332 satis

135 3366 364 3426 prapter
405 3357 806 3427 infirmitatem,
843 3371 896 3415 et
934 3377 1219 3417 successus
1262 3365 1332 3416 tui
1375 3364 1608 3420 fructum
1652 3383 1721 3422 ne

135 3449 382 3500 amittas.

215 3537 301 3593 lll.
345 3537 402 3593 Si
457 3541 675 3610 pauperi
730 3541 1101 3610 benefeceris,
1150 3557 1215 3598 ne
1259 3559 1422 3601 voces
1465 3545 1611 3601 illum
1652 3547 1719 3601 ad

134 3649 300 3702 opus,
337 3647 402 3688 ne
437 3633 750 3688 beneficium
781 3637 974 3704 perdas
1001 3637 1144 3705 quod
1175 3637 1228 3690 in
1263 3654 1385 3692 eum
1419 3639 1718 3693 contulisti.

134 3725 200 3781 Si
236 3725 289 3778 itt
328 3726 712 3780 monasterium
749 3728 841 3780 tibi
884 3727 1123 3795 ignotum
1160 3728 1452 3794 introieris,
1496 3730 1586 3785 ubi
1618 3731 1713 3785 tibi

136 3831 366 3872 manere
413 3817 783 3884 permittetnr;
822 3818 896 3872 ibi
945 3833 1102 3874 mane
1136 3835 1308 3889 neque
1336 3821 1495 3876 aliam
1527 3823 1580 3877 in
1613 3823 1722 3878 cel-

137 3908 245 3960 lam
284 3906 562 3975 ingredere
585 3945 600 3969 ,
629 3905 731 3960 nisi
768 3907 1090 3960 aecersaris.
1140 3906 1196 3961 Si
1229 3908 1558 3977 propinquos
1588 3909 1718 3964 reli-

136 3997 342 4067 quisti,
373 4006 431 4050 ut
469 4008 687 4065 propter
728 3998 892 4052 Deum
932 3999 984 4052 in
1027 3998 1315 4053 solitudine
1344 4001 1598 4069 degeres,
1629 4016 1719 4056 eo-

138 4105 261 4144 rum
304 4099 354 4142 te
391 4087 661 4143 desiderio
689 4090 804 4158 capi
837 4105 904 4144 ne
933 4090 1264 4158 permiseris.
1312 4089 1367 4144 Si
1404 4099 1455 4145 te
1497 4092 1548 4145 in
1586 4092 1720 4146 cella

137 4191 568 4236 cummorautem
601 4182 768 4248 patris
812 4191 900 4234 aut
939 4181 1128 4234 matris
1173 4183 1578 4236 commiseratio
1619 4185 1720 4238 sti-

138 4271 452 4337 mulaverit,
489 4282 581 4324 aut
607 4271 790 4326 fratris
823 4272 1095 4325 sororisve
1137 4272 1458 4338 recordatio,
1492 4285 1585 4326 aut
1622 4275 1721 4328 mi-

136 4363 436 4418 sericordia
468 4362 722 4425 ftliormn,
747 4373 838 4415 aut
864 4362 1050 4416 uxoris
1078 4361 1404 4417 desiderium
1430 4379 1445 4428 ;
1475 4364 1566 4417 tibi
1595 4375 1721 4419 ante

136 4454 329 4509 oculos
375 4468 512 4522 pone
554 4463 855 4507 extremmn
889 4453 1013 4506 vita:
1053 4452 1196 4506 diem
1226 4463 1386 4522 atque
1415 4453 1636 4522 judicii,
1668 4455 1717 4505 iu

1821 3269 2043 3322 comede
2101 3283 2222 3322 cum
2268 3267 2624 3322 delectatione
2654 3279 2710 3320 et
2755 3279 2944 3336 gustus
2988 3267 3284 3337 voluptate.
3339 3267 3395 3323 Si

1821 3359 2115 3414 necessitas
2141 3368 2317 3427 coget,
2352 3359 2545 3413 fratres
2573 3367 2667 3412 aut
2688 3358 2997 3413 coenobium
3030 3358 3254 3422 invisas,
3278 3373 3393 3414 cor-

1821 3449 1937 3519 pori
1991 3459 2082 3503 tuo
2130 3449 2260 3502 nihil
2307 3449 2448 3518 quod
2483 3450 2530 3502 ei
2574 3449 2868 3518 jucundum
2934 3448 3004 3502 sit
3074 3449 3282 3504 tribuas
3333 3450 3395 3502 ad

1820 3541 2185 3605 saturitatem,
2213 3550 2273 3593 ut
2299 3538 2552 3592 libentius
2575 3539 2638 3592 ad
2668 3538 2916 3594 cellulam
2942 3548 3265 3606 revertatur,
3299 3553 3401 3593 nec

1821 3639 1873 3685 te
1907 3629 2118 3698 prodat.
2163 3632 2219 3684 Si
2255 3633 2528 3685 daemones
2569 3631 2841 3685 suaserint
2883 3631 3064 3684 animo
3105 3638 3196 3684 tuo
3245 3638 3304 3684 ut
3347 3637 3401 3684 te

1821 3738 1982 3791 supra
2031 3721 2172 3776 vires
2206 3736 2462 3776 exerceas
2495 3729 2647 3784 tuas,
2677 3735 2771 3776 eos
2806 3735 2872 3774 ne
2903 3720 3182 3775 audieris:
3225 3719 3400 3774 solent

1821 3811 1967 3867 enim
2002 3811 2277 3866 hominem
2307 3810 2376 3865 ad
2405 3824 2468 3864 ea
2495 3824 2616 3879 qua:
2645 3817 2900 3877 praestare
2939 3825 3042 3865 non
3073 3819 3288 3880 potest,
3321 3809 3401 3862 in-

1823 3905 2016 3967 citare,
2039 3912 2102 3957 ut
2133 3902 2185 3956 iu
2215 3916 2406 3956 manus
2428 3916 2618 3955 eorum
2646 3901 2866 3962 incidat,
2901 3909 2957 3955 et
2981 3900 3082 3970 ipsi
3109 3902 3399 3969 gaudeant.

1823 3995 2002 4050 Semel
2033 3995 2087 4049 in
2125 3994 2212 4047 die
2241 3995 2496 4058 comede,
2529 4001 2579 4046 et
2611 3993 2826 4061 corpori
2866 3993 3012 4063 quod
3057 3995 3103 4048 ei
3153 4005 3402 4046 necessa-

1825 4087 1962 4140 riutn
1989 4093 2073 4139 est
2101 4085 2299 4150 tribue,
2329 4091 2386 4136 ιιι
2412 4083 2463 4136 ἰιι
2491 4084 2753 4137 exercitio
2775 4094 2867 4136 tuo
2885 4083 2972 4152 pio
2993 4084 3189 4136 durare
3211 4095 3399 4148 queas.

1826 4178 2028 4247 Vigilia:
2049 4179 2337 4246 prudenter
2357 4190 2503 4230 vaca.
2528 4191 2624 4229 nec
2646 4176 2876 4243 quietem
2907 4174 3265 4227 necessariam
3284 4187 3402 4226 cor-

1823 4269 1941 4338 pori
1969 4283 2125 4337 nega,
2156 4268 2248 4320 sed
2274 4281 2396 4320 cum
2422 4264 2831 4318 mansuetudine
2853 4273 2908 4317 et
2936 4263 3276 4316 considerate
3293 4261 3403 4329 pie-

1827 4359 1954 4412 tatis
1986 4356 2221 4412 studium
2253 4355 2631 4424 complectere,
2675 4370 2743 4408 ne
2778 4354 2942 4407 nimia
2975 4353 3152 4419 vigilia
3181 4351 3396 4405 animus

1825 4449 2172 4517 perturbetur
2210 4457 2265 4501 et
2294 4462 2324 4500 e
2345 4447 2520 4500 stadio
2555 4446 2742 4514 fugiat.
2773 4443 2958 4498 Noctis
2990 4443 3267 4498 dimidium
3315 4442 3403 4510 pio

136 4561 251 4615 quo
283 4543 379 4598 tibi
412 4557 599 4598 eorum
635 4558 790 4597 nemo
837 4542 1046 4596 laturus
1089 4553 1174 4596 est
1211 4542 1508 4607 auxilium,
1540 4552 1593 4597 et
1625 4557 1720 4596 eos
1752 4532 1795 4588 D
1825 4541 1959 4595 satis
1981 4551 2066 4593 est
2091 4538 2374 4603 exercitio,
2397 4537 2676 4590 dimidium
2703 4536 2931 4590 alterum
2957 4534 3200 4603 corporis
3223 4536 3397 4603 quieti

139 4648 195 4691 te
230 4634 521 4704 reliquisse
565 4633 785 4687 minime
815 4634 1119 4701 ptenitebit.
1152 4632 1206 4687 Si
1251 4635 1304 4687 in
1346 4634 1478 4688 cella
1517 4645 1606 4687 tua
1637 4649 1722 4688 se-

138 4731 281 4783 dens
312 4727 625 4782 memineris
648 4725 877 4796 alicujus
904 4741 933 4779 a
976 4742 1083 4795 quo
1125 4727 1292 4780 fueris
1323 4725 1546 4782 affectus
1586 4727 1720 4796 inju-

137 4822 248 4880 ria.
280 4834 460 4888 surge,
501 4826 555 4872 et
583 4832 648 4871 ex
681 4825 791 4869 toto
834 4817 994 4870 corde
1023 4827 1114 4871 tuo
1148 4817 1336 4882 Deum,
1370 4826 1426 4871 ut
1458 4818 1530 4872 illi
1567 4818 1721 4885 igno-

137 4921 262 4968 scat
282 4949 297 4974 ,
329 4913 624 4980 deprecare
645 4950 660 4974 ,
689 4921 744 4964 et
773 4910 993 4964 ultionis
1024 4909 1120 4964 abs
1168 4917 1218 4963 te
1248 4908 1418 4978 fugiet
1448 4909 1721 4978 cogitatio.

137 5005 197 5058 Si
273 5003 340 5055 ad
386 5001 786 5072 percipiendam
852 5000 1228 5072 mysteriorum
1291 5000 1724 5054 communionem

136 5093 362 5150 accedis
389 5133 403 5158 ,
456 5109 646 5148 omnes
693 5104 812 5147 tuas
856 5092 1212 5162 cogitationes
1257 5091 1520 5155 observa,
1567 5107 1634 5145 ne
1673 5094 1725 5148 in

133 5183 405 5253 judicium
458 5198 577 5236 eam
631 5183 917 5252 percipias.
985 5182 1041 5236 Si
1102 5191 1260 5236 noctu
1322 5182 1729 5237 consuetudinis

138 5272 530 5343 imaginatione
573 5273 818 5335 tentaris,
865 5269 1075 5326 custodi
1118 5286 1214 5326 cor
1242 5280 1428 5336 tuum,
1465 5288 1531 5325 ne
1557 5271 1728 5326 inter-

137 5366 234 5422 diu
266 5365 601 5428 eonsideret,
634 5364 809 5433 qualis
847 5378 910 5418 ea
946 5377 1231 5431 corporum
1263 5361 1423 5417 fuerit
1455 5363 1723 5430 imagina-

139 5460 242 5519 tio,
272 5466 435 5526 atque
459 5457 530 5510 ita
566 5471 627 5509 ea
659 5455 990 5524 cogitatione
1015 5454 1415 5522 coinquineris,
1455 5453 1730 5521 Deumque

136 5563 407 5620 provoces
437 5550 503 5602 ad
543 5548 1010 5617 indignationem,
1038 5549 1130 5602 sed
1167 5548 1393 5616 supplex
1427 5556 1551 5601 ante
1584 5547 1730 5600 illum

136 5641 441 5713 procumbo
487 5639 540 5692 in
580 5648 692 5694 toto
736 5640 900 5708 cprde
948 5647 1070 5707 tuo,
1109 5647 1162 5693 et
1209 5637 1554 5692 auxiliabitur
1600 5633 1733 5691 tibi:

223 5795 266 5828 "
302 5797 460 5853 Prov.
500 5759 596 5864 xu,
633 5798 720 5854 l6.

1824 4633 2171 4687 concedatur.
2208 4629 2370 4683 Binas
2409 4640 2698 4697 antequam
2725 4628 2972 4683 cubitum
2999 4640 3092 4680 eas
3113 4667 3129 4690 ,
3164 4627 3402 4690 orando,

1824 4720 2207 4790 psallendoque
2256 4719 2418 4772 horas
2466 4731 2748 4771 consume.
2785 4716 2977 4770 Postea
3029 4715 3292 4785 quiesce,
3349 4722 3404 4767 et

1825 4828 1945 4866 cum
1970 4822 2019 4865 te
2040 4810 2294 4863 Dominus
2327 4807 2668 4869 excitaverit,
2701 4806 3096 4876 precationibus
3117 4803 3408 4871 diligenter

1828 4903 2097 4958 incumbe.
2124 4901 2181 4957 Si
2209 4916 2406 4970 corpus
2432 4911 2579 4954 tuum
2609 4900 2818 4968 pigrqu
2847 4899 3066 4964 videris,
3095 4897 3166 4952 illi
3196 4896 3362 4951 dicito
3386 4913 3402 4952 :

1827 4996 1924 5050 Vis
1958 4996 2024 5047 ad
2073 4993 2238 5048 breve
2284 5002 2492 5062 tempus
2545 5001 2792 5060 torpere,
2829 5000 2886 5045 et
2935 5006 3061 5045 mox
3108 4987 3297 5060 projici
3349 4988 3405 5043 in

1830 5087 2079 5142 tenebras
2115 5085 2450 5140 exteriores?
2485 5084 2540 5138 Si
2577 5093 2626 5137 te
2669 5082 2945 5152 paululum
2997 5081 3282 5145 excitabis,
3310 5095 3405 5133 ro-

1829 5179 1931 5233 bur
1971 5184 2026 5232 et
2049 5177 2206 5244 ,vires
2234 5175 2544 5230 advenient.
2577 5173 2654 5228 Nc
2686 5175 2839 5229 ineas
2879 5189 3000 5229 eum
3029 5172 3136 5226 illis
3172 5170 3406 5224 homini-

1830 5269 1931 5324 bus
1955 5268 2273 5334 amicitiam,
2297 5268 2388 5336 qui
2416 5267 2506 5322 tibi
2531 5277 2657 5322 sunt
2677 5267 2906 5321 aliorum
2930 5264 3090 5318 etiam
3126 5261 3405 5316 hominum

1833 5359 2253 5413 familiaritatem
2281 5357 2642 5422 coneiliaturi,
2673 5372 2742 5410 ne
2780 5355 2872 5408 tibi
2907 5352 3071 5406 nimia
3105 5349 3404 5405 celebritas

1834 5455 2212 5508 detrimentum
2265 5448 2475 5503 afferat.
2510 5447 2567 5501 Si
2615 5448 2666 5501 in
2707 5445 3033 5501 monasterio
3071 5458 3168 5508 es,
3207 5452 3262 5495 et
3289 5456 3407 5496 ser-

1834 5557 1957 5596 vum
1987 5542 2186 5606 habes,
2228 5540 2281 5593 in
2313 5554 2472 5608 quem
2513 5536 2798 5606 imperium
2831 5548 3125 5596 exerceas,
3163 5532 3406 5586 habiturn

1835 5633 2004 5690 allicis
2044 5631 2401 5698 contumelia;
2437 5629 2521 5686 sin
2555 5642 2678 5684 eum
2712 5635 2770 5681 ut
2817 5624 3038 5681 fratrem
3081 5623 3260 5693 diligis
3283 5663 3298 5689 ,
3349 5623 3405 5677 in
