3888 6284
436 381 574 436 Πιῗί

1533 387 1804 444 ΡΑΤίὶῖῥὸ
1840 388 2135 445 ᾹΞΕΥΡΤΙΙ
2177 391 2445 446 ΒᾸΞΟΙΠᾸ
2483 394 2570 449 IV.

3571 379 3716 444 ιιιδ

439 505 606 559 Deum
653 517 841 571 peccas
873 504 972 559 nisi
1009 521 1128 560 eum
1171 507 1538 572 manumittis,
1570 520 1628 563 ut
1673 511 1806 564 liber
1835 512 2010 567 disce-
2039 519 2085 574 Α
2113 514 2468 583 cogitationes
2508 529 2635 568 suas
2681 513 2839 582 tegit,
2873 527 2967 566 seu
3008 511 3158 565 malae
3181 549 3195 575 ,
3233 526 3325 564 seu
3361 509 3519 562 bona:
3561 510 3710 572 siut,

441 596 553 651 dat,
587 594 737 660 Quoi
770 595 812 648 si
851 595 975 648 velit
1015 599 1304 650 monachus
1343 596 1488 662 fieri,
1529 600 1641 668 ipse
1679 602 1912 669 viderit;
1958 614 2010 657 tn

439 689 747 756 quidemne
791 689 1101 756 permiseris
1161 699 1217 742 ιιι
1265 699 1438 745 tecmn
1505 705 1752 758 maneat,
1784 695 1833 747 id
1869 698 2012 750 enim

441 799 548 835 non
583 782 799 848 expedit
828 783 1025 835 anitum
1053 789 1179 836 tute.

520 872 578 924 ι.
625 873 677 926 Si
716 873 764 926 in
804 874 920 926 loco
959 874 1156 926 celebri
1199 889 1398 944 corpus
1429 883 1576 928 tuum
1609 871 1820 947 amigis,
1853 891 1908 934 et
1938 881 2016 933 id-

445 965 592 1018 circo
624 975 673 1017 te
704 963 949 1018 homines
976 965 1301 1018 aemulantur
1343 976 1397 1021 et
1439 969 1728 1034 honorant,
1771 987 1892 1026 eum
1929 990 2016 1028 re-

447 1058 666 1124 linque,
713 1066 767 1111 et
801 1057 907 1111 alio
953 1057 1336 1126 proﬁciscere,
1381 1075 1448 1113 ne
1492 1059 1644 1113 labor
1683 1072 1803 1116 tuus
1845 1064 2020 1119 inanis

449 1150 734 1205 efﬁciatur.
787 1151 938 1216 Quod
984 1149 1029 1203 si
1083 1150 1296 1204 inanem
1354 1152 1578 1219 gloriam
1628 1154 1904 1223 subegisti,
1956 1171 2022 1211 ne

450 1244 697 1296 attendas
730 1244 857 1310 quid
893 1243 1138 1298 homines
1163 1244 1342 1296 dicant
1371 1243 1818 1308 autfaciant,scd
1843 1249 2021 1301 omnia

455 1335 597 1387 refer
625 1335 689 1386 ad
719 1333 811 1388 Dei
864 1334 1306 1387 nmniﬁcentiam.
1347 1333 1404 1388 Si
1447 1337 1647 1390 mundo
1686 1339 2022 1402 renuntiasti,

455 1425 552 1478 tibi
601 1425 729 1476 nihil
774 1425 996 1479 omnino
1044 1439 1281 1478 reserva.
1342 1425 1398 1479 Si
1442 1435 1493 1480 te
1549 1429 1774 1496 vagandi
1823 1429 2029 1498 cupidi-

457 1523 542 1567 tas
583 1515 875 1577 invaserit,
913 1528 1106 1580 corpus
1164 1515 1214 1566 in
1269 1528 1432 1582 opere
1500 1531 1751 1569 manuum
1813 1526 2024 1571 tuarum

456 1605 630 1674 alilige
681 1606 1089 1670 vehementius,
1147 1613 1204 1657 ut
1254 1605 1305 1658 in
1357 1605 1548 1658 cellula
1595 1617 1681 1663 tua
1713 1626 1832 1664 cum
1877 1626 2029 1666 manv

456 1697 736 1750 suetudine
783 1695 1157 1762 couquiescas,
1215 1707 1270 1748 et
1315 1697 1566 1754 comedas
1610 1715 1799 1770 panem
1855 1711 2023 1756 tuum.

461 1785 516 1838 Si
547 1796 600 1837 nt
631 1799 789 1852 opera
823 1794 909 1835 tua
953 1785 1153 1837 vendas
1175 1823 1188 1846 ,
1221 1783 1288 1840 ad
1321 1790 1506 1843 nrbem
1546 1788 1928 1856 proﬁcisceris,
1963 1806 2029 1844 ne

459 1881 524 1951 dc
548 1879 719 1944 preti"
747 1876 1043 1930 contendas
1063 1917 1076 1940 ,
1104 1887 1161 1935 ιιι
1197 1883 1372 1936 solent
1413 1883 1658 1936 homines
1704 1883 1991 1937 saeculares
2015 1923 2029 1947 ,

460 1972 553 2024 δειι
581 1987 641 2024 0³
674 1973 840 2027 Valide
875 1990 995 2028 cum
1048 1979 1431 2049 simplicitate,
1485 1994 1550 2033 ne
1580 1981 1728 2034 cellae
1777 1991 1879 2034 tua:
1917 1978 2033 2033 frn-

461 2071 604 2114 (ιιιιιι
634 2063 872 2126 amittas.
917 2066 973 2126 Si
1005 2074 1145 2143 cogit
1196 2073 1489 2127 necessitas
1541 2082 1598 2126 ut
1645 2074 1843 2141 aliquid
1884 2090 2034 2130 emas

461 2156 781 2231 aliquando,
816 2180 934 2218 eme
977 2166 1092 2218 sine
1138 2168 1515 2232 contentione;
1567 2182 1635 2221 ne
1685 2167 1834 2220 dicas
1869 2190 1881 2224 :
1921 2167 2032 2220 Νοιι

463 2269 662 2317 emant,
685 2255 784 2308 nisi
807 2255 974 2318 tanti;
1002 2255 1092 2309 sed
1123 2257 1185 2310 da
1205 2258 1575 2326 quodpetitur,
1595 2259 1636 2310 si
1659 2259 1912 2323 habes;si
1932 2275 2034 2312 non

465 2345 651 2406 habes,
677 2361 796 2398 cum
824 2347 1039 2399 silentio
1066 2347 1297 2402 discede.
1333 2347 1483 2414 Quod
1503 2349 1546 2402 si
1574 2360 1624 2401 te
1658 2350 1910 2418 cogitatio
1937 2353 2036 2404 sti-

467 2437 780 2502 mulaverit,
812 2439 976 2492 dicito
1015 2459 1028 2494 :
1069 2441 1300 2495 Omnino
1362 2442 1473 2510 jam
1527 2442 1699 2497 factus
1741 2459 1856 2496 sum
1897 2444 2038 2498 sicut

467 2543 657 2582 clunes
678 2531 870 2594 sancti,
895 2535 982 2599 qui
1008 2534 1192 2585 tentati
1213 2533 1492 2587 locruntin
1518 2542 1850 2603 paupertate,
1870 2536 2038 2590 donec

467 2635 653 2672 eorum
701 2623 1035 2688 propositum
1085 2623 1239 2676 ﬁdele
1294 2624 1434 2678 Deus
1469 2626 1708 2689 invenit,
1759 2635 1813 2680 et
1854 2627 2040 2681 eduxit

468 2726 564 2766 eos
600 2714 650 2766 in
704 2713 1070 2768 latitudinem.
1112 2715 1166 2768 Si
1215 2718 1350 2784 apud
1399 2727 1450 2770 te
1496 2716 1664 2770 frater
1709 2718 1904 2787 aliquid
1947 2719 2042 2772 de-

469 2805 728 2870 posuerit,
763 2813 815 2857 et
841 2819 904 2858 eo
925 2804 1016 2858 tibi
1047 2805 1119 2859 sit
1146 2822 1302 2872 opus,
1336 2805 1465 2858 illud
1505 2806 1607 2860 nisi
1640 2808 1788 2875 prius
1817 2807 2038 2862 fratrem

471 2897 770 2964 rogaveris,
803 2913 867 2951 ne
887 2898 1207 2966 contingito.
1241 2897 1297 2950 Si
1335 2908 1384 2951 te
1410 2899 1588 2968 aliquo
1612 2900 2039 2967 proﬁciscentem

469 2989 704 3041 oraverit
754 2986 940 3055 frater,
987 2989 1089 3043 sibi
1151 3000 1208 3042 nt
1265 2990 1464 3058 aliquid
1517 3005 1705 3054 emas,
1754 2991 1797 3043 si
1847 2990 1941 3044 tibi
1990 2990 2041 3043 id

471 3095 652 3132 emere
675 3089 846 3148 potes,
872 3095 990 3134 eme
1021 3089 1076 3133 et
1108 3081 1204 3134 illi.
1239 3081 1332 3134 Sin
1369 3093 1546 3134 autem
1577 3096 1699 3134 cum
1736 3080 1854 3135 aliis
1885 3081 2037 3143 vivis,

2117 609 2367 676 gaudium
2415 607 2736 675 percipiunt.
2776 605 2918 659 Cave
2949 605 3263 673 diligenter,
3296 618 3421 657 cum
3459 601 3527 655 ad
3560 615 3717 653 com-

2120 701 2426 753 munionem
2481 700 2729 761 accedis,
2780 713 2846 752 ne
2891 698 3015 765 quid
3054 697 3271 750 malitise
3330 695 3537 748 habeas
3589 710 3714 746 cum

2121 797 2287 848 fratre
2315 804 2438 857 tuo;
2465 793 2545 848 sic
2573 793 2716 846 enim
2747 800 2797 846 te
2822 792 2997 859 ipsum
3025 791 3245 858 decipis.
3271 787 3329 840 Si
3357 787 3524 841 verba
3554 785 3714 838 Scri-

2121 895 2292 953 ptnrze
2345 885 2440 937 tibi
2493 882 2782 953 pateﬁunt,
2832 893 2890 935 nt
2934 897 2996 935 ea
3055 880 3230 949 possis
3268 879 3333 932 ad
3384 876 3714 945 allegoriam

2127 975 2446 1038 transferre,
2473 975 2524 1028 id
2551 973 2733 1028 facito.
2764 972 2865 1027 Sed
2897 988 3048 1033 cave,
3073 987 3141 1025 ne
3172 972 3402 1024 litteram
3430 968 3713 1029 destruas,

2124 1082 2257 1119 neve
2287 1065 2463 1117 sensui
2497 1075 2587 1116 tuo
2612 1064 2782 1129 inagis
2807 1063 3018 1124 eredas,
3045 1076 3206 1128 quam
3231 1071 3432 1113 sanctae
3459 1057 3717 1123 Scriptu-

2125 1173 2233 1219 τως
2285 1157 2334 1209 id
2378 1157 2520 1210 enim
2569 1155 2830 1223 superbiae
2869 1164 2950 1207 est
3002 1160 3397 1221 argumentum.
3435 1149 3493 1202 Si
3541 1147 3717 1199 frater

2128 1256 2252 1300 tuus
2281 1247 2459 1300 verbis
2490 1245 2743 1312 deceptus
2785 1243 3184 1307 hiereticorum,
3219 1257 3248 1295 a
3291 1250 3441 1294 recta
3481 1239 3591 1291 [ide
3624 1252 3717 1305 per

2128 1339 2542 1407 imprudentiam
2589 1335 2931 1397 discesserit,
2967 1335 3033 1388 ad
3065 1347 3292 1402 eamque
3339 1347 3538 1386 rursus
3579 1330 3718 1383 resi—

2126 1431 2340 1500 piscens
2374 1439 2691 1489 revertatur,
2725 1444 2846 1482 eum
2881 1437 2933 1480 ιιι
2973 1442 3040 1481 ne
3068 1425 3413 1493 despexeris;
3449 1423 3720 1492 ignorari-

2131 1521 2200 1574 tia
2246 1521 2390 1574 enim
2439 1519 2728 1573 aberravit.
2767 1518 2942 1579 Cave,
2992 1532 3060 1570 ne
3107 1514 3458 1569 defendenda:
3493 1513 3719 1580 quidem

2132 1611 2251 1664 ﬁdei
2282 1624 2443 1664 causa
2479 1624 2601 1664 cum
2633 1609 2899 1662 hmrelicis
2928 1604 3286 1674 colloquaris,
3323 1620 3391 1658 ne
3425 1603 3570 1657 forte
3607 1617 3724 1656 ser-

2131 1715 2318 1755 mones
2363 1700 2598 1768 ipsormn
2637 1699 2818 1751 animo
2877 1708 2966 1750 tuo
3005 1697 3152 1751 virus
3195 1695 3504 1748 infundant.
3547 1692 3612 1747 Si
3655 1693 3723 1745 li-

2133 1795 2287 1845 brum
2326 1791 2597 1844 inveneris
2627 1791 2717 1859 qui
2749 1805 2867 1844 esse
2902 1789 3116 1843 dicatur
3143 1787 3545 1847 haereticorum,
3591 1801 3724 1838 cave

2139 1899 2202 1936 ue
2232 1882 2378 1934 illum
2417 1882 2593 1950 legas,
2631 1897 2698 1934 ne
2738 1895 2942 1934 veneno
2971 1877 3254 1933 mortifero
3293 1892 3389 1932 cor
3418 1887 3574 1929 tuum
3621 1876 3728 1927 im-

2137 1974 2298 2043 pleat,
2337 1975 2429 2027 sed
2464 1974 2514 2025 in
2550 1988 2612 2025 ea
2649 1972 2891 2026 doctrina
2938 1986 3099 2039 quam
3141 1970 3194 2022 in
3235 1968 3476 2023 Ecclesia
3521 1977 3720 2020 sancta

2135 2066 2390 2129 didicisti,
2433 2066 2504 2118 ita
2540 2065 2792 2133 persiste,
2823 2073 2882 2116 ut
2937 2063 2985 2117 ei
3023 2063 3153 2116 nihil
3205 2061 3398 2121 addas,
3448 2059 3586 2111 nihil
3630 2059 3725 2109 de-

2139 2158 2340 2210 trahas.
2371 2156 2618 2210 Abhorre
2646 2172 2674 2207 a
2708 2154 2826 2209 falsi
2861 2155 3096 2208 nominis
3127 2152 3353 2206 scientia
3377 2192 3390 2216 ,
3416 2167 3540 2218 quze
3573 2165 3726 2203 sane

2138 2248 2414 2308 doctrinae,
2451 2257 2508 2299 ut
2538 2246 2712 2313 inquit
2734 2244 3021 2314 Apostolus
3056 2243 3120 2305 ⁸³,
3163 2244 3500 2297 adversatur.
3547 2240 3608 2291 Si
3637 2240 3727 2306 ju-

2139 2339 2257 2391 nior
2282 2352 2340 2391 es
2369 2347 2423 2390 et
2451 2351 2648 2405 corpus
2685 2347 2831 2390 tuum
2863 2335 3097 2388 nondum
3133 2334 3185 2387 in
3215 2333 3528 2386 servitutem
3563 2331 3728 2384 rede-

2139 2427 2286 2496 gisti,
2322 2427 2477 2481 audis
2506 2436 2685 2480 autem
2723 2425 2950 2480 eximias
2983 2434 3193 2492 patrum
3225 2423 3469 2483 virtutes,
3497 2422 3565 2473 ad
3605 2419 3728 2472 illas

2141 2533 2208 2570 ne
2248 2517 2318 2568 ita
2353 2516 2672 2577 contendas,
2706 2525 2764 2568 ut
2791 2529 2884 2568 eas
2917 2527 2967 2567 te
2999 2513 3052 2566 in
3081 2513 3191 2566 otio
3225 2521 3281 2565 et
3309 2512 3491 2580 quiete
3519 2525 3726 2563 conse-

2141 2608 2229 2676 qui
2259 2621 2418 2676 posse
2450 2607 2712 2661 conﬁdas.
2740 2604 2852 2660 Nisi
2879 2606 3021 2658 enim
3053 2604 3171 2658 illas
3199 2604 3452 2666 colueris,
3494 2618 3602 2655 non
3639 2617 3730 2654 as-

2141 2699 2405 2767 sequeris.
2451 2698 2605 2762 Quod
2658 2699 2701 2752 si
2745 2697 2999 2761 colueris,
3039 2705 3229 2765 sponte
3258 2696 3323 2748 ad
3368 2705 3418 2748 te
3451 2695 3585 2762 ipsa:
3635 2707 3729 2747 reo

2143 2792 2311 2844 hient.

2220 2900 2330 2954 Vll.
2367 2902 2447 2954 Ab
2478 2902 2666 2954 inertia
2721 2901 2862 2970 fuge,
2903 2907 3160 2968 qttantum
3203 2909 3380 2964 potes;
3428 2898 3541 2951 hac
3577 2895 3726 2949 enin

2144 2993 2395 3046 monachi
2425 2995 2654 3045 fructum
2687 2990 2967 3058 disperdit.
3006 2989 3060 3042 Si
3093 3003 3212 3040 cum
3243 2988 3404 3039 animi
3439 2987 3730 3055 perturba-

2151 3086 2382 3140 tionibus
2426 3093 2479 3137 et
2508 3083 2654 3136 vitiis
2693 3096 2936 3150 pugnas,
2975 3096 3041 3134 ne
3082 3079 3269 3142 deﬁce,
3310 3079 3402 3130 sed
3448 3088 3497 3130 te
3547 3077 3729 3142 ipsum

475 3169 526 3221 id
581 3180 775 3236 prmter
817 3185 1002 3224 eorum
1051 3174 1374 3227 sententiam
1423 3187 1490 3226 ne
1531 3172 1758 3236 feceris,
1810 3186 1878 3226 ne
1922 3183 2042 3227 tuos

2148 3187 2427 3248 prosterne
2454 3189 2637 3228 coram
2667 3173 2805 3228 Deo:
2831 3170 2946 3224 Non
2981 3185 3220 3239 possum,
3250 3169 3498 3236 inquiens
3527 3167 3579 3217 in
3617 3175 3731 3219 toto

473 3257 716 3312 olfendas
756 3261 1190 3314 contubernales.
1236 3262 1291 3314 Si
1332 3276 1435 3328 qua
1467 3263 1791 3315 necessitate
1823 3271 2042 3315 coactus

478 3351 529 3403 in
560 3352 788 3417 patriam
831 3352 1211 3418 proﬁcisceris,
1245 3354 1456 3407 custodi
1492 3364 1543 3408 te
1573 3356 1639 3408 ab
1667 3356 1749 3409 his
1786 3357 1876 3424 qui
1919 3372 2046 3411 san-

477 3444 638 3510 guine
667 3442 760 3496 tibi
784 3443 1061 3513 conjuncti
1097 3453 1242 3502 sunt.
1274 3460 1339 3498 ne
1369 3445 1588 3500 liberius
1617 3463 1736 3500 cmn
1766 3448 1897 3515 ipsis
1926 3464 2048 3502 ver-

477 3533 649 3595 seris,
701 3549 1074 3588 sermonemve
1115 3535 1382 3589 conferas.
1437 3537 1490 3591 Si
1543 3539 1670 3607 quid
1734 3541 1826 3594 tibi
1881 3540 2047 3594 frater

477 3624 931 3689 commodaverit,
962 3641 1028 3679 ne
1064 3626 1186 3678 illud
1223 3627 1498 3697 negligas,
1527 3630 1620 3682 sed
1656 3629 1922 3699 integrum
1961 3646 2050 3685 ce-

482 3713 668 3766 leriter
708 3714 921 3768 reddas.
954 3714 1010 3768 Si
1059 3717 1475 3771 instrumentum
1521 3728 1603 3772 est
1643 3720 1858 3787 aliquod
1899 3721 2048 3788 operi

483 3803 880 3867 necessarium,
956 3803 1118 3857 simul
1178 3820 1240 3858 ac
1289 3821 1424 3869 opus
1476 3807 1807 3872 confeceris,
1867 3809 2049 3862 redde.

483 3895 636 3960 Quod
682 3894 728 3947 si
771 3897 866 3947 abs
909 3905 960 3948 te
992 3894 1152 3948 fuerit
1181 3896 1523 3949 confractum
1574 3908 1668 3951 aut
1701 3906 2012 3967 corruptum
2035 3937 2050 3961 ,

488 3983 667 4045 reﬁce,
706 3993 797 4037 aut
825 3983 966 4037 aliud
995 3985 1186 4039 melius
1215 3988 1460 4042 restitue.
1493 3987 1549 4041 Si
1586 3990 1714 4057 quid
1741 3994 2053 4042 commoda-

482 4077 645 4136 veris,
695 4085 786 4128 aut
830 4086 1015 4130 mutuo
1043 4075 1256 4131 dederis
1297 4077 1449 4131 fratri
1487 4089 1577 4132 tuo
1617 4080 1869 4149 pauperi,
1912 4081 2053 4148 quod

485 4166 572 4220 ille
606 4177 837 4234 nequeat
895 4168 1150 4233 reddere,
1210 4185 1277 4224 ne
1329 4169 1534 4239 alIligas
1583 4185 1742 4234 emn,
1795 4169 2057 4224 acerbeve

484 4259 668 4329 exigas
688 4297 704 4323 ,
749 4274 843 4312 seu
874 4260 1130 4326 pecunia,
1167 4274 1259 4314 seu
1289 4262 1479 4324 vestis,
1508 4277 1601 4315 seu
1637 4261 1765 4331 quid
1796 4261 1937 4316 aliud
1964 4263 2053 4328 sit,

486 4350 626 4416 quod
651 4350 698 4401 ci
741 4349 960 4402 dedisti.

563 4439 645 4493 VI.
690 4442 747 4494 Si
780 4442 1010 4509 aliquem
1051 4443 1102 4494 in
1152 4440 1328 4495 locum
1361 4442 1424 4493 ad
1464 4442 1815 4496 habitandum
1849 4451 1900 4495 te
1929 4457 2058 4496 con-

2145 3271 2308 3322 corde
2344 3276 2582 3336 tuo,'per
2625 3282 2708 3320 me
2743 3267 3031 3329 resistere;
3062 3272 3115 3316 tu
3168 3261 3298 3315 mihi
3358 3259 3577 3322 misero,
3623 3258 3730 3309 Do-

2148 3360 2310 3422 mine,
2344 3357 2423 3410 fer
2451 3358 2745 3410 auxilium:
2795 3365 2851 3409 et
2889 3354 3192 3422 superahis.
3227 3351 3283 3404 Si
3320 3339 3415 3403 tibi
3447 3350 3502 3400 in
3531 3348 3732 3401 cellula

2148 3449 2503 3503 commoranti
2535 3449 2740 3501 semina
2774 3445 3119 3516 turpitudinis
3156 3444 3212 3498 in
3240 3443 3402 3497 corde
3425 3452 3513 3494 tuo
3539 3455 3731 3508 sparsa

2151 3541 2371 3604 fuerint,
2400 3541 2527 3594 totis
2550 3540 2758 3594 viribus
2788 3537 3081 3602 contende,
3113 3551 3179 3590 ne
3205 3535 3534 3597 coalescant,
3569 3542 3733 3599 atque

2151 3633 2416 3701 imperent
2465 3630 2586 3684 tibi.
2644 3629 2937 3684 Considera
2998 3627 3165 3680 Deum
3216 3639 3335 3679 esse
3385 3631 3731 3691 praesentem,

2153 3725 2304 3792 cujus
2337 3724 2505 3778 oculis
2544 3731 2761 3791 pateant
2790 3735 2850 3774 ea
2885 3734 3006 3788 quze
3061 3719 3111 3771 in
3151 3717 3314 3771 corde
3339 3713 3596 3782 loqueris.
3645 3710 3736 3765 Sic

2155 3815 2318 3884 igitur
2348 3814 2584 3867 animam
2624 3823 2766 3866 tuam
2806 3811 3079 3879 alloquere
3116 3825 3129 3861 :
3170 3808 3228 3862 Si
3257 3808 3330 3859 tni
3375 3805 3578 3860 similes
3610 3818 3735 3858 eru-

2157 3905 2334 3958 bescis
2365 3911 2701 3971 peccatores,
2731 3901 3036 3967 metuisque
3062 3914 3128 3953 ne
3151 3899 3369 3952 videant
3393 3896 3588 3966 ﬂagitia
3621 3905 3732 3954 tua,

2155 4004 2355 4062 quanto
2400 3995 2568 4062 magis
2603 3993 2768 4046 Deum
2804 3991 2982 4044 vereri
3014 3991 3199 4053 debes,
3242 3988 3328 4042 cui
3381 3995 3504 4041 sunt
3551 3984 3734 4036 omnia

2159 4085 2479 4139 manifesta?
2537 4085 2613 4138 Ex
2677 4086 2778 4138 hac
2828 4080 3262 4137 consideratione
3321 4079 3480 4130 timor
3531 4075 3623 4129 Dei
3683 4076 3736 4128 in

2157 4177 2333 4230 anima
2369 4177 2670 4239 excitatur;
2700 4175 2782 4229 cui
2829 4175 2872 4228 si
2906 4173 3182 4234 innitaris,
3228 4169 3487 4223 adversus
3521 4175 3740 4234 pertur-

2157 4267 2404 4321 bationes
2428 4266 2720 4320 immobilis
2749 4263 3111 4332 permanebis.
3141 4259 3414 4324 Scriptum
3446 4266 3527 4310 est
3549 4256 3695 4309 enim
3720 4273 3737 4308 :

2161 4355 2265 4420 Qui
2315 4356 2582 4422 conﬁdunt
2609 4354 2664 4406 in
2721 4353 2968 4415 Domino,
3013 4351 3149 4404 sicut
3193 4366 3340 4401 mons
3393 4347 3520 4401 Sion
3563 4363 3584 4399 :
3637 4362 3744 4398 non

2160 4445 2559 4498 commovebitur
2597 4444 2651 4496 in
2689 4452 2971 4501 retentum.
3009 4442 3096 4510 qui
3140 4439 3343 4491 habitat
3381 4438 3433 4489 in
3477 4434 3744 4488 Hierusa-

489 4531 694 4596 tnleris,
729 4541 783 4585 et
808 4533 998 4587 cellam
1034 4535 1327 4602 acceperis,
1363 4542 1413 4586 et
1439 4534 1756 4587 aediﬁcando
1781 4544 2050 4603 sumptum
2089 4519 2131 4572 D
2161 4539 2260 4592 lem
2285 4538 2349 4590 “.
2387 4537 2444 4590 Si
2490 4537 2543 4589 in
2577 4535 2966 4590 exercitatione
2989 4534 3060 4584 ita
3103 4531 3309 4584 resistis
3333 4528 3640 4592 tentationi,
3689 4539 3750 4581 ut

487 4619 702 4681 feceris,
739 4635 966 4689 eamque
1011 4631 1193 4689 postea
1239 4622 1551 4691 reliqueris,
1595 4633 1648 4677 et
1689 4634 1810 4692 post
1839 4624 2057 4693 aliquod

491 4721 699 4779 tempus
735 4723 1013 4768 revertens
1046 4714 1096 4766 in
1131 4728 1192 4768 ea
1228 4712 1445 4767 fratrem
1480 4714 1810 4769 habitantem
1843 4715 2060 4770 invene-

490 4802 585 4864 ris,
620 4819 684 4856 ne
720 4803 955 4872 expellas
991 4820 1140 4868 eum,
1165 4805 1260 4860 sed
1286 4805 1447 4859 aliam
1485 4807 1580 4859 tibi
1608 4806 1799 4860 cellam
1827 4821 2060 4875 quaeras,

491 4911 557 4947 ne
587 4894 637 4947 in
670 4896 832 4949 Deum
876 4912 1086 4964 pecces.
1115 4896 1267 4964 Quod
1303 4899 1347 4952 si
1385 4908 1576 4966 sponte
1605 4913 1698 4953 sua
1731 4899 1862 4954 velit
1889 4899 2063 4953 disce-

491 4987 637 5046 dere.
676 4987 932 5042 innocens
963 4991 1092 5045 eris.
1145 4990 1273 5056 Quae
1303 4999 1479 5043 autem
1530 4990 1582 5043 in
1628 4989 1763 5044 cella
1810 5000 1899 5043 tua
1937 4989 2064 5044 reli-

491 5077 674 5142 quisti,
718 5077 762 5131 si
807 5079 942 5132 lorte
972 5080 1038 5132 ab
1069 5096 1133 5134 eo
1159 5090 1474 5148 consumpta
1508 5090 1667 5146 sunt,
1702 5098 1767 5134 ne
1797 5079 2061 5148 requiras.

494 5164 548 5219 Si
593 5183 620 5219 a
656 5167 786 5221 cella
822 5177 908 5220 tua
942 5170 1296 5237 migraveris,
1330 5187 1447 5239 quae
1482 5175 1534 5224 in
1567 5185 1629 5226 ea
1662 5178 1785 5225 sunt
1821 5171 1940 5225 usui
1973 5186 2064 5225 ne-

493 5259 751 5322 cessaria,
799 5275 865 5312 ne
911 5269 1086 5314 tecum
1140 5271 1443 5330 exportato,
1494 5261 1587 5315 sed
1645 5259 1793 5314 fratri
1844 5261 2063 5329 pauperi

495 5347 813 5417 relinquito;
845 5362 898 5404 et
927 5351 1066 5405 Deus
1098 5351 1190 5404 tibi
1225 5351 1531 5419 ubicunque
1576 5351 1795 5418 vixeris,
1829 5353 2066 5421 provide-

495 5437 594 5490 bit.
631 5438 994 5507 Cogitationes
1034 5457 1153 5509 qua:
1189 5449 1237 5495 te
1279 5451 1606 5510 oppugnant,
1642 5457 1829 5497 omnes
1871 5443 2066 5496 seniori

498 5529 803 5597 patefacere
837 5546 904 5584 ne
933 5533 1222 5586 erubescas
1245 5571 1260 5595 ,
1291 5533 1334 5586 si
1376 5533 1457 5586 vis
1502 5533 1788 5588 levationis
1817 5533 2067 5588 solatium

480 5615 771 5704 tinvenire:
815 5621 1083 5675 daemones
1138 5621 1280 5675 enim
1328 5636 1429 5674 non
1460 5622 1560 5677 nisi
1595 5637 1660 5677 ex
1719 5623 1936 5680 homine
1980 5625 2070 5693 qui

571 5777 615 5809 "
645 5775 666 5831 ι
695 5776 833 5833 Tim.
879 5793 951 5844 vt,
991 5777 1092 5845 eo;
1145 5793 1184 5844 ι,
1225 5776 1308 5831 l0.
1390 5778 1431 5809 ”
1469 5775 1608 5832 Psal.
1636 5793 1814 5845 cxxtv,
1857 5779 1907 5845 l,
1949 5778 2001 5834 2.

2164 4625 2338 4695 frangi
2387 4624 2767 4693 debilitarique
2827 4623 3071 4676 videatur
3134 4636 3195 4673 ac
3258 4620 3633 4678 retrocedere,
3680 4632 3750 4669 ne

2165 4715 2460 4783 triumphet
2490 4728 2584 4766 cor
2615 4722 2788 4777 tuum,
2821 4721 2912 4766 aut
2943 4709 3258 4772 extollatur;
3298 4709 3566 4762 daemones
3598 4706 3748 4758 enim

2166 4805 2431 4874 fugientes
2463 4805 2684 4858 insidias
2714 4812 2951 4866 struunt,
2982 4811 3034 4855 et
3067 4800 3305 4870 praelium
3335 4799 3502 4868 priori
3533 4798 3751 4866 pericu-

2167 4895 2334 4949 losius
2364 4905 2582 4964 parant,
2619 4904 2743 4964 post
2782 4894 3053 4948 civitatem
3089 4891 3274 4960 cupias
3317 4890 3372 4943 in
3424 4887 3636 4943 insidiis
3676 4888 3753 4940 lo—

2166 4995 2308 5049 cant,
2334 4986 2662 5055 jnbentque,
2699 5000 2764 5039 ne
2797 4985 3078 5053 prodeant,
3112 4982 3212 5035 nisi
3252 4995 3372 5034 cum
3409 4994 3504 5033 eos
3536 4977 3752 5047 fugien-

2169 5087 2250 5132 tes
2287 5094 2380 5131 cor
2411 5087 2555 5130 tuum
2589 5090 2921 5145 persequens
2949 5073 3273 5136 insolescat;
3305 5079 3416 5124 tum
3452 5081 3579 5122 vero
3617 5081 3754 5118 con-

2166 5181 2408 5240 Surgant,
2444 5179 2501 5224 ut
2532 5170 2714 5222 anima
2751 5167 2935 5223 infelix
2977 5169 3344 5222 circumventa
3377 5164 3579 5217 nullum
3625 5175 3752 5229 pero

2168 5262 2368 5332 fugiunt
2403 5261 2617 5315 habeat.
2657 5257 2966 5326 Perfugium
3001 5257 3164 5326 igitur
3195 5266 3248 5310 et
3276 5250 3750 5324 propugnaculum

2175 5363 2321 5406 tuum
2358 5354 2448 5416 sit,
2501 5361 2556 5405 ut
2605 5352 2656 5404 in
2699 5359 2810 5405 toto
2860 5350 3022 5404 corde
3058 5361 3148 5401 tuo
3195 5345 3423 5416 supplex
3468 5343 3536 5396 ad
3581 5341 3751 5393 Deum

2176 5443 2440 5506 accedas,
2475 5453 2531 5496 et
2559 5456 2714 5509 opem
2744 5439 2861 5508 ejus
2896 5437 3150 5506 implores
3171 5476 3187 5500 ,
3222 5443 3276 5487 et
3319 5431 3564 5485 liberabit
3599 5438 3655 5482 te
3688 5440 3754 5479 ex

2177 5537 2427 5590 omnibus
2475 5531 2967 5605 impugnationibus
2998 5527 3222 5582 inimici.
3261 5525 3317 5580 Si
3347 5523 3515 5578 Deum
3559 5532 3754 5588 preca-

2184 5627 2256 5680 ris
2287 5637 2343 5680 ut
2380 5636 2432 5681 te
2461 5625 2654 5680 liberet
2691 5639 2720 5678 a
2757 5620 3084 5686 tentationc,
3115 5629 3171 5674 et
3209 5632 3311 5673 non
3343 5611 3655 5675 exaudiris,
3687 5621 3756 5662 ne
