3888 6284
147 455 294 508 1117

1229 458 1286 512 S.
1327 459 1528 516 lSAlA'J
1570 458 1863 516 ABBATIS
1902 459 2307 518 ORATIONES.

3271 463 3412 522 ma

146 573 495 642 despondeas
541 571 814 640 animum;
853 576 997 629 n0vit
1047 577 1188 630 enim
1226 580 1397 647 magis
1443 595 1604 648 quam
1659 587 1735 638 ttt,
1769 581 1816 637 Α
1847 578 2080 631 Enamor
2110 580 2298 647 fluvios
2322 576 2591 642 Cltuzam;
2619 588 2667 630 et
2701 587 2822 631 sunt
2853 577 2960 630 illic
2992 594 3150 647 usque
3182 583 3248 632 ad
3276 597 3414 648 prte-

146 665 287 732 quid
319 662 568 731 expediat
598 663 713 718 tibi.
745 662 822 717 Ne
857 665 1056 720 dixeris
1100 667 1261 738 igitur
1291 687 1305 722 :
1338 669 1449 723 Hoc
1486 670 1614 723 mihi
1651 673 1738 732 da,

147 766 252 810 aut
277 755 432 809 aul'er
457 754 590 807 illud
625 770 654 807 a
696 769 815 818 me;
849 755 950 809 sed
980 756 1302 825 ita’precare
1327 775 1341 812 :
1370 760 1591 813 Domine
1617 758 1740 814 Jesu

146 845 394 907 Christe,
426 842 617 912 adjuva
659 859 782 908 me;
824 859 890 899 ne
926 848 1073 900 sinas
1103 863 1187 901 me
1216 864 1443 916 peccare
1487 852 1742 903 adversus

150 945 235 991 te.
268 938 309 989 A
355 945 500 990 recta
539 936 624 989 via
673 934 886 998 deﬂexi,
929 953 996 992 ne
1027 937 1304 1005 permittas
1344 954 1429 994 me
1459 941 1608 1008 sequi
1650 955 1744 994 vo-

152 1025 423 1079 luntatem
456 1041 667 1091 meam;
716 1043 782 1080 ne
828 1029 1053 1094 patiaris
1083 1044 1168 1083 me
1207 1030 1384 1099 perire
1425 1031 1476 1084 in
1515 1032 1746 1100 peccatis

154 1117 333 1181 meis;
385 1117 642 1170 miserere
691 1132 976 1178 creaturae.
1041 1135 1109 1172 ne.
1155 1121 1424 1188 despicias
1459 1137 1578 1187 me,
1620 1123 1744 1190 quia

155 1207 414 1261 inﬁrmus
449 1222 606 1273 sum;
641 1224 707 1262 ne
759 1210 1101 1278 derelinquas
1138 1226 1242 1275 me,
1283 1215 1531 1281 quoniam
1578 1216 1646 1263 ad
1698 1223 1746 1265 te

153 1297 376 1365 confugi
411 1297 454 1327 ”
488 1313 500 1348 :
535 1298 738 1350 medere
768 1297 959 1351 anima:
993 1316 1142 1363 metu,
1175 1302 1296 1368 quia
1324 1302 1527 1368 peccavi
1563 1303 1652 1354 tibi
1679 1301 1744 1353 ίθ.

156 1383 232 1438 1η
273 1396 549 1453 conspectu
594 1396 682 1439 tuo
712 1399 830 1439 sunt
861 1403 1036 1442 omnes
1074 1392 1161 1458 qui
1196 1390 1445 1443 tribulam
1480 1405 1558 1444 me
1584 1390 1647 1442 ’7.
1682 1393 1748 1444 Et

159 1492 274 1528 non
313 1488 388 1530 est
423 1478 488 1529 ad
527 1491 685 1544 quem
715 1477 1062 1547 confugiam,
1104 1479 1206 1532 nisi
1250 1483 1314 1532 ad
1361 1490 1446 1544 te,
1500 1481 1743 1535 Domine.

160 1567 329 1620 Salva
351 1582 457 1631 me,
487 1582 694 1637 quteso,
732 1568 977 1633 Domine,
1009 1584 1104 1637 per
1127 1571 1550 1624 misericordiam
1579 1583 1742 1626 tuam.

161 1658 583 1727 Confnndantur
627 1677 801 1715 omnes
847 1671 894 1714 et
941 1663 1285 1722 erubescant.
1322 1664 1412 1730 qui
1463 1664 1748 1730 insurgunt

165 1747 436 1801 adversus
457 1762 563 1815 me,
590 1751 680 1818 qui
709 1752 1194 1818 qua’runtanimam
1225 1762 1412 1811 nteant,
1445 1761 1500 1804 ut
1527 1755 1745 1820 perdant

162 1835 325 1889 illam
355 1837 419 1888 ¹⁸.
455 1837 556 1901 Τυ,
609 1838 857 1900 Domine,
902 1849 1055 1908 potes
1097 1840 1310 1904 omnia,
1347 1849 1400 1893 et
1440 1855 1532 1909 per
1577 1851 1629 1894 te
1669 1851 1751 1894 cst

164 1927 340 1997 gloria
387 1927 496 1981 Deo
538 1937 590 1981 et
633 1928 800 1992 Patri,
837 1939 892 1983 et
945 1931 1169 2000 Spiritui
1222 1941 1408 1986 sancto
1459 1933 1510 1985 in
1552 1935 1743 1986 sazcula
1783 1910 1821 1960 Β

166 2016 517 2072 saeculorum.
573 2019 764 2072 Amen.
799 2018 950 2074 Tunc
989 2023 1320 2074 conscientia
1361 2031 1449 2076 tua
1485 2022 1620 2074 clam
1671 2023 1749 2073 lo-

165 2115 373 2176 quetur
401 2110 455 2162 in
483 2111 644 2162 corde
679 2121 792 2170 tuo,
820 2120 875 2164 et
894 2126 1112 2164 causam
1151 2111 1375 2178 aperiet,
1399 2113 1744 2181 quamobrem

171 2209 232 2250 te
269 2214 373 2251 non
422 2200 674 2252 exaudiat
721 2200 876 2254 Deus.
916 2199 1085 2254 Tuum
1124 2203 1285 2270 igitur
1325 2201 1434 2268 jam
1473 2203 1576 2255 erit
1605 2201 1744 2271 quod

169 2287 268 2340 illa
303 2289 518 2350 dixerit,
557 2289 606 2342 id
641 2303 744 2342 non
787 2289 1073 2359 negligere,
1106 2293 1196 2344 sed
1241 2292 1418 2344 facere
1445 2291 1745 2360 diligenter.

173 2375 320 2431 [“ieri
354 2379 495 2432 euint
531 2395 634 2432 non
669 2388 886 2446 potest,
937 2381 981 2434 si
1029 2382 1193 2434 Deum
1225 2382 1385 2436 homo
1420 2381 1588 2444 audit,
1620 2381 1748 2444 quin

177 2471 323 2523 Deus
358 2469 628 2524 hominem
663 2472 940 2526 exaudiat.
971 2471 1155 2538 Neque
1184 2474 1323 2525 enim
1358 2481 1440 2526 est
1471 2471 1651 2538 procul
1682 2471 1748 2525 ab

177 2558 420 2611 homine.
464 2557 568 2612 Sed
615 2559 916 2615 voluntates
960 2570 1160 2615 nostra:
1209 2562 1256 2614 ei
1309 2561 1596 2614 contraria:
1639 2575 1746 2615 non

178 2648 501 2713 permittunt
545 2657 602 2700 ttt
646 2649 733 2702 ille
781 2665 876 2703 nos
921 2651 1122 2703 audiat.
1165 2649 1333 2705 Nemo
1396 2660 1448 2704 te
1489 2650 1742 2717 decipiat.

177 2737 644 2804 Quemadmodum
670 2739 813 2792 enim
841 2741 958 2794 sine
980 2740 1184 2794 semine
1202 2750 1255 2794 et
1278 2755 1412 2808 aqua
1440 2756 1544 2795 non
1581 2748 1753 2807 potest

178 2841 312 2893 ager
338 2841 404 2879 ex
444 2841 502 2879 se
535 2825 765 2880 fructum
799 2827 942 2881 ferre
969 2844 984 2882 :
1017 2828 1097 2882 sic
1122 2827 1283 2881 homo
1309 2829 1426 2881 sine
1467 2825 1754 2882 alllictione

179 2926 344 2983 atque
369 2915 670 2970 humilitate
701 2917 842 2971 ferre
872 2916 1101 2971 fructum
1135 2933 1237 2972 non
1269 2917 1432 2972 Valet.

259 3002 392 3058 VIII.
429 3004 482 3058 In
521 3005 612 3058 Dei
667 3006 896 3071 timore,
948 3005 1144 3062 fratres
1173 3006 1498 3071 charissitni,
1529 3020 1752 3060 manea-

181 3113 330 3165 mus,
367 3107 422 3152 et
463 3099 691 3153 virtutes
719 3099 1025 3155 cxcolentes
1055 3100 1257 3154 nttllum
1283 3100 1623 3156 conscientiae
1661 3113 1756 3152 no-

182 3203 342 3245 strae'
363 3189 738 3245 oll‘endiculum
785 3193 1154 3261 praebeamus,
1188 3193 1282 3246 sed
1325 3191 1594 3245 nobismet
1626 3189 1756 3258 ipsis

183 3281 530 3333 attendamus
558 3281 609 3332 in
644 3280 836 3333 timore
860 3281 972 3343 Dei,
994 3280 1166 3332 donec
1196 3278 1308 3347 ipsa
1335 3291 1548 3345 quoque
1573 3275 1756 3329 nobis-

184 3387 310 3424 t-um
351 3372 519 3425 libera
562 3370 664 3434 sit,
695 3381 854 3438 atque
879 3370 952 3423 ita
974 3368 1257 3436 conjuncta
1283 3406 1299 3433 ,
1335 3378 1393 3422 ut
1423 3368 1577 3422 nobis
1604 3367 1760 3420 dein-

184 3477 316 3529 ceps
365 3475 546 3516 cusros
593 3462 684 3526 sit,
732 3461 1086 3530 ostendatque
1134 3477 1164 3514 a
1215 3462 1410 3529 quibus
1451 3473 1756 3514 caveamus.

187 3553 342 3620 Quod
381 3554 427 3606 si
467 3553 515 3606 ei
555 3569 745 3621 parere
780 3552 1135 3616 uoluerimus,
1174 3567 1275 3606 nos
1320 3549 1663 3619 derelinquet
1695 3563 1761 3603 ac

187 3651 436 3710 deseret,
469 3655 523 3700 et
555 3646 853 3699 incidemus
883 3645 934 3698 in
969 3659 1158 3697 manus
1186 3644 1522 3696 inimicorum
1557 3650 1763 3694 nostro-

190 3753 343 3800 rum,
375 3737 464 3804 qui
496 3735 664 3789 nostri
697 3746 878 3801 postea
942 3750 1044 3786 non
1103 3734 1532 3795 miserelmntur,
1573 3746 1763 3800 quem-

189 3827 477 3881 admodum
539 3825 718 3879 docuit
763 3839 860 3878 nos
934 3823 1240 3876 Dominus:
1283 3821 1432 3885 Esto,
1489 3821 1759 3884 inquiens,

191 3936 313 3974 cum
353 3918 656 3972 adversario
701 3927 787 3969 tuo
829 3915 1178 3979 consentiens,
1209 3916 1334 3966 dum
1363 3928 1416 3967 es
1449 3914 1503 3966 in
1531 3913 1613 3965 via
1643 3928 1758 3965 cum

188 4030 274 4076 eo,
318 4027 380 4063 ne
421 4010 552 4079 forte
587 4009 761 4061 tradat
805 4018 852 4060 te
906 4007 1236 4060 adversarius
1269 4004 1474 4073 judici,
1506 4011 1554 4057 et
1595 4002 1764 4072 judex

189 4104 373 4156 tradat
402 4111 447 4154 te
468 4099 725 4161 ministro,
751 4108 798 4152 et
823 4099 878 4151 in
907 4112 1166 4149 carcerem
1192 4095 1437 4148 mittaris.
1459 4093 1623 4146 Amen
1647 4092 1763 4145 dico

191 4194 315 4256 tibi,
355 4209 454 4244 non
485 4189 646 4242 exibis
676 4189 815 4251 inde,
848 4189 1009 4240 donec
1047 4186 1234 4238 reddas
1269 4185 1602 4237 novissimum
1634 4198 1766 4252 qua-

193 4285 436 4336 drantem
465 4281 530 4333 ¹⁹.
556 4278 878 4332 Adversaria
909 4277 1106 4330 dicitur
1132 4274 1482 4338 conscientia,
1512 4275 1763 4342 quoniam

194 4372 404 4429 homini
436 4370 667 4441 cupienti
700 4368 876 4423 facere
906 4367 1085 4422 carnis
1114 4365 1439 4419 voluntatem
1463 4403 1477 4428 ,
1512 4366 1765 4418 adversa-

198 4475 310 4518 tur.
344 4463 470 4528 Qute
493 4461 706 4530 quidem
731 4459 1067 4520 adversaria,
1101 4459 1200 4511 nisi
1234 4471 1353 4510 cum
1376 4471 1437 4509 ea
1463 4457 1623 4510 homo
1646 4470 1768 4509 con-

1842 677 2036 721 sentem
2067 669 2224 722 diem.
2274 665 2419 720 Tunc
2465 667 2605 719 misit
2645 667 2980 735 Assyriorum
3028 684 3116 721 rex
3145 684 3173 721 e
3208 671 3412 739 populis

1842 758 1974 822 suis,
2017 758 2105 825 qui
2130 756 2383 808 habitaret
2409 755 2462 808 in
2488 766 2624 808 terra
2666 752 2865 816 Israel,
2892 766 2935 806 et
2961 772 3110 808 suum
3141 757 3237 809 sibi
3265 761 3410 823 quis-

1842 862 1940 915 que
1973 845 2210 913 sculptile
2247 845 2501 912 confecit,
2545 854 2592 897 et
2627 845 2860 896 adoravit
2891 845 3022 896 illud
3044 885 3058 910 ,
3083 856 3130 897 et
3160 863 3272 899 ecce
3308 849 3414 900 illic

1843 945 1964 990 sunt
2008 952 2168 1004 usque
2221 936 2288 988 ad
2335 936 2646 988 hodiernum
2700 935 2838 988 diem
2869 936 2934 986 ²¹.
2985 935 3106 989 llaec
3161 937 3413 1006 Ephraint

1845 1026 2202 1092 contigerunt,
2244 1027 2366 1094 quia
2401 1027 2671 1094 oppressit
2716 1027 3084 1081 adversarium
3125 1044 3316 1093 suum,
3350 1043 3404 1084 et

1841 1117 2102 1185 judicium
2144 1117 2502 1171 conculcavit.

1919 1206 2009 1261 IX.
2042 1209 2426 1272 Considerate,
2466 1208 2770 1262 charissimi
2795 1250 2809 1273 ,
2869 1209 2996 1277 quid
3048 1209 3126 1264 eis
3159 1210 3417 1264 acciderit

1847 1299 1938 1368 qui
1967 1299 2333 1354 voluntatibus
2363 1299 2476 1353 suis
2506 1298 2660 1352 malis
2685 1298 3043 1364 indulserunt,
3069 1309 3120 1353 et
3147 1302 3416 1370 propriam

1849 1389 2236 1442 conscientiam
2276 1388 2683 1443 conculcarunt.
2716 1387 2794 1442 Ne
2837 1389 3151 1444 actnulemur
3189 1405 3302 1453 eos,
3335 1390 3419 1444 di-

1850 1478 2153 1545 lecﬁssimi,
2190 1478 2283 1532 sed
2314 1493 2504 1532 omnes
2536 1478 2714 1544 potius
2749 1487 2965 1533 sanctos
2997 1478 3291 1543 imitemur,
3327 1481 3418 1548 qni

1848 1572 1914 1625 ad
1957 1580 2181 1624 mortem
2221 1584 2388 1638 usque
2415 1580 2635 1639 peccato
2671 1585 2774 1623 non
2811 1570 3290 1640 obtemperarunt.
3324 1573 3418 1626 sed

1850 1673 2052 1714 saneta:
2077 1675 2187 1713 suae
2212 1659 2556 1713 conscientiae
2585 1669 2898 1728 paruerunt,
2926 1671 2977 1714 et
3008 1661 3156 1728 regni
3182 1662 3418 1716 caelestis

1852 1748 2220 1802 haereditatem
2311 1757 2654 1817 acceperunt.
2720 1748 2920 1802 Eorum
2981 1751 3123 1804 enim
3192 1751 3420 1819 quisque

1852 1848 2010 1894 aetate
2041 1853 2138 1892 sua
2169 1838 2438 1907 perfectus
2472 1837 2571 1892 fuit
2601 1840 2890 1893 charitate.
2923 1840 2989 1893 Et
3027 1841 3242 1894 nomina
3279 1842 3421 1908 ipso-

1851 1943 1970 1981 rum
2013 1926 2156 1981 nulla
2203 1943 2436 1998 unquam
2472 1929 2670 1984 delebit
2700 1931 2922 1986 oblivio.
2959 1929 3208 2000 Figuram
3237 1932 3419 1984 dilecti

1852 2016 2016 2071 lacob
2049 2015 2412 2086 suscipiamus
2436 2056 2453 2082 ,
2496 2019 2585 2087 qui
2636 2020 2950 2088 parentibus
2979 2020 3094 2072 suis
3125 2022 3420 2073 secundum

1855 2108 2018 2160 Deum
2033 2108 2084 2160 in
2098 2109 2344 2162 omnibus
2365 2108 2621 2164 obedivit.
2641 2109 2762 2176 Qui,
2785 2120 3001 2178 accepta
3027 2110 3419 2172 benedictione,

1853 2199 2020 2253 voluit
2049 2199 2104 2253 in
2136 2199 2576 2267 Mesopotamiam
2614 2202 2902 2269 proﬁcisci.
2935 2212 2989 2254 ut
3018 2203 3119 2255 sibi
3151 2202 3286 2254 ﬁlios
3315 2202 3423 2255 illic

1859 2299 2193 2357 procrearet.
2252 2288 2438 2358 Neque
2495 2291 2638 2345 enim
2696 2292 2834 2345 ﬁlios
2878 2293 3097 2361 gignere
3145 2291 3310 2345 voluit
3355 2307 3421 2346 ex

1857 2381 2067 2435 ﬁliabtts
2111 2381 2586 2444 Chananteorum,
2639 2383 2731 2450 qui
2783 2397 2903 2436 cum
2951 2383 3263 2452 parentibus
3312 2383 3424 2436 suis

1857 2473 2266 2525 contenderant.
2315 2471 2466 2524 Tunc
2497 2482 2746 2540 suscepto
2783 2471 2972 2524 baculo
3013 2481 3067 2524 et
3111 2469 3214 2526 uici
3264 2469 3424 2526 lenti-

1855 2561 1997 2623 cula,
2026 2560 2170 2613 venit
2202 2560 2253 2612 in
2290 2559 2460 2612 locum
2495 2560 2704 2622 Bethel,
2737 2561 2876 2628 quod
2910 2560 3177 2628 signiﬁcat
3214 2561 3426 2614 domum

1860 2649 1971 2712 Dei,
2011 2659 2065 2702 ct
2092 2650 2160 2702 ibi
2192 2649 2461 2705 dormivit.
2493 2649 2729 2720 viditque
2758 2660 2913 2705 noctu
2945 2651 3236 2704 secundum
3273 2651 3426 2719 quie—

1859 2753 1961 2797 tem
1994 2742 2214 2808 ﬁgurant
2251 2741 2410 2794 scala:
2437 2742 2502 2794 de
2531 2742 2668 2795 coelo
2714 2742 2766 2795 in
2795 2751 2994 2796 terram
3027 2756 3194 2809 usque
3222 2742 3419 2808 pertin-

1858 2835 2065 2902 gentis,
2097 2841 2150 2886 et
2189 2833 2405 2899 angelos
2439 2831 2528 2886 Dei
2565 2845 2660 2900 per
2702 2845 2819 2886 eam
2853 2831 3207 2885 ascendentes
3235 2845 3300 2884 ac
3333 2831 3428 2883 de»

1860 2923 2212 2986 scandentes;
2249 2922 2503 2976 Dominus
2535 2929 2712 2975 autem
2741 2930 2794 2974 et
2816 2921 2976 2975 scalae
3006 2921 3329 2975 innitebatur
3359 2921 3425 2973 η.

1863 3011 1984 3064 "tu:
2007 3011 2172 3078 ﬁgura
2197 3009 2534 3064 demonstrat
2575 3010 2649 3063 illi
2675 3011 2764 3078 qui
2792 3011 2897 3065 Deo
2927 3010 3113 3078 incipit
3143 3010 3427 3073 inservire,

1861 3101 1914 3155 in
1972 3101 2236 3170 principio
2291 3101 2507 3169 quidem
2557 3103 2818 3155 virtutum
2867 3102 3100 3170 speciem
3143 3115 3424 3168 apparere,

1864 3207 1996 3260 quas
2028 3191 2128 3245 nisi
2157 3187 2444 3260 diligenter
2475 3192 2794 3257 excoluerit,
2827 3193 2892 3245 ad
2925 3193 3090 3246 Deum
3134 3207 3237 3246 non
3273 3201 3429 3260 pote-

1865 3283 1934 3336 rit
1957 3283 2256 3351 pervenire.
2291 3283 2539 3338 Surrexit
2585 3293 2763 3338 autem
2794 3282 2979 3347 Jacob,
3021 3293 3075 3338 et
3104 3283 3277 3337 imdus
3305 3297 3428 3336 cum

1867 3372 1973 3425 Deo
2009 3373 2308 3436 percussit,
2347 3379 2406 3424 ut
2434 3381 2578 3426 esset
2601 3387 2797 3427 servus
2822 3371 2968 3438 ejus,
3004 3380 3058 3425 et
3091 3371 3434 3426 conﬁrmavit

1861 3478 1982 3517 eum
2031 3463 2198 3525 Deus,
2230 3462 2366 3532 Ego,
2412 3463 2678 3530 inquiens,
2724 3478 2811 3515 era
2860 3472 3026 3514 tecum
3072 3468 3120 3513 et
3172 3469 3220 3513 te
3255 3469 3432 3512 custo-

1861 3555 2003 3606 diam
2033 3553 2099 3607 “.
2137 3552 2288 3607 Tunc
2325 3554 2376 3606 in
2430 3552 2870 3621 Mesopotamiam
2920 3550 3228 3620 prolectus,
3259 3559 3316 3602 ut
3359 3549 3430 3602 ibi

1863 3659 2084 3699 uxorem
2117 3643 2363 3709 duceret,
2388 3658 2508 3698 cum
2537 3642 2736 3697 Rachel
2757 3642 2980 3696 vidisset
3001 3641 3161 3694 ﬁliam
3184 3639 3434 3693 avunculi

1863 3735 1966 3798 sui,
1992 3734 2180 3789 dilexit
2206 3749 2351 3799 eam,
2374 3742 2429 3788 et
2451 3743 2655 3801 septem
2689 3747 2858 3786 annos
2878 3732 3102 3788 servivit
3128 3741 3344 3800 propter
3371 3729 3436 3783 il-

1864 3826 1990 3879 lam.
2023 3825 2341 3894 Quanquam
2370 3838 2475 3879 non
2515 3823 2667 3892 prius
2698 3822 2747 3876 ei
2779 3821 2905 3876 data
2937 3821 3059 3886 iuit,
3087 3835 3249 3890 quam
3283 3819 3434 3873 Liam

1870 3931 2092 3971 uxorem
2142 3917 2432 3984 acciperet.
2462 3915 2529 3968 Et
2566 3912 2766 3969 Rachel
2791 3921 2908 3968 erat
2933 3912 3152 3968 sterilis.
3197 3911 3438 3981 Mesopo-

1868 4009 2032 4063 tamia
2074 4022 2269 4062 nomen
2297 4022 2362 4061 ex
2398 4021 2464 4062 eo
2494 4006 2689 4061 sortita
2722 4013 2826 4073 est,
2853 4005 2996 4075 quod
3030 4004 3100 4059 sit
3135 4003 3274 4058 inter
3303 4002 3438 4056 duos

1866 4098 2055 4153 ﬂuvios
2105 4097 2234 4164 sita,
2289 4111 2481 4166 nempe
2536 4096 2679 4151 inter
2727 4095 2928 4166 Tigrim
2968 4101 3023 4149 et
3080 4093 3434 4162 Euphratem.

1867 4189 2023 4243 Prior
2063 4188 2262 4241 labitttr
2307 4203 2338 4241 e
2387 4186 2604 4255 regione
2647 4186 3018 4255 Assyriorum,
3047 4181 3183 4235 alter
3227 4180 3437 4234 initium

1873 4295 1978 4333 non
2011 4279 2199 4344 habet,
2232 4278 2327 4332 sed
2375 4277 2573 4330 dicitur
2613 4273 2783 4328 ﬂuens
2811 4273 2866 4328 in
2916 4273 3216 4326 latitudine.
3264 4270 3441 4339 Tigris

1869 4379 1952 4424 est
1993 4369 2259 4435 discretio,
2303 4365 2602 4436 Euphrates
2649 4374 2823 4418 autem
2869 4363 3157 4416 humilitas.
3194 4360 3284 4415 Lia
3316 4374 3442 4415 cor—

1870 4462 2016 4532 poris
2044 4460 2282 4515 laborum
2306 4467 2488 4528 typum
2516 4457 2682 4528 gerit;
2714 4454 2910 4510 Rachel
2937 4464 3114 4509 autem
3144 4468 3284 4507 vera:
3311 4467 3442 4507 con-

195 4555 436 4619 sentiat,
479 4555 640 4609 tradit
681 4569 802 4608 eum
857 4550 1090 4605 inimicis
1125 4550 1314 4617 ipsius-
1358 4547 1560 4601 Μείνοο
1599 4545 1767 4601 05835
1807 4569 1848 4625 υ
1880 4550 2265 4622 templationis.
2297 4549 2422 4604 llaec
2455 4547 2656 4602 homini
2686 4547 3000 4614 contingunt
3044 4545 3094 4598 in
3139 4543 3443 4613 MeSOpota-

193 4649 584 4703 commiserans
620 4644 871 4715 Ephraim
896 4680 912 4706 ,
953 4641 1165 4694 dicebat
1188 4657 1202 4694 :
1227 4637 1493 4709 Oppressit
1528 4637 1770 4691 adversa-

197 4740 338 4792 rium
371 4752 544 4802 suum,
568 4746 614 4789 et
648 4730 1269 4799 conculcavitjudicinm.
1321 4727 1566 4792 Qumsivit
1597 4726 1769 4796 Egy-

195 4839 382 4897 ptum,
437 4840 482 4880 et
535 4827 583 4880 vi
638 4825 826 4878 ductus
873 4832 947 4876 est
992 4821 1060 4873 ad
1097 4820 1340 4889 Assyrios
1365 4819 1430 4871 ⁸ο.
1478 4817 1768 4888 Aﬂgyptum

197 4920 418 4989 quierit,
446 4919 534 4987 qui
565 4919 743 4972 carnis
772 4915 884 4969 vult
915 4913 1093 4966 facere
1123 4910 1471 4963 voluntatem.
1497 4907 1559 4962 Vi
1593 4919 1768 4961 autem

199 5013 419 5069 ducitur
450 5011 514 5064 ad
549 5008 818 5079 Assyrios,
844 5022 965 5061 cum
997 5003 1078 5058 vel
1102 5003 1310 5066 volens,
1341 5001 1423 5054 vel
1451 5001 1651 5055 invitus
1677 4999 1774 5053 ini-

201 5105 363 5158 micis
394 5102 578 5156 servit.
611 5098 840 5169 Operam
874 5097 1082 5158 demus,
1117 5095 1314 5148 fratres
1349 5093 1678 5158 cltarissitni,
1707 5107 1775 5145 ne

203 5197 258 5251 in
293 5209 485 5249 manus
519 5191 810 5247 voluntatis
841 5199 1038 5242 nostrze
1069 5184 1360 5240 secundum
1390 5196 1608 5236 carnem
1646 5181 1778 5236 inci-

199 5290 418 5349 damus,
451 5303 516 5339 ne
542 5285 780 5352 captivos
817 5296 912 5335 nos
943 5281 994 5334 in
1025 5279 1299 5346 Assyriam
1329 5274 1519 5336 ducat;
1551 5288 1647 5326 nos
1679 5287 1776 5325 au-

200 5391 312 5435 tem
353 5374 546 5428 acerba
588 5373 675 5426 illa
711 5372 872 5425 verba
905 5368 1186 5422 audiamus
1233 5382 1248 5418 :
1299 5362 1448 5416 Venit
1483 5376 1575 5414 rex
1619 5360 1778 5430 Assy-

200 5474 406 5525 riorum
433 5467 488 5518 in
521 5475 712 5517 terram
756 5459 960 5522 Israel,
994 5469 1040 5513 et
1077 5458 1305 5524 captivos
1343 5455 1493 5508 duxit
1525 5453 1781 5521 Ephraim

1883 4642 1987 4696 mia
2023 4640 2406 4707 comtnoranti,
2431 4647 2490 4692 ut
2517 4653 2638 4692 cum
2665 4638 2990 4692 discretione
3017 4637 3228 4691 labores
3253 4649 3444 4701 corpo-

1884 4747 2005 4786 reos
2047 4730 2346 4799 suscipiat,
2395 4729 2592 4799 quibus
2629 4729 2813 4782 hostes
2853 4727 3099 4798 Assyrios
3143 4727 3352 4791 vincat,
3389 4733 3446 4779 et

1837 4876 1842 4882 .
1881 4839 2004 4878 cum
2047 4819 2350 4878 humilitate
2383 4820 2450 4874 ad
2483 4833 2668 4874 veram
2710 4817 3216 4886 contemplationem
3256 4829 3446 4885 perve-

1881 4915 2013 4969 niui.

1958 5000 2028 5056 Χ.
2065 4998 2327 5055 σπείρωσι
2369 4999 2565 5056 Rachel
2617 4995 2756 5051 ﬁlios
2788 5011 2888 5050 non
2919 4994 3133 5065 genuit,
3161 5006 3445 5064 antequam

1887 5100 2103 5160 pareret
2132 5089 2248 5152 Lia,
2281 5098 2336 5145 et
2366 5087 2535 5144 Jacoh
2574 5088 2685 5156 ipse
2719 5087 2967 5141 serviret.
3000 5085 3076 5140 Ex
3116 5101 3221 5155 quo
3250 5086 3451 5139 intelli-

1889 5181 2064 5249 gimus
2110 5181 2415 5244 hominem,
2460 5179 2562 5233 nisi
2612 5179 2762 5247 prius
2806 5177 3018 5232 labores
3046 5177 3099 5230 in
3141 5176 3451 5230 excolendis

1889 5273 2174 5326 virtutibus
2217 5269 2524 5341 protulerit,
2564 5285 2668 5323 non
2701 5284 2857 5338 posse
2893 5271 2959 5322 ad
3000 5281 3138 5320 verae
3168 5266 3453 5334 perfectio.

1888 5364 1972 5419 nis
2001 5364 2306 5418 libertatem
2328 5363 2589 5432 aspirare.
2621 5360 2828 5416 Uxores
2851 5367 3005 5414 erant
3034 5359 3205 5411 ambte
3233 5359 3450 5426 quidem

1887 5455 2072 5519 lacob,
2098 5454 2190 5508 sed
2223 5454 2310 5508 ille
2339 5455 2511 5522 magis
2551 5451 2754 5506 Rachel
2783 5464 2944 5520 quam
2982 5447 3133 5502 Liam
3163 5448 3448 5516 diligebat;

201 5571 251 5615 et
298 5553 475 5611 Israel
502 5554 552 5607 in
588 5553 868 5621 Assyrios;
909 5559 952 5601 et
991 5549 1157 5617 posuit
1201 5562 1288 5598 eos
1319 5545 1472 5614 juxta
1521 5541 1704 5596 Eleam
1734 5552 1783 5597 et
1813 5529 1816 5532 ﬁ
1891 5544 2143 5615 quoniam
2180 5542 2278 5597 Lia
2307 5543 2461 5614 lippis
2492 5552 2604 5597 erat
2637 5539 2826 5606 oculis,
2865 5537 3058 5592 Rachel
3092 5538 3281 5591 decora
3317 5536 3454 5604 facie

323 5768 366 5798 "
405 5761 553 5820 Psal.
594 5775 759 5824 chtt,
785 5759 838 5814 9.
919 5758 962 5789 "‘
1003 5756 1142 5810 Psal.
1177 5773 1266 5818 XL,
1305 5757 1358 5809 5.

205 5833 254 5869 ⁸⁶
294 5835 436 5894 Osee
486 5847 598 5897 \tt,
646 5831 731 5886 11.
829 5830 875 5862 ’ί
919 5828 984 5884 ιν
1026 5829 1158 5896 lleg.
1202 5842 1346 5890 xvu,
1388 5824 1443 5889 Ο,
1481 5824 1569 5890 24,
1611 5825 1700 5879 ‘25.

1439 5756 1478 5785 ’⁷
1524 5755 1661 5808 Psal.
1703 5750 2003 5814 “vnum.

1805 5826 1850 5856 ιι
1890 5820 2026 5876 Gen.
2069 5834 2261 5885 xxvm,
2307 5819 2328 5872 1
2375 5831 2494 5886 5ί1(1·

2115 5750 2155 5781 ’⁸
2207 5747 2347 5802 Psal.
2394 5760 2582 5804 xxxix.
2638 5743 2723 5796 lii.
2806 5743 2848 5775 ¹⁹
2885 5740 3075 5798 Matth.
3119 5754 3168 5804 v,
3218 5735 3310 5802 25,
3350 5732 3445 5790 26.

2115 5834 2261 5868 mn-
2307 5819 2328 5868 1
2375 5831 2494 5868 sua.
2573 5815 2619 5847 ⁸³
2649 5813 2776 5868 ibid.
2824 5812 2912 5868 15.
