3884 6278
456 404 594 460 1119

1607 394 1883 452 PATRES
1919 393 2224 454 ᾸΞΟῩΡΤΙΙ
2262 397 2535 458 SECULI
2577 401 2666 458 iV.

3612 411 3759 465 “20

451 530 504 573 et
528 528 742 571 venusta
773 526 983 583 aspectu
1009 516 1076 569 “.
1103 513 1307 569 Prioris
1331 515 1516 567 uxoris
1547 512 1688 567 oeuli
1720 512 1848 583 lippi
1880 511 2052 582 signi-
2078 511 2126 569 A
2153 523 2488 585 conaturque
2516 517 2582 571 ad
2619 516 2847 587 pristina
2874 529 3095 588 peccata
3133 520 3395 576 reducere
3427 539 3445 578 :
3478 524 3578 577 sed
3605 525 3760 580 illam

454 610 622 667 ticant
653 608 924 663 hominem
966 609 1091 662 dum
1134 608 1187 662 in
1223 607 1470 676 corporis
1505 606 1782 662 laboribus
1813 620 2041 673 occupa-

457 711 580 765 tur,
625 699 860 753 nondum
906 713 1090 753 veram
1137 698 1653 767 contemplationem
1689 697 1911 752 intueri.
1946 695 2040 754 lu-

455 791 789 847 tertnittendi
823 802 953 846 sunt
990 791 1174 862 igitur.
1208 791 1468 858 Quamvis
1497 792 1642 845 enim
1682 790 1898 860 paulum
1929 805 2042 845 ces-

460 881 726 946 saverint,
757 881 979 936 dabitur
1021 892 1199 938 tamen
1233 883 1300 937 ad
1344 884 1464 937 illos
1508 883 1736 938 reditus.
1769 881 2041 937 Praebeth

455 974 603 1027 enim
633 974 751 1029 viro
777 989 875 1028 suo
908 974 1003 1029 Lia
1035 974 1292 1044 Zelpham
1324 974 1601 1038 ancillam,
1625 983 1788 1044 atque
1816 974 1887 1029 ita
1918 990 2041 1029 rur—

456 1082 574 1120 sum
621 1065 820 1121 liberos
868 1066 1045 1132 tollet;
1098 1067 1420 1137 voeabitquc
1464 1081 1661 1121 nomen
1716 1066 1845 1134 ﬁlii,
1882 1066 2038 1134 Aser,

456 1159 599 1228 quod
645 1169 729 1213 est
777 1159 989 1213 (Ιὶυὲιῦω.
1040 1158 1210 1215 Porro
1254 1173 1377 1215 cum
1419 1174 1613 1228 parere
1657 1160 1881 1215 desierit
1923 1160 2039 1226 Lia,

462 1262 587 1307 tunc
626 1251 769 1309 Deus
799 1254 1177 1309 recordabitur
1212 1253 1438 1309 Rachel.
1472 1252 1605 1308 Cum
1638 1253 1802 1324 igitur
1831 1253 2043 1309 labores

457 1346 705 1414 corporis
745 1360 937 1401 sensus
973 1346 1347 1409 edomuerint,
1382 1354 1438 1399 et
1484 1360 1514 1398 a
1551 1344 2045 1414 perturbationibus

458 1434 833 1500 liberaverint,
883 1445 1010 1503 tunc
1054 1450 1183 1490 vera
1212 1436 1602 1504 contemplatio
1649 1436 1821 1505 aperit
1859 1437 2045 1491 animo

461 1527 710 1597 gloriam.
751 1526 831 1582 Ac
876 1529 1091 1583 tametsi
1139 1528 1231 1581 tllii
1264 1527 1373 1582 Liae
1411 1526 1583 1583 Jacob
1626 1536 1783 1583 erant
1822 1527 2040 1595 auxilio,

459 1627 639 1674 tamen
687 1619 919 1674 maxime
966 1623 1204 1674 omnium
1249 1620 1445 1689 Joseph
1487 1622 1762 1689 diligebat.
1812 1620 1870 1676 ld
1925 1629 2037 1688 est,

460 1709 710 1777 quamvis
747 1712 991 1779 corporis
1018 1711 1229 1766 labores
1260 1714 1328 1766 ab
1357 1712 1581 1767 inimico
1621 1713 1894 1768 hominem
1933 1712 2029 1766 de-

462 1798 705 1867 fendant,
750 1809 927 1858 tamen
973 1818 1100 1857 vera
1132 1803 1519 1875 contemplatio
1574 1804 1853 1875 coniungit
1892 1803 2039 1859 illum

463 1905 585 1944 cum
621 1892 749 1946 Deo.
789 1892 1148 1963 Posteaquam
1192 1896 1321 1949 vidit
1367 1896 1597 1965 Joseph,
1639 1896 1836 1950 reverti
1873 1895 2040 1950 voluit

460 1983 530 2036 ad
565 1995 817 2051 parentes
843 2000 997 2053 suos,
1026 2002 1148 2039 cum
1180 1987 1365 2056 utique
1388 1987 1490 2042 sibi
1513 2002 1636 2041 eum
1669 1996 1859 2041 natum
1884 2000 2041 2055 aspe-

460 2073 654 2141 xisset,
694 2074 786 2144 qui
819 2090 911 2130 rex
945 2076 1081 2132 foret
1116 2077 1262 2132 inter
1288 2078 1485 2134 fratres
1515 2093 1662 2135 suos.
1692 2078 1826 2133 Cum
1856 2085 2038 2133 autem

461 2164 593 2219 dicit
621 2173 916 2220 torrentem
940 2164 1106 2222 Jacob
1128 2181 1317 2222 omnes
1344 2181 1474 2223 suas
1501 2167 1688 2237 capias
1731 2166 2039 2236 traiecisse,

463 2256 746 2323 solumque
807 2258 1171 2324 remansisse,
1232 2267 1287 2314 et
1335 2258 1731 2314 benedictionis
1781 2260 2039 2328 gaudium

462 2349 794 2416 percepisse,
834 2348 1050 2403 dicente
1084 2349 1312 2405 Domino
1346 2368 1361 2405 :
1408 2348 1534 2405 Non
1580 2351 1681 2406 erit
1719 2351 1813 2405 tibi
1854 2367 2040 2405 nomen

459 2437 626 2490 Jacob
650 2476 665 2500 ,
692 2439 781 2491 sed
815 2438 985 2493 Israel
1010 2440 1080 2505 ’⁸,
1110 2438 1276 2495 Jacob
1306 2442 1609 2511 appellatus
1637 2451 1752 2507 est,
1784 2442 2038 2512 quoniam

463 2528 862 2597 supplantavit,
917 2532 1093 2599 quood
1146 2531 1527 2588 benedictione
1571 2533 1764 2601 dignos
1804 2530 2042 2589 eil'ectus

462 2629 579 2682 est,
613 2630 668 2674 et
710 2632 905 2676 sensus
957 2635 1086 2676 suos
1130 2622 1387 2685 servavit,
1439 2622 1530 2693 qui
1579 2633 1735 2678 erant
1786 2624 1837 2678 in
1877 2638 2040 2679 manu

465 2707 694 2763 inimici.
742 2709 1099 2779 Posteaquam
1155 2713 1318 2782 igitur
1356 2713 1567 2767 liberati
1624 2721 1773 2778 sunt,
1815 2725 2041 2768 vocatus

465 2806 551 2851 est
585 2798 769 2863 Israel,
813 2800 913 2854 hoc
950 2809 1036 2855 est
1072 2814 1217 2855 mens
1243 2800 1412 2855 Deum
1439 2801 1640 2856 videns.
1672 2799 1883 2857 Etenim
1918 2816 2040 2856 eum

465 2902 533 2942 eo
563 2891 872 2957 pervenerit
912 2905 1098 2954 mens,
1130 2900 1188 2943 ut
1212 2889 1524 2945 Divinitatis
1569 2890 1798 2961 gloriam
1839 2891 2041 2955 videat,

465 2979 726 3034 metuitur
752 2980 820 3034 ab
850 2979 1089 3037 inimico.
1130 2982 1390 3048 Quamvis
1424 2982 1588 3053 igitur
1630 2982 1814 3036 veniat
1853 2980 1907 3034 in
1952 2994 2042 3035 oc-

465 3085 682 3125 cursum
712 3071 830 3142 cjus
862 3072 999 3126 Esau
1039 3086 1163 3126 cum
1201 3074 1516 3137 acerbitate,
1566 3072 1843 3131 humilitas
1875 3070 2044 3127 Jacob

468 3162 766 3230 exstinguit
793 3162 1050 3217 malitiam
1078 3164 1269 3232 ipsius,
1299 3179 1398 3220 nec
1427 3165 1496 3220 ab
1520 3178 1583 3218 eo
1607 3164 1837 3235 amplius
1868 3179 2042 3234 oppu-

467 3261 685 3321 gnatur.
719 3252 870 3320 Quod
902 3255 948 3310 si
976 3254 1152 3309 adhuc
1196 3256 1385 3310 saeviat
1422 3255 1699 3320 inimicus,
1745 3256 1961 3327 proiicit
1992 3256 2043 3310 in

466 3350 757 3412 conspectu
794 3342 908 3399 Dei.
944 3345 1009 3399 Et
1043 3360 1165 3401 eum
1196 3345 1285 3400 ille
1313 3362 1565 3416 magnam
1599 3348 1777 3402 videat
1818 3346 2045 3417 gloriam

463 3449 630 3504 quam
659 3439 888 3504 accepit,
923 3435 973 3491 ei
1000 3437 1110 3492 vim
1141 3437 1337 3493 alierre
1365 3452 1473 3494 non
1503 3447 1700 3508 potest.
1730 3438 1873 3493 Deus
1900 3438 2043 3493 enim

467 3526 546 3580 illi
580 3527 900 3597 opitulatur,
932 3530 1074 3586 sicut
1110 3531 1371 3601 scriptum
1402 3539 1488 3587 est
1518 3550 1532 3586 :
1565 3529 1835 3586 Revertere
1857 3532 1914 3586 in
1943 3543 2046 3586 ter-

468 3633 585 3671 ram
618 3620 969 3686 generationis
1000 3632 1134 3687 tuae,
1164 3632 1212 3677 et
1244 3639 1333 3677 ero
1361 3635 1527 3677 tecum
1556 3624 1623 3681 “.
1666 3624 1861 3679 Postea
1899 3623 2048 3679 venit

468 3711 524 3763 in
556 3710 733 3765 Salem
759 3752 772 3777 ,
805 3722 857 3765 el
883 3712 1015 3768 emit
1054 3713 1125 3767 ibi
1171 3728 1394 3783 agrum,
1442 3724 1498 3769 et
1541 3710 1833 3769 aedificavit
1873 3715 2046 3769 altare

470 3799 602 3854 Deo.
637 3800 820 3856 Salem
852 3813 936 3855 est
962 3817 1087 3870 pax.
1131 3801 1265 3857 Cum
1308 3804 1451 3857 enim
1485 3804 1643 3858 homo
1677 3805 1872 3859 bellum
1917 3820 2044 3860 eva-

468 3889 626 3950 serit,
658 3888 713 3943 in
745 3904 853 3957 quo
882 3888 1124 3945 defendit
1153 3906 1275 3946 eum
1320 3891 1459 3947 Deus
1479 3935 1494 3960 ,
1543 3894 1688 3949 venit
1727 3896 1792 3949 ad
1834 3910 2044 3965 pacem,

468 3988 523 4034 et
577 3979 863 4035 duodecim
916 3981 1186 4051 lapidibus
1226 3982 1399 4037 altare
1442 3984 1753 4048 constituit,
1790 3994 1845 4040 et
1891 3978 2048 4042 oil‘ert

470 4083 633 4137 super
664 4069 754 4125 illo
785 4085 852 4125 ex
892 4070 1165 4126 laboribus
1194 4062 1473 4128 servitutis
1508 4089 1669 4142 quam
1706 4075 1762 4129 itt
1803 4073 2047 4145 Mesopo-

472 4164 635 4216 tamia
683 4163 945 4229 servivit,
993 4164 1046 4219 in
1103 4165 1449 4236 possessione
1497 4180 1659 4236 quam
1707 4168 1945 4237 possedit
1992 4168 2044 4224 in

469 4264 612 4310 terra
653 4257 1050 4325 promissionis.

537 4345 631 4401 XI.
665 4344 814 4400 Talis
851 4347 951 4401 fuit
984 4356 1040 4402 et
1067 4347 1296 4405 dilectus
1335 4349 1444 4406 Deo
1474 4351 1666 4419 Moses,
1705 4367 1825 4407 cum
1861 4350 2048 4406 eduxit

470 4437 725 4506 populum
767 4451 832 4493 ex
876 4437 1128 4509 Egypto,
1160 4456 1392 4512 eumque
1433 4444 1498 4500 de
1539 4460 1700 4500 manu
1746 4443 2045 4499 Pharaonis

469 4527 752 4593 liberavit,
812 4531 1130 4601 trajecitque
1184 4531 1425 4588 Rubrum
1494 4550 1644 4590 mare
1695 4545 1751 4591 et
1804 4536 2047 4592 onmium

472 4620 711 4675 hostium
741 4636 960 4677 suorum
1002 4636 1232 4680 mortem
1274 4628 1577 4696 conspexit,
1607 4637 1664 4683 et
1713 4628 1858 4683 misit
1885 4627 2050 4685 Josue

468 4721 531 4765 ut
576 4713 833 4782 perderet
876 4715 1120 4771 Amalec.
1168 4715 1287 4787 [pse
1333 4734 1458 4773 vero
1498 4720 1551 4773 in
1596 4721 1804 4774 'moutis
1848 4721 2049 4775 vertice

468 4806 751 4871 constitit;
791 4816 849 4862 et
891 4824 1089 4863 manus
1126 4807 1243 4877 ejus
1272 4808 1341 4865 ab
1379 4811 1561 4864 Aaron
1603 4820 1658 4863 et
1699 4810 1775 4867 0r
1811 4811 2047 4866 sustine-

468 4895 689 4960 bantur,
730 4912 799 4952 ne
846 4912 913 4952 ex
957 4900 1137 4955 crucis
1178 4902 1360 4970 specie
1397 4903 1451 4956 itt
1499 4918 1606 4971 qua
1656 4912 1813 4957 erant
1844 4906 2049 4959 consti-

471 4996 620 5053 tutae,
648 4986 976 5047 deciderent.
1008 4990 1075 5045 Et
1105 5007 1357 5048 reversus
1378 5003 1464 5048 est
1489 4991 1655 5049 Josue
1678 5009 1800 5049 cum
1830 4994 2048 5065 gaudio,

471 5080 648 5137 deleto
688 5084 928 5140 Amalec.
964 5083 1119 5139 Tunc
1162 5100 1325 5155 super
1371 5096 1553 5141 monte
1593 5085 1874 5141 duodecim
1914 5086 2051 5155 lapi-

472 5172 630 5228 dibus
682 5174 850 5229 altare
886 5176 1212 5247 construxit,
1245 5184 1293 5232 et
1339 5177 1502 5231 monti
1545 5192 1732 5231 nomen
1780 5177 2047 5246 imposuit,

471 5260 729 5318 Dominus
748 5265 1006 5337 refugium
1021 5283 1191 5323 meum
1203 5268 1271 5334 ’⁷,
1290 5266 1413 5338 quia
1434 5281 1594 5321 manu
1610 5268 1819 5323 occulta
1842 5283 2049 5339 pugna-

469 5354 702 5411 vitDeus
729 5373 848 5413 cum
864 5358 1106 5416 Amalec.
1147 5360 1368 5416 Amalec
1409 5358 1678 5431 significat
1706 5361 1965 5415 acediam.
1991 5361 2047 5416 Si

471 5448 613 5504 enim
649 5453 873 5522 cmperit
905 5454 1065 5508 homo
1087 5469 1152 5508 ex
1181 5454 1547 5510 voluntatibus
1569 5455 1681 5510 suis
1709 5453 1967 5526 eﬂ'ugere,
1994 5463 2049 5510 et

473 5540 541 5595 ad
572 5539 738 5596 Deum
771 5542 1098 5616 confugerit,
1128 5546 1313 5603 aeedia
1349 5545 1402 5601 in
1444 5544 1635 5616 primis
1664 5561 1787 5601 eum
1818 5546 2044 5615 invadit,

546 5722 755 5797 “Gen,
794 5727 1038 5797 χχιχΛἹ.
1145 5731 1191 5762 ⁸⁵
1232 5730 1368 5786 Gen.
1422 5746 1601 5797 χχχιι,
1642 5733 1732 5787 28.

482 5804 636 5861 seqq.
712 5793 759 5828 ³⁸
792 5795 927 5851 ibid.
957 5796 1048 5853 25.
1126 5799 1172 5832 ³⁸
1199 5799 1342 5857 Psal.
1370 5817 1556 5871 cxxvt,
1586 5793 1638 5871 i,
1670 5804 1725 5857 2.

1841 5734 1887 5767 “
1935 5732 2050 5790 Gen

2144 608 2355 678 repellit
2373 609 2586 664 assidua
2606 624 2726 664 cum
2746 608 2857 666 Deo
2874 610 3077 666 familia
3087 612 3238 679 ritas,
3255 626 3423 683 quam
3445 624 3761 686 temperan-

2144 702 2215 756 tia
2241 702 2430 773 gignit,
2458 703 2871 773 temperantiam
2889 716 3050 774 porro
3072 706 3314 775 corporis
3329 704 3566 762 alliictio
3592 711 3761 777 parit.

2143 793 2239 849 llis
2269 795 2566 850 rationibus
2593 794 2752 851 Israel
2784 795 3067 851 liberatur.
3096 798 3161 852 Et
3188 807 3312 853 tunc
3338 800 3517 855 homo
3549 803 3763 870 gratias

2143 887 2254 957 agit
2267 887 2376 943 Deo
2394 904 2406 940 :
2424 886 2556 958 Ego,
2576 887 3098 959 inquietts,inﬁrmus
3109 902 3225 943 sum
3242 898 3295 944 et
3310 888 3761 951 itttbecillus,sed

2145 986 2199 1031 tu
2226 978 2441 1049 adjutor
2462 994 2614 1034 meus
2630 994 2659 1033 a
2682 979 3032 1050 generatione
3054 979 3105 1033 in
3128 978 3568 1048 generationem.
3602 978 3763 1036 Talis

2146 1070 2247 1126 fuit
2276 1081 2331 1126 ct
2365 1085 2593 1141 magnus
2626 1072 2885 1142 propheta
2926 1070 3106 1135 Elias.
3142 1072 3231 1141 qui
3268 1086 3467 1126 omnes
3507 1073 3758 1140 turpitu-

2144 1163 2290 1219 dinis
2332 1166 2626 1233 prophetas
2661 1164 2762 1219 sibi
2799 1163 3153 1218 adversantes
3192 1163 3377 1218 delere
3419 1178 3536 1217 non
3575 1165 3762 1232 potuit

2144 1256 2294 1325 prius
2336 1268 2497 1323 quam
2529 1253 2810 1309 duodecim
2860 1251 3127 1322 lapidibus
3165 1252 3336 1307 altare
3360 1262 3759 1319 construeret,

2144 1355 2199 1402 et
2229 1346 2391 1418 lignis
2428 1348 2702 1418 congestis
2749 1360 2944 1416 aquam
2987 1344 3328 1410 infunderet,
3379 1354 3437 1398 et
3489 1355 3757 1400 sanctum

2145 1439 2477 1494 sacrificium
2507 1439 2810 1509 imponeret
2846 1438 2914 1492 “.
2950 1437 3017 1492 Et
3048 1437 3189 1508 ignis
3215 1437 3433 1491 divinus
3475 1451 3760 1491 consum-

2147 1529 2254 1599 psit
2282 1527 2473 1591 altare,
2515 1536 2572 1583 et
2603 1542 2722 1596 qua:
2755 1542 2918 1597 super
2957 1528 3111 1581 altari
3142 1534 3301 1580 erant
3345 1527 3559 1596 posita.
3592 1526 3755 1582 Tunc

2148 1612 2399 1667 fiduciam
2434 1611 2666 1681 sumpsit
2693 1622 2882 1666 contra
2914 1611 3254 1666 adversarios
3295 1624 3464 1676 suos,
3523 1620 3585 1665 et
3624 1627 3754 1666 eum

2144 1718 2241 1760 eos
2277 1703 2343 1758 ad
2379 1703 2814 1758 internecionem
2850 1715 3020 1770 usque
3053 1701 3358 1763 delevisset,
3387 1702 3610 1771 gratias
3640 1704 3757 1772 egit

2149 1795 2257 1850 Deo
2284 1814 2298 1849 :
2321 1793 2425 1861 Tu,
2454 1794 2722 1864 inquiens,
2755 1795 2809 1848 in
2844 1794 2929 1849 bis
2958 1794 3207 1848 omnibus
3227 1807 3306 1848 es.
3339 1791 3634 1863 Scriptum
3667 1804 3757 1849 est

2145 1888 2288 1943 enim
2335 1903 2460 1942 eum
2514 1890 2655 1942 inter
2691 1901 2862 1957 genua
2913 1901 3009 1941 sua
3066 1886 3255 1940 faciem
3302 1887 3585 1956 posuisse.
3632 1886 3751 1942 Nisi

2140 1980 2285 2037 enim
2340 1992 2495 2033 mens
2523 1977 2812 2048 diligenter
2849 1974 2989 2030 inter
3026 1990 3215 2030 sensus
3253 1989 3383 2029 suos
3414 1974 3493 2028 sit
3524 1978 3750 2030 consti-

2144 2076 2287 2136 tuta,
2316 2078 2371 2123 et
2418 2069 2600 2124 sobria
2650 2077 2905 2137 castaque
2951 2067 3132 2139 vigilet
3182 2068 3431 2134 assidue,
3466 2079 3750 2123 aeternam

2142 2175 2249 2216 non
2295 2162 2605 2229 assequitur
2642 2158 2992 2223 felicitatem,
3025 2174 3144 2228 quae
3182 2160 3323 2214 hanc
3371 2159 3451 2214 illi
3507 2161 3751 2230 gloriam

2141 2249 2319 2306 affert.
2350 2249 2418 2304 Et
2441 2250 2484 2305 si
2532 2250 2780 2304 minister
2807 2249 2938 2304 Elite
2970 2250 3283 2320 prospiciat,
3329 2260 3386 2306 et
3428 2251 3650 2306 nullum
3681 2268 3753 2308 ex

2144 2353 2351 2413 septem
2377 2342 2524 2397 vitiis
2548 2354 2876 2411 consurgere
2910 2342 3109 2405 videat,
3140 2351 3266 2398 tunc
3295 2344 3472 2397 cernit
3502 2358 3749 2412 parvam

2142 2437 2339 2491 nubem
2371 2432 2810 2499 instarltominis
2838 2449 2903 2488 ex
2947 2433 3085 2487 mari
3124 2448 3317 2503 aquam
3358 2432 3701 2490 aﬂerentem
3734 2455 3750 2491 :

2143 2527 2287 2598 quod
2323 2525 2588 2596 Spiritum
2623 2529 2874 2581 sanctum
2920 2524 3191 2595 signiﬁcat
3222 2525 3275 2579 in
3316 2524 3508 2580 animo
3549 2538 3752 2582 nostro

2143 2619 2642 2689 eonquiesceutem.
2687 2616 2749 2671 In
2780 2618 2881 2672 hoc
2908 2617 3054 2671 enim
3089 2617 3192 2672 sita
3231 2626 3316 2672 est
3352 2615 3635 2683 felicitas,
3688 2630 3749 2674 ut

2144 2719 2329 2765 nostra
2364 2708 2587 2765 virtutis
2619 2707 2795 2763 studia
2838 2707 3048 2778 integra
3091 2717 3253 2777 atque
3291 2718 3563 2779 perpetua
3600 2712 3741 2776 sint,

2142 2810 2199 2856 et
2227 2813 2294 2855 ne
2324 2807 2662 2855 revertamur
2688 2796 2753 2852 ad
2786 2811 2872 2864 ea,
2907 2810 3138 2867 quorum
3165 2797 3379 2851 veniam
3410 2799 3750 2869 impetravi-

2145 2906 2284 2946 mus.
2322 2889 2390 2945 ἐἰ
2422 2890 2566 2945 enint
2609 2888 2826 2944 labores
2857 2902 2919 2943 ac
2947 2887 3128 2943 studia
3164 2898 3346 2943 nostra
3382 2887 3497 2944 Deo
3532 2888 3751 2946 fuerint

2143 2991 2393 3054 accepta,
2427 2983 2723 3039 adversarii
2759 2983 2929 3038 nostri
2966 2996 3071 3037 non
3114 2990 3369 3051 poterunt
3397 2983 3746 3037 consistere.

2143 3075 2276 3132 Cum
2305 3076 2449 3132 enim
2497 3075 2729 3130 viderint
2775 3060 3039 3128 voluntati
3085 3074 3316 3145 ipsorum
3364 3088 3392 3126 a
3429 3074 3596 3128 nobis
3632 3090 3748 3129 non

2069 3183 2115 3243 ρ
2146 3168 2554 3239 obtemperari,
2605 3176 2736 3223 tunc
2778 3181 2884 3236 per
2920 3180 2978 3222 se
3018 3148 3400 3222 dissolventur.
3437 3163 3748 3229 Invocatt‘,

2148 3261 2354 3331 inquit,
2385 3260 2601 3315 nomina
2644 3259 2861 3313 deorum
2896 3267 3219 3324 vestrorum,
3251 3266 3296 3312 et
3343 3272 3436 3326 ego
3478 3258 3751 3310 invocabo

2148 3368 2335 3407 nomen
2386 3350 2599 3406 Domini
2641 3351 2742 3406 Dei
2791 3351 2926 3414 mei;
2973 3358 3021 3403 et
3057 3349 3347 3420 quicunque
3377 3347 3650 3401 audiverit
3686 3348 3750 3402 in

2147 3445 2286 3513 igne,
2349 3444 2394 3498 is
2443 3443 2544 3498 erit
2600 3441 2860 3497 Dominus
2894 3441 3036 3496 Deus
3093 3441 3159 3495 ”.
3217 3439 3476 3506 Quamvis
3530 3440 3749 3495 animis

2148 3530 2352 3587 nostris
2382 3532 2656 3586 daemones
2699 3539 2990 3599 suggerant
3036 3531 3360 3583 tentationes
3381 3566 3397 3593 ,
3425 3541 3521 3581 eas
3551 3539 3745 3582 tamen

2149 3620 2307 3675 nobis
2336 3620 2520 3674 invitis
2547 3620 2613 3673 ad
2643 3619 2849 3674 exitum
2878 3617 3175 3689 perducere
3203 3623 3495 3687 nequeunt.
3524 3617 3748 3675 Omnes

2148 3712 2224 3766 illi
2256 3710 2472 3781 quidem
2506 3710 2649 3765 vires
2671 3710 2956 3765 conferunt
2983 3724 3111 3765 suas
3143 3726 3162 3775 ;
3196 3710 3290 3766 sed
3318 3723 3413 3765 eos
3442 3722 3549 3763 non
3586 3711 3747 3765 audit

2150 3804 2313 3857 homo
2345 3802 2460 3868 Dei,
2496 3803 2751 3873 quoniam
2779 3802 2846 3857 ab
2874 3801 2979 3858 illis
3001 3801 3259 3857 abhorret
3286 3816 3382 3857 cor
3409 3802 3608 3871 ipsius,
3630 3818 3745 3871 quo

2148 3895 2201 3950 in
2262 3895 2350 3950 Dei
2387 3896 2662 3950 voluntate
2708 3894 3020 3965 requiescit.
3064 3893 3341 3961 Insoeate,
3389 3894 3599 3964 inquit,
3640 3912 3745 3947 no-

2146 3989 2291 4042 mina
2322 3989 2540 4040 deorum
2574 3995 2887 4051 vestrorum,
2923 3995 2971 4040 et
3008 4001 3102 4055 ego
3135 3986 3383 4039 invocabo
3413 3999 3611 4037 nomen
3643 3984 3743 4039 Dei

2148 4081 2267 4134 mei.
2302 4078 2454 4146 Quod
2500 4078 2575 4133 illi
2620 4077 2820 4133 frustra
2857 4078 3121 4133 fecerunt.

2174 4160 2177 4165 ’
2218 4168 2332 4224 ΧΙΙ.
2372 4167 2499 4223 Haec
2524 4169 2594 4223 ad
2640 4168 2925 4223 utilitatem
2974 4175 3224 4222 nostram
3255 4165 3457 4235 scripta
3488 4174 3648 4230 sunt,
3684 4176 3742 4220 ut

2149 4276 2442 4330 sequamur
2495 4274 2681 4315 eorum
2735 4257 2986 4327 vestigia,
3016 4257 3110 4326 qui
3165 4257 3423 4312 virtutum
3449 4256 3642 4311 studio
3675 4259 3743 4311 ad

2147 4348 2459 4404 felicitatem
2491 4349 2901 4404 contenderunt.
2933 4346 3327 4416 Confugiebant
3382 4346 3455 4400 illi
3487 4348 3555 4400 ad
3582 4349 3741 4401 auxi-

2151 4442 2278 4495 lium
2312 4441 2426 4506 Dei,
2456 4442 2509 4496 in
2532 4456 2704 4512 eoque
2730 4455 2854 4510 spes
2884 4454 3010 4495 suas
3039 4453 3232 4494 omnes
3253 4438 3622 4504 collocabant,
3657 4440 3741 4491 ni-

2082 4516 2125 4570 D
2158 4532 2230 4587 hil
2252 4533 2456 4587 viribus
2507 4532 2739 4602 propriis
2766 4516 3120 4586 conii’dentés.
3158 4530 3226 4584 Et
3263 4529 3441 4585 divina
3468 4532 3740 4600 proiectio

2152 4624 2252 4677 fuit
2280 4625 2359 4679 eis
2390 4624 2441 4679 in
2469 4624 2743 4679 civitatem
2770 4624 3050 4677 munitam.
3083 4620 3338 4676 Sciebant
3369 4623 3514 4677 enim
3537 4636 3598 4678 se
3624 4624 3739 4677 sine

2156 4718 2247 4773 Dei
2294 4716 2544 4786 praesidio
2594 4714 2726 4770 nibil
2758 4731 2937 4785 posse.
2991 4716 3253 4771 Dicebant
3281 4732 3404 4769 cum
3433 4716 3738 4770 humilitate

2157 4811 2246 4866 illa
2284 4808 2505 4864 Davidis
2525 4810 2688 4863 verba
2751 4826 2764 4862 :
2802 4809 2924 4863 Nisi
2959 4808 3217 4863 Dominus
3269 4807 3610 4877 azdiﬁeaverit
3646 4810 3735 4861 do-

2150 4919 2316 4968 mum,
2347 4902 2401 4954 in
2424 4917 2614 4956 vanum
2646 4900 3013 4955 laboraverunt
3040 4900 3129 4970 qui
3159 4900 3422 4967 a’diﬁcant
3446 4914 3584 4951 eam.
3616 4896 3735 4950 Nisi

2158 4994 2415 5049 Dominus
2474 4993 2780 5047 custodierit
2839 4993 3117 5054 civitatem,
3157 4995 3357 5061 [rustra
3405 4989 3585 5059 vigilat
3648 4991 3733 5057 qui

2159 5087 2384 5140 custodit
2412 5102 2528 5140 eam
2560 5085 2628 5138 ‘°.
2688 5084 2745 5138 Si
2800 5082 2943 5138 enim
2976 5081 3173 5137 viderit
3199 5081 3341 5135 Deus
3366 5080 3605 5133 animum
3636 5079 3733 5134 sibi

2157 5162 2377 5234 omnino
2398 5193 2518 5233 esse
2543 5176 2868 5248 subjectum,
2904 5188 3080 5244 neque
3111 5175 3166 5226 in
3199 5172 3307 5226 alio
3328 5184 3475 5241 spem
3516 5171 3732 5231 habere.

2156 5270 2446 5327 conﬁrmat
2473 5284 2621 5332 eum,
2674 5267 2861 5322 dicens
2899 5283 2915 5320 :
2967 5262 3051 5319 Nc
3081 5266 3288 5328 timeas,
3340 5262 3419 5330 [ili
3454 5263 3529 5316 mi
3552 5260 3732 5327 Iacob;

2155 5379 2284 5432 puer
2306 5360 2497 5428 Israel,
2529 5377 2591 5415 ne
2618 5362 2827 5429 timeas,
2857 5360 3100 5430 quoniam
3134 5354 3352 5411 liberavi
3382 5366 3453 5421 te,
3490 5363 3542 5407 ct
3568 5370 3729 5408 vocari

2161 5472 2345 5512 nomen
2379 5468 2566 5519 tuum;
2623 5469 2767 5508 meus
2818 5470 2872 5506 es
2906 5461 2982 5505 tu.
3021 5448 3093 5503 Et
3133 5450 3177 5503 si
3213 5465 3306 5518 per
3340 5462 3529 5517 aquam
3565 5456 3724 5501 trans-

2152 5549 2294 5625 ieris,
2339 5556 2506 5600 tecum
2529 5559 2668 5607 sum,
2702 5551 2752 5596 et
2796 5534 2951 5611 ﬂuvii
2975 5547 3025 5594 te
3061 5555 3161 5593 non
3199 5536 3564 5592 intercludent.
3602 5534 3666 5587 Et
3693 5554 3723 5591 ε

2073 1853 2117 1908 Β

2058 5771 2073 5788 .
2114 5732 2369 5800 χχχιίΰ.
2475 5730 2521 5762 ’⁷
2562 5727 2729 5785 Exod.
2778 5740 2909 5795 avn,
2946 5724 3034 5780 15.
3136 5724 3182 5757 ’⁸
3207 5721 3274 5779 lli
3310 5721 3443 5794 Reg.
3482 5737 3635 5781 χνιιι,
3676 5724 3731 5778 ιο
