3884 6278
88 319 229 376 ΗΞΙ

1168 321 1227 375 S.
1271 319 1479 376 ISAIIE
1524 318 1816 378 ABBATIS
1855 321 2274 380 URATIONES.

3238 330 3378 386 “2‘9.

77 456 187 510 per
224 438 400 506 ignem
438 435 732 499 transieris,
769 451 874 489 uou
899 435 1218 490 combureris
1255 453 1273 490 :
1301 439 1518 507 [innima
1549 439 1685 492 enim
1716 443 1763 499 Α
1793 446 1876 495 ter
1907 449 1998 494 aut
2034 438 2200 496 facias
2227 449 2322 494 aut
2354 441 2528 506 dicas,
2555 450 2614 495 ut
2655 456 2717 497 ex
2749 443 3012 500 modestia
3043 447 3380 504 taciturnita-

81 545 201 584 rzou
232 539 417 584 exuret
442 538 490 580 te
523 542 541 580 :
573 527 696 596 quia
722 541 818 596 ego
844 525 1103 581 Dominus
1144 529 1285 583 Deus
1316 541 1436 582 tuus
1458 528 1686 585 Sanctus

80 619 290 682 Israel,
317 617 528 673 salvam
556 627 604 672 te
631 618 697 672 ³¹.
731 618 882 674 lianc
913 633 1096 674 vocem
1126 621 1337 676 animus
1369 621 1416 674 si
1441 623 1692 690 audierit,

81 709 264 765 audet
292 709 553 763 adversus
585 707 852 764 inimicos.
915 708 1044 775 Quis
1079 720 1176 774 est,
1227 711 1500 779 inquiens,
1531 729 1695 782 oppu-

80 811 291 869 gnator
318 802 504 853 meus?
557 801 936 870 appropinquet
975 802 1127 856 mihi.
1177 800 1309 856 Ecce
1345 803 1482 856 Deus
1537 806 1696 872 adju-

83 905 178 946 tor
212 910 358 948 meus
389 895 544 963 :quis
583 895 710 948 mihi
756 895 1001 949 nocebit?
1052 893 1186 948 Ecce
1232 913 1317 950 eos
1352 912 1528 950 omnes
1557 899 1690 952 sicut

83 986 464 1038 vestimentum
513 985 927 1050 iuveterascetis,
981 995 1030 1039 et
1064 995 1312 1053 tanquam
1346 986 1532 1041 vellera
1563 1005 1593 1041 a
1625 990 1694 1041 ti-

82 1092 195 1128 nea
223 1075 664 1130 corrodemiui“.
706 1075 923 1130 Utinam
958 1075 1200 1131 inveniat
1250 1093 1350 1132 nos
1394 1077 1534 1131 Deus
1569 1094 1690 1132 cum

84 1168 226 1234 illis,
263 1169 358 1237 qui
409 1167 718 1222 humilitate
747 1177 876 1222 sunt
927 1169 1164 1237 prtediti,
1202 1177 1256 1222 et
1285 1171 1352 1223 ab
1379 1183 1440 1223 ea
1471 1184 1692 1224 servan-

87 1271 188 1314 tur
220 1261 517 1316 incolumes
551 1260 618 1313 ab
653 1260 903 1315 omnibus
947 1261 1142 1330 jaculis
1176 1261 1401 1326 inimici,
1430 1278 1526 1328 per
1559 1278 1689 1332 gra-

86 1355 232 1406 tiam
274 1351 392 1415 Dei,
429 1351 584 1421 cujus
614 1360 697 1405 est
721 1351 984 1420 potentia,
1017 1361 1071 1405 et
1101 1350 1292 1420 gloria,
1322 1359 1376 1405 et
1403 1351 1687 1420 imperium

86 1444 151 1498 in
178 1444 373 1499 saecula
406 1443 754 1498 saeculorum!
789 1445 982 1498 Amen.

722 1557 980 1614 ORATIO
1022 1555 1085 1612 'v'.

90 1648 235 1714 Qui:
266 1649 588 1703 observanda
637 1659 757 1702 sunt
811 1650 990 1731 iisqui
1037 1650 1194 1703 simul
1227 1653 1279 1704 in
1299 1666 1426 1719 pace
1454 1649 1688 1704 habitare

772 1731 1008 1785 cuptuut.

1805 541 1963 600 teque
1999 539 2088 586 tua
2125 531 2316 587 incolae
2362 531 2596 586 fructum
2633 535 2952 604 percipiant.
3001 535 3204 590 Infirmi
3235 539 3377 594 enim

1794 631 2018 692 propter
2071 622 2253 676 cordis
2305 621 2727 678 imbecillitatem
2782 623 2941 678 facile
3010 624 3378 695 offenduntur,

1795 713 1921 783 quia
1961 728 2064 766 non
2099 713 2430 781 perspiciunt
2467 724 2690 783 peccata
2719 730 2836 769 sna.

1865 802 1928 857 ll.
1951 803 2196 857 Divinum
2223 803 2481 857 auxilium
2509 815 2561 859 et
2590 819 2738 874 spes,
2765 810 3121 863 mansuetudo
3155 819 3210 865 et
3241 813 3380 866 bona

1795 897 2150 962 conscientia,
2187 907 2240 950 et
2283 897 2516 965 propria:
2541 897 2834 952 voluntatis
2865 901 3117 954 omnibus
3144 901 3197 954 in
3221 903 3380 956 rebus

1793 986 2102 1055 abnegatio,
2131 997 2255 1039 sunt
2285 985 2601 1040 humilitatis
2625 987 2843 1041 indicia.
2871 989 3193 1059 Arrogantia
3229 1006 3376 1053 vero,

1792 1085 1844 1132 et
1878 1078 2180 1141 contentio,
2237 1087 2292 1132 et
2348 1079 2427 1132 sui
2467 1078 2636 1146 ipsius
2683 1079 3037 1146 existimatio,
3090 1083 3379 1149 fratrisque

1793 1169 2084 1234 despcctio,
2107 1177 2162 1223 et
2192 1185 2312 1222 eum
2351 1171 2474 1237 quis
2507 1184 2570 1222 eo
2595 1181 2814 1238 propter
2843 1187 2901 1224 se
2925 1172 3124 1227 afﬂicto
3159 1189 3221 1226 ac
3254 1189 3379 1242 per-

1793 1255 2024 1325 turbato,
2056 1261 2185 1312 dicit
2223 1277 2236 1312 :
2283 1258 2423 1324 Quid
2459 1260 2524 1313 ad
2553 1261 2679 1314 me?
2709 1261 2844 1326 Quid
2873 1263 3000 1316 mihi
3034 1266 3228 1333 negotii
3258 1279 3379 1318 cum

1791 1352 1883 1405 illo
1921 1351 2041 1405 est?
2075 1352 2187 1405 luce
2216 1352 2396 1405 omnia
2427 1353 2604 1406 cordis
2637 1353 2888 1406 duritiam
2921 1354 3212 1408 declarant.
3243 1354 3296 1408 Si
3326 1363 3380 1410 te

1796 1459 1936 1511 opus
2002 1442 2252 1504 faciente,
2303 1442 2474 1497 frater
2531 1443 2582 1496 in
2614 1443 2801 1497 cellam
2832 1454 2975 1498 tuam
3025 1445 3376 1516 ingrediatur,

1789 1547 1922 1586 cave
1952 1546 2017 1586 ne
2047 1533 2290 1586 animmn
2333 1542 2478 1585 tuum
2533 1548 2594 1587 ea
2655 1544 2881 1603 occupet
2917 1537 3192 1605 cogitatio,
3227 1547 3284 1592 ιιι
3325 1548 3379 1592 ιε

1788 1624 1908 1692 plus
1935 1639 2094 1692 quam
2126 1623 2272 1677 illum
2301 1623 2578 1678 laborasse
2613 1636 2790 1693 putes.
2825 1624 2881 1679 Si
2912 1641 3033 1680 cum
3066 1628 3235 1682 fratre
3268 1627 3377 1681 im-

1789 1714 2064 1770 becilliore
2086 1729 2221 1784 opus
2249 1713 2401 1778 facis,
2428 1729 2496 1768 ne
2520 1718 2838 1782 contendas,
2872 1726 2930 1771 ut
2955 1717 3072 1787 plus
3097 1735 3254 1785 quam
3287 1719 3378 1774 ille

167 1810 211 1863 l.
243 1809 299 1864 Si
350 1808 512 1866 simul
563 1809 667 1865 iter
698 1809 956 1876 feceritis,
1001 1811 1284 1877 attendite,
1329 1811 1374 1867 si
1399 1811 1522 1881 quis
1546 1811 1688 1866 inter
1721 1805 1761 1858 Β
1793 1807 1987 1864 fecisse
2019 1810 2262 1862 videare.
2321 1806 2375 1862 Si
2409 1823 2696 1863 commune
2734 1809 2947 1879 aliquod
2983 1826 3116 1879 opus
3143 1811 3374 1876 efﬁcitis,

88 1917 196 1957 vos
246 1902 317 1956 sit
369 1901 709 1966 imbecillior,
770 1911 823 1956 et
883 1902 999 1970 ejus
1057 1904 1321 1958 rationem
1371 1903 1585 1966 habete,
1641 1901 1686 1956 si

94 1991 186 2045 vel
219 1990 441 2060 paulum
501 1991 692 2044 sedere
743 1991 893 2055 velit,
929 2001 1023 2044 aut
1053 1991 1256 2060 aliquid
1286 2000 1412 2046 ante
1437 1991 1688 2059 prtescri-

91 2091 246 2151 ptam
277 2083 462 2136 horam
491 2089 726 2151 gustare.
753 2079 812 2135 Si
834 2081 902 2138 ad
920 2091 1052 2150 Opus
1075 2080 1378 2138 faciendum
1397 2083 1689 2151 proﬁcisci-

93 2173 258 2237 rnini,
289 2172 394 2228 sibi
425 2174 655 2242 quisque
705 2172 972 2240 attendat,
1010 2188 1114 2226 non
1160 2182 1339 2227 autem
1385 2173 1538 2228 fratri
1562 2189 1684 2229 suo.

92 2264 178 2319 Ne
211 2264 335 2334 quis
384 2265 614 2318 alterum
647 2265 843 2319 docere
889 2266 1108 2328 audeat,
1169 2276 1261 2319 aut
1291 2265 1339 2319 ei
1392 2266 1685 2335 quidquam

92 2354 414 2425 praecipere.
439 2353 497 2408 Si
528 2353 666 2407 intra
698 2352 888 2408 cellam
932 2368 1067 2422 opus
1089 2354 1305 2422 aliquod
1337 2356 1539 2419 facitis,
1567 2371 1686 2424 per-

92 2447 321 2512 mittite,
354 2454 413 2500 ut
450 2445 679 2516 quisque
705 2444 872 2500 faciat
903 2446 1164 2500 arbitratu
1194 2460 1313 2500 suo.
1364 2447 1460 2501 Sin
1495 2447 1688 2516 aliquis

95 2537 300 2592 dixerit
328 2555 340 2590 :
403 2537 645 2592 Obsecro
678 2553 795 2603 vos,
827 2552 912 2592 me
958 2547 1017 2592 ut
1046 2538 1309 2605 doceatis,
1343 2553 1518 2607 neque
1541 2539 1685 2593 enim

93 2631 248 2694 scio;
282 2629 372 2699 qui
401 2630 544 2684 inter
575 2643 667 2684 vos
699 2629 902 2698 peritus
955 2637 1059 2696 est,
1101 2645 1169 2686 ne
1226 2630 1540 2698 reluctetur,
1597 2640 1688 2686 aut

94 2725 243 2779 scire
272 2737 337 2776 ne
363 2732 540 2793 neget.
601 2721 726 2776 llaec
757 2721 900 2776 enim
937 2737 1042 2776 non
1086 2731 1172 2776 est
1195 2722 1473 2777 humilitas
1501 2737 1689 2777 secun-

96 2816 228 2869 dum
256 2814 444 2869 Deum.
505 2814 563 2868 Si
619 2813 815 2868 videris
845 2811 1068 2869 fratrem
1106 2825 1254 2869 tuum
1285 2830 1422 2885 opus
1471 2814 1686 2885 aliquod

97 2906 416 2972 facientem,
467 2921 534 2960 ne
569 2905 773 2960 dixeris
795 2920 917 2960 eum
943 2921 1152 2971 errare,
1209 2917 1303 2962 aut
1335 2907 1470 2961 nihil
1494 2921 1675 2976 agere.

104 2997 261 3064 Quod
289 2996 334 3051 si
363 2999 479 3066 ipse
540 3005 590 3050 te
623 2998 911 3067 rogaverit,
955 3007 1010 3051 ut
1040 3012 1099 3052 se
1132 2998 1344 3061 doceas,
1386 3006 1444 3052 tu
1475 3012 1605 3052 vero
1633 2997 1684 3051 id

99 3105 212 3145 non
243 3089 457 3152 feceris,
517 3089 611 3143 sed
649 3089 903 3155 tacueris,
961 3092 1204 3145 ostendis
1233 3091 1285 3145 in
1327 3102 1379 3146 te
1430 3106 1536 3145 non
1566 3106 1686 3145 esse

100 3179 203 3234 Dei
228 3179 572 3242 eharitatem,
598 3178 690 3232 sed
720 3179 1042 3247 nequitiam.
1066 3179 1122 3235 Si
1165 3179 1334 3235 frater
1361 3188 1483 3235 tuus
1506 3177 1680 3234 edulia

97 3269 245 3324 haud
272 3269 343 3321 ita
374 3270 510 3322 bene
537 3268 763 3330 coxerit,
800 3283 867 3323 ne
894 3269 1094 3324 dixeris
1120 3283 1243 3324 eum
1275 3269 1416 3323 male
1438 3268 1678 3332 coxisse;

98 3361 156 3415 id
180 3360 320 3414 enim
347 3374 492 3413 mors
534 3366 617 3412 est
649 3360 842 3414 anima:
875 3370 978 3414 tua:
1011 3378 1024 3413 :
1061 3361 1153 3414 sed
1180 3359 1483 3426 considera,
1519 3375 1680 3428 quam

97 3452 388 3508 molestum
407 3459 462 3504 et
482 3434 646 3520 grave
675 3450 767 3504 tibi
800 3449 1009 3515 fuisset,
1038 3450 1082 3505 si
1111 3450 1230 3519 quis
1263 3451 1315 3504 in
1345 3458 1397 3505 te
1425 3464 1490 3505 ea
1517 3451 1681 3503 verba

97 3542 524 3613 pronuntiasset,
559 3549 612 3596 et
647 3542 913 3610 quiesces.
958 3541 1101 3596 luter
1124 3540 1456 3610 psallendum
1490 3540 1681 3612 siquis

97 3637 157 3688 in
204 3634 382 3702 aliquo
416 3634 575 3688 verbo
613 3632 898 3699 erraverit,
955 3645 1023 3686 ne
1059 3633 1243 3686 statim
1275 3647 1395 3686 eum
1437 3632 1681 3700 corrigas

97 3738 264 3796 atque
284 3729 588 3795 perturbes.
645 3725 750 3783 Sed
777 3729 821 3782 si
876 3728 1100 3780 verbum
1145 3724 1490 3794 praeterierit,
1521 3737 1588 3778 ne
1611 3725 1683 3778 sit

99 3818 196 3873 tibi
223 3833 389 3876 curae.
423 3818 517 3874 Sin
554 3821 845 3890 rogaverit,
875 3829 933 3873 ut
954 3817 1217 3888 corrigas,
1242 3825 1489 3871 amanter
1522 3816 1574 3870 id
1598 3816 1679 3869 fa-

96 3909 230 3963 cito.
259 3907 315 3962 Si
345 3909 472 3978 quid
501 3911 550 3963 in
579 3925 763 3966 mensa
799 3909 984 3975 fuerit,
1023 3924 1054 3963 a
1084 3923 1192 3978 quo
1226 3907 1454 3962 fratrum
1481 3905 1678 3977 aliquis

97 4000 412 4066 abhorreat,
464 4015 530 4056 ne
558 4002 699 4056 dicat
735 4016 800 4056 eo
834 4016 893 4056 se
923 4002 1065 4056 vesci
1096 4015 1200 4055 non
1251 4014 1429 4070 posse,
1483 4001 1577 4054 sed
1612 3998 1678 4052 ad

99 4101 330 4146 mortem
386 4108 555 4164 usque
585 4093 686 4152 sibi
721 4093 834 4164 ipse
863 4095 972 4149 vim
1017 4091 1226 4159 afferat,
1259 4103 1313 4148 et
1352 4093 1492 4146 Deus
1529 4091 1675 4145 illum

98 4183 485 4239 consolabitur.
542 4185 600 4240 Si
653 4200 787 4255 opus
817 4185 1034 4254 aliquod
1067 4185 1228 4240 simul
1264 4184 1467 4247 facitis,
1495 4194 1550 4238 et
1582 4184 1679 4237 ali-

96 4275 222 4346 quis
249 4285 485 4332 ve5trum
515 4276 698 4330 animo
732 4277 923 4345 pusillo
950 4277 1317 4332 desistendum
1345 4275 1413 4329 ab
1437 4275 1527 4329 illo
1550 4289 1676 4328 sua-

97 4368 253 4433 serit,
299 4383 422 4423 eum
482 4383 551 4423 ne
582 4368 1005 4438 reprehendatis,
1047 4369 1142 4422 sed
1190 4369 1390 4437 pariter
1425 4366 1671 4435 gaudete.

99 4459 159 4514 Si
216 4457 411 4514 fratres
449 4457 612 4529 aliqui
643 4460 709 4513 ad
757 4474 850 4514 vos
890 4459 1228 4523 diverteriut,
1284 4473 1376 4514 eos
1411 4459 1477 4512 de
1514 4458 1674 4512 rebus

99 4550 380 4606 inutilibus
408 4566 474 4605 ne
509 4551 876 4620 interrogetis,
930 4551 1168 4620 alioquin
1203 4550 1344 4621 apud
1379 4564 1473 4605 vos
1507 4549 1674 4604 relin-

97 4653 267 4713 quent
315 4643 650 4698 servitutem.
682 4640 834 4709 Quod
888 4643 933 4696 si
987 4642 1253 4713 quispiam
1314 4658 1382 4697 ex
1429 4643 1536 4697 illis
1572 4642 1676 4698 sibi

100 4749 401 4805 temperare
422 4737 746 4804 nequiverit,
785 4750 892 4806 quo
924 4736 1101 4790 minus
1141 4735 1299 4790 alicui
1333 4745 1571 4791 vestrum
1598 4737 1681 4790 di-

101 4839 190 4883 cat
215 4829 414 4898 aliquid
440 4829 632 4884 inutile
665 4838 718 4882 et
750 4829 1147 4898 perniciosum;
1172 4830 1216 4884 is
1246 4830 1336 4899 qui
1363 4829 1494 4884 illttd
1527 4829 1681 4884 audi-

97 4922 258 4990 verit,
294 4922 514 4991 reliquis
544 4922 802 4976 fratribus
824 4937 889 4975 ne
917 4924 1280 4990 aperiatrem,
1315 4938 1382 4976 ne
1418 4937 1681 4976 venenum

102 5011 444 5068 mortiferum
474 5014 682 5069 animos
711 5029 896 5070 eorum
931 5015 1228 5069 interimat.
1262 5011 1319 5068 Si
1353 5021 1404 5067 te
1453 5027 1679 5082 peregre

99 5104 369 5172 proficisci
418 5107 716 5162 necessitas
743 5108 1001 5178 coegerit,
1031 5122 1097 5161 ne
1145 5107 1480 5176 perconteris
1514 5105 1676 5176 quid-

100 5213 284 5267 quam,
341 5201 482 5268 quod
525 5201 617 5254 tibi
648 5203 904 5270 prodesse
943 5210 1192 5269 nequeat,
1225 5210 1284 5252 ut
1326 5200 1391 5254 ad
1420 5198 1670 5254 cellulam

102 5299 247 5340 tuam
278 5287 561 5342 incolumis
611 5299 906 5345 revertare.
962 5291 1115 5355 Quod
1153 5291 1196 5345 si
1224 5289 1311 5344 vel
1338 5289 1539 5344 invitm
1573 5289 1674 5342 ali-

100 5378 228 5446 quid
278 5377 537 5447 ejusmodi
601 5382 892 5444 audiveris,
949 5383 1000 5436 in
1057 5383 1276 5436 domum
1321 5395 1574 5436 reversus
1608 5393 1674 5434 ne

101 5468 357 5525 fratribus
387 5472 671 5528 nuntiaris.
702 5474 759 5528 Si
794 5475 988 5544 hospes
1021 5474 1074 5528 in
1108 5475 1280 5527 aliena
1305 5472 1525 5542 regione
1549 5487 1677 5526 ver-

100 5561 264 5626 saris,
293 5577 667 5636 quemcunque
689 5567 741 5621 in
785 5568 958 5622 locmn
990 5567 1225 5634 veneris,
1255 5567 1389 5622 nihil
1418 5580 1676 5637 arrogan-

173 5719 214 5748 ἰ
243 5719 346 5773 lsa.
378 5735 533 5790 x-Ltu,
560 5720 666 5776 1-5.
746 5723 790 5755 ³³
819 5723 921 5778 ιειι.
957 5740 986 5777 r.
1042 5723 1097 5789 8,
1126 5721 1183 5780 9.

1795 1899 1876 1955 sic
1909 1900 1961 1953 in
2008 1899 2136 1953 illud
2168 1899 2293 1954 totis
2324 1899 2527 1953 viribus
2575 1899 2849 1964 incumbe,
2897 1909 2952 1954 ut
2979 1901 3104 1970 quid
3139 1911 3215 1968 tu,
3248 1903 3377 1972 quid

1794 1990 1965 2046 frater
2011 2001 2134 2047 tuus
2187 1992 2240 2046 in
2299 1991 2639 2046 hebdomada
2693 1991 3036 2057 laboraverit,
3082 1993 3222 2047 scire
3269 2007 3376 2046 non

1794 2098 1954 2138 cures
1980 2100 1995 2149 ;
2028 2084 2267 2152 ineptum
2301 2094 2385 2139 est
2409 2085 2554 2139 enim
2581 2085 2632 2138 id
2664 2099 2928 2153 qmerere.
2958 2083 3012 2136 Si
3041 2085 3107 2137 ad
3136 2099 3271 2152 opus
3304 2084 3378 2136 fa-

1794 2173 2042 2228 ciendum
2072 2187 2192 2226 cum
2247 2173 2503 2228 fratribus
2537 2174 2920 2239 proficisceris.
2977 2189 3044 2227 ne
3075 2175 3288 2242 cupias,
3318 2182 3379 2227 ut

1792 2265 1967 2320 sciant
2000 2275 2052 2320 te
2079 2265 2319 2319 omnium
2375 2266 2608 2319 maxime
2669 2264 2948 2319 laborasse
3005 2282 3018 2318 :
3053 2280 3191 2331 opus
3229 2266 3374 2318 enim

1795 2356 1937 2426 quod
1967 2357 2137 2410 homo
2190 2355 2319 2410 facit
2374 2357 2423 2410 in
2456 2357 2687 2421 occulto,
2739 2357 2995 2425 perspicit
3040 2357 3179 2410 Deus
3201 2356 3266 2409 ⁸³.
3316 2355 3374 2410 Si

1794 2448 1922 2517 quid
1957 2447 2050 2500 tibi
2089 2446 2258 2502 frater
2288 2446 2627 2515 responderit
2679 2447 2952 2510 acerbius,
2984 2447 3034 2500 id
3070 2462 3195 2499 cum
3238 2445 3378 2498 laeti-

1798 2539 1868 2590 tia
1896 2538 2131 2605 suscipe.
2165 2535 2222 2591 Si
2255 2537 2398 2592 enim
2449 2548 2596 2592 recto
2628 2537 2720 2591 Dei
2777 2536 2982 2605 judicio
3024 2533 3378 2606 cositationes

1796 2639 1918 2683 tuas
1954 2629 2310 2694 examinaris,
2345 2637 2397 2683 te
2434 2643 2690 2699 peccasse
2717 2630 3135 2684 animadvertes.
3168 2629 3223 2684 Si
3253 2645 3377 2684 cum

1793 2721 2065 2777 fratribus
2097 2721 2334 2788 habitas,
2397 2731 2452 2775 et
2495 2722 2708 2776 animus
2737 2731 2788 2776 te
2814 2722 3075 2787 stimulat,
3109 2734 3163 2775 ut
3187 2725 3377 2776 restri-

1795 2814 1939 2867 ctius
1973 2813 2166 2878 vivas;
2208 2813 2292 2866 dic
2323 2812 2505 2865 animo
2537 2821 2660 2865 tuo:
2689 2810 2880 2866 Frater
2907 2811 2992 2866 hic
3021 2811 3268 2866 infirmus
3294 2820 3376 2865 est

1794 2903 2046 2959 dominus
2077 2919 2253 2958 meus.
2281 2902 2432 2968 Quod
2457 2903 2500 2956 si
2529 2904 2924 2972 temperantius
2953 2905 3170 2958 omnino
3196 2905 3378 2958 vivere

1795 2995 2105 3061 decrevisti,
2149 2994 2392 3050 cellulam
2437 2993 2531 3048 tibi
2589 2995 2754 3063 selige
2803 2995 3114 3062 separatim,
3165 3005 3219 3049 et
3267 2996 3375 3050 noli

1795 3087 2019 3142 fratrem
2076 3095 2224 3141 tuum
2267 3087 2539 3140 infirmum
2580 3083 2835 3153 afﬂigere.
2875 3085 2930 3139 Si
2985 3087 3153 3139 frater
3185 3085 3377 3154 aliquis

1713 3158 1756 3216 (ἶ
1789 3176 2108 3246 peregrinus
2148 3191 2308 3244 quem
2362 3175 2496 3228 vitio
2528 3173 2709 3244 aliquo
2761 3174 3008 3228 laborare
3033 3174 3374 3242 acceperitis,

1785 3268 1926 3336 apud
1952 3282 2047 3322 vos
2101 3265 2403 3331 diverterit,
2439 3281 2506 3320 ne
2545 3264 2838 3334 exploratis
2865 3279 2987 3318 eum
3027 3263 3232 3327 verbis,
3271 3265 3374 3318 nisi

1787 3359 1976 3412 vitium
2035 3358 2151 3427 ejus
2199 3373 2320 3413 sese
2363 3359 2695 3428 apparuerit,
2727 3357 2822 3412 sed
2878 3361 3090 3421 cavete,
3133 3371 3199 3410 ne
3248 3358 3374 3424 quid

1783 3449 1998 3504 faciatis
2043 3450 2187 3519 quod
2232 3450 2277 3505 si
2325 3450 2499 3504 frater
2548 3448 2816 3513 rescierit,
2848 3447 3134 3516 atlligatur.
3189 3447 3374 3516 Siqua

1783 3556 1842 3595 re
1882 3541 1976 3595 tibi
2003 3555 2138 3611 opus
2161 3549 2264 3607 est,
2295 3557 2361 3595 ne
2384 3556 2705 3596 succenseas
2737 3541 2895 3593 fratri
2930 3549 3044 3603 tuo,
3069 3541 3211 3608 quod
3245 3554 3368 3592 eam

1783 3634 1879 3689 tibi
1925 3645 2117 3704 sponte
2169 3649 2276 3687 non
2307 3635 2704 3702 commodarit;
2764 3633 2858 3686 sed
2921 3647 3043 3685 cum
3100 3632 3291 3685 fiducia
3321 3642 3372 3685 et

1784 3726 2135 3796 simplicitate
2164 3741 2290 3797 roga
2329 3725 2501 3791 illum,
2532 3734 2592 3780 ut
2621 3741 2734 3780 rem
2762 3725 2856 3779 tibi
2884 3725 3249 3779 necessariam
3283 3727 3375 3780 tri-

1780 3819 1934 3873 buat.
1973 3817 2099 3872 Haec
2147 3817 2292 3873 enim
2328 3818 2380 3872 in
2412 3819 2576 3873 corde
2607 3826 2690 3872 est
2731 3818 2954 3871 castitas
2999 3825 3215 3883 sancta;
3251 3832 3376 3870 nam

1781 3909 1826 3964 si
1861 3909 1914 3964 id
1947 3910 2021 3964 illi
2049 3923 2153 3963 non
2185 3909 2531 3978 patefeceris,
2563 3910 2657 3964 sed
2688 3909 2742 3963 in
2769 3912 2930 3965 corde
2960 3919 3048 3963 tuo
3084 3924 3203 3964 cum
3234 3925 3374 3963 mur-

1782 4016 1936 4057 mure
1993 4001 2392 4064 succensueris,
2448 4000 2710 4071 judicium
2769 3999 2864 4056 tibi
2914 4001 3027 4068 ipse
3071 3999 3373 4055 constituis.

1778 4095 1838 4152 Si
1871 4095 2012 4149 inter
2057 4109 2152 4148 vos
2192 4092 2444 4148 inciderit
2493 4106 2674 4148 sermo
2720 4093 2785 4147 de
2841 4091 3023 4160 aliquo
3078 4089 3374 4158 Scriptura:

1777 4189 1934 4255 loco,
1969 4189 2054 4242 cui
2111 4189 2259 4241 locus
2290 4186 2376 4240 ille
2415 4196 2572 4240 notus
2599 4193 2702 4246 est,
2735 4184 2780 4238 is
2803 4198 2923 4239 eum
2960 4182 3117 4236 fratri
3141 4197 3238 4235 suo
3268 4195 3357 4234 mo

1778 4281 1930 4335 deste
1965 4279 2306 4348 benigneque
2347 4277 2606 4330 declaret.
2660 4275 2733 4329 Ea
2788 4289 3022 4342 namque
3077 4273 3376 4341 Scriptum

1780 4369 2017 4425 maxima
2045 4370 2281 4439 cognitio
2312 4377 2420 4430 est,
2462 4376 2523 4420 ut
2549 4375 2600 4420 te
2638 4365 2896 4419 humilem
2930 4366 3174 4434 praebeas
3216 4362 3371 4416 fratri

1781 4474 1898 4520 tuo.
1921 4462 2220 4518 Considera
2245 4460 2510 4530 judicium
2541 4459 2692 4521 illud,
2735 4457 2801 4511 ad
2827 4457 2968 4526 quod
2994 4454 3264 4510 sistendns
3289 4469 3368 4519 es,

1784 4564 1839 4609 et
1864 4569 2082 4626 operam
2124 4555 2213 4622 tia,
2247 4569 2313 4608 ne
2371 4563 2550 4606 mutus
2582 4552 2653 4605 ibi
2684 4549 3126 4620 deprehendaris,
3162 4564 3263 4602 nec
3291 4549 3372 4602 ul~

1786 4649 1894 4703 lam
1952 4649 2005 4703 in
2057 4646 2146 4701 illa
2208 4649 2338 4702 hora
2386 4645 2726 4701 formidanda
2785 4643 3152 4698 defensionem
3219 4642 3372 4694 iuve-

1788 4740 1926 4794 nias.

1860 4831 1947 4888 ΙΙΙ.
1980 4831 2110 4899 Qua:
2158 4829 2340 4884 mundi
2369 4836 2515 4892 sunt,
2549 4841 2615 4881 ne
2644 4823 2912 4880 curiosius
2943 4823 3228 4892 inquiratis
3255 4841 3269 4888 ;
3304 4838 3372 4876 ne

1791 4925 2004 4982 latrinis
2035 4925 2239 4981 similes
2270 4925 2411 4989 sitis,
2440 4923 2505 4976 ad
2545 4937 2682 4992 quas
2727 4921 2974 4975 homines
3002 4921 3285 4983 accedunt,
3313 4929 3374 4972 ut

1787 5019 1996 5074 ventris
2048 5032 2215 5072 onera
2247 5018 2538 5087 deponant,
2571 5023 2732 5083 atque
2785 5013 2857 5068 ita
2904 5012 3076 5066 fetore
3106 5024 3229 5066 sunt
3261 5013 3371 5080 ple-

1787 5125 1886 5164 na).
1919 5109 2024 5164 Sed
2054 5117 2227 5164 estote
2254 5107 2433 5177 potius
2492 5104 2688 5174 templa
2736 5113 2791 5158 et
2819 5103 3010 5158 altaria
3037 5103 3127 5157 Dei
3161 5104 3213 5155 in
3245 5117 3371 5155 sau-

1783 5203 1991 5265 ctitate,
2019 5201 2109 5256 ubi
2161 5215 2318 5253 inane
2365 5207 2419 5252 et
2464 5197 2672 5267 veSperi
2735 5197 3027 5269 thymtanut
3069 5193 3366 5246 adolentur.

1782 5291 2070 5362 Nunquam
2111 5291 2280 5344 altare
2317 5291 2418 5345 hoc
2444 5290 2515 5343 sit
2568 5289 2685 5342 sine
2731 5288 3104 5356 thymiamate.
3142 5283 3372 5348 Semper

1783 5393 1958 5439 estote
1987 5388 2038 5438 in
2076 5392 2368 5454 conspectu
2401 5382 2491 5437 Dei
2531 5381 2880 5435 obsecrantes
2900 5392 3046 5438 cum,
3081 5386 3134 5429 et
3168 5374 3370 5443 gratias

1786 5483 2007 5546 a‘gentes
2034 5492 2154 5530 cum
2207 5475 2555 5544 simplicitate
2599 5481 2652 5527 et
2707 5469 3037 5530 sinceritate,
3081 5477 3187 5519 uta
3217 5463 3370 5517 vobis

1787 5568 2019 5638 accipiat
2055 5570 2194 5624 Deus
2226 5583 2287 5623 ea
2313 5581 2430 5636 qua:
2461 5561 2741 5618 calliditati
2775 5570 2830 5615 et
2859 5557 3139 5627 sapientia:
3172 5557 3370 5610 daemo-

1258 5723 1302 5755 ³³
1335 5722 1526 5779 Matth.
1559 5737 1630 5790 vr,
1655 5723 1689 5776 4
1740 5726 1793 5793 6,
1826 5727 1912 5778 18.
