3888 6284
479 319 615 375 ΙΙΞὸ

1594 304 1862 361 PATRES
1918 299 2223 357 [EGYPTII
2264 300 2535 357 SASCULI
2577 301 2666 356 IV.

3605 307 3748 363 ΗΞι

478 433 668 497 iliacae,
729 439 782 485 et
817 426 1138 489 curiositati,
1205 434 1260 480 et
1310 423 1480 478 nimio
1536 423 1706 477 amori
1743 423 1822 476 sui
1883 420 2051 488 ipsius
2081 420 2127 477 A
2158 417 2418 473 fratribus
2449 421 2770 488 quibuscum
2821 416 3024 471 vixisti.
3083 417 3160 472 Ne
3185 418 3418 475 audieris
3458 419 3746 478 inimico

479 523 765 590 cordisque
797 522 1014 575 malitiae
1040 527 1168 572 sunt
1191 515 1487 571 contraria.
1517 515 1608 568 llis
1634 514 1778 567 enim
1806 513 1896 580 qui
1931 519 2058 564 sunt

480 613 754 675 obstricti,
781 613 978 666 frustra
1009 609 1280 672 laborant,
1307 618 1361 662 et
1389 609 1510 662 finis
1539 621 1726 661 eorum
1765 604 2014 658 interitus
2038 617 2053 663 ;

480 705 572 773 qui
605 719 734 761 vero
760 703 922 757 Deum
956 702 1127 763 timet,
1159 710 1213 754 et
1249 699 1632 754 conscientiam
1667 698 1836 759 audit,
1874 695 1940 748 ab
1974 693 2058 748 his

482 795 733 847 omnibus
765 792 1099 846 abhorrebit.
1136 791 1204 842 At
1253 787 1640 858 paterfamilias
1669 786 1842 850 abest,
1897 783 2059 836 miser

483 888 644 941 homo
676 887 891 937 domum
945 890 1313 936 constructam
1376 879 1538 932 habet
1587 890 1749 946 super
1781 873 2058 928 voluntate

481 994 600 1041 sua,
659 987 713 1030 et
759 975 998 1044 loquitur
1049 990 1168 1044 qua:
1194 989 1296 1026 non
1324 972 1435 1026 vult
1471 972 1521 1024 in
1551 985 1610 1024 se
1636 970 1772 1038 ipso,
1803 967 2056 1036 quoniam

482 1083 586 1122 non
613 1068 774 1122 habet
801 1083 893 1121 ror
919 1068 968 1120 in
999 1074 1262 1134 potestate
1291 1079 1408 1128 sua,
1442 1063 1535 1116 sed
1564 1062 1615 1114 in
1641 1075 1801 1114 manu
1835 1057 2057 1112 inimici.

483 1160 538 1214 Si
571 1161 636 1215 ad
665 1174 798 1229 opus
823 1158 971 1212 exire
998 1158 1176 1220 vultis,
1242 1171 1377 1210 unus
1408 1153 1634 1208 alterum
1673 1166 1740 1204 ne
1775 1148 2058 1217 despiciat,

484 1268 659 1320 neque
714 1251 984 1320 relinquat
1042 1250 1262 1303 fratrem
1309 1263 1488 1308 suum,
1529 1255 1586 1300 ut
1628 1246 1681 1300 in
1715 1245 1846 1298 cella
1877 1259 1903 1296 a
1933 1258 2061 1298 con-

484 1343 706 1397 scientia
736 1341 1057 1396 stimuletur.
1083 1339 1187 1394 Sed
1207 1355 1329 1394 eum
1359 1347 1605 1392 amanter
1626 1337 1704 1391 sic
1725 1335 2058 1404 alloquatur:

483 1434 578 1490 Vis
609 1444 665 1488 ut
689 1434 987 1488 exeamus?
1017 1433 1166 1499 Quod
1221 1431 1264 1484 si
1302 1431 1522 1483 fratrem
1551 1443 1707 1482 suum
1733 1441 1797 1480 eo
1826 1436 2063 1492 tempore

483 1524 661 1578 minus
691 1523 930 1592 quietum
993 1522 1287 1590 aspexerit,
1341 1529 1433 1573 aut
1471 1532 1698 1587 corpore
1744 1516 2060 1580 invalidum,

484 1629 552 1668 ne
590 1613 880 1668 contendat
925 1622 1047 1666 tunc
1101 1625 1222 1666 esse
1268 1609 1663 1673 discedendum,
1725 1607 1819 1662 sed
1870 1606 2064 1676 paulu-

485 1705 592 1760 lum
625 1703 858 1767 differat,
887 1712 936 1757 et
986 1717 1106 1757 cum
1139 1700 1406 1754 charitate
1440 1699 1505 1753 ad
1534 1699 1782 1754 cellulam
1814 1704 2062 1751 reverta-

2159 510 2504 572 suadentem,
2542 517 2598 561 ut
2624 506 2844 560 simules
2885 517 2937 560 te
2979 522 3008 560 a
3039 507 3296 562 fratribus
3320 508 3574 564 affectum
3601 510 3750 580 inju-

2166 597 2242 650 ria
2279 612 2308 649 a
2339 596 2533 666 quibus
2585 596 2904 650 beneficium
2934 597 3212 666 accepisti,
3249 613 3356 667 quo
3391 599 3568 668 fugias
3604 602 3749 656 infa-

2160 689 2322 742 miam
2351 697 2404 742 et
2429 702 2617 741 eorum
2650 687 2943 758 ignominia
2980 697 3238 757 conlegas
3277 698 3445 754 tuam,
3473 703 3645 760 atque
3674 692 3745 746 ita

2159 794 2346 833 servus
2393 779 2596 832 inimici
2655 779 2751 833 fias
2779 779 3087 848 ubicunque
3117 781 3334 834 vixeris.
3387 779 3442 834 Si
3484 790 3538 835 te
3561 783 3750 850 aliquo

2160 869 2452 925 contuleris
2479 869 2545 922 ad
2581 869 2947 935 habitandum,
2982 871 3122 924 haud
3166 871 3235 924 ita
3283 871 3389 925 cito
3435 873 3635 926 cellam
3668 875 3750 926 iu-

2161 960 2440 1014 colendam
2469 959 2560 1014 tibi
2595 959 2710 1027 ipse
2735 961 3057 1023 constituas,
3085 961 3185 1014 nisi
3216 962 3365 1028 prius
3390 962 3492 1018 loci
3521 972 3750 1019 naturas

2161 1050 2493 1115 consideres,
2554 1064 2620 1105 ne
2676 1049 2813 1104 forte
2865 1049 2973 1104 illic
3030 1050 3408 1106 offendiculum
3473 1053 3747 1120 reperias,

2160 1143 2244 1196 vel
2291 1151 2510 1212 propter
2568 1141 3005 1207 sollicitudinem,
3064 1141 3148 1196 vel
3182 1153 3400 1211 propter
3432 1142 3746 1211 cujuSpiam

2163 1243 2531 1302 conspectum,
2560 1232 2640 1288 vel
2674 1241 2890 1302 prepter
2916 1233 3164 1302 gloriam,
3193 1233 3273 1288 vel
3298 1245 3519 1303 propter
3541 1233 3750 1287 laboris

2164 1323 2611 1394 magnitudinem,
2651 1324 2736 1378 vel
2785 1333 3004 1393 propter
3042 1322 3389 1378 offensionem
3416 1325 3749 1388 amicorum,

2163 1429 2472 1484 quanquam
2528 1413 2570 1468 si
2605 1414 2821 1484 sapiens
2873 1414 3057 1478 fueris,
3115 1413 3300 1484 paucis
3330 1414 3522 1468 diebus
3559 1414 3749 1468 omnia

2165 1521 2480 1576 cognosces,
2511 1505 2654 1561 unde
2704 1506 2796 1561 tibi
2827 1515 2918 1561 aut
2945 1521 3110 1571 mors,
3136 1515 3231 1560 aut
3259 1505 3368 1561 vita
3401 1505 3473 1559 sit
3509 1518 3747 1568 proveu~

2168 1609 2220 1654 ιιι
2230 1616 2305 1654 ra.

2242 1691 2303 1745 γ.
2340 1690 2396 1745 Si
2431 1689 2583 1746 fratri
2621 1690 2808 1746 cellam
2845 1696 2992 1743 tuam
3020 1688 3135 1744 dies
3171 1686 3371 1758 aliquot
3392 1687 3458 1740 ad
3487 1685 3747 1739 habitan-

486 1805 593 1850 tur.
626 1794 843 1858 Cavete,
877 1808 943 1846 ne
971 1791 1070 1844 ulla
1100 1791 1151 1844 in
1198 1803 1255 1843 re
1293 1789 1554 1842 fratribus
1583 1787 1776 1842 vestris
1807 1787 2058 1839 adverse-
2090 1772 2133 1827 Β
2164 1783 2288 1836 dum
2317 1781 2674 1847 concesseris,
2709 1781 2813 1835 noli
2837 1797 2958 1837 eum
2989 1779 3086 1835 tibi
3114 1779 3381 1834 subditum
3401 1777 3747 1832 existimare.

485 1888 643 1951 mini,
681 1901 748 1941 ne
788 1899 882 1939 eos
937 1882 1283 1953 perturbetis.
1319 1881 1375 1935 Si
1417 1883 1540 1950 quis
1583 1895 1704 1935 cum
1760 1887 1913 1948 patre
1967 1884 2060 1929 aut

486 1976 655 2032 fratre
677 1993 776 2032 suo
809 1976 1018 2029 habitat
1069 1973 1356 2042 spirituali,
1412 1972 1615 2026 nullum
1671 1986 1793 2025 cum
1823 1968 2063 2023 externis

485 2067 868 2122 commercium
907 2066 1102 2118 habeat
1147 2076 1162 2114 :
1197 2063 1311 2116 lucc
1344 2061 1489 2115 enim
1537 2069 1620 2114 est
1659 2074 1762 2130 pax
1798 2067 1853 2112 et
1885 2054 2064 2124 subje-

485 2159 614 2213 ctio.
645 2156 699 2211 Si
729 2171 846 2210 cum
877 2163 1029 2224 patre
1063 2163 1155 2206 aut
1191 2153 1360 2207 fratre
1408 2161 1500 2206 tuo
1527 2151 1764 2216 habitas,
1815 2164 1884 2204 ne
1913 2149 2065 2203 ineas

487 2249 625 2304 clam
665 2247 958 2302 amicitiam
993 2259 1112 2299 cmn
1167 2244 1369 2313 aliquo,
1406 2257 1578 2312 neque
1620 2242 1828 2296 occulte
1856 2240 2065 2296 litteras

486 2341 552 2393 ad
585 2339 818 2408 aliquem
847 2337 1074 2400 scribas,
1106 2337 1246 2404 quod
1280 2351 1374 2389 eos
1397 2335 1714 2403 quibuscum
1750 2333 1905 2396 vivis,
1932 2331 2065 2386 velis

487 2431 777 2499 ignorare;
824 2427 1059 2496 alioquin
1090 2437 1144 2480 et
1202 2435 1254 2480 te
1299 2425 1468 2492 ipsmn
1509 2433 1564 2477 et
1598 2424 1718 2478 illos
1753 2423 1968 2492 perdes.
2007 2423 2065 2477 Si

484 2535 608 2575 cum
644 2519 920 2588 superiore
978 2526 1029 2570 te
1089 2515 1320 2576 habitas,
1360 2513 1466 2568 noli
1521 2513 1659 2567 clam
1687 2523 1741 2567 et
1783 2517 1849 2568 eo
1895 2513 2065 2568 inscio

485 2612 708 2680 pauperi
747 2607 1090 2664 benefacere.
1141 2606 1257 2661 Noli
1288 2616 1408 2675 post
1442 2605 1645 2659 factum
1669 2614 1853 2673 petere
1881 2605 2066 2660 consi-

487 2703 638 2766 lium,
670 2701 763 2756 sed
793 2702 858 2755 de
897 2701 964 2756 iis
995 2713 1116 2769 qua:
1145 2706 1196 2752 te
1236 2697 1286 2752 in
1319 2696 1604 2767 praesentia
1630 2696 1911 2750 stimulant
1937 2709 2066 2748 con-

487 2795 640 2861 sule;
672 2793 786 2848 sive
835 2793 900 2845 de
929 2790 1247 2859 migratione
1291 2789 1518 2855 cogitas,
1550 2787 1662 2840 sive
1689 2800 1824 2854 opus
1853 2786 2066 2842 discere

488 2884 640 2954 cupis
674 2892 770 2937 aut
801 2881 1182 2945 intermittere,
1210 2887 1302 2930 aut
1325 2892 1445 2932 cum
1473 2877 1741 2947 aliquibus
1763 2877 2063 2941 discedere,

486 2977 746 3030 audacter
780 2973 1063 3028 consilium
1107 2980 1249 3039 pete,
1291 2978 1580 3039 antequam
1613 2983 1726 3023 rem
1776 2967 1947 3038 ipsam
1971 2981 2065 3036 ag-

488 3068 762 3137 grediare.
790 3065 954 3136 Aperi
995 3063 1371 3133 mgritudinem
1417 3061 1583 3114 animi
1618 3060 1839 3137 tui,‘aut
1869 3073 2065 3128 corpo-

491 3163 568 3216 ris
599 3160 842 3224 morbos,
870 3167 963 3212 aut
1003 3169 1190 3211 eorum
1217 3168 1427 3220 causas,
1458 3163 1618 3221 atque
1647 3150 1722 3205 ita
1756 3149 1929 3220 aperi,
1956 3163 2060 3204 non

487 3262 546 3306 ut
579 3251 807 3320 integer,
840 3247 933 3326 sed
960 3255 1039 3321 .ut
1063 3245 1376 3300 vulneratus
1414 3243 1652 3307 videare,
1679 3240 1724 3294 si
1761 3241 1844 3294 vis
1870 3238 2060 3293 vulne-

491 3344 569 3397 ris
614 3341 1066 3395 medicamentum
1113 3337 1380 3405 aeripere.
1431 3333 1584 3400 Quod
1613 3332 1659 3388 si
1706 3331 2065 3403 cogitationes

490 3444 613 3490 tuas
636 3431 920 3502 patefacis,
949 3445 1016 3484 ne
1043 3427 1285 3492 simules,
1321 3441 1454 3481 neve
1492 3439 1604 3480 rem
1633 3439 1793 3478 unam
1831 3438 1928 3493 pro
1959 3422 2063 3476 alia

491 3525 656 3587 dicas,
690 3530 782 3575 aut
823 3529 1075 3589 tanquam
1121 3519 1186 3571 de
1225 3516 1330 3570 alio
1360 3513 1628 3579 consulas,
1668 3512 1759 3567 sed
1783 3512 2064 3566 veritatem

491 3629 700 3685 prome,
730 3623 894 3681 atque
933 3611 1004 3664 ita
1048 3620 1099 3664 te
1129 3610 1301 3678 ipsum
1337 3623 1487 3677 para,
1513 3617 1572 3660 ut
1601 3621 1719 3674 qua!
1749 3605 1840 3660 tibi
1873 3605 2063 3660 dicen-

493 3719 601 3771 tur,
627 3705 860 3770 clIicias;
886 3704 1081 3773 alioqui
1116 3719 1220 3757 non
1247 3715 1406 3756 senes
1441 3715 1577 3769 quos
1604 3698 1860 3763 consulis,
1895 3698 1988 3752 sed
2017 3706 2068 3751 te

495 3798 666 3866 ipsum
701 3795 958 3864 decipies.

564 3886 652 3941 ιν.
691 3885 746 3939 Si
780 3901 809 3938 a
846 3883 1066 3938 senibus
1090 3880 1372 3936 consilium
1425 3879 1562 3947 petis
1597 3878 1855 3932 adversus
1886 3885 2067 3929 tenta-

495 3980 696 4033 tionmn
732 3974 1180 4046 impugnationes,
1211 3985 1278 4024 ne
1301 3971 1490 4024 audias
1524 3984 1635 4035 eos,
1674 3969 1764 4037 qui
1793 3967 1883 4020 tibi
1915 3968 2067 4036 plura

493 4085 654 4140 quam
682 4081 838 4122 senes
895 4066 1039 4119 intus
1069 4063 1380 4133 loquuntur.
1431 4058 1536 4114 Sed
1561 4059 1725 4112 Deum
1756 4073 1876 4123 ora,
1901 4067 1958 4111 ut
1988 4069 2067 4111 te-

494 4178 616 4218 cum
651 4161 814 4215 faciat
838 4155 1269 4212 misericordiam
1320 4167 1492 4217 suam,
1522 4165 1784 4220 senesque
1831 4157 2066 4212 moneat,

496 4264 554 4308 ut
589 4253 704 4317 tibi,
735 4265 854 4320 quae
911 4248 1014 4318 ipsi
1077 4257 1231 4318 grata
1261 4252 1406 4306 sunt,
1441 4241 1745 4296 consulant.
1782 4240 1917 4293 Tum
1952 4254 2071 4307 quae

496 4345 592 4401 tibi
629 4357 785 4399 senes
845 4340 1100 4404 dixerint,
1143 4337 1324 4400 facito,
1348 4345 1402 4389 et
1434 4334 1572 4388 Deus
1607 4342 1656 4387 tc
1685 4329 2068 4386 consolabitur.

499 4436 556 4491 Si
586 4451 708 4489 eum
755 4431 1017 4490 fratribus
1067 4426 1301 4490 habitas,
1343 4434 1397 4478 et
1425 4424 1658 4492 quietem
1687 4436 1792 4475 non
1841 4419 2068 4483 invenis,

496 4527 582 4581 vel
633 4534 849 4595 propter
902 4535 1090 4590 opera,
1142 4515 1226 4571 vel
1259 4526 1473 4586 propter
1508 4513 1751 4579 vincula;
1817 4511 1898 4565 vel
1944 4512 2069 4580 quia

497 4633 636 4673 onus
664 4617 809 4670 ferre
840 4627 942 4667 non
974 4620 1147 4680 potes,
1182 4609 1261 4660 vel
1289 4616 1506 4676 prOpter
1539 4604 1805 4668 acediam,
1840 4603 1921 4656 Vel
1951 4603 2078 4671 quia

493 4710 678 4778 iugum
707 4704 973 4759 sustinere
1001 4717 1105 4754 non
1133 4689 1298 4763 vales,
1349 4696 1432 4753 vel
1471 4697 1598 4767 quia
1628 4695 1807 4750 facere
1831 4693 2075 4748 volunta-

501 4813 608 4855 tem
643 4811 785 4851 tuam
833 4809 937 4848 non
967 4803 1139 4864 potes,
1172 4789 1254 4844 vel
1283 4789 1407 4860 quia
1459 4796 1746 4857 suppetunt
1780 4800 1865 4840 res
1892 4800 2080 4839 neces-

498 4890 765 4956 sariaa,vel
793 4889 917 4958 quia
949 4900 1008 4940 se
1031 4885 1239 4939 veriore
1270 4891 1320 4936 te
1350 4879 1631 4948 disciplina
1660 4878 1810 4948 cupis
1848 4875 2080 4930 adstrin-

500 4999 626 5052 gere
661 4991 715 5037 et
744 4980 1113 5035 vehementius
1171 4975 1458 5044 castigare,
1519 4987 1611 5026 seu
1649 4969 1840 5039 quavis
1872 4967 1976 5021 alia
2007 4967 2075 5022 de

499 5092 659 5130 causa
704 5083 754 5127 te
805 5072 1015 5126 animus
1072 5076 1250 5123 movet
1296 5075 1355 5119 ut
1380 5061 1695 5135 egrediaris,
1735 5077 1868 5116 cave
1899 5074 1966 5113 ne
1997 5069 2075 5113 te-

501 5181 650 5221 mere
684 5165 736 5219 id
778 5162 963 5227 facias,
1013 5175 1116 5215 neu
1143 5160 1329 5228 jugum
1364 5154 1628 5215 excutias,
1681 5161 1736 5206 et
1764 5163 1925 5205 exeas
1952 5163 2073 5204 eum

503 5257 747 5320 tristitia,
773 5263 865 5308 aut
885 5252 1093 5308 occulte
1113 5249 1286 5316 fugias
1311 5261 1432 5300 cum
1457 5243 1763 5305 afflictione,
1792 5243 2076 5293 immemor

505 5348 882 5411 fraternitatis,
915 5359 1037 5401 cum
1063 5339 1287 5396 offensio
1329 5336 1633 5401 intercedit,
1656 5343 1710 5388 et
1738 5332 1954 5386 malitiae
1983 5345 2075 5385 ve-

504 5444 680 5498 lamen
736 5435 1020 5499 obtendas,
1055 5433 1147 5488 sed
1178 5430 1358 5501 potius
1385 5427 1535 5499 pacis
1570 5434 1624 5479 et
1664 5421 2075 5493 tranquillitatis

505 5545 717 5602 tempus
752 5530 1006 5589 observa,
1059 5535 1115 5580 ut
1145 5524 1358 5577 animus
1381 5529 1529 5583 tuus,
1555 5516 1861 5586 ubicunque
1886 5513 2074 5580 fueris,

503 5623 875 5692 conquiescat.
909 5615 1031 5673 Tibi
1081 5614 1179 5684 ipsi
1218 5612 1427 5682 culpam
1480 5607 1714 5672 ascribe,
1746 5619 1852 5660 non
1898 5611 2076 5658 autem

578 5778 623 5810 “
650 5774 841 5832 Matth.
875 5789 947 5840 vi,
980 5773 1034 5839 4,
1065 5772 1119 5838 6,
1148 5770 1236 5825 l8.

2165 1873 2223 1928 Si
2251 1872 2441 1928 cellam
2472 1873 2698 1928 alterius
2730 1874 2844 1940 ipse
2898 1871 3090 1926 diebus
3123 1871 3328 1940 aliquot
3384 1871 3450 1922 ad
3492 1869 3751 1922 habitan-

2163 1965 2288 2020 dum
2326 1965 2624 2035 acceperis,
2661 1963 2871 2019 nihilin
2900 1978 2963 2017 ea
2995 1964 3198 2026 diruas,
3223 1970 3316 2016 aut
3355 1960 3594 2016 aedifices
3630 1959 3750 2014 sine

2163 2055 2281 2125 ejus
2309 2055 2521 2112 licentia
2564 2056 2653 2126 qui
2684 2071 2803 2110 eam
2837 2054 2931 2110 tibi
2975 2050 3356 2108 commodavit.
3387 2047 3440 2102 Si
3476 2063 3602 2103 cum
3648 2048 3747 2099 ali-

2164 2163 2270 2218 qno
2300 2147 2380 2202 vel
2416 2146 2626 2202 habitas
2674 2147 2758 2201 vel
2819 2159 3042 2216 peregre
3071 2139 3452 2212 proficisceris,
3495 2148 3548 2192 et
3577 2137 3650 2190 ab
3682 2151 3747 2189 eo

2165 2239 2475 2292 mandatum
2522 2236 2756 2305 accipis;
2811 2248 2942 2289 cave
2992 2239 3212 2301 propter
3239 2228 3424 2291 Deum,
3485 2239 3552 2278 ne
3615 2239 3748 2278 con-

2176 2341 2405 2394 tenmas,
2439 2345 2574 2384 neve
2603 2339 2696 2384 aut
2737 2328 2873 2383 clam
2902 2333 2993 2380 aut
3023 2324 3200 2394 palam
3233 2321 3301 2375 ab
3342 2319 3457 2387 ipso
3488 2316 3749 2371 mandato

2167 2424 2406 2478 recedas.
2446 2423 2502 2477 Si
2531 2423 2626 2477 tibi
2660 2423 2775 2491 ipse
2832 2421 2884 2475 in
2924 2417 3112 2480 cellula
3142 2425 3228 2470 tua
3264 2409 3666 2482 praeseripsisti,
3690 2417 3751 2459 ut

2167 2516 2249 2570 vel
2274 2525 2475 2570 statuta
2531 2514 2710 2582 aliqua
2743 2515 2874 2567 hora
2903 2508 3182 2569 comedas,
3213 2505 3297 2560 vel
3326 2518 3356 2557 a
3403 2502 3530 2557 cibo
3558 2501 3748 2566 aliquo

2167 2607 2464 2670 abstineas,
2501 2618 2632 2660 cave
2695 2618 2762 2658 ne
2802 2618 2921 2657 cum
2990 2612 3214 2670 peregre
3250 2592 3639 2672 proficisceris,
3691 2590 3745 2642 in

2168 2713 2353 2753 mensa
2413 2697 2648 2766 cuipiam
2681 2696 2832 2750 dicas
2868 2711 2881 2747 :
2912 2691 3134 2762 Ignosce
3187 2687 3339 2752 mihi,
3372 2689 3471 2740 hoc
3501 2698 3601 2754 ego
3625 2682 3748 2735 cibo

2166 2803 2276 2844 non
2307 2802 2518 2844 vescor.
2574 2787 2667 2842 Sic
2709 2787 2849 2840 enim
2880 2785 3092 2838 vanitas
3139 2792 3228 2835 tua
3280 2779 3490 2833 labores
3533 2785 3658 2827 tuos
3692 2773 3746 2824 iu

2166 2898 2358 2938 manus
2382 2881 2724 2936 inimicorum
2750 2889 2964 2934 tuorum
2987 2883 3286 2932 excuteret.
3311 2869 3572 2924 Dominus
3596 2866 3742 2920 enim

2160 2968 2332 3039 jubet,
2359 2980 2418 3024 ut
2445 2970 2495 3024 in
2543 2969 2756 3024 occulto
2785 2968 2897 3023 haec
2934 2965 3216 3028 faciamus,
3259 2960 3400 3030 quod
3429 2957 3588 3011 Pater
3647 2970 3745 3008 no-

2173 3071 2284 3116 ster
2314 3060 2468 3116 nobis
2501 3060 2689 3114 reddat
2718 3061 2769 3112 in
2796 3057 3079 3112 manifesto
3115 3055 3181 3108 ⁸⁵.
3216 3053 3316 3120 Qui
3345 3065 3509 3122 opera
3540 3064 3637 3102 sua
3662 3045 3744 3101 di-

2173 3152 2309 3221 ligit,
2343 3165 2406 3204 ea
2433 3160 2630 3216 servet,
2660 3163 2726 3202 ne
2751 3155 2994 3218 pereant.
3031 3144 3088 3198 Si
3115 3144 3167 3198 in
3195 3141 3384 3198 eodem
3411 3136 3587 3194 vivitis
3613 3150 3747 3189 con-

2175 3243 2444 3308 tubernio,
2494 3252 2546 3297 et
2593 3256 2715 3296 cum
2779 3254 2913 3305 opus
2951 3236 3165 3305 aliquod
3197 3235 3364 3298 intus,
3399 3240 3491 3286 aut
3509 3229 3645 3283 loris
3664 3225 3747 3278 fa-

2171 3337 2313 3396 citis.
2354 3335 2522 3390 frater
2573 3344 2697 3388 tuus
2729 3342 2884 3386 vocat
2913 3342 3001 3397 te;
3061 3344 3130 3384 ne
3187 3326 3390 3384 dixeris
3424 3319 3746 3388 :Paulisper

2172 3437 2447 3498 exspecta,
2475 3428 2599 3481 dum
2633 3440 2770 3494 opus
2789 3423 3086 3485 absolvam,
3125 3417 3220 3475 sed
3249 3416 3432 3472 statim
3465 3413 3744 3498 obtempe-

2173 3533 2250 3572 ra.
2272 3493 2426 3571 “Cum
2462 3530 2596 3584 opus
2625 3493 2843 3583 aliquod
2873 3509 3032 3566 simul
3063 3505 3260 3570 facitis,
3308 3503 3351 3557 si
3380 3509 3617 3556 erratum
3649 3493 3749 3548 ali-

2174 3607 2330 3678 cujus
2357 3605 2826 3671 animadverteris,
2863 3616 2928 3656 ne
2956 3598 3083 3655 illud
3129 3599 3196 3651 ad
3223 3594 3358 3649 alios
3384 3589 3620 3651 deferas,
3655 3593 3747 3638 aut

2175 3695 2226 3749 in
2248 3710 2342 3749 ore
2369 3704 2459 3746 tuo
2491 3693 2580 3754 sit,
2623 3700 2680 3745 ut
2707 3691 2962 3746 fratribus
3012 3687 3154 3740 dicat
3181 3701 3196 3750 ;
3227 3683 3278 3736 id
3330 3680 3470 3735 enim
3495 3685 3577 3730 est
3603 3685 3747 3728 mors

2175 3788 2365 3841 anima:
2391 3794 2513 3839 tute.
2548 3784 2605 3838 Si
2646 3792 2820 3838 tecum
2859 3781 3054 3834 fratres
3084 3773 3474 3835 habitaverint,
3503 3782 3624 3823 cum
3663 3767 3747 3820 la-

2174 3878 2414 3933 borando
2438 3885 2564 3930 sunt
2593 3873 2742 3939 fessi,
2768 3882 2894 3928 ante
2937 3869 3162 3925 solidam
3193 3863 3384 3921 edendi
3426 3861 3632 3922 horam,
3663 3855 3747 3909 fac

2176 3978 2234 4024 ut
2258 3968 2435 4023 cibum
2466 3967 2700 4036 capiant,
2756 3973 2808 4017 et
2849 3962 3143 4030 quiescant.
3200 3955 3292 4009 Dei
3340 3951 3540 4021 judicio
3575 3958 3750 4012 utere,

2177 4073 2283 4112 non
2313 4065 2494 4112 autem
2522 4065 2631 4108 tuo.
2671 4052 2940 4120 Quidquid
2971 4049 3106 4116 agis,
3143 4047 3306 4100 Deum
3344 4041 3437 4095 tibi
3465 4047 3591 4091 ante
3612 4050 3747 4089 ocu-

2183 4149 2264 4203 los
2320 4160 2579 4218 propone.
2613 4144 2668 4198 Si
2694 4143 2873 4210 aliquo
2903 4138 2968 4192 ad
2998 4135 3346 4192 habitandum
3390 4125 3748 4185 concesseris,

2179 4239 2262 4295 vel
2296 4239 2463 4302 solus,
2512 4236 2596 4290 vel
2627 4250 2747 4289 cum
2807 4231 2914 4286 illis
2943 4229 3032 4299 qui
3070 4235 3226 4282 erant
3275 4223 3387 4278 illic
3417 4227 3540 4274 ante
3584 4226 3656 4279 te,
3695 4225 3753 4268 et

2177 4328 2378 4384 videris
2431 4325 2502 4379 ibi
2547 4324 2834 4384 artilicem,
2882 4328 2975 4374 aut
3022 4329 3184 4386 Opera
3223 4327 3341 4383 qua:
3371 4309 3749 4364 detrimentum

2182 4418 2430 4483 afferant,
2459 4427 2550 4471 aut
2575 4412 2838 4469 monacho
2872 4409 3049 4463 minus
3078 4400 3479 4461 convenientia,
3508 4410 3573 4450 ne
3597 4405 3756 4466 pate-

2178 4510 2374 4566 feceris
2421 4523 2483 4562 os
2522 4516 2668 4560 tuum
2707 4503 2773 4556 ad
2813 4495 3359 4570 reprehendendum;
3398 4489 3492 4544 sed
3521 4488 3563 4568 si
3603 4484 3756 4556 quie-

2179 4612 2283 4656 tem
2315 4614 2421 4654 non
2471 4594 2699 4657 invenis,
2735 4592 2840 4645 alto
2887 4587 3251 4659 proficiscere,
3290 4589 3345 4635 et
3395 4579 3632 4648 linguam
3663 4588 3756 4626 co—

2178 4693 2327 4756 hibe,
2351 4705 2417 4744 ne
2443 4685 2770 4747 maledicas;
2822 4681 2872 4734 id
2897 4678 3040 4733 enim
3070 4675 3162 4730 tibi
3205 4687 3352 4727 mors
3373 4678 3476 4724 est.
3508 4665 3564 4720 Si
3601 4665 3754 4756 infir-

2183 4799 2302 4838 mus
2329 4795 2408 4847 es,
2438 4791 2492 4836 et
2519 4779 2585 4834 ad
2608 4777 2739 4831 vitia
2789 4770 3062 4844 proclivis,
3093 4781 3160 4821 ne
3201 4763 3484 4834 permittas
3513 4769 3571 4811 ut
3611 4753 3756 4824 cogi-

2187 4876 2422 4930 tationes
2450 4885 2577 4927 suas
2624 4881 2819 4938 pravas
2861 4863 2956 4919 tibi
3006 4871 3258 4929 tanquam
3311 4852 3451 4908 fideli
3491 4847 3754 4916 quispiam

2182 4963 2575 5026 communicet;
2608 4974 2672 5014 ea
2695 4957 2836 5011 enim
2894 4969 2981 5008 res
3012 4951 3204 5004 animae
3244 4957 3348 5000 tua:
3377 4950 3462 4997 est
3486 4938 3757 5010 pernicio-

2183 5070 2264 5109 sa.
2303 5052 2362 5106 Si
2413 5052 2555 5106 inter
2582 5063 2681 5102 vos
2724 5047 2932 5101 oriatur
2960 5054 3138 5094 sermo
3182 5035 3272 5105 qui
3321 5033 3490 5087 risum
3524 5035 3754 5090 moveat,

2184 5154 2369 5200 cavete
2415 5157 2483 5197 ne
2512 5154 2700 5196 vocem
2730 5145 2964 5190 vestram
2989 5129 3178 5184 sinatis
3203 5122 3480 5186 exaudiri;
3518 5119 3590 5172 ibi
3618 5117 3757 5171 enim

2185 5233 2413 5289 solutior
2439 5241 2523 5287 est
2556 5231 2698 5284 risus
2747 5228 2835 5281 ubi
2863 5240 2966 5278 non
3011 5227 3094 5276 est
3127 5215 3428 5283 disciplina,
3472 5225 3572 5266 nec
3601 5209 3758 5262 timor

2187 5325 2302 5384 Dei,
2331 5337 2429 5377 nec
2454 5319 2676 5374 interior
2707 5315 2873 5370 animi
2909 5308 3168 5365 custodia.

2261 5415 2341 5469 VI.
2384 5413 2644 5480 Quoniam
2679 5409 2757 5462 ira
2792 5405 2968 5460 divina
3008 5401 3060 5454 in
3086 5397 3271 5453 diebus
3322 5392 3526 5449 nostris
3567 5388 3761 5444 Invasit

2186 5509 2371 5562 orbem
2408 5513 2697 5567 terrarum,
2731 5498 2897 5553 nolite
2930 5492 3144 5556 terreri,
3177 5491 3224 5544 si
3271 5485 3402 5558 quid
3435 5479 3758 5538 horrendum

2189 5593 2540 5659 audiveritis;
2581 5590 2674 5645 sed
2708 5597 2779 5642 ita
2840 5585 3116 5640 vobiscum
3173 5577 3563 5635 considerate:
3625 5567 3758 5636 Quid
