3888 6284
178 357 320 417 Ηὲῧ

1267 362 1324 417 S.
1367 360 1566 418 lSAl/E
1604 358 1891 415 ABBATIS
1931 360 2336 423 ORATIONES.

3310 366 3444 421 “'26

175 489 301 532 sunt
331 479 464 542 lucc,
495 477 538 532 sl
596 488 716 532 cum
769 476 873 532 illis
913 477 1264 532 conferantur
1292 482 1344 533 in
1375 496 1493 546 quae
1533 489 1751 548 propter
1782 483 1827 536 Α
1875 479 2254 550 obsiinaleque
2287 479 2562 534 contendit
2604 479 2683 534 sic
2719 479 2805 534 illa
2844 493 2966 534 esse
2998 479 3364 549 intelligenda,
3398 482 3445 535 is

177 581 406 639 peccata
438 578 645 633 nostra,
686 569 788 623 nisi
836 570 1258 640 resipuerimns,
1291 573 1626 627 incidemus?
1662 571 1753 624 Di-

173 661 330 730 ligite
367 662 508 714 inter
534 675 627 713 vos
659 669 878 729 propter
908 661 1098 714 Deum.
1144 660 1200 715 Si
1255 662 1368 716 haec
1418 664 1469 716 in
1497 663 1754 732 simplici-

177 759 290 802 tate
315 750 685 814 servaveritis,
712 765 830 802 eum
851 751 1045 818 gaudio
1075 752 1398 817 pervenietis
1415 751 1479 805 ad
1511 752 1748 821 requiem

179 842 304 895 Filii
334 841 424 896 Dei
453 855 464 892 :
497 841 581 895 sin
615 841 682 894 ab
707 841 795 896 bis
819 843 1153 896 recesset-itis
1177 881 1191 905 ,
1246 843 1442 896 frustra
1487 843 1573 898 hic
1613 843 1754 897 labo-

173 934 405 996 rabitis;
467 943 520 986 et
561 949 682 987 cum
713 947 744 986 e
773 947 996 1000 corpore
1051 933 1288 997 exibitis,
1337 935 1402 986 ad
1430 934 1750 1004 supplicium

169 1034 460 1088 arternum,
502 1032 560 1077 ιιι
617 1023 911 1092 Scriptura:
965 1035 1232 1078 testantur
1260 1065 1274 1089 ,
1321 1027 1626 1092 rapiemiui.
1665 1025 1747 1080 Ob

171 1117 290 1168 hazc
315 1115 456 1168 enim
492 1129 614 1184 quae
668 1116 1233 1180 commemoravimus,
1291 1117 1436 1168 venit
1491 1116 1750 1170 Dominus

169 1217 360 1261 noster
385 1206 541 1261 Jesus
565 1207 834 1262 Christus.
878 1207 1072 1260 Verum
1119 1206 1302 1261 cordis
1351 1209 1517 1261 nostri
1557 1209 1748 1261 duritia

168 1315 271 1353 nos
295 1309 570 1365 circa-cat,
619 1299 744 1368 quia
806 1309 1004 1352 nostra:
1059 1299 1414 1368 obsequitnur
1461 1299 1746 1361 voluntati,

167 1407 401 1460 eamque
429 1393 795 1462 pra-ponimus
823 1391 920 1460 ipsi
946 1389 1078 1446 Deo.
1110 1389 1293 1459 Neque
1321 1391 1462 1444 enim
1489 1407 1609 1445 eum
1637 1391 1751 1443 dili-

164 1482 366 1552 gimus,
399 1481 490 1536 sed
523 1490 735 1535 nostras
759 1479 1084 1548 voluptates.
1114 1478 1176 1532 Et
1206 1480 1319 1534 haic
1352 1479 1502 1533 vobis
1530 1489 1749 1534 eoat-tus

164 1588 288 1627 sum
317 1574 576 1636 scribere,
601 1572 724 1641 quia
755 1571 935 1641 priora
966 1587 1072 1625 non
1101 1571 1318 1626 fuerunt
1349 1575 1500 1626 satis.
1532 1570 1749 1640 Diligite

166 1665 336 1736 igitur
361 1666 501 1719 inter
528 1680 646 1728 vos,
683 1674 737 1719 et
763 1665 932 1720 nolite
988 1665 1039 1718 in
1076 1664 1330 1718 cordibus
1357 1663 1556 1716 veStris
1587 1662 1749 1716 incir-

163 1755 427 1810 cumeisis
453 1769 795 1822 permanere.
823 1754 1085 1809 Pauculos
1116 1754 1248 1809 istos
1275 1755 1398 1808 vita:
1430 1754 1545 1806 dies
1599 1762 1743 1808 recte

1863 568 2086 639 gloriam
2123 571 2213 625 Dei
2239 581 2294 625 et
2322 571 2538 624 divitias
2584 569 2697 637 ejus
2747 571 2975 639 ignorat.
3023 571 3128 637 Qui
3171 567 3347 626 autem
3377 588 3440 626 ea

1875 661 1954 713 sic
1988 660 2222 730 inspicit,
2262 671 2316 713 nt
2353 662 2528 714 dicat:
2556 659 2668 714 Non
2701 660 2846 723 novi,
2890 663 3050 714 homo
3101 662 3244 714 enim
3279 677 3437 726 sum;

1874 758 1928 803 et
1952 747 2043 802 dat
2079 750 2302 818 gloriam
2335 749 2462 814 Deo,
2516 751 2570 802 in
2604 763 2669 802 eo
2725 749 2814 801 Dei
2847 749 3050 804 divitia:
3109 749 3439 804 inhabitant.

1861 840 2226 910 Cogitationes
2259 851 2375 895 tuas
2433 841 2539 895 uoli
2597 840 2930 909 quibuslibet
2959 841 3190 910 aperire,
3223 843 3316 894 sed
3347 856 3442 908 pa-

1864 933 2040 984 tribus
2069 941 2279 986 tantum
2319 933 2444 994 tuis,
2473 947 2537 986 ne
2567 931 2846 986 tristitiam
2874 934 3170 986 contrahas
3196 933 3248 985 in
3273 935 3440 986 corde

1865 1030 1970 1073 tuo.
2011 1021 2086 1074 Os
2111 1030 2258 1074 tuum
2288 1022 2520 1087 custodi,
2555 1031 2612 1074 ut
2657 1021 2936 1090 proximus
2988 1031 3110 1075 tuus
3145 1021 3196 1073 in
3235 1022 3441 1076 honore

1861 1112 1932 1166 sit
1961 1113 2099 1181 apud
2135 1120 2207 1164 te.
2239 1111 2401 1165 Erudi
2433 1102 2669 1182 linguam
2699 1123 2842 1165 tuam
2874 1113 2926 1165 in
2962 1113 3052 1165 Dei
3073 1114 3436 1178 sermonibus,

1859 1209 1914 1254 et
1944 1203 2284 1255 mendacium
2313 1201 2482 1270 fugiet
2515 1219 2540 1252 a
2577 1215 2646 1256 te.
2688 1203 2946 1255 Humana:
2968 1203 3151 1270 gloriae
3174 1205 3440 1270 cupiditas

1859 1293 2202 1372 mendacium
2233 1295 2395 1363 parit.
2431 1295 2502 1348 At
2530 1296 2850 1348 humilitatis
2874 1295 3113 1348 studium
3149 1295 3238 1348 Dei
3276 1297 3441 1349 timo—

1858 1398 1971 1437 rem
2009 1384 2061 1436 in
2089 1385 2252 1439 corde
2287 1385 2545 1454 majorem
2581 1385 2762 1438 ellicit.
2799 1385 2994 1437 Eorum
3027 1384 3117 1453 qui
3153 1387 3205 1438 in
3239 1388 3438 1440 mundo

1857 1472 2026 1542 gloria
2067 1482 2194 1528 sunt
2231 1474 2493 1542 insignes,
2525 1476 2821 1528 amicitiam
2871 1475 2976 1528 noli
3025 1469 3434 1545 concupiscere.

1862 1577 1927 1616 ne
1959 1561 2050 1616 Dei
2102 1562 2332 1630 gloriam
2398 1564 2716 1632 exstinguas
2771 1563 2822 1615 in
2859 1566 3024 1618 corde
3059 1573 3171 1618 tuo.
3229 1564 3287 1618 Si
3315 1566 3438 1632 quis

1858 1654 2091 1709 detrahit
2132 1655 2283 1708 fratri
2317 1671 2440 1719 suo,
2475 1666 2529 1709 et
2569 1671 2690 1709 eum
2742 1655 3142 1719 calumniatur,
3179 1666 3232 1710 et
3266 1657 3428 1710 mali-

1860 1745 1985 1798 tiam
2019 1747 2276 1807 ostendit,
2313 1747 2360 1800 ei
2393 1763 2458 1800 ne
2494 1745 2794 1814 patefacias
2822 1761 2981 1801 aures
3013 1757 3151 1815 tuas,
3185 1763 3249 1800 ne
3283 1758 3334 1802 te
3368 1763 3432 1801 ea

166 1846 456 1914 transigite
477 1860 598 1899 cum
632 1845 956 1910 humilitate,
984 1855 1038 1901 et
1063 1861 1215 1915 pace.
1245 1855 1297 1900 et
1316 1847 1592 1916 patientia,
1617 1862 1742 1915 pro-

1860 1853 1982 1906 quaz
2019 1838 2176 1903 nolis,
2210 1839 2694 1908 comprehendant.

164 1929 342 2007 priam
369 1947 708 2007 amputantes
736 1938 1066 1993 voluntatem
1118 1939 1169 1992 in
1201 1940 1486 1993 charitate.
1521 1937 1669 2006 Quod
1703 1939 1748 1993 si

169 2031 290 2083 lucc
327 2044 428 2083 non
457 2028 780 2092 observatis,
811 2031 904 2083 sed
945 2039 1029 2084 est
1077 2031 1218 2084 inter
1244 2045 1339 2084 vos
1379 2030 1548 2097 zelus,
1579 2041 1631 2083 ct
1662 2030 1745 2095 lis,

166 2129 226 2172 et
261 2120 560 2183 contentio,
592 2129 646 2174 et
676 2120 952 2188 Superbia,
978 2129 1029 2173 et
1063 2120 1383 2190 indignatio,
1409 2129 1461 2175 et
1491 2121 1748 2188 suspicio,

164 2220 227 2263 et
255 2210 660 2276 lnobedieutia;
718 2211 859 2265 male
909 2221 1124 2282 tempus
1166 2213 1510 2278 consumitis,
1547 2222 1599 2265 et
1634 2212 1750 2264 sine

161 2303 335 2355 dubio
363 2303 414 2356 in
441 2314 644 2357 teterna
707 2304 993 2373 supplicia,
1041 2319 1161 2356 cum
1198 2305 1325 2359 hinc
1365 2304 1746 2367 discesseritis,

160 2395 477 2449 incurretis.
510 2394 723 2464 Diligite
787 2395 952 2461 igitur
997 2395 1193 2450 fratres
1249 2405 1462 2450 vestros
1490 2395 1540 2447 in
1571 2394 1750 2447 chari-

162 2495 279 2538 tate
310 2494 518 2548 sancta,
561 2493 614 2536 et
670 2484 908 2554 linguam
970 2495 1204 2539 vestram
1237 2485 1529 2547 custodite,
1566 2501 1630 2538 ne
1663 2494 1745 2537 te-

159 2590 319 2629 mere
344 2577 504 2628 verba
537 2575 869 2643 pronuntiet,
899 2575 1096 2644 quibus
1118 2590 1216 2629 nos
1243 2573 1749 2628 oli‘entlatis.Potest

159 2678 348 2722 autem
381 2667 638 2723 Dominus
669 2674 812 2724 Deus
836 2679 1025 2722 noster
1050 2668 1279 2737 gratiam
1317 2666 1472 2720 nobis
1507 2665 1745 2732 elargiri,

162 2771 227 2816 ιιι
261 2761 396 2816 bona
433 2777 593 2830 opera
629 2761 888 2814 facientes
934 2760 1366 2814 misericordiam
1400 2759 1518 2828 ejus
1554 2773 1748 2811 conse-

165 2869 404 2923 quamur
447 2868 568 2906 cum
627 2851 880 2905 omnibus
920 2851 1124 2906 sanctis
1178 2851 1266 2920 qui
1297 2853 1344 2903 ei
1382 2850 1737 2916 placuerunt:

164 2943 427 3014 quoniam
456 2943 623 3011 ipsius
655 2951 742 2997 est
772 2941 1054 3010 gloria,~et
1098 2941 1290 3003 honor,
1322 2941 1570 2995 adoratio
1602 2956 1745 2996 nunc

163 3046 222 3091 et
259 3048 490 3102 semper,
513 3043 567 3087 et
596 3034 646 3086 iu
687 3031 880 3086 szecula
908 3029 1248 3086 saeculorum.
1275 3029 1466 3085 Amen.

774 3185 1029 3243 ORATIO
1073 3186 1156 3243 Vl.

169 3317 281 3384 Qui
311 3319 574 3371 honestam
603 3319 826 3384 quietem
871 3317 1112 3386 amplerti
1159 3317 1354 3379 volunt,
1383 3334 1468 3370 eos
1497 3334 1608 3371 esse
1651 3335 1746 3371 cu-

245 3389 410 3441 riosos
435 3403 535 3440 non
574 3396 828 3450 oportere,
855 3403 1014 3453 neque
1035 3389 1226 3440 omissa
1260 3398 1587 3448 peccatorum
1618 3406 1746 3441 suo-

240 3474 358 3510 rum
401 3457 856 3521 consideratione,
908 3467 1110 3526 tempus
1155 3459 1209 3510 in
1276 3459 1425 3510 rebus
1467 3458 1742 3512 inutilibus

250 3543 573 3581 consumere.

238 3664 280 3718 1.
323 3663 423 3731 Qui
451 3679 574 3718 cum
608 3662 922 3718 curiositate
968 3670 1241 3717 scrutatur
1273 3661 1604 3731 Scripturas,
1645 3661 1748 3715 ini-

162 3759 406 3813 micitias
438 3756 644 3810 invenit
671 3765 725 3809 et
755 3755 1154 3808 contentionem
1189 3771 1203 3819 ;
1238 3763 1290 3807 at
1315 3757 1404 3822 qui
1449 3755 1593 3825 luget
1624 3769 1748 3823 pec-

169 3861 294 3906 cata
320 3865 440 3914 sua,
473 3863 660 3918 pacem
697 3847 899 3915 reperit
935 3855 989 3899 et
1045 3845 1516 3914 tranquillitatem.
1560 3845 1748 3900 Mona-

166 3945 304 3998 chus
335 3943 425 4011 qui
462 3940 656 3995 residet
696 3941 750 3991 in
781 3937 914 3992 cella
939 3953 1060 4001 sua,
1085 3946 1160 3999 et,
1191 3938 1498 4006 posthabita
1549 3951 1748 4005 pecca-

168 4044 350 4088 torum
418 4046 639 4085 suorum
703 4028 1179 4092 consideratione,
1239 4027 1489 4082 curiosus
1541 4038 1626 4082 est
1695 4029 1746 4082 in

166 4121 465 4177 scrutanda
495 4121 803 4188 Scriptura,
857 4121 910 4172 in
964 4133 1150 4172 errore
1179 4131 1448 4173 versatur.
1491 4119 1749 4186 Quisquis

165 4221 460 4282 antequam
491 4226 548 4266 se
580 4212 752 4280 ipsum
783 4208 1080 4278 possideat,
1126 4211 1538 4279 questiunculis
1570 4221 1746 4276 vat-at,

164 4306 310 4377 quod
335 4305 415 4358 sic
447 4303 633 4357 autsic
656 4302 904 4370 loquatur
959 4298 1267 4368 Scriptura,
1321 4301 1369 4355 is
1411 4301 1746 4355 curiositatis

164 4395 301 4451 vitio
334 4394 560 4448 laborat.
604 4392 702 4459 Qui
735 4400 915 4445 autem
955 4391 1162 4460 vigilat,
1212 4406 1278 4444 ne
1322 4406 1350 4444 a
1389 4390 1626 4459 peccatis
1651 4405 1745 4444 ca-

1923 1923 1986 1982 ιι.
2034 1929 2372 1997 Simplicitas
2399 1937 2452 1984 et
2482 1929 2703 1984 humilis
2732 1928 2800 1984 de
2834 1943 2894 1983 se
2919 1929 3106 1998 opinio
3152 1944 3247 1984 cor
3292 1930 3437 1985 inte-

1854 2036 2010 2090 grum
2059 2031 2112 2074 et
2166 2036 2360 2090 pnrntn
2431 2037 2460 2074 a
2503 2021 2645 2076 malo
2697 2031 3006 2076 conservat.
3064 2021 3165 2088 Qui
3245 2021 3435 2076 callide

1859 2109 2100 2176 ambulat
2131 2124 2252 2164 cum
2285 2109 2455 2164 fratre
2481 2127 2578 2166 suo
2603 2151 2617 2176 ,
2653 2113 2818 2165 animi
2856 2113 3136 2166 tristitiam
3172 2128 3275 2166 non
3307 2112 3435 2166 effu-

1853 2200 1982 2270 giet.
2020 2199 2119 2266 Qui
2153 2216 2316 2254 unum
2355 2200 2408 2254 in
2437 2202 2624 2265 corde,
2662 2201 2802 2254 aliud
2842 2203 2893 2256 in
2919 2203 3091 2270 lingua
3125 2214 3431 2272 promptum

1853 2292 2037 2355 habet,
2080 2293 2348 2347 sacrificia
2403 2294 2521 2363 ejus
2563 2305 2690 2348 sunt
2747 2309 2904 2349 vana.
2975 2296 3106 2349 Cum
3166 2296 3430 2364 ejusmodi

1856 2381 2166 2435 hominibus
2209 2381 2316 2435 noli
2367 2381 2600 2446 versari,
2664 2397 2729 2434 ne
2760 2397 2968 2436 veneno
3031 2383 3268 2451 ipsorum
3295 2399 3426 2438 con-

1853 2485 2131 2540 spergare.
2161 2470 2292 2524 Cum
2326 2471 2508 2540 probis
2531 2480 2587 2524 et
2618 2471 2823 2525 sanctis
2853 2459 3164 2526 hominibus
3192 2471 3430 2534 ambula,

1853 2571 1910 2614 ut
1935 2576 2126 2615 eorum
2179 2561 2469 2630 probitatis
2519 2570 2573 2614 et
2623 2561 2930 2615 sanctitatis
2979 2562 3251 2631 particeps
3308 2563 3429 2616 lias.

1852 2651 2046 2706 Odium
2075 2652 2128 2706 in
2160 2652 2342 2706 animo
2368 2665 2552 2705 serves
2570 2651 2830 2705 adversus
2859 2652 3162 2715 neminem,
3191 2651 3431 2719 alioquin

1851 2743 2062 2796 labores
2093 2752 2210 2796 tuos
2272 2744 2460 2797 irritos
2527 2743 2826 2810 inanesque
2879 2745 3100 2798 reddes.
3139 2745 3244 2798 Cor
3275 2755 3429 2796 tuum

1850 2849 1977 2902 erga
2014 2849 2206 2888 omnes
2232 2835 2303 2888 sit
2330 2834 2598 2904 integrum
2637 2845 2802 2902 atque
2855 2834 3203 2899 benevolum,
3249 2843 3305 2887 ut
3339 2834 3430 2888 Dei

1851 2941 2038 2995 pacem
2068 2927 2120 2979 iu
2157 2935 2208 2979 te
2242 2927 2507 2995 reperias.
2569 2923 3032 2990 Quemadmodum
3076 2928 3226 2978 virus
3264 2925 3316 2979 in
3349 2936 3430 2979 to-

1852 3027 1964 3070 tttm
2001 3017 2143 3070 illius
2160 3030 2359 3085 corpus
2393 3015 2735 3081 dili‘unditur,
2765 3017 2854 3085 qni
2887 3031 3098 3070 morsus
3123 3027 3209 3069 est
3233 3032 3261 3068 a
3281 3031 3432 3071 scor-

1855 3109 2038 3178 pione,
2070 3117 2126 3162 et
2159 3108 2226 3161 ad
2257 3122 2352 3162 eor
2380 3123 2554 3175 usque
2587 3108 2911 3178 pertransit;
2953 3110 3032 3162 sic
3061 3123 3218 3177 quem
3249 3108 3431 3164 odium

1853 3207 2102 3269 occupat,
2135 3213 2346 3254 veneno
2384 3198 2749 3268 pet-funditur,
2781 3208 2832 3254 et
2865 3199 3079 3267 animus
3125 3199 3244 3269 ejus
3277 3201 3344 3253 ab
3365 3215 3433 3255 eo

1854 3291 2190 3344 vulneratur.
2240 3290 2497 3360 Quisquis
2562 3291 2728 3361 igitur
2781 3293 2985 3354 studet,
3030 3306 3096 3344 ne
3130 3291 3342 3345 labores
3373 3302 3431 3346 et

1849 3396 2010 3452 opera
2060 3397 2156 3436 sua
2215 3383 2464 3436 celeriter
2515 3393 2760 3450 pereant,
2814 3383 2866 3436 in
2924 3383 3268 3450 scorpionem
3304 3398 3333 3437 a
3370 3397 3432 3438 se

1849 3472 2033 3543 procul
2059 3483 2292 3538 avertet,
2346 3475 2396 3527 id
2439 3483 2522 3527 est
2571 3475 2752 3528 odium
2803 3484 2967 3544 atque
3006 3475 3428 3543 improbitatem.

1849 3565 1892 3618 A
1925 3579 2030 3632 qua
2062 3565 2280 3633 quidem
2313 3575 2465 3632 peste
2500 3563 2690 3618 liberet
2722 3580 2820 3619 nos
2885 3565 3190 3634 benignitas
3221 3565 3430 3619 Domini

1849 3656 2022 3710 nostri
2049 3653 2176 3709 Jesu
2203 3653 2430 3718 Christi,
2456 3654 2612 3721 cujus
2661 3663 2746 3707 est
2803 3654 2974 3724 gloria
3010 3664 3064 3710 et
3099 3657 3342 3710 adoratio
3377 3655 3432 3709 in

1851 3746 2045 3802 smcula
2079 3744 2420 3800 smculorum.
2463 3743 2653 3798 Amen.

2374 3895 2709 3953 ORATIO
2772 3895 2909 3952 Vll.

2434 4060 2510 4114 De
2544 4060 2848 4115 virtutibus.

1927 4217 1968 4272 1.
2009 4217 2148 4271 Tres
2176 4227 2301 4270 sunt
2335 4216 2562 4270 virtutes
2594 4213 2671 4285 (2)
2699 4229 2820 4282 quae
2851 4215 3014 4267 menti
3066 4228 3283 4283 semper
3305 4230 3431 4283 pro.

1852 4307 2109 4376 spiciunt,
2136 4308 2294 4375 eique
2323 4316 2448 4360 sunt
2475 4309 2826 4360 necessariae:
2865 4304 3099 4373 impetus
3129 4308 3428 4362 secundum

1855 4411 2132 4463 naturam,
2157 4409 2210 4454 et
2257 4395 2539 4462 fortitudo,
2577 4405 2631 4451 et
2670 4396 2971 4464 diligentia.
3003 4394 3136 4450 Tres
3165 4405 3292 4448 sunt
3323 4398 3432 4451 vir-

164 4489 374 4557 piatur.
418 4485 462 4540 is
494 4499 553 4539 se
580 4483 874 4552 supplicem
895 4482 1110 4536 assidue
1134 4481 1422 4552 proiicilin
1451 4488 1746 4550 conspectu
1779 4513 1826 4570 ο
1857 4501 2022 4555 tules,
2056 4505 2189 4559 quas
2229 4489 2274 4544 si
2328 4503 2479 4544 mens
2513 4502 2697 4542 secum
2737 4489 2958 4550 viderit,
2992 4503 3050 4542 se
3084 4490 3328 4556 proxime
3362 4490 3430 4543 ad

167 4581 286 4634 Dei.
322 4578 423 4643 Qui
480 4575 887 4630 similitudinem
930 4575 983 4628 in
1040 4571 1151 4628 Deo
1204 4573 1416 4642 quterit,
1476 4572 1749 4626 maledicit

167 4671 301 4725 Deo.
355 4669 457 4735 Qui
509 4668 674 4722 Deum
715 4667 957 4721 venerari
1016 4668 1219 4728 studet,
1277 4665 1328 4718 iu
1383 4665 1574 4718 timore
1632 4663 1748 4733 ejus

164 4763 512 4818 sanctitatem
542 4759 906 4828 amplectitur.
957 4757 1058 4823 Qui
1092 4757 1186 4812 Dei
1229 4759 1392 4810 verba
1430 4757 1667 4810 custodit
1695 4764 1749 4808 et

164 4862 373 4915 servat,
402 4851 449 4904 is
477 4850 644 4905 Deum
675 4851 977 4920 cognoscit.
1006 4848 1136 4914 Quae
1170 4849 1260 4902 Dei
1311 4849 1566 4902 sublimia
1621 4855 1750 4901 sunt

166 4960 235 4999 ne
259 4944 560 5012 quaesieris,
584 4944 711 4996 dum
751 4946 869 5010 ejus
897 4941 1154 4995 auxilium
1184 4940 1462 5008 imploras,
1489 4949 1546 4992 ut
1567 4939 1750 4992 veniat

164 5047 222 5089 et
251 5044 427 5088 servet
461 5043 513 5087 te
543 5049 572 5086 a
608 5042 855 5102 peccato.
892 5033 982 5087 Dei
1036 5046 1258 5084 munera
1285 5038 1477 5099 sponte
1500 5029 1744 5089 veniunt,

165 5128 210 5179 si
254 5128 428 5180 locum
478 5140 670 5194 purum
722 5135 1038 5194 castumque
1088 5122 1409 5192 repererint.
1462 5119 1564 5188 Qui
1620 5135 1744 5188 pro-

169 5219 288 5286 pria
324 5219 518 5271 nititur
541 5218 870 5287 cognitione,
925 5227 980 5272 et
1034 5231 1184 5270 suam
1222 5215 1469 5285 sequitur
1496 5214 1750 5267 volunta—

170 5321 300 5373 tem,
343 5309 390 5362 is
427 5311 568 5384 in‘se
601 5310 743 5365 fovet
771 5309 1101 5372 inimicitias,
1135 5309 1281 5362 etab
1323 5323 1387 5362 eo
1409 5309 1600 5375 spiritu
1629 5322 1749 5361 esse

170 5416 274 5453 non
310 5410 504 5468 potest,
539 5403 630 5469 qui
681 5403 860 5454 cordis
902 5402 1041 5471 parit
1092 5401 1584 5478 eompunctionem.
1648 5399 1750 5466 Qui

169 5490 318 5546 videt
355 5492 518 5546 verba
553 5493 866 5563 Scriptura,
899 5502 952 5547 et
983 5504 1163 5548 servat
1193 5507 1255 5547 ea
1320 5493 1539 5562 prOprio
1589 5507 1750 5547 sensu

1857 4582 2167 4636 felicitatem
2203 4580 2377 4635 credit
2434 4579 2770 4634 accessisse:
2812 4595 2976 4633 unum
3008 4579 3075 4633 ab
3099 4580 3208 4634 alio
3235 4581 3432 4634 discer-

1859 4687 2012 4738 nere,
2041 4672 2223 4726 omnia
2279 4680 2407 4725 ante
2473 4679 2682 4738 tempus
2716 4669 3039 4737 prtevidere,
3070 4677 3126 4724 et
3154 4669 3314 4723 nullis
3345 4684 3438 4724 ex-

1857 4765 2024 4816 ternis
2081 4762 2244 4817 rebus
2288 4760 2642 4816 commoveri.
2679 4759 2813 4814 Tres
2859 4769 2986 4814 sunt
3032 4760 3281 4827 virtutes,
3313 4775 3431 4829 quae

1854 4855 2020 4909 menti
2061 4855 2235 4909 lucem
2265 4852 2508 4923 przebcnt
2542 4853 2790 4908 assidue:
2821 4869 2924 4908 non
2959 4869 3115 4908 nosse
3139 4853 3430 4922 cujuscun-

1851 4962 1958 5016 que
1986 4947 2222 5000 hominis
2254 4945 2538 5011 malitiam,
2600 4953 2654 4999 et
2701 4945 3021 5000 benefacere
3070 4947 3137 5002 iis
3176 4963 3204 5000 a
3235 4948 3433 5016 quibus

1851 5037 2028 5092 affecti
2053 5053 2242 5091 sumus
2265 5036 2482 5106 injuria,
2514 5044 2569 5089 et
2623 5035 2766 5092 ferre
2799 5051 3136 5106 quaecunque
3176 5037 3430 5092 accidunt

1855 5129 1972 5183 sine
2004 5128 2429 5198 perturbatione.
2461 5129 2551 5183 liae
2587 5139 2701 5184 tres
2725 5129 2988 5193 virtutes,
3041 5138 3150 5183 tres
3179 5128 3317 5182 alias
3347 5141 3439 5194 pa-

1858 5223 2005 5276 riunt
2039 5238 2096 5275 se
2128 5222 2261 5289 ipsis
2299 5221 2575 5290 majores:
2629 5238 2736 5276 non
2788 5237 2946 5277 nosse
2996 5220 3233 5274 hominis
3281 5218 3428 5270 mali-

1859 5313 2008 5375 tiam,
2037 5312 2464 5366 benevolentiatn
2485 5313 2655 5382 gignit
2679 5332 2692 5376 ;
2716 5313 3039 5368 benefacere
3059 5309 3166 5364 illis
3182 5325 3210 5362 a
3238 5309 3431 5376 quibus

1858 5405 2122 5458 allieimur
2153 5405 2370 5473 injuria,
2399 5419 2583 5474 pacem
2607 5413 2860 5474 generat;
2912 5402 3056 5455 ferre
3080 5401 3196 5454 sine
3227 5409 3427 5468 pertur-

1859 5495 2076 5550 batiOue
2096 5509 2432 5564 qumcunque
2472 5495 2747 5559 accidunt,
2769 5494 2910 5562 parit
2937 5490 3432 5550 mansuetudinem.

243 5672 489 5748 (2)_Tr_es
514 5684 635 5748 sunt
667 5678 904 5748 _eirtutes
938 5707 1008 5716 ——
1045 5675 1344 5748 Immititas.
1381 5673 1644 5748 Crzrenm
1686 5675 1790 5748 loci
1852 5676 2009 5746 hujus
2063 5689 2265 5734 textum
2309 5682 2476 5736 habes
2532 5681 2670 5736 infra
2730 5681 2870 5734 inter
2905 5678 3154 5748 Capitula
3195 5675 3438 5747 ejusdem

171 5743 387 5798 abbatis
424 5743 574 5800 [sake
609 5763 638 5799 a
667 5744 893 5803 Possino
924 5748 1192 5816 evulgata,
1223 5746 1434 5801 scilicet
1469 5760 1590 5815 cap.
1629 5745 1738 5799 1-4.
