3888 6284
456 323 594 378 1127

1534 284 1806 376 carnes
1842 319 2142 377 ASGYPTII
2183 325 2456 382 secum
2499 327 2586 381 IV.

3597 323 3744 379 H33

452 437 696 504 Quattuor
727 444 853 491 sunt
890 435 1139 501 virtutes,
1196 449 1319 506 qua:
1359 444 1610 493 sanctam
1651 437 1889 492 animam
1917 439 2040 493 red-
2070 443 2114 498 A
2147 439 2284 494 Ecce
2315 442 2405 509 qui
2431 441 2757 495 studuerunt
2792 450 3002 492 animas
3032 451 3158 494 suas
3189 436 3438 503 liberare,
3475 437 3742 493 volunta-

451 533 629 582 dunt:
672 528 1039 592 taciturnitas,
1096 528 1406 584 observatio
1460 531 1866 596 mandatorum,
1905 546 2035 600 pau-

450 630 635 688 pertas
672 629 724 672 et
758 618 1058 672 humilitas.
1089 618 1330 684 Quatuor
1367 620 1517 675 hisce
1553 620 1846 675 virtutibus
1882 638 2034 676 mens

451 725 672 779 semper
711 709 915 778 indiget
945 726 958 762 :
993 707 1105 762 Deo
1136 709 1353 763 assidue
1385 710 1715 780 supplicare,
1742 726 1860 765 sese
1911 728 2034 779 pro-

450 812 696 856 sternere
722 801 773 854 in
804 811 1099 869 conspectu
1135 801 1250 866 Dei,
1293 803 1564 856 neminem
1607 802 1876 871 judicare,
1912 819 2034 858 sur-

450 893 575 946 dum
631 907 750 945 esse
837 893 1098 946 adversus
1149 895 1529 963 obstrepentes
1571 896 2028 965 perturbationes.

463 985 705 1048 Quatuor
737 983 970 1038 animam
1010 986 1235 1040 virtutes
1289 988 1559 1052 tntmiunt,
1615 987 1762 1042 etab
1789 988 2026 1042 hostium

455 1085 660 1129 terrore
702 1076 907 1130 faciunt
949 1078 1225 1146 respirare
1267 1096 1280 1131 :
1324 1067 1719 1144 misericordia,
1776 1096 2028 1134 mansue-

452 1167 600 1229 tudo,
639 1166 1022 1234 longanimitas
1052 1178 1109 1221 et
1164 1168 1482 1234 injuriarum
1535 1170 1754 1233 oblivio.
1790 1171 2030 1238 Quatuor

447 1256 679 1308 virtutes
706 1255 1125 1309 adolescentiam
1177 1257 1435 1326 adjuvant
1489 1260 1627 1326 apud
1660 1260 1822 1314 Deum
1852 1279 1865 1313 :
1895 1261 2031 1316 assi-

449 1345 550 1398 dua
579 1346 882 1410 meditatio,
915 1359 969 1400 et
994 1347 1290 1417 diligentia,
1318 1359 1372 1402 et
1397 1349 1694 1415 vigilantia,
1732 1362 1788 1404 et
1809 1351 2029 1408 humilis

447 1436 513 1489 de
545 1450 604 1490 se
634 1437 988 1491 existimatio.
1018 1438 1258 1504 Quatuor
1304 1450 1430 1493 sunt
1469 1456 1588 1508 qua:
1622 1442 1859 1496 animum
1895 1457 2028 1498 cOn-

450 1527 721 1581 taminant
748 1545 760 1579 :
795 1528 1000 1581 versari
1033 1528 1084 1580 in
1115 1529 1352 1594 civitate,
1383 1545 1483 1585 nec
1517 1532 1704 1586 oculos
1727 1536 2024 1598 custodire,

446 1618 732 1672 mulierum
766 1619 841 1672 uti
887 1619 1279 1685 lattiiliaritate,
1328 1637 1516 1676 eorum
1577 1625 1668 1692 qui
1735 1625 1786 1678 in
1829 1627 2027 1679 mundo

444 1708 663 1778 gloriosi
719 1722 845 1764 sunt
899 1712 1193 1766 amicitiam
1235 1713 1414 1782 sequi,
1448 1724 1503 1767 et
1543 1715 1756 1768 illorttm
1783 1717 1873 1785 qui
1902 1731 2027 1771 san-

2141 540 2222 583 les
2247 531 2498 600 proprias
2552 530 3029 594 circumcidcntes,
3080 543 3213 584 oves
3264 528 3382 597 ejus
3417 539 3636 583 sancta:
3670 532 3738 582 ad

2140 622 2475 676 sacriﬁcium
2510 621 2636 678 facti
2662 633 2808 677 sunt.
2851 622 2914 677 Et
2967 637 3090 676 cum
3121 622 3434 692 apparuerit
3476 622 3531 675 in
3553 622 3737 692 gloria

2136 713 2443 766 divinitatis
2497 728 2630 780 sum,
2687 713 2900 767 vocabit
2959 728 3054 768 eos
3096 712 3162 764 ad
3219 713 3504 766 dexteram
3537 727 3735 764 suam:

2145 803 2353 869 Venite,
2389 805 2660 873 inquiens,
2685 804 2940 858 benedicti
2979 802 3160 857 Patris
3191 803 3312 866 mei,
3338 803 3607 871 possidete
3643 819 3744 869 pa-

2135 905 2312 948 ratum
2346 895 2486 949 vobis
2520 911 2735 964 regnum
2765 911 2796 948 a
2846 896 3221 948 constitutione
3273 894 3479 946 mundi.
3509 893 3736 945 Esurici

2133 982 2300 1046 enim,
2329 993 2376 1036 et
2404 983 2623 1036 dedistis
2657 983 2782 1035 mihi
2809 984 3136 1036 manducare
3162 983 3227 1048 ³⁸,
3255 992 3449 1050 etquae
3480 996 3730 1049 sequuti-

2135 1085 2242 1126 tur.
2286 1074 2427 1130 Ecce
2448 1075 2540 1145 qui
2574 1075 2785 1129 animas
2829 1091 2955 1130 suas
3007 1075 3058 1129 in
3093 1076 3197 1130 hoc
3223 1075 3370 1130 brevi
3400 1075 3526 1128 vitae
3546 1075 3728 1127 curri-

2135 1167 2258 1220 culo
2287 1165 2543 1236 perdunt,
2573 1169 2844 1236 quomodo
2897 1182 2993 1220 eas
3045 1166 3324 1220 inveniunt
3378 1166 3430 1220 in
3483 1176 3738 1233 tempore

2133 1256 2492 1321 necessitatis,
2543 1266 2599 1311 et
2657 1258 2875 1327 prznmia
2917 1257 3072 1328 longe
3128 1258 3332 1325 majora
3374 1259 3730 1326 percipient,

2131 1363 2292 1414 quam
2318 1357 2720 1417 exspectaram.
2745 1349 2845 1416 Qui
2874 1360 3054 1403 autem
3090 1350 3322 1419 propriis
3339 1350 3731 1404 voluntatibus

2132 1439 2492 1508 indulgentes,
2558 1449 2776 1496 servant
2833 1441 3044 1494 animas
3097 1456 3224 1495 suas
3268 1441 3321 1494 in
3381 1443 3482 1495 hoc
3515 1442 3730 1496 saeculo

2133 1531 2370 1600 peccatis
2396 1533 2652 1600 obnoxio,
2683 1548 2850 1603 seque
2872 1533 3183 1587 divitiarum
3229 1548 3451 1587 suarum
3480 1535 3731 1588 vanitate

2131 1622 2448 1690 defendunt,
2477 1640 2654 1694 neque
2688 1626 2980 1679 observant
3010 1625 3263 1679 mandata
3314 1626 3424 1687 Dei,
3469 1628 3566 1681 sed
3598 1641 3728 1696 per-

2133 1726 2294 1782 petuo
2344 1731 2403 1771 se
2455 1717 2508 1771 in
2563 1719 2665 1772 hoc
2707 1717 2908 1772 saeculo
2960 1717 3202 1773 victuros
3243 1727 3474 1788 putant;
3536 1717 3594 1771 in
3636 1720 3728 1771 die

446 1800 613 1865 guine
642 1801 797 1855 nobis
835 1803 1110 1872 conjuncti
1138 1814 1286 1868 sunt,
1313 1805 1538 1874 diligere
1556 1809 2020 1864 consuetudinem.

2127 1801 2334 1869 iudicii,
2373 1807 2632 1862 caecitatis
2683 1823 2796 1862 sua:
2855 1785 3257 1877 turpitudinem
3294 1819 3625 1877 agnoscent,
3668 1818 3728 1861 et

447 1890 688 1957 Quatuor
719 1903 867 1955 sunt,
899 1893 1096 1962 quibus
1121 1896 1172 1948 in
1210 1911 1439 1966 corpore
1488 1897 1654 1952 libido
1687 1900 2020 1954 concitatur:

443 1998 666 2036 somnus
698 2000 869 2055 usque
911 1987 975 2040 ad
1006 1988 1353 2054 satietatem,
1387 1991 1631 2044 ciborum
1671 1994 1848 2060 copia,
1876 1992 2023 2047 face-

446 2078 640 2134 tiarqu
675 2080 974 2147 urbanitas,
1004 2090 1059 2134 et
1117 2082 1326 2136 delicia:
1376 2085 1845 2140 vcstin'ientorum.
1879 2085 2020 2152 Qua-

443 2181 566 2224 tuor
606 2181 752 2236 sunt,
787 2188 907 2241 quae
941 2173 1106 2226 menti
1167 2175 1416 2228 tenebras
1451 2174 1777 2230 oﬂ'undunt:
1839 2178 2020 2232 odium

445 2264 702 2330 proxiini,
729 2270 782 2318 et
808 2273 1173 2333 contempttts,
1213 2275 1266 2319 et
1312 2268 1611 2331 annulatio,
1663 2278 1824 2337 atque
1850 2271 2024 2338 suspi-

444 2352 550 2406 cio.
582 2352 831 2417 Quatuor
863 2365 991 2406 sunt
1023 2358 1218 2423 quibus
1257 2357 1439 2410 :mima
1501 2359 1715 2413 deserta
1749 2360 2020 2414 redditur:

444 2442 707 2495 transitus
743 2444 808 2496 de
849 2443 967 2497 loco
996 2445 1048 2497 in
1082 2445 1282 2509 locum,
1330 2447 1670 2516 negotiorum
1718 2452 2023 2520 occupatio,

342 2526 352 2531 ’
442 2545 623 2584 rerum
657 2540 996 2586 terrenarum
1059 2549 1214 2587 amor
1246 2546 1299 2588 et
1327 2539 1575 2592 avaritia.
1624 2539 1867 2606 Quatuor
1900 2551 2025 2597 sunt

442 2622 639 2690 quibus
681 2623 746 2675 ad
804 2623 1138 2678 iracundiam
1193 2626 1516 2682 incitamur:
1551 2644 1670 2682 cum
1708 2646 1814 2684 non
1869 2648 2023 2687 asse-

440 2712 664 2781 quimur
734 2715 1026 2783 concupita
1060 2756 1075 2782 ,
1141 2731 1263 2770 cmn
1320 2720 1593 2787 prepriam
1650 2722 2025 2790 amplectimur

441 2804 796 2873 voluntatem,
821 2819 944 2859 cum
976 2807 1207 2862 docendi
1255 2825 1452 2864 munus
1493 2812 1809 2881 accipimus,
1843 2823 1895 2867 et
1925 2829 2022 2869 nos

439 2895 736 2966 prudentes
779 2896 1184 2952 existimamus.
1235 2899 1360 2955 Tria
1419 2914 1569 2969 sunt,
1620 2920 1739 2974 qua:
1790 2906 2022 2962 virtutes

442 2997 636 3038 omnes
664 2995 1011 3052 conservant,
1035 2989 1129 3042 sed
1161 2999 1348 3057 paratu
1381 3001 1508 3046 sunt
1537 2991 1774 3046 dilIicilia
1799 3011 1813 3048 :
1840 2997 2023 3050 cordis

2127 1893 2260 1948 lient
2303 1896 2438 1952 haadi
2502 1898 2800 1964 maledicti,
2867 1908 2920 1953 et
2964 1897 3362 1954 formidandam
3419 1901 3728 1954 exaudiens

2119 1983 2322 2052 judicis
2355 1987 2679 2042 sententiam
2711 1988 2980 2042 dicentis:
3035 1988 3302 2042 Discedite
3329 2007 3361 2041 a
3400 2005 3504 2055 sne,
3561 1988 3730 2041 ntale-

2125 2077 2274 2143 dicti,
2300 2079 2356 2132 in
2387 2080 2559 2148 ignem
2584 2090 2862 2143 teternunt,
2896 2089 3143 2146 paratum
3175 2078 3387 2133 diabolo
3430 2090 3480 2133 et
3513 2082 3726 2148 angelis

2125 2187 2260 2240 ejus.
2288 2170 2498 2226 Esurivi
2530 2173 2689 2234 enim,
2716 2182 2762 2224 et
2790 2188 2894 2225 non
2915 2172 3134 2226 dedistis
3148 2173 3278 2226 milii
3303 2174 3634 2226 manducare
3653 2173 3726 2234 “,

2125 2276 2178 2320 ct
2209 2263 2432 2333 reliqua.
2492 2261 2645 2317 'l'unc
2699 2277 2763 2317 os
2827 2263 2935 2317 illis
2999 2266 3334 2326 obstruetur,
3364 2274 3417 2316 et
3463 2264 3613 2330 quod
3642 2279 3727 2314 re—

2125 2357 2451 2424 spondeant,
2487 2372 2594 2409 non
2633 2355 2929 2410 habebunt.
2960 2354 3096 2408 Nam
3132 2363 3186 2410 et
3218 2355 3262 2409 si
3305 2355 3578 2408 dixerint:
3611 2354 3727 2408 Do-

2126 2452 2283 2514 mine,
2311 2450 2523 2518 quando
2550 2459 2597 2502 te
2626 2448 2852 2502 vidimus
2878 2446 3212 2511 esurientem,
3239 2456 3287 2498 et
3316 2462 3416 2498 non
3439 2446 3726 2499 ministra-

2126 2543 2294 2595 vimns
2325 2539 2416 2594 tibi
2448 2540 2530 2594 “il
2563 2540 2634 2592 ita
2671 2538 3023 2593 refellentur:
3055 2536 3160 2602 Qui
3193 2538 3317 2592 bene
3356 2536 3479 2604 fecit
3529 2538 3629 2590 uni
3657 2554 3723 2590 α

2125 2633 2206 2684 Itis
2243 2631 2332 2699 qui
2353 2631 2406 2683 in
2436 2647 2514 2684 me
2539 2631 2777 2691 credunt,
2803 2629 2931 2682 mihi
2970 2627 3091 2696 fecit
3114 2629 3180 2684 δ’.

2197 2725 2280 2778 Ill.
2326 2723 2682 2792 Explorcmus
2731 2721 2928 2792 singuli
2961 2721 3342 2791 nosmetipsos,
3374 2720 3716 2783 charissimi,

2129 2827 2185 2872 et
2221 2816 2654 2873 consideremus.
2689 2827 2868 2869 utrum
2908 2814 3161 2867 mandata
3202 2814 3320 2884 ejus
3363 2827 3462 2882 pro
3502 2813 3718 2868 viribus

2124 2908 2600 2964 observaverimus
2636 2946 2652 2970 ,
2719 2919 2909 2959 necne.
2988 2903 3270 2959 Debitores
3328 2904 3472 2957 enim
3523 2919 3718 2958 sumus

2124 3014 2335 3062 omnes,
2361 3007 2416 3053 ut
2444 3012 2505 3052 ea
2520 3013 2616 3066 pro
2634 2996 2838 3050 viribus
2867 2994 3238 3062 observemus,
3269 3009 3465 3065 parvus
3482 3010 3582 3065 pro
3602 2994 3718 3049 esi-

441 3077 786 3145 compunctio
814 3115 833 3143 ,
889 3079 1068 3132 luctus
1125 3092 1346 3150 propter
1401 3094 1620 3151 peccata
1654 3125 1670 3149 ,
1719 3095 1772 3139 et
1804 3088 2019 3142 assidua
2051 3121 2092 3177 C
2126 3091 2332 3158 guitatc
2364 3103 2483 3155 sua,
2519 3098 2574 3144 et
2612 3103 2837 3154 magnus
2869 3101 2966 3156 pro
3016 3101 3110 3141 sua
3147 3086 3537 3155 magnitudine.
3622 3086 3716 3142 Et-

440 3171 632 3224 mortis
659 3170 962 3226 meditatio.
1000 3171 1126 3226 Tria
1157 3187 1284 3228 sunt
1321 3190 1442 3244 quae
1495 3177 1690 3230 anima:
1731 3180 2021 3236 dominan-

443 3269 546 3325 tur,
590 3270 880 3331 antequam
913 3261 979 3315 ad
1017 3279 1267 3334 magnam
1299 3282 1607 3321 mensuram
1649 3271 1948 3338 perveniat,
1971 3283 2025 3326 et

439 3348 557 3403 haec
594 3351 646 3403 in
679 3362 858 3406 tuente
892 3367 997 3407 non
1043 3354 1227 3408 sinunt
1285 3355 1529 3411 habitare
1573 3357 2026 3430 virtuteszcapti-

439 3443 604 3506 vitas,
641 3443 860 3513 pigritia
904 3455 959 3500 et
980 3445 1202 3502 oblivio.
1236 3448 1445 3517 Pugnat
1471 3451 1612 3505 enim
1644 3466 1766 3506 cum
1805 3452 2024 3510 homine

439 3534 665 3601 oblivio,
716 3547 772 3591 et
816 3547 1047 3593 conatur
1099 3541 1410 3610 Opprimere
1465 3557 1658 3604 omnes
1700 3543 1817 3614 ejus
1855 3545 2024 3602 bonas

440 3627 823 3695 cogitationes,
853 3639 1013 3698 atque
1046 3630 1117 3685 ita
1153 3632 1416 3687 malorum
1466 3637 1710 3689 omnium
1745 3636 1902 3692 alfert
1926 3653 2021 3693 oc-

440 3717 739 3781 casionem,
778 3726 832 3772 et
853 3720 1096 3787 quotidie
1131 3721 1365 3776 destruit
1419 3739 1480 3778 ea
1512 3741 1633 3794 quae
1685 3728 1754 3782 ab
1803 3729 2023 3784 homine

437 3810 796 3865 aediﬁcantur.

511 3897 575 3952 ll.
620 3900 814 3956 Cernis
853 3918 1018 3971 Opera
1071 3907 1195 3960 novi
1240 3907 1480 3963 hominis
1545 3920 1599 3966 et
1645 3917 1864 3969 veteris.
1917 3915 2018 3982 Qui

438 3989 614 4060 diligit
635 3991 870 4046 animam
894 4009 1072 4060 suam,
1113 4012 1181 4053 ne
1203 4000 1394 4067 perdat
1422 4015 1780 4068 eam,-servat
1805 4020 1867 4060 ea
1898 4023 2020 4076 qua:

435 4092 565 4138 sunt
586 4083 821 4140 hominis
855 4089 1002 4142 novi.
1027 4089 1095 4142 At
1127 4092 1217 4160 qui
1255 4092 1308 4145 in
1343 4093 1442 4147 hoc
1469 4095 1663 4166 exiguo
1693 4097 1816 4152 vita:
1845 4102 2019 4168 spatio

437 4179 680 4248 requiem
711 4182 927 4248 quaerit,
963 4197 1025 4236 ea
1055 4199 1174 4252 qua:
1227 4195 1351 4240 sunt
1396 4189 1592 4243 veteris
1631 4190 1864 4246 hominis
1903 4209 2019 4246 am-

434 4269 715 4339 plectitur,
747 4275 842 4328 sed
869 4276 1044 4342 perdit
1075 4277 1312 4332 animam
1370 4295 1538 4334 suam.
1574 4280 1706 4337 Nam
1761 4285 2018 4342 Dominus

435 4372 624 4416 noster
649 4362 807 4419 Jesus
833 4365 1082 4422 Christus
1115 4384 1310 4424 novum
1350 4372 1402 4426 in
1436 4390 1666 4444 corpore
1711 4391 1808 4431 suo
1835 4380 2014 4433 homi-

2126 3183 2272 3237 enim
2301 3183 2391 3251 qui
2449 3182 2502 3234 in
2560 3179 3006 3250 gazophylacium
3075 3192 3300 3230 munera
3329 3177 3713 3242 conferebant,

2125 3284 2284 3328 crant
2310 3272 2505 3328 divites
2536 3290 2550 3326 :
2607 3281 2845 3325 attamen
2880 3271 3090 3325 duobus
3123 3269 3300 3324 vidua:
3337 3271 3558 3324 minutis
3591 3286 3713 3324 ma-

2125 3368 2206 3437 gis
2236 3367 2453 3436 gavisus
2473 3373 2559 3419 cst
2584 3364 2866 3428 Dominus,
2902 3362 2995 3432 qui
3034 3362 3212 3432 l’animi
3259 3363 3429 3416 nostri
3470 3365 3713 3432 proposi-

2131 3467 2240 3510 tum
2268 3455 2509 3510 intuetur
2534 3455 2600 3508 ".
2624 3452 2840 3509 Nullum
2875 3454 2929 3508 in
2985 3453 3241 3508 cordibus
3279 3459 3481 3507 nostris
3512 3455 3711 3508 inertia

2125 3546 2302 3601 locum
2337 3545 2600 3608 inveniat,
2624 3559 2691 3597 ne
2739 3543 2943 3598 invidia
3005 3557 3105 3597 nos
3135 3552 3351 3610 separet
3382 3560 3409 3596 a
3443 3542 3575 3597 Deo.
3603 3544 3711 3596 Sed

2125 3637 2431 3692 ministeria
2457 3645 2644 3690 nostra
2678 3650 2775 3705 pro
2805 3635 3015 3688 viribus
3065 3649 3450 3702 exsequamur.
3507 3633 3710 3699 Quem-

2123 3730 2412 3785 admodum
2431 3730 2574 3785 enim
2596 3727 2913 3782 misericord
2923 3727 3026 3780 iam
3049 3742 3200 3780 suam
3219 3727 3272 3780 in
3293 3726 3706 3797 archisynagogi

2122 3821 2288 3876 tiliam
2314 3821 2570 3885 ostendit,
2599 3833 2718 3874 eam
2759 3819 2812 3872 in
2847 3817 3012 3871 vitam
3045 3832 3339 3882 revocans;
3373 3828 3423 3872 et
3439 3819 3582 3872 sicut
3608 3820 3710 3871 mi-

2122 3926 2305 3972 sertus
2334 3923 2417 3969 est
2451 3913 2596 3967 illius
2623 3911 2887 3973 mulieris,
2912 3925 3034 3978 qua:
3054 3910 3336 3978 sanguinis
3373 3909 3575 3964 ﬂuxum
3609 3927 3705 3979 pa-

2123 4007 2378 4072 tiebatur,
2427 4019 2658 4075 quaeque
2690 4012 2981 4072 antequam
3036 4002 3315 4058 Christum
3347 4013 3705 4070 cognosceret

2121 4113 2314 4152 omnes
2348 4096 2631 4150 facultates
2669 4109 2796 4149 suas
2823 4093 2876 4146 in
2903 4093 3142 4146 medicos
3171 4102 3616 4158 consumpserat;
3654 4101 3708 4143 et

2121 4189 2573 4258 quemadmodum
2603 4188 2813 4242 curavit
2849 4200 3080 4258 puerum
3124 4183 3489 4245 centurionis,
3522 4182 3617 4251 qui
3647 4183 3701 4235 in

2119 4297 2178 4337 se
2207 4282 2544 4346 crediderat;
2568 4291 2625 4336 et
2657 4280 3113 4351 quemadmodum
3147 4278 3510 4334 Chananaaam
3538 4278 3708 4331 mise-

2121 4385 2268 4429 ratus
2301 4383 2384 4428 est
2413 4374 2465 4428 in
2496 4372 2609 4442 ejus
2637 4372 2759 4426 ﬁliae
2776 4372 3074 4437 curatione,
3096 4379 3150 4425 et
3179 4369 3443 4424 Lazarum
3467 4370 3704 4421 amicum

434 4469 560 4509 nem
587 4456 902 4523 ostendens,
939 4459 1188 4516 dicebat:
1243 4464 1348 4529 Qui
1370 4476 1512 4520 amat
1577 4469 1808 4522 animum
1836 4489 2011 4540 suam,
2047 4471 2091 4526 Ι)
2121 4481 2277 4519 suum
2301 4465 2355 4519 in
2377 4465 2542 4518 vitam
2565 4463 2839 4518 revocavit
2862 4482 2874 4517 ;
2900 4462 2978 4516 sic
3007 4461 3226 4514 unicum
3253 4459 3505 4528 pauperis
3526 4459 3704 4512 vidua:

433 4555 616 4617 perdet
643 4565 794 4616 eam;
827 4554 916 4619 qui
944 4563 1116 4608 autent
1165 4557 1453 4621 perdiderit
1505 4576 1620 4614 eam
1669 4573 1880 4632 propter
1913 4581 2013 4631 me,

435 4643 660 4700 inveniet
689 4643 839 4697 illam
866 4645 954 4700 ³⁸⁸.
987 4647 1104 4715 Ipse
1133 4651 1276 4703 enim
1324 4661 1407 4708 est
1431 4653 1692 4708 Dominus
1745 4656 1914 4724 pacis,
1963 4667 2019 4712 et

436 4752 533 4808 per
562 4739 735 4808 ipsum
768 4739 977 4794 medius
1029 4741 1326 4796 inimicitiae
1371 4747 1551 4814 paries
1581 4745 1790 4800 dirutus
1817 4757 1902 4801 est
1931 4747 2013 4814 ‘5;

434 4843 522 4886 et:
554 4830 675 4884 Non
695 4835 825 4898 veni,
853 4834 1044 4902 inquit,
1083 4835 1284 4890 mittere
1317 4854 1516 4905 pacem,
1548 4841 1638 4894 sed
1679 4841 1912 4910 gladium
1941 4842 2013 4907 3°;

434 4935 490 4977 et
528 4939 777 4979 rursum:
825 4924 949 4980 Veni
979 4929 1185 4984 mittere
1239 4931 1407 4998 ignem
1440 4933 1496 4985 in
1547 4943 1758 5000 terram,
1797 4945 1844 4988 et
1880 4937 2007 5005 quid

433 5015 545 5068 volo
573 5016 673 5069 nisi
705 5027 758 5068 ut
788 5018 1108 5071 accendatur
1140 5019 1224 5073 "’?
1261 5019 1357 5074 Hic
1388 5031 1470 5076 est
1498 5023 1640 5090 ignis
1681 5025 1768 5079 ille
1812 5025 2008 5079 divini-

433 5105 557 5157 tatis
581 5104 716 5173 ejus,
735 5107 824 5175 qui
853 5109 906 5159 in
946 5109 1142 5161 animis
1184 5123 1374 5163 eorum
1407 5112 1498 5180 qtti
1561 5122 1803 5167 sanctam
1839 5115 2005 5184 ipsius

431 5193 733 5250 doctrinam
786 5198 958 5251 secuti
1015 5208 1162 5263 sunt,
1214 5202 1436 5257 exarsit.
1475 5201 1626 5258 Tunc
1683 5205 2007 5261 invenerunt

429 5287 666 5354 gladium
693 5288 939 5357 spiritus,
970 5299 1024 5343 et
1052 5305 1243 5347 omnes
1275 5295 1454 5347 carnis
1481 5296 1784 5366 voluptates
1809 5309 2001 5366 ampu-

428 5391 629 5436 tarunt.
667 5383 729 5436 Et
759 5395 947 5452 postea
982 5385 1128 5439 dedit
1192 5387 1271 5441 eis
1311 5389 1588 5457 gaudium,
1625 5391 1848 5446 dicens:
1893 5391 2004 5446 Pa-

427 5489 536 5528 cem
577 5491 744 5528 nteant
775 5477 840 5529 do
864 5477 1026 5541 vobis,
1057 5493 1235 5545 pacem
1287 5495 1454 5532 meam
1504 5480 1738 5550 relinquo
1770 5483 1910 5538 vobis
1933 5484 1999 5540 ⁸⁸.

498 5620 792 5696 “ﬁlatim.
830 5625 1012 5696 M7339.
1095 5625 1138 5657 ³⁵
1184 5627 1379 5696 ΙίνΙιες.
1412 5644 1472 5692 tt,
1511 5630 1595 5684 Μ.

429 5774 504 5822 tv.
539 5762 625 5816 l9.

498 5631 562 5652 δι’
607 5631 792 5676 Matth.
830 5640 882 5682 κ.
925 5631 1012 5678 59.
1095 5631 1138 5657 ³³⁵
1184 5631 1379 5696 Ιίνιιες.
1412 5644 1472 5692 ιι,
1511 5631 1595 5684 Μ.
1675 5631 1719 5662 ““
1760 5631 1943 5688 Matth.
1967 5651 2018 5702 κ,

427 5691 650 5766 κκνεβμι
679 5711 801 5764 sqq.
878 5694 922 5725 ⁸ο
963 5696 1094 5751 ibid.
1139 5698 1226 5753 41.
1307 5700 1346 5730 ⁸⁸
1393 5702 1521 5757 ibil.
1575 5701 1664 5758 44.
1741 5704 1786 5734 ⁸³
1839 5705 1966 5760 ibid.
2007 5719 2020 5760 4

2221 5635 2262 5665 ³⁷
2306 5632 2436 5686 Luc.
2465 5645 2563 5690 xu,
2593 5631 2679 5676 49.
2791 5631 2835 5649 δ”
2875 5631 3029 5670 .toan.
3076 5631 3186 5672 xw,
3216 5631 3298 5663 ιιι.

2176 5704 2220 5736 ’⁸
2261 5703 2426 5758 Marc.
2466 5715 2562 5766 xu,
2598 5691 2803 5756 lit-45;
2839 5688 2968 5742 Luc.
3031 5699 3146 5748 ut,
3181 5684 3298 5736 ιοό.

2122 4559 2289 4613 [ilium
2322 4557 2575 4626 lacrymis
2603 4556 2723 4625 ejus
2753 4563 3059 4608 commotus
3079 4551 3397 4606 suscitavit:
3432 4561 3487 4604 et
3510 4565 3705 4618 quem-

2121 4653 2411 4706 admodqu
2438 4649 2658 4702 Mariam
2691 4662 2811 4716 qua:
2843 4648 3007 4714 pedes
3035 4644 3152 4714 ejus
3206 4651 3482 4713 unguento
3519 4645 3699 4706 unxit,

2121 4753 2176 4796 ct
2213 4740 2470 4812 lacrymis
2510 4738 2788 4800 abstersit,
2813 4751 2920 4790 non
2978 4745 3062 4790 est
3108 4746 3459 4804 aspernatus:
3497 4735 3568 4786 ita
3603 4750 3704 4788 nec

2123 4835 2481 4903 peccatricem
2541 4833 2702 4900 pedes
2763 4843 2895 4883 suos
2944 4837 3216 4897 unguento
3239 4836 3527 4895 ungcntem
3568 4839 3702 4878 con-

2127 4927 2370 4994 tempsit.
2408 4925 2471 4978 Et
2519 4921 2972 4992 quemadmodum
3028 4918 3245 4971 Petrum
3281 4927 3334 4969 et
3368 4914 3636 4969 Joannem
3671 4933 3701 4968 e

2117 5018 2362 5074 navicula
2388 5019 2622 5086 ipsorum
2640 5013 2872 5077 vocavit,
2894 5008 3210 5080 Sequimini,
3227 5007 3500 5076 inquiens,
3519 5023 3604 5059 me
3624 5007 3697 5068 “;

2115 5113 2196 5168 sic
2224 5121 2278 5166 et
2305 5109 2615 5164 Matthzeum
2655 5107 2708 5158 in
2776 5103 2975 5159 telonio
3027 5101 3304 5154 sedentem
3337 5097 3573 5152 vocavit.
3633 5097 3700 5150 Et

2115 5201 2568 5274 quemadmodum
2602 5197 2733 5252 lavit
2761 5198 2922 5264 pedes
2945 5191 3355 5260 discipulorum,
3393 5189 3474 5243 sic
3498 5187 3700 5242 lavitct

2111 5296 2306 5354 Judam
2333 5296 2449 5349 sine
2480 5292 2588 5346 ullo
2610 5289 2943 5344 discrimine.
2966 5285 3031 5338 Et
3055 5281 3512 5352 quemadmodum
3534 5293 3699 5348 super

2114 5386 2388 5459 apostolos
2421 5383 2568 5438 venit
2621 5380 2856 5451 Spiritus
2897 5375 3248 5437 Paracletus,
3301 5373 3383 5426 sic
3443 5380 3499 5424 et
3531 5385 3698 5438 super

2112 5483 2418 5541 Cornelium
2454 5480 2619 5536 venit.
2653 5476 2717 5529 Et
2741 5471 3195 5545 quemadmodum
3227 5477 3447 5538 prapter
3473 5463 3696 5518 Paulum

3413 5606 3459 5637 "
3505 5603 3695 5658 Matth-

2791 5618 2835 5649 ³⁸
2875 5615 3029 5670 Joan.
3076 5627 3186 5672 XIV,
3215 5610 3308 5663 27.
3413 5610 3459 5637 ³³
3505 5610 3695 5658 Matth-

2791 5707 2800 5718 ο
2839 5688 2968 5730 Ltm-
3032 5699 3145 5730 ut-
3181 5684 3298 5730 ιοδ.
3413 5677 3459 5708 ⁵⁸
3500 5674 3697 5730 Matth.

2221 5635 2262 5665 ³⁷
2306 5632 2436 5686 Luc.
2465 5645 2563 5690 xu,
2593 5623 2679 5676 Η).
