3888 6284
212 275 349 332 ΝΞΟ

1277 271 1340 330 S.
1377 268 1589 330 ISAhE
1631 265 1926 324 ABBATIS
1963 263 2378 322 ORATIONES.

3346 271 3480 330 H30

205 391 434 444 Ananiae
461 403 626 460 opera
652 403 784 446 usus
803 396 883 446 est
911 387 1159 446 Damasci
1183 407 1195 443 :
1219 388 1505 457 Quoniam,
1530 388 1800 458 inquiens,
1833 391 1878 446 Α
1907 393 2162 454 tanquam
2189 397 2384 454 equum
2417 381 2535 437 sine
2564 390 2770 438 rectore
2795 382 3157 452 oberrantem,
3190 400 3349 457 quem
3391 393 3484 460 qui

163 528 166 532 .
206 495 298 532 tias
324 477 594 532 electionis
643 487 716 532 est
771 478 901 532 mihi
929 478 1008 543 i';
1046 479 1127 534 sic
1185 479 1238 534 itt
1296 477 1544 534 Samaria
1575 486 1798 548 propter

208 570 524 624 eunuchum
549 565 866 638 Ethiopem
901 584 1032 624 usus
1058 577 1141 625 est
1169 584 1331 639 opera
1362 568 1615 638 Philippi.
1644 567 1797 623 Nulla

204 657 354 710 enim
391 656 442 710 in
474 667 769 726 conspectu
805 658 922 728 ejus
985 667 1069 714 est
1116 659 1364 728 acceptio
1419 671 1796 726 personarum,

207 747 360 801 nulla
399 748 542 802 inter
569 761 796 818 parvum
851 759 906 803 et
948 763 1224 820 magnum,
1278 749 1419 803 nulla
1475 750 1614 804 inter
1666 766 1801 820 pau-

209 849 399 906 perem
457 844 515 891 et
573 839 794 893 divitem
865 837 1192 895 diﬁ'erentia.
1253 841 1431 896 Animi
1465 842 1797 913 propositum

213 928 464 996 respicit,
503 939 556 984 et
590 929 751 985 fidem
782 945 910 1001 erga
945 946 1003 987 se
1041 941 1096 987 et
1153 934 1529 989 mandatorum
1576 948 1798 989 suorum

210 1020 678 1087 observationem,
703 1031 759 1077 et
784 1023 1132 1079 dilectionem
1168 1039 1295 1096 erga
1325 1041 1536 1080 omnes.
1571 1025 1688 1082 lloc
1718 1033 1802 1082 est

209 1111 362 1166 enim
393 1113 560 1167 animi
599 1114 816 1186 signum
844 1126 898 1171 et
921 1128 1071 1183 n0ta,
1107 1131 1229 1170 cum
1263 1130 1293 1172 e
1339 1133 1566 1188 corpore
1599 1117 1800 1174 disces-

208 1206 370 1258 serit.
410 1205 478 1258 ln
508 1205 625 1271 hoc,
685 1207 895 1277 inquit,
947 1219 1258 1279 cognoscent
1310 1225 1487 1263 omnes
1536 1225 1625 1263 vos
1660 1225 1800 1263 meos

210 1312 330 1352 esse
355 1299 662 1367 discipulos,
697 1300 742 1353 si
767 1299 1108 1354 dilectionem
1141 1299 1425 1355 habueritis
1463 1302 1601 1354 inter
1621 1316 1708 1354 vos
1727 1299 1796 1352 “.

293 1387 384 1444 IV.
440 1387 588 1445 Hanc
646 1390 953 1445 dilectionis
1001 1399 1181 1445 notam
1236 1391 1434 1460 quibus
1480 1391 1799 1460 impressam

213 1475 454 1530 viderint
481 1477 804 1546 adversarii,
828 1477 898 1532 ab
935 1477 1041 1534 illis
1077 1493 1204 1534 cum
1237 1479 1434 1535 timore
1461 1478 1748 1536 discedent
1782 1497 1796 1533 :

214 1575 485 1624 atomnes
517 1569 832 1639 angelorum
881 1578 1060 1626 coetus
1103 1569 1210 1626 illis
1252 1571 1798 1643 congratulabuntur.

217 1656 378 1714 Totis
401 1661 568 1729 igitur
597 1661 806 1716 viribus
847 1676 1071 1733 operam
1098 1663 1309 1728 demus,
1356 1663 1553 1719 fratres
1587 1662 1799 1719 charis-

1906 474 2109 529 invenit
2135 474 2332 530 insidet
2360 473 2443 538 ei,
2488 486 2551 527 ac
2581 485 2768 530 rursus
2801 472 3082 529 dimissum
3111 476 3179 529 ab
3211 475 3321 540 illo,
3350 477 3486 536 allus

1906 564 2264 632 apprehendit
2303 574 2468 634 atque
2505 563 2840 620 conscendit.
2879 563 3028 619 Alias
3065 577 3246 622 autem
3292 570 3486 627 similis

1905 669 2046 719 sunt,
2085 655 2278 726 inquit,
2325 656 2550 720 homini,
2597 670 2756 725 quem
2805 656 3004 712 inimici
3036 660 3486 727 comprehensum

1907 763 1972 801 ac
1999 748 2234 802 vinctum
2267 748 2320 802 in
2354 747 2492 804 caeni
2525 748 2699 803 lacum
2747 748 3109 818 conjeeernnt.
3157 751 3258 818 Qui
3301 753 3346 810 si
3370 755 3487 810 cla-

1908 839 2138 895 maverit
2189 839 2258 894 ad
2295 837 2576 896 dominum
2607 855 2789 905 suum,
2833 841 3146 897 verberatur
3175 844 3242 898 ab
3289 846 3389 913 eis,
3429 856 3490 901 ut

1907 935 2104 984 taceat.
2133 927 2265 984 item
2294 929 2510 996 similis,
2543 929 2737 1000 inquit,
2783 944 2902 983 sum
2931 935 3167 1000 passeri,
3210 933 3362 1003 cujus
3396 951 3490 1006 pes

1907 1019 2101 1088 laqueo
2128 1017 2341 1072 vinctus
2371 1017 2477 1085 sit;
2509 1017 2596 1088 qui
2643 1017 2768 1071 dum
2819 1017 3052 1072 soluth
3089 1034 3146 1074 se
3170 1021 3490 1077 existimans

1907 1109 2088 1162 volatu
2129 1107 2426 1174 extollitur,
2459 1109 2651 1179 laqueo
2683 1110 2962 1164 retinetur.
2998 1108 3164 1166 Nemo
3196 1113 3340 1166 enim
3383 1125 3489 1180 est,

1905 1197 1999 1268 qui
2032 1213 2138 1253 non
2182 1198 2252 1252 ad
2295 1207 2594 1252 extremum
2645 1212 2815 1267 usque
2853 1198 3100 1266 spiritum
3133 1200 3315 1270 aliqua
3364 1217 3490 1271 pre-

1909 1298 2086 1343 matur
2118 1290 2502 1347 sollicitudine.
2560 1289 2728 1356 Idem,
2787 1292 2831 1346 si
2888 1291 3036 1359 quid,
3083 1292 3279 1360 inquit,
3331 1295 3490 1350 alicui

1908 1389 2097 1433 tnutuo
2127 1380 2343 1444 dedisti,
2375 1395 2474 1434 nec
2504 1380 2631 1436 illud
2659 1382 2887 1451 repetis,
2919 1381 3044 1436 Jesu
3088 1392 3336 1438 naturam
3370 1387 3493 1440 imi-

1911 1476 2075 1540 taris;
2114 1476 2159 1530 si
2208 1475 2428 1543 repetis.
2461 1485 2708 1529 naturam
2752 1477 2916 1542 Adae;
2956 1478 3038 1532 sin
3082 1479 3239 1536 fenus
3285 1481 3492 1549 exigis.

1909 1581 2224 1638 perversum
2252 1566 2492 1635 ejusdem
2535 1582 2760 1622 morem.
2811 1567 2867 1624 Si
2897 1570 3018 1637 quis
3059 1581 3110 1626 te
3149 1571 3496 1642 reprehendit

1909 1667 2128 1728 propter
2145 1673 2257 1713 rem
2286 1658 2522 1728 aliquam
2559 1674 2720 1728 qnam
2750 1659 2835 1714 vel
2853 1658 3029 1717 fecisti
3044 1662 3128 1718 vel
3156 1677 3261 1717 non
3278 1661 3492 1719 fecisti:

213 1749 367 1815 simi,
419 1759 478 1806 ut
517 1765 639 1805 eam
703 1766 1127 1822 consequamur,
1181 1768 1248 1808 ne
1286 1754 1585 1810 adversarii
1633 1755 1803 1810 nostri
1835 1751 1878 1806 Β
1907 1751 1950 1804 si
1988 1760 2153 1818 taces,
2189 1751 2316 1805 .lesn
2360 1761 2410 1805 te
2465 1750 2698 1805 similem
2739 1753 2983 1823 prazbes;
3019 1753 3102 1808 sin
3150 1755 3492 1824 respondes:

217 1852 324 1894 nos
347 1851 678 1910 expugnent.
720 1840 844 1895 Non
870 1851 1059 1908 potest,
1101 1842 1278 1913 inquit
1310 1843 1594 1910 Dominus,
1621 1845 1806 1900 civitas

221 1929 476 1984 abscondi
521 1947 682 2001 supra
717 1941 943 1986 montem
964 1935 1132 2003 posita
1153 1934 1223 1994 ⁵⁷.
1265 1935 1384 2004 Quo
1416 1938 1482 1992 de
1513 1947 1693 1992 monte
1725 1937 1805 1991 lo-

214 2023 433 2091 quitur,
462 2025 566 2079 nisi
597 2026 664 2080 de
701 2039 954 2081 sermone
1005 2041 1124 2091 suo,
1164 2039 1286 2082 cum
1347 2029 1457 2083 ait:
1499 2029 1603 2095 Qui
1628 2030 1806 2100 diligit

215 2130 326 2179 me,
350 2119 604 2170 mandata
637 2132 750 2170 mea
777 2117 1003 2172 servabit
1033 2117 1120 2173 “?
1171 2117 1228 2173 In
1260 2120 1364 2175 hoc
1412 2119 1649 2175 studium
1685 2121 1807 2176 dili-

222 2215 420 2276 genter
481 2207 880 2276 incumbamus,
939 2218 999 2265 ut
1027 2209 1147 2281 ejus
1174 2225 1479 2267 sermonem
1510 2226 1806 2268 servemus.

218 2296 291 2351 Et
314 2295 527 2352 labores
557 2301 727 2354 nostri
754 2313 916 2356 erunt
955 2301 1124 2357 veluti
1168 2301 1364 2359 civitas
1416 2302 1574 2359 fortis
1603 2321 1667 2360 ac
1697 2322 1813 2360 mu-

219 2386 365 2451 nita,
397 2401 516 2456 qua:
549 2402 669 2454 nos,
702 2392 880 2461 quoad
909 2392 1015 2462 ipsi
1050 2407 1424 2461 occurremus,
1451 2397 1717 2451 custodiet
1746 2397 1814 2452 ab

222 2477 484 2533 omnibus
509 2479 748 2537 inimicis
783 2484 1007 2538 nostris.
1060 2482 1175 2539 Hac
1213 2486 1359 2540 enim
1406 2485 1604 2542 fiducia
1633 2487 1677 2542 si
1714 2489 1815 2543 eri-

221 2581 352 2622 mus
390 2569 609 2634 muniti,
637 2585 829 2626 omnes
868 2572 1074 2628 inimici
1111 2574 1226 2644 ejus
1282 2591 1380 2646 per
1429 2587 1668 2634 montem
1697 2595 1815 2635 ser-

227 2657 416 2713 monis
446 2659 617 2728 ipsius
646 2661 1070 2732 dissipabuntur.
1095 2663 1210 2720 Hoc
1231 2681 1296 2720 ex
1329 2677 1513 2723 tnonte
1547 2668 1685 2740 lapis
1698 2669 1818 2726 sine

225 2752 483 2808 manibus
501 2754 716 2809 excisus
739 2763 972 2809 statuam
1002 2772 1068 2811 ex
1090 2773 1224 2813 auro
1246 2771 1301 2814 et
1328 2769 1572 2830 argento,
1605 2771 1660 2816 et
1686 2777 1816 2828 tere,

223 2858 297 2898 ac
330 2842 475 2900 ferro
532 2844 819 2900 conflatam
883 2849 1168 2920 confregit.
1222 2848 1436 2906 Induit:
1497 2869 1614 2919 vos,
1645 2841 1820 2923 inquit

226 2935 546 3004 Apostolus,
582 2947 913 2991 armaturam
945 2938 1060 3004 Dei,
1109 2949 1168 2992 ut
1200 2941 1413 3010 possitis
1464 2953 1605 2997 stare
1635 2949 1822 2998 adaer-

229 3042 327 3080 ειη
365 3025 593 3081 insidias
624 3027 846 3082 diaboli.
903 3029 1169 3095 Quoniam
1220 3047 1327 3086 non
1370 3043 1446 3087 est
1485 3031 1633 3088 nobis
1662 3035 1823 3089 collu-

1913 1840 2076 1907 Qnid,
2112 1841 2381 1909 inquiens,
2413 1839 2552 1896 ieci?
2592 1856 2695 1894 non
2727 1841 3038 1916 antpliusoei
3073 1842 3269 1900 similis
3308 1858 3387 1900 es.
3427 1844 3500 1898 At

1915 1934 1958 1986 si
1979 1948 2076 2002 par
2093 1934 2208 2001 pari
2241 1933 2431 1998 refers,
2446 1949 2502 1987 es
2518 1933 2740 1988 omnino
2755 1933 3053 1990 dissimilis.
3075 1934 3133 1990 Si
3149 1944 3298 1990 tuum
3319 1936 3499 1991 aufers

1915 2024 2243 2079 sacriﬁcium
2271 2040 2392 2079 cum
2424 2024 2750 2092 humilitate,
2785 2035 3042 2098 tanquam
3083 2028 3160 2084 sis
3203 2028 3454 2100 indignus
3477 2070 3493 2096 ,

1919 2125 2138 2185 gratum
2159 2126 2241 2172 est
2272 2115 2414 2188 apud
2453 2115 2660 2183 Deum;
2695 2117 2837 2188 quod
2867 2119 2912 2175 si
2941 2118 3218 2176 extollaris
3248 2120 3301 2174 in
3337 2121 3501 2177 corde

1921 2217 2035 2275 tuo,
2074 2217 2130 2265 et
2151 2208 2455 2265 recorderis
2490 2209 2714 2266 alterius
2750 2209 3069 2268 dormientis
3095 2222 3189 2268 aut
3226 2212 3502 2284 negligen-

1921 2298 2010 2361 tis,
2046 2307 2170 2354 tuus
2214 2299 2392 2355 inanis
2423 2309 2507 2356 est
2556 2299 2728 2357 labor.
2766 2300 2960 2357 Dicere
2999 2302 3190 2359 solitus
3221 2313 3361 2369 erat,
3397 2305 3500 2358 hu-

1921 2387 2204 2443 militatem
2241 2400 2341 2443 neo
2369 2387 2608 2460 linguam
2638 2390 2862 2458 habere,
2907 2406 3012 2460 qua
3055 2392 3122 2447 de
3162 2390 3342 2462 aliquo
3376 2403 3502 2448 tan-

1922 2489 2084 2545 quam
2135 2476 2463 2548 negligente,
2507 2487 2601 2533 aut
2647 2481 2882 2550 superbo
2929 2479 3275 2552 loqueretur;
3327 2497 3505 2554 neque

1921 2565 2134 2634 oculos,
2173 2567 2373 2636 quibus
2414 2569 2643 2625 aliorum
2693 2583 2875 2626 errata
2925 2573 3287 2642 perspiceret;
3330 2587 3504 2645 neque

1923 2671 2106 2723 aures,
2141 2657 2337 2728 quibus
2366 2672 2430 2714 ea
2471 2675 2594 2734 qute
2638 2663 2832 2717 animae
2869 2677 2979 2718 suae
3012 2677 3118 2717 non
3154 2663 3502 2734 prodessent,

1923 2750 2176 2816 audiret;
2231 2750 2364 2805 nihil
2410 2752 2643 2822 denique
2689 2753 2894 2808 habere
2945 2754 3176 2826 negotii,
3227 2754 3334 2810 nisi
3381 2770 3503 2811 cum

1925 2841 2164 2910 peccatis
2192 2842 2327 2898 suis.
2361 2842 2441 2897 llli
2488 2844 2632 2898 enim
2679 2859 2798 2898 cum
2832 2845 3082 2901 onmibus
3131 2860 3318 2915 pacem
3355 2861 3498 2914 esse,

1927 2945 2033 2984 non
2077 2933 2327 2988 amicitia:
2359 2934 2552 3003 gratia,
2602 2935 2695 2989 sed
2750 2945 2970 3005 propter
3019 2938 3334 2992 mandatum
3389 2939 3503 2994 Dei.

1928 3021 2083 3086 Quod
2128 3021 2172 3076 si
2214 3023 2338 3093 quis
2371 3025 2492 3079 sine
2539 3025 2866 3092 humilitate,
2913 3028 2998 3083 vel
3043 3029 3265 3101 jejuniis
3298 3032 3508 3106 incum-

233 3117 407 3170 ctatio
439 3119 694 3173 adversus
721 3135 932 3173 carnem
984 3130 1028 3174 et
1079 3123 1412 3190 sanguinem,
1459 3125 1546 3178 sed
1570 3126 1818 3180 adversus

1927 3111 2037 3175 bat,
2065 3109 2150 3165 vel
2192 3125 2311 3166 sese
2341 3113 2691 3168 vehementer
2739 3113 2960 3186 adligat,
2995 3117 3077 3172 vel
3126 3103 3377 3175 mandata
3417 3136 3508 3178 co-

232 3208 497 3276 principes
533 3219 578 3264 et
601 3218 911 3278 potestates,
968 3211 1221 3264 adversus
1255 3215 1437 3266 mundi
1487 3225 1712 3270 rectores
1749 3226 1825 3270 te-

238 3299 522 3352 nebrarum
545 3297 728 3353 surculi
752 3299 938 3369 hujus,
957 3312 1144 3354 contra
1171 3302 1474 3369 spiritualia
1499 3304 1745 3374 nequitiae
1769 3304 1824 3358 in

240 3389 536 3445 calestibus
567 3391 634 3444 “.
669 3390 917 3458 Quatuor
963 3393 1063 3448 bos
1096 3394 1433 3464 principatus
1454 3393 1661 3450 indicat
1691 3409 1827 3464 qua-

238 3478 468 3547 druplex
492 3479 576 3534 illa
612 3493 812 3546 Statua,
832 3497 991 3550 quam
1015 3482 1172 3552 lapis,
1198 3483 1303 3539 hoc
1335 3493 1440 3550 est,
1469 3482 1565 3538 Dei
1601 3487 1824 3539 verbum

235 3569 530 3642 confregit,
559 3582 616 3626 ut
642 3575 900 3642 scriptum
928 3582 1012 3629 est
1044 3575 1112 3638 ⁸ο,
1152 3576 1277 3630 etin
1306 3583 1545 3630 montem
1574 3590 1823 3645 magnum

239 3664 441 3727 evasit,
456 3675 510 3720 et
527 3675 726 3721 terram
746 3666 986 3736 implevit
1001 3669 1398 3723 universamJn
1424 3675 1661 3722 montem
1685 3667 1827 3724 hunc

241 3752 542 3824 fugiamus,
581 3755 778 3812 fratres
807 3755 1136 3820 cbarissimi,
1164 3767 1220 3811 ut
1244 3759 1317 3812 sit
1345 3757 1498 3813 nobis
1525 3756 1825 3826 perfugium

241 3855 535 3914 servetque
560 3861 653 3900 nos
689 3861 722 3900 a
753 3857 988 3916 quatuor
1013 3846 1131 3901 istis
1181 3849 1445 3917 improbis
1499 3849 1829 3904 dominatio-

242 3937 426 4001 nibus,
451 3935 919 4006 percipiatnusqne
948 3938 1113 3992 etiam
1151 3954 1251 3992 nos
1279 3940 1532 4009 gaudium
1570 3954 1692 3995 cum
1715 3954 1830 3995 om-

246 4029 415 4084 nibus
456 4029 660 4083 sanctis
719 4029 858 4098 ejus,
906 4029 998 4098 qui
1045 4031 1112 4084 ad
1137 4044 1261 4085 eum
1309 4042 1713 4103 congregantur
1762 4047 1828 4087 ex

247 4125 484 4186 quatuor
546 4117 792 4172 terminis
843 4127 1019 4173 terrae.
1081 4117 1187 4172 Pro
1243 4119 1357 4173 suis
1410 4121 1552 4174 enim
1599 4120 1831 4189 quisque

246 4208 504 4277 operibus
536 4209 809 4276 propriam
838 4208 1022 4264 audiet
1053 4208 1470 4265 beatitudinem.
1510 4210 1685 4266 Porro
1703 4227 1830 4266 san-

247 4307 400 4354 ctum
461 4298 580 4368 ejus
634 4311 831 4353 nomen
873 4307 1070 4367 potens
1099 4307 1202 4361 est,
1253 4297 1300 4350 si
1336 4297 1612 4351 nobiscum
1636 4297 1726 4360 sit,
1777 4306 1835 4350 ut

250 4387 572 4444 corroboret
597 4403 694 4446 nos
726 4389 792 4444 ad
823 4403 959 4458 opus
992 4387 1185 4456 ipsius,
1210 4401 1310 4440 nec
1339 4385 1484 4440 sinat
1523 4401 1620 4438 nos
1657 4386 1830 4456 decipi

253 4482 326 4536 ab
349 4480 588 4545 inimico,
618 4480 711 4536 sed
739 4481 1008 4536 custodiat
1037 4494 1134 4534 nos
1175 4487 1337 4548 atque
1368 4477 1594 4544 muniat,
1621 4487 1679 4532 ut
1709 4493 1835 4549 pos-

251 4573 426 4629 simus
462 4588 796 4644 quascunque
826 4573 982 4630 nobis
1005 4572 1326 4637 acciderint,
1352 4568 1645 4636 sustinere,
1667 4571 1832 4626 mise-

257 4665 661 4734 ricordiamque
690 4664 930 4735 reperire
959 4679 1084 4719 cum
1122 4663 1226 4717 illis
1249 4661 1342 4734 qui
1366 4661 1511 4731 digni
1555 4661 1682 4715 facti
1711 4671 1838 4716 sunt

255 4767 317 4811 ut
345 4769 472 4810 vera
509 4755 843 4810 beatitudine
898 4753 1229 4809 fruerentur.
1267 4751 1373 4823 Ipsi
1425 4751 1536 4807 Deo
1570 4751 1740 4817 Patri,
1783 4760 1839 4806 et

258 4847 421 4910 Filio,
462 4858 518 4900 et
549 4845 776 4917 Spiritui
813 4854 999 4904 sancto
1028 4844 1222 4915 gloria,
1274 4852 1331 4898 et
1383 4843 1582 4910 honor,
1639 4853 1694 4898 et
1741 4841 1838 4898 ad-

262 4939 462 5004 oratio,
497 4953 640 4996 nunc
684 4947 740 4998 et
783 4951 1018 5008 semper,
1069 4944 1125 4991 et
1175 4935 1228 4990 in
1272 4935 1467 4991 saecula
1499 4935 1842 4991 saeculorum.

257 5029 454 5090 Amen.

827 5119 1086 5178 ORATIO
1140 5119 1276 5178 VIII.

504 5213 658 5270 Beati
695 5211 860 5268 Isaia:
896 5213 1104 5268 abbatis
1145 5212 1606 5282 apopltthegmata.

339 5306 382 5364 l.
427 5304 598 5364 Video
630 5321 720 5364 me
748 5304 826 5378 (3)
875 5305 1185 5378 aliquando,
1229 5304 1402 5373 inquit
1441 5304 1610 5358 abbas
1647 5299 1842 5369 Isaias,

338 5464 388 5498 ⁸⁵
417 5463 538 5520 Act.
565 5479 644 5530 ιι,
672 5463 760 5518 15.
835 5462 882 5495 ⁸⁸
913 5458 1069 5518 Joan.
1102 5477 1223 5524 xm,
1263 5458 1354 5515 55.
1427 5460 1472 5491 "
1509 5457 1702 5514 Matth.
1733 5471 1786 5524 v,
1820 5455 1906 5510 l5.

267 5549 336 5596 ss.
365 5533 459 5600 iis,
489 5535 581 5592 35.

344 5681 424 5754 (5)
475 5678 636 5734 Video
693 5692 904 5732 me....

601 5777 881 5836 Ριτιιοι..
926 5767 1046 5829 Gtt.
1083 5761 1216 5822 ΧΙ-ιο

671 5535 716 5568 ⁸⁸
756 5532 892 5591 Luc.
932 5547 1066 5587 xsttt
1091 5570 1108 5596 ,
1140 5530 1228 5585 42.

1926 3210 2087 3256 netur
2114 3203 2449 3270 observare;
2484 3204 2602 3272 ejus
2626 3205 2822 3262 inanes
2857 3221 2978 3264 esse
3015 3208 3246 3268 labores.
3282 3211 3506 3283 Siquis,

1926 3293 2121 3363 inquit,
2161 3293 2582 3350 instrumentum
2629 3297 2888 3366 possidet,
2941 3311 2991 3354 et
3045 3300 3178 3356 illud
3228 3317 3336 3374 quo
3373 3312 3511 3360 tem-

1926 3396 2058 3452 pore
2089 3387 2456 3439 necessarium
2487 3395 2592 3450 est,
2643 3402 2747 3443 non
2789 3389 3051 3458 inveniat,
3091 3389 3294 3447 frustra
3333 3394 3509 3463 possi-

1927 3474 2038 3528 det.
2067 3473 2214 3528 Talis
2236 3483 2342 3540 est,
2367 3476 2456 3544 qui
2490 3491 2549 3531 se
2585 3478 2774 3534 timere
2817 3479 2983 3534 Deum
3027 3482 3257 3548 asserit;
3287 3494 3345 3539 et
3385 3499 3508 3539 cum

1930 3574 2141 3635 tempus
2175 3565 2354 3633 adest,
2388 3577 2447 3620 ut
2473 3566 2564 3622 Dei
2607 3568 2853 3624 timorem
2885 3569 3157 3637 ostendat,
3191 3587 3298 3642 quo
3330 3574 3413 3628 vel
3442 3573 3512 3629 ab

1930 3656 2230 3724 iracundia,
2263 3658 2595 3728 arrogantia,
2630 3661 2710 3714 vel
2742 3661 3060 3731 ambitione,
3109 3674 3197 3718 aut
3245 3665 3351 3720 alio
3383 3665 3512 3721 vitio

1929 3747 2264 3814 cohibeatur,
2297 3747 2391 3803 Dei
2432 3749 2682 3805 timorem
2728 3767 2833 3808 non
2867 3755 3099 3824 reperit,
3143 3755 3299 3825 hujus
3329 3757 3511 3812 omnia

1931 3839 2105 3893 studia
2148 3850 2274 3894 sunt
2315 3841 2516 3896 inania.

2002 3929 2063 3984 ll.
2108 3929 2368 3986 Dominus
2407 3942 2591 3990 noster
2632 3933 2803 3992 Jesus‘
2831 3936 3079 3995 Christus
3119 3955 3224 3997 non
3272 3943 3420 4011 prius
3459 3942 3512 3997 iu

1933 4035 2152 4076 crucem
2180 4025 2445 4093 ascendit,
2474 4041 2634 4095 quam
2666 4042 2855 4083 omnes
2897 4030 3157 4088 humanas
3183 4043 3397 4088 curaret
3431 4035 3514 4088 in-

1934 4111 2241 4179 firmitates,
2286 4126 2345 4168 ut
2393 4131 2498 4186 quo
2535 4118 2766 4173 consilio
2794 4120 3181 4174 humanitatem
3217 4121 3511 4189 imbuerat,

1934 4201 2260 4258 declararet.
2297 4206 2600 4274 Antequam
2633 4207 2779 4262 enim
2826 4208 2938 4277 ipse
2981 4209 3192 4263 veniret
3225 4211 3277 4263 in
3328 4225 3512 4281 carne,

1934 4295 2098 4350 homo
2127 4306 2246 4349 erat
2276 4312 2472 4362 caecus,
2505 4309 2560 4352 et
2597 4309 2798 4362 mutus,
2831 4309 2885 4354 et
2919 4299 3138 4366 surdus,
3177 4299 3231 4357 et
3259 4303 3516 4374 paralyti-

1938 4399 2057 4450 cus,
2089 4394 2143 4438 et
2189 4385 2452 4454 leprosos,
2504 4395 2558 4442 et
2599 4387 2847 4453 claudus,
2894 4398 2950 4443 et
2999 4391 3050 4444 in
3091 4390 3340 4447 omnibus
3372 4393 3517 4450 vitiis

1942 4489 2150 4532 natura:
2183 4479 2472 4534 contrariis
2525 4491 2774 4535 mortuus
2814 4496 2829 4532 :
2862 4491 2917 4535 at
2963 4493 3149 4551 postea
3199 4499 3382 4555 quam,
3418 4487 3518 4541 hu-

1945 4583 2102 4622 mana
2131 4583 2229 4638 pro
2258 4571 2410 4625 nobis
2445 4571 2878 4641 peregrinatione
2901 4583 3170 4644 suscepta,
3201 4576 3512 4632 misericor-

1943 4657 2088 4711 diam
2123 4673 2275 4713 suam
2313 4660 2568 4726 ostendit,
2614 4668 2886 4715 mortuum
2919 4663 3225 4730 suscitavit,
3267 4665 3518 4723 claudum

1946 4747 2076 4803 fecit
2112 4749 2412 4811 ambulare,
2443 4760 2500 4805 et
2540 4765 2744 4806 caecum
2793 4753 3058 4821 aspicere,
3101 4763 3156 4809 et
3198 4764 3406 4811 mutum
3436 4757 3520 4814 lo-

1947 4839 2064 4909 qui,
2095 4847 2149 4894 et
2183 4840 2408 4894 surdum
2449 4842 2660 4908 audire,
2689 4852 2743 4896 et
2779 4858 2974 4897 novum
3005 4845 3280 4902 hominem
3317 4851 3521 4904 consti-

1951 4930 2078 4993 tuit,
2104 4930 2173 4983 ab
2209 4932 2359 4985 omni
2388 4931 2615 4987 liberum
2646 4931 2982 4990 infirmitate.
3023 4933 3192 4992 Porro
3222 4936 3276 4993 in
3304 4953 3522 4996 crucem

1951 5021 2196 5076 sublatus
2239 5021 2374 5076 duos
2403 5038 2589 5078 secum
2645 5023 2886 5080 latrones
2922 5030 3238 5100 assumpsit,
3291 5044 3520 5099 quorum

1953 5112 2002 5168 is
2039 5113 2130 5182 qui
2158 5128 2188 5167 a
2217 5114 2424 5170 dextris
2455 5116 2623 5186 ipsius
2651 5125 2792 5181 erat,
2821 5117 3076 5174 laudabat
3101 5135 3247 5184 eum,
3292 5135 3357 5176 ac
3398 5136 3522 5190 pre-

1953 5205 2225 5262 cabatur:
2280 5204 2564 5270 Memento,
2605 5206 2878 5275 inquiens,
2921 5209 3052 5272 mei,
3093 5207 3348 5273 Domine,
3404 5225 3522 5263 cum

1953 5300 2152 5356 ueneris
2183 5300 2238 5354 in
2269 5315 2481 5370 regnum
2515 5309 2663 5354 tuum
2718 5302 2784 5354 ".
2825 5301 2974 5353 Alter
3016 5311 3218 5364 autem,
3259 5300 3350 5370 qui
3381 5317 3412 5355 a
3447 5301 3522 5355 si-

2000 5457 2046 5489 “
2085 5455 2242 5512 Joan.
2283 5471 2393 5523 xrv,
2429 5455 2519 5508 2⁸5.
2593 5455 2639 5486 δ’
2683 5453 2880 5525 Ephcs.
2922 5468 2998 5520 vr,
3031 5452 3119 5519 ll,
3151 5451 3240 5509 12.
3317 5453 3364 5485 ⁸⁸
3389 5453 3522 5509 Dan.

949 5671 1268 5727 conscendit.
1320 5667 1420 5728 ilic
1465 5668 1614 5726 locus
1667 5665 1854 5724 Graece
1893 5669 2073 5720 exstat
2104 5659 2244 5718 infra
2276 5674 2396 5732 cap.
2423 5659 2476 5730 5,
2507 5659 2664 5717 exiis
2687 5673 2806 5731 qua:
2844 5659 3079 5738 vulgavit
3107 5656 3385 5715 Possinus.

3200 5748 3281 5810 36
