3888 6284
480 261 611 316 H31

1548 265 1819 323 PATRES
1855 246 2155 327 .aevm‘u
2197 271 2469 334 meum
2505 275 2593 334 tv.

3592 293 3619 348 Ι
3633 293 3738 351 132

495 383 682 436 nistris
734 390 872 448 eral,
926 395 1046 438 eum
1107 382 1406 438 maledictis
1461 383 1849 443 insectabatur.
1901 387 2049 445 Mens
2077 394 2124 450 Α
2152 405 2369 462 peccata
2404 397 2583 467 lugeas
2612 406 2697 453 tua
2719 439 2735 468 ,
2763 396 2967 469 Deique
2999 401 3260 458 auxilium
3292 416 3358 461 ac
3410 406 3732 466 misericor-

475 481 764 542 antequam
820 487 852 525 e
915 470 1235 540 negligentia
1298 471 1604 541 resipiscat,
1657 490 1778 528 cum
1828 475 2046 530 inimico

475 571 558 618 est
594 580 607 616 :
649 570 702 616 at
732 562 776 617 si
821 561 1080 616 Dominus
1111 571 1295 617 noster
1341 560 1497 618 Jesus
1539 563 1789 620 Christus
1819 564 1964 618 illam
2014 579 2046 620 e

475 652 797 722 negligentia
856 652 1133 707 suscitarit
1171 693 1186 718 ,
1257 653 1416 722 eique
1487 655 1694 710 dederit
1750 664 1810 710 ut
1864 656 2043 711 omnia

474 751 632 812 queat
682 741 1018 809 diiudicare,
1069 753 1182 798 tum
1238 744 1432 813 poterit
1484 744 1536 798 in
1583 760 1796 802 crucem
1848 759 2040 800 ascen-

477 835 626 888 dere.
669 833 820 898 Quod
850 847 895 886 su
921 831 1140 888 inimico
1167 833 1530 889 calumniante
1567 836 1632 888 ad
1662 834 2038 905 negligentiam

474 923 712 988 redierit,
750 923 839 977 Iiet
879 922 931 976 id
961 923 1103 992 quod
1137 924 1202 978 de
1244 923 1450 978 duobus
1499 923 1800 981 latronibus
1832 926 2035 980 dictum

469 1029 574 1081 est.
606 1033 742 1087 quos
786 1018 1044 1074 Dominus
1083 1028 1266 1074 noster
1298 1019 1455 1075 Jesus
1493 1019 1742 1076 Christus
1781 1035 1808 1074 a
1853 1031 2035 1077 mutua

473 1109 847 1164 benevolentia
889 1111 1179 1180 separavit,
1205 1126 1433 1180 quorum
1467 1127 1606 1167 unus
1626 1111 2034 1182 blasphemabat

467 1214 613 1267 eum,
672 1201 808 1254 alter
856 1210 1035 1256 autem
1086 1201 1158 1255 ita
1213 1212 1462 1271 precatus
1517 1213 1620 1268 est,
1677 1214 1735 1258 ut
1778 1208 2035 1261 meruerit

465 1293 652 1348 audire
680 1310 693 1347 :
719 1292 888 1347 Hodie
911 1307 1111 1345 mecum
1141 1293 1241 1346 eris
1267 1294 1319 1346 in
1345 1295 1594 1361 paradiso
1615 1295 1681 1350 ".
1716 1293 1812 1350 llic
1837 1308 1919 1352 est
1946 1297 2034 1353 ille

463 1385 602 1438 latro
634 1384 723 1453 qui
769 1383 1076 1454 paradisum
1112 1384 1274 1439 etiam
1323 1383 1531 1439 furatus
1571 1394 1673 1453 est,
1717 1396 1770 1442 et
1798 1389 2031 1443 comedit

463 1477 530 1531 de
564 1476 709 1546 ligno
738 1476 880 1529 vitae.

532 1566 619 1622 III.
665 1567 805 1622 Idem
846 1583 1032 1622 rursus
1062 1568 1129 1622 de
1167 1576 1352 1622 sancta
1380 1567 1759 1625 communione
1793 1571 2025 1640 dicebat,

459 1657 573 1727 ejus
620 1671 741 1712 esse
803 1672 1020 1723 munus,
1073 1667 1133 1712 ut
1179 1673 1277 1713 nos
1311 1657 1616 1729 ,conjungat
1662 1669 1822 1730 atque
1876 1663 2025 1718 uniat

457 1765 579 1805 cum
627 1752 758 1806 Deo.
795 1749 947 1816 Quod
973 1765 1094 1806 cum
1127 1750 1205 1804 ita
1252 1750 1322 1806 sit
1352 1770 1364 1804 :
1418 1750 1516 1806 Ubi
1555 1762 1662 1817 est,
1692 1753 1885 1822 inquit,
1923 1755 2022 1808 ista

456 1841 804 1911 coniunctio?
835 1842 903 1896 ab
950 1842 1027 1896 ira
1076 1850 1169 1895 aut
1204 1841 1562 1908 aemulatione,
1604 1851 1708 1898 aut'
1744 1846 1886 1909 odio,
1933 1856 2024 1900 aut

457 1934 772 2000 ambitione,
799 1941 894 1988 aut
929 1932 1074 1987 inani
1103 1931 1293 2004 gloria,
1326 1941 1420 1987 aut
1449 1933 1568 1989 aliis
1602 1935 1746 1990 vitiis
1783 1939 2019 2007 superati

453 2028 610 2094 longe
639 2025 894 2080 absumus
917 2039 945 2078 a
974 2024 1104 2080 Den.
1147 2025 1292 2080 Idem
1327 2043 1341 2078 :
1381 2025 1514 2081 Cum
1545 2041 1782 2095 oramus,
1822 2030 2018 2098 inquit,

453 2128 506 2172 et
532 2117 710 2187 aliqua
740 2131 804 2171 ex
834 2117 1329 2186 perturbationibus
1360 2118 1624 2188 ejusmodi
1650 2119 1792 2191 viget
1820 2122 1871 2198 in
1897 2138 2017 2177 cor-

451 2210 516 2264 de
541 2219 748 2275 nostro,
781 2209 954 2266 inanis
975 2219 1057 2266 est
1090 2220 1272 2267 noster
1296 2211 1468 2278 labor,
1494 2223 1548 2267 et
1579 2213 1804 2270 minime
1832 2225 2017 2286 gratus

449 2302 550 2370 ipsi
586 2303 711 2357 Deo.
744 2301 855 2357 Cur
889 2303 1068 2372 igitur,
1115 2303 1391 2372 respondit
1443 2305 1658 2372 quidam
1695 2321 1725 2361 e
1771 2309 2013 2374 senibus,

445 2406 510 2445 eo
543 2399 784 2459 tempore
810 2392 877 2423 δ”
897 2406 1000 2446 non
1023 2392 1342 2447 inhahenter
1373 2395 1644 2463 respondit
1673 2412 1687 2450 :
1717 2395 1848 2450 Cum
1883 2398 2016 2466 pluit

443 2496 608 2551 super
643 2491 842 2536 terram
878 2483 928 2536 in
973 2498 1076 2552 qua
1103 2497 1284 2539 semen
1319 2494 1420 2550 est,
1454 2488 1720 2555 germinat
1748 2505 1761 2540 :
1794 2493 1933 2558 quod
1967 2492 2011 2545 si

445 2585 552 2624 non
584 2570 780 2625 habeat
834 2585 1042 2634 semen,
1096 2587 1201 2626 non
1246 2575 1534 2644 germinat.
1579 2575 1801 2632 Studeat
1851 2579 2012 2649 igitur

439 2664 669 2733 quisque
720 2664 857 2718 mala
923 2665 1128 2721 semina
1185 2666 1380 2735 ejicere
1428 2669 1493 2724 de
1541 2674 1704 2727 corde
1748 2687 1882 2739 suo,
1943 2690 2010 2728 ue

438 2755 779 2810 exoriantur.
812 2755 952 2811 Deus
999 2756 1271 2813 hominem
1307 2759 1422 2813 vult
1455 2763 1707 2819 omnibus
1751 2764 1806 2818 in
1844 2767 2009 2822 rebus

437 2862 558 2902 esse
597 2846 825 2902 similem
855 2848 958 2902 sui.
989 2847 1111 2904 Ideo
1146 2849 1294 2904 venit
1326 2849 1378 2904 in
1425 2855 1681 2908 mundum
1722 2866 1777 2911 et
1816 2872 2008 2926 passus

435 2947 537 3001 est,
576 2947 634 2992 ut
669 2950 916 2993 naturam
949 2940 1185 2994 hominis
1211 2956 1431 3011 pravam
1469 2944 1800 3016 immutaret,
1832 2960 1884 3005 et
1911 2966 2005 3006 vo-

2150 495 2292 547 diam
2331 493 2606 565 implores.

2216 603 2304 660 IV.
2344 605 2496 672 Quod
2543 616 2722 662 autem
2765 609 2961 664 attinet
2997 611 3066 666 ad
3120 613 3392 670 docendos
3441 619 3729 687 proximos

2148 697 2400 750 mandata
2446 697 2574 763 Dei,
2615 699 2776 764 unde,
2827 699 3021 770 inquit,
3056 715 3158 770 ego
3189 705 3329 760 scire
3372 721 3597 773 possum
3641 726 3728 766 me

2145 786 2257 842 Deo
2278 796 2487 857 gratum
2513 803 2655 854 esse,
2691 797 2749 844 ut
2778 789 2880 846 hoc
2918 800 3013 846 aut
3040 793 3171 848 illud
3207 794 3364 850 alteri
3409 798 3726 855 faciendum

2139 879 2493 947 praescribere
2526 881 2780 946 audeam,
2809 897 2934 936 cum
2964 885 3142 940 adhuc
3182 886 3556 954 ipsegdeﬂeam
3587 907 3725 961 pec-

2140 977 2260 1023 cata
2288 969 2573 1037 mealQui
2620 973 2762 1026 enim
2805 972 3091 1042 aliquando
3139 976 3322 1046 lapsus
3366 990 3473 1048 est,
3528 982 3724 1052 lugere

2093 1059 2320 1126 ‘debet,
2368 1075 2470 1115 nec
2505 1069 2654 1117 tutus
2701 1071 2806 1129 est,
2837 1073 3129 1134 antequam
3181 1083 3242 1123 se
3292 1071 3504 1126 veniam
3560 1075 3718 1129 novit

2137 1149 2474 1220 impetrasse.
2539 1149 2712 1208 Homo
2781 1153 2994 1222 quidem
3044 1168 3276 1226 peccat;
3332 1162 3471 1218 Deus
3527 1173 3717 1220 autem

2136 1242 2442 1297 miseretur.
2489 1240 2598 1298 Cor
2653 1252 2800 1299 tuum
2859 1259 3108 1303 securum
3171 1266 3294 1306 esse
3350 1270 3455 1307 non
3507 1265 3717 1325 potest,

2134 1331 2446 1400 priusquam
2483 1334 2710 1389 accedas
2740 1336 2806 1389 ad
2827 1335 3091 1405 judicium
3121 1343 3236 1398 Dei.
3286 1344 3437 1412 Quod
3467 1348 3514 1402 si
3543 1349 3707 1418 cupis

2136 1420 2461 1505 intelligere,
2492 1433 2674 1482 utrum
2718 1431 2810 1484 tibi
2843 1443 3062 1502 peccata
3087 1435 3387 1490 condonata
3414 1437 3546 1505 sint,
3575 1439 3717 1495 illud

2131 1503 2385 1583 magnum
2433 1527 2516 1570 est
2545 1531 2940 1588 argumentum,
2973 1524 3017 1578 si
3060 1525 3192 1579 nihil
3224 1541 3288 1581 ex
3324 1527 3427 1582 illis
3470 1503 3714 1598 amplius

2128 1613 2212 1658 est
2236 1604 2500 1674 reliquum
2532 1609 2587 1664 in
2633 1611 2796 1667 corde
2845 1621 2956 1668 tuo.
3005 1615 3073 1670 At
3108 1616 3154 1670 si
3191 1617 3376 1672 vivunt
3409 1620 3618 1686 adhuc,
3658 1632 3712 1675 et

2129 1695 2388 1751 memoria
2419 1713 2848 1772 commoventur,
2881 1707 3150 1774 neque'tu
3185 1707 3239 1764 id
3285 1709 3575 1767 admodum
3610 1729 3710 1768 eu-

2132 1798 2243 1854 ras,
2304 1785 2504 1843 malum
2559 1801 2642 1846 est
2685 1795 2921 1866 signum.
2973 1797 3120 1870 Luge
3159 1799 3345 1870 igitur,
3378 1812 3431 1858 et
3468 1803 3594 1858 dole
3642 1821 3709 1860 ac

2129 1879 2505 1946 contremisee,
2561 1882 2734 1941 donec
2787 1903 2818 1940 a
2873 1887 2983 1944 Deo
3037 1892 3465 1948 misericordiam
3526 1896 3707 1966 impe-

2130 1975 2268 2055 tres:
2289 1967 2346 2024 Si
2391 1972 2513 2042 quis
2544 1989 2574 2028 a
2607 1984 2657 2031 te
2702 1976 2881 2033 doceri
2921 1979 3054 2047 vult,
3100 1996 3202 2038 nec
3247 1991 3424 2039 tamen
3471 1983 3608 2040 facit
3637 2003 3703 2041 ea

2127 2073 2245 2126 qua:
2285 2062 2525 2117 studiose
2553 2064 2626 2120 illi
2677 2069 2947 2139 praecipis,
2999 2072 3096 2126 sed
3137 2073 3366 2129 subinde
3405 2077 3703 2131 revertitur

2123 2148 2264 2203 idem
2311 2149 2579 2221 ﬂagitans,
2625 2158 2832 2212 declina
2878 2163 2945 2214 ab
2990 2176 3076 2216 eo.
3130 2162 3298 2219 Docet
3328 2179 3519 2221 omnes
3550 2168 3700 2221 Deus

2123 2241 2213 2308 qui
2253 2244 2440 2298 audire
2481 2247 2687 2302 volunt.
2729 2249 2861 2316 Quis
2904 2252 3084 2328 docuit
3134 2251 3265 2308 Cain
3316 2265 3372 2309 et
3419 2255 3582 2322 Abel,
3642 2267 3700 2310 ut

2121 2330 2222 2386 hoc
2261 2330 2520 2402 facerent,
2571 2338 2640 2392 ab
2681 2354 2746 2394 eo
2797 2343 3150 2409 abstinerent,
3211 2361 3336 2402 cum
3376 2347 3460 2402 lex
3510 2351 3698 2404 adhuc

2119 2425 2316 2492 scripta
2363 2441 2469 2481 non
2515 2430 2700 2485 esset?
2737 2431 2958 2489 Frustra
3004 2437 3258 2494 discendo
3319 2440 3530 2497 laborat
3595 2444 3698 2498 bo-

2119 2531 2226 2582 mo,
2256 2518 2346 2586 qui
2380 2519 2544 2576 Deum
2577 2525 2890 2594 magistrum
2925 2542 3030 2581 non
3071 2531 3253 2586 habet.
3286 2531 3341 2587 Si
3376 2534 3497 2604 quis
3524 2538 3694 2590 verba

2117 2615 2427 2680 pronuntiat
2482 2617 2712 2685 inutilia,
2753 2623 2939 2676 audire
2988 2624 3134 2686 noli,
3199 2640 3267 2680 ne
3316 2627 3508 2694 perdat
3563 2630 3690 2682 ani-

2117 2718 2261 2758 mam
2300 2713 2467 2760 tuam.
2506 2707 2658 2774 Quod
2687 2709 2731 2762 si
2777 2724 2837 2765 ea
2896 2726 2956 2766 re
3002 2711 3314 2781 offenditur,
3361 2732 3429 2771 ne
3474 2717 3546 2771 sit
3593 2719 3691 2774 tibi

2115 2808 2280 2850 curae.
2332 2794 2472 2851 Die:
2526 2797 2754 2854 Animus
2799 2815 2954 2857 meus
2993 2801 3110 2858 haec
3153 2803 3299 2860 ferre
3343 2820 3447 2860 non
3486 2817 3689 2875 potest,

2114 2886 2299 2941 omitte
2336 2902 2422 2951 ea,
2474 2891 2733 2958 obsecro;
2790 2906 2964 2963 neque
3011 2895 3155 2950 enim
3214 2897 3389 2966 major
3429 2913 3530 2968 ego
3564 2915 3688 2954 sum

2115 2977 2287 3044 primo
2336 2978 2428 3033 illo
2473 2981 2707 3049 homine,
2755 2998 2914 3053 quem
2967 2987 3216 3044 manibus
3267 2991 3381 3047 suis
3429 2991 3690 3046 formavit

434 3035 666 3093 mutes
692 3049 904 3095 "05"“
935 3034 1293 3108 amandare“
1329 3046 1379 3094 ⁸³
1404 3038 1596 3128 [fusam
1635 3042 1994 3118 cngni‘im'em
2034 3066 2081 3136 Β
2115 3034 2276 3142 lleUS.
2316 3083 2371 3131 et
2401 3089 2581 3148 Dratns
2608 3034 3216 3155 eoit'loq‘uiis-eo—rruptus'
3247 3034 3540 3159 εει-’Ἐπεὶ
3584 3090 3687 3159 isi-

434 3143 553 3159 nnm
597 3138 808 3159 ﬁnal-na
854 3132 1059 3159 nn:mnn
1111 3144 1331 3159 AA-...\-I
1419 3136 1705 3159 -___II-_-.
1796 3139 1988 3159 n,,._u,

432 3143 555 3197 qua:
597 3138 810 3185 nostros
851 3132 1060 3187 animos
1108 3144 1357 3202 occupat,
1417 3136 1733 3205 expelleret.
1795 3139 2003 3197 Czetera

433 3219 576 3274 enim
634 3219 886 3294 animalia
941 3232 1188 3278 naturam
1248 3228 1519 3298 propriam
1572 3245 2000 3300 conservarunt;

431 3311 596 3367 homo
640 3327 771 3368 vero
820 3315 1049 3370 mutavit
1099 3327 1347 3372 naturam
1404 3335 1580 3378 suam.
1637 3322 1999 3389 Quamobrem

431 3405 890 3473 quemadmodum
931 3407 1172 3476 jumenta
1205 3410 1408 3466 homini
1445 3413 1686 3482 subjecta
1720 3426 1884 3483 sunt,
1920 3420 2001 3474 sic

433 3497 661 3566 quisque
695 3498 853 3554 debet
875 3513 994 3554 esse
1037 3500 1308 3566 subjectus
1357 3506 1602 3570 proximo
1649 3522 1746 3564 suo
1780 3520 2001 3580 propter

425 3584 624 3642 ‘Deum.
659 3587 870 3644 Idcirco
910 3590 1056 3644 enim
1093 3590 1352 3648 Dominus
1395 3597 1562 3652 venit.
1597 3595 1755 3664 Vide,
1795 3611 2000 3670 quanto

425 3679 670 3746 jumenta
711 3690 964 3750 praestent
1005 3684 1330 3751 hominibus,
1377 3671 1477 3755 qui
1518 3689 1740 3745 scientia
1786 3707 1882 3746 sua
1916 3693 1998 3748 iu-

427 3769 697 3824 nituutur.
749 3770 814 3824 Si
857 3770 925 3824 ad
993 3783 1242 3828 naturam
1299 3791 1473 3830 meam
1533 3778 1711 3833 redire
1751 3783 1995 3848 voluero,

427 3859 880 3926 quemadmodum
928 3861 1175 3929 jumenta
1223 3874 1409 3933 patent
1445 3866 1634 3922 alienas
1680 3871 1994 3938 voluntati;

425 3950 505 4004 sic
543 3949 674 4004 mihi
711 3950 1018 4007 faciendum
1050 3953 1176 4020 erit,
1210 3970 1315 4010 non
1349 3957 1524 4012 solum
1557 3974 1678 4014 cum
1710 3961 1995 4018 familiari-

422 4043 545 4106 bus,
573 4041 666 4096 sed
701 4042 864 4096 etiam
893 4058 1014 4098 cum
1043 4046 1370 4104 adversariis
1404 4050 1557 4105 meis.
1589 4051 1713 4108 Ilaec
1743 4065 1826 4110 est
1849 4057 1993 4112 enim

419 4126 670 4187 voluntas
717 4134 830 4188 Dei.
861 4134 961 4202 Qui
1006 4137 1212 4194 cellulae
1259 4154 1371 4195 sum
1401 4142 1583 4210 quiete
1627 4144 1738 4198 vult
1764 4145 1902 4209 frui,
1941 4159 1996 4202 et

421 4224 492 4279 ab
521 4224 740 4281 inimico
783 4240 891 4281 non
919 4229 1184 4296 superari,
1218 4229 1286 4285 ab
1315 4232 1591 4288 hominum
1623 4238 1837 4291 recedat
1867 4254 1993 4292 con-

418 4317 722 4379 suetudine,
753 4333 820 4373 ne
860 4333 1184 4390 quemquam
1226 4321 1490 4392 vituperet
1536 4335 1629 4380 aut
1672 4325 1851 4383 laudet
1898 4342 1990 4384 aut

2114 3177 2216 3232 tur,
2259 3176 2316 3221 et
2348 3169 2454 3224 noli
2496 3170 2716 3237 audire;
2744 3173 2840 3228 sed
2880 3175 2954 3228 ita
2984 3173 3128 3245 fuge,
3161 3185 3219 3231 ut
3257 3193 3377 3247 qua:
3404 3180 3683 3246 dicuntur,

2109 3258 2321 3329 penitus
2347 3260 2706 3319 obliviscare:
2736 3279 2861 3320 nam
2887 3269 2934 3322 si
2967 3269 3097 3338 quid
3123 3272 3385 3325 memoria
3421 3280 3510 3326 tua
3540 3274 3683 3328 resi-

2107 3352 2233 3406 dere
2260 3353 2598 3420 permiseris,
2635 3355 2770 3412 illud
2801 3358 3074 3415 daemones
3114 3361 3339 3418 minime
3373 3363 3680 3434 negligent,

2105 3451 2197 3506 sed
2225 3453 2472 3509 occident
2498 3445 2732 3512 animam
2773 3468 2943 3516 tuam.

2174 3562 2240 3619 ν.
2281 3566 2473 3623 Idem:
2518 3569 2812 3637 Quantum,
2866 3575 3062 3645 inquit,
3111 3565 3286 3642 video,
3325 3576 3533 3632 lucrum
3559 3615 3578 3640 ,
3624 3587 3681 3632 et

2105 3656 2298 3723 honor,
2329 3669 2384 3714 et
2419 3662 2586 3715 otium
2624 3665 2692 3718 ad
2741 3673 2964 3720 mortem
2999 3667 3170 3738 usque
3205 3669 3477 3723 hominem
3512 3685 3683 3739 oppu-

2101 3755 2288 3813 gnant.
2321 3748 2423 3814 Qui
2453 3750 2588 3806 alios
2619 3753 2845 3808 docendi
2873 3755 2976 3810 sibi
3017 3771 3213 3813 munus
3246 3768 3487 3829 arrogat,
3529 3761 3679 3815 laedit

2101 3842 2334 3895 animam
2366 3857 2538 3909 suam,
2593 3854 2647 3899 et
2685 3847 2809 3901 dum
2843 3849 3146 3918 proximum
3189 3853 3461 3920 corrigere
3501 3857 3677 3922 profi-

2101 3940 2245 3985 tetur
2277 3943 2440 4003 atque
2469 3934 2584 4004 ejus
2613 3937 2829 3992 domum
2856 3940 3150 4004 aedificare,
3182 3943 3284 3998 sibi
3316 3945 3428 4012 ipse
3460 3947 3676 4000 ruinam

2098 4029 2262 4090 atque
2306 4023 2579 4080 interitum
2620 4028 2801 4083 struit.
2837 4028 2982 4084 Cave
3019 4046 3086 4085 ne
3112 4034 3384 4099 peccando
3419 4035 3675 4103 coinqui-

2098 4127 2194 4166 ues
2256 4113 2619 4170 innocentiam
2683 4133 2847 4188 quam
2910 4121 2963 4174 in
3015 4121 3340 4192 baptismate
3387 4125 3673 4194 aCCepisti.

2096 4202 2303 4257 Etenim
2337 4207 2449 4259 sive
2473 4221 2663 4277 pecces
2693 4212 2744 4262 In
2767 4226 2962 4280 corpus
2993 4222 3161 4278 tuum,
3187 4214 3300 4286 sive
3319 4221 3372 4269 te
3400 4215 3540 4270 furto
3565 4217 3674 4278 ob:-

2095 4295 2354 4364 stringas,
2383 4297 2498 4352 sive
2523 4300 2768 4369 cupidius
2799 4302 3002 4371 aliquid
3049 4305 3330 4370 intuearis,
3367 4307 3482 4362 sive
3528 4307 3675 4362 clam

418 4405 634 4461 beatum
689 4387 1055 4478 putet,inevev
1087 4387 1356 4481 justitiam
1403 4431 1554 4470 suam
1599 4421 1855 4488 praedicet
1894 4435 1985 4478 aut
2020 4395 2066 4450 θ
2094 4387 2367 4488 ‘1,"“9‘33‘?
2409 4390 2678 4488 d?3"s'°§'
2729 4393 2921 4448 umens
2964 4409 3031 4488 MT
3086 4405 3138 4488 ie
3185 4396 3383 4464 amnis
3417 4399 3672 4466 asPicm’

416 4498 727 4566 quempiam
755 4496 1011 4564 offendat,
1051 4503 1144 4555 sed
1171 4502 1273 4557 sibi
1307 4504 1420 4574 ipse
1459 4509 1722 4576 attendat,
1748 4526 1844 4566 nec
1883 4512 1986 4566 ini-

400 4571 543 4640 ‘ntici
591 4587 833 4643 aculeum
865 4593 1214 4660 cogitationis
1258 4596 1528 4666 relinquat
1555 4600 1610 4653 in
1655 4606 1814 4658 corde
1861 4619 1978 4659 suo.

415 4674 534 4732 Noli
565 4687 799 4734 mentem
843 4689 986 4736 tuam
1039 4684 1410 4753 ignorantibus
1458 4690 1688 4759 aperire,
1738 4710 1837 4748 nec
1886 4711 1981 4750 vo-

415 4765 676 4822 luntatem
713 4767 856 4824 uiam
891 4773 1317 4841 imprudentibus
1347 4779 1670 4846 patefacere.
1716 4782 1889 4840 Nosce
1931 4796 1984 4842 te

413 4856 615 4926 ipsum,
649 4867 705 4913 et
738 4875 857 4930 qua:
888 4861 980 4914 tibi
1021 4864 1327 4930 perniciosa
1357 4879 1502 4937 sunt,
1541 4887 1692 4929 cave.
1721 4875 1822 4942 Qui
1849 4891 1980 4946 pro-

418 4949 536 5017 pria
561 4949 1023 5022 conlisusjustitia
1060 4957 1388 5015 voluntatem
1422 4956 1762 5033 amplectitur
1805 4983 1980 5034 suam,

415 5055 518 5095 nec
571 5042 742 5097 hostis
812 5043 1036 5100 insidias
1074 5047 1311 5120 effugere
1367 5063 1568 5122 potest,
1613 5072 1714 5112 nec
1738 5060 1978 5127 quietem

411 5132 674 5201 invenire,
711 5150 807 5192 nec
851 5153 971 5207 qua:
1009 5139 1110 5195 sibi
1142 5143 1335 5197 desunt
1367 5146 1678 5216 intelligere,
1723 5164 1821 5203 nec
1853 5166 1974 5204 cum

407 5239 440 5280 e
473 5240 702 5296 corpore
756 5228 1002 5299 discedit,
1061 5235 1486 5291 misericordiam
1553 5243 1788 5309 assequi.
1847 5241 1970 5300 Haec

2094 4478 2208 4532 sive
2238 4481 2366 4548 quid
2417 4481 2718 4552 elegantius
2764 4494 2857 4539 aut
2895 4486 3187 4555 pretiosius
3229 4489 3438 4565 occulte
3487 4490 3676 4559 possi-

2093 4571 2240 4638 deas,
2275 4573 2366 4627 Dei
2411 4573 2604 4628 Filium
2648 4575 2818 4633 aIIicis
2856 4579 3205 4637 contumelia.
3252 4580 3485 4635 Tantine
3540 4592 3677 4636 sunt

2092 4663 2228 4728 haec,
2264 4665 2482 4735 quidam
2515 4667 2710 4738 inquit,
2745 4685 2779 4726 ο
2823 4671 3020 4726 Pater!
3075 4672 3173 4728 Cui
3201 4672 3288 4728 ille
3336 4669 3620 4742 respondit
3656 4693 3671 4728 :

2091 4752 2551 4819 Quemadmodum
2574 4761 2666 4829 qui
2693 4761 2909 4818 defosso
2930 4764 3137 4832 pariete
3167 4765 3448 4834 pecuniam
3486 4765 3675 4820 subri-

2091 4847 2226 4916 puit,
2255 4864 2286 4901 a
2317 4849 2530 4905 diabolo
2560 4851 2818 4922 deceptus
2847 4865 2965 4922 est;
2995 4856 3076 4910 sie
3095 4866 3151 4912 et
3180 4858 3226 4911 is
3260 4857 3349 4926 qui
3383 4857 3488 4911 hoc
3509 4856 3670 4923 facit;

2091 4952 2215 4990 nam
2247 4939 2337 5005 qui
2385 4940 2532 4996 illum
2577 4943 2726 5010 vicit,
2758 4945 2924 5002 vincit
2969 4957 3024 5002 et
3055 4947 3234 5013 hunc;
3264 4957 3319 5001 et
3346 4948 3437 5016 qui
3483 4950 3671 5017 parvis

2091 5026 2143 5080 in
2179 5027 2340 5084 rebus
2375 5032 2628 5097 vincitur,
2689 5035 2742 5088 in
2787 5037 2998 5106 magnis
3045 5039 3208 5093 etiam
3255 5049 3561 5106 superatur.
3609 5037 3670 5092 Si

2089 5119 2230 5186 quis,
2265 5119 2462 5189 inquit,
2501 5122 2727 5179 virtutes
2755 5140 2976 5196 magnas
3005 5128 3196 5212 fecerit
3227 5138 3282 5183 et
3325 5129 3665 5193 curationes,

2086 5233 2140 5278 et
2169 5237 2383 5280 omnem
2414 5227 2693 5283 scientiam
2737 5228 2991 5284 habuerit
3021 5239 3075 5285 et
3127 5238 3372 5284 mortuos
3422 5231 3666 5283 suscita-

2085 5315 2242 5382 verit,
2273 5325 2327 5372 et
2365 5317 2619 5375 amixerit
2649 5335 2849 5392 corpus
2877 5336 3058 5388 suum,
3099 5319 3296 5375 viderit
3328 5327 3511 5374 autem
3558 5319 3664 5372 ali-

2081 5434 2240 5488 quem
2277 5422 2328 5476 in
2361 5425 2600 5493 peccatis
2629 5424 2882 5482 omnibus
2915 5431 3245 5485 versantem,
3298 5433 3535 5490 eumque
3562 5419 3662 5472 de-

2081 5515 2350 5586 spexerit,
2381 5528 2444 5575 ea
2475 5518 2611 5575 nihil
2645 5517 2694 5575 ei
2735 5521 3051 5590 proderunt,
3088 5516 3215 5588 quia
3242 5513 3447 5570 Christi
3481 5526 3659 5571 mem-

408 5332 590 5374 rerum
619 5321 862 5376 omnium
897 5339 1129 5390 summa,
1163 5334 1220 5378 ut
1251 5341 1373 5395 spes
1413 5337 1533 5384 tuas
1561 5344 1748 5388 omnes
1778 5335 1828 5389 in
1858 5336 1968 5390 Deo

405 5412 610 5480 positas
654 5414 876 5479 habeas,
924 5415 990 5468 ad
1043 5431 1276 5485 eumque
1309 5419 1436 5474 toto
1465 5423 1625 5478 corde
1665 5439 1729 5480 ae
1763 5428 1967 5484 viribus

404 5504 514 5560 tuis
542 5505 841 5576 confugias,
880 5515 936 5561 et
963 5521 1090 5578 erga
1131 5521 1319 5566 omnes
1347 5513 1654 5572 misericors
1681 5518 1779 5588 sis,
1807 5529 1970 5591 atque

485 5661 533 5696 ⁵³
566 5660 697 5717 Luc.
725 5677 882 5730 nm,
909 5660 999 5719 45.
1071 5665 1142 5699 ’ν
1172 5666 1346 5724 Locus
1373 5669 1615 5730 mutilus.
