3884 6278
141 279 285 338 H33

1201 275 1263 332 S.
1301 269 1509 330 ISAIAZ
1545 272 1838 329 ABBATIS
1876 270 2296 328 ORATIONES.

3273 273 3413 333 HM

139 409 243 460 bra
281 399 600 466 contemnit,
646 410 818 469 eaque
873 395 986 468 ipse
1026 395 1259 466 judicat,
1310 412 1409 452 nec
1469 395 1727 465 relinquit
1757 405 1802 460 Α
1834 397 1964 450 tiam
1996 393 2287 459 addixisti,
2318 407 2384 447 ne
2406 391 2553 447 sinas
2585 407 2645 447 ca
2676 399 2727 447 te
2765 393 2928 465 amigi
2975 394 3052 466 (.i)
3080 399 3409 466 cognitione,

136 493 352 563 judicio
384 494 505 548 Dei.

219 586 308 640 Vt.
346 584 574 640 Dicebat
606 597 706 637 nos
737 595 928 637 omnes
975 595 1094 637 esse
1140 589 1398 650 tanquam
1449 582 1501 634 in
1537 580 1733 636 medici

139 677 382 742 oilicina,
406 677 459 730 in
490 691 595 746 qua
630 676 719 730 hic
753 673 951 739 Oculis,
986 673 1078 728 ille
1112 674 1378 738 manibus,
1410 673 1548 728 alius
1583 673 1735 726 ﬁstu-

141 769 193 821 la
215 808 231 830 ,
268 768 406 821 alius
430 767 537 822 alio
573 767 762 821 morbo
811 765 1054 819 laborat:
1083 780 1314 834 cumque
1343 765 1453 819 sint
1489 764 1733 834 quaedam

143 861 372 914 vulnera
405 857 519 927 jam
568 865 782 925 curata,
834 863 1016 910 tamen
1059 855 1162 909 nisi
1198 871 1227 908 a
1259 855 1396 910 cibis
1439 855 1734 910 contrariis

139 957 432 1018 temperes,
464 948 888 1011 recrudescunt;
945 945 1026 999 sic
1056 946 1144 1015 qui
1169 946 1500 1014 paenitentiae
1527 946 1735 999 incum-

141 1039 247 1106 bit,
279 1054 400 1094 cum
434 1028 831 1108 aliumjndicat
884 1046 976 1092 aut
1019 1037 1338 1101 contemnit,
1382 1038 1573 1091 animae
1623 1051 1734 1092 suae

143 1139 373 1186 renovat
400 1130 798 1202 aegritudinem.
835 1128 980 1184 Suus
1014 1129 1175 1199 igitur
1219 1129 1416 1199 cuique
1463 1132 1734 1185 curandus

140 1232 231 1278 est
271 1223 533 1289 morbus;
563 1235 658 1276 sua
693 1221 885 1290 cuique
935 1220 1160 1290 lugenda
1193 1231 1434 1290 peccata,
1486 1236 1591 1276 non
1636 1236 1735 1276 au-

147 1325 261 1371 tem
306 1315 398 1370 alii
431 1313 786 1382 despiciendi.
829 1313 922 1368 Vae
968 1313 1042 1367 illi
1075 1313 1293 1379 animae,
1327 1330 1446 1383 quae
1494 1329 1598 1369 non
1637 1313 1733 1368 ab-

147 1406 337 1462 horret
365 1405 432 1459 ab
463 1405 608 1459 omni
656 1403 916 1474 peccato!
952 1401 1088 1457 Cum
1122 1412 1268 1457 esset
1300 1402 1529 1473 populus
1567 1404 1732 1460 lsrael

146 1492 202 1545 in
237 1489 475 1561 [Egypto
498 1530 514 1556 ,
555 1489 767 1544 abunde
795 1490 1028 1544 edebant
1069 1499 1123 1544 et
1155 1490 1434 1558 bibebant,
1473 1493 1568 1548 sed
1611 1507 1734 1561 pre-

147 1583 436 1636 mebantur
465 1579 767 1634 Pharaonis
817 1579 1118 1648 servitute;
1175 1590 1232 1635 at
1279 1596 1399 1635 cum
1442 1579 1584 1638 Deus
1621 1582 1731 1639 illis

146 1671 298 1726 misit
343 1669 599 1724 auxilium
636 1684 732 1739 per
765 1668 988 1736 Mosem,
1043 1678 1102 1724 ut
1150 1685 1176 1725 a
1219 1670 1484 1726 servitute
1534 1671 1730 1727 libera-

1839 485 1991 554 qnasi
2022 493 2262 538 veterum
2308 491 2649 552 peccatorum
2677 485 2890 538 veniam
2931 502 3038 540 non
3082 487 3409 556 impetraris.

1838 575 2021 646 Neque
2052 589 2272 630 rursum
2301 573 2418 644 ejus
2449 575 2702 629 mandata
2742 586 3084 645 contemnas,
3127 589 3184 634 et
3224 581 3290 634 ad
3321 598 3414 635 ea-

1837 671 1958 724 dem
2003 676 2224 738 peccata
2273 667 2585 722 revertaris.
2621 667 2703 721 Ad
2751 679 2979 723 mortem
3031 687 3204 740 usque
3255 687 3411 728 serva

1837 760 2017 813 divina
2055 759 2330 826 mandata,
2364 767 2418 813 et
2447 775 2509 813 ca
2545 775 2820 830 nunquam
2863 761 3097 831 despice.
3129 761 3265 818 Cum
3295 782 3413 818 mu-

1838 851 2062 908 lieribus
2110 853 2289 908 cibum
2321 868 2388 908 ne
2416 854 2620 924 capias,
2671 869 2772 909 nec
2803 854 2902 909 tibi
2953 870 3073 910 cum
3103 855 3416 925 junioribus
3491 865 3494 868 ’

1838 943 2180 998 familiaritas
2210 945 2534 999 intercedat.
2578 945 2778 1000 Eodem
2842 947 2893 1000 in
2930 946 3126 1001 lectulo
3163 964 3284 1004 cum
3316 965 3412 1004 ne-

1837 1035 1981 1089 mine
2006 1035 2264 1090 dormias.
2293 1033 2369 1088 Te
2401 1035 2574 1106 ipsum
2601 1051 2817 1106 quoque
2845 1039 2967 1091 dum
3000 1038 3148 1094 solus
3176 1054 3254 1104 es,
3284 1041 3411 1095 dum

1839 1127 2038 1191 induis,
2069 1135 2163 1181 aut
2189 1127 2363 1193 exuis,
2407 1141 2676 1183 reverere.
2711 1127 2769 1183 Si
2799 1139 2954 1199 urget
2979 1131 3301 1196 necessitas,
3342 1135 3412 1186 ad

1838 1218 2052 1274 tertium
2110 1227 2401 1288 utrumque
2451 1218 2559 1272 vini
2610 1219 2860 1286 poculum
2902 1220 3046 1276 bibe.
3097 1221 3409 1278 Mensuram

1835 1311 1975 1364 hanc
2023 1310 2274 1364 amicitia:
2327 1309 2503 1378 gratia
2557 1310 2831 1365 transilias
2869 1325 3020 1366 cave.
3054 1311 3190 1366 Eum
3227 1328 3294 1367 ne
3332 1313 3414 1367 in-

1834 1401 1982 1455 colas
2015 1400 2215 1465 locum,
2259 1400 2350 1455 ubi
2383 1400 2656 1470 peccando
2684 1401 2850 1456 Deum
2876 1400 3168 1457 offendisti.
3195 1403 3414 1459 Oratio-

1834 1489 1918 1545 nis
1947 1489 2184 1544 studium
2232 1489 2340 1544 noli
2391 1491 2689 1558 remittere,
2736 1507 2805 1546 ne
2854 1491 3062 1548 incidas
3110 1495 3165 1548 in
3220 1509 3414 1552 manus

1833 1579 2175 1634 inimicorum
2213 1589 2448 1636 tuorum.
2504 1580 2839 1636 Psalmornm
2885 1582 3138 1639 incumbe
3189 1586 3412 1640 medita-

1832 1669 1994 1737 tioni;
2027 1684 2090 1724 ea
2134 1671 2278 1725 enim
2321 1679 2374 1726 te
2419 1671 2472 1725 in
2511 1670 2822 1727 innocentia
2854 1673 3169 1729 continebit.
3203 1674 3412 1744 Corpo-

147 1771 358 1826 rentur,
389 1771 515 1816 tunc
549 1760 823 1815 laboribus
869 1757 1051 1815 aiﬂicti
1083 1772 1234 1826 sunt,
1263 1776 1364 1816 nec
1404 1763 1556 1832 prius
1583 1761 1728 1833 Moy-
1763 1759 1806 1814 Β
1843 1763 1918 1817 ris
1971 1761 2288 1817 alllictiones
2338 1763 2692 1834 amplectere,
2742 1774 2798 1819 et
2845 1765 2974 1820 vitia
3026 1767 3411 1836 reprimentur.

153 1865 248 1906 ses
279 1847 522 1905 conﬁsus
553 1858 655 1912 est,
685 1848 934 1918 quamvis
965 1847 1178 1903 Pharao
1211 1849 1378 1905 variis
1413 1850 1584 1918 plagis
1616 1850 1733 1904 alli-

147 1951 386 2006 ceretur,
417 1955 581 2009 quam
615 1949 825 2009 tempus
859 1939 987 1994 illud
1014 1940 1251 2004 advenit,
1277 1956 1398 1995 cum
1430 1941 1572 1997 Deus
1595 1941 1731 1998 dixit

147 2031 227 2086 illi
258 2050 273 2088 :
309 2031 491 2085 Adhuc
519 2047 623 2084 una
655 2040 817 2085 restat
844 2031 1020 2107 plaga,
1059 2041 1107 2086 et
1151 2047 1273 2087 mea:
1309 2029 1527 2088 Pharao
1564 2035 1736 2088 dimit-

147 2137 220 2180 (ει
247 2127 494 2195 populum
538 2142 728 2180 meum.
761 2123 1090 2194 Inter/icium
1131 2129 1268 2181 enim
1297 2143 1449 2182 omne
1479 2128 1735 2199 primoge-

151 2220 339 2272 nitum.
381 2216 448 2271 Et
476 2217 609 2272 dixit
644 2216 786 2271 Deus
827 2217 895 2271 ad
938 2216 1182 2272 Morem:
1225 2217 1379 2273 Dices
1411 2219 1550 2272 omni
1575 2219 1731 2286 plebi,

151 2320 208 2363 ut
231 2309 453 2379 postulet
485 2310 565 2362 vir
600 2309 666 2362 ab
702 2309 872 2362 amico
904 2325 1021 2375 suo,
1052 2319 1099 2361 et
1139 2310 1332 2362 mulier
1359 2325 1386 2362 e
1428 2309 1599 2364 vicina
1637 2327 1735 2363 sua

147 2417 277 2457 vasa
324 2410 570 2472 argentea
614 2411 660 2455 et
716 2417 908 2465 aurea,
971 2410 1262 2471 vestemque
1320 2401 1604 2470 plurimam
1663 2402 1729 2455 ⁸⁸.

155 2491 378 2546 Dicebat
409 2491 572 2558 igitur
610 2504 668 2544 se
695 2505 724 2544 a
751 2491 1061 2546 senioribus
1090 2490 1363 2547 audivisse
1391 2506 1519 2546 vasa
1538 2507 1733 2562 argen-

155 2591 264 2648 tea,
293 2590 346 2636 et
370 2595 559 2652 aurea,
585 2597 649 2636 ac
680 2589 887 2636 vestem
922 2596 1113 2638 sensus
1142 2582 1472 2653 signiﬁcare,
1501 2585 1592 2654 qui
1635 2584 1736 2639 ini-

156 2674 300 2729 mico
324 2673 664 2728 deserviunt.
705 2671 855 2740 Quos
887 2674 1051 2730 homo
1080 2675 1180 2730 nisi
1209 2675 1278 2729 ab
1307 2675 1528 2730 inimico
1557 2685 1738 2731 extor-

155 2764 311 2829 serit,
338 2763 636 2834 feceritque
665 2773 725 2818 ut
758 2765 999 2819 fructum
1030 2763 1263 2821 aﬁ‘erant
1290 2765 1420 2830 Deo,
1455 2767 1522 2821 ad
1555 2782 1736 2822 veram

155 2857 392 2928 quietem
434 2857 721 2926 pervenire
771 2872 876 2912 non
909 2867 1104 2927 potest.
1139 2857 1582 2914 ‘Tabernaculum
1631 2875 1736 2915 non

156 2947 500 3001 obumbravit
531 2946 886 3016 Deus,quoad
915 2945 1292 3017 imperfectum
1323 2947 1448 3014 fuit,
1481 2949 1576 3004 sed
1603 2967 1727 3004 cum

156 3047 305 3092 esset
357 3037 686 3106 absolutum,
752 3049 879 3094 tunc
942 3038 1070 3094 illud
1128 3039 1492 3095 obumbravit.
1542 3039 1635 3097 Sic
1683 3051 1738 3097 et

159 3127 416 3198 templum
477 3128 669 3182 nebula
735 3142 841 3183 non
894 3129 1274 3194 obumbravit,
1356 3129 1596 3199 quandiu
1659 3129 1734 3192 illi

158 3221 451 3291 quidquam
506 3219 707 3288 defuit;
749 3230 808 3274 at
856 3219 944 3274 ubi
1000 3219 1297 3289 perfectum
1348 3221 1487 3286 fuit,
1555 3221 1762 3278 oblata.

162 3323 288 3368 sunt
327 3313 663 3376 holocausta,
697 3322 755 3367 et
792 3313 1054 3368 odoratus
1074 3321 1158 3367 est
1194 3311 1334 3367 Deus
1362 3312 1582 3368 odorem
1611 3328 1739 3368 sua-

161 3407 362 3460 vitatis.
399 3404 510 3459 Nisi
561 3405 722 3459 homo
763 3419 830 3458 ex
867 3403 994 3458 totis
1020 3403 1227 3458 viribus
1269 3403 1385 3458 suis
1429 3413 1484 3460 et
1531 3419 1597 3460 ex
1628 3414 1738 3460 tota

161 3508 346 3552 mente
374 3511 469 3551 sua
516 3495 682 3550 Deum
715 3494 987 3560 dilexerit,
1043 3494 1204 3564 eique
1256 3503 1368 3550 toto
1414 3495 1578 3551 corde
1612 3509 1740 3550 con-

155 3590 378 3660 junctus
411 3587 594 3655 fuerit,
643 3601 807 3657 super
832 3602 954 3642 eum
990 3585 1130 3642 Deus
1167 3601 1274 3642 non
1325 3587 1638 3656 requiescit.
1681 3587 1738 3642 Si

160 3696 341 3745 mens,
372 3679 568 3750 inquit,
599 3687 886 3748 antequam
915 3693 1104 3734 sensus
1131 3678 1336 3740 domet,
1368 3677 1496 3732 velit
1532 3677 1586 3732 in
1615 3693 1739 3733 cru-

161 3787 279 3827 cem
307 3770 694 3834 conscendere,
721 3778 981 3839 provocat
1007 3771 1142 3824 iram
1180 3769 1297 3825 Dei.
1328 3768 1462 3825 Rem
1495 3769 1639 3824 enim
1669 3771 1742 3823 vi-

164 3863 311 3916 ribus
343 3864 457 3916 suis
489 3861 750 3930 majorem
780 3861 1114 3931 aggreditur.
1167 3859 1225 3916 Si
1260 3859 1414 3915 malae
1442 3870 1495 3916 te
1537 3861 1741 3931 cogita-

165 3956 341 4009 tiones
383 3953 756 4022 coinquinant,
807 3960 861 4005 tu
909 3960 1090 4007 autem
1129 3965 1234 4006 non
1267 3950 1417 4006 doles
1465 3951 1520 4005 in
1577 3952 1740 4006 corde

163 4057 275 4111 tuo,
325 4044 421 4100 sed
478 4042 628 4099 foves
665 4059 728 4098 ea
783 4047 926 4099 unde
991 4043 1443 4114 proﬁciscuntur,
1499 4052 1738 4099 veterem

161 4137 335 4191 Adam
379 4135 632 4190 imitaris.
675 4135 732 4190 Si
783 4136 836 4190 in
876 4134 1005 4190 illud
1047 4136 1287 4190 studium
1331 4135 1623 4202 incumbis,
1683 4145 1740 4190 ut

161 4237 442 4299 peccatum
469 4242 714 4297 superes,
750 4237 802 4282 te
835 4227 1008 4296 ipsum
1049 4225 1311 4297 atlligens,
1349 4235 1403 4280 et
1433 4241 1620 4282 omnes
1658 4243 1740 4281 re-

165 4335 389 4376 movens
417 4320 755 4384 occasiones,
781 4332 834 4374 et
871 4319 960 4374 Dei
997 4333 1154 4389 opem
1191 4319 1486 4388 implorans
1517 4336 1532 4372 :
1585 4316 1698 4371 Tua
1720 4359 1735 4383 ,

1837 1851 1915 1907 Ne
1946 1867 2050 1923 qua
2100 1853 2154 1908 in
2190 1868 2248 1909 re
2283 1852 2377 1907 tibi
2427 1856 2641 1924 placeas
2671 1871 2824 1912 cave.
2858 1856 3094 1912 Peccata
3135 1866 3225 1912 tua
3274 1859 3413 1914 assi-

1836 1945 1941 1999 due
1979 1943 2134 2000 delle.
2162 1946 2204 1999 A
2244 1945 2522 2001 mendacio
2555 1946 2822 2015 abhorre;
2867 1947 3101 2017 expellet
3145 1949 3288 2004 enim
3315 1951 3413 2006 abs

1839 2045 1890 2090 te
1923 2036 2172 2091 timorem
2214 2035 2332 2093 Dei.
2373 2037 2741 2108 Cogitationes
2770 2047 2888 2094 tuas
2919 2039 2972 2092 in
3021 2042 3259 2095 omnium
3290 2057 3413 2096 con-

1835 2138 2019 2197 spectu
2064 2143 2131 2183 ne
2160 2130 2446 2196 retexeris,
2471 2145 2537 2186 ne
2570 2132 2814 2198 proximo
2840 2142 2930 2186 tuo
2956 2131 3032 2187 sis
3063 2130 3408 2188 oﬁ‘endiculo.

1834 2220 1997 2289 Aperi
2024 2219 2380 2290 cogitationes
2413 2230 2531 2277 tuas
2570 2222 2816 2290 patribus
2848 2222 2976 2287 tuis,
3017 2233 3075 2277 ut
3116 2224 3286 2294 gratia
3315 2224 3411 2279 Dei

1842 2318 1892 2363 te
1924 2316 2187 2379 protegat.
2221 2308 2278 2362 ln
2322 2324 2487 2379 opere
2517 2319 2572 2364 et
2607 2310 2792 2366 labore
2825 2325 3016 2366 manus
3045 2318 3167 2366 tuas
3192 2327 3408 2380 exerce,

1837 2403 1890 2449 et
1922 2397 2083 2452 timor
2109 2395 2204 2452 Dei
2239 2408 2411 2454 tecum
2454 2398 2736 2455 habitabit.
2782 2397 2840 2454 Si
2880 2400 3068 2456 fratris
3102 2403 3178 2456 tui
3215 2417 3411 2472 pecca-

1844 2494 1955 2540 tum
1981 2485 2180 2542 videris
2210 2502 2316 2541 non
2351 2488 2417 2543 ad
2455 2498 2684 2544 mortem
2715 2489 2797 2556 εδ,
2829 2505 2952 2545 eum
2982 2507 3046 2546 ne
3077 2491 3411 2561 despexeris,

1839 2592 1907 2632 ne
1943 2577 2150 2633 incidas
2193 2578 2246 2632 in
2293 2593 2484 2634 manus
2527 2580 2729 2635 inimici
2763 2582 2861 2636 tui.
2922 2581 3121 2638 Eorum
3175 2583 3254 2654 (5)
3293 2600 3416 2654 qua:

1840 2669 2106 2724 admisisti
2145 2671 2403 2725 memoria
2437 2685 2503 2726 ne
2533 2670 2823 2739 delectare,
2875 2689 2940 2727 ne
2991 2683 3316 2740 renoventur
3357 2676 3411 2730 in

1839 2767 1896 2816 te
1924 2772 2143 2830 peccata
2173 2770 2282 2816 tua.

1913 2849 1977 2905 ll.
2011 2851 2381 2909 Humilitatem
2411 2852 2756 2924 amplectere,
2781 2862 2836 2909 et
2873 2864 3118 2927 proteget
3153 2865 3204 2913 te
3233 2873 3261 2912 a
3289 2872 3414 2928 pec-

1845 2943 1982 2999 catis
2019 2945 2147 2999 tuis.
2190 2943 2311 3000 Noli
2366 2958 2487 3000 esse
2526 2933 2921 3012 contentiosus,
2955 2963 3021 3003 ne
3050 2949 3228 3004 omnis
3276 2951 3328 3004 in
3364 2961 3416 3006 te

1845 3035 2055 3092 habitet
2098 3036 2436 3105 improbitas.
2467 3034 2546 3091 Ne
2578 3038 2653 3093 sis
2683 3040 2837 3108 .apud
2890 3040 3228 3110 temetipsum
3283 3056 3414 3110 pru-

1763 3097 1810 3159 c
1843 3128 1999 3194 dens,
2030 3141 2098 3181 ne
2123 3127 2328 3183 incidas
2357 3129 2410 3182 in
2440 3142 2631 3184 manus
2662 3129 3000 3185 inimicorum
3043 3141 3276 3187 tuorum.
3310 3133 3416 3188 Cor

1843 3226 1993 3273 tuum
2036 3219 2256 3282 inclina,
2291 3229 2350 3273 ut
2402 3221 2636 3276 libenter
2665 3221 2879 3276 obediat
2907 3223 3154 3279 Patribus
3187 3225 3320 3290 tuis;
3362 3235 3417 3281 et

1840 3312 2013 3382 gratia
2045 3310 2138 3366 Dei
2182 3311 2450 3366 habitabit
2506 3312 2558 3366 in
2600 3322 2670 3368 te.
2706 3311 2967 3383 Linguam
3001 3325 3144 3370 tuam
3170 3316 3414 3372 assuefa-

1840 3404 1950 3459 cito
2005 3412 2063 3458 ut
2116 3405 2262 3458 dicat
2298 3422 2311 3457 :
2345 3404 2418 3458 Da
2452 3403 2582 3459 mihi
2628 3405 2862 3471 veniam,
2904 3407 3122 3476 ignosce
3160 3407 3326 3473 mihi;
3362 3416 3418 3462 et

1842 3495 2116 3550 humilitas
2162 3497 2226 3550 ad
2269 3505 2318 3550 te
2349 3496 2545 3550 veniet.
2586 3495 2720 3550 Dum
2756 3497 2963 3552 resides
3014 3496 3068 3550 in
3112 3497 3250 3552 cella
3296 3507 3410 3560 tua,
3468 3494 3485 3504 ’

1841 3575 1929 3641 his
1958 3586 2129 3642 tribus
2168 3587 2382 3642 assidue
2414 3600 2564 3654 vaca,
2600 3587 2856 3651 orationi,
2887 3587 3219 3642 meditationi
3248 3599 3305 3642 et
3335 3587 3418 3641 la-

1834 3676 1958 3733 bori
1995 3692 2250 3732 manuum
2305 3687 2538 3738 tuarum.
2580 3676 2660 3733 ita
2713 3680 2854 3742 vive,
2896 3687 2953 3732 ut
2999 3679 3045 3733 si
3091 3679 3234 3734 diem
3284 3693 3415 3747 agas

1841 3769 2081 3839 quotidie
2126 3770 2401 3834 ultimum,
2429 3779 2484 3824 et
2519 3785 2627 3826 non
2678 3770 2950 3840 peccabis.
2988 3769 3173 3824 Ventri
3203 3770 3282 3841 (6)
3306 3769 3418 3824 noli

1841 3860 2143 3930 indulgere,
2172 3876 2239 3916 ne
2271 3861 2501 3930 pristina
2532 3861 2588 3916 in
2626 3869 2678 3916 te
2715 3871 2935 3930 peccata
2982 3873 3328 3918 renoventur.
3356 3860 3416 3916 In

1841 3951 1989 4006 omni
2023 3951 2140 4008 loco
2167 3961 2328 4019 atque
2353 3967 2516 4022 opere
2548 3953 2807 4009 desidiam
2841 3953 2974 4019 vita,
3013 3967 3081 4008 ne
3130 3962 3183 4007 te
3211 3952 3416 4007 inimici

1840 4042 1922 4097 vis
1963 4043 2256 4113 opprimat.
2297 4043 2426 4109 Quae
2468 4042 2560 4097 Dei
2601 4053 2730 4098 sunt
2775 4043 2990 4096 assidue
3038 4041 3318 4106 meditare,
3361 4050 3419 4100 et

1843 4133 1983 4188 Deus
2014 4133 2066 4187 in
2107 4141 2160 4187 te
2187 4133 2509 4202 requiescet.
2545 4132 3007 4198 Quemadmodum
3043 4132 3236 4185 domus
3258 4141 3416 4185 extra

1841 4223 2117 4278 civitatem
2148 4225 2344 4285 diruta,
2380 4222 2440 4277 ﬁt
2481 4224 2630 4279 locus
2665 4221 2867 4277 fetidus
2899 4240 2912 4275 :
2949 4223 3028 4277 sic
3068 4222 3244 4276 anima
3276 4223 3416 4292 pigri

1843 4313 2098 4368 monachi
2132 4313 2386 4391 vitiorum
2417 4313 2475 4367 iit
2505 4312 2860 4367 domicilium.
2893 4311 3140 4375 Orationi
3171 4328 3293 4367 cum
3334 4314 3418 4368 la-

162 4412 444 4482 inquiens,
481 4411 724 4475 Domine,
767 4419 850 4465 est
869 4409 1266 4475 misericordia,
1297 4419 1356 4464 ut
1391 4410 1586 4465 liberes
1616 4425 1734 4473 me;
1770 4430 1814 4483 ι)
1843 4405 2043 4473 crymis
2084 4404 2356 4472 incumbe,
2393 4413 2452 4458 ut
2496 4404 2590 4459 Dei
2637 4404 3007 4460 misericordia
3043 4414 3275 4460 veterem
3321 4407 3416 4460 ho-

159 4517 262 4573 ego
289 4504 432 4557 enim
473 4501 590 4557 sine
615 4501 817 4556 auxilio
851 4511 942 4556 tuo
979 4516 1170 4556 manus
1219 4501 1559 4557 inimicorum
1593 4516 1742 4556 meo-

159 4607 284 4646 rum
312 4589 552 4661 el'fugere
601 4605 847 4661 nequeo;
888 4590 934 4644 si
968 4590 1084 4646 haec
1138 4589 1295 4657 facis,
1350 4601 1405 4646 et
1453 4590 1742 4659 diligenter

158 4697 384 4751 operam
425 4682 522 4738 das
571 4696 639 4737 ne
684 4679 925 4736 oiiendas
955 4694 1048 4736 eos
1102 4680 1192 4749 qui
1246 4678 1301 4735 in
1357 4687 1410 4735 te
1443 4679 1739 4734 secundum

161 4773 331 4828 Deum
351 4773 622 4836 erudiunt,
647 4770 775 4828 Jesn
796 4779 1047 4826 naturam
1067 4769 1320 4826 imitaris.
1337 4770 1402 4825 Et
1419 4770 1534 4840 ipse
1555 4777 1740 4825 custo-

158 4866 272 4918 diet
307 4873 358 4918 te
404 4865 471 4918 ab
503 4863 662 4924 omni,
687 4862 846 4917 malo.
881 4861 1146 4928 Quoniam
1195 4859 1310 4928 ejus
1360 4868 1444 4916 est
1487 4859 1655 4931 gloria
1687 4867 1742 4914 et

159 4955 449 5026 imperium
479 4954 536 5009 in
558 4953 751 5010 saecula
782 4953 1123 5010 sicculorum.
1157 4953 1354 5006 Arnen.

748 5063 1008 5119 onano
1069 5063 1159 5119 Ix.
1521 5141 1525 5145 ἦ

446 5159 528 5212 Ad
566 5174 652 5214 eos
691 5159 779 5227 qui
817 5158 1014 5211 mundo
1061 5156 1450 5211 renuntiarunt.

233 5251 273 5306 Ι.
316 5249 373 5306 Si
404 5251 608 5306 mundo
634 5251 986 5316 renuntiasti,
1029 5259 1186 5320 teque
1218 5249 1328 5304 Deo
1353 5263 1449 5316 per
1476 5245 1742 5315 pmniten-

233 5436 280 5467 ⁸³
323 5434 493 5490 Exod.
525 5449 620 5502 x1,
654 5435 706 5502 i,
738 5434 792 5487 ἓ.
871 5433 916 5465 ⁸⁸
943 5433 960 5487 l
985 5430 1139 5486 Joan.
1166 5446 1217 5497 v,
1243 5430 1330 5484 iﬁ.

232 5592 308 5662 (4)
351 5591 675 5662 Cngnitione.
710 5592 790 5662 Arn
834 5589 1177 5662 cogitatione?

345 5653 562 5730 Eorum,
594 5673 695 5716 etc.
729 5653 913 5715 Grmca
939 5661 1102 5714 habes
1133 5656 1268 5712 infra
1306 5655 1340 5711 I.
1373 5671 1447 5724 c.,
1474 5669 1592 5725 cap.
1619 5653 1670 5710 6.

1845 4499 2042 4552 minem
2074 4498 2313 4566 peccatis
2345 4506 2599 4552 onustum
2635 4507 2818 4552 exuat.
2864 4496 3044 4552 Labor
3070 4498 3172 4568 (7),
3202 4507 3251 4553 et
3284 4514 3416 4569 pau-
3501 4533 3510 4542 ο

1838 4599 2039 4659 pertas,
2079 4597 2134 4643 et
2171 4589 2530 4658 hospitalitas,
2571 4599 2626 4643 et
2672 4587 2908 4656 aﬂlictio,
2933 4596 2986 4643 et
3014 4589 3284 4644 silentium
3319 4605 3418 4659 pae-

1840 4683 1986 4735 riunt
2012 4679 2396 4735 humilitatem.
2429 4679 2718 4734 Humilitas
2747 4693 2874 4735 vero
2910 4680 3120 4734 veniam
3158 4681 3416 4751 impetrat

1838 4771 2080 4827 omnium
2122 4778 2488 4840 peccatorum.
2522 4767 2708 4824 Potest
2737 4777 2916 4823 autem
2967 4768 3182 4824 Domini
3223 4779 3276 4824 et
3318 4769 3415 4826 Dei

1839 4863 2008 4917 nostri
2048 4862 2354 4932 benignitas
2399 4875 2498 4915 nos
2547 4860 2621 4916 ita
2661 4861 3038 4928 corroborare,
3068 4872 3126 4916 ut
3165 4861 3414 4918 volunta-

1838 4962 1946 5007 tem
1979 4953 2149 5021 ipsius
2186 4959 2542 5022 agnoscentes
2585 4965 2646 5007 ac
2678 4949 2959 5018 facientes,
2985 4952 3416 5008 misericordiam

1838 5043 2179 5098 inveniamus
2200 5058 2324 5099 cum
2358 5043 2610 5099 omnibus
2644 5045 2850 5100 sanctis
2875 5043 2967 5116 qui
2997 5044 3266 5100 mandatis
3297 5043 3413 5112 ejus

1839 5137 2303 5203 obtemperarunt.
2331 5134 2524 5189 Amen.

1901 5579 1978 5650 (ϐ)
2015 5577 2219 5650 Yentri,
2248 5585 2350 5634 etc.
2376 5577 2562 5650 graeca
2587 5572 2725 5650 infra
2751 5571 2795 5650 _l.
2831 5585 2908 5636 c.,
2934 5568 3136 5650 cap].

1908 5639 1984 5723 '(7')
2018 5639 2214 5721 Labor,
2237 5658 2340 5704 etc.
2368 5647 2555 5702 Graeca
2587 5644 2725 5699 infra
2749 5644 2784 5698 l.
2818 5657 2894 5710 c.,
2925 5654 3044 5708 cap.
3070 5639 3126 5695 8.
