3888 6284
447 323 588 380 H35

1049 439 1306 499 ORATIO
1346 439 1388 494 Χ
1402 482 1414 494 .

953 530 1206 601 Ejusdem
1246 532 1562 601 argumenti.

524 621 728 675 Sancto
757 620 922 674 Petro
951 619 1197 689 apostolo
1233 618 1374 674 Dens
1407 618 1662 681 ostendit,
1699 617 1899 672 nullum
1937 617 2029 671 de-

450 713 579 766 bere
617 723 961 765 communem
991 717 1084 763 aut
1142 709 1478 764 immundum
1527 710 1800 764 hominem
1840 707 2030 763 existi-

453 803 590 857 mari
617 803 683 857 ⁸⁸.
716 802 880 871 Cujus
919 803 1174 856 mundum
1204 811 1288 858 est
1316 815 1430 866 cor,
1462 802 1508 858 is
1552 816 1755 857 omnes
1786 801 2032 856 homines

457 894 686 950 mundos
736 894 1046 957 existimat;
1078 902 1134 948 at
1184 893 1276 964 qui
1325 895 1475 949 vitiis
1512 908 1607 950 cor
1641 893 1805 949 habet
1851 894 2031 964 inqui-

457 991 669 1048 natum,
711 984 756 1038 is
795 983 1069 1038 neminem
1096 983 1356 1039 mundum
1394 993 1568 1054 putat,
1595 983 1692 1039 sed
1721 984 1801 1038 sui
1830 984 2034 1040 similes

457 1089 646 1130 omnes
674 1075 1001 1130 arbitratur:
1039 1075 1180 1145 tluod
1205 1074 1252 1130 si
1275 1074 1400 1145 quis
1424 1075 1621 1130 dixerit
1653 1074 1884 1145 aliquem
1909 1090 2034 1130 esse

456 1167 634 1220 virum
675 1166 898 1229 bonum,
926 1167 1108 1220 statim
1148 1165 1403 1221 irascitur
1437 1166 1489 1220 in
1525 1167 1688 1222 corde
1715 1182 1832 1222 suo.
1864 1165 2036 1221 Cave-

459 1268 510 1312 te
538 1258 700 1328 igitur
733 1271 800 1312 ne
842 1258 1150 1326 quempiam
1190 1265 1284 1311 aut
1310 1265 1496 1327 aperte
1525 1265 1618 1310 aut
1651 1257 1704 1311 in
1733 1257 1912 1312 animo
1938 1272 2034 1312 vc-

457 1357 572 1405 stro
611 1347 952 1418 vituperetis.
1005 1346 1216 1415 Quanto
1282 1361 1342 1403 se
1401 1349 1632 1418 quisque
1677 1348 2038 1417 negligentius

457 1439 726 1510 explorat,
762 1448 916 1494 tanto
959 1452 1017 1493 se
1059 1438 1266 1506 judicat
1302 1438 1616 1493 amiciorem
1672 1436 1789 1493 Dei.
1834 1437 1904 1492 At
1944 1441 2036 1508 qui

457 1531 636 1587 studet
664 1543 723 1585 se
742 1545 772 1584 a
795 1529 942 1585 vitiis
966 1537 1020 1584 et
1041 1529 1539 1600 perturbationibus
1560 1543 1884 1599 expurgare,
1914 1545 2040 1584 eru-

456 1623 630 1678 bescit
667 1623 719 1676 in
758 1621 956 1676 cmlum
1007 1619 1195 1676 tollere
1237 1621 1425 1677 oculos
1477 1635 1605 1677 suos
1643 1621 1698 1676 in
1746 1631 2038 1691 conspectu

459 1712 556 1770 Dei
585 1731 596 1766 :
626 1727 685 1768 se
711 1713 854 1768 enim
883 1711 1140 1782 perspicit
1170 1712 1236 1766 ab
1276 1710 1368 1766 Illo
1399 1712 1590 1768 abesse
1629 1727 1790 1783 quam
1841 1713 2041 1784 longis-

1553 322 1820 380 PATRES
1863 321 2158 380 ECYPTII
2199 323 2470 381 SIECULI
2511 324 2596 382 IV.

2065 444 2108 500 Α
2139 455 2256 493 οςςο
2277 443 2580 504 minimum,
2611 438 2846 495 ostendit
2868 437 3228 495 humilitatem
3251 439 3405 496 nobis
3431 455 3557 496 (ἔδεις
3585 459 3753 496 unu-

3597 324 3623 378 1
3644 323 3755 383 13-3

2138 531 2506 599 plectendum,
2567 541 2626 586 ut
2671 531 3088 587 mansuetudine
3133 538 3189 586 et
3237 531 3504 602 patientia
3577 533 3751 586 nobis

2137 635 2326 676 Omnes
2352 621 2598 676 homines
2627 629 3040 690 anteponamus.
3071 619 3258 675 Rubor
3283 621 3335 674 in
3366 635 3432 675 eo
3464 635 3746 676 verecun-

2137 709 2281 765 diam
2318 709 2662 779 signilicatet
2685 710 3014 776 castitatem,
3042 717 3100 763 ut
3122 708 3324 764 nullum
3351 710 3402 764 in
3431 724 3614 764 carne
3644 727 3747 762 no-

2137 807 2251 855 stra
2297 802 2537 857 dedecus
2575 802 2943 857 admittamus.
2993 799 3156 854 Acris
3197 800 3252 854 in
3296 815 3363 854 eo
3404 801 3488 853 vis
3523 800 3753 853 indicat

2143 889 2328 944 odium
2358 891 2618 945 adversus
2651 891 2780 946 vitia
2813 899 2869 946 et
2899 889 3084 944 mundi
3118 891 3406 944 vanitates.
3437 890 3610 956 Quod
3647 905 3747 942 au-

2142 985 2248 1032 tem
2285 978 2368 1033 vis
2405 977 2524 1048 ejus
2563 993 2668 1032 non
2709 988 2876 1048 patet,
2907 978 3012 1033 nisi
3064 986 3328 1033 tractetur
3374 986 3430 1033 et
3479 987 3747 1032 contera-

2143 1075 2251 1136 tur,
2285 1069 2621 1126 demonstrat
2662 1069 3106 1144 nihil.virtutem
3151 1069 3432 1140 prodesse,
3486 1069 3603 1125 nisi
3675 1070 3749 1123 la-

2142 1159 2275 1216 bore
2316 1170 2480 1231 atque
2515 1176 2614 1216 usu
2657 1171 2714 1216 et
2757 1160 3150 1216 exercitatione
3200 1163 3342 1216 actio
3393 1161 3641 1232 prodeat
3687 1170 3750 1214 et

2144 1261 2526 1322 consequatur.
2563 1251 2719 1307 Valet
2748 1253 2911 1307 etiam
2943 1254 3011 1307 ad
3040 1266 3267 1321 corpora
3298 1254 3636 1315 condienda,
3676 1267 3748 1306 ne

2120 1338 2468 1414 'putrescant
2491 1353 2585 1398 aut
2605 1343 2852 1398 fmteant.
2888 1342 3001 1398 [Ioc
3027 1343 3191 1413 igitur
3213 1345 3441 1413 granqu
3473 1347 3631 1413 quod
3655 1361 3746 1398 re-

2146 1449 2252 1505 gno
2273 1435 2535 1490 caelorum
2559 1444 2642 1490 est
2670 1435 2870 1503 simile,
2895 1437 3037 1506 quod
3061 1435 3308 1490 Christus
3337 1445 3443 1503 est,
3480 1438 3746 1490 volunta-

2151 1533 2233 1578 tes
2260 1533 2492 1592 postras
2547 1523 2754 1579 solutas
2789 1538 2854 1578 ac
2898 1533 3142 1579 mortuas
3169 1540 3630 1595 conspergamus,
3668 1542 3738 1580 re

2147 1624 2538 1685 putrescautet
2587 1615 2860 1670 vermibus
2891 1625 3161 1671 scateaut.
3197 1617 3404 1671 Idcirco
3435 1617 3586 1671 enim
3632 1617 3741 1670 Do-

2149 1709 2329 1764 minus
2366 1707 2526 1763 Jesus
2565 1706 2741 1763 factus
2775 1719 2857 1762 est
2880 1709 3062 1776 homo,
3095 1723 3162 1764 ne
3193 1708 3407 1764 solliciti
3440 1708 3645 1774 simus,
3675 1726 3748 1763 ne

459 1805 617 1859 sime.
655 1803 826 1858 Homo
864 1803 1082 1873 quidam
1119 1803 1252 1858 duos
1297 1818 1488 1859 servos
1517 1805 1776 1873 habebat,
1809 1815 1862 1860 et
1893 1804 2040 1860 misit
2073 1797 2116 1852 Β
2145 1801 2328 1856 mundi
2375 1801 2522 1856 curis
2563 1799 2952 1864 distrahamur,
3010 1801 3107 1855 sed
3156 1800 3331 1870 ipsum
3384 1813 3486 1870 pro
3525 1799 3743 1852 viribus

459 1910 554 1950 eos
594 1895 648 1949 in
699 1908 888 1964 agrum
938 1908 1116 1960 suum,
1143 1904 1203 1948 ut
1240 1903 1508 1950 meterent
1563 1897 1819 1962 triticum,
1845 1896 2039 1964 jussit-

461 2001 588 2054 quc,
633 1995 692 2039 ut
730 1995 955 2055 septena
997 1984 1196 2056 singuli
1250 2001 1357 2040 una
1398 1985 1482 2041 die
1525 1984 1718 2058 jugera
1753 1994 2036 2040 mctcrcnt.

461 2075 612 2130 Alter
641 2076 879 2145 ipsorum
909 2074 1035 2130 totis
1057 2074 1265 2130 viribus
1295 2090 1517 2146 operam
1545 2076 1715 2142 dedit,
1747 2084 1807 2131 nt
1838 2077 2040 2131 domini

465 2168 671 2222 faceret
709 2167 1004 2236 imperata;
1038 2167 1134 2221 sed
1169 2173 1348 2222 tamen
1384 2180 1523 2236 opus
1549 2165 1768 2237 explere
1808 2181 1913 2222 non
1945 2181 2042 2236 po-

468 2259 592 2323 tnit,
622 2258 878 2329 quoniam
917 2259 1065 2314 vires
1095 2258 1266 2328 ipsius
1311 2259 1639 2328 superabat;
1684 2259 1820 2314 alter
1862 2267 2042 2314 autem

467 2349 578 2404 otio
611 2363 671 2403 se
700 2348 864 2403 dedit.
891 2348 1112 2417 Ecquis,
1149 2362 1337 2404 secum
1373 2349 1487 2418 ipse
1533 2349 1802 2418 inquiens,
1836 2357 2042 2404 tantum

469 2453 607 2507 opus
634 2453 742 2493 uno
800 2437 888 2492 die
933 2448 1099 2507 queat
1145 2438 1443 2508 perﬁcere?
1473 2437 1632 2493 Jnssa
1681 2440 1844 2509 igitur
1879 2439 2046 2510 negli-

468 2542 622 2596 gens,
658 2527 749 2582 illa
782 2526 1119 2582 afﬁciebatur
1155 2526 1552 2596 sollicitudine,
1584 2530 1680 2584 sed
1727 2531 1887 2584 modo
1925 2531 2048 2585 dor-

468 2617 842 2683 saiens,modo
873 2618 1133 2684 oscitans,
1159 2619 1323 2674 modo
1344 2633 1464 2674 sese
1491 2629 1734 2685 vertens,
1765 2630 1821 2675 ut
1845 2623 2046 2676 ostium

470 2707 704 2764 vertitur
736 2709 788 2762 in
823 2709 1044 2765 cardine
1077 2725 1197 2776 suo,
1231 2710 1372 2766 diem
1423 2717 1631 2767 temere
1679 2714 2038 2784 consumpsit.

472 2796 606 2851 Cum
636 2805 815 2852 autem
846 2810 1039 2866 vesper
1075 2797 1407 2865 advenisset,
1437 2801 1504 2854 ad
1539 2801 1814 2856 dominum
1847 2803 2046 2858 reversi

473 2897 622 2942 sunt.
651 2887 752 2955 Qui
781 2902 902 2944 cum
933 2888 1076 2944 servi
1105 2889 1384 2960 diligentis
1409 2889 1649 2946 laborem
1675 2893 2046 2958 intellexisset,

474 2979 602 3034 licet
644 2988 814 3034 totum
850 2979 918 3034 ab
953 2993 1018 3034 eo
1048 2995 1154 3034 non
1188 2989 1336 3036 esset
1365 2996 1500 3053 opus
1527 2981 1847 3052 perfectum,
1871 2993 2050 3039 tamen

474 3069 747 3126 hominem
795 3069 1070 3136 laudavit;
1103 3070 1336 3126 alterum
1387 3083 1594 3141 autem,
1621 3085 1680 3128 ut
1731 3075 1958 3130 inertem
1987 3089 2050 3131 ac

474 3159 712 3216 desidem
742 3168 1177 3231 contemptorem
1228 3162 1390 3218 domo
1437 3178 1535 3218 sua
1583 3164 1721 3219 male
1769 3166 2048 3219 multatum

475 3251 688 3306 extrudi
716 3250 898 3320 jussit.
928 3251 1037 3307 Nos
1079 3252 1206 3307 item
1237 3253 1290 3308 in
1314 3255 1463 3308 omni
1492 3268 1654 3324 opere
1677 3263 1732 3309 et
1765 3254 2054 3312 aﬂlictione

476 3341 688 3396 naviter
721 3358 784 3397 ac
805 3342 935 3398 totis
957 3343 1164 3398 viribus
1192 3343 1540 3412 laboremus;
1563 3354 1616 3399 et
1642 3345 1785 3401 Deus
1811 3361 1908 3402 nos
1939 3347 2054 3402 sine

475 3432 638 3488 dubio
664 3433 919 3504 suscipiet
942 3447 1066 3490 cum
1096 3435 1307 3492 sanctis
1359 3437 1495 3491 suis.
1529 3436 1699 3493 Debet
1731 3438 1894 3494 homo
1937 3455 2054 3506 pre-

473 3538 566 3581 ces
601 3526 816 3582 assidue
854 3525 1082 3582 fundere
1131 3527 1184 3581 in
1229 3537 1522 3598 conspectu
1571 3528 1662 3582 Dei
1701 3543 1894 3600 magna
1930 3545 2052 3585 cum

474 3617 782 3675 humilitate
815 3620 996 3676 cordis
1025 3629 1079 3676 et
1107 3621 1356 3689 corporis
1378 3619 1693 3684 afﬂictione,
1731 3635 1830 3675 nec
1859 3620 1968 3677 ullo
2000 3622 2053 3675 in

473 3727 640 3780 opere
670 3727 768 3768 suo
789 3713 892 3767 sibi
920 3712 1160 3782 placere,
1195 3725 1294 3766 nec
1331 3711 1583 3767 humanis
1612 3712 1855 3768 laudibus
1874 3713 2051 3767 extol-

477 3802 540 3867 li,
571 3814 663 3858 aut
682 3803 1174 3873 vituperationibus
1203 3803 1454 3872 deprimi,
1475 3805 1569 3858 sed
1599 3803 1909 3873 frequenter
1936 3818 2054 3873 pec-

475 3903 724 3948 catorum
765 3906 982 3947 suorum
1013 3891 1307 3947 recordari.
1341 3892 1433 3947 Sic
1467 3895 1611 3948 enim
1636 3909 1730 3948 cor
1760 3897 1828 3949 ab
1869 3895 2048 3950 inimi-

475 3985 556 4040 cis
585 3985 696 4039 suis
733 3983 1058 4052 requiescet.
1093 3983 1307 4038 Nullum
1348 3985 1577 4038 verbum
1609 3985 1863 4040 acerbum
1892 3997 2053 4044 exeat

474 4076 542 4129 ab
588 4088 683 4129 ore
728 4083 838 4128 tuo.
885 4071 1183 4152 Neminem,
1216 4088 1401 4128 coram
1457 4073 1665 4140 Iaudes,
1701 4085 1792 4129 aut
1821 4089 2049 4146 usquam

479 4167 769 4236 vituperes.
796 4165 995 4221 Omnes
1024 4165 1221 4219 animae
1252 4164 1415 4231 fores,
1466 4165 1520 4218 id
1559 4173 1643 4220 est
1686 4180 1900 4232 sensus,
1935 4167 2052 4222 dili-

476 4265 664 4327 genter
708 4254 934 4309 occlude
961 4265 1128 4323 atque
1154 4255 1390 4320 custodi,
1424 4271 1492 4310 ne
1519 4270 1616 4324 per
1648 4255 1766 4311 illas
1795 4267 1887 4311 aut
1920 4271 2049 4312 cva-

474 4354 651 4414 getur,
681 4353 775 4398 aut
802 4345 989 4399 mundi
1021 4345 1187 4400 verba
1215 4346 1280 4400 ad
1308 4361 1428 4400 eam
1454 4346 1823 4417 perferantur.
1853 4347 2050 4405 Beatus

473 4441 564 4508 qui
595 4437 942 4492 continenter
979 4438 1124 4508 luget
1153 4448 1382 4508 peccata
1421 4454 1537 4494 sua.
1570 4439 1762 4494 Amen.

1071 4552 1326 4609 ORATIO
1363 4552 1455 4607 XI.

1005 4644 1081 4696 De
1110 4658 1274 4712 grano
1297 4643 1516 4711 sinapis.

541 4732 792 4804 Magnum
818 4733 872 4788 in
895 4733 1091 4803 exiguo
1130 4733 1336 4801 sinapis
1367 4748 1538 4804 grano
1570 4736 1886 4806 mysterium
1915 4754 2044 4794 con-

471 4825 694 4888 tinetur,
722 4823 1176 4892 quemadmodum
1205 4823 1397 4879 Patres
1425 4824 1703 4894 dixerunt,
1727 4830 1952 4900 ideoque
1977 4831 2046 4886 ad

470 4922 713 4968 nostram
739 4911 1040 4968 doctrinam
1082 4914 1341 4984 scriptum
1366 4923 1448 4971 est
1475 4933 1488 4971 :
1518 4915 1701 4973 Simile
1724 4929 1800 4975 est
1831 4936 2046 4992 regnum

469 5005 714 5057 calorum
754 5017 920 5072 grano
959 5004 1178 5073 sinapis,
1214 5007 1356 5076 quod
1409 5010 1671 5079 accipiens
1703 5013 1860 5066 homo
1891 5013 2047 5069 semi-

468 5097 608 5152 navit
637 5096 691 5148 in
726 5109 853 5165 agro
887 5109 1020 5162 suo;
1044 5097 1183 5168 quod
1221 5099 1460 5153 omnium
1494 5110 1572 5155 est
1603 5103 1861 5156 seminum
1889 5104 2046 5158 mini-

466 5203 644 5251 mum;
674 5204 790 5241 cum
821 5199 994 5243 autem
1025 5191 1264 5254 creverit,
1286 5191 1463 5260 majus
1495 5202 1570 5246 est
1615 5195 1853 5250 omnibus
1882 5196 2043 5251 oleri-

463 5280 590 5346 bus;
619 5289 667 5334 et
704 5279 766 5348 ﬁt
796 5280 978 5345 arbor,
1015 5281 1089 5334 ita
1123 5289 1180 5334 ut
1208 5282 1442 5337 volucres
1471 5284 1589 5338 caeli
1611 5286 1843 5353 veniant,
1871 5298 1919 5341 et
1945 5289 2045 5343 ha-

464 5371 620 5425 bitent
666 5371 724 5426 in
757 5371 921 5425 ramis
955 5371 1069 5440 ejus
1095 5371 1163 5425 ".
1214 5371 1343 5428 Haec
1380 5389 1502 5430 cum
1555 5376 1628 5430 ita
1673 5392 1734 5433 se
1785 5380 2042 5448 habeant,

463 5470 882 5517 consentaneum
915 5473 1000 5518 est
1030 5471 1090 5517 ut
1124 5462 1286 5532 hujus
1307 5466 1518 5535 granuli
1549 5468 1829 5528 facultates
1869 5473 2045 5528 imite-

464 5569 607 5609 mur.
647 5553 781 5610 Cum
830 5558 980 5612 enim
1007 5557 1137 5619 illud
1166 5570 1237 5615 ex
1269 5560 1515 5623 omnibus
1551 5565 1847 5624 seminibus
1885 5567 2030 5626 dicat

563 5706 610 5742 ⁸³
633 5709 754 5763 Act.
786 5726 842 5776 ι,
872 5712 958 5767 15.
1035 5706 1083 5746 ’³
1110 5711 1303 5770 Matth.
1339 5729 1460 5788 xm,
1494 5715 1584 5787 5t,
1624 5714 1715 5776 52.

2143 1891 2436 1946 imitemur.
2478 1890 2561 1945 Ad
2601 1891 2763 1961 hujus
2793 1891 3002 1961 granuli
3037 1905 3282 1944 normam
3338 1905 3438 1945 nos
3482 1890 3742 1958 explore-

2144 1996 2286 2046 mus,
2319 1982 2595 2039 videamus
2630 1992 2816 2037 utrum
2854 1982 2928 2036 illi
2962 1982 3144 2037 cordis
3192 1980 3515 2046 humilitate,
3562 1981 3738 2033 animi

2145 2073 2575 2138 mansuetudine,
2598 2073 2884 2128 cltaritatis
2916 2075 3110 2128 ardore
3158 2073 3362 2129 similes
3396 2073 3589 2127 simus.
3619 2073 3741 2141 Ipse

2146 2173 2326 2218 autem
2366 2164 2623 2218 Dominus
2645 2163 2809 2220 Jesus
2839 2181 2939 2220 nos
2973 2165 3350 2221 misericordia
3389 2177 3488 2218 sua
3526 2166 3740 2218 contir-

2145 2264 2275 2320 tnet,
2307 2263 2364 2310 ut
2394 2254 2659 2310 voluntati
2694 2255 2812 2326 ejus
2838 2270 3148 2326 pareamus,
3189 2256 3444 2326 quoniam
3487 2255 3612 2324 ejus
3647 2264 3739 2308 est

2146 2345 2313 2416 gloria
2351 2354 2405 2401 et
2434 2345 2724 2416 imperium
2761 2346 2812 2400 in
2851 2345 3050 2401 sarcula
3082 2347 3425 2408 surculorum.
3460 2348 3659 2402 Amen.

2727 2459 2982 2516 ORATIO
3013 2459 3125 2513 XII.

2808 2548 2884 2604 De
2922 2552 3060 2604 vino.

2225 2642 2266 2695 Ι.
2306 2641 2425 2696 Vini
2453 2650 2509 2696 et
2547 2651 2755 2696 natura:
2795 2641 3032 2697 hominis
3064 2641 3378 2711 mysterium
3409 2643 3489 2697 sic
3525 2643 3737 2696 intelli~

2151 2735 2314 2802 gitur.
2344 2731 2615 2788 Debemus
2667 2748 2762 2788 cor
2807 2744 3050 2789 nostrum
3097 2735 3364 2806 integrum
3406 2749 3526 2790 cum
3575 2739 3731 2789 ornni

2155 2824 2444 2879 sanctitate
2481 2837 2725 2890 servare,
2752 2824 2798 2878 si
2831 2823 3107 2890 volumus,
3151 2837 3212 2879 ut
3244 2826 3296 2880 in
3327 2840 3394 2880 eo
3435 2825 3579 2880 Deus
3610 2843 3734 2881 cum

2156 2914 2338 2970 laetitia
2373 2916 2554 2985 degat.
2595 2915 2807 2972 Dolium
2840 2916 2944 2972 nisi
2976 2917 3214 2987 undique
3243 2919 3314 2972 sit
3355 2919 3475 2986 pice
3512 2918 3732 2986 illitum,

2156 3018 2210 3061 et
2244 3007 2420 3064 nullas
2463 3009 2659 3064 habeat
2699 3009 2891 3075 rimas,
2927 3010 3110 3064 vinum
3145 3025 3252 3065 non
3282 3021 3456 3081 potest
3484 3013 3737 3067 contine-

2159 3116 2245 3167 re;
2303 3117 2399 3158 cor
2449 3103 2551 3158 nisi
2600 3102 2903 3158 humilitate
2950 3111 3004 3159 et
3049 3105 3302 3160 castitate
3348 3108 3645 3172 muniatur,
3677 3119 3736 3161 et

2158 3193 2334 3248 nullas
2376 3194 2573 3248 habeat
2603 3195 2858 3250 vitiorum
2899 3197 3089 3260 rimas,
3128 3197 3225 3252 Dei
3274 3213 3379 3253 non
3409 3209 3587 3268 potest
3615 3212 3735 3255 esse

2156 3284 2511 3340 domicilium.
2538 3286 2682 3342 Fieri
2720 3287 2862 3342 enim
2891 3290 3080 3358 nequit
3109 3299 3166 3344 ut
3191 3290 3302 3346 Deo
3323 3291 3445 3361 quis
3492 3293 3653 3346 simu:
3676 3301 3736 3347 et

2157 3375 2528 3447 voluptatibus
2549 3378 2774 3436 serviat.
2801 3379 3100 3436 Caveamus
3125 3382 3411 3452 diligenter
3440 3397 3509 3438 ne.
3532 3383 3587 3438 in
3611 3399 3735 3438 cor-

2157 3469 2225 3535 de
2255 3475 2443 3523 nostro
2493 3469 2564 3524 sit
2589 3470 2798 3538 odium,
2829 3480 2925 3526 aut
2959 3471 3240 3527 inimicitia
3271 3488 3287 3525 :
3322 3473 3437 3528 hrec
3466 3475 3613 3528 enim
3643 3490 3732 3528 ar-

2158 3565 2283 3614 cent
2337 3558 2610 3614 hominem
2658 3577 2690 3616 a
2737 3577 2868 3618 vera
2906 3563 3251 3633 pcenitentia,
3279 3573 3336 3619 ut
3369 3565 3478 3620 Deo
3518 3565 3732 3635 placere

2156 3661 2263 3702 non
2305 3649 2495 3718 possit.
2539 3648 2735 3706 Fervet
2761 3651 2916 3707 initio
2946 3654 3170 3721 vinum;
3213 3655 3293 3709 sic
3315 3663 3372 3709 et
3401 3655 3720 3710 adolescen-

2155 3738 2229 3792 tia
2265 3757 2279 3793 :
2312 3739 2568 3808 paulatim
2598 3741 2868 3798 fervorem
2898 3744 3128 3800 remittit
3167 3745 3374 3811 vinum,
3407 3747 3731 3816 tandemque

2155 3829 2435 3898 consistit;
2463 3830 2543 3885 sic
2579 3841 2745 3887 assius
2774 3833 3154 3891 adolescentia:
3212 3833 3456 3907 tempore
3488 3838 3727 3902 sedatur,

2157 3919 2480 3990 tandemque
2550 3923 2920 3990 constituitur,
2974 3925 3101 3980 dum
3160 3925 3386 3981 Patrum
3446 3927 3726 3997 disciplina

2154 4011 2419 4076 eruditur,
2449 4021 2505 4066 et
2553 4027 2739 4069 eorum
2787 4017 3071 4084 praeceptis
3109 4017 3570 4088 obtemperamus.
3613 4019 3726 4074 Non

2156 4102 2392 4156 infertur
2417 4103 2602 4159 vinum
2644 4106 2696 4159 in
2738 4105 2956 4172 cellam,
2981 4107 3084 4163 nisi
3118 4109 3266 4178 prius
3298 4110 3594 4176 consistat,
3619 4127 3723 4168 non

2155 4195 2460 4250 admittitur
2505 4197 2558 4251 in
2595 4197 2826 4252 aliorum
2858 4207 3086 4265 cretum,
3121 4199 3279 4269 cujus
3323 4216 3430 4257 non
3475 4211 3558 4259 est
3601 4219 3727 4259 con-

2148 4289 2354 4342 stantia
2388 4289 2551 4343 variis
2581 4297 2707 4344 ante
2742 4289 3044 4347 rationibus
3078 4292 3384 4362 explorata.
3415 4293 3474 4349 Si
3503 4311 3626 4350 cura
3647 4297 3728 4350 vi-

2157 4378 2340 4434 naceis
2372 4379 2554 4434 vinum
2579 4381 2942 4451 relinquatur,
2966 4384 3170 4439 acescit
3202 4401 3216 4436 :
3243 4384 3322 4440 sic
3344 4396 3402 4440 et
3417 4387 3727 4443 adolescens

2074 4458 2127 4514 θ
2159 4469 2203 4526 si
2232 4484 2353 4526 cum
2380 4470 2485 4524 illis
2512 4471 2604 4540 qui
2633 4473 2896 4542 sanguine
2915 4473 2964 4528 ei
2993 4473 3266 4544 conjuncti
3295 4485 3442 4540 sunt,
3469 4486 3562 4531 aut
3585 4488 3727 4532 certe

2160 4562 2228 4617 ab
2259 4561 2520 4618 institutis
2545 4562 2663 4630 ejus
2691 4563 2876 4632 alieni,
2900 4564 3112 4620 sinatur
3129 4565 3358 4632 versari,
3389 4567 3724 4638 disciplinam

2158 4670 2189 4708 a
2218 4653 2474 4711 Patribus
2499 4655 2754 4711 traditam
2784 4656 3085 4727 corrumpit
3107 4666 3164 4712 et
3185 4658 3358 4714 honos
3387 4673 3588 4717 mores.
3619 4658 3725 4714 Nisi

2157 4746 2344 4802 vinum
2395 4746 2450 4802 in
2493 4746 2628 4803 locis
2667 4747 2947 4818 profundis
2973 4758 3027 4804 et
3051 4749 3424 4806 subterraneis
3458 4753 3722 4809 reconda-

2159 4846 2268 4904 tur,
2297 4841 2575 4895 evanescit
2608 4855 2623 4892 :
2651 4839 2731 4896 sic
2756 4840 3130 4896 adolescentiae
3153 4840 3367 4896 labores
3388 4856 3582 4898 omnes
3607 4855 3723 4899 sunt

2154 4932 2302 4998 vani,
2333 4932 2434 4988 nisi
2461 4932 2516 4987 in
2552 4931 2858 4988 humilitate
2885 4942 3298 4988 conserventur.
3334 4931 3551 5000 Vinum,
3583 4936 3718 5005 quod

2155 5023 2386 5079 subinde
2428 5032 2675 5080 movetur
2714 5030 2770 5079 et
2812 5032 3079 5094 gustatur,
3130 5024 3370 5080 deterius
3408 5023 3470 5080 ﬁt
3510 5043 3522 5078 :
3557 5025 3634 5081 sic
3673 5037 3721 5080 et

2152 5114 2318 5174 homo
2351 5115 2443 5186 qui
2471 5117 2648 5173 studia
2684 5123 2739 5174 et
2771 5118 3012 5174 actiones
3047 5131 3177 5176 suas
3193 5117 3514 5188 frequenter
3543 5127 3719 5175 osten-

2166 5218 2242 5262 tat
2287 5209 2433 5264 inani
2470 5211 2662 5280 gloria,
2699 5213 2901 5267 amittit
2928 5209 3338 5282 perfectionem.
3376 5209 3436 5266 Si
3487 5212 3618 5268 dolii
3659 5227 3719 5268 os

2151 5307 2398 5368 apertum
2453 5311 2658 5365 manet,
2711 5301 2912 5357 culices
2965 5301 3380 5372 ingrediuntur,
3428 5313 3486 5359 et
3529 5306 3714 5360 “vinum

2156 5404 2557 5462 corrumpunt:
2588 5394 2732 5450 idem
2767 5393 2966 5456 accidit
3003 5395 3060 5451 in
3100 5396 3466 5467 multiloquio,
3494 5407 3552 5452 et
3580 5396 3710 5451 face

2150 5479 2220 5534 tis
2254 5481 2518 5550 vanisque
2563 5484 2927 5540 sermonibus.
2969 5483 3162 5541 Vinum
3194 5487 3373 5541 ventis
3416 5486 3711 5558 expositum

2151 5570 2349 5626 amittit
2377 5573 2606 5642 gratiam
2653 5589 2808 5632 suam
2838 5590 2854 5630 :
2884 5583 2940 5633 et
2977 5577 3228 5649 superbia
3276 5578 3459 5652 perviis
3504 5591 3707 5632 omnium
