3884 6278
132 454 266 509 1⁵137

1195 457 1251 512 S.
1295 451 1494 511 ISAIIE
1530 445 1753 506 ABBA'I
1760 445 1822 501 IS
1863 449 2272 512 ORATIONES.

3255 457 3391 513 “38

129 571 371 627 hominis
417 572 673 630 fructum.
717 574 958 642 Quiescit
996 577 1177 631 vinum
1234 579 1286 632 in
1324 577 1458 634 locis
1504 577 1718 648 penitus
1747 570 1796 626 Α
1826 583 1887 624 ca
1964 571 2174 631 lumbos
2231 543 2367 647 ejus,
2407 586 2461 632 et
2519 577 2572 632 in
2602 578 2816 635 deserto
2847 578 3166 635 versabatur
3201 595 3218 632 :
3249 579 3392 646 quod

130 665 354 732 abditis,
387 674 444 720 et
489 667 874 735 Operitur:sic
908 671 999 738 qui
1040 670 1290 724 virtutem
1336 671 1487 736 colit,
1531 671 1585 724 in
1637 671 1711 726 si-

129 756 302 811 h-utio
333 757 690 826 conquiescit,
719 767 776 816 et
798 762 935 832 regit
964 761 1147 818 labore
1177 763 1356 818 Studia
1385 751 1503 818 sua.

200 845 268 901 II.
312 846 439 904 Haec
472 851 653 905 omnia
703 852 759 906 in
809 853 934 907 vino
983 854 1366 920 observantur,
1407 862 1465 909 ut
1500 854 1710 924 placeat

130 936 355 992 domino
401 953 530 1003 suo;
558 941 720 996 debet
767 942 880 999 haec
912 944 1094 999 omnia
1141 945 1372 1015 quisque
1415 946 1720 1012 custodire,

130 1041 188 1082 ut
220 1029 430 1098 placeat
467 1033 593 1087 Deo.
623 1033 790 1088 Porro
820 1037 1272 1104 quemadmodum
1303 1038 1426 1091 vino
1451 1054 1555 1094 non
1582 1052 1705 1092 cre-

129 1119 301 1186 ditur,
338 1123 497 1190 quale
541 1123 632 1190 sit,
673 1125 779 1179 nisi
827 1125 1108 1180 hauriatur
1148 1138 1202 1181 et
1243 1129 1600 1196 degustetur:
1629 1129 1707 1184 sic

129 1212 299 1266 homo
337 1228 442 1269 non
486 1213 644 1269 debet
677 1216 778 1270 sibi
811 1217 907 1285 ipsi
943 1218 1125 1282 ﬁdere,
1161 1220 1254 1274 sed
1283 1220 1335 1274 in
1366 1219 1558 1274 timore
1592 1235 1710 1274 vcr-

129 1304 266 1363 ssri.
297 1304 470 1360 donec
499 1319 753 1364 occurrat
788 1307 919 1373 Deo,
954 1323 982 1361 a
1019 1325 1129 1379 quo
1157 1325 1318 1379 opera
1355 1311 1524 1380 ipsius
1549 1327 1706 1366 com-

133 1397 452 1462 probentur.
485 1398 563 1452 Ac
589 1400 1038 1468 quemadmodum
1073 1402 1116 1456 si
1137 1416 1242 1472 qua
1271 1403 1322 1457 in
1347 1402 1491 1458 dolio
1514 1401 1704 1457 rimula

134 1487 386 1554 exsistat,
418 1489 831 1557 delluitvinum,
867 1503 1151 1563 antequam
1186 1496 1434 1550 dominus
1467 1497 1627 1561 sciat,
1661 1498 1706 1551 si

136 1579 512 1649 ttegligensest
544 1583 658 1637 :sie
686 1584 938 1652 quaelibet
964 1602 1052 1640 res
1085 1588 1334 1655 quamvis
1363 1588 1703 1659 exigua_fru-

133 1680 283 1723 ctum
315 1673 537 1725 excutit
573 1673 808 1731 hominis
854 1654 1190 1748 negligentis.
1225 1654 1482 1736 Studiose
1519 1654 1702 1750 igitur,

137 1761 356 1826 fratres,
393 1762 459 1816 ab
488 1767 740 1822 omnibus
765 1768 1148 1826 oﬁ‘ensionibus
1163 1781 1218 1826 et
1250 1776 1484 1841 peccatis
1510 1790 1705 1831 cavea-

1815 672 2124 727 aﬁlictionis
2157 681 2237 726 est
2267 672 2478 739 signum
2509 687 2572 726 ac
2619 673 2972 741 poenitentiae,
3010 686 3132 741 quae
3165 673 3390 726 mundat

1814 765 2112 829 hominem,
2152 779 2216 820 ac
2263 765 2422 820 talem
2472 765 2664 830 reddit,
2713 775 2770 819 ut
2803 773 2956 820 vacet
2995 766 3042 820 ei
3080 766 3132 820 in
3168 779 3386 821 crucem

1813 857 2127 911 ascendere.
2178 854 2326 911 Crux
2377 864 2556 911 autem
2602 865 2682 912 est
2733 854 2926 911 futura:
2965 854 3387 910 immortalitatis

1808 945 2107 1014 judicium;
2142 945 2237 999 sed
2266 961 2398 1014 opus
2425 956 2507 1000 est
2542 946 2714 1016 prius,
2750 955 2808 1000 nt
2847 959 2941 1000 ora
2987 945 3203 999 claudat
3252 943 3384 998 Pha-

1814 1036 2092 1092 ris'eorum
2146 1049 2200 1093 et
2231 1038 2674 1094 Sadducaaorum.
2718 1038 2998 1093 Sadducaei
3044 1039 3266 1108 ﬁguram
3295 1054 3382 1106 ge-

1812 1139 1939 1184 runt
1980 1129 2310 1185 inﬁdelitatis
2342 1139 2394 1185 et
2429 1128 2844 1195 obstinationis;
2901 1128 3154 1185 Pharisaei
3201 1140 3379 1184 autem

1810 1221 2031 1276 malitia:
2064 1231 2119 1276 et
2145 1220 2510 1277 simulationis
2555 1234 2609 1275 et
2646 1222 2826 1276 inanis
2859 1221 3062 1291 glorise.
3105 1220 3379 1290 Scriptum

1809 1323 1892 1369 est
1923 1315 2066 1368 enim
2105 1333 2118 1369 :
2148 1313 2212 1368 Et
2243 1329 2389 1368 nemo
2423 1329 2486 1367 ea:
2513 1313 2607 1367 illa
2637 1315 2724 1367 die
2746 1328 2905 1368 ausus
2934 1323 3007 1368 est
3031 1314 3262 1382 amplius
3283 1312 3378 1366 Je-

1809 1423 1924 1460 sum
1973 1407 2295 1478 interrogare
2316 1408 2383 1461 ".
2437 1408 2628 1462 Postea
2675 1409 2822 1463 misit
2867 1407 3084 1463 Petrum
3122 1418 3178 1463 et
3214 1407 3377 1462 .I'oan-

1813 1515 1955 1564 nem,
2000 1510 2061 1554 ut
2115 1508 2372 1569 pararent
2425 1501 2712 1555 Pascha“.
2745 1500 2876 1555 Cum
2927 1501 3068 1555 enim
3115 1515 3268 1554 mens
3320 1515 3379 1553 se

1811 1595 1980 1664 ipsam
2021 1595 2212 1648 viderit
2263 1594 2423 1649 nullis
2472 1595 2786 1649 obstrictam
2845 1595 3010 1658 vitiis,
3044 1603 3264 1662 paratur
3310 1593 3377 1645 ad

1813 1686 2297 1750 immortalitatem,
2353 1702 2652 1755 sensusque
2694 1701 2822 1739 suos
2870 1687 3058 1740 eodem
3092 1684 3294 1752 dirigit,
3325 1692 3379 1736 et

1811 1793 1993 1833 secum
2011 1778 2328 1846 coniunctos
2352 1779 2531 1832 habet.
2549 1775 2705 1831 Jesus
2731 1785 2912 1830 autem
2938 1773 3134 1839 oravit,
3159 1772 3375 1827 dicens:

135 1867 275 1954 inus,
302 1854 509 1911 utDeus
529 1858 680 1913 nobis
707 1862 1130 1917 tttisericordiam
1155 1875 1209 1919 et
1229 1868 1454 1936 gratiam
1475 1885 1626 1924 suam
1653 1871 1702 1922 in
1741 1906 1782 1960 Β
1817 1869 1975 1924 Pater
2007 1871 2098 1934 mi,
2130 1872 2173 1924 si
2199 1870 2315 1939 ﬁeri
2349 1881 2536 1940 potest,
2564 1878 2794 1923 transeat
2819 1885 2850 1921 a
2899 1884 2979 1922 me
3005 1867 3145 1922 calix
3185 1866 3280 1919 iste
3325 1866 3379 1917 iu

128 1943 324 2011 judicii
363 1947 449 2002 die
502 1948 802 2019 largiatur:
835 1955 977 2022 quod
1028 1956 1190 2011 faciet
1225 1959 1314 2012 ille
1359 1959 1621 2029 profecto,
1660 1963 1702 2016 si

133 2051 232 2103 pro
260 2032 595 2096 inﬁrmitatis
624 2053 822 2098 nostra:
855 2045 1059 2100 viribus
1089 2049 1341 2104 mandata
1370 2051 1488 2121 ejus
1520 2053 1707 2107 obser-

132 2132 462 2188 vaverimus.
490 2136 753 2190 Craterum
794 2145 881 2192 tua
922 2148 1027 2204 est,
1065 2141 1310 2206 Domine,
1361 2144 1618 2210 potentia,
1649 2155 1703 2199 et

134 2223 528 2288 misericordia,
568 2237 622 2282 et
665 2229 942 2296 auxilium,
968 2242 1020 2287 et
1053 2235 1334 2301 protectio,
1371 2246 1425 2291 et
1445 2237 1622 2302 venia,
1655 2247 1709 2291 et

128 2314 416 2382 patientia.
452 2317 584 2383 Quis
625 2319 766 2373 enim
800 2335 900 2392 ego
931 2337 1047 2377 sum
1085 2325 1137 2378 in
1169 2341 1328 2379 manu
1358 2328 1643 2393 malorum,
1677 2344 1704 2381 a

125 2407 331 2474 quibus
360 2422 446 2462 me
473 2409 747 2465 liberasti?
773 2411 886 2482 Ego
915 2414 1046 2469 nihil
1074 2416 1248 2471 habeo
1271 2420 1413 2488 quod
1437 2419 1531 2473 tibi
1561 2420 1700 2476 dem.

129 2497 402 2553 Peccator
439 2513 537 2568 ego
583 2516 718 2566 sum,
755 2512 918 2572 atque
970 2505 1219 2575 indignus
1257 2509 1507 2564 omnibus
1547 2513 1701 2566 donis

127 2588 264 2641 tuis.
315 2587 393 2642 Tu
427 2607 510 2645 me
551 2607 580 2645 e
615 2594 862 2649 manibus
919 2596 1259 2653 inimicorum
1313 2616 1550 2655 meorum
1587 2603 1697 2657 eri-

129 2680 320 2749 puisti.
348 2680 426 2734 Tu
455 2699 514 2737 es
549 2683 808 2740 Dominus
837 2703 1007 2752 meus,
1034 2700 1083 2744 et
1119 2690 1258 2745 Deus
1285 2707 1455 2746 meus.
1485 2691 1596 2745 Tua
1627 2703 1708 2748 est

128 2774 326 2841 gloria,
363 2784 417 2828 et
451 2776 842 2844 misericordia,
875 2789 930 2834 et
962 2779 1229 2851 defensio,
1258 2792 1312 2838 et
1363 2787 1700 2854 pratsidimn,

125 2876 182 2917 et
221 2865 503 2934 imperium
535 2867 586 2921 in
620 2869 812 2923 sa'cula
847 2872 1187 2928 saeculorum.
1221 2876 1412 2930 Amen.

698 3001 954 3061 ORATIO
991 3005 1128 3063 XIII.

165 3120 250 3176 Ad
281 3139 367 3177 eos
403 3125 492 3192 qui
522 3127 802 3182 initiantur
828 3139 875 3183 et
904 3130 1123 3185 tendunt
1164 3133 1234 3186 ad
1275 3132 1662 3201 perfectionem.

1812 1965 1908 2017 hac
1941 1964 2157 2018 liora".
2193 1963 2344 2030 Quod
2403 1963 2556 2018 nobis
2612 1970 2696 2016 est
2755 1963 3102 2024 documento,
3132 1968 3211 2020 ut,
3255 1971 3376 2011 cum

1813 2072 1965 2110 tuens
2004 2055 2116 2108 vult
2150 2055 2202 2108 iu
2235 2069 2450 2109 crucem
2503 2051 2888 2114 conscendere,
2918 2049 3142 2105 multum
3173 2049 3380 2102 incum-

1809 2149 1900 2202 bat
1939 2146 2170 2202 orationi
2208 2155 2262 2200 et
2296 2145 2573 2214 Iacrymis,
2633 2143 2964 2214 supplexque
3007 2154 3218 2209 semper
3250 2154 3374 2209 pro-

1810 2248 2021 2294 sternat
2059 2253 2117 2294 se
2147 2237 2199 2291 in
2231 2246 2522 2307 conspectu
2553 2237 2670 2303 Dei,
2703 2234 3050 2304 benignitatis
3075 2232 3191 2303 ejus
3218 2246 3374 2301 opem

1810 2331 2124 2402 implorans,
2161 2339 2220 2384 ut
2255 2331 2539 2385 roboretur
2568 2337 2623 2382 et
2672 2324 3026 2390 custodiatur,
3073 2324 3245 2378 donec
3287 2337 3379 2376 re-

1809 2430 1991 2492 surgat
2021 2422 2074 2475 in
2108 2421 2342 2476 novitate
2372 2427 2557 2475 sancta
2589 2428 2750 2488 atque
2777 2417 2994 2471 invicta.
3027 2415 3214 2470 Crucis
3231 2414 3374 2469 enim

1811 2525 2050 2581 tempore
2098 2527 2350 2582 magnum
2385 2509 2634 2566 imminet
2665 2505 2981 2579 periculum.
3022 2497 3155 2560 Cuia
3198 2512 3376 2557 autem

1808 2617 1946 2671 orat,
1979 2604 2196 2660 Petrum
2231 2615 2282 2659 et
2327 2603 2588 2658 Joannem
2619 2610 2675 2657 et
2701 2601 2959 2658 Iacobum
2993 2597 3250 2652 adhibere
3291 2610 3380 2650 so-

1809 2698 1922 2752 cios
1983 2697 2161 2762 debet,
2201 2697 2250 2749 id
2305 2707 2384 2750 est
2425 2695 2692 2762 integram
2733 2692 2914 2755 ﬁdem,
2943 2705 3092 2760 spem
3124 2695 3378 2742 constan-

1813 2801 1940 2852 tem,
1967 2797 2022 2842 et
2049 2789 2330 2842 ardentem
2361 2785 2705 2840 charitatem.

1881 2880 1964 2934 Ill.
2001 2882 2176 2949 Atque
2207 2880 2319 2933 haec
2341 2877 2561 2947 quidem
2591 2876 2786 2946 gessit,
2819 2883 2873 2928 et
2899 2872 3118 2943 pertulit
3149 2871 3377 2927 dilectus

1812 2974 2076 3028 Dominus
2110 2987 2172 3025 ac
2199 2969 2342 3026 Deus
2371 2979 2555 3024 noster
2591 2967 2748 3023 Jesus
2779 2966 3026 3021 Christus
3063 2978 3160 3036 pro
3200 2962 3374 3028 nobis,

1808 3077 1862 3122 et
1887 3066 2138 3121 Omnibus
2195 3067 2246 3118 in
2288 3064 2448 3118 rebus
2493 3061 2648 3117 nobis
2698 3059 3004 3130 exemplum
3059 3057 3178 3121 fuit,
3206 3065 3265 3109 ut
3295 3057 3372 3108 in-

1811 3160 1922 3228 qttit
1970 3158 2277 3229 Apostolus,
2328 3165 2386 3210 ut
2438 3169 2808 3225 cognoscamus
2854 3168 2995 3215 eum,
3039 3162 3086 3204 et
3130 3151 3373 3204 uirtutem

204 3237 244 3291 Ι.
291 3237 413 3293 Haec
445 3249 572 3296 sunt
601 3243 752 3311 signa
783 3257 902 3312 quae
942 3243 1072 3300 fecit
1105 3245 1362 3301 Dominus
1388 3246 1568 3316 Iesus,
1597 3266 1697 3304 an-
1729 3235 1772 3292 ο
1810 3249 2202 3303 resurrectionis
2243 3248 2430 3318 ipsius,
2466 3255 2515 3300 et
2546 3245 2824 3315 participes
2863 3243 3025 3296 simus
3073 3243 3373 3310 passionum

129 3337 352 3396 t-equam
389 3329 440 3383 in
472 3345 689 3386 crucem
729 3336 1068 3390 ascenderet.
1112 3335 1330 3401 Euntes,
1383 3338 1579 3409 inquit,
1619 3357 1701 3394 re-

124 3421 374 3476 nuntiate
415 3423 616 3477 Joanui
664 3440 781 3493 quia
822 3427 1100 3482 audivistis
1129 3439 1176 3482 et
1205 3431 1446 3484 vidistis:
1478 3433 1604 3486 cieri
1628 3433 1704 3485 vi-

123 3517 278 3576 deut,
305 3512 480 3565 claudi
524 3514 817 3580 ambulant,
867 3516 1056 3585 leprosi
1113 3521 1457 3587 mandantur,
1511 3528 1704 3581 mortui

127 3613 440 3672 resurgunt,
489 3622 743 3673 pauperes
799 3608 1247 3678 euangelizautur.
1290 3612 1356 3666 Et
1394 3615 1574 3669 beatus
1603 3629 1700 3682 est,

123 3695 222 3756 qui
248 3711 349 3748 non
377 3695 534 3764 fuerit
554 3699 943 3755 scandalizatus
971 3703 1024 3754 in
1053 3718 1132 3756 me
1152 3702 1217 3754 ⁵⁷.
1245 3704 1347 3769 Qui
1377 3719 1526 3773 spem
1550 3722 1701 3762 suam

124 3788 183 3839 in
222 3786 324 3840 hoc
359 3791 558 3844 mundo
585 3792 741 3846 sitam
766 3792 950 3860 habet,
986 3810 1159 3849 caecus
1183 3806 1281 3850 est.
1315 3796 1378 3851 Et
1409 3799 1451 3852 si
1486 3798 1587 3854 hac
1610 3817 1706 3867 epe

124 3879 354 3945 Omissa,
410 3882 646 3936 animum
689 3899 846 3940 suum
891 3887 957 3942 ad
1004 3904 1064 3941 ea
1115 3903 1232 3957 qua!
1279 3890 1332 3944 in
1370 3891 1541 3945 altera
1595 3894 1702 3946 vita

123 3980 550 4038 exspectantur,
606 3973 937 4042 intenderit,
988 3979 1164 4033 visum
1211 3982 1422 4052 recipit.
1468 3982 1703 4064 Cjaudus

123 4069 240 4125 est,
275 4061 366 4130 qui
417 4072 566 4118 amat
607 4065 707 4121 hoc
749 4068 1042 4136 saeculum;
1077 4073 1218 4140 quod
1254 4074 1300 4128 si
1342 4090 1406 4130 eo
1435 4061 1699 4141 neglecto,

125 4157 302 4209 Deum
339 4155 514 4223 diligit
549 4173 873 4230 carnemque
916 4165 1232 4230 contemnit,
1284 4176 1430 4222 recte
1479 4167 1700 4223 incedit.

125 4248 340 4302 Surdus
369 4259 471 4314 est,
507 4251 596 4318 qui
624 4253 774 4306 vanis
803 4253 1092 4308 distractus
1121 4257 1584 4324 occupationibus,
1619 4260 1703 4313 di-

123 4339 272 4392 vinis
301 4340 458 4394 rebus
493 4343 712 4398 minime
739 4354 924 4411 vacet;
949 4348 1089 4414 quod
1118 4347 1161 4401 si
1194 4347 1397 4404 relictis
1424 4349 1696 4416 omnibus,

123 4432 362 4500 capessit
416 4445 681 4503 praecepta
707 4436 822 4501 Dei,
865 4437 980 4505 jam
1023 4439 1249 4494 audivit.
1286 4438 1390 4507 Qui
1431 4442 1578 4507 odio,
1605 4454 1699 4498 aut

1807 3341 1940 3411 ejus,
1964 3342 2219 3411 mortique
2237 3339 2644 3409 conformantur,
2671 3347 2723 3391 ut
2747 3350 3084 3391 occurramus
3106 3334 3175 3387 ad
3200 3349 3375 3386 resur-

1808 3437 2084 3488 rectionem
2109 3441 2433 3486 mortuorum
2449 3432 2516 3483 ⁸³.
2544 3430 2637 3484 Fel
2667 3431 2781 3499 ipse
2810 3443 2906 3498 pro
2934 3425 3088 3480 nobis
3119 3424 3374 3494 gustavit,

1809 3536 1864 3579 ut
1897 3539 1994 3578 nos
2042 3523 2342 3594 improbam
2391 3536 2606 3577 onlnem
2659 3520 3005 3589 cupiditatem
3035 3515 3376 3584 abjiciamus,

1805 3625 1860 3670 et
1895 3629 1957 3670 os
2003 3625 2244 3669 nostrum
2290 3613 2656 3676 obstruamus,
2695 3626 2794 3666 nec
2833 3610 3074 3664 sinamus
3117 3606 3258 3660 illaut
3311 3620 3375 3659 ex

1806 3721 1871 3762 eo
1897 3707 2113 3776 prodire
2141 3721 2205 3762 ac
2228 3706 2432 3776 perﬁci.
2469 3705 2718 3760 Gustavit
2749 3712 2961 3758 acetum
2993 3716 3090 3770 pro
3114 3699 3287 3761 nobis,
3320 3707 3380 3749 ut

1803 3813 1905 3853 nos
1927 3813 2141 3853 omnem
2171 3798 2535 3868 arrogantiam
2575 3807 2630 3852 et
2673 3794 3133 3866 perturbationem
3166 3792 3374 3847 exstin-

1809 3904 2055 3962 guamus.
2105 3888 2291 3961 Sputis
2346 3904 2672 3958 conspersus
2705 3895 2790 3943 est
2839 3901 2936 3957 pro
2980 3886 3160 3948 nobis,
3195 3892 3252 3937 ut
3279 3898 3378 3938 nos

1809 3984 1993 4038 tnundi
2047 3983 2232 4038 Iaudes
2279 3994 2333 4038 et
2385 3985 2674 4037 humanam
2725 3981 2950 4052 gloriam
3002 3993 3374 4049 aspernemur.

1809 4077 2011 4146 Spinea
2043 4089 2243 4132 corona
2280 4087 2442 4144 caput
2491 4076 2608 4145 ejus
2638 4075 2909 4130 conﬁxum
2945 4081 3028 4128 est
3070 4086 3166 4140 pro
3201 4069 3375 4132 nobis,

1809 4174 1865 4218 ut
1907 4179 2004 4219 nos
2032 4164 2354 4219 humilitatis
2393 4179 2591 4220 corona
2633 4163 2890 4226 redimiti,
2933 4159 3133 4215 inimici
3182 4173 3375 4227 snper-

1807 4257 1949 4312 biam
1976 4256 2373 4313 conculcemus.
2405 4256 2557 4323 Quod
2583 4263 2762 4309 autem
2804 4253 3120 4309 verberibus
3148 4248 3373 4303 aﬂ‘ectus

1805 4346 2091 4414 estJesus,
2121 4359 2412 4417 antequam
2462 4348 2514 4401 in
2549 4360 2766 4400 crucem
2799 4351 3071 4414 ageretur,
3098 4340 3253 4398 nobis
3279 4341 3374 4395 do-

1805 4450 2060 4494 cumento
2086 4451 2190 4505 est,
2221 4447 2278 4492 ιιι
2305 4450 2494 4494 onmes
2518 4438 2796 4492 hominum
2831 4432 3186 4490 contumelias
3213 4440 3373 4501 atque

124 4524 356 4588 invidia,
391 4535 485 4579 aut
512 4527 871 4594 aemulatione,
922 4539 1017 4584 aut
1051 4531 1352 4586 maledictis
1392 4534 1696 4602 proximum
1733 4565 1778 4620 ο
1811 4533 2036 4602 injurias
2061 4547 2212 4600 aequo
2245 4531 2425 4586 animo
2449 4530 2712 4586 feramus.
2742 4527 2860 4582 Jam
2882 4525 3024 4597 quod
3054 4525 3374 4580 vestimenta

121 4631 288 4671 suum
330 4616 646 4684 insectatur,
686 4619 930 4689 leprosus
957 4630 1079 4687 est;
1133 4631 1188 4676 et
1229 4623 1452 4691 idcirco,
1480 4635 1537 4678 ut
1566 4625 1694 4680 olim

121 4707 350 4775 Ieprosi,
379 4710 645 4765 arcendus
681 4721 766 4766 est
798 4711 866 4766 ab
896 4711 1086 4778 altari;
1122 4715 1265 4784 quod
1313 4716 1358 4770 si
1394 4717 1519 4770 vitia
1553 4717 1700 4786 ejus-

122 4801 279 4854 modi
317 4801 604 4870 expulerit,
661 4805 894 4860 mundus
927 4806 1053 4860 erit.
1111 4805 1169 4862 Si
1226 4808 1387 4879 igitur
1445 4810 1700 4880 respiciat

121 4905 328 4956 caecus,
360 4893 598 4948 ambulet
623 4894 870 4962 claudus,
903 4898 1097 4952 surdus
1120 4899 1327 4963 audiat,
1357 4907 1412 4954 et
1450 4901 1695 4970 leprosos

121 4984 450 5051 mandetur;
498 4984 659 5042 homo
700 4988 791 5056 qui
847 4989 1185 5060 negligentia:
1240 4999 1480 5060 tempore
1515 4993 1568 5046 in
1613 4993 1698 5047 his

120 5077 279 5130 vitiis
306 5084 423 5131 erat
450 5071 714 5144 mortuus,
749 5077 802 5132 in
830 5079 996 5134 vitam
1030 5089 1335 5147 revocatur,
1367 5091 1422 5136 et
1452 5082 1513 5136 ﬁt
1540 5083 1702 5137 homo

122 5184 334 5234 novus;
364 5183 428 5224 ac
449 5172 704 5241 deinceps
730 5174 1153 5242 evangelizatur,
1192 5189 1312 5228 cum
1353 5185 1516 5231 antea
1561 5191 1692 5244 pau-

119 5273 228 5328 per
255 5258 503 5314 sensibus
535 5259 716 5325 fuerit,
745 5262 1002 5316 virtutum
1035 5263 1235 5320 divitiis
1255 5278 1478 5331 carens;
1502 5273 1558 5320 et
1585 5267 1700 5320 haec

121 5348 406 5404 renuntiat
435 5348 484 5402 ei
513 5364 542 5402 a
565 5365 673 5417 quo
699 5350 1003 5419 baptizatus
1029 5360 1132 5409 est.

203 5437 268 5492 ll.
307 5435 580 5508 Baptisms
630 5450 713 5496 est
765 5439 983 5498 alllictio
1025 5458 1148 5497 cum
1197 5444 1503 5501 humilitate
1536 5455 1700 5518 atque

120 5529 364 5585 silentio.
395 5529 629 5589 Joannes
654 5534 820 5599 enim,
854 5544 912 5589 ut
937 5536 1200 5606 scriptum
1228 5548 1311 5593 est
1329 5539 1397 5606 ⁸⁸,
1417 5541 1699 5598 indumen-

121 5633 245 5677 tum
284 5621 516 5680 habebat
543 5637 610 5679 ex
632 5624 756 5695 pilis
783 5625 999 5690 cameli,
1027 5641 1160 5680 zona
1190 5627 1411 5696 pellicea
1446 5643 1560 5687 erat
1588 5635 1690 5702 cir-

200 5817 248 5848 ”
274 5815 405 5872 Luc.
438 5833 535 5882 vu,
559 5820 650 5876 21.
690 5819 736 5852 ⁸⁸
755 5820 941 5876 Matth.
981 5837 1061 5883 Ill,
1099 5822 1154 5876 4.

117 5887 220 5946 55.
298 5889 342 5920 "
366 5888 595 5962 Philipp.
623 5907 706 5957 tu,
734 5890 931 5962 I0,ll.
1006 5893 1050 5924 “
1082 5891 1213 5952 lleb.
1251 5911 1302 5962 x,
1332 5894 1420 5952 3i.

1232 5823 1277 5856 "
1303 5823 1491 5881 Matth.
1526 5842 1661 5890 xxtt,
1689 5829 1777 5884 46.

1807 4627 1924 4691 ejus
1980 4623 2157 4679 ductis
2203 4622 2445 4678 sortibus
2479 4621 2616 4676 inter
2675 4634 2735 4676 se
2784 4618 3090 4683 diviserint,
3121 4615 3376 4671 admone-

1808 4729 1947 4780 mur,
1979 4722 2039 4768 ut
2091 4726 2272 4767 rerum
2321 4712 2647 4767 caducarum
2697 4710 2965 4778 iacturam
3019 4706 3374 4776 parvipenda-

1807 4823 1947 4874 mus,
1987 4816 2042 4862 et
2085 4821 2302 4861 crucem
2355 4803 2766 4874 amplectamur,
2815 4801 3055 4870 rapinam
3110 4801 3372 4854 bonorum

1806 4908 2135 4964 nostrorum,
2167 4907 2225 4952 ut
2254 4896 2455 4951 Paulus
2488 4895 2648 4962 ait”,
2679 4909 2802 4950 cum
2848 4892 3044 4965 gaudio
3076 4891 3376 4959 suscipien-

1808 5001 1912 5056 tes,
1944 4991 2379 5062 quandoquidem
2408 4989 2683 5044 melidrem
2705 4999 2756 5042 et
2784 4994 3088 5041 manentem
3120 4986 3376 5040 substan-

1806 5085 1931 5138 tiam
1961 5084 2219 5148 habemus
2247 5084 2298 5137 in
2326 5083 2503 5136 caelis.

1875 5175 1997 5230 Haec
2017 5175 2196 5230 omnia
2223 5171 2377 5230 debet
2404 5175 2564 5229 homo
2585 5182 2840 5242 praestare
2871 5187 2969 5242 pro
2998 5169 3202 5225 Viribus
3230 5168 3364 5234 suis,

1803 5269 2038 5338 alioquin
2078 5269 2130 5322 in
2182 5282 2399 5322 crucem
2433 5282 2555 5322 cum
2590 5265 2818 5322 Domino
2873 5277 2979 5319 non
3030 5260 3375 5319 conscendet.

1803 5360 1995 5425 Porro,
2030 5375 2150 5415 cum
2200 5361 2331 5415 hora
2381 5368 2534 5414 sexta
2592 5357 2888 5413 cruciﬁxus
2943 5354 3014 5408 sit
3062 5368 3161 5422 pro
3205 5352 3380 5408 salute

1805 5463 1988 5510 nostra
2020 5468 2140 5508 cum
2176 5461 2325 5507 tanta
2354 5453 2535 5508 cordis
2576 5450 2903 5514 acerbitate,
2924 5447 3181 5502 debemus
3215 5445 3370 5514 lgna-

1803 5547 1944 5599 viam
1971 5559 2182 5600 onmem
2224 5559 2288 5599 ac
2317 5543 2662 5598 formidinem
2692 5542 2990 5608 deponere,
3042 5538 3215 5591 donec
3248 5550 3371 5604 pec-

1806 5646 1985 5692 catum
2011 5639 2261 5701 intereat,
2285 5635 2559 5706 quoniam,
2589 5640 2645 5687 ut
2666 5632 2931 5710 scriptum.
2950 5629 3108 5694 est“,
3139 5643 3234 5697 per
3253 5641 3378 5682 crn-

2393 5827 2434 5859 ⁶¹
2473 5825 2656 5881 Matth.
2687 5839 2836 5889 xxvi,
2868 5823 2965 5890 59;
3065 5819 3232 5877 Marc.
3263 5833 3377 5885 ur,

1858 5830 1902 5862 ⁶⁶
1929 5829 2058 5886 Luc.
2094 5845 2228 5894 sxtt,
2269 5829 2314 5882 ἶ.

1500 5897 1546 5930 ’⁵⁸
1569 5899 1766 5970 Ephes.
1809 5916 1871 5970 ιι,
1911 5902 1994 5956 l6.
