3888 6284
493 452 630 511 1159

1585 450 1852 509 PATRES
1887 453 2187 510 ᾸΞΟΥΡΤΙΙ
2227 455 2497 513 SECULI
2532 454 2620 514 iV.

3618 444 3754 501 Πὶῢ

492 584 608 624 cem
649 567 923 624 interfecit
956 564 1291 621 inimicitiam
1327 566 1379 620 in
1433 580 1515 621 eo.
1560 567 1694 622 Nam
1740 571 1883 640 quod
1934 574 2064 628 hora
2095 579 2140 636 Α
2172 575 2500 629 voluntatem
2531 589 2682 627 suam
2724 586 2826 627 non
2873 576 3068 640 potest.
3103 567 3215 624 Non
3256 566 3416 620 ducet
3462 563 3627 630 alios,
3657 564 3746 633 qui

491 673 632 714 nona
669 659 922 714 clamavit
949 657 1106 713 Jesus
1127 673 1258 712 voce
1281 675 1472 730 magna
1495 676 1508 711 :
1534 659 1693 726 Deus,
1725 662 1865 716 Deus
1895 680 2059 728 meus,

490 750 615 818 quid
673 750 994 820 dereliquisti
1047 767 1127 805 me
1157 751 1242 804 “‘3
1296 761 1539 806 nostrum
1599 768 1726 808 esse
1775 755 2061 822 deciarat,

490 853 678 915 postea
737 859 898 914 quam
969 845 1098 898 vitia
1153 860 1252 900 nos
1318 847 1521 900 acriter
1575 845 1872 917 ailligentes
1915 848 2064 903 devi-

489 937 686 1002 cimus,
731 945 788 989 ut
828 937 1039 991 tandem
1091 953 1214 992 cum
1268 937 1576 994 humilitate
1636 941 1938 996 clamantes
1991 941 2060 995 ad

489 1026 680 1093 Deum,
720 1028 970 1089 fiduciam
1004 1044 1301 1083 sumamus.
1333 1027 1484 1095 Quod
1515 1039 1697 1087 autem
1727 1031 1842 1086 sole
1867 1031 2061 1087 obscu-

491 1126 609 1171 rato
638 1117 895 1172 Dominus
923 1120 1101 1173 emisit
1130 1120 1402 1188 spiritum,
1446 1119 1685 1191 intellige
1718 1132 1847 1176 tunc
1903 1121 1958 1176 in
2013 1132 2067 1176 te

485 1219 758 1264 mortuum
789 1225 911 1266 esse
960 1221 1272 1280 peccatum,
1323 1228 1444 1267 cum
1480 1226 1605 1280 spes
1647 1228 1827 1267 rerum
1861 1227 1981 1282 qua:
2009 1213 2063 1267 in

486 1300 589 1356 hoc
620 1305 819 1356 mundo
842 1301 1167 1369 cernuntur,
1208 1306 1260 1358 in
1295 1305 1478 1358 animo
1506 1314 1599 1358 tuo
1631 1304 1835 1359 deﬁcit.
1864 1302 1936 1358 Et
1981 1322 2066 1359 ve-

484 1391 592 1444 lum
633 1396 812 1462 templi
841 1397 1061 1448 scissum
1089 1406 1167 1449 est
1195 1413 1226 1448 α
1267 1412 1471 1449 summo
1505 1413 1669 1466 usque
1697 1397 1940 1450 deorsum
1972 1397 2018 1428 “
2046 1415 2060 1452 :

480 1487 628 1552 quod
657 1487 948 1555 signiﬁcat,
977 1488 1021 1542 si
1054 1503 1207 1542 mens
1240 1487 1401 1541 fuerit
1429 1487 1676 1554 liberata,
1710 1488 2062 1543 interstitium

485 1575 628 1640 quod
655 1577 798 1630 inter
833 1578 976 1630 illam
1005 1588 1059 1632 et
1102 1578 1267 1631 Deum
1315 1578 1623 1643 intercedit,
1657 1579 1928 1633 sublatum
1972 1578 2059 1633 iri.

485 1664 659 1720 Petra:
683 1667 860 1720 scissa:
882 1678 1022 1732 sunt,
1054 1678 1098 1720 et
1133 1677 1468 1721 monumenta
1493 1679 1677 1736 aperta
1697 1669 1764 1733 ⁸⁷,
1804 1668 2061 1738 quoniam

483 1773 580 1826 per
611 1767 835 1813 mortem
873 1758 1015 1812 illam
1043 1758 1196 1813 nobis
1233 1759 1554 1824 adhibitam,
1581 1775 1742 1814 omne
1775 1761 1984 1827 pondus
2011 1769 2063 1816 et

484 1850 721 1913 accitas,
773 1859 828 1904 et
853 1865 1186 1919 qua‘cunque
1221 1862 1471 1921 premunt
1515 1853 1756 1907 animam
1795 1861 2057 1917 nostram,

485 1944 919 2015 confringuntur,
958 1953 1010 1999 et
1044 1960 1254 2013 sensus,
1288 1947 1376 2013 qui
1427 1947 1584 2000 morti
1628 1947 1864 2001 fructum
1924 1949 2062 2004 iere-

484 2034 637 2099 ltant,
665 2036 1070 2100 convaiescunt,
1098 2046 1260 2104 atque
1289 2037 1599 2090 excitantur
1627 2036 1832 2091 invicti.
1867 2036 1920 2090 lu
1949 2037 2064 2091 sin;

486 2128 623 2181 done
677 2127 872 2180 munda
911 2137 963 2180 et
999 2126 1338 2181 aromatibus
1399 2127 1672 2182 involutus
1724 2138 1829 2192 est,
1871 2137 1928 2181 ttt
1964 2144 2062 2184 nos

483 2224 604 2283 post
635 2215 753 2284 ejus
785 2225 1013 2270 martem
1062 2216 1112 2270 in
1147 2215 1436 2270 sanctitate
1463 2227 1624 2286 atque
1653 2217 2061 2272 immortalitate

483 2307 954 2376 conquiescamus.
1006 2305 1071 2358 Et
1132 2317 1417 2373 posuerunt
1451 2306 1602 2360 illum
1644 2307 1700 2360 in
1729 2318 2061 2361 monumento

482 2412 649 2464 novo,
679 2397 732 2450 in
763 2413 863 2466 quo
893 2413 1040 2450 nemo
1086 2398 1284 2466 positus
1318 2397 1491 2465 fuerat
1529 2397 1572 2429 ⁸⁸
1605 2414 1620 2462 ;
1687 2410 1744 2451 et
1782 2398 2063 2453 volverunt

481 2485 714 2555 lapidem
759 2501 1011 2556 magnum
1055 2488 1120 2539 ad
1162 2487 1362 2541 ostium
1410 2488 1747 2541 monumenti
1795 2489 1862 2543 ".
1922 2486 2058 2543 Cum

479 2591 635 2631 mens
683 2581 750 2630 ab
804 2577 1054 2633 omnibus
1107 2577 1267 2648 lmjus
1315 2578 1494 2631 διεριιῆ
1547 2580 2056 2648 perturbationibus

478 2667 704 2723 liberata
736 2667 1030 2722 Sabbatum
1060 2671 1190 2740 agit,
1222 2679 1305 2724 est
1345 2671 1397 2724 in
1432 2681 1781 2725 monumento
1817 2687 1975 2735 novo,
2006 2681 2061 2727 et

479 2773 568 2812 res
597 2773 762 2813 novas
793 2769 959 2828 atque
1011 2761 1356 2830 incorruptus
1384 2761 1694 2815 meditatur.
1738 2759 1838 2815 Ubi
1867 2779 2059 2831 corpus

477 2859 577 2912 est,
607 2849 737 2902 illuc
794 2850 1248 2919 congregabantur
1277 2860 1324 2904 et
1356 2851 1550 2920 aquila:
1579 2851 1646 2903 ⁷ο.
1703 2850 1952 2906 Surrexit
2004 2853 2058 2907 in

478 2939 648 3004 gloria
696 2940 870 2995 Patris
904 2943 1006 3005 sui,
1053 2951 1108 2996 et
1157 2943 1403 2996 ascendit
1450 2943 1501 2997 in
1553 2943 1743 3007 cmlos,
1804 2946 1946 2998 sedet
1997 2945 2057 3000 in

478 3027 690 3080 dextera
722 3026 1014 3095 majestatis
1045 3029 1099 3082 in
1125 3029 1423 3084 excelsis“.
1459 3031 1712 3086 Nostrum
1745 3033 1909 3102 igitur
1951 3044 2054 3097 est,

477 3115 771 3185 Apostolus
799 3121 894 3185 ait,
919 3120 1033 3171 utsi
1066 3135 1185 3173 cum
1213 3118 1424 3174 Christo
1461 3125 1907 3189 consurreximus,
1940 3141 2060 3194 qua:

476 3222 684 3259 sursum
717 3218 835 3260 sunt
887 3208 1234 3277 inquiramus,
1267 3211 1353 3260 ubi
1408 3209 1650 3264 Christus
1702 3221 1775 3264 est
1804 3213 1858 3264 in
1887 3212 2056 3281 gloria

478 3298 575 3374 hei
609 3299 810 3352 sedens.
863 3297 996 3364 Qua’
1026 3315 1230 3353 sursum
1282 3311 1402 3352 sunt
1447 3302 1742 3369 sapiamus,
1799 3319 1904 3357 non
1942 3319 2059 3374 qua:

477 3406 633 3456 super
663 3401 877 3444 terram.
916 3389 1116 3444 Μονιυὶ
1161 3393 1297 3445 enim
1352 3409 1467 3446 cum
1515 3392 1725 3448 Christo
1775 3411 1955 3449 sumus
1990 3397 2059 3460 τ’,

481 3479 572 3546 qui
605 3495 701 3547 pro
733 3489 926 3535 sancto
963 3482 1180 3535 nomine
1225 3498 1322 3535 suo
1360 3482 1526 3538 faciet
1559 3485 1839 3540 nobiscum
1894 3486 2059 3542 mise-

479 3571 765 3625 ricordiam
796 3587 948 3626 suam
978 3589 992 3637 ;
1017 3584 1232 3627 nostras
1260 3576 1402 3627 enim
1442 3576 1560 3629 tulit
1601 3576 1971 3643 inﬁrmitates,
2004 3589 2060 3633 ut

475 3673 698 3732 peccata
736 3673 916 3718 nostra
949 3664 1169 3728 deleret,
1191 3680 1398 3736 nosque
1419 3666 1472 3720 in
1503 3678 1816 3723 sanctorum
1835 3685 2054 3724 suorum

487 3767 714 3808 numero
776 3753 1092 3821 collocaret,
1132 3756 1222 3824 qui
1273 3755 1403 3811 vivit
1437 3767 1492 3812 et
1520 3767 1707 3828 regnat
1754 3761 1809 3813 iu
1862 3760 2063 3814 saecula.

479 3843 828 3899 saeculorum.
860 3845 1055 3899 Amen.

1039 3931 1295 3992 ORATIO
1333 3935 1474 3992 XIV.

654 4023 807 4079 Beati
832 4023 991 4079 Isaia:
1029 4025 1234 4080 abbatis
1269 4025 1438 4080 luctus
1463 4036 1509 4080 et
1538 4027 1869 4083 lamentatio.

551 4119 591 4174 l.
623 4117 707 4174 Me
736 4119 1013 4184 miserum,
1038 4135 1124 4176 me
1153 4121 1434 4189 miserum,
1467 4122 1591 4191 quia
1631 4123 1868 4178 nondum
1903 4140 1930 4178 a
1965 4139 2056 4194 ge-

473 4208 666 4265 hennae
697 4211 816 4281 igne
845 4225 964 4266 sum
1001 4213 1166 4267 liber!
1209 4213 1308 4280 Qui
1350 4213 1414 4268 ad
1461 4213 1608 4268 illam
1660 4213 1909 4270 homines
1960 4219 2054 4270 de-

475 4304 718 4371 trahunt,
750 4307 924 4360 adhuc
958 4306 1012 4360 in
1060 4323 1145 4360 me
1183 4316 1480 4377 operantur
1516 4326 1528 4360 :
1566 4315 1622 4361 et
1667 4307 1848 4362 omnia
1888 4321 2057 4375 opera.

475 4397 591 4468 ejus
621 4409 903 4453 moventur
947 4398 1002 4453 in
1028 4400 1189 4454 corde
1223 4415 1361 4454 meo.
1411 4399 1511 4467 Qui
1547 4415 1630 4454 me
1666 4401 1716 4454 in
1745 4400 2050 4456 incendium

400 4510 404 4514 ι
475 4499 742 4542 conantur
771 4489 1105 4557 demergere,
1135 4498 1301 4558 agunt
1327 4488 1502 4544 adhuc
1545 4489 1598 4543 in
1626 4491 1791 4544 corde
1822 4505 1964 4554 meo,
1999 4498 2053 4543 et

2165 667 2506 736 compeditos
2538 675 2771 720 tenetur.
2803 664 2903 731 Qui
2937 664 2989 716 in
3022 661 3300 715 doloribus
3337 666 3608 721 versatur,
3643 673 3748 710 non

2165 759 2309 812 valet
2329 758 2634 827 quiescere.
2672 755 2788 811 Non
2812 755 2924 808 edit
2956 769 3077 808 cum
3107 754 3400 820 voluptate,
3422 749 3588 818 cujus
3610 749 3752 803 collo

2167 849 2402 920 injectus
2433 859 2516 904 est
2549 849 2793 918 laqueus.
2849 845 3038 914 Neque
3076 842 3306 912 amplius
3350 841 3580 908 cogitat,
3618 855 3750 908 quo-

2166 941 2324 995 modo
2352 940 2456 994 alia
2483 939 2686 994 scelera
2705 938 3026 999 committat,
3054 934 3148 988 sed
3180 933 3231 986 in
3252 933 3395 999 luctu
3429 940 3487 986 et
3513 945 3753 986 merere

2167 1029 2314 1096 degit
2335 1029 2404 1084 ob
2437 1029 2529 1082 illa
2560 1027 2756 1098 quibus
2795 1023 3093 1080 obstrictus
3123 1031 3242 1089 est,
3292 1031 3346 1075 et
3382 1031 3610 1091 propter
3635 1035 3752 1090 quae

2167 1123 2359 1176 merito
2390 1132 2684 1176 erucratur.
3711 1181 3716 1186 .

2235 1213 2298 1267 ll.
2323 1213 2422 1280 Qui
2449 1213 2755 1268 considerat
2802 1224 3044 1268 extrema
3082 1211 3170 1266 illa
3212 1208 3468 1280 supplicia
3498 1248 3512 1268 ,
3553 1207 3754 1276 quibus

2168 1301 2486 1358 adiciendus
2531 1312 2614 1358 est
2653 1313 2875 1372 propter
2904 1313 3124 1373 peccata
3161 1317 3280 1365 sua,
3323 1301 3368 1354 is
3421 1299 3668 1352 animum
3700 1296 3752 1349 in

2166 1392 2380 1446 caeteris
2406 1392 2717 1462 judicaudis
2769 1407 2873 1447 non
2907 1393 3067 1447 habet
3095 1399 3415 1459 occupatum
3449 1405 3466 1438 :
3502 1404 3604 1443 cor
3635 1387 3755 1457 eius

2165 1483 2410 1538 Stimulat
2454 1483 2608 1538 dolor
2637 1492 3072 1547 tormentorum;
3117 1482 3460 1538 cruciatuum
3487 1480 3756 1550 cogitatio

2167 1589 2271 1629 non
2301 1576 2573 1656 siniteum
2610 1574 2883 1630 curiosum
2909 1591 2925 1642 ;
2953 1575 3018 1629 de
3039 1575 3177 1629 cibis
3203 1590 3306 1629 non
3336 1583 3421 1629 est
3452 1573 3747 1628 sollicitus.

2166 1665 2281 1721 Non
2317 1667 2604 1737 respondet
2643 1666 2751 1721 illis
2786 1682 2814 1719 a
2871 1666 3066 1734 quibus
3103 1665 3334 1720 aﬁicitur
3363 1664 3698 1719 contumelia
3732 1679 3748 1728 ;

2165 1755 2388 1825 patienti
2419 1755 2600 1808 animo
2629 1754 2734 1809 fert
2784 1769 2975 1809 omnes
3031 1753 3280 1820 injurias,
3323 1765 3494 1820 seque
3522 1751 3750 1820 dignum

2168 1845 2272 1900 illis
2294 1845 2605 1912 existimat;
2637 1846 2778 1899 risus
2801 1844 2869 1899 ab
2899 1859 2964 1899 eo
2990 1842 3177 1913 procul
3205 1843 3393 1909 abest;
3417 1857 3539 1896 cum
3563 1841 3748 1910 suspi-

2169 1938 2248 1991 rio
2303 1946 2354 1991 et
2403 1936 2603 2007 gemitu
2637 1935 2964 1991 formidandi
3005 1935 3193 2003 iudicii
3225 1935 3280 1989 in
3309 1947 3419 2003 quo
3471 1931 3752 1987 sistendus

2168 2038 2272 2092 est,
2325 2029 2675 2092 recordatur;
2720 2027 2764 2082 si
2795 2027 2925 2098 quid
2990 2026 3163 2094 audit,
3205 2041 3334 2081 non.
3362 2024 3747 2078 animadvertit

2168 2131 2346 2176 utrum
2383 2136 2505 2174 cum
2557 2120 2720 2175 laude
2753 2121 2962 2175 dictum
3019 2121 3110 2185 sit,
3163 2134 3229 2172 an
3288 2126 3510 2183 contra;
3541 2115 3750 2170 doloris
3802 2126 3808 2132 ‘

2167 2213 2480 2282 magnitudo
2526 2213 2796 2282 ingentem
2837 2228 2901 2267 ex
2932 2212 3105 2266 oculis
3137 2210 3253 2277 ejus
3299 2209 3510 2279 capiam
3559 2207 3748 2275 expri-

2166 2304 2264 2357 mit
2311 2304 2706 2375 lacrymarum;
2742 2303 2788 2358 si
2816 2316 2880 2357 ex
2905 2302 3068 2358 claris
3086 2301 3406 2370 parentibus
3435 2310 3598 2354 ortus
3640 2308 3749 2361 est,

2166 2397 2338 2464 magis
2381 2398 2544 2452 etiam
2587 2396 2750 2459 dolet,
2792 2396 3046 2466 quoniam
3080 2395 3134 2449 in
3175 2393 3378 2465 judicio
3415 2401 3526 2445 tam
3560 2390 3752 2445 multis

2165 2488 2537 2558 spectantibus
2561 2487 2821 2543 videndus
2849 2495 2962 2554 est;
3011 2486 3065 2540 in
3117 2483 3312 2554 populo
3349 2498 3453 2537 non
3489 2481 3745 2537 conside-

2167 2590 2276 2643 rat,
2317 2581 2409 2649 qui
2438 2580 2584 2644 boni,
2611 2580 2700 2650 qui
2727 2579 2852 2632 mali
2881 2582 2990 2632 sint
3033 2597 3047 2632 :
3085 2578 3130 2632 si
3176 2591 3278 2629 una
3333 2590 3456 2629 eum
3485 2577 3612 2644 ipso
3654 2572 3747 2625 alii

2167 2673 2332 2746 vincti
2363 2673 2675 2739 trahuntur,
2727 2687 2833 2725 non
2889 2671 3118 2724 attendit
3169 2669 3296 2733 illis,
3331 2682 3429 2721 nec
3470 2663 3748 2720 consultat

2165 2777 2289 2817 cum
2313 2763 2394 2817 eis
2421 2763 2550 2832 quid
2582 2762 2849 2832 agendum
2885 2762 2976 2817 sit.
3030 2760 3178 2816 Onus
3209 2761 3349 2814 enim
3382 2758 3482 2826 fert
3521 2756 3745 2826 quisque

2162 2869 2314 2905 suum
2343 2853 2409 2906 ⁷³.
2458 2854 2591 2907 Dum
2637 2856 2705 2909 ad
2737 2853 3058 2924 supplicium
3093 2850 3348 2912 trahitur,
3381 2845 3571 2901 oculos
3596 2843 3745 2898 humi

2163 2943 2370 3004 deﬁxos
2396 2952 2569 3009 tenet;
2606 2959 2766 3000 nemo
2799 2945 2867 2998 de
2896 2942 2985 2996 illo
3016 2942 3178 2995 audet
3204 2939 3365 2994 verba
3401 2935 3586 2991 facere
3617 2947 3741 3002 pro-

2163 3044 2282 3102 pter
2325 3041 2526 3087 metum
2561 3042 2976 3087 tormentorum.
3017 3031 3090 3085 Ea
3117 3045 3235 3099 qum
3271 3026 3520 3098 patrarit,
3550 3039 3745 3095 quam-

2163 3125 2348 3177 obrem
2377 3123 2572 3178 merito
2609 3123 2895 3178 damnatus
2927 3121 3020 3188 sit,
3051 3122 3164 3191 ipse
3189 3121 3495 3175 conﬁtetur.

2236 3211 2326 3265 lll.
2363 3211 2614 3278 Quandiu
2658 3213 2818 3282 igitur
2859 3211 3041 3267 ebrius
3071 3226 3166 3264 ero
3204 3212 3320 3265 sine
3353 3211 3500 3276 vino,
3544 3217 3598 3262 et
3631 3208 3740 3263 hac

2177 3319 2296 3372 Quae
2328 3314 2452 3359 ante
2482 3298 2565 3358 me
2617 3312 2741 3360 sunt
2790 3302 3097 3374 negligant?
3153 3301 3391 3355 Ariditas
3420 3298 3606 3354 cordis
3639 3299 3736 3354 mei

2163 3396 2349 3451 oculos
2383 3411 2534 3452 meos
2584 3396 2899 3450 exsiccavit.
2955 3396 3018 3449 Et
3067 3393 3444 3448 sollicitudinis
3479 3393 3738 3447 ebrietate

2169 3496 2335 3556 caput
2361 3501 2534 3540 meum
2565 3488 2888 3542 exhaustum
2914 3496 3016 3541 est.
3041 3485 3218 3540 Animi
3251 3485 3536 3538 distractio
3557 3484 3625 3537 ad
3643 3483 3738 3538 bo-

2163 3593 2278 3632 ram
2316 3592 2489 3648 usque
2541 3579 2881 3633 tenebrarum
2931 3578 3060 3631 mihi
3115 3575 3446 3631 oblivionem
3495 3575 3732 3629 adduxit.

2168 3669 2429 3739 Corporis
2453 3670 2746 3724 necessitas
2785 3669 3026 3724 devinxit
3055 3677 3171 3734 me;
3201 3678 3254 3723 et
3289 3667 3545 3722 interitus
3567 3667 3634 3721 de
3655 3667 3734 3719 via

2171 3775 2258 3815 me
2291 3761 2435 3831 cogit
2476 3761 2786 3816 deﬂectere.
2833 3760 3018 3831 Neque
3044 3763 3276 3816 amicum
3321 3761 3518 3824 habeo,
3548 3761 3644 3831 qui
3672 3761 3736 3813 de

2172 3865 2258 3905 me
2304 3850 2586 3920 loquatur;
2641 3865 2740 3904 nec
2788 3867 2981 3906 munus
3014 3861 3094 3906 est
3131 3851 3283 3918 mihi,
3337 3852 3482 3919 quod
3531 3853 3734 3905 civibus

2167 3943 2402 3997 mittam.
2434 3942 2599 3997 Fama
2623 3943 2989 3997 calamitatum
3015 3944 3210 4013 quibus
3257 3942 3481 4005 aﬁicior,
3523 3943 3650 3996 facit
3679 3951 3735 3996 ut

2161 4046 2248 4085 me
2283 4047 2386 4086 non
2412 4043 2730 4101 agnoscant.
2755 4032 2809 4088 Si
2840 4048 2935 4089 eos
2964 4033 3214 4104 imploro,
3243 4050 3348 4089 non
3378 4036 3605 4090 audiunt
3631 4051 3730 4090 me.

2163 4121 2356 4176 Vident
2381 4123 2525 4176 enim
2556 4137 2642 4178 me
2683 4124 2917 4179 nondum
2951 4140 2980 4178 a
3011 4123 3288 4180 doloribus
3333 4127 3589 4181 liberum.
3631 4127 3732 4182 Cor

2160 4229 2335 4268 meum
2363 4215 2782 4270 consolationem
2811 4231 2918 4271 non
2949 4215 3167 4272 invenit.
3207 4217 3555 4272 Peccatorum
3589 4221 3730 4287 enim

2160 4305 2380 4360 aculeus
2429 4306 2547 4360 sine
2594 4306 2698 4359 ulla
2747 4307 3148 4361 intermissione
3204 4323 3291 4362 me
3338 4309 3626 4376 stimulat;
3679 4318 3730 4364 et

2107 4456 2119 4466 _
2157 4410 2295 4451 onus
2329 4396 2668 4464 iniquitatum
2725 4412 2963 4451 mearum
2998 4399 3344 4468 ingravescit.
3392 4398 3504 4454 Nec
3553 4410 3730 4455 tamen

2160 4487 2298 4554 ignis
2345 4487 2451 4539 vim
2503 4487 2663 4555 plane
2700 4488 3012 4554 reformido,
3052 4490 3307 4558 quoniam
3352 4490 3408 4543 in
3457 4490 3608 4544 illum
3648 4507 3730 4545 me

474 4579 681 4632 fructus
723 4592 851 4633 suos
895 4577 1141 4647 proferre
1187 4578 1428 4648 cupiunt.
1459 4576 1709 4634 Nondum
1745 4580 1876 4633 mihi
1913 4595 2046 4634 con-
2081 4580 2124 4632 D
2156 4577 2406 4646 injectum
2433 4577 2500 4631 iri
2528 4576 2872 4647 exploratum
2905 4594 3010 4634 non
3047 4579 3240 4634 habeo.
3264 4578 3485 4634 Clamor
3510 4583 3561 4635 iu
3594 4582 3730 4636 auri-

475 4679 604 4736 stat,
637 4684 872 4740 quonam
902 4669 1029 4724 hinc
1080 4669 1182 4724 sim
1216 4669 1579 4739 profecturus.
1629 4670 1875 4727 Nondum
1914 4671 2049 4726 utihi

479 4770 661 4830 parata
685 4771 767 4817 est
802 4771 944 4816 recta
973 4760 1340 4817 via.Nondum
1363 4761 1524 4832 plane
1548 4763 1809 4819 liberatus
1835 4778 1956 4819 sum
1983 4763 2052 4817 ab

480 4851 654 4905 aereis
689 4852 1075 4919 potestatibus,
1101 4867 1221 4921 quae
1271 4852 1400 4908 mihi
1433 4869 1528 4922 per
1553 4853 1693 4908 mala
1721 4867 1841 4908 mea
1887 4868 2054 4924 opera

478 4941 743 4994 dominari
773 4952 1062 5008 conantur.
1082 4941 1329 4996 Nondum
1355 4943 1702 5000 liberatorem
1726 4958 1903 4998 meum
1933 4959 2053 4998 sus»

478 5033 616 5101 cepi,
661 5032 750 5101 qui
781 5034 928 5087 venit
981 5045 1039 5088 ut
1089 5049 1172 5089 me
1203 5034 1272 5088 ab
1306 5035 1438 5104 ipsis
1490 5035 1814 5090 vindicaret.
1857 5034 2048 5089 Adhuc

476 5125 620 5180 enim
660 5124 714 5178 in
743 5139 830 5181 me
861 5125 1006 5196 viget
1042 5141 1227 5182 earum
1288 5127 1629 5196 improbitas.
1675 5125 1925 5183 Nondum
1961 5128 2048 5181 vi-

475 5215 596 5283 deo,
640 5231 760 5287 quae
809 5217 942 5272 mihi
976 5219 1116 5287 apud
1161 5216 1399 5286 iudicem
1444 5219 1614 5286 possit
1657 5232 1778 5273 esse
1828 5217 2047 5272 ﬁducia.

475 5307 722 5362 Nondum
750 5308 1087 5379 exploratum
1119 5310 1289 5364 habeo
1311 5348 1324 5370 ,
1370 5319 1550 5363 utrum
1585 5319 1759 5362 morte
1817 5307 2046 5361 multan-

475 5400 578 5454 dus
600 5399 724 5467 sitn,
761 5414 950 5455 necne.
991 5398 1240 5454 Nondum
1269 5414 1332 5454 ex
1360 5413 1575 5454 reorum
1607 5412 1832 5454 numero
1858 5413 2047 5452 exem-

476 5499 598 5559 ptus
647 5505 789 5546 sum.
839 5489 983 5545 Reus
1011 5491 1103 5559 qui
1155 5492 1208 5544 in
1257 5494 1474 5546 carcere
1516 5490 1724 5546 vinctus
1782 5499 1886 5555 est,
1942 5504 2045 5543 non

477 5585 720 5660 laetatur.
764 5582 865 5648 Qui
919 5581 1112 5638 ferreis
1142 5582 1438 5640 obstrictus
1471 5591 1554 5638 est
1585 5583 1833 5642 vinculis.
1869 5582 2048 5659 jacere

548 5801 594 5833 "
646 5800 833 5854 Matth.
873 5814 1046 5865 xxv",
1073 5802 1162 5856 46.

479 5885 626 5928 xxxv,
658 5869 756 5938 28:
792 5869 924 5925 Luc.
956 5886 1088 5933 ιιι-ιι,
1114 5873 1200 5924 57.

1241 5804 1285 5834 “
1318 5804 1446 5858 ibid.
1478 5805 1568 5859 51.

1670 5805 1713 5836 ⁸⁷
1745 5803 1872 5858 ibid.
1906 5803 1994 5868 5i,
2026 5803 2114 5857 5‘2.
2156 5817 2157 5820 ‘
2219 5804 2262 5836 ⁸³
2295 5803 2449 5859 Joan.
2488 5806 2694 5865 xrv.4l.

1278 5873 1320 5904 ⁷¹
1355 5874 1486 5930 lleb.
1536 5891 1573 5941 ι,
1605 5876 1659 5931 3.
1731 5875 1805 5947 ἔτ’
1835 5872 2040 5930 Coloss.
2081 5889 2164 5940 ιιι,
2207 5873 2319 5929 1-5.

2151 4672 2251 4726 bus
2299 4670 2435 4726 meis
2484 4671 2723 4735 insonat,
2775 4671 2828 4725 in
2881 4673 3184 4741 propinquo
3217 4673 3540 4742 supplicium
3588 4691 3726 4732 esse.

2152 4760 2388 4815 Vulnera
2430 4777 2549 4832 qua:
2595 4771 2786 4817 sanata
2837 4762 3193 4828 videbantur,
3240 4766 3295 4819 in
3341 4781 3573 4834 corpore
3613 4783 3730 4822 meo

2153 4854 2582 4921 recrudescunt;
2627 4869 2725 4910 nec
2761 4864 2941 4910 tamen
2965 4856 3140 4910 adhuc
3165 4869 3636 4926 computruerunt,
3674 4870 3728 4912 ut

2152 4945 2388 4998 medium
2425 4945 2719 5014 requiram.
2743 4944 2984 5016 Contego
3016 4947 3238 5002 vulnera
3270 4963 3412 5016 mea,
3450 4965 3518 5004 ne
3543 4951 3613 5004 ab
3637 4951 3727 5003 ho-

2154 5035 2392 5089 minibus
2415 5035 2739 5101 videantur;
2785 5045 2839 5089 et
2875 5037 2989 5104 pati
3015 5052 3246 5106 nequeo,
3283 5048 3340 5091 ut
3373 5054 3437 5094 ea
3490 5041 3729 5094 medicus

2145 5133 2315 5178 curet.
2361 5125 2568 5179 Acerba
2629 5125 2834 5180 inferre
2872 5127 2985 5180 vult
3037 5127 3453 5196 medicamenta,
3482 5132 3579 5186 sed
3631 5146 3728 5198 ego

2147 5228 2253 5268 non
2309 5214 2504 5283 patior.
2547 5214 2726 5270 Bonus
2767 5224 2852 5270 est
2904 5217 3170 5282 medicus,
3211 5233 3310 5274 nec
3348 5203 3658 5274 mercedem
3698 5238 3724 5271 a

2146 5320 2232 5361 me
2261 5307 2522 5375 requirit;
2553 5316 2606 5361 et
2629 5321 2729 5377 ego
2761 5323 2877 5362 sum
2905 5309 2976 5362 ita
2997 5309 3169 5379 piger,
3206 5319 3264 5363 ut
3291 5311 3359 5363 ad
3390 5325 3514 5364 eum
3534 5326 3728 5380 graver

2153 5398 2427 5452 accedere.
2465 5396 2612 5453 Ultro
2636 5398 2749 5468 ipse
2780 5398 2846 5453 ad
2878 5413 2962 5454 me
2990 5401 3155 5465 venit,
3175 5409 3231 5453 ut
3259 5400 3390 5454 mihi
3412 5402 3723 5465 medeatur;

2151 5500 2207 5545 et
2230 5491 2433 5546 invenit
2462 5505 2548 5546 me
2582 5493 2950 5547 comedentem
2977 5509 3098 5564 qua:
3124 5493 3434 5549 vulneribus
3449 5506 3579 5550 sunt
3602 5509 3727 5549 con-

2157 5583 2342 5637 traria.
2377 5583 2634 5638 Hortatur
2661 5599 2765 5652 me,
2807 5593 2864 5639 ut
2910 5585 3488 5656 deincepsabstineam
3514 5603 3531 5652 ;
3557 5594 3614 5640 et
3634 5598 3726 5639 ve-

2792 5809 2838 5840 ⁶⁹
2871 5808 3060 5865 Matth.
3100 5826 3270 5876 xxvn,
3303 5809 3391 5866 60.
3459 5811 3505 5843 '°
3527 5809 3716 5867 ﬂatth.

2424 5877 2470 5908 ⁷³
2501 5876 2618 5932 Gal.
2653 5892 2723 5945 vr,
2751 5877 2803 5932 5.
