  <div class='ocr_page' id='page_1' title='image "/cluster/home/n/w/nwhite01/storage/ocr_20150623/40/hvd.32044073501850/578.png"; bbox 0 0 3884 6278; ppageno 0'>
   <div class='ocr_carea' id='block_1_1' title="bbox 177 440 309 496">
    <p class='ocr_par' dir='ltr' id='par_1_1' title="bbox 177 440 309 496">
     <span class='ocr_line' id='line_1_1' title="bbox 177 440 309 496; baseline -0.03 0"><span class='ocrx_word' id='word_1_1' title='bbox 177 440 309 496; x_wconf 61' lang='lat' dir='ltr'><strong>illi</strong></span> 
     </span>
    </p>
   </div>
   <div class='ocr_carea' id='block_1_2' title="bbox 1221 454 2320 527">
    <p class='ocr_par' dir='ltr' id='par_1_2' title="bbox 1221 454 2320 527">
     <span class='ocr_line' id='line_1_2' title="bbox 1221 454 2320 527; baseline 0.011 -13"><span class='ocrx_word' id='word_1_2' title='bbox 1221 459 1280 515; x_wconf 92' lang='lat' dir='ltr'><strong>s.</strong></span> <span class='ocrx_word' id='word_1_3' title='bbox 1321 461 1526 520; x_wconf 68' lang='lat' dir='ltr'><strong>lSAIAE</strong></span> <span class='ocrx_word' id='word_1_4' title='bbox 1565 466 1742 520; x_wconf 67' lang='lat' dir='ltr'><strong>assa</strong></span> <span class='ocrx_word' id='word_1_5' title='bbox 1759 466 1871 522; x_wconf 87' lang='lat' dir='ltr'><strong>TIS</strong></span> <span class='ocrx_word' id='word_1_6' title='bbox 1909 454 2320 527; x_wconf 78' lang='lat' dir='ltr'><strong>ORATIONES.</strong></span> 
     </span>
    </p>
   </div>
   <div class='ocr_carea' id='block_1_3' title="bbox 2127 287 2157 300">
    <p class='ocr_par' dir='ltr' id='par_1_3' title="bbox 2127 287 2157 300">
     <span class='ocr_line' id='line_1_3' title="bbox 2127 287 2157 300; baseline 0 0"><span class='ocrx_word' id='word_1_7' title='bbox 2127 287 2157 300; x_wconf 54' lang='grc' dir='ltr'><em>ρ</em></span> 
     </span>
    </p>
   </div>
   <div class='ocr_carea' id='block_1_4' title="bbox 3280 478 3431 534">
    <p class='ocr_par' dir='ltr' id='par_1_4' title="bbox 3280 478 3431 534">
     <span class='ocr_line' id='line_1_4' title="bbox 3280 478 3431 534; baseline -0.007 0"><span class='ocrx_word' id='word_1_8' title='bbox 3280 478 3431 534; x_wconf 64' lang='lat'><strong>“49&#39;</strong></span> 
     </span>
    </p>
   </div>
   <div class='ocr_carea' id='block_1_5' title="bbox 178 558 3416 678">
    <p class='ocr_par' dir='ltr' id='par_1_5' title="bbox 178 558 3416 678">
     <span class='ocr_line' id='line_1_5' title="bbox 178 558 3416 678; baseline 0.011 -62"><span class='ocrx_word' id='word_1_9' title='bbox 178 561 367 616; x_wconf 89' lang='lat' dir='ltr'><strong>scendi</strong></span> <span class='ocrx_word' id='word_1_10' title='bbox 396 561 638 633; x_wconf 72' lang='lat' dir='ltr'><strong>votuptas</strong></span> <span class='ocrx_word' id='word_1_11' title='bbox 659 581 754 622; x_wconf 80' lang='lat' dir='ltr'><strong>cor</strong></span> <span class='ocrx_word' id='word_1_12' title='bbox 795 584 970 626; x_wconf 89' lang='lat' dir='ltr'><strong>meum</strong></span> <span class='ocrx_word' id='word_1_13' title='bbox 1012 558 1227 649; x_wconf 86' lang='lat' dir='ltr'><strong>decipit.</strong></span> <span class='ocrx_word' id='word_1_14' title='bbox 1259 581 1480 648; x_wconf 73' lang='lat' dir='ltr'><strong>Quoties</strong></span> <span class='ocrx_word' id='word_1_15' title='bbox 1504 587 1750 655; x_wconf 89' lang='lat' dir='ltr'><strong>comedo,</strong></span> <span class='ocrx_word' id='word_1_16' title='bbox 1780 622 1824 678; x_wconf 63' lang='grc' dir='ltr'><strong>Α</strong></span> <span class='ocrx_word' id='word_1_17' title='bbox 1858 591 2124 659; x_wconf 80' lang='lat' dir='ltr'><strong>conﬁdunt</strong></span> <span class='ocrx_word' id='word_1_18' title='bbox 2153 592 2208 645; x_wconf 86' lang='lat' dir='ltr'><strong>in</strong></span> <span class='ocrx_word' id='word_1_19' title='bbox 2242 590 2464 644; x_wconf 87' lang='lat' dir='ltr'><strong>Domino</strong></span> <span class='ocrx_word' id='word_1_20' title='bbox 2495 590 2568 662; x_wconf 86' lang='lat'><strong>(8)</strong></span> <span class='ocrx_word' id='word_1_21' title='bbox 2602 608 2615 644; x_wconf 88' lang='lat'><strong>:</strong></span> <span class='ocrx_word' id='word_1_22' title='bbox 2647 607 2748 645; x_wconf 85' lang='lat' dir='ltr'><strong>non</strong></span> <span class='ocrx_word' id='word_1_23' title='bbox 2771 593 3171 646; x_wconf 75' lang='lat' dir='ltr'><strong>commovebitur</strong></span> <span class='ocrx_word' id='word_1_24' title='bbox 3201 596 3254 649; x_wconf 90' lang='lat' dir='ltr'><strong>in</strong></span> <span class='ocrx_word' id='word_1_25' title='bbox 3272 605 3416 650; x_wconf 43' lang='lat' dir='ltr'><strong>arter-</strong></span> 
     </span>
    </p>
   </div>
   <div class='ocr_carea' id='block_1_6' title="bbox 180 650 1746 743">
    <p class='ocr_par' dir='ltr' id='par_1_6' title="bbox 180 650 1746 743">
     <span class='ocr_line' id='line_1_6' title="bbox 180 650 1746 743; baseline 0.02 -37"><span class='ocrx_word' id='word_1_26' title='bbox 180 657 344 709; x_wconf 79' lang='lat' dir='ltr'><strong>wties</strong></span> <span class='ocrx_word' id='word_1_27' title='bbox 377 650 463 711; x_wconf 88' lang='lat' dir='ltr'><strong>me</strong></span> <span class='ocrx_word' id='word_1_28' title='bbox 495 659 718 726; x_wconf 66' lang='lat' dir='ltr'><strong>paenitet</strong></span> <span class='ocrx_word' id='word_1_29' title='bbox 770 667 1098 736; x_wconf 83' lang='lat' dir='ltr'><strong>comedisse;</strong></span> <span class='ocrx_word' id='word_1_30' title='bbox 1136 674 1229 728; x_wconf 89' lang='lat' dir='ltr'><strong>sed</strong></span> <span class='ocrx_word' id='word_1_31' title='bbox 1264 678 1577 743; x_wconf 60' lang='lat' dir='ltr'><strong>paenitentia</strong></span> <span class='ocrx_word' id='word_1_32' title='bbox 1631 697 1746 736; x_wconf 87' lang='lat' dir='ltr'><strong>mea</strong></span> 
     </span>
    </p>
   </div>
   <div class='ocr_carea' id='block_1_7' title="bbox 179 753 1747 836">
    <p class='ocr_par' dir='ltr' id='par_1_7' title="bbox 179 753 1747 836">
     <span class='ocr_line' id='line_1_7' title="bbox 179 753 1747 836; baseline 0.02 -40"><span class='ocrx_word' id='word_1_33' title='bbox 179 759 289 798; x_wconf 89' lang='lat' dir='ltr'><strong>non</strong></span> <span class='ocrx_word' id='word_1_34' title='bbox 321 753 404 801; x_wconf 91' lang='lat' dir='ltr'><strong>est</strong></span> <span class='ocrx_word' id='word_1_35' title='bbox 440 762 585 804; x_wconf 88' lang='lat' dir='ltr'><strong>vera.</strong></span> <span class='ocrx_word' id='word_1_36' title='bbox 611 753 771 809; x_wconf 86' lang='lat' dir='ltr'><strong>Mittit</strong></span> <span class='ocrx_word' id='word_1_37' title='bbox 795 756 882 811; x_wconf 92' lang='lat' dir='ltr'><strong>ille</strong></span> <span class='ocrx_word' id='word_1_38' title='bbox 910 761 1039 815; x_wconf 92' lang='lat' dir='ltr'><strong>mihi</strong></span> <span class='ocrx_word' id='word_1_39' title='bbox 1067 766 1204 832; x_wconf 91' lang='lat' dir='ltr'><strong>quod</strong></span> <span class='ocrx_word' id='word_1_40' title='bbox 1233 770 1597 836; x_wconf 83' lang='lat' dir='ltr'><strong>comedam,ut</strong></span> <span class='ocrx_word' id='word_1_41' title='bbox 1621 786 1747 828; x_wconf 90' lang='lat' dir='ltr'><strong>con-</strong></span> 
     </span>
    </p>
   </div>
   <div class='ocr_carea' id='block_1_8' title="bbox 175 835 1745 932">
    <p class='ocr_par' dir='ltr' id='par_1_8' title="bbox 175 835 1745 932">
     <span class='ocr_line' id='line_1_8' title="bbox 175 835 1745 932; baseline 0.025 -48"><span class='ocrx_word' id='word_1_42' title='bbox 175 835 447 891; x_wconf 84' lang='lat' dir='ltr'><strong>valescam</strong></span> <span class='ocrx_word' id='word_1_43' title='bbox 475 858 489 905; x_wconf 89' lang='lat'><strong>;</strong></span> <span class='ocrx_word' id='word_1_44' title='bbox 526 851 578 894; x_wconf 89' lang='lat' dir='ltr'><strong>at</strong></span> <span class='ocrx_word' id='word_1_45' title='bbox 611 844 748 898; x_wconf 90' lang='lat' dir='ltr'><strong>mala</strong></span> <span class='ocrx_word' id='word_1_46' title='bbox 784 853 1118 907; x_wconf 80' lang='lat' dir='ltr'><strong>consuetudo</strong></span> <span class='ocrx_word' id='word_1_47' title='bbox 1149 869 1209 910; x_wconf 90' lang='lat' dir='ltr'><strong>ca</strong></span> <span class='ocrx_word' id='word_1_48' title='bbox 1237 872 1321 911; x_wconf 86' lang='lat' dir='ltr'><strong>me</strong></span> <span class='ocrx_word' id='word_1_49' title='bbox 1348 864 1621 932; x_wconf 81' lang='lat' dir='ltr'><strong>suscipere</strong></span> <span class='ocrx_word' id='word_1_50' title='bbox 1642 883 1745 922; x_wconf 90' lang='lat' dir='ltr'><strong>non</strong></span> 
     </span>
    </p>
   </div>
   <div class='ocr_carea' id='block_1_9' title="bbox 178 925 1745 1022">
    <p class='ocr_par' dir='ltr' id='par_1_9' title="bbox 178 925 1745 1022">
     <span class='ocr_line' id='line_1_9' title="bbox 178 925 1745 1022; baseline 0.024 -49"><span class='ocrx_word' id='word_1_51' title='bbox 178 925 460 988; x_wconf 88' lang='lat' dir='ltr'><strong>permittit.</strong></span> <span class='ocrx_word' id='word_1_52' title='bbox 501 927 558 980; x_wconf 91' lang='lat' dir='ltr'><strong>ln</strong></span> <span class='ocrx_word' id='word_1_53' title='bbox 606 937 1014 1013; x_wconf 81' lang='lat' dir='ltr'><strong>summa,-quid</strong></span> <span class='ocrx_word' id='word_1_54' title='bbox 1055 955 1207 1010; x_wconf 82' lang='lat' dir='ltr'><strong>agam</strong></span> <span class='ocrx_word' id='word_1_55' title='bbox 1235 983 1252 1006; x_wconf 90' lang='lat'><strong>,</strong></span> <span class='ocrx_word' id='word_1_56' title='bbox 1297 925 1508 1015; x_wconf 68' lang='lat' dir='ltr'><strong>ignoro.</strong></span> <span class='ocrx_word' id='word_1_57' title='bbox 1549 953 1745 1022; x_wconf 85' lang='lat' dir='ltr'><strong>Lugete</strong></span> 
     </span>
    </p>
   </div>
   <div class='ocr_carea' id='block_1_10' title="bbox 178 1007 1742 1099">
    <p class='ocr_par' dir='ltr' id='par_1_10' title="bbox 178 1007 1742 1099">
     <span class='ocr_line' id='line_1_10' title="bbox 178 1007 1742 1099; baseline 0.022 -36"><span class='ocrx_word' id='word_1_58' title='bbox 178 1028 421 1081; x_wconf 84' lang='lat' dir='ltr'><strong>merum,</strong></span> <span class='ocrx_word' id='word_1_59' title='bbox 454 1007 644 1076; x_wconf 79' lang='lat' dir='ltr'><strong>omnes</strong></span> <span class='ocrx_word' id='word_1_60' title='bbox 686 1037 781 1077; x_wconf 88' lang='lat' dir='ltr'><strong>vos</strong></span> <span class='ocrx_word' id='word_1_61' title='bbox 833 1024 1030 1082; x_wconf 80' lang='lat' dir='ltr'><strong>fratres</strong></span> <span class='ocrx_word' id='word_1_62' title='bbox 1076 1033 1202 1096; x_wconf 90' lang='lat' dir='ltr'><strong>mei,</strong></span> <span class='ocrx_word' id='word_1_63' title='bbox 1241 1045 1295 1088; x_wconf 90' lang='lat' dir='ltr'><strong>ut</strong></span> <span class='ocrx_word' id='word_1_64' title='bbox 1338 1037 1430 1092; x_wconf 88' lang='lat' dir='ltr'><strong>Dei</strong></span> <span class='ocrx_word' id='word_1_65' title='bbox 1483 1044 1742 1099; x_wconf 80' lang='lat' dir='ltr'><strong>auxilium</strong></span> 
     </span>
    </p>
   </div>
   <div class='ocr_carea' id='block_1_11' title="bbox 105 1102 1741 1202">
    <p class='ocr_par' dir='ltr' id='par_1_11' title="bbox 105 1102 1741 1202">
     <span class='ocr_line' id='line_1_11' title="bbox 105 1102 1741 1202; baseline 0.025 -53"><span class='ocrx_word' id='word_1_66' title='bbox 105 1127 109 1129; x_wconf 96' lang='lat'><strong><em>-</em></strong></span> <span class='ocrx_word' id='word_1_67' title='bbox 175 1102 383 1158; x_wconf 72' lang='lat' dir='ltr'><strong>viribus</strong></span> <span class='ocrx_word' id='word_1_68' title='bbox 414 1109 546 1162; x_wconf 89' lang='lat' dir='ltr'><strong>meis</strong></span> <span class='ocrx_word' id='word_1_69' title='bbox 593 1111 762 1178; x_wconf 83' lang='lat' dir='ltr'><strong>majus</strong></span> <span class='ocrx_word' id='word_1_70' title='bbox 793 1115 860 1168; x_wconf 90' lang='lat' dir='ltr'><strong>ad</strong></span> <span class='ocrx_word' id='word_1_71' title='bbox 897 1132 981 1170; x_wconf 90' lang='lat' dir='ltr'><strong>me</strong></span> <span class='ocrx_word' id='word_1_72' title='bbox 1010 1121 1316 1186; x_wconf 89' lang='lat' dir='ltr'><strong>descendat,</strong></span> <span class='ocrx_word' id='word_1_73' title='bbox 1351 1137 1410 1181; x_wconf 87' lang='lat' dir='ltr'><strong>ut</strong></span> <span class='ocrx_word' id='word_1_74' title='bbox 1438 1145 1523 1186; x_wconf 85' lang='lat' dir='ltr'><strong>me</strong></span> <span class='ocrx_word' id='word_1_75' title='bbox 1559 1148 1741 1202; x_wconf 90' lang='lat' dir='ltr'><strong>regat,</strong></span> 
     </span>
    </p>
   </div>
   <div class='ocr_carea' id='block_1_12' title="bbox 172 1190 1740 1288">
    <p class='ocr_par' dir='ltr' id='par_1_12' title="bbox 172 1190 1740 1288">
     <span class='ocr_line' id='line_1_12' title="bbox 172 1190 1740 1288; baseline 0.022 -48"><span class='ocrx_word' id='word_1_76' title='bbox 172 1199 231 1241; x_wconf 88' lang='lat' dir='ltr'><strong>et</strong></span> <span class='ocrx_word' id='word_1_77' title='bbox 270 1190 476 1258; x_wconf 82' lang='lat' dir='ltr'><strong>doceat,</strong></span> <span class='ocrx_word' id='word_1_78' title='bbox 519 1199 770 1265; x_wconf 89' lang='lat' dir='ltr'><strong>quoniam</strong></span> <span class='ocrx_word' id='word_1_79' title='bbox 831 1203 996 1272; x_wconf 84' lang='lat' dir='ltr'><strong>ipsius</strong></span> <span class='ocrx_word' id='word_1_80' title='bbox 1045 1219 1128 1263; x_wconf 89' lang='lat' dir='ltr'><strong>est</strong></span> <span class='ocrx_word' id='word_1_81' title='bbox 1167 1227 1410 1283; x_wconf 82' lang='lat' dir='ltr'><strong>regnum,</strong></span> <span class='ocrx_word' id='word_1_82' title='bbox 1445 1228 1499 1273; x_wconf 91' lang='lat' dir='ltr'><strong>et</strong></span> <span class='ocrx_word' id='word_1_83' title='bbox 1548 1190 1740 1288; x_wconf 55' lang='lat' dir='ltr'><strong>giouria,</strong></span> 
     </span>
    </p>
   </div>
   <div class='ocr_carea' id='block_1_13' title="bbox 176 1292 1736 1366">
    <p class='ocr_par' dir='ltr' id='par_1_13' title="bbox 176 1292 1736 1366">
     <span class='ocr_line' id='line_1_13' title="bbox 176 1292 1736 1366; baseline 0.022 -35"><span class='ocrx_word' id='word_1_84' title='bbox 176 1296 320 1336; x_wconf 80' lang='lat' dir='ltr'><strong>ltllllC</strong></span> <span class='ocrx_word' id='word_1_85' title='bbox 354 1292 408 1337; x_wconf 90' lang='lat' dir='ltr'><strong>et</strong></span> <span class='ocrx_word' id='word_1_86' title='bbox 448 1300 692 1359; x_wconf 83' lang='lat' dir='ltr'><strong>semper,</strong></span> <span class='ocrx_word' id='word_1_87' title='bbox 736 1303 790 1348; x_wconf 89' lang='lat' dir='ltr'><strong>et</strong></span> <span class='ocrx_word' id='word_1_88' title='bbox 836 1295 889 1349; x_wconf 91' lang='lat' dir='ltr'><strong>in</strong></span> <span class='ocrx_word' id='word_1_89' title='bbox 931 1300 1109 1354; x_wconf 90' lang='lat' dir='ltr'><strong>omnia</strong></span> <span class='ocrx_word' id='word_1_90' title='bbox 1152 1304 1346 1359; x_wconf 66' lang='lat' dir='ltr'><strong>saecula</strong></span> <span class='ocrx_word' id='word_1_91' title='bbox 1394 1309 1736 1366; x_wconf 64' lang='lat' dir='ltr'><strong>saeculorum.</strong></span> 
     </span>
    </p>
   </div>
   <div class='ocr_carea' id='block_1_14' title="bbox 171 1373 367 1431">
    <p class='ocr_par' dir='ltr' id='par_1_14' title="bbox 171 1373 367 1431">
     <span class='ocr_line' id='line_1_14' title="bbox 171 1373 367 1431; baseline 0.036 -7"><span class='ocrx_word' id='word_1_92' title='bbox 171 1373 367 1431; x_wconf 67' lang='lat' dir='ltr'><strong>Arnen.</strong></span> 
     </span>
    </p>
   </div>
   <div class='ocr_carea' id='block_1_15' title="bbox 734 1495 1142 1560">
    <p class='ocr_par' dir='ltr' id='par_1_15' title="bbox 734 1495 1142 1560">
     <span class='ocr_line' id='line_1_15' title="bbox 734 1495 1142 1560; baseline 0.02 -8"><span class='ocrx_word' id='word_1_93' title='bbox 734 1495 990 1558; x_wconf 79' lang='lat' dir='ltr'><strong>ORATIO</strong></span> <span class='ocrx_word' id='word_1_94' title='bbox 1029 1502 1142 1560; x_wconf 79' lang='lat' dir='ltr'><strong>XV.</strong></span> 
     </span>
    </p>
   </div>
   <div class='ocr_carea' id='block_1_16' title="bbox 595 1603 1318 1675">
    <p class='ocr_par' dir='ltr' id='par_1_16' title="bbox 595 1603 1318 1675">
     <span class='ocr_line' id='line_1_16' title="bbox 595 1603 1318 1675; baseline 0.024 -18"><span class='ocrx_word' id='word_1_95' title='bbox 595 1603 668 1658; x_wconf 88' lang='lat' dir='ltr'><strong>De</strong></span> <span class='ocrx_word' id='word_1_96' title='bbox 703 1611 887 1664; x_wconf 88' lang='lat' dir='ltr'><strong>mundi</strong></span> <span class='ocrx_word' id='word_1_97' title='bbox 917 1616 1318 1675; x_wconf 87' lang='lat' dir='ltr'><strong>renuntiatione.</strong></span> 
     </span>
    </p>
   </div>
   <div class='ocr_carea' id='block_1_17' title="bbox 247 1711 1736 1806">
    <p class='ocr_par' dir='ltr' id='par_1_17' title="bbox 247 1711 1736 1806">
     <span class='ocr_line' id='line_1_17' title="bbox 247 1711 1736 1806; baseline 0.021 -43"><span class='ocrx_word' id='word_1_98' title='bbox 247 1711 287 1764; x_wconf 89' lang='grc'><strong>1.</strong></span> <span class='ocrx_word' id='word_1_99' title='bbox 348 1712 668 1774; x_wconf 82' lang='lat' dir='ltr'><strong>Rationibus</strong></span> <span class='ocrx_word' id='word_1_100' title='bbox 719 1725 921 1780; x_wconf 86' lang='lat' dir='ltr'><strong>nostris</strong></span> <span class='ocrx_word' id='word_1_101' title='bbox 968 1729 1350 1803; x_wconf 86' lang='lat' dir='ltr'><strong>consulamus,</strong></span> <span class='ocrx_word' id='word_1_102' title='bbox 1391 1736 1736 1806; x_wconf 88' lang='lat' dir='ltr'><strong>charissimi,</strong></span> 
     </span>
    </p>
   </div>
   <div class='ocr_carea' id='block_1_18' title="bbox 170 1805 1734 1887">
    <p class='ocr_par' dir='ltr' id='par_1_18' title="bbox 170 1805 1734 1887">
     <span class='ocr_line' id='line_1_18' title="bbox 170 1805 1734 1887; baseline 0.021 -33"><span class='ocrx_word' id='word_1_103' title='bbox 170 1805 427 1870; x_wconf 84' lang='lat' dir='ltr'><strong>quoniam</strong></span> <span class='ocrx_word' id='word_1_104' title='bbox 476 1817 685 1879; x_wconf 83' lang='lat' dir='ltr'><strong>tempus</strong></span> <span class='ocrx_word' id='word_1_105' title='bbox 731 1814 892 1870; x_wconf 83' lang='lat' dir='ltr'><strong>breve</strong></span> <span class='ocrx_word' id='word_1_106' title='bbox 940 1828 1022 1871; x_wconf 90' lang='lat' dir='ltr'><strong>est</strong></span> <span class='ocrx_word' id='word_1_107' title='bbox 1052 1820 1119 1874; x_wconf 73' lang='grc'><strong>⁷⁵.</strong></span> <span class='ocrx_word' id='word_1_108' title='bbox 1159 1816 1355 1880; x_wconf 79' lang='lat' dir='ltr'><strong>Animo</strong></span> <span class='ocrx_word' id='word_1_109' title='bbox 1405 1842 1600 1886; x_wconf 84' lang='lat' dir='ltr'><strong>vacare</strong></span> <span class='ocrx_word' id='word_1_110' title='bbox 1632 1849 1734 1887; x_wconf 93' lang='lat' dir='ltr'><strong>non</strong></span> 
     </span>
    </p>
   </div>
   <div class='ocr_carea' id='block_1_19' title="bbox 171 1898 1810 2005">
    <p class='ocr_par' dir='ltr' id='par_1_19' title="bbox 171 1898 1810 2005">
     <span class='ocr_line' id='line_1_19' title="bbox 171 1898 1810 2005; baseline 0.021 -61"><span class='ocrx_word' id='word_1_111' title='bbox 171 1904 348 1962; x_wconf 85' lang='lat' dir='ltr'><strong>potest</strong></span> <span class='ocrx_word' id='word_1_112' title='bbox 371 1898 460 1966; x_wconf 88' lang='lat' dir='ltr'><strong>qui</strong></span> <span class='ocrx_word' id='word_1_113' title='bbox 493 1898 558 1953; x_wconf 90' lang='lat' dir='ltr'><strong>de</strong></span> <span class='ocrx_word' id='word_1_114' title='bbox 588 1916 813 1970; x_wconf 89' lang='lat' dir='ltr'><strong>corpore</strong></span> <span class='ocrx_word' id='word_1_115' title='bbox 845 1906 1117 1979; x_wconf 79' lang='lat' dir='ltr'><strong>sollicitus</strong></span> <span class='ocrx_word' id='word_1_116' title='bbox 1145 1920 1244 1967; x_wconf 87' lang='lat' dir='ltr'><strong>est.</strong></span> <span class='ocrx_word' id='word_1_117' title='bbox 1276 1913 1733 1981; x_wconf 86' lang='lat' dir='ltr'><strong>Quemadmodum</strong></span> <span class='ocrx_word' id='word_1_118' title='bbox 1769 1950 1810 2005; x_wconf 75' lang='grc' dir='ltr'><strong>Β</strong></span> 
     </span>
    </p>
   </div>
   <div class='ocr_carea' id='block_1_20' title="bbox 168 1994 1726 2076">
    <p class='ocr_par' dir='ltr' id='par_1_20' title="bbox 168 1994 1726 2076">
     <span class='ocr_line' id='line_1_20' title="bbox 168 1994 1726 2076; baseline 0.02 -38"><span class='ocrx_word' id='word_1_119' title='bbox 168 2001 327 2040; x_wconf 88' lang='lat' dir='ltr'><strong>nemo</strong></span> <span class='ocrx_word' id='word_1_120' title='bbox 375 1999 548 2058; x_wconf 87' lang='lat' dir='ltr'><strong>potest</strong></span> <span class='ocrx_word' id='word_1_121' title='bbox 601 1994 812 2048; x_wconf 87' lang='lat' dir='ltr'><strong>oculum</strong></span> <span class='ocrx_word' id='word_1_122' title='bbox 873 2015 1034 2054; x_wconf 91' lang='lat' dir='ltr'><strong>unum</strong></span> <span class='ocrx_word' id='word_1_123' title='bbox 1087 2005 1138 2057; x_wconf 91' lang='lat' dir='ltr'><strong>in</strong></span> <span class='ocrx_word' id='word_1_124' title='bbox 1171 2006 1364 2061; x_wconf 64' lang='lat' dir='ltr'><strong>caelum</strong></span> <span class='ocrx_word' id='word_1_125' title='bbox 1422 2011 1629 2076; x_wconf 89' lang='lat' dir='ltr'><strong>tollere,</strong></span> <span class='ocrx_word' id='word_1_126' title='bbox 1676 2025 1726 2069; x_wconf 88' lang='lat' dir='ltr'><strong>et</strong></span> 
     </span>
    </p>
   </div>
   <div class='ocr_carea' id='block_1_21' title="bbox 168 2075 1733 2170">
    <p class='ocr_par' dir='ltr' id='par_1_21' title="bbox 168 2075 1733 2170">
     <span class='ocr_line' id='line_1_21' title="bbox 168 2075 1733 2170; baseline 0.023 -44"><span class='ocrx_word' id='word_1_127' title='bbox 168 2075 396 2131; x_wconf 89' lang='lat' dir='ltr'><strong>alterum</strong></span> <span class='ocrx_word' id='word_1_128' title='bbox 429 2080 574 2136; x_wconf 89' lang='lat' dir='ltr'><strong>humi</strong></span> <span class='ocrx_word' id='word_1_129' title='bbox 609 2084 874 2155; x_wconf 84' lang='lat' dir='ltr'><strong>deligere;</strong></span> <span class='ocrx_word' id='word_1_130' title='bbox 904 2090 976 2144; x_wconf 90' lang='lat' dir='ltr'><strong>ita</strong></span> <span class='ocrx_word' id='word_1_131' title='bbox 1006 2109 1158 2150; x_wconf 88' lang='lat' dir='ltr'><strong>mens</strong></span> <span class='ocrx_word' id='word_1_132' title='bbox 1181 2092 1364 2166; x_wconf 88' lang='lat' dir='ltr'><strong>nequit</strong></span> <span class='ocrx_word' id='word_1_133' title='bbox 1393 2080 1512 2170; x_wconf 73' lang='lat' dir='ltr'><strong>qua:</strong></span> <span class='ocrx_word' id='word_1_134' title='bbox 1545 2075 1638 2160; x_wconf 88' lang='lat' dir='ltr'><strong>Dei</strong></span> <span class='ocrx_word' id='word_1_135' title='bbox 1677 2116 1733 2161; x_wconf 91' lang='lat' dir='ltr'><strong>et</strong></span> 
     </span>
    </p>
   </div>
   <div class='ocr_carea' id='block_1_22' title="bbox 165 2173 1728 2261">
    <p class='ocr_par' dir='ltr' id='par_1_22' title="bbox 165 2173 1728 2261">
     <span class='ocr_line' id='line_1_22' title="bbox 165 2173 1728 2261; baseline 0.023 -44"><span class='ocrx_word' id='word_1_136' title='bbox 165 2181 286 2235; x_wconf 65' lang='lat' dir='ltr'><strong>quae</strong></span> <span class='ocrx_word' id='word_1_137' title='bbox 312 2173 494 2226; x_wconf 92' lang='lat' dir='ltr'><strong>mundi</strong></span> <span class='ocrx_word' id='word_1_138' title='bbox 547 2183 669 2228; x_wconf 84' lang='lat' dir='ltr'><strong>sunt</strong></span> <span class='ocrx_word' id='word_1_139' title='bbox 700 2177 858 2232; x_wconf 85' lang='lat' dir='ltr'><strong>simul</strong></span> <span class='ocrx_word' id='word_1_140' title='bbox 885 2195 1096 2238; x_wconf 88' lang='lat' dir='ltr'><strong>curare.</strong></span> <span class='ocrx_word' id='word_1_141' title='bbox 1147 2187 1222 2244; x_wconf 90' lang='lat' dir='ltr'><strong>De</strong></span> <span class='ocrx_word' id='word_1_142' title='bbox 1260 2190 1326 2244; x_wconf 92' lang='lat' dir='ltr'><strong>iis</strong></span> <span class='ocrx_word' id='word_1_143' title='bbox 1356 2207 1474 2261; x_wconf 64' lang='lat' dir='ltr'><strong>quae</strong></span> <span class='ocrx_word' id='word_1_144' title='bbox 1504 2196 1596 2250; x_wconf 86' lang='lat' dir='ltr'><strong>tibi</strong></span> <span class='ocrx_word' id='word_1_145' title='bbox 1625 2213 1728 2254; x_wconf 92' lang='lat' dir='ltr'><strong>non</strong></span> 
     </span>
    </p>
   </div>
   <div class='ocr_carea' id='block_1_23' title="bbox 168 2264 1731 2350">
    <p class='ocr_par' dir='ltr' id='par_1_23' title="bbox 168 2264 1731 2350">
     <span class='ocr_line' id='line_1_23' title="bbox 168 2264 1731 2350; baseline 0.025 -43"><span class='ocrx_word' id='word_1_146' title='bbox 168 2268 412 2326; x_wconf 83' lang='lat' dir='ltr'><strong>prosunt,</strong></span> <span class='ocrx_word' id='word_1_147' title='bbox 443 2269 494 2315; x_wconf 89' lang='lat' dir='ltr'><strong>te</strong></span> <span class='ocrx_word' id='word_1_148' title='bbox 525 2264 657 2318; x_wconf 89' lang='lat' dir='ltr'><strong>adeo</strong></span> <span class='ocrx_word' id='word_1_149' title='bbox 685 2266 850 2324; x_wconf 86' lang='lat' dir='ltr'><strong>fuisse</strong></span> <span class='ocrx_word' id='word_1_150' title='bbox 870 2271 1161 2330; x_wconf 89' lang='lat' dir='ltr'><strong>sollicitum</strong></span> <span class='ocrx_word' id='word_1_151' title='bbox 1207 2282 1516 2350; x_wconf 89' lang='lat' dir='ltr'><strong>erubesces,</strong></span> <span class='ocrx_word' id='word_1_152' title='bbox 1546 2303 1666 2342; x_wconf 92' lang='lat' dir='ltr'><strong>cum</strong></span> <span class='ocrx_word' id='word_1_153' title='bbox 1701 2307 1731 2346; x_wconf 95' lang='lat' dir='ltr'><strong>e</strong></span> 
     </span>
    </p>
   </div>
   <div class='ocr_carea' id='block_1_24' title="bbox 167 2357 1729 2448">
    <p class='ocr_par' dir='ltr' id='par_1_24' title="bbox 167 2357 1729 2448">
     <span class='ocr_line' id='line_1_24' title="bbox 167 2357 1729 2448; baseline 0.024 -49"><span class='ocrx_word' id='word_1_154' title='bbox 167 2362 393 2417; x_wconf 89' lang='lat' dir='ltr'><strong>corpore</strong></span> <span class='ocrx_word' id='word_1_155' title='bbox 415 2357 735 2412; x_wconf 87' lang='lat' dir='ltr'><strong>excesseris.</strong></span> <span class='ocrx_word' id='word_1_156' title='bbox 765 2358 930 2416; x_wconf 88' lang='lat' dir='ltr'><strong>Deum</strong></span> <span class='ocrx_word' id='word_1_157' title='bbox 968 2366 1118 2431; x_wconf 91' lang='lat' dir='ltr'><strong>time,</strong></span> <span class='ocrx_word' id='word_1_158' title='bbox 1149 2371 1238 2437; x_wconf 90' lang='lat' dir='ltr'><strong>qui</strong></span> <span class='ocrx_word' id='word_1_159' title='bbox 1274 2381 1395 2429; x_wconf 89' lang='lat' dir='ltr'><strong>tuas</strong></span> <span class='ocrx_word' id='word_1_160' title='bbox 1445 2380 1729 2448; x_wconf 84' lang='lat' dir='ltr'><strong>cogitatio-</strong></span> 
     </span>
    </p>
   </div>
   <div class='ocr_carea' id='block_1_25' title="bbox 166 2438 1728 2540">
    <p class='ocr_par' dir='ltr' id='par_1_25' title="bbox 166 2438 1728 2540">
     <span class='ocr_line' id='line_1_25' title="bbox 166 2438 1728 2540; baseline 0.026 -52"><span class='ocrx_word' id='word_1_161' title='bbox 166 2452 262 2490; x_wconf 85' lang='lat' dir='ltr'><strong>nes</strong></span> <span class='ocrx_word' id='word_1_162' title='bbox 285 2438 534 2496; x_wconf 88' lang='lat' dir='ltr'><strong>intuetur.</strong></span> <span class='ocrx_word' id='word_1_163' title='bbox 556 2444 684 2511; x_wconf 70' lang='lat' dir='ltr'><strong>Qua:</strong></span> <span class='ocrx_word' id='word_1_164' title='bbox 705 2463 886 2504; x_wconf 91' lang='lat' dir='ltr'><strong>coram</strong></span> <span class='ocrx_word' id='word_1_165' title='bbox 914 2455 1216 2513; x_wconf 91' lang='lat' dir='ltr'><strong>hominibus</strong></span> <span class='ocrx_word' id='word_1_166' title='bbox 1240 2459 1417 2520; x_wconf 87' lang='lat' dir='ltr'><strong>facere</strong></span> <span class='ocrx_word' id='word_1_167' title='bbox 1434 2438 1728 2540; x_wconf 79' lang='lat' dir='ltr'><strong>erubescis,</strong></span> 
     </span>
    </p>
   </div>
   <div class='ocr_carea' id='block_1_26' title="bbox 165 2532 1728 2618">
    <p class='ocr_par' dir='ltr' id='par_1_26' title="bbox 165 2532 1728 2618">
     <span class='ocr_line' id='line_1_26' title="bbox 165 2532 1728 2618; baseline 0.024 -37"><span class='ocrx_word' id='word_1_168' title='bbox 165 2543 227 2581; x_wconf 90' lang='lat' dir='ltr'><strong>ea</strong></span> <span class='ocrx_word' id='word_1_169' title='bbox 252 2538 307 2583; x_wconf 94' lang='lat' dir='ltr'><strong>et</strong></span> <span class='ocrx_word' id='word_1_170' title='bbox 338 2532 546 2588; x_wconf 89' lang='lat' dir='ltr'><strong>occulte</strong></span> <span class='ocrx_word' id='word_1_171' title='bbox 572 2539 811 2606; x_wconf 83' lang='lat' dir='ltr'><strong>cogitare</strong></span> <span class='ocrx_word' id='word_1_172' title='bbox 844 2552 997 2614; x_wconf 89' lang='lat' dir='ltr'><strong>turpe</strong></span> <span class='ocrx_word' id='word_1_173' title='bbox 1022 2559 1168 2615; x_wconf 91' lang='lat' dir='ltr'><strong>puta.</strong></span> <span class='ocrx_word' id='word_1_174' title='bbox 1197 2550 1266 2606; x_wconf 93' lang='lat' dir='ltr'><strong>Ut</strong></span> <span class='ocrx_word' id='word_1_175' title='bbox 1286 2557 1447 2612; x_wconf 91' lang='lat' dir='ltr'><strong>arbor</strong></span> <span class='ocrx_word' id='word_1_176' title='bbox 1463 2574 1525 2614; x_wconf 81' lang='lat' dir='ltr'><strong>ex</strong></span> <span class='ocrx_word' id='word_1_177' title='bbox 1553 2532 1728 2618; x_wconf 79' lang='lat' dir='ltr'><strong>fructu</strong></span> 
     </span>
    </p>
   </div>
   <div class='ocr_carea' id='block_1_27' title="bbox 164 2623 1729 2718">
    <p class='ocr_par' dir='ltr' id='par_1_27' title="bbox 164 2623 1729 2718">
     <span class='ocr_line' id='line_1_27' title="bbox 164 2623 1729 2718; baseline 0.026 -48"><span class='ocrx_word' id='word_1_178' title='bbox 164 2623 526 2692; x_wconf 71' lang='lat' dir='ltr'><strong>cognoscitur,</strong></span> <span class='ocrx_word' id='word_1_179' title='bbox 555 2631 633 2683; x_wconf 91' lang='lat' dir='ltr'><strong>sic</strong></span> <span class='ocrx_word' id='word_1_180' title='bbox 661 2645 725 2683; x_wconf 82' lang='lat' dir='ltr'><strong>ex</strong></span> <span class='ocrx_word' id='word_1_181' title='bbox 758 2635 1079 2702; x_wconf 80' lang='lat' dir='ltr'><strong>cogitatione</strong></span> <span class='ocrx_word' id='word_1_182' title='bbox 1112 2657 1264 2700; x_wconf 90' lang='lat' dir='ltr'><strong>mens</strong></span> <span class='ocrx_word' id='word_1_183' title='bbox 1313 2649 1489 2714; x_wconf 88' lang='lat' dir='ltr'><strong>qualis</strong></span> <span class='ocrx_word' id='word_1_184' title='bbox 1519 2652 1610 2718; x_wconf 88' lang='lat' dir='ltr'><strong>sit,</strong></span> <span class='ocrx_word' id='word_1_185' title='bbox 1648 2657 1729 2709; x_wconf 93' lang='lat' dir='ltr'><strong>in-</strong></span> 
     </span>
    </p>
   </div>
   <div class='ocr_carea' id='block_1_28' title="bbox 167 2709 1728 2812">
    <p class='ocr_par' dir='ltr' id='par_1_28' title="bbox 167 2709 1728 2812">
     <span class='ocr_line' id='line_1_28' title="bbox 167 2709 1728 2812; baseline 0.026 -53"><span class='ocrx_word' id='word_1_186' title='bbox 167 2709 438 2779; x_wconf 83' lang='lat' dir='ltr'><strong>telligitur.</strong></span> <span class='ocrx_word' id='word_1_187' title='bbox 467 2715 713 2781; x_wconf 88' lang='lat' dir='ltr'><strong>Quandiu</strong></span> <span class='ocrx_word' id='word_1_188' title='bbox 741 2735 962 2790; x_wconf 90' lang='lat' dir='ltr'><strong>peccato</strong></span> <span class='ocrx_word' id='word_1_189' title='bbox 993 2738 1165 2796; x_wconf 88' lang='lat' dir='ltr'><strong>pates,</strong></span> <span class='ocrx_word' id='word_1_190' title='bbox 1204 2749 1270 2788; x_wconf 92' lang='lat' dir='ltr'><strong>ne</strong></span> <span class='ocrx_word' id='word_1_191' title='bbox 1295 2709 1346 2790; x_wconf 80' lang='lat' dir='ltr'><strong>te</strong></span> <span class='ocrx_word' id='word_1_192' title='bbox 1377 2709 1609 2795; x_wconf 71' lang='lat' dir='ltr'><strong>liberuui</strong></span> <span class='ocrx_word' id='word_1_193' title='bbox 1631 2761 1728 2812; x_wconf 83' lang='lat' dir='ltr'><strong>pu—</strong></span> 
     </span>
    </p>
   </div>
   <div class='ocr_carea' id='block_1_29' title="bbox 165 2802 1730 2899">
    <p class='ocr_par' dir='ltr' id='par_1_29' title="bbox 165 2802 1730 2899">
     <span class='ocr_line' id='line_1_29' title="bbox 165 2802 1730 2899; baseline 0.024 -49"><span class='ocrx_word' id='word_1_194' title='bbox 165 2806 262 2852; x_wconf 89' lang='lat' dir='ltr'><strong>tes.</strong></span> <span class='ocrx_word' id='word_1_195' title='bbox 288 2802 387 2867; x_wconf 88' lang='lat' dir='ltr'><strong>Qui</strong></span> <span class='ocrx_word' id='word_1_196' title='bbox 421 2819 548 2860; x_wconf 91' lang='lat' dir='ltr'><strong>vera</strong></span> <span class='ocrx_word' id='word_1_197' title='bbox 579 2808 774 2864; x_wconf 79' lang='lat' dir='ltr'><strong>fruitur</strong></span> <span class='ocrx_word' id='word_1_198' title='bbox 801 2813 1073 2886; x_wconf 89' lang='lat' dir='ltr'><strong>libertate,</strong></span> <span class='ocrx_word' id='word_1_199' title='bbox 1100 2821 1143 2875; x_wconf 93' lang='lat' dir='ltr'><strong>is</strong></span> <span class='ocrx_word' id='word_1_200' title='bbox 1174 2823 1226 2876; x_wconf 92' lang='lat' dir='ltr'><strong>in</strong></span> <span class='ocrx_word' id='word_1_201' title='bbox 1251 2840 1438 2882; x_wconf 89' lang='lat' dir='ltr'><strong>eorum</strong></span> <span class='ocrx_word' id='word_1_202' title='bbox 1469 2845 1586 2899; x_wconf 75' lang='lat' dir='ltr'><strong>quae</strong></span> <span class='ocrx_word' id='word_1_203' title='bbox 1616 2802 1730 2887; x_wconf 70' lang='lat' dir='ltr'><strong>tur-</strong></span> 
     </span>
    </p>
   </div>
   <div class='ocr_carea' id='block_1_30' title="bbox 164 2889 1728 2979">
    <p class='ocr_par' dir='ltr' id='par_1_30' title="bbox 164 2889 1728 2979">
     <span class='ocr_line' id='line_1_30' title="bbox 164 2889 1728 2979; baseline 0.026 -41"><span class='ocrx_word' id='word_1_204' title='bbox 164 2889 302 2953; x_wconf 87' lang='lat' dir='ltr'><strong>piter</strong></span> <span class='ocrx_word' id='word_1_205' title='bbox 333 2891 568 2962; x_wconf 87' lang='lat' dir='ltr'><strong>admisit,</strong></span> <span class='ocrx_word' id='word_1_206' title='bbox 626 2902 970 2961; x_wconf 87' lang='lat' dir='ltr'><strong>meditatione</strong></span> <span class='ocrx_word' id='word_1_207' title='bbox 1022 2925 1126 2965; x_wconf 93' lang='lat' dir='ltr'><strong>non</strong></span> <span class='ocrx_word' id='word_1_208' title='bbox 1165 2912 1498 2974; x_wconf 86' lang='lat' dir='ltr'><strong>immoratur.</strong></span> <span class='ocrx_word' id='word_1_209' title='bbox 1552 2922 1630 2977; x_wconf 88' lang='lat' dir='ltr'><strong>Ne</strong></span> <span class='ocrx_word' id='word_1_210' title='bbox 1677 2934 1728 2979; x_wconf 86' lang='lat' dir='ltr'><strong>te</strong></span> 
     </span>
    </p>
   </div>
   <div class='ocr_carea' id='block_1_31' title="bbox 161 2979 1727 3082">
    <p class='ocr_par' dir='ltr' id='par_1_31' title="bbox 161 2979 1727 3082">
     <span class='ocr_line' id='line_1_31' title="bbox 161 2979 1727 3082; baseline 0.026 -50"><span class='ocrx_word' id='word_1_211' title='bbox 161 2979 327 3047; x_wconf 82' lang='lat' dir='ltr'><strong>igitur</strong></span> <span class='ocrx_word' id='word_1_212' title='bbox 351 2984 580 3044; x_wconf 88' lang='lat' dir='ltr'><strong>liberum</strong></span> <span class='ocrx_word' id='word_1_213' title='bbox 624 2994 873 3052; x_wconf 81' lang='lat' dir='ltr'><strong>existima</strong></span> <span class='ocrx_word' id='word_1_214' title='bbox 895 3039 910 3065; x_wconf 94' lang='lat'><strong>,</strong></span> <span class='ocrx_word' id='word_1_215' title='bbox 953 3002 1122 3058; x_wconf 91' lang='lat' dir='ltr'><strong>donec</strong></span> <span class='ocrx_word' id='word_1_216' title='bbox 1152 3003 1437 3065; x_wconf 88' lang='lat' dir='ltr'><strong>Dominum</strong></span> <span class='ocrx_word' id='word_1_217' title='bbox 1466 3028 1727 3082; x_wconf 81' lang='lat' dir='ltr'><strong>provocas</strong></span> 
     </span>
    </p>
   </div>
   <div class='ocr_carea' id='block_1_32' title="bbox 160 3073 1726 3173">
    <p class='ocr_par' dir='ltr' id='par_1_32' title="bbox 160 3073 1726 3173">
     <span class='ocr_line' id='line_1_32' title="bbox 160 3073 1726 3173; baseline 0.026 -49"><span class='ocrx_word' id='word_1_218' title='bbox 160 3073 228 3125; x_wconf 87' lang='lat' dir='ltr'><strong>ad</strong></span> <span class='ocrx_word' id='word_1_219' title='bbox 274 3075 713 3147; x_wconf 80' lang='lat' dir='ltr'><strong>indignationem.</strong></span> <span class='ocrx_word' id='word_1_220' title='bbox 747 3085 996 3148; x_wconf 86' lang='lat' dir='ltr'><strong>Libertas</strong></span> <span class='ocrx_word' id='word_1_221' title='bbox 1031 3110 1134 3151; x_wconf 92' lang='lat' dir='ltr'><strong>non</strong></span> <span class='ocrx_word' id='word_1_222' title='bbox 1165 3098 1400 3168; x_wconf 88' lang='lat' dir='ltr'><strong>advenit,</strong></span> <span class='ocrx_word' id='word_1_223' title='bbox 1432 3073 1572 3173; x_wconf 75' lang='lat' dir='ltr'><strong>quod</strong></span> <span class='ocrx_word' id='word_1_224' title='bbox 1608 3111 1726 3164; x_wconf 87' lang='lat' dir='ltr'><strong>ani-</strong></span> 
     </span>
    </p>
   </div>
   <div class='ocr_carea' id='block_1_33' title="bbox 159 3169 1721 3268">
    <p class='ocr_par' dir='ltr' id='par_1_33' title="bbox 159 3169 1721 3268">
     <span class='ocr_line' id='line_1_33' title="bbox 159 3169 1721 3268; baseline 0.026 -51"><span class='ocrx_word' id='word_1_225' title='bbox 159 3179 280 3220; x_wconf 87' lang='lat' dir='ltr'><strong>tnus</strong></span> <span class='ocrx_word' id='word_1_226' title='bbox 313 3169 513 3237; x_wconf 82' lang='lat' dir='ltr'><strong>aliquid</strong></span> <span class='ocrx_word' id='word_1_227' title='bbox 537 3187 722 3230; x_wconf 91' lang='lat' dir='ltr'><strong>eorum</strong></span> <span class='ocrx_word' id='word_1_228' title='bbox 747 3193 863 3246; x_wconf 68' lang='lat' dir='ltr'><strong>qua:</strong></span> <span class='ocrx_word' id='word_1_229' title='bbox 891 3183 944 3236; x_wconf 92' lang='lat' dir='ltr'><strong>in</strong></span> <span class='ocrx_word' id='word_1_230' title='bbox 977 3189 1175 3244; x_wconf 91' lang='lat' dir='ltr'><strong>mundo</strong></span> <span class='ocrx_word' id='word_1_231' title='bbox 1200 3201 1346 3255; x_wconf 88' lang='lat' dir='ltr'><strong>sunt,</strong></span> <span class='ocrx_word' id='word_1_232' title='bbox 1367 3169 1721 3268; x_wconf 84' lang='lat' dir='ltr'><strong>concupiscit.</strong></span> 
     </span>
    </p>
   </div>
   <div class='ocr_carea' id='block_1_34' title="bbox 160 3253 1794 3374">
    <p class='ocr_par' dir='ltr' id='par_1_34' title="bbox 160 3253 1794 3374">
     <span class='ocr_line' id='line_1_34' title="bbox 160 3253 1794 3374; baseline 0.023 -66"><span class='ocrx_word' id='word_1_233' title='bbox 160 3253 236 3308; x_wconf 85' lang='lat' dir='ltr'><strong>Ea</strong></span> <span class='ocrx_word' id='word_1_234' title='bbox 271 3265 322 3312; x_wconf 93' lang='lat' dir='ltr'><strong>te</strong></span> <span class='ocrx_word' id='word_1_235' title='bbox 352 3273 477 3314; x_wconf 87' lang='lat' dir='ltr'><strong>cura</strong></span> <span class='ocrx_word' id='word_1_236' title='bbox 503 3264 777 3333; x_wconf 86' lang='lat' dir='ltr'><strong>sollicitet,</strong></span> <span class='ocrx_word' id='word_1_237' title='bbox 808 3275 951 3338; x_wconf 91' lang='lat' dir='ltr'><strong>quod</strong></span> <span class='ocrx_word' id='word_1_238' title='bbox 980 3290 1384 3338; x_wconf 84' lang='lat' dir='ltr'><strong>resurrecturus</strong></span> <span class='ocrx_word' id='word_1_239' title='bbox 1415 3285 1514 3352; x_wconf 87' lang='lat' dir='ltr'><strong>sis,</strong></span> <span class='ocrx_word' id='word_1_240' title='bbox 1541 3253 1593 3342; x_wconf 75' lang='lat' dir='ltr'><strong>et</strong></span> <span class='ocrx_word' id='word_1_241' title='bbox 1616 3290 1723 3346; x_wconf 86' lang='lat' dir='ltr'><strong>Deo</strong></span> <span class='ocrx_word' id='word_1_242' title='bbox 1749 3316 1794 3374; x_wconf 69' lang='grc' dir='ltr'>ο</span> 
     </span>
     <span class='ocr_line' id='line_1_35' title="bbox 160 3347 1320 3374; baseline 0 0"><span class='ocrx_word' id='word_1_243' title='bbox 160 3347 420 3374; x_wconf 46' lang='lat' dir='ltr'><strong>marha--.“</strong></span> <span class='ocrx_word' id='word_1_244' title='bbox 473 3354 707 3374; x_wconf 57' lang='lat' dir='ltr'><strong>___ls!.,,_,</strong></span> <span class='ocrx_word' id='word_1_245' title='bbox 850 3361 887 3374; x_wconf 66' lang='grc' dir='ltr'><strong>ιιι</strong></span> <span class='ocrx_word' id='word_1_246' title='bbox 1071 3367 1081 3374; x_wconf 90' lang='grc'>.</span> <span class='ocrx_word' id='word_1_247' title='bbox 1310 3371 1320 3374; x_wconf 79' lang='grc'><strong>-</strong></span> 
     </span>
    </p>
   </div>
   <div class='ocr_carea' id='block_1_35' title="bbox 159 3347 1725 3450">
    <p class='ocr_par' dir='ltr' id='par_1_35' title="bbox 159 3347 1725 3450">
     <span class='ocr_line' id='line_1_36' title="bbox 159 3347 1725 3450; baseline 0.025 -53"><span class='ocrx_word' id='word_1_248' title='bbox 159 3347 422 3404; x_wconf 90' lang='lat' dir='ltr'><strong>rationem</strong></span> <span class='ocrx_word' id='word_1_249' title='bbox 473 3354 800 3413; x_wconf 82' lang='lat' dir='ltr'><strong>redditurus.</strong></span> <span class='ocrx_word' id='word_1_250' title='bbox 848 3361 1013 3418; x_wconf 86' lang='lat' dir='ltr'><strong>Deum</strong></span> <span class='ocrx_word' id='word_1_251' title='bbox 1048 3367 1196 3435; x_wconf 90' lang='lat' dir='ltr'><strong>time,</strong></span> <span class='ocrx_word' id='word_1_252' title='bbox 1232 3371 1321 3440; x_wconf 90' lang='lat' dir='ltr'><strong>qui</strong></span> <span class='ocrx_word' id='word_1_253' title='bbox 1351 3347 1557 3446; x_wconf 81' lang='lat' dir='ltr'><strong>singula</strong></span> <span class='ocrx_word' id='word_1_254' title='bbox 1606 3397 1725 3450; x_wconf 71' lang='lat' dir='ltr'><strong>qua:</strong></span> 
     </span>
    </p>
   </div>
   <div class='ocr_carea' id='block_1_36' title="bbox 157 3434 1726 3534">
    <p class='ocr_par' dir='ltr' id='par_1_36' title="bbox 157 3434 1726 3534">
     <span class='ocr_line' id='line_1_37' title="bbox 157 3434 1726 3534; baseline 0.027 -48"><span class='ocrx_word' id='word_1_255' title='bbox 157 3434 354 3504; x_wconf 79' lang='lat' dir='ltr'><strong>fecisti,</strong></span> <span class='ocrx_word' id='word_1_256' title='bbox 377 3439 715 3506; x_wconf 84' lang='lat' dir='ltr'><strong>judicaturus</strong></span> <span class='ocrx_word' id='word_1_257' title='bbox 738 3458 843 3508; x_wconf 90' lang='lat' dir='ltr'><strong>est.</strong></span> <span class='ocrx_word' id='word_1_258' title='bbox 869 3452 968 3518; x_wconf 89' lang='lat' dir='ltr'><strong>Qui</strong></span> <span class='ocrx_word' id='word_1_259' title='bbox 989 3463 1099 3509; x_wconf 89' lang='lat' dir='ltr'><strong>tam</strong></span> <span class='ocrx_word' id='word_1_260' title='bbox 1129 3434 1390 3518; x_wconf 77' lang='lat' dir='ltr'><strong>sollicitus</strong></span> <span class='ocrx_word' id='word_1_261' title='bbox 1421 3434 1503 3534; x_wconf 60' lang='lat' dir='ltr'><strong>e2,</strong></span> <span class='ocrx_word' id='word_1_262' title='bbox 1529 3469 1574 3523; x_wconf 91' lang='lat' dir='ltr'><strong>si</strong></span> <span class='ocrx_word' id='word_1_263' title='bbox 1604 3434 1726 3526; x_wconf 71' lang='lat' dir='ltr'><strong>cor-</strong></span> 
     </span>
    </p>
   </div>
   <div class='ocr_carea' id='block_1_37' title="bbox 154 3537 1725 3617">
    <p class='ocr_par' dir='ltr' id='par_1_37' title="bbox 154 3537 1725 3617">
     <span class='ocr_line' id='line_1_38' title="bbox 154 3537 1725 3617; baseline 0.026 -40"><span class='ocrx_word' id='word_1_264' title='bbox 154 3539 262 3593; x_wconf 83' lang='lat' dir='ltr'><strong>pns</strong></span> <span class='ocrx_word' id='word_1_265' title='bbox 287 3540 528 3599; x_wconf 70' lang='lat' dir='ltr'><strong>aegrotat,</strong></span> <span class='ocrx_word' id='word_1_266' title='bbox 567 3545 624 3590; x_wconf 92' lang='lat' dir='ltr'><strong>ut</strong></span> <span class='ocrx_word' id='word_1_267' title='bbox 657 3537 784 3594; x_wconf 88' lang='lat' dir='ltr'><strong>illud</strong></span> <span class='ocrx_word' id='word_1_268' title='bbox 816 3556 1012 3599; x_wconf 88' lang='lat' dir='ltr'><strong>cures:</strong></span> <span class='ocrx_word' id='word_1_269' title='bbox 1045 3563 1142 3603; x_wconf 91' lang='lat' dir='ltr'><strong>cur</strong></span> <span class='ocrx_word' id='word_1_270' title='bbox 1167 3565 1271 3605; x_wconf 91' lang='lat' dir='ltr'><strong>non</strong></span> <span class='ocrx_word' id='word_1_271' title='bbox 1290 3557 1475 3612; x_wconf 90' lang='lat' dir='ltr'><strong>studes</strong></span> <span class='ocrx_word' id='word_1_272' title='bbox 1499 3560 1619 3615; x_wconf 90' lang='lat' dir='ltr'><strong>utin</strong></span> <span class='ocrx_word' id='word_1_273' title='bbox 1640 3577 1725 3617; x_wconf 90' lang='lat' dir='ltr'><strong>re-</strong></span> 
     </span>
    </p>
   </div>
   <div class='ocr_carea' id='block_1_38' title="bbox 155 3621 1721 3719">
    <p class='ocr_par' dir='ltr' id='par_1_38' title="bbox 155 3621 1721 3719">
     <span class='ocr_line' id='line_1_39' title="bbox 155 3621 1721 3719; baseline 0.023 -50"><span class='ocrx_word' id='word_1_274' title='bbox 155 3622 491 3676; x_wconf 88' lang='lat' dir='ltr'><strong>surrectione</strong></span> <span class='ocrx_word' id='word_1_275' title='bbox 527 3621 744 3682; x_wconf 86' lang='lat' dir='ltr'><strong>beatum</strong></span> <span class='ocrx_word' id='word_1_276' title='bbox 769 3629 1065 3690; x_wconf 72' lang='lat' dir='ltr'><strong>efﬁciatur?</strong></span> <span class='ocrx_word' id='word_1_277' title='bbox 1112 3638 1380 3710; x_wconf 90' lang='lat' dir='ltr'><strong>Quotidie,</strong></span> <span class='ocrx_word' id='word_1_278' title='bbox 1433 3657 1721 3719; x_wconf 90' lang='lat' dir='ltr'><strong>antequam</strong></span> 
     </span>
    </p>
   </div>
   <div class='ocr_carea' id='block_1_39' title="bbox 159 3708 1722 3809">
    <p class='ocr_par' dir='ltr' id='par_1_39' title="bbox 159 3708 1722 3809">
     <span class='ocr_line' id='line_1_40' title="bbox 159 3708 1722 3809; baseline 0.025 -52"><span class='ocrx_word' id='word_1_279' title='bbox 159 3708 267 3759; x_wconf 91' lang='lat' dir='ltr'><strong>Deo</strong></span> <span class='ocrx_word' id='word_1_280' title='bbox 313 3724 501 3777; x_wconf 88' lang='lat' dir='ltr'><strong>preces</strong></span> <span class='ocrx_word' id='word_1_281' title='bbox 551 3715 818 3785; x_wconf 79' lang='lat' dir='ltr'><strong>ell‘undas,</strong></span> <span class='ocrx_word' id='word_1_282' title='bbox 873 3732 1049 3779; x_wconf 90' lang='lat' dir='ltr'><strong>tecum</strong></span> <span class='ocrx_word' id='word_1_283' title='bbox 1098 3728 1213 3796; x_wconf 89' lang='lat' dir='ltr'><strong>ipse</strong></span> <span class='ocrx_word' id='word_1_284' title='bbox 1264 3708 1546 3792; x_wconf 85' lang='lat' dir='ltr'><strong>considera</strong></span> <span class='ocrx_word' id='word_1_285' title='bbox 1577 3708 1722 3809; x_wconf 77' lang='lat' dir='ltr'><strong>quod</strong></span> 
     </span>
    </p>
   </div>
   <div class='ocr_carea' id='block_1_40' title="bbox 152 3798 1725 3887">
    <p class='ocr_par' dir='ltr' id='par_1_40' title="bbox 152 3798 1725 3887">
     <span class='ocr_line' id='line_1_41' title="bbox 152 3798 1725 3887; baseline 0.025 -39"><span class='ocrx_word' id='word_1_286' title='bbox 152 3798 343 3852; x_wconf 77' lang='lat' dir='ltr'><strong>vitium</strong></span> <span class='ocrx_word' id='word_1_287' title='bbox 367 3805 660 3870; x_wconf 90' lang='lat' dir='ltr'><strong>superaris.</strong></span> <span class='ocrx_word' id='word_1_288' title='bbox 690 3809 1150 3875; x_wconf 82' lang='lat' dir='ltr'><strong>Quemadmodum</strong></span> <span class='ocrx_word' id='word_1_289' title='bbox 1181 3828 1326 3876; x_wconf 89' lang='lat' dir='ltr'><strong>terra</strong></span> <span class='ocrx_word' id='word_1_290' title='bbox 1369 3825 1486 3881; x_wconf 91' lang='lat' dir='ltr'><strong>sine</strong></span> <span class='ocrx_word' id='word_1_291' title='bbox 1520 3798 1725 3887; x_wconf 80' lang='lat' dir='ltr'><strong>semine</strong></span> 
     </span>
    </p>
   </div>
   <div class='ocr_carea' id='block_1_41' title="bbox 151 3895 1725 3991">
    <p class='ocr_par' dir='ltr' id='par_1_41' title="bbox 151 3895 1725 3991">
     <span class='ocr_line' id='line_1_42' title="bbox 151 3895 1725 3991; baseline 0.024 -49"><span class='ocrx_word' id='word_1_292' title='bbox 151 3901 205 3943; x_wconf 89' lang='lat' dir='ltr'><strong>et</strong></span> <span class='ocrx_word' id='word_1_293' title='bbox 231 3908 367 3961; x_wconf 88' lang='lat' dir='ltr'><strong>aqua</strong></span> <span class='ocrx_word' id='word_1_294' title='bbox 401 3895 632 3952; x_wconf 88' lang='lat' dir='ltr'><strong>fructum</strong></span> <span class='ocrx_word' id='word_1_295' title='bbox 665 3899 810 3956; x_wconf 88' lang='lat' dir='ltr'><strong>ferre</strong></span> <span class='ocrx_word' id='word_1_296' title='bbox 837 3918 942 3959; x_wconf 92' lang='lat' dir='ltr'><strong>non</strong></span> <span class='ocrx_word' id='word_1_297' title='bbox 986 3917 1160 3977; x_wconf 89' lang='lat' dir='ltr'><strong>potest</strong></span> <span class='ocrx_word' id='word_1_298' title='bbox 1191 3927 1204 3963; x_wconf 93' lang='lat'>:</span> <span class='ocrx_word' id='word_1_299' title='bbox 1241 3915 1319 3968; x_wconf 91' lang='lat' dir='ltr'><strong>sic</strong></span> <span class='ocrx_word' id='word_1_300' title='bbox 1347 3930 1508 3985; x_wconf 88' lang='lat' dir='ltr'><strong>agere</strong></span> <span class='ocrx_word' id='word_1_301' title='bbox 1540 3924 1725 3991; x_wconf 90' lang='lat' dir='ltr'><strong>nequit</strong></span> 
     </span>
    </p>
   </div>
   <div class='ocr_carea' id='block_1_42' title="bbox 154 3983 1724 4075">
    <p class='ocr_par' dir='ltr' id='par_1_42' title="bbox 154 3983 1724 4075">
     <span class='ocr_line' id='line_1_43' title="bbox 154 3983 1724 4075; baseline 0.02 -40"><span class='ocrx_word' id='word_1_302' title='bbox 154 3983 314 4038; x_wconf 89' lang='lat' dir='ltr'><strong>homo</strong></span> <span class='ocrx_word' id='word_1_303' title='bbox 348 3988 717 4054; x_wconf 77' lang='lat' dir='ltr'><strong>paenitentiam</strong></span> <span class='ocrx_word' id='word_1_304' title='bbox 750 3993 866 4048; x_wconf 89' lang='lat' dir='ltr'><strong>sine</strong></span> <span class='ocrx_word' id='word_1_305' title='bbox 892 3996 1196 4055; x_wconf 75' lang='lat' dir='ltr'><strong>humilitate</strong></span> <span class='ocrx_word' id='word_1_306' title='bbox 1227 4012 1280 4057; x_wconf 87' lang='lat' dir='ltr'><strong>et</strong></span> <span class='ocrx_word' id='word_1_307' title='bbox 1317 3983 1558 4075; x_wconf 76' lang='lat' dir='ltr'><strong>corporis</strong></span> <span class='ocrx_word' id='word_1_308' title='bbox 1591 3983 1724 4067; x_wconf 80' lang='lat' dir='ltr'><strong>ailli-</strong></span> 
     </span>
    </p>
   </div>
   <div class='ocr_carea' id='block_1_43' title="bbox 151 4075 1722 4159">
    <p class='ocr_par' dir='ltr' id='par_1_43' title="bbox 151 4075 1722 4159">
     <span class='ocr_line' id='line_1_44' title="bbox 151 4075 1722 4159; baseline 0.019 -32"><span class='ocrx_word' id='word_1_309' title='bbox 151 4075 353 4131; x_wconf 91' lang='lat' dir='ltr'><strong>ctione.</strong></span> <span class='ocrx_word' id='word_1_310' title='bbox 391 4079 544 4134; x_wconf 85' lang='lat' dir='ltr'><strong>Aeris</strong></span> <span class='ocrx_word' id='word_1_311' title='bbox 578 4079 889 4139; x_wconf 82' lang='lat' dir='ltr'><strong>circumfusi</strong></span> <span class='ocrx_word' id='word_1_312' title='bbox 921 4097 975 4141; x_wconf 93' lang='lat' dir='ltr'><strong>et</strong></span> <span class='ocrx_word' id='word_1_313' title='bbox 1014 4090 1272 4159; x_wconf 82' lang='lat' dir='ltr'><strong>spirantis</strong></span> <span class='ocrx_word' id='word_1_314' title='bbox 1314 4095 1493 4153; x_wconf 82' lang='lat' dir='ltr'><strong>atiiatu</strong></span> <span class='ocrx_word' id='word_1_315' title='bbox 1529 4102 1722 4158; x_wconf 88' lang='lat' dir='ltr'><strong>llorent</strong></span> 
     </span>
    </p>
   </div>
   <div class='ocr_carea' id='block_1_44' title="bbox 151 4167 1718 4249">
    <p class='ocr_par' dir='ltr' id='par_1_44' title="bbox 151 4167 1718 4249">
     <span class='ocr_line' id='line_1_45' title="bbox 151 4167 1718 4249; baseline 0.02 -32"><span class='ocrx_word' id='word_1_316' title='bbox 151 4167 390 4233; x_wconf 77' lang='lat' dir='ltr'><strong>germina</strong></span> <span class='ocrx_word' id='word_1_317' title='bbox 422 4186 436 4223; x_wconf 89' lang='lat'><strong>:</strong></span> <span class='ocrx_word' id='word_1_318' title='bbox 471 4178 526 4224; x_wconf 90' lang='lat' dir='ltr'><strong>et</strong></span> <span class='ocrx_word' id='word_1_319' title='bbox 555 4169 927 4230; x_wconf 82' lang='lat' dir='ltr'><strong>mandatorum</strong></span> <span class='ocrx_word' id='word_1_320' title='bbox 957 4179 1298 4239; x_wconf 86' lang='lat' dir='ltr'><strong>observantia</strong></span> <span class='ocrx_word' id='word_1_321' title='bbox 1339 4187 1492 4244; x_wconf 82' lang='lat' dir='ltr'><strong>floret</strong></span> <span class='ocrx_word' id='word_1_322' title='bbox 1539 4192 1718 4249; x_wconf 89' lang='lat' dir='ltr'><strong>homo.</strong></span> 
     </span>
    </p>
   </div>
   <div class='ocr_carea' id='block_1_45' title="bbox 151 4259 1718 4352">
    <p class='ocr_par' dir='ltr' id='par_1_45' title="bbox 151 4259 1718 4352">
     <span class='ocr_line' id='line_1_46' title="bbox 151 4259 1718 4352; baseline 0.019 -43"><span class='ocrx_word' id='word_1_323' title='bbox 151 4259 282 4322; x_wconf 70' lang='lat' dir='ltr'><strong>Quze</strong></span> <span class='ocrx_word' id='word_1_324' title='bbox 321 4260 536 4328; x_wconf 88' lang='lat' dir='ltr'><strong>quidem</strong></span> <span class='ocrx_word' id='word_1_325' title='bbox 577 4265 916 4323; x_wconf 82' lang='lat' dir='ltr'><strong>observantia</strong></span> <span class='ocrx_word' id='word_1_326' title='bbox 965 4271 1087 4326; x_wconf 82' lang='lat' dir='ltr'><strong>fldei</strong></span> <span class='ocrx_word' id='word_1_327' title='bbox 1125 4274 1176 4328; x_wconf 92' lang='lat' dir='ltr'><strong>iu</strong></span> <span class='ocrx_word' id='word_1_328' title='bbox 1217 4276 1384 4332; x_wconf 91' lang='lat' dir='ltr'><strong>Deum</strong></span> <span class='ocrx_word' id='word_1_329' title='bbox 1432 4292 1516 4337; x_wconf 89' lang='lat' dir='ltr'><strong>est</strong></span> <span class='ocrx_word' id='word_1_330' title='bbox 1560 4299 1718 4352; x_wconf 90' lang='lat' dir='ltr'><strong>argu-</strong></span> 
     </span>
    </p>
   </div>
   <div class='ocr_carea' id='block_1_46' title="bbox 152 4352 1719 4436">
    <p class='ocr_par' dir='ltr' id='par_1_46' title="bbox 152 4352 1719 4436">
     <span class='ocr_line' id='line_1_47' title="bbox 152 4352 1719 4436; baseline 0.017 -36"><span class='ocrx_word' id='word_1_331' title='bbox 152 4357 410 4404; x_wconf 86' lang='lat' dir='ltr'><strong>mentum.</strong></span> <span class='ocrx_word' id='word_1_332' title='bbox 439 4352 624 4436; x_wconf 81' lang='lat' dir='ltr'><strong>Timor</strong></span> <span class='ocrx_word' id='word_1_333' title='bbox 650 4355 747 4409; x_wconf 90' lang='lat' dir='ltr'><strong>Dei</strong></span> <span class='ocrx_word' id='word_1_334' title='bbox 778 4361 1162 4416; x_wconf 89' lang='lat' dir='ltr'><strong>conscientiam</strong></span> <span class='ocrx_word' id='word_1_335' title='bbox 1194 4363 1455 4436; x_wconf 87' lang='lat' dir='ltr'><strong>integram</strong></span> <span class='ocrx_word' id='word_1_336' title='bbox 1489 4379 1542 4424; x_wconf 89' lang='lat' dir='ltr'><strong>et</strong></span> <span class='ocrx_word' id='word_1_337' title='bbox 1569 4382 1719 4426; x_wconf 90' lang='lat' dir='ltr'><strong>tran-</strong></span> 
     </span>
    </p>
   </div>
   <div class='ocr_carea' id='block_1_47' title="bbox 148 4429 1772 4521">
    <p class='ocr_par' dir='ltr' id='par_1_47' title="bbox 148 4429 1772 4521">
     <span class='ocr_line' id='line_1_48' title="bbox 148 4429 1772 4521; baseline 0.017 -31"><span class='ocrx_word' id='word_1_338' title='bbox 148 4440 373 4508; x_wconf 89' lang='lat' dir='ltr'><strong>quillam</strong></span> <span class='ocrx_word' id='word_1_339' title='bbox 426 4429 730 4504; x_wconf 78' lang='lat' dir='ltr'><strong>conservat.</strong></span> <span class='ocrx_word' id='word_1_340' title='bbox 779 4447 833 4502; x_wconf 90' lang='lat' dir='ltr'><strong>Si</strong></span> <span class='ocrx_word' id='word_1_341' title='bbox 893 4451 989 4506; x_wconf 91' lang='lat' dir='ltr'><strong>tibi</strong></span> <span class='ocrx_word' id='word_1_342' title='bbox 1041 4452 1093 4521; x_wconf 89' lang='lat' dir='ltr'><strong>in</strong></span> <span class='ocrx_word' id='word_1_343' title='bbox 1140 4454 1328 4509; x_wconf 83' lang='lat' dir='ltr'><strong>cellula</strong></span> <span class='ocrx_word' id='word_1_344' title='bbox 1360 4466 1716 4518; x_wconf 90' lang='lat' dir='ltr'><strong>commoranti</strong></span> <span class='ocrx_word' id='word_1_345' title='bbox 1761 4450 1772 4483; x_wconf 59' lang='grc'><strong><em>⁷</em></strong></span> 
     </span>
    </p>
   </div>
   <div class='ocr_carea' id='block_1_48' title="bbox 148 4531 1719 4616">
    <p class='ocr_par' dir='ltr' id='par_1_48' title="bbox 148 4531 1719 4616">
     <span class='ocr_line' id='line_1_49' title="bbox 148 4531 1719 4616; baseline 0.017 -34"><span class='ocrx_word' id='word_1_346' title='bbox 148 4531 394 4600; x_wconf 75' lang='lat' dir='ltr'><strong>voluptas</strong></span> <span class='ocrx_word' id='word_1_347' title='bbox 427 4548 617 4589; x_wconf 89' lang='lat' dir='ltr'><strong>sensus</strong></span> <span class='ocrx_word' id='word_1_348' title='bbox 649 4545 768 4592; x_wconf 90' lang='lat' dir='ltr'><strong>tuos</strong></span> <span class='ocrx_word' id='word_1_349' title='bbox 795 4537 1012 4598; x_wconf 92' lang='lat' dir='ltr'><strong>libidine</strong></span> <span class='ocrx_word' id='word_1_350' title='bbox 1043 4542 1357 4609; x_wconf 83' lang='lat' dir='ltr'><strong>titillaverit,</strong></span> <span class='ocrx_word' id='word_1_351' title='bbox 1395 4548 1595 4616; x_wconf 89' lang='lat' dir='ltr'><strong>primos</strong></span> <span class='ocrx_word' id='word_1_352' title='bbox 1629 4567 1719 4607; x_wconf 79' lang='lat' dir='ltr'><strong>co-</strong></span> 
     </span>
    </p>
   </div>
   <div class='ocr_carea' id='block_1_49' title="bbox 1851 685 3415 755">
    <p class='ocr_par' dir='ltr' id='par_1_49' title="bbox 1851 685 3415 755">
     <span class='ocr_line' id='line_1_50' title="bbox 1851 685 3415 755; baseline 0.004 -16"><span class='ocrx_word' id='word_1_353' title='bbox 1851 702 1997 748; x_wconf 84' lang='lat' dir='ltr'><strong>num,</strong></span> <span class='ocrx_word' id='word_1_354' title='bbox 2025 687 2114 754; x_wconf 79' lang='lat' dir='ltr'><strong>qui</strong></span> <span class='ocrx_word' id='word_1_355' title='bbox 2140 685 2344 740; x_wconf 81' lang='lat' dir='ltr'><strong>habitat</strong></span> <span class='ocrx_word' id='word_1_356' title='bbox 2391 687 2447 740; x_wconf 89' lang='lat' dir='ltr'><strong>in</strong></span> <span class='ocrx_word' id='word_1_357' title='bbox 2478 685 2808 740; x_wconf 83' lang='lat' dir='ltr'><strong>Hierusalem</strong></span> <span class='ocrx_word' id='word_1_358' title='bbox 2845 687 2912 741; x_wconf 78' lang='grc'><strong>⁷⁸.</strong></span> <span class='ocrx_word' id='word_1_359' title='bbox 2951 687 3052 755; x_wconf 85' lang='lat' dir='ltr'><strong>Qui</strong></span> <span class='ocrx_word' id='word_1_360' title='bbox 3099 688 3271 744; x_wconf 81' lang='lat' dir='ltr'><strong>credit</strong></span> <span class='ocrx_word' id='word_1_361' title='bbox 3311 689 3415 746; x_wconf 83' lang='lat' dir='ltr'><strong>sibi</strong></span> 
     </span>
    </p>
   </div>
   <div class='ocr_carea' id='block_1_50' title="bbox 1847 776 3412 847">
    <p class='ocr_par' dir='ltr' id='par_1_50' title="bbox 1847 776 3412 847">
     <span class='ocr_line' id='line_1_51' title="bbox 1847 776 3412 847; baseline 0.004 -19"><span class='ocrx_word' id='word_1_362' title='bbox 1847 789 1967 828; x_wconf 90' lang='lat' dir='ltr'><strong>cum</strong></span> <span class='ocrx_word' id='word_1_363' title='bbox 1994 790 2023 829; x_wconf 91' lang='lat' dir='ltr'><strong>e</strong></span> <span class='ocrx_word' id='word_1_364' title='bbox 2045 790 2269 844; x_wconf 87' lang='lat' dir='ltr'><strong>corpore</strong></span> <span class='ocrx_word' id='word_1_365' title='bbox 2295 776 2621 840; x_wconf 78' lang='lat' dir='ltr'><strong>discesserit,</strong></span> <span class='ocrx_word' id='word_1_366' title='bbox 2629 776 2886 845; x_wconf 89' lang='lat' dir='ltr'><strong>judicium</strong></span> <span class='ocrx_word' id='word_1_367' title='bbox 2905 792 3023 833; x_wconf 91' lang='lat' dir='ltr'><strong>esse</strong></span> <span class='ocrx_word' id='word_1_368' title='bbox 3055 778 3412 847; x_wconf 89' lang='lat' dir='ltr'><strong>subeundum,</strong></span> 
     </span>
    </p>
   </div>
   <div class='ocr_carea' id='block_1_51' title="bbox 1848 866 3410 938">
    <p class='ocr_par' dir='ltr' id='par_1_51' title="bbox 1848 866 3410 938">
     <span class='ocr_line' id='line_1_52' title="bbox 1848 866 3410 938; baseline 0.003 -18"><span class='ocrx_word' id='word_1_369' title='bbox 1848 868 1894 920; x_wconf 90' lang='lat' dir='ltr'><strong>is</strong></span> <span class='ocrx_word' id='word_1_370' title='bbox 1929 866 2069 921; x_wconf 90' lang='lat' dir='ltr'><strong>nulla</strong></span> <span class='ocrx_word' id='word_1_371' title='bbox 2095 867 2147 920; x_wconf 91' lang='lat' dir='ltr'><strong>in</strong></span> <span class='ocrx_word' id='word_1_372' title='bbox 2168 881 2224 922; x_wconf 90' lang='lat' dir='ltr'><strong>re</strong></span> <span class='ocrx_word' id='word_1_373' title='bbox 2244 867 2448 938; x_wconf 86' lang='lat' dir='ltr'><strong>judicat</strong></span> <span class='ocrx_word' id='word_1_374' title='bbox 2470 870 2772 938; x_wconf 82' lang='lat' dir='ltr'><strong>proximum</strong></span> <span class='ocrx_word' id='word_1_375' title='bbox 2806 884 2980 923; x_wconf 88' lang='lat' dir='ltr'><strong>suum.</strong></span> <span class='ocrx_word' id='word_1_376' title='bbox 3014 869 3227 938; x_wconf 85' lang='lat' dir='ltr'><strong>Oportet</strong></span> <span class='ocrx_word' id='word_1_377' title='bbox 3249 873 3410 936; x_wconf 83' lang='lat' dir='ltr'><strong>enim,</strong></span> 
     </span>
    </p>
   </div>
   <div class='ocr_carea' id='block_1_52' title="bbox 1847 959 3411 1026">
    <p class='ocr_par' dir='ltr' id='par_1_52' title="bbox 1847 959 3411 1026">
     <span class='ocr_line' id='line_1_53' title="bbox 1847 959 3411 1026; baseline 0.003 -17"><span class='ocrx_word' id='word_1_378' title='bbox 1847 969 1904 1010; x_wconf 88' lang='lat' dir='ltr'><strong>ut</strong></span> <span class='ocrx_word' id='word_1_379' title='bbox 1940 959 2196 1026; x_wconf 89' lang='lat' dir='ltr'><strong>scriptum</strong></span> <span class='ocrx_word' id='word_1_380' title='bbox 2243 969 2329 1013; x_wconf 89' lang='lat' dir='ltr'><strong>est</strong></span> <span class='ocrx_word' id='word_1_381' title='bbox 2358 960 2425 1023; x_wconf 83' lang='grc'><strong>⁷⁸,</strong></span> <span class='ocrx_word' id='word_1_382' title='bbox 2461 975 2639 1013; x_wconf 86' lang='lat' dir='ltr'><strong>omnes</strong></span> <span class='ocrx_word' id='word_1_383' title='bbox 2686 976 2778 1014; x_wconf 91' lang='lat' dir='ltr'><strong>nos</strong></span> <span class='ocrx_word' id='word_1_384' title='bbox 2833 961 2948 1014; x_wconf 88' lang='lat' dir='ltr'><strong>sisti</strong></span> <span class='ocrx_word' id='word_1_385' title='bbox 3001 971 3121 1014; x_wconf 89' lang='lat' dir='ltr'><strong>ante</strong></span> <span class='ocrx_word' id='word_1_386' title='bbox 3179 961 3411 1015; x_wconf 84' lang='lat' dir='ltr'><strong>tribunal</strong></span> 
     </span>
    </p>
   </div>
   <div class='ocr_carea' id='block_1_53' title="bbox 1846 1049 3406 1122">
    <p class='ocr_par' dir='ltr' id='par_1_53' title="bbox 1846 1049 3406 1122">
     <span class='ocr_line' id='line_1_54' title="bbox 1846 1049 3406 1122; baseline 0.002 -21"><span class='ocrx_word' id='word_1_387' title='bbox 1846 1049 2069 1113; x_wconf 81' lang='lat' dir='ltr'><strong>Christi,</strong></span> <span class='ocrx_word' id='word_1_388' title='bbox 2112 1059 2166 1103; x_wconf 90' lang='lat' dir='ltr'><strong>ut</strong></span> <span class='ocrx_word' id='word_1_389' title='bbox 2217 1052 2574 1120; x_wconf 75' lang='lat' dir='ltr'><strong>unusquisque</strong></span> <span class='ocrx_word' id='word_1_390' title='bbox 2628 1052 2845 1120; x_wconf 81' lang='lat' dir='ltr'><strong>recipiat</strong></span> <span class='ocrx_word' id='word_1_391' title='bbox 2896 1066 2959 1105; x_wconf 76' lang='lat' dir='ltr'><strong>ea:</strong></span> <span class='ocrx_word' id='word_1_392' title='bbox 3005 1051 3244 1119; x_wconf 76' lang='lat' dir='ltr'><strong>operibus</strong></span> <span class='ocrx_word' id='word_1_393' title='bbox 3291 1069 3406 1122; x_wconf 76' lang='lat' dir='ltr'><strong>qua-</strong></span> 
     </span>
    </p>
   </div>
   <div class='ocr_carea' id='block_1_54' title="bbox 1843 1141 3404 1212">
    <p class='ocr_par' dir='ltr' id='par_1_54' title="bbox 1843 1141 3404 1212">
     <span class='ocr_line' id='line_1_55' title="bbox 1843 1141 3404 1212; baseline 0.003 -21"><span class='ocrx_word' id='word_1_394' title='bbox 1843 1141 1995 1208; x_wconf 83' lang='lat' dir='ltr'><strong>gessit</strong></span> <span class='ocrx_word' id='word_1_395' title='bbox 2025 1141 2078 1193; x_wconf 89' lang='lat' dir='ltr'><strong>in</strong></span> <span class='ocrx_word' id='word_1_396' title='bbox 2112 1157 2331 1210; x_wconf 85' lang='lat' dir='ltr'><strong>corpore</strong></span> <span class='ocrx_word' id='word_1_397' title='bbox 2360 1158 2455 1195; x_wconf 90' lang='lat' dir='ltr'><strong>suo</strong></span> <span class='ocrx_word' id='word_1_398' title='bbox 2475 1181 2491 1207; x_wconf 93' lang='lat'><strong>,</strong></span> <span class='ocrx_word' id='word_1_399' title='bbox 2531 1141 2606 1196; x_wconf 78' lang='lat' dir='ltr'><strong>vel</strong></span> <span class='ocrx_word' id='word_1_400' title='bbox 2633 1145 2906 1210; x_wconf 70' lang='lat' dir='ltr'><strong>prmmium</strong></span> <span class='ocrx_word' id='word_1_401' title='bbox 2952 1144 3030 1197; x_wconf 80' lang='lat' dir='ltr'><strong>vet</strong></span> <span class='ocrx_word' id='word_1_402' title='bbox 3073 1143 3404 1212; x_wconf 84' lang='lat' dir='ltr'><strong>supplicium.</strong></span> 
     </span>
    </p>
   </div>
   <div class='ocr_carea' id='block_1_55' title="bbox 1843 1227 3410 1303">
    <p class='ocr_par' dir='ltr' id='par_1_55' title="bbox 1843 1227 3410 1303">
     <span class='ocr_line' id='line_1_56' title="bbox 1843 1227 3410 1303; baseline 0.004 -24"><span class='ocrx_word' id='word_1_403' title='bbox 1843 1227 1942 1293; x_wconf 87' lang='lat' dir='ltr'><strong>Qui</strong></span> <span class='ocrx_word' id='word_1_404' title='bbox 1980 1230 2152 1283; x_wconf 90' lang='lat' dir='ltr'><strong>credit</strong></span> <span class='ocrx_word' id='word_1_405' title='bbox 2208 1230 2444 1284; x_wconf 89' lang='lat' dir='ltr'><strong>futurum</strong></span> <span class='ocrx_word' id='word_1_406' title='bbox 2475 1245 2593 1285; x_wconf 89' lang='lat' dir='ltr'><strong>esse</strong></span> <span class='ocrx_word' id='word_1_407' title='bbox 2617 1241 2924 1287; x_wconf 89' lang='lat' dir='ltr'><strong>sanctorum</strong></span> <span class='ocrx_word' id='word_1_408' title='bbox 2959 1247 3202 1303; x_wconf 84' lang='lat' dir='ltr'><strong>regnum,</strong></span> <span class='ocrx_word' id='word_1_409' title='bbox 3256 1240 3410 1287; x_wconf 83' lang='lat' dir='ltr'><strong>cavet</strong></span> 
     </span>
    </p>
   </div>
   <div class='ocr_carea' id='block_1_56' title="bbox 1843 1315 3417 1388">
    <p class='ocr_par' dir='ltr' id='par_1_56' title="bbox 1843 1315 3417 1388">
     <span class='ocr_line' id='line_1_57' title="bbox 1843 1315 3417 1388; baseline 0.004 -22"><span class='ocrx_word' id='word_1_410' title='bbox 1843 1329 1911 1367; x_wconf 91' lang='lat' dir='ltr'><strong>ne</strong></span> <span class='ocrx_word' id='word_1_411' title='bbox 1946 1315 1998 1368; x_wconf 92' lang='lat' dir='ltr'><strong>in</strong></span> <span class='ocrx_word' id='word_1_412' title='bbox 2047 1317 2226 1385; x_wconf 86' lang='lat' dir='ltr'><strong>parvis</strong></span> <span class='ocrx_word' id='word_1_413' title='bbox 2269 1325 2362 1371; x_wconf 90' lang='lat' dir='ltr'><strong>ant</strong></span> <span class='ocrx_word' id='word_1_414' title='bbox 2385 1317 2620 1372; x_wconf 91' lang='lat' dir='ltr'><strong>minimis</strong></span> <span class='ocrx_word' id='word_1_415' title='bbox 2677 1317 2836 1373; x_wconf 85' lang='lat' dir='ltr'><strong>rebus</strong></span> <span class='ocrx_word' id='word_1_416' title='bbox 2865 1329 3072 1388; x_wconf 88' lang='lat' dir='ltr'><strong>peccet,</strong></span> <span class='ocrx_word' id='word_1_417' title='bbox 3097 1328 3156 1373; x_wconf 90' lang='lat' dir='ltr'><strong>ut</strong></span> <span class='ocrx_word' id='word_1_418' title='bbox 3182 1319 3275 1373; x_wconf 84' lang='lat' dir='ltr'><strong>ﬁat</strong></span> <span class='ocrx_word' id='word_1_419' title='bbox 3313 1335 3417 1373; x_wconf 23' lang='lat' dir='ltr'><strong>vas.</strong></span> 
     </span>
    </p>
   </div>
   <div class='ocr_carea' id='block_1_57' title="bbox 1842 1404 3406 1482">
    <p class='ocr_par' dir='ltr' id='par_1_57' title="bbox 1842 1404 3406 1482">
     <span class='ocr_line' id='line_1_58' title="bbox 1842 1404 3406 1482; baseline 0.002 -23"><span class='ocrx_word' id='word_1_420' title='bbox 1842 1404 2092 1459; x_wconf 86' lang='lat' dir='ltr'><strong>electum.</strong></span> <span class='ocrx_word' id='word_1_421' title='bbox 2131 1406 2266 1461; x_wconf 86' lang='lat' dir='ltr'><strong>Nam</strong></span> <span class='ocrx_word' id='word_1_422' title='bbox 2312 1407 2501 1473; x_wconf 85' lang='lat' dir='ltr'><strong>simile,</strong></span> <span class='ocrx_word' id='word_1_423' title='bbox 2547 1409 2799 1478; x_wconf 88' lang='lat' dir='ltr'><strong>inquit&quot;,</strong></span> <span class='ocrx_word' id='word_1_424' title='bbox 2833 1420 2905 1464; x_wconf 83' lang='lat' dir='ltr'><strong>es:</strong></span> <span class='ocrx_word' id='word_1_425' title='bbox 2928 1427 3138 1482; x_wconf 83' lang='lat' dir='ltr'><strong>regnum</strong></span> <span class='ocrx_word' id='word_1_426' title='bbox 3163 1412 3406 1465; x_wconf 66' lang='lat' dir='ltr'><strong>castorum</strong></span> 
     </span>
    </p>
   </div>
   <div class='ocr_carea' id='block_1_58' title="bbox 1841 1499 3404 1571">
    <p class='ocr_par' dir='ltr' id='par_1_58' title="bbox 1841 1499 3404 1571">
     <span class='ocr_line' id='line_1_59' title="bbox 1841 1499 3404 1571; baseline 0.003 -23"><span class='ocrx_word' id='word_1_427' title='bbox 1841 1511 2046 1564; x_wconf 73' lang='lat' dir='ltr'><strong>sagena:</strong></span> <span class='ocrx_word' id='word_1_428' title='bbox 2084 1499 2260 1552; x_wconf 67' lang='lat' dir='ltr'><strong>missae</strong></span> <span class='ocrx_word' id='word_1_429' title='bbox 2319 1499 2376 1552; x_wconf 89' lang='lat' dir='ltr'><strong>in</strong></span> <span class='ocrx_word' id='word_1_430' title='bbox 2416 1515 2579 1564; x_wconf 86' lang='lat' dir='ltr'><strong>mare,</strong></span> <span class='ocrx_word' id='word_1_431' title='bbox 2609 1511 2656 1555; x_wconf 89' lang='lat' dir='ltr'><strong>et</strong></span> <span class='ocrx_word' id='word_1_432' title='bbox 2686 1517 2750 1555; x_wconf 70' lang='lat' dir='ltr'><strong>ea:</strong></span> <span class='ocrx_word' id='word_1_433' title='bbox 2779 1502 2919 1555; x_wconf 84' lang='lat' dir='ltr'><strong>omni</strong></span> <span class='ocrx_word' id='word_1_434' title='bbox 2962 1517 3144 1570; x_wconf 83' lang='lat' dir='ltr'><strong>genere</strong></span> <span class='ocrx_word' id='word_1_435' title='bbox 3185 1501 3404 1571; x_wconf 86' lang='lat' dir='ltr'><strong>piscium</strong></span> 
     </span>
    </p>
   </div>
   <div class='ocr_carea' id='block_1_59' title="bbox 1839 1589 3405 1661">
    <p class='ocr_par' dir='ltr' id='par_1_59' title="bbox 1839 1589 3405 1661">
     <span class='ocr_line' id='line_1_60' title="bbox 1839 1589 3405 1661; baseline 0.003 -22"><span class='ocrx_word' id='word_1_436' title='bbox 1839 1589 2170 1657; x_wconf 82' lang='lat' dir='ltr'><strong>congreganti</strong></span> <span class='ocrx_word' id='word_1_437' title='bbox 2182 1605 2202 1653; x_wconf 87' lang='lat'><strong>;</strong></span> <span class='ocrx_word' id='word_1_438' title='bbox 2224 1605 2349 1655; x_wconf 87' lang='lat' dir='ltr'><strong>quos</strong></span> <span class='ocrx_word' id='word_1_439' title='bbox 2365 1607 2479 1643; x_wconf 88' lang='lat' dir='ltr'><strong>cum</strong></span> <span class='ocrx_word' id='word_1_440' title='bbox 2506 1590 2716 1659; x_wconf 78' lang='lat' dir='ltr'><strong>impleta</strong></span> <span class='ocrx_word' id='word_1_441' title='bbox 2734 1602 2883 1656; x_wconf 69' lang='lat' dir='ltr'><strong>esset,</strong></span> <span class='ocrx_word' id='word_1_442' title='bbox 2898 1593 3218 1645; x_wconf 74' lang='lat' dir='ltr'><strong>extrahentes</strong></span> <span class='ocrx_word' id='word_1_443' title='bbox 3241 1590 3405 1661; x_wconf 88' lang='lat' dir='ltr'><strong>elege-</strong></span> 
     </span>
    </p>
   </div>
   <div class='ocr_carea' id='block_1_60' title="bbox 1841 1678 3411 1749">
    <p class='ocr_par' dir='ltr' id='par_1_60' title="bbox 1841 1678 3411 1749">
     <span class='ocr_line' id='line_1_61' title="bbox 1841 1678 3411 1749; baseline 0.005 -22"><span class='ocrx_word' id='word_1_444' title='bbox 1841 1688 1959 1728; x_wconf 86' lang='lat' dir='ltr'><strong>runt</strong></span> <span class='ocrx_word' id='word_1_445' title='bbox 1985 1678 2165 1744; x_wconf 85' lang='lat' dir='ltr'><strong>bonos,</strong></span> <span class='ocrx_word' id='word_1_446' title='bbox 2211 1689 2259 1731; x_wconf 89' lang='lat' dir='ltr'><strong>et</strong></span> <span class='ocrx_word' id='word_1_447' title='bbox 2299 1689 2478 1747; x_wconf 86' lang='lat' dir='ltr'><strong>putres</strong></span> <span class='ocrx_word' id='word_1_448' title='bbox 2509 1681 2831 1744; x_wconf 83' lang='lat' dir='ltr'><strong>abiecerunt.</strong></span> <span class='ocrx_word' id='word_1_449' title='bbox 2872 1681 2973 1747; x_wconf 88' lang='lat' dir='ltr'><strong>Qui</strong></span> <span class='ocrx_word' id='word_1_450' title='bbox 3007 1681 3180 1736; x_wconf 86' lang='lat' dir='ltr'><strong>credit</strong></span> <span class='ocrx_word' id='word_1_451' title='bbox 3208 1695 3411 1749; x_wconf 72' lang='lat' dir='ltr'><strong>corpus</strong></span> 
     </span>
    </p>
   </div>
   <div class='ocr_carea' id='block_1_61' title="bbox 1839 1763 3403 1838">
    <p class='ocr_par' dir='ltr' id='par_1_61' title="bbox 1839 1763 3403 1838">
     <span class='ocr_line' id='line_1_62' title="bbox 1839 1763 3403 1838; baseline 0.003 -18"><span class='ocrx_word' id='word_1_452' title='bbox 1839 1767 2077 1821; x_wconf 87' lang='lat' dir='ltr'><strong>suumin</strong></span> <span class='ocrx_word' id='word_1_453' title='bbox 2110 1768 2198 1821; x_wconf 90' lang='lat' dir='ltr'><strong>die</strong></span> <span class='ocrx_word' id='word_1_454' title='bbox 2244 1768 2429 1838; x_wconf 91' lang='lat' dir='ltr'><strong>judicii</strong></span> <span class='ocrx_word' id='word_1_455' title='bbox 2470 1763 2922 1837; x_wconf 75' lang='lat' dir='ltr'><strong>resurrecturum,</strong></span> <span class='ocrx_word' id='word_1_456' title='bbox 2955 1771 3112 1827; x_wconf 86' lang='lat' dir='ltr'><strong>debet</strong></span> <span class='ocrx_word' id='word_1_457' title='bbox 3166 1771 3291 1824; x_wconf 91' lang='lat' dir='ltr'><strong>illud</strong></span> <span class='ocrx_word' id='word_1_458' title='bbox 3336 1774 3403 1824; x_wconf 87' lang='lat' dir='ltr'><strong>ab</strong></span> 
     </span>
    </p>
   </div>
   <div class='ocr_carea' id='block_1_62' title="bbox 1839 1858 3402 1932">
    <p class='ocr_par' dir='ltr' id='par_1_62' title="bbox 1839 1858 3402 1932">
     <span class='ocr_line' id='line_1_63' title="bbox 1839 1858 3402 1932; baseline 0.003 -24"><span class='ocrx_word' id='word_1_459' title='bbox 1839 1858 1983 1911; x_wconf 90' lang='lat' dir='ltr'><strong>omni</strong></span> <span class='ocrx_word' id='word_1_460' title='bbox 2015 1859 2178 1912; x_wconf 86' lang='lat' dir='ltr'><strong>sorde</strong></span> <span class='ocrx_word' id='word_1_461' title='bbox 2200 1871 2254 1914; x_wconf 91' lang='lat' dir='ltr'><strong>et</strong></span> <span class='ocrx_word' id='word_1_462' title='bbox 2282 1860 2494 1915; x_wconf 78' lang='lat' dir='ltr'><strong>macula</strong></span> <span class='ocrx_word' id='word_1_463' title='bbox 2519 1876 2707 1930; x_wconf 91' lang='lat' dir='ltr'><strong>purum</strong></span> <span class='ocrx_word' id='word_1_464' title='bbox 2740 1863 3117 1932; x_wconf 84' lang='lat' dir='ltr'><strong>integrumque</strong></span> <span class='ocrx_word' id='word_1_465' title='bbox 3157 1877 3402 1918; x_wconf 82' lang='lat' dir='ltr'><strong>servare.</strong></span> 
     </span>
    </p>
   </div>
   <div class='ocr_carea' id='block_1_63' title="bbox 1836 1945 3405 2022">
    <p class='ocr_par' dir='ltr' id='par_1_63' title="bbox 1836 1945 3405 2022">
     <span class='ocr_line' id='line_1_64' title="bbox 1836 1945 3405 2022; baseline 0.004 -23"><span class='ocrx_word' id='word_1_466' title='bbox 1836 1945 2156 2015; x_wconf 81' lang='lat' dir='ltr'><strong>Reformabit</strong></span> <span class='ocrx_word' id='word_1_467' title='bbox 2187 1949 2358 2014; x_wconf 87' lang='lat' dir='ltr'><strong>enim,</strong></span> <span class='ocrx_word' id='word_1_468' title='bbox 2393 1960 2454 2004; x_wconf 91' lang='lat' dir='ltr'><strong>ut</strong></span> <span class='ocrx_word' id='word_1_469' title='bbox 2494 1952 2750 2020; x_wconf 89' lang='lat' dir='ltr'><strong>scriptum</strong></span> <span class='ocrx_word' id='word_1_470' title='bbox 2787 1963 2871 2008; x_wconf 90' lang='lat' dir='ltr'><strong>est</strong></span> <span class='ocrx_word' id='word_1_471' title='bbox 2905 1953 2972 2017; x_wconf 82' lang='grc'><strong>⁷⁸,</strong></span> <span class='ocrx_word' id='word_1_472' title='bbox 3013 1969 3200 2022; x_wconf 88' lang='lat' dir='ltr'><strong>corpus</strong></span> <span class='ocrx_word' id='word_1_473' title='bbox 3234 1954 3405 2006; x_wconf 69' lang='lat' dir='ltr'><strong>Immi-</strong></span> 
     </span>
    </p>
   </div>
   <div class='ocr_carea' id='block_1_64' title="bbox 1833 2036 3402 2112">
    <p class='ocr_par' dir='ltr' id='par_1_64' title="bbox 1833 2036 3402 2112">
     <span class='ocr_line' id='line_1_65' title="bbox 1833 2036 3402 2112; baseline 0.006 -24"><span class='ocrx_word' id='word_1_474' title='bbox 1833 2036 1997 2110; x_wconf 66' lang='lat' dir='ltr'><strong>litatis</strong></span> <span class='ocrx_word' id='word_1_475' title='bbox 2025 2047 2239 2102; x_wconf 74' lang='lat' dir='ltr'><strong>nostrw,</strong></span> <span class='ocrx_word' id='word_1_476' title='bbox 2270 2047 2324 2092; x_wconf 78' lang='lat' dir='ltr'><strong>ut</strong></span> <span class='ocrx_word' id='word_1_477' title='bbox 2354 2040 2419 2093; x_wconf 86' lang='lat' dir='ltr'><strong>sit</strong></span> <span class='ocrx_word' id='word_1_478' title='bbox 2454 2041 2722 2108; x_wconf 79' lang='lat' dir='ltr'><strong>conforme</strong></span> <span class='ocrx_word' id='word_1_479' title='bbox 2751 2045 2958 2112; x_wconf 85' lang='lat' dir='ltr'><strong>corpori</strong></span> <span class='ocrx_word' id='word_1_480' title='bbox 3006 2044 3262 2098; x_wconf 85' lang='lat' dir='ltr'><strong>claritatis</strong></span> <span class='ocrx_word' id='word_1_481' title='bbox 3291 2059 3402 2097; x_wconf 78' lang='lat' dir='ltr'><strong>sua:</strong></span> 
     </span>
    </p>
   </div>
   <div class='ocr_carea' id='block_1_65' title="bbox 1833 2106 3402 2197">
    <p class='ocr_par' dir='ltr' id='par_1_65' title="bbox 1833 2106 3402 2197">
     <span class='ocr_line' id='line_1_66' title="bbox 1833 2106 3402 2197; baseline 0.006 -17"><span class='ocrx_word' id='word_1_482' title='bbox 1833 2106 2118 2181; x_wconf 82' lang='lat' dir='ltr'><strong>secundum</strong></span> <span class='ocrx_word' id='word_1_483' title='bbox 2153 2133 2502 2197; x_wconf 80' lang='lat' dir='ltr'><strong>operationem</strong></span> <span class='ocrx_word' id='word_1_484' title='bbox 2537 2133 2743 2188; x_wconf 69' lang='lat' dir='ltr'><strong>virtutis</strong></span> <span class='ocrx_word' id='word_1_485' title='bbox 2770 2150 2899 2188; x_wconf 70' lang='lat' dir='ltr'><strong>suae.</strong></span> <span class='ocrx_word' id='word_1_486' title='bbox 2931 2133 3074 2188; x_wconf 85' lang='lat' dir='ltr'><strong>Nihil</strong></span> <span class='ocrx_word' id='word_1_487' title='bbox 3099 2143 3183 2190; x_wconf 89' lang='lat' dir='ltr'><strong>est</strong></span> <span class='ocrx_word' id='word_1_488' title='bbox 3213 2136 3264 2188; x_wconf 88' lang='lat' dir='ltr'><strong>in</strong></span> <span class='ocrx_word' id='word_1_489' title='bbox 3299 2135 3402 2190; x_wconf 87' lang='lat' dir='ltr'><strong>hoc</strong></span> 
     </span>
    </p>
   </div>
   <div class='ocr_carea' id='block_1_66' title="bbox 1844 2201 3401 2300">
    <p class='ocr_par' dir='ltr' id='par_1_66' title="bbox 1844 2201 3401 2300">
     <span class='ocr_line' id='line_1_67' title="bbox 1844 2201 3401 2300; baseline 0.005 -31"><span class='ocrx_word' id='word_1_490' title='bbox 1844 2201 2113 2284; x_wconf 44' lang='lat' dir='ltr'><strong>mundo,&quot;</strong></span> <span class='ocrx_word' id='word_1_491' title='bbox 2133 2220 2273 2286; x_wconf 87' lang='lat' dir='ltr'><strong>quod</strong></span> <span class='ocrx_word' id='word_1_492' title='bbox 2323 2234 2443 2275; x_wconf 90' lang='lat' dir='ltr'><strong>eum</strong></span> <span class='ocrx_word' id='word_1_493' title='bbox 2507 2223 2558 2275; x_wconf 92' lang='lat' dir='ltr'><strong>in</strong></span> <span class='ocrx_word' id='word_1_494' title='bbox 2589 2238 2717 2300; x_wconf 42' lang='lat' dir='ltr'><strong>’quo</strong></span> <span class='ocrx_word' id='word_1_495' title='bbox 2750 2223 2842 2279; x_wconf 91' lang='lat' dir='ltr'><strong>Dei</strong></span> <span class='ocrx_word' id='word_1_496' title='bbox 2898 2225 3132 2278; x_wconf 89' lang='lat' dir='ltr'><strong>cbaritas</strong></span> <span class='ocrx_word' id='word_1_497' title='bbox 3171 2225 3401 2289; x_wconf 89' lang='lat' dir='ltr'><strong>habitat,</strong></span> 
     </span>
    </p>
   </div>
   <div class='ocr_carea' id='block_1_67' title="bbox 1833 2309 3400 2397">
    <p class='ocr_par' dir='ltr' id='par_1_67' title="bbox 1833 2309 3400 2397">
     <span class='ocr_line' id='line_1_68' title="bbox 1833 2309 3400 2397; baseline 0.005 -37"><span class='ocrx_word' id='word_1_498' title='bbox 1833 2309 2000 2376; x_wconf 88' lang='lat' dir='ltr'><strong>possit</strong></span> <span class='ocrx_word' id='word_1_499' title='bbox 2037 2310 2103 2364; x_wconf 91' lang='lat' dir='ltr'><strong>ab</strong></span> <span class='ocrx_word' id='word_1_500' title='bbox 2142 2311 2230 2366; x_wconf 91' lang='lat' dir='ltr'><strong>illa</strong></span> <span class='ocrx_word' id='word_1_501' title='bbox 2262 2327 2536 2381; x_wconf 86' lang='lat' dir='ltr'><strong>separare.</strong></span> <span class='ocrx_word' id='word_1_502' title='bbox 2581 2312 2710 2379; x_wconf 74' lang='lat' dir='ltr'><strong>Quis</strong></span> <span class='ocrx_word' id='word_1_503' title='bbox 2758 2315 2929 2380; x_wconf 84' lang='lat' dir='ltr'><strong>enim,</strong></span> <span class='ocrx_word' id='word_1_504' title='bbox 2967 2314 3140 2385; x_wconf 85' lang='lat' dir='ltr'><strong>inquit</strong></span> <span class='ocrx_word' id='word_1_505' title='bbox 3168 2315 3400 2397; x_wconf 84' lang='lat' dir='ltr'><strong>Aposto-</strong></span> 
     </span>
    </p>
   </div>
   <div class='ocr_carea' id='block_1_68' title="bbox 1831 2397 3401 2470">
    <p class='ocr_par' dir='ltr' id='par_1_68' title="bbox 1831 2397 3401 2470">
     <span class='ocr_line' id='line_1_69' title="bbox 1831 2397 3401 2470; baseline 0.005 -17"><span class='ocrx_word' id='word_1_506' title='bbox 1831 2400 1914 2453; x_wconf 88' lang='lat' dir='ltr'><strong>lus</strong></span> <span class='ocrx_word' id='word_1_507' title='bbox 1929 2401 1997 2466; x_wconf 72' lang='grc' dir='ltr'><strong>τ’,</strong></span> <span class='ocrx_word' id='word_1_508' title='bbox 2031 2397 2124 2455; x_wconf 85' lang='lat' dir='ltr'><strong>nos</strong></span> <span class='ocrx_word' id='word_1_509' title='bbox 2171 2405 2433 2470; x_wconf 84' lang='lat' dir='ltr'><strong>separabit</strong></span> <span class='ocrx_word' id='word_1_510' title='bbox 2467 2421 2498 2457; x_wconf 93' lang='lat' dir='ltr'><strong>a</strong></span> <span class='ocrx_word' id='word_1_511' title='bbox 2526 2405 2782 2459; x_wconf 87' lang='lat' dir='ltr'><strong>charitate</strong></span> <span class='ocrx_word' id='word_1_512' title='bbox 2823 2404 2963 2459; x_wconf 82' lang='lat' dir='ltr'><strong>Dei?</strong></span> <span class='ocrx_word' id='word_1_513' title='bbox 2992 2406 3306 2460; x_wconf 77' lang='lat' dir='ltr'><strong>tribulatio?</strong></span> <span class='ocrx_word' id='word_1_514' title='bbox 3332 2424 3401 2461; x_wconf 87' lang='lat' dir='ltr'><strong>an</strong></span> 
     </span>
    </p>
   </div>
   <div class='ocr_carea' id='block_1_69' title="bbox 1832 2492 3402 2569">
    <p class='ocr_par' dir='ltr' id='par_1_69' title="bbox 1832 2492 3402 2569">
     <span class='ocr_line' id='line_1_70' title="bbox 1832 2492 3402 2569; baseline 0.004 -25"><span class='ocrx_word' id='word_1_515' title='bbox 1832 2493 2074 2560; x_wconf 85' lang='lat' dir='ltr'><strong>angustia</strong></span> <span class='ocrx_word' id='word_1_516' title='bbox 2097 2492 2122 2545; x_wconf 70' lang='lat'><em>7</em></span> <span class='ocrx_word' id='word_1_517' title='bbox 2145 2508 2214 2546; x_wconf 90' lang='lat' dir='ltr'><strong>an</strong></span> <span class='ocrx_word' id='word_1_518' title='bbox 2247 2493 2409 2562; x_wconf 66' lang='lat' dir='ltr'><strong>fames</strong></span> <span class='ocrx_word' id='word_1_519' title='bbox 2428 2494 2453 2546; x_wconf 85' lang='lat'><strong><em>?</em></strong></span> <span class='ocrx_word' id='word_1_520' title='bbox 2489 2512 2556 2547; x_wconf 89' lang='lat' dir='ltr'><strong>an</strong></span> <span class='ocrx_word' id='word_1_521' title='bbox 2583 2496 2833 2548; x_wconf 85' lang='lat' dir='ltr'><strong>nuditas?</strong></span> <span class='ocrx_word' id='word_1_522' title='bbox 2873 2512 2941 2548; x_wconf 89' lang='lat' dir='ltr'><strong>an</strong></span> <span class='ocrx_word' id='word_1_523' title='bbox 2965 2497 3257 2569; x_wconf 78' lang='lat' dir='ltr'><strong>periculum</strong></span> <span class='ocrx_word' id='word_1_524' title='bbox 3277 2498 3302 2549; x_wconf 72' lang='grc' dir='ltr'><strong><em>ἔ)</em></strong></span> <span class='ocrx_word' id='word_1_525' title='bbox 3332 2515 3402 2550; x_wconf 86' lang='lat' dir='ltr'><strong>an</strong></span> 
     </span>
    </p>
   </div>
   <div class='ocr_carea' id='block_1_70' title="bbox 1828 2585 3399 2657">
    <p class='ocr_par' dir='ltr' id='par_1_70' title="bbox 1828 2585 3399 2657">
     <span class='ocr_line' id='line_1_71' title="bbox 1828 2585 3399 2657; baseline 0.004 -21"><span class='ocrx_word' id='word_1_526' title='bbox 1828 2585 2156 2652; x_wconf 83' lang='lat' dir='ltr'><strong>persecutio?</strong></span> <span class='ocrx_word' id='word_1_527' title='bbox 2180 2601 2248 2637; x_wconf 89' lang='lat' dir='ltr'><strong>an</strong></span> <span class='ocrx_word' id='word_1_528' title='bbox 2268 2585 2476 2653; x_wconf 85' lang='lat' dir='ltr'><strong>gladius</strong></span> <span class='ocrx_word' id='word_1_529' title='bbox 2499 2586 2524 2638; x_wconf 79' lang='lat'><strong><em>?</em></strong></span> <span class='ocrx_word' id='word_1_530' title='bbox 2559 2585 2772 2641; x_wconf 86' lang='lat' dir='ltr'><strong>Utinam</strong></span> <span class='ocrx_word' id='word_1_531' title='bbox 2807 2603 2901 2642; x_wconf 93' lang='lat' dir='ltr'><strong>nos</strong></span> <span class='ocrx_word' id='word_1_532' title='bbox 2930 2589 3070 2643; x_wconf 88' lang='lat' dir='ltr'><strong>inter</strong></span> <span class='ocrx_word' id='word_1_533' title='bbox 3103 2589 3220 2643; x_wconf 91' lang='lat' dir='ltr'><strong>illos</strong></span> <span class='ocrx_word' id='word_1_534' title='bbox 3250 2605 3399 2657; x_wconf 87' lang='lat' dir='ltr'><strong>repe-</strong></span> 
     </span>
    </p>
   </div>
   <div class='ocr_carea' id='block_1_71' title="bbox 1829 2674 3400 2747">
    <p class='ocr_par' dir='ltr' id='par_1_71' title="bbox 1829 2674 3400 2747">
     <span class='ocr_line' id='line_1_72' title="bbox 1829 2674 3400 2747; baseline 0.005 -21"><span class='ocrx_word' id='word_1_535' title='bbox 1829 2675 1932 2728; x_wconf 81' lang='lat' dir='ltr'><strong>riat</strong></span> <span class='ocrx_word' id='word_1_536' title='bbox 1985 2674 2144 2737; x_wconf 88' lang='lat' dir='ltr'><strong>Deus,</strong></span> <span class='ocrx_word' id='word_1_537' title='bbox 2177 2690 2312 2743; x_wconf 92' lang='lat' dir='ltr'><strong>quos</strong></span> <span class='ocrx_word' id='word_1_538' title='bbox 2353 2675 2494 2730; x_wconf 88' lang='lat' dir='ltr'><strong>nulla</strong></span> <span class='ocrx_word' id='word_1_539' title='bbox 2524 2691 2609 2731; x_wconf 91' lang='lat' dir='ltr'><strong>res</strong></span> <span class='ocrx_word' id='word_1_540' title='bbox 2642 2677 2799 2744; x_wconf 86' lang='lat' dir='ltr'><strong>hujus</strong></span> <span class='ocrx_word' id='word_1_541' title='bbox 2852 2680 3032 2733; x_wconf 89' lang='lat' dir='ltr'><strong>mundi</strong></span> <span class='ocrx_word' id='word_1_542' title='bbox 3068 2681 3336 2747; x_wconf 78' lang='lat' dir='ltr'><strong>separavit</strong></span> <span class='ocrx_word' id='word_1_543' title='bbox 3371 2695 3400 2734; x_wconf 88' lang='lat' dir='ltr'><strong>a</strong></span> 
     </span>
    </p>
   </div>
   <div class='ocr_carea' id='block_1_72' title="bbox 1831 2761 3397 2828">
    <p class='ocr_par' dir='ltr' id='par_1_72' title="bbox 1831 2761 3397 2828">
     <span class='ocr_line' id='line_1_73' title="bbox 1831 2761 3397 2828; baseline 0.005 -14"><span class='ocrx_word' id='word_1_544' title='bbox 1831 2761 2091 2815; x_wconf 90' lang='lat' dir='ltr'><strong>charitate</strong></span> <span class='ocrx_word' id='word_1_545' title='bbox 2120 2761 2342 2828; x_wconf 90' lang='lat' dir='ltr'><strong>Christi,</strong></span> <span class='ocrx_word' id='word_1_546' title='bbox 2386 2772 2443 2818; x_wconf 90' lang='lat' dir='ltr'><strong>ut</strong></span> <span class='ocrx_word' id='word_1_547' title='bbox 2480 2779 2585 2818; x_wconf 90' lang='lat' dir='ltr'><strong>una</strong></span> <span class='ocrx_word' id='word_1_548' title='bbox 2624 2779 2745 2819; x_wconf 91' lang='lat' dir='ltr'><strong>cum</strong></span> <span class='ocrx_word' id='word_1_549' title='bbox 2791 2766 2896 2821; x_wconf 90' lang='lat' dir='ltr'><strong>illis</strong></span> <span class='ocrx_word' id='word_1_550' title='bbox 2936 2767 3268 2823; x_wconf 89' lang='lat' dir='ltr'><strong>invenianms</strong></span> <span class='ocrx_word' id='word_1_551' title='bbox 3301 2771 3397 2822; x_wconf 82' lang='lat' dir='ltr'><strong>nii-</strong></span> 
     </span>
    </p>
   </div>
   <div class='ocr_carea' id='block_1_73' title="bbox 1829 2850 3393 2919">
    <p class='ocr_par' dir='ltr' id='par_1_73' title="bbox 1829 2850 3393 2919">
     <span class='ocr_line' id='line_1_74' title="bbox 1829 2850 3393 2919; baseline 0.003 -16"><span class='ocrx_word' id='word_1_552' title='bbox 1829 2850 2174 2904; x_wconf 88' lang='lat' dir='ltr'><strong>scricordiam</strong></span> <span class='ocrx_word' id='word_1_553' title='bbox 2201 2866 2293 2919; x_wconf 90' lang='lat' dir='ltr'><strong>per</strong></span> <span class='ocrx_word' id='word_1_554' title='bbox 2315 2853 2564 2908; x_wconf 87' lang='lat' dir='ltr'><strong>virtutem</strong></span> <span class='ocrx_word' id='word_1_555' title='bbox 2583 2854 2792 2909; x_wconf 90' lang='lat' dir='ltr'><strong>Domini</strong></span> <span class='ocrx_word' id='word_1_556' title='bbox 2820 2859 2984 2911; x_wconf 90' lang='lat' dir='ltr'><strong>nostri</strong></span> <span class='ocrx_word' id='word_1_557' title='bbox 3013 2856 3136 2912; x_wconf 78' lang='lat' dir='ltr'><strong>Jesu</strong></span> <span class='ocrx_word' id='word_1_558' title='bbox 3157 2858 3356 2913; x_wconf 85' lang='lat' dir='ltr'><strong>Christi</strong></span> <span class='ocrx_word' id='word_1_559' title='bbox 3380 2873 3393 2908; x_wconf 90' lang='lat'>:</span> 
     </span>
    </p>
   </div>
   <div class='ocr_carea' id='block_1_74' title="bbox 1829 2939 3396 3016">
    <p class='ocr_par' dir='ltr' id='par_1_74' title="bbox 1829 2939 3396 3016">
     <span class='ocr_line' id='line_1_75' title="bbox 1829 2939 3396 3016; baseline 0.005 -24"><span class='ocrx_word' id='word_1_560' title='bbox 1829 2939 1980 3008; x_wconf 86' lang='lat' dir='ltr'><strong>cujus</strong></span> <span class='ocrx_word' id='word_1_561' title='bbox 2019 2955 2142 2993; x_wconf 91' lang='lat' dir='ltr'><strong>cum</strong></span> <span class='ocrx_word' id='word_1_562' title='bbox 2180 2939 2341 2996; x_wconf 84' lang='lat' dir='ltr'><strong>Patre</strong></span> <span class='ocrx_word' id='word_1_563' title='bbox 2373 2943 2633 3012; x_wconf 86' lang='lat' dir='ltr'><strong>ingenito,</strong></span> <span class='ocrx_word' id='word_1_564' title='bbox 2668 2953 2720 2999; x_wconf 91' lang='lat' dir='ltr'><strong>et</strong></span> <span class='ocrx_word' id='word_1_565' title='bbox 2742 2945 2946 3014; x_wconf 88' lang='lat' dir='ltr'><strong>Spiritu</strong></span> <span class='ocrx_word' id='word_1_566' title='bbox 2967 2959 3157 3001; x_wconf 87' lang='lat' dir='ltr'><strong>saneto</strong></span> <span class='ocrx_word' id='word_1_567' title='bbox 3185 2957 3260 3002; x_wconf 89' lang='lat' dir='ltr'><strong>est</strong></span> <span class='ocrx_word' id='word_1_568' title='bbox 3284 2947 3396 3016; x_wconf 86' lang='lat' dir='ltr'><strong>glo-</strong></span> 
     </span>
    </p>
   </div>
   <div class='ocr_carea' id='block_1_75' title="bbox 1831 3032 3400 3108">
    <p class='ocr_par' dir='ltr' id='par_1_75' title="bbox 1831 3032 3400 3108">
     <span class='ocr_line' id='line_1_76' title="bbox 1831 3032 3400 3108; baseline 0.006 -24"><span class='ocrx_word' id='word_1_569' title='bbox 1831 3035 1929 3094; x_wconf 87' lang='lat' dir='ltr'><strong>ria,</strong></span> <span class='ocrx_word' id='word_1_570' title='bbox 1981 3039 2036 3086; x_wconf 88' lang='lat' dir='ltr'><strong>et</strong></span> <span class='ocrx_word' id='word_1_571' title='bbox 2093 3032 2398 3102; x_wconf 89' lang='lat' dir='ltr'><strong>imperium,</strong></span> <span class='ocrx_word' id='word_1_572' title='bbox 2437 3051 2580 3092; x_wconf 88' lang='lat' dir='ltr'><strong>nunc</strong></span> <span class='ocrx_word' id='word_1_573' title='bbox 2613 3047 2668 3092; x_wconf 89' lang='lat' dir='ltr'><strong>et</strong></span> <span class='ocrx_word' id='word_1_574' title='bbox 2713 3052 2946 3108; x_wconf 87' lang='lat' dir='ltr'><strong>semper,</strong></span> <span class='ocrx_word' id='word_1_575' title='bbox 2993 3050 3044 3094; x_wconf 89' lang='lat' dir='ltr'><strong>et</strong></span> <span class='ocrx_word' id='word_1_576' title='bbox 3100 3041 3150 3094; x_wconf 91' lang='lat' dir='ltr'><strong>in</strong></span> <span class='ocrx_word' id='word_1_577' title='bbox 3202 3041 3400 3096; x_wconf 69' lang='lat' dir='ltr'><strong>szccuia</strong></span> 
     </span>
    </p>
   </div>
   <div class='ocr_carea' id='block_1_76' title="bbox 1828 3123 2406 3182">
    <p class='ocr_par' dir='ltr' id='par_1_76' title="bbox 1828 3123 2406 3182">
     <span class='ocr_line' id='line_1_77' title="bbox 1828 3123 2406 3182; baseline 0.005 -4"><span class='ocrx_word' id='word_1_578' title='bbox 1828 3123 2142 3180; x_wconf 68' lang='lat' dir='ltr'><strong>smeulorum</strong></span> <span class='ocrx_word' id='word_1_579' title='bbox 2164 3125 2178 3178; x_wconf 94' lang='lat' dir='ltr'><strong>l</strong></span> <span class='ocrx_word' id='word_1_580' title='bbox 2214 3127 2406 3182; x_wconf 87' lang='lat' dir='ltr'><strong>Amen.</strong></span> 
     </span>
    </p>
   </div>
   <div class='ocr_carea' id='block_1_77' title="bbox 2401 3239 2834 3298">
    <p class='ocr_par' dir='ltr' id='par_1_77' title="bbox 2401 3239 2834 3298">
     <span class='ocr_line' id='line_1_78' title="bbox 2401 3239 2834 3298; baseline 0.005 -2"><span class='ocrx_word' id='word_1_581' title='bbox 2401 3239 2658 3298; x_wconf 73' lang='lat' dir='ltr'><strong>ORATIO</strong></span> <span class='ocrx_word' id='word_1_582' title='bbox 2697 3241 2834 3298; x_wconf 80' lang='lat' dir='ltr'><strong>XVI.</strong></span> 
     </span>
    </p>
   </div>
   <div class='ocr_carea' id='block_1_78' title="bbox 2304 3349 2900 3424">
    <p class='ocr_par' dir='ltr' id='par_1_78' title="bbox 2304 3349 2900 3424">
     <span class='ocr_line' id='line_1_79' title="bbox 2304 3349 2900 3424; baseline 0.008 -19"><span class='ocrx_word' id='word_1_583' title='bbox 2304 3349 2556 3422; x_wconf 80' lang='lat' dir='ltr'><strong>Ejusdem</strong></span> <span class='ocrx_word' id='word_1_584' title='bbox 2583 3357 2900 3424; x_wconf 86' lang='lat' dir='ltr'><strong>argumenti.</strong></span> 
     </span>
    </p>
   </div>
   <div class='ocr_carea' id='block_1_79' title="bbox 1893 3462 3396 3538">
    <p class='ocr_par' dir='ltr' id='par_1_79' title="bbox 1893 3462 3396 3538">
     <span class='ocr_line' id='line_1_80' title="bbox 1893 3462 3396 3538; baseline 0.004 -21"><span class='ocrx_word' id='word_1_585' title='bbox 1893 3463 1932 3517; x_wconf 89' lang='grc'><strong>1.</strong></span> <span class='ocrx_word' id='word_1_586' title='bbox 1962 3462 2182 3520; x_wconf 74' lang='grc' dir='ltr'><strong>ΒῖΠίοἰΙθ</strong></span> <span class='ocrx_word' id='word_1_587' title='bbox 2206 3464 2481 3534; x_wconf 57' lang='grc' dir='ltr'>νίάθιιιιῖῑιι</span> <span class='ocrx_word' id='word_1_588' title='bbox 2511 3467 2720 3538; x_wconf 88' lang='lat' dir='ltr'><strong>primis,</strong></span> <span class='ocrx_word' id='word_1_589' title='bbox 2747 3469 2921 3537; x_wconf 87' lang='lat' dir='ltr'><strong>patria</strong></span> <span class='ocrx_word' id='word_1_590' title='bbox 2948 3468 3157 3534; x_wconf 81' lang='lat' dir='ltr'><strong>relicta,</strong></span> <span class='ocrx_word' id='word_1_591' title='bbox 3183 3469 3236 3523; x_wconf 87' lang='lat' dir='ltr'><strong>in</strong></span> <span class='ocrx_word' id='word_1_592' title='bbox 3266 3469 3396 3524; x_wconf 88' lang='lat' dir='ltr'><strong>soli-</strong></span> 
     </span>
    </p>
   </div>
   <div class='ocr_carea' id='block_1_80' title="bbox 1826 3553 3396 3628">
    <p class='ocr_par' dir='ltr' id='par_1_80' title="bbox 1826 3553 3396 3628">
     <span class='ocr_line' id='line_1_81' title="bbox 1826 3553 3396 3628; baseline 0.004 -22"><span class='ocrx_word' id='word_1_593' title='bbox 1826 3555 2061 3608; x_wconf 88' lang='lat' dir='ltr'><strong>tudinem</strong></span> <span class='ocrx_word' id='word_1_594' title='bbox 2093 3569 2214 3609; x_wconf 88' lang='lat' dir='ltr'><strong>sese</strong></span> <span class='ocrx_word' id='word_1_595' title='bbox 2252 3553 2520 3622; x_wconf 87' lang='lat' dir='ltr'><strong>conferre,</strong></span> <span class='ocrx_word' id='word_1_596' title='bbox 2552 3572 2843 3628; x_wconf 84' lang='lat' dir='ltr'><strong>secumque</strong></span> <span class='ocrx_word' id='word_1_597' title='bbox 2881 3573 3067 3627; x_wconf 83' lang='lat' dir='ltr'><strong>gerere</strong></span> <span class='ocrx_word' id='word_1_598' title='bbox 3100 3559 3254 3614; x_wconf 89' lang='lat' dir='ltr'><strong>tidem</strong></span> <span class='ocrx_word' id='word_1_599' title='bbox 3280 3575 3396 3628; x_wconf 86' lang='lat' dir='ltr'><strong>per-</strong></span> 
     </span>
    </p>
   </div>
   <div class='ocr_carea' id='block_1_81' title="bbox 1825 3646 3395 3718">
    <p class='ocr_par' dir='ltr' id='par_1_81' title="bbox 1825 3646 3395 3718">
     <span class='ocr_line' id='line_1_82' title="bbox 1825 3646 3395 3718; baseline 0.005 -20"><span class='ocrx_word' id='word_1_600' title='bbox 1825 3646 2018 3701; x_wconf 89' lang='lat' dir='ltr'><strong>fectam</strong></span> <span class='ocrx_word' id='word_1_601' title='bbox 2057 3655 2112 3702; x_wconf 90' lang='lat' dir='ltr'><strong>et</strong></span> <span class='ocrx_word' id='word_1_602' title='bbox 2158 3661 2330 3717; x_wconf 90' lang='lat' dir='ltr'><strong>spem,</strong></span> <span class='ocrx_word' id='word_1_603' title='bbox 2390 3649 2661 3718; x_wconf 88' lang='lat' dir='ltr'><strong>animique</strong></span> <span class='ocrx_word' id='word_1_604' title='bbox 2713 3651 3074 3705; x_wconf 83' lang='lat' dir='ltr'><strong>constantiam</strong></span> <span class='ocrx_word' id='word_1_605' title='bbox 3135 3651 3395 3706; x_wconf 89' lang='lat' dir='ltr'><strong>adversus</strong></span> 
     </span>
    </p>
   </div>
   <div class='ocr_carea' id='block_1_82' title="bbox 1822 3737 3395 3814">
    <p class='ocr_par' dir='ltr' id='par_1_82' title="bbox 1822 3737 3395 3814">
     <span class='ocr_line' id='line_1_83' title="bbox 1822 3737 3395 3814; baseline 0.004 -26"><span class='ocrx_word' id='word_1_606' title='bbox 1822 3737 2068 3806; x_wconf 87' lang='lat' dir='ltr'><strong>proprias</strong></span> <span class='ocrx_word' id='word_1_607' title='bbox 2115 3739 2437 3794; x_wconf 89' lang='lat' dir='ltr'><strong>voluntates.</strong></span> <span class='ocrx_word' id='word_1_608' title='bbox 2491 3739 2682 3794; x_wconf 88' lang='lat' dir='ltr'><strong>Statim</strong></span> <span class='ocrx_word' id='word_1_609' title='bbox 2715 3742 2858 3796; x_wconf 84' lang='lat' dir='ltr'><strong>enim</strong></span> <span class='ocrx_word' id='word_1_610' title='bbox 2893 3741 3154 3811; x_wconf 84' lang='lat' dir='ltr'><strong>ejusmodi</strong></span> <span class='ocrx_word' id='word_1_611' title='bbox 3190 3745 3395 3814; x_wconf 87' lang='lat' dir='ltr'><strong>cogita-</strong></span> 
     </span>
    </p>
   </div>
   <div class='ocr_carea' id='block_1_83' title="bbox 1825 3828 3396 3902">
    <p class='ocr_par' dir='ltr' id='par_1_83' title="bbox 1825 3828 3396 3902">
     <span class='ocr_line' id='line_1_84' title="bbox 1825 3828 3396 3902; baseline 0.005 -22"><span class='ocrx_word' id='word_1_612' title='bbox 1825 3828 1996 3883; x_wconf 89' lang='lat' dir='ltr'><strong>tiones</strong></span> <span class='ocrx_word' id='word_1_613' title='bbox 2027 3837 2079 3884; x_wconf 91' lang='lat' dir='ltr'><strong>te</strong></span> <span class='ocrx_word' id='word_1_614' title='bbox 2108 3831 2556 3898; x_wconf 76' lang='lat' dir='ltr'><strong>circumveniant,</strong></span> <span class='ocrx_word' id='word_1_615' title='bbox 2578 3842 2632 3887; x_wconf 90' lang='lat' dir='ltr'><strong>et</strong></span> <span class='ocrx_word' id='word_1_616' title='bbox 2666 3835 2913 3889; x_wconf 89' lang='lat' dir='ltr'><strong>timorem</strong></span> <span class='ocrx_word' id='word_1_617' title='bbox 2947 3833 3206 3902; x_wconf 84' lang='lat' dir='ltr'><strong>injicient.</strong></span> <span class='ocrx_word' id='word_1_618' title='bbox 3255 3838 3396 3900; x_wconf 83' lang='lat' dir='ltr'><strong>Quo-</strong></span> 
     </span>
    </p>
   </div>
   <div class='ocr_carea' id='block_1_84' title="bbox 1822 3921 3394 3996">
    <p class='ocr_par' dir='ltr' id='par_1_84' title="bbox 1822 3921 3394 3996">
     <span class='ocr_line' id='line_1_85' title="bbox 1822 3921 3394 3996; baseline 0.003 -23"><span class='ocrx_word' id='word_1_619' title='bbox 1822 3921 1982 3974; x_wconf 91' lang='lat' dir='ltr'><strong>modo</strong></span> <span class='ocrx_word' id='word_1_620' title='bbox 2009 3922 2332 3978; x_wconf 85' lang='lat' dir='ltr'><strong>tentationes</strong></span> <span class='ocrx_word' id='word_1_621' title='bbox 2367 3923 2576 3978; x_wconf 85' lang='lat' dir='ltr'><strong>laturus</strong></span> <span class='ocrx_word' id='word_1_622' title='bbox 2602 3926 2698 3988; x_wconf 86' lang='lat' dir='ltr'><strong>sis,</strong></span> <span class='ocrx_word' id='word_1_623' title='bbox 2747 3935 2801 3979; x_wconf 90' lang='lat' dir='ltr'><strong>et</strong></span> <span class='ocrx_word' id='word_1_624' title='bbox 2832 3940 3076 3995; x_wconf 87' lang='lat' dir='ltr'><strong>asperam</strong></span> <span class='ocrx_word' id='word_1_625' title='bbox 3119 3935 3394 3996; x_wconf 86' lang='lat' dir='ltr'><strong>pauperta-</strong></span> 
     </span>
    </p>
   </div>
   <div class='ocr_carea' id='block_1_85' title="bbox 1823 4004 3395 4086">
    <p class='ocr_par' dir='ltr' id='par_1_85' title="bbox 1823 4004 3395 4086">
     <span class='ocr_line' id='line_1_86' title="bbox 1823 4004 3395 4086; baseline 0.004 -23"><span class='ocrx_word' id='word_1_626' title='bbox 1823 4018 1951 4075; x_wconf 90' lang='lat' dir='ltr'><strong>tem,</strong></span> <span class='ocrx_word' id='word_1_627' title='bbox 1987 4020 2041 4066; x_wconf 90' lang='lat' dir='ltr'><strong>et</strong></span> <span class='ocrx_word' id='word_1_628' title='bbox 2097 4013 2336 4077; x_wconf 89' lang='lat' dir='ltr'><strong>morbos,</strong></span> <span class='ocrx_word' id='word_1_629' title='bbox 2395 4015 2440 4070; x_wconf 90' lang='lat' dir='ltr'><strong>si</strong></span> <span class='ocrx_word' id='word_1_630' title='bbox 2499 4015 2550 4069; x_wconf 92' lang='lat' dir='ltr'><strong>in</strong></span> <span class='ocrx_word' id='word_1_631' title='bbox 2590 4030 2684 4071; x_wconf 87' lang='lat' dir='ltr'><strong>eos</strong></span> <span class='ocrx_word' id='word_1_632' title='bbox 2720 4004 3009 4081; x_wconf 85' lang='lat' dir='ltr'><strong>incideris,</strong></span> <span class='ocrx_word' id='word_1_633' title='bbox 3057 4031 3178 4070; x_wconf 91' lang='lat' dir='ltr'><strong>cum</strong></span> <span class='ocrx_word' id='word_1_634' title='bbox 3210 4018 3301 4086; x_wconf 91' lang='lat' dir='ltr'><strong>qui</strong></span> <span class='ocrx_word' id='word_1_635' title='bbox 3342 4026 3395 4070; x_wconf 88' lang='lat' dir='ltr'><strong>te</strong></span> 
     </span>
    </p>
   </div>
   <div class='ocr_carea' id='block_1_86' title="bbox 1819 4106 3389 4173">
    <p class='ocr_par' dir='ltr' id='par_1_86' title="bbox 1819 4106 3389 4173">
     <span class='ocr_line' id='line_1_87' title="bbox 1819 4106 3389 4173; baseline 0.004 -19"><span class='ocrx_word' id='word_1_636' title='bbox 1819 4110 1974 4155; x_wconf 89' lang='lat' dir='ltr'><strong>curet</strong></span> <span class='ocrx_word' id='word_1_637' title='bbox 2025 4113 2116 4157; x_wconf 89' lang='lat' dir='ltr'><strong>aut</strong></span> <span class='ocrx_word' id='word_1_638' title='bbox 2153 4116 2462 4173; x_wconf 86' lang='lat' dir='ltr'><strong>cognoscat,</strong></span> <span class='ocrx_word' id='word_1_639' title='bbox 2500 4106 2700 4162; x_wconf 89' lang='lat' dir='ltr'><strong>habeas</strong></span> <span class='ocrx_word' id='word_1_640' title='bbox 2738 4109 3038 4163; x_wconf 81' lang='lat' dir='ltr'><strong>neminem?</strong></span> <span class='ocrx_word' id='word_1_641' title='bbox 3088 4107 3178 4162; x_wconf 91' lang='lat' dir='ltr'><strong>Sic</strong></span> <span class='ocrx_word' id='word_1_642' title='bbox 3213 4118 3389 4162; x_wconf 89' lang='lat' dir='ltr'><strong>autem</strong></span> 
     </span>
    </p>
   </div>
   <div class='ocr_carea' id='block_1_87' title="bbox 1819 4190 3391 4258">
    <p class='ocr_par' dir='ltr' id='par_1_87' title="bbox 1819 4190 3391 4258">
     <span class='ocr_line' id='line_1_88' title="bbox 1819 4190 3391 4258; baseline 0.003 -16"><span class='ocrx_word' id='word_1_643' title='bbox 1819 4190 2063 4258; x_wconf 83' lang='lat' dir='ltr'><strong>exploret</strong></span> <span class='ocrx_word' id='word_1_644' title='bbox 2084 4199 2136 4246; x_wconf 90' lang='lat' dir='ltr'><strong>te</strong></span> <span class='ocrx_word' id='word_1_645' title='bbox 2164 4191 2376 4246; x_wconf 87' lang='lat' dir='ltr'><strong>bonitas</strong></span> <span class='ocrx_word' id='word_1_646' title='bbox 2400 4192 2516 4258; x_wconf 89' lang='lat' dir='ltr'><strong>Dei,</strong></span> <span class='ocrx_word' id='word_1_647' title='bbox 2547 4204 2604 4247; x_wconf 89' lang='lat' dir='ltr'><strong>ut</strong></span> <span class='ocrx_word' id='word_1_648' title='bbox 2629 4194 2861 4248; x_wconf 83' lang='lat' dir='ltr'><strong>studium</strong></span> <span class='ocrx_word' id='word_1_649' title='bbox 2886 4201 3056 4258; x_wconf 91' lang='lat' dir='ltr'><strong>tuum,</strong></span> <span class='ocrx_word' id='word_1_650' title='bbox 3088 4202 3141 4247; x_wconf 92' lang='lat' dir='ltr'><strong>et</strong></span> <span class='ocrx_word' id='word_1_651' title='bbox 3159 4193 3391 4247; x_wconf 87' lang='lat' dir='ltr'><strong>cbaritas</strong></span> 
     </span>
    </p>
   </div>
   <div class='ocr_carea' id='block_1_88' title="bbox 1819 4278 3390 4348">
    <p class='ocr_par' dir='ltr' id='par_1_88' title="bbox 1819 4278 3390 4348">
     <span class='ocr_line' id='line_1_89' title="bbox 1819 4278 3390 4348; baseline 0.003 -18"><span class='ocrx_word' id='word_1_652' title='bbox 1819 4293 1945 4346; x_wconf 78' lang='lat' dir='ltr'><strong>erga</strong></span> <span class='ocrx_word' id='word_1_653' title='bbox 1981 4278 2155 4347; x_wconf 80' lang='lat' dir='ltr'><strong>ipsum</strong></span> <span class='ocrx_word' id='word_1_654' title='bbox 2189 4289 2467 4348; x_wconf 84' lang='lat' dir='ltr'><strong>appareat.</strong></span> <span class='ocrx_word' id='word_1_655' title='bbox 2525 4279 2765 4348; x_wconf 91' lang='lat' dir='ltr'><strong>Denique</strong></span> <span class='ocrx_word' id='word_1_656' title='bbox 2797 4295 2916 4335; x_wconf 92' lang='lat' dir='ltr'><strong>cum</strong></span> <span class='ocrx_word' id='word_1_657' title='bbox 2969 4281 3022 4335; x_wconf 92' lang='lat' dir='ltr'><strong>in</strong></span> <span class='ocrx_word' id='word_1_658' title='bbox 3078 4280 3269 4335; x_wconf 88' lang='lat' dir='ltr'><strong>cellula</strong></span> <span class='ocrx_word' id='word_1_659' title='bbox 3302 4289 3390 4335; x_wconf 90' lang='lat' dir='ltr'><strong>tua</strong></span> 
     </span>
    </p>
   </div>
   <div class='ocr_carea' id='block_1_89' title="bbox 1818 4367 3391 4442">
    <p class='ocr_par' dir='ltr' id='par_1_89' title="bbox 1818 4367 3391 4442">
     <span class='ocr_line' id='line_1_90' title="bbox 1818 4367 3391 4442; baseline 0.004 -21"><span class='ocrx_word' id='word_1_660' title='bbox 1818 4367 1962 4422; x_wconf 88' lang='lat' dir='ltr'><strong>solus</strong></span> <span class='ocrx_word' id='word_1_661' title='bbox 1991 4369 2118 4434; x_wconf 90' lang='lat' dir='ltr'><strong>eris,</strong></span> <span class='ocrx_word' id='word_1_662' title='bbox 2152 4369 2403 4423; x_wconf 86' lang='lat' dir='ltr'><strong>invadent</strong></span> <span class='ocrx_word' id='word_1_663' title='bbox 2437 4379 2486 4424; x_wconf 90' lang='lat' dir='ltr'><strong>te</strong></span> <span class='ocrx_word' id='word_1_664' title='bbox 2508 4373 2840 4440; x_wconf 67' lang='lat' dir='ltr'><strong>gravissimae</strong></span> <span class='ocrx_word' id='word_1_665' title='bbox 2869 4371 3078 4427; x_wconf 86' lang='lat' dir='ltr'><strong>timoris</strong></span> <span class='ocrx_word' id='word_1_666' title='bbox 3108 4370 3391 4442; x_wconf 84' lang='lat' dir='ltr'><strong>cogitatio-</strong></span> 
     </span>
    </p>
   </div>
   <div class='ocr_carea' id='block_1_90' title="bbox 1819 4459 3388 4532">
    <p class='ocr_par' dir='ltr' id='par_1_90' title="bbox 1819 4459 3388 4532">
     <span class='ocr_line' id='line_1_91' title="bbox 1819 4459 3388 4532; baseline 0.004 -20"><span class='ocrx_word' id='word_1_667' title='bbox 1819 4475 1933 4515; x_wconf 90' lang='lat' dir='ltr'><strong>nes.</strong></span> <span class='ocrx_word' id='word_1_668' title='bbox 1965 4459 2156 4514; x_wconf 88' lang='lat' dir='ltr'><strong>Servat</strong></span> <span class='ocrx_word' id='word_1_669' title='bbox 2187 4462 2481 4527; x_wconf 87' lang='lat' dir='ltr'><strong>hominem,</strong></span> <span class='ocrx_word' id='word_1_670' title='bbox 2534 4463 2796 4532; x_wconf 89' lang='lat' dir='ltr'><strong>inquient,</strong></span> <span class='ocrx_word' id='word_1_671' title='bbox 2853 4478 2966 4519; x_wconf 92' lang='lat' dir='ltr'><strong>non</strong></span> <span class='ocrx_word' id='word_1_672' title='bbox 2997 4462 3248 4529; x_wconf 89' lang='lat' dir='ltr'><strong>solitudo,</strong></span> <span class='ocrx_word' id='word_1_673' title='bbox 3293 4465 3388 4519; x_wconf 89' lang='lat' dir='ltr'><strong>sed</strong></span> 
     </span>
    </p>
   </div>
   <div class='ocr_carea' id='block_1_91' title="bbox 1817 4551 3385 4624">
    <p class='ocr_par' dir='ltr' id='par_1_91' title="bbox 1817 4551 3385 4624">
     <span class='ocr_line' id='line_1_92' title="bbox 1817 4551 3385 4624; baseline 0.003 -20"><span class='ocrx_word' id='word_1_674' title='bbox 1817 4551 2126 4606; x_wconf 87' lang='lat' dir='ltr'><strong>observatio</strong></span> <span class='ocrx_word' id='word_1_675' title='bbox 2151 4551 2525 4608; x_wconf 88' lang='lat' dir='ltr'><strong>mandatorum</strong></span> <span class='ocrx_word' id='word_1_676' title='bbox 2559 4552 2688 4619; x_wconf 90' lang='lat' dir='ltr'><strong>Dei;</strong></span> <span class='ocrx_word' id='word_1_677' title='bbox 2745 4554 2947 4624; x_wconf 90' lang='lat' dir='ltr'><strong>tibique</strong></span> <span class='ocrx_word' id='word_1_678' title='bbox 2976 4554 3030 4609; x_wconf 89' lang='lat' dir='ltr'><strong>in</strong></span> <span class='ocrx_word' id='word_1_679' title='bbox 3069 4555 3385 4610; x_wconf 90' lang='lat' dir='ltr'><strong>memoriam</strong></span> 
     </span>
    </p>
   </div>
   <div class='ocr_carea' id='block_1_92' title="bbox 147 4624 3384 4716">
    <p class='ocr_par' dir='ltr' id='par_1_92' title="bbox 147 4624 3384 4716">
     <span class='ocr_line' id='line_1_93' title="bbox 147 4624 3384 4716; baseline 0.009 -44"><span class='ocrx_word' id='word_1_680' title='bbox 147 4624 424 4690; x_wconf 87' lang='lat' dir='ltr'><strong>gitationis</strong></span> <span class='ocrx_word' id='word_1_681' title='bbox 457 4625 686 4694; x_wconf 90' lang='lat' dir='ltr'><strong>impetus</strong></span> <span class='ocrx_word' id='word_1_682' title='bbox 717 4628 910 4684; x_wconf 88' lang='lat' dir='ltr'><strong>cohibe</strong></span> <span class='ocrx_word' id='word_1_683' title='bbox 935 4671 950 4696; x_wconf 91' lang='lat'><strong>,</strong></span> <span class='ocrx_word' id='word_1_684' title='bbox 991 4646 1058 4686; x_wconf 91' lang='lat' dir='ltr'><strong>ne</strong></span> <span class='ocrx_word' id='word_1_685' title='bbox 1088 4641 1140 4686; x_wconf 87' lang='lat' dir='ltr'><strong>te</strong></span> <span class='ocrx_word' id='word_1_686' title='bbox 1178 4635 1492 4703; x_wconf 88' lang='lat' dir='ltr'><strong>corripiant.</strong></span> <span class='ocrx_word' id='word_1_687' title='bbox 1540 4639 1710 4694; x_wconf 90' lang='lat' dir='ltr'><strong>Deum</strong></span> <span class='ocrx_word' id='word_1_688' title='bbox 1747 4662 1789 4716; x_wconf 77' lang='grc' dir='ltr'>ο</span> <span class='ocrx_word' id='word_1_689' title='bbox 1823 4642 2064 4711; x_wconf 86' lang='lat' dir='ltr'><strong>redigent</strong></span> <span class='ocrx_word' id='word_1_690' title='bbox 2098 4643 2362 4712; x_wconf 87' lang='lat' dir='ltr'><strong>sanguine</strong></span> <span class='ocrx_word' id='word_1_691' title='bbox 2419 4647 2742 4711; x_wconf 85' lang='lat' dir='ltr'><strong>conjunctos</strong></span> <span class='ocrx_word' id='word_1_692' title='bbox 2776 4646 3006 4714; x_wconf 89' lang='lat' dir='ltr'><strong>aliquos,</strong></span> <span class='ocrx_word' id='word_1_693' title='bbox 3041 4656 3096 4702; x_wconf 88' lang='lat' dir='ltr'><strong>et</strong></span> <span class='ocrx_word' id='word_1_694' title='bbox 3147 4649 3327 4702; x_wconf 88' lang='lat' dir='ltr'><strong>dicent</strong></span> <span class='ocrx_word' id='word_1_695' title='bbox 3370 4664 3384 4700; x_wconf 88' lang='lat'><strong><em>:</em></strong></span> 
     </span>
    </p>
   </div>
   <div class='ocr_carea' id='block_1_93' title="bbox 145 4719 1711 4793">
    <p class='ocr_par' dir='ltr' id='par_1_93' title="bbox 145 4719 1711 4793">
     <span class='ocr_line' id='line_1_94' title="bbox 145 4719 1711 4793; baseline 0.015 -30"><span class='ocrx_word' id='word_1_696' title='bbox 145 4725 266 4764; x_wconf 88' lang='lat' dir='ltr'><strong>esse</strong></span> <span class='ocrx_word' id='word_1_697' title='bbox 303 4724 622 4782; x_wconf 63' lang='lat' dir='ltr'><strong>praesentem</strong></span> <span class='ocrx_word' id='word_1_698' title='bbox 658 4719 939 4775; x_wconf 90' lang='lat' dir='ltr'><strong>recordare</strong></span> <span class='ocrx_word' id='word_1_699' title='bbox 966 4761 982 4788; x_wconf 90' lang='lat'><strong>,</strong></span> <span class='ocrx_word' id='word_1_700' title='bbox 1027 4723 1180 4793; x_wconf 85' lang='lat' dir='ltr'><strong>cujus</strong></span> <span class='ocrx_word' id='word_1_701' title='bbox 1220 4727 1390 4782; x_wconf 86' lang='lat' dir='ltr'><strong>oculis</strong></span> <span class='ocrx_word' id='word_1_702' title='bbox 1426 4730 1508 4784; x_wconf 91' lang='lat' dir='ltr'><strong>vel</strong></span> <span class='ocrx_word' id='word_1_703' title='bbox 1533 4733 1711 4788; x_wconf 91' lang='lat' dir='ltr'><strong>cordis</strong></span> 
     </span>
    </p>
   </div>
   <div class='ocr_carea' id='block_1_94' title="bbox 146 4808 834 4864">
    <p class='ocr_par' dir='ltr' id='par_1_94' title="bbox 146 4808 834 4864">
     <span class='ocr_line' id='line_1_95' title="bbox 146 4808 834 4864; baseline 0.009 -9"><span class='ocrx_word' id='word_1_704' title='bbox 146 4814 498 4859; x_wconf 52' lang='lat' dir='ltr'><strong>arcana&#39;sunt</strong></span> <span class='ocrx_word' id='word_1_705' title='bbox 527 4808 834 4864; x_wconf 88' lang='lat' dir='ltr'><strong>manifesta.</strong></span> 
     </span>
    </p>
   </div>
   <div class='ocr_carea' id='block_1_95' title="bbox 215 4893 1711 4980">
    <p class='ocr_par' dir='ltr' id='par_1_95' title="bbox 215 4893 1711 4980">
     <span class='ocr_line' id='line_1_96' title="bbox 215 4893 1711 4980; baseline 0.015 -34"><span class='ocrx_word' id='word_1_706' title='bbox 215 4893 280 4946; x_wconf 93' lang='grc' dir='ltr'><strong>ΙΙ.</strong></span> <span class='ocrx_word' id='word_1_707' title='bbox 304 4895 395 4949; x_wconf 85' lang='lat' dir='ltr'><strong>Sic</strong></span> <span class='ocrx_word' id='word_1_708' title='bbox 423 4896 586 4965; x_wconf 90' lang='lat' dir='ltr'><strong>igitur</strong></span> <span class='ocrx_word' id='word_1_709' title='bbox 614 4900 849 4956; x_wconf 90' lang='lat' dir='ltr'><strong>animam</strong></span> <span class='ocrx_word' id='word_1_710' title='bbox 881 4910 1023 4957; x_wconf 92' lang='lat' dir='ltr'><strong>tuam</strong></span> <span class='ocrx_word' id='word_1_711' title='bbox 1053 4905 1324 4974; x_wconf 88' lang='lat' dir='ltr'><strong>alloquere</strong></span> <span class='ocrx_word' id='word_1_712' title='bbox 1353 4929 1365 4964; x_wconf 90' lang='lat'><strong>:</strong></span> <span class='ocrx_word' id='word_1_713' title='bbox 1400 4910 1454 4965; x_wconf 91' lang='lat' dir='ltr'><strong>Si</strong></span> <span class='ocrx_word' id='word_1_714' title='bbox 1489 4914 1711 4980; x_wconf 90' lang='lat' dir='ltr'><strong>vereris,</strong></span> 
     </span>
    </p>
   </div>
   <div class='ocr_carea' id='block_1_96' title="bbox 143 4993 1710 5073">
    <p class='ocr_par' dir='ltr' id='par_1_96' title="bbox 143 4993 1710 5073">
     <span class='ocr_line' id='line_1_97' title="bbox 143 4993 1710 5073; baseline 0.013 -33"><span class='ocrx_word' id='word_1_715' title='bbox 143 5002 214 5041; x_wconf 91' lang='lat' dir='ltr'><strong>ne</strong></span> <span class='ocrx_word' id='word_1_716' title='bbox 251 4997 301 5042; x_wconf 93' lang='lat' dir='ltr'><strong>te</strong></span> <span class='ocrx_word' id='word_1_717' title='bbox 330 5000 640 5057; x_wconf 89' lang='lat' dir='ltr'><strong>peccantem</strong></span> <span class='ocrx_word' id='word_1_718' title='bbox 675 4993 941 5062; x_wconf 88' lang='lat' dir='ltr'><strong>aspiciant</strong></span> <span class='ocrx_word' id='word_1_719' title='bbox 991 5009 1303 5066; x_wconf 89' lang='lat' dir='ltr'><strong>peccatores</strong></span> <span class='ocrx_word' id='word_1_720' title='bbox 1353 5002 1556 5059; x_wconf 90' lang='lat' dir='ltr'><strong>similes</strong></span> <span class='ocrx_word' id='word_1_721' title='bbox 1616 5006 1710 5073; x_wconf 91' lang='lat' dir='ltr'><strong>tui,</strong></span> 
     </span>
    </p>
   </div>
   <div class='ocr_carea' id='block_1_97' title="bbox 141 5083 1712 5166">
    <p class='ocr_par' dir='ltr' id='par_1_97' title="bbox 141 5083 1712 5166">
     <span class='ocr_line' id='line_1_98' title="bbox 141 5083 1712 5166; baseline 0.015 -36"><span class='ocrx_word' id='word_1_722' title='bbox 141 5089 345 5146; x_wconf 88' lang='lat' dir='ltr'><strong>quanto</strong></span> <span class='ocrx_word' id='word_1_723' title='bbox 391 5083 560 5152; x_wconf 83' lang='lat' dir='ltr'><strong>magis</strong></span> <span class='ocrx_word' id='word_1_724' title='bbox 611 5084 778 5139; x_wconf 89' lang='lat' dir='ltr'><strong>Deum</strong></span> <span class='ocrx_word' id='word_1_725' title='bbox 833 5089 1008 5143; x_wconf 91' lang='lat' dir='ltr'><strong>vereri</strong></span> <span class='ocrx_word' id='word_1_726' title='bbox 1091 5091 1300 5156; x_wconf 89' lang='lat' dir='ltr'><strong>debes,</strong></span> <span class='ocrx_word' id='word_1_727' title='bbox 1355 5095 1444 5163; x_wconf 90' lang='lat' dir='ltr'><strong>qui</strong></span> <span class='ocrx_word' id='word_1_728' title='bbox 1500 5098 1712 5166; x_wconf 87' lang='lat' dir='ltr'><strong>penitus</strong></span> 
     </span>
    </p>
   </div>
   <div class='ocr_carea' id='block_1_98' title="bbox 142 5169 1712 5244">
    <p class='ocr_par' dir='ltr' id='par_1_98' title="bbox 142 5169 1712 5244">
     <span class='ocr_line' id='line_1_99' title="bbox 142 5169 1712 5244; baseline 0.014 -24"><span class='ocrx_word' id='word_1_729' title='bbox 142 5169 325 5222; x_wconf 86' lang='lat' dir='ltr'><strong>abdita</strong></span> <span class='ocrx_word' id='word_1_730' title='bbox 362 5179 416 5224; x_wconf 91' lang='lat' dir='ltr'><strong>et</strong></span> <span class='ocrx_word' id='word_1_731' title='bbox 456 5172 666 5227; x_wconf 89' lang='lat' dir='ltr'><strong>occulta</strong></span> <span class='ocrx_word' id='word_1_732' title='bbox 706 5179 1028 5232; x_wconf 84' lang='lat' dir='ltr'><strong>contuetur?</strong></span> <span class='ocrx_word' id='word_1_733' title='bbox 1068 5177 1160 5234; x_wconf 85' lang='lat' dir='ltr'><strong>His</strong></span> <span class='ocrx_word' id='word_1_734' title='bbox 1195 5181 1375 5238; x_wconf 88' lang='lat' dir='ltr'><strong>verbis</strong></span> <span class='ocrx_word' id='word_1_735' title='bbox 1408 5183 1502 5239; x_wconf 90' lang='lat' dir='ltr'><strong>Dei</strong></span> <span class='ocrx_word' id='word_1_736' title='bbox 1548 5188 1712 5244; x_wconf 88' lang='lat' dir='ltr'><strong>timor</strong></span> 
     </span>
    </p>
   </div>
   <div class='ocr_carea' id='block_1_99' title="bbox 141 5261 1706 5342">
    <p class='ocr_par' dir='ltr' id='par_1_99' title="bbox 141 5261 1706 5342">
     <span class='ocr_line' id='line_1_100' title="bbox 141 5261 1706 5342; baseline 0.014 -30"><span class='ocrx_word' id='word_1_737' title='bbox 141 5261 468 5316; x_wconf 83' lang='lat' dir='ltr'><strong>excitabitur</strong></span> <span class='ocrx_word' id='word_1_738' title='bbox 490 5265 539 5317; x_wconf 90' lang='lat' dir='ltr'><strong>in</strong></span> <span class='ocrx_word' id='word_1_739' title='bbox 569 5268 730 5322; x_wconf 90' lang='lat' dir='ltr'><strong>corde</strong></span> <span class='ocrx_word' id='word_1_740' title='bbox 758 5277 848 5323; x_wconf 90' lang='lat' dir='ltr'><strong>tuo</strong></span> <span class='ocrx_word' id='word_1_741' title='bbox 872 5285 886 5320; x_wconf 91' lang='lat'><strong>:</strong></span> <span class='ocrx_word' id='word_1_742' title='bbox 919 5284 1076 5338; x_wconf 89' lang='lat' dir='ltr'><strong>quem</strong></span> <span class='ocrx_word' id='word_1_743' title='bbox 1099 5272 1317 5342; x_wconf 89' lang='lat' dir='ltr'><strong>quidem</strong></span> <span class='ocrx_word' id='word_1_744' title='bbox 1339 5274 1429 5330; x_wconf 92' lang='lat' dir='ltr'><strong>Dei</strong></span> <span class='ocrx_word' id='word_1_745' title='bbox 1460 5277 1706 5334; x_wconf 90' lang='lat' dir='ltr'><strong>timorem</strong></span> 
     </span>
    </p>
   </div>
   <div class='ocr_carea' id='block_1_100' title="bbox 140 5353 1708 5434">
    <p class='ocr_par' dir='ltr' id='par_1_100' title="bbox 140 5353 1708 5434">
     <span class='ocr_line' id='line_1_101' title="bbox 140 5353 1708 5434; baseline 0.012 -31"><span class='ocrx_word' id='word_1_746' title='bbox 140 5353 185 5412; x_wconf 81' lang='lat' dir='ltr'><strong>si</strong></span> <span class='ocrx_word' id='word_1_747' title='bbox 226 5353 474 5429; x_wconf 70' lang='lat' dir='ltr'><strong>amptecti</strong></span> <span class='ocrx_word' id='word_1_748' title='bbox 509 5357 738 5414; x_wconf 83' lang='lat' dir='ltr'><strong>volueris</strong></span> <span class='ocrx_word' id='word_1_749' title='bbox 768 5400 784 5424; x_wconf 94' lang='lat'><strong>,</strong></span> <span class='ocrx_word' id='word_1_750' title='bbox 838 5360 1328 5434; x_wconf 78' lang='lat' dir='ltr'><strong>immobilis‘atque</strong></span> <span class='ocrx_word' id='word_1_751' title='bbox 1355 5366 1587 5424; x_wconf 88' lang='lat' dir='ltr'><strong>invictus</strong></span> <span class='ocrx_word' id='word_1_752' title='bbox 1613 5370 1708 5422; x_wconf 86' lang='lat' dir='ltr'><strong>ad-</strong></span> 
     </span>
    </p>
   </div>
   <div class='ocr_carea' id='block_1_101' title="bbox 139 5446 1709 5524">
    <p class='ocr_par' dir='ltr' id='par_1_101' title="bbox 139 5446 1709 5524">
     <span class='ocr_line' id='line_1_102' title="bbox 139 5446 1709 5524; baseline 0.01 -27"><span class='ocrx_word' id='word_1_753' title='bbox 139 5459 327 5499; x_wconf 86' lang='lat' dir='ltr'><strong>versus</strong></span> <span class='ocrx_word' id='word_1_754' title='bbox 369 5446 498 5502; x_wconf 88' lang='lat' dir='ltr'><strong>vitia</strong></span> <span class='ocrx_word' id='word_1_755' title='bbox 533 5451 899 5516; x_wconf 88' lang='lat' dir='ltr'><strong>permanebis.</strong></span> <span class='ocrx_word' id='word_1_756' title='bbox 947 5455 1101 5509; x_wconf 87' lang='lat' dir='ltr'><strong>Sicut</strong></span> <span class='ocrx_word' id='word_1_757' title='bbox 1132 5458 1390 5524; x_wconf 89' lang='lat' dir='ltr'><strong>scriptum</strong></span> <span class='ocrx_word' id='word_1_758' title='bbox 1434 5467 1516 5512; x_wconf 89' lang='lat' dir='ltr'><strong>est</strong></span> <span class='ocrx_word' id='word_1_759' title='bbox 1558 5458 1709 5524; x_wconf 74' lang='grc' dir='ltr'><strong>τρυε</strong></span> 
     </span>
    </p>
   </div>
   <div class='ocr_carea' id='block_1_102' title="bbox 209 5596 724 5662">
    <p class='ocr_par' dir='ltr' id='par_1_102' title="bbox 209 5596 724 5662">
     <span class='ocr_line' id='line_1_103' title="bbox 209 5596 724 5662; baseline 0.017 -13"><span class='ocrx_word' id='word_1_760' title='bbox 209 5597 256 5628; x_wconf 71' lang='grc'><strong>⁷⁸</strong></span> <span class='ocrx_word' id='word_1_761' title='bbox 293 5596 311 5650; x_wconf 89' lang='lat' dir='ltr'><strong>l</strong></span> <span class='ocrx_word' id='word_1_762' title='bbox 345 5597 471 5654; x_wconf 87' lang='lat' dir='ltr'><strong>Cor.</strong></span> <span class='ocrx_word' id='word_1_763' title='bbox 509 5617 604 5662; x_wconf 85' lang='lat' dir='ltr'><strong>vn.</strong></span> <span class='ocrx_word' id='word_1_764' title='bbox 632 5602 724 5658; x_wconf 71' lang='lat'><strong>‘29.</strong></span> 
     </span>
    </p>
   </div>
   <div class='ocr_carea' id='block_1_103' title="bbox 139 5667 647 5738">
    <p class='ocr_par' dir='ltr' id='par_1_103' title="bbox 139 5667 647 5738">
     <span class='ocr_line' id='line_1_104' title="bbox 139 5667 647 5738; baseline 0.012 -18"><span class='ocrx_word' id='word_1_765' title='bbox 139 5667 184 5697; x_wconf 85' lang='lat'><em>&quot;</em></span> <span class='ocrx_word' id='word_1_766' title='bbox 217 5668 374 5722; x_wconf 79' lang='lat' dir='ltr'><strong>Rom.</strong></span> <span class='ocrx_word' id='word_1_767' title='bbox 407 5684 526 5738; x_wconf 84' lang='lat' dir='ltr'><strong>vrtr,</strong></span> <span class='ocrx_word' id='word_1_768' title='bbox 558 5673 647 5726; x_wconf 78' lang='grc'><strong>55.</strong></span> 
     </span>
    </p>
   </div>
   <div class='ocr_carea' id='block_1_104' title="bbox 1822 4731 3389 4806">
    <p class='ocr_par' dir='ltr' id='par_1_104' title="bbox 1822 4731 3389 4806">
     <span class='ocr_line' id='line_1_105' title="bbox 1822 4731 3389 4806; baseline 0.003 -21"><span class='ocrx_word' id='word_1_769' title='bbox 1822 4732 2006 4786; x_wconf 87' lang='lat' dir='ltr'><strong>Nonne</strong></span> <span class='ocrx_word' id='word_1_770' title='bbox 2031 4731 2117 4787; x_wconf 87' lang='lat' dir='ltr'><strong>isti</strong></span> <span class='ocrx_word' id='word_1_771' title='bbox 2144 4741 2268 4788; x_wconf 90' lang='lat' dir='ltr'><strong>sunt</strong></span> <span class='ocrx_word' id='word_1_772' title='bbox 2288 4733 2428 4788; x_wconf 90' lang='lat' dir='ltr'><strong>servi</strong></span> <span class='ocrx_word' id='word_1_773' title='bbox 2452 4733 2583 4789; x_wconf 87' lang='lat' dir='ltr'><strong>Dei?</strong></span> <span class='ocrx_word' id='word_1_774' title='bbox 2607 4734 2760 4788; x_wconf 87' lang='lat' dir='ltr'><strong>Acris</strong></span> <span class='ocrx_word' id='word_1_775' title='bbox 2795 4745 3055 4803; x_wconf 65' lang='lat' dir='ltr'><strong>praeterea</strong></span> <span class='ocrx_word' id='word_1_776' title='bbox 3084 4746 3389 4806; x_wconf 89' lang='lat' dir='ltr'><strong>proponent</strong></span> 
     </span>
    </p>
   </div>
   <div class='ocr_carea' id='block_1_105' title="bbox 1820 4822 3382 4910">
    <p class='ocr_par' dir='ltr' id='par_1_105' title="bbox 1820 4822 3382 4910">
     <span class='ocr_line' id='line_1_106' title="bbox 1820 4822 3382 4910; baseline 0.001 -35"><span class='ocrx_word' id='word_1_777' title='bbox 1820 4822 2210 4890; x_wconf 89' lang='lat' dir='ltr'><strong>intemperiem,</strong></span> <span class='ocrx_word' id='word_1_778' title='bbox 2240 4831 2297 4876; x_wconf 93' lang='lat' dir='ltr'><strong>ut</strong></span> <span class='ocrx_word' id='word_1_779' title='bbox 2320 4823 2567 4878; x_wconf 85' lang='lat' dir='ltr'><strong>concidat</strong></span> <span class='ocrx_word' id='word_1_780' title='bbox 2601 4839 2696 4878; x_wconf 91' lang='lat' dir='ltr'><strong>cor</strong></span> <span class='ocrx_word' id='word_1_781' title='bbox 2738 4833 2907 4889; x_wconf 90' lang='lat' dir='ltr'><strong>tuum,</strong></span> <span class='ocrx_word' id='word_1_782' title='bbox 2953 4824 3382 4910; x_wconf 68' lang='lat' dir='ltr'><strong>atqueanimum</strong></span> 
     </span>
    </p>
   </div>
   <div class='ocr_carea' id='block_1_106' title="bbox 1820 4908 3382 4984">
    <p class='ocr_par' dir='ltr' id='par_1_106' title="bbox 1820 4908 3382 4984">
     <span class='ocr_line' id='line_1_107' title="bbox 1820 4908 3382 4984; baseline 0 -17"><span class='ocrx_word' id='word_1_783' title='bbox 1820 4913 2171 4981; x_wconf 86' lang='lat' dir='ltr'><strong>despondeas.</strong></span> <span class='ocrx_word' id='word_1_784' title='bbox 2203 4914 2396 4968; x_wconf 87' lang='lat' dir='ltr'><strong>Verum</strong></span> <span class='ocrx_word' id='word_1_785' title='bbox 2429 4914 2472 4967; x_wconf 89' lang='lat' dir='ltr'><strong>si</strong></span> <span class='ocrx_word' id='word_1_786' title='bbox 2498 4915 2551 4968; x_wconf 94' lang='lat' dir='ltr'><strong>in</strong></span> <span class='ocrx_word' id='word_1_787' title='bbox 2583 4924 2633 4968; x_wconf 93' lang='lat' dir='ltr'><strong>te</strong></span> <span class='ocrx_word' id='word_1_788' title='bbox 2674 4914 2916 4969; x_wconf 83' lang='lat' dir='ltr'><strong>cbaritas</strong></span> <span class='ocrx_word' id='word_1_789' title='bbox 2945 4908 3174 4984; x_wconf 80' lang='lat' dir='ltr'><strong>spesque</strong></span> <span class='ocrx_word' id='word_1_790' title='bbox 3203 4913 3382 4978; x_wconf 89' lang='lat' dir='ltr'><strong>fuerit,</strong></span> 
     </span>
    </p>
   </div>
   <div class='ocr_carea' id='block_1_107' title="bbox 1821 5003 3388 5073">
    <p class='ocr_par' dir='ltr' id='par_1_107' title="bbox 1821 5003 3388 5073">
     <span class='ocr_line' id='line_1_108' title="bbox 1821 5003 3388 5073; baseline 0.002 -18"><span class='ocrx_word' id='word_1_791' title='bbox 1821 5004 2019 5057; x_wconf 88' lang='lat' dir='ltr'><strong>malitia</strong></span> <span class='ocrx_word' id='word_1_792' title='bbox 2056 5003 2187 5058; x_wconf 91' lang='lat' dir='ltr'><strong>nihil</strong></span> <span class='ocrx_word' id='word_1_793' title='bbox 2219 5005 2499 5073; x_wconf 81' lang='lat' dir='ltr'><strong>proﬁciet;</strong></span> <span class='ocrx_word' id='word_1_794' title='bbox 2537 5008 2629 5060; x_wconf 91' lang='lat' dir='ltr'><strong>sed</strong></span> <span class='ocrx_word' id='word_1_795' title='bbox 2660 5014 2782 5061; x_wconf 82' lang='lat' dir='ltr'><strong>tuus</strong></span> <span class='ocrx_word' id='word_1_796' title='bbox 2814 5007 2865 5060; x_wconf 90' lang='lat' dir='ltr'><strong>in</strong></span> <span class='ocrx_word' id='word_1_797' title='bbox 2895 5006 3065 5061; x_wconf 90' lang='lat' dir='ltr'><strong>Deum</strong></span> <span class='ocrx_word' id='word_1_798' title='bbox 3111 5021 3262 5060; x_wconf 91' lang='lat' dir='ltr'><strong>amor</strong></span> <span class='ocrx_word' id='word_1_799' title='bbox 3292 5019 3388 5073; x_wconf 85' lang='lat' dir='ltr'><strong>pa-</strong></span> 
     </span>
    </p>
   </div>
   <div class='ocr_carea' id='block_1_108' title="bbox 1819 5095 3380 5166">
    <p class='ocr_par' dir='ltr' id='par_1_108' title="bbox 1819 5095 3380 5166">
     <span class='ocr_line' id='line_1_109' title="bbox 1819 5095 3380 5166; baseline 0.002 -19"><span class='ocrx_word' id='word_1_800' title='bbox 1819 5096 1982 5161; x_wconf 86' lang='lat' dir='ltr'><strong>tetiet,</strong></span> <span class='ocrx_word' id='word_1_801' title='bbox 2023 5095 2112 5164; x_wconf 91' lang='lat' dir='ltr'><strong>qui</strong></span> <span class='ocrx_word' id='word_1_802' title='bbox 2138 5109 2259 5149; x_wconf 91' lang='lat' dir='ltr'><strong>eum</strong></span> <span class='ocrx_word' id='word_1_803' title='bbox 2285 5097 2454 5166; x_wconf 86' lang='lat' dir='ltr'><strong>magis</strong></span> <span class='ocrx_word' id='word_1_804' title='bbox 2474 5097 2687 5166; x_wconf 83' lang='lat' dir='ltr'><strong>diligas,</strong></span> <span class='ocrx_word' id='word_1_805' title='bbox 2718 5111 2879 5166; x_wconf 90' lang='lat' dir='ltr'><strong>quam</strong></span> <span class='ocrx_word' id='word_1_806' title='bbox 2911 5098 3148 5166; x_wconf 91' lang='lat' dir='ltr'><strong>quietem</strong></span> <span class='ocrx_word' id='word_1_807' title='bbox 3181 5096 3380 5152; x_wconf 88' lang='lat' dir='ltr'><strong>carnis.</strong></span> 
     </span>
    </p>
   </div>
   <div class='ocr_carea' id='block_1_109' title="bbox 1818 5184 3378 5258">
    <p class='ocr_par' dir='ltr' id='par_1_109' title="bbox 1818 5184 3378 5258">
     <span class='ocr_line' id='line_1_110' title="bbox 1818 5184 3378 5258; baseline 0.002 -20"><span class='ocrx_word' id='word_1_808' title='bbox 1818 5184 2134 5240; x_wconf 86' lang='lat' dir='ltr'><strong>Solitudinis</strong></span> <span class='ocrx_word' id='word_1_809' title='bbox 2183 5186 2399 5243; x_wconf 76' lang='lat' dir='ltr'><strong>afﬂictio</strong></span> <span class='ocrx_word' id='word_1_810' title='bbox 2452 5189 2698 5258; x_wconf 80' lang='lat' dir='ltr'><strong>perducit</strong></span> <span class='ocrx_word' id='word_1_811' title='bbox 2743 5189 3016 5244; x_wconf 90' lang='lat' dir='ltr'><strong>hominem</strong></span> <span class='ocrx_word' id='word_1_812' title='bbox 3069 5189 3137 5243; x_wconf 87' lang='lat' dir='ltr'><strong>ad</strong></span> <span class='ocrx_word' id='word_1_813' title='bbox 3186 5203 3378 5256; x_wconf 84' lang='lat' dir='ltr'><strong>spem;</strong></span> 
     </span>
    </p>
   </div>
   <div class='ocr_carea' id='block_1_110' title="bbox 1814 5277 3380 5348">
    <p class='ocr_par' dir='ltr' id='par_1_110' title="bbox 1814 5277 3380 5348">
     <span class='ocr_line' id='line_1_111' title="bbox 1814 5277 3380 5348; baseline 0 -16"><span class='ocrx_word' id='word_1_814' title='bbox 1814 5293 1937 5347; x_wconf 82' lang='lat' dir='ltr'><strong>Spes</strong></span> <span class='ocrx_word' id='word_1_815' title='bbox 1976 5277 2216 5334; x_wconf 87' lang='lat' dir='ltr'><strong>defendit</strong></span> <span class='ocrx_word' id='word_1_816' title='bbox 2262 5281 2329 5334; x_wconf 89' lang='lat' dir='ltr'><strong>ab</strong></span> <span class='ocrx_word' id='word_1_817' title='bbox 2379 5280 2613 5336; x_wconf 90' lang='lat' dir='ltr'><strong>inimicis</strong></span> <span class='ocrx_word' id='word_1_818' title='bbox 2657 5296 2724 5336; x_wconf 83' lang='lat' dir='ltr'><strong>ex</strong></span> <span class='ocrx_word' id='word_1_819' title='bbox 2771 5295 2956 5336; x_wconf 86' lang='lat' dir='ltr'><strong>carne.</strong></span> <span class='ocrx_word' id='word_1_820' title='bbox 3000 5280 3186 5348; x_wconf 88' lang='lat' dir='ltr'><strong>Neque</strong></span> <span class='ocrx_word' id='word_1_821' title='bbox 3237 5280 3380 5333; x_wconf 88' lang='lat' dir='ltr'><strong>enim</strong></span> 
     </span>
    </p>
   </div>
   <div class='ocr_carea' id='block_1_111' title="bbox 1813 5355 3381 5441">
    <p class='ocr_par' dir='ltr' id='par_1_111' title="bbox 1813 5355 3381 5441">
     <span class='ocr_line' id='line_1_112' title="bbox 1813 5355 3381 5441; baseline 0.001 -18"><span class='ocrx_word' id='word_1_822' title='bbox 1813 5355 2013 5428; x_wconf 80' lang='lat' dir='ltr'><strong>temere</strong></span> <span class='ocrx_word' id='word_1_823' title='bbox 2047 5371 2098 5425; x_wconf 92' lang='lat' dir='ltr'><strong>in</strong></span> <span class='ocrx_word' id='word_1_824' title='bbox 2131 5371 2474 5428; x_wconf 85' lang='lat' dir='ltr'><strong>solitudinem</strong></span> <span class='ocrx_word' id='word_1_825' title='bbox 2508 5384 2560 5428; x_wconf 92' lang='lat' dir='ltr'><strong>te</strong></span> <span class='ocrx_word' id='word_1_826' title='bbox 2593 5373 2893 5438; x_wconf 88' lang='lat' dir='ltr'><strong>contulisti,</strong></span> <span class='ocrx_word' id='word_1_827' title='bbox 2921 5371 3016 5426; x_wconf 85' lang='lat' dir='ltr'><strong>sed</strong></span> <span class='ocrx_word' id='word_1_828' title='bbox 3048 5381 3106 5432; x_wconf 79' lang='lat' dir='ltr'><strong>ut</strong></span> <span class='ocrx_word' id='word_1_829' title='bbox 3131 5380 3182 5425; x_wconf 92' lang='lat' dir='ltr'><strong>te</strong></span> <span class='ocrx_word' id='word_1_830' title='bbox 3208 5371 3381 5441; x_wconf 89' lang='lat' dir='ltr'><strong>ipsum</strong></span> 
     </span>
    </p>
   </div>
   <div class='ocr_carea' id='block_1_112' title="bbox 1813 5462 3380 5541">
    <p class='ocr_par' dir='ltr' id='par_1_112' title="bbox 1813 5462 3380 5541">
     <span class='ocr_line' id='line_1_113' title="bbox 1813 5462 3380 5541; baseline 0.001 -25"><span class='ocrx_word' id='word_1_831' title='bbox 1813 5462 2119 5541; x_wconf 67' lang='lat' dir='ltr'><strong>explorares</strong></span> <span class='ocrx_word' id='word_1_832' title='bbox 2150 5479 2541 5535; x_wconf 81' lang='lat' dir='ltr'><strong>exerceresque</strong></span> <span class='ocrx_word' id='word_1_833' title='bbox 2593 5476 2782 5521; x_wconf 87' lang='lat' dir='ltr'><strong>contra</strong></span> <span class='ocrx_word' id='word_1_834' title='bbox 2838 5463 3178 5520; x_wconf 78' lang='lat' dir='ltr'><strong>adversarios</strong></span> <span class='ocrx_word' id='word_1_835' title='bbox 3232 5474 3380 5527; x_wconf 87' lang='lat' dir='ltr'><strong>tuos,</strong></span> 
     </span>
    </p>
   </div>
   <div class='ocr_carea' id='block_1_113' title="bbox 819 5603 1725 5690">
    <p class='ocr_par' dir='ltr' id='par_1_113' title="bbox 819 5603 1725 5672">
     <span class='ocr_line' id='line_1_114' title="bbox 819 5603 1725 5672; baseline 0.013 -17"><span class='ocrx_word' id='word_1_836' title='bbox 819 5607 863 5650; x_wconf 73' lang='grc'><strong>7³</strong></span> <span class='ocrx_word' id='word_1_837' title='bbox 894 5603 1035 5661; x_wconf 85' lang='lat' dir='ltr'><strong>Psal.</strong></span> <span class='ocrx_word' id='word_1_838' title='bbox 1066 5622 1245 5672; x_wconf 80' lang='lat' dir='ltr'><strong>cxxtv,</strong></span> <span class='ocrx_word' id='word_1_839' title='bbox 1274 5609 1324 5662; x_wconf 79' lang='grc' dir='ltr'><strong>Ι.</strong></span> <span class='ocrx_word' id='word_1_840' title='bbox 1430 5609 1476 5641; x_wconf 82' lang='grc'><strong>⁷⁸</strong></span> <span class='ocrx_word' id='word_1_841' title='bbox 1502 5608 1542 5663; x_wconf 91' lang='lat' dir='ltr'><strong>ll</strong></span> <span class='ocrx_word' id='word_1_842' title='bbox 1571 5611 1725 5666; x_wconf 73' lang='lat' dir='ltr'><strong>Com</strong></span> 
     </span>
    </p>
   </div>
   <div class='ocr_carea' id='block_1_114' title="bbox 1831 5603 3375 5690">
    <p class='ocr_par' dir='ltr' id='par_1_114' title="bbox 1838 5615 3375 5690">
     <span class='ocr_line' id='line_1_115' title="bbox 1838 5615 3375 5690; baseline 0.002 -22"><span class='ocrx_word' id='word_1_843' title='bbox 1838 5615 1891 5670; x_wconf 90' lang='lat'><strong>0.</strong></span> <span class='ocrx_word' id='word_1_844' title='bbox 1984 5617 2244 5672; x_wconf 75' lang='lat' dir='ltr'><strong>&quot;Matth.</strong></span> <span class='ocrx_word' id='word_1_845' title='bbox 2300 5635 2420 5686; x_wconf 83' lang='lat' dir='ltr'><strong>xm,</strong></span> <span class='ocrx_word' id='word_1_846' title='bbox 2477 5619 2565 5684; x_wconf 74' lang='lat'><strong>47,</strong></span> <span class='ocrx_word' id='word_1_847' title='bbox 2628 5620 2718 5675; x_wconf 75' lang='grc'><strong>48.</strong></span> <span class='ocrx_word' id='word_1_848' title='bbox 2829 5620 2874 5652; x_wconf 81' lang='grc'><strong>⁷⁸</strong></span> <span class='ocrx_word' id='word_1_849' title='bbox 2909 5619 3136 5690; x_wconf 84' lang='lat' dir='ltr'><strong>Philipp.</strong></span> <span class='ocrx_word' id='word_1_850' title='bbox 3180 5617 3375 5685; x_wconf 76' lang='lat' dir='ltr'><strong>Itt,2i.</strong></span> 
     </span>
    </p>
   </div>
   <div class='ocr_carea' id='block_1_115' title="bbox 210 5821 2761 5902">
    <p class='ocr_par' dir='ltr' id='par_1_115' title="bbox 210 5821 2761 5902">
     <span class='ocr_line' id='line_1_116' title="bbox 210 5821 2761 5902; baseline 0.006 -27"><span class='ocrx_word' id='word_1_851' title='bbox 210 5822 289 5889; x_wconf 81' lang='lat'><strong>(8)</strong></span> <span class='ocrx_word' id='word_1_852' title='bbox 333 5821 398 5878; x_wconf 84' lang='lat' dir='ltr'><strong>In</strong></span> <span class='ocrx_word' id='word_1_853' title='bbox 447 5824 690 5884; x_wconf 86' lang='lat' dir='ltr'><strong>Domino.</strong></span> <span class='ocrx_word' id='word_1_854' title='bbox 725 5827 805 5884; x_wconf 75' lang='lat' dir='ltr'><strong>Ad</strong></span> <span class='ocrx_word' id='word_1_855' title='bbox 854 5830 1174 5886; x_wconf 87' lang='lat' dir='ltr'><strong>sententiam</strong></span> <span class='ocrx_word' id='word_1_856' title='bbox 1229 5831 1545 5897; x_wconf 76' lang='lat' dir='ltr'><strong>explendam</strong></span> <span class='ocrx_word' id='word_1_857' title='bbox 1601 5833 1712 5889; x_wconf 57' lang='lat' dir='ltr'><strong>haec</strong></span> <span class='ocrx_word' id='word_1_858' title='bbox 1753 5833 1938 5891; x_wconf 87' lang='lat' dir='ltr'><strong>deesse</strong></span> <span class='ocrx_word' id='word_1_859' title='bbox 1974 5834 2243 5902; x_wconf 85' lang='lat' dir='ltr'><strong>videntur,</strong></span> <span class='ocrx_word' id='word_1_860' title='bbox 2282 5833 2414 5893; x_wconf 81' lang='lat' dir='ltr'><strong>sicut</strong></span> <span class='ocrx_word' id='word_1_861' title='bbox 2446 5850 2591 5889; x_wconf 82' lang='lat' dir='ltr'><strong>mons</strong></span> <span class='ocrx_word' id='word_1_862' title='bbox 2615 5835 2761 5890; x_wconf 36' lang='lat' dir='ltr'><strong>Sion&#39;</strong></span> 
     </span>
    </p>
   </div>
  </div>
