3884 6278
509 447 650 502 1143

1617 447 1890 506 PATRES
1932 448 2232 508 EGYPTH
2269 452 2540 513 SIECULI
2579 455 2671 515 ιν.

3614 470 3710 528 ιιιι

506 567 854 638 ἀίεεοτεείιυθ
890 581 988 623 δυο
1019 581 1294 638 quemque
1337 568 1550 624 illorum
1583 578 1825 642 tempore
1850 584 2089 644 proster-
2119 583 2164 639 Α
2195 593 2359 648 opere
2389 581 2532 635 bono
2555 587 2815 650 poterunt
2845 593 2942 636 nos
2969 595 3238 648 amovere,
3273 584 3564 655 praesertim
3591 589 3626 642 si
3649 605 3712 644 co-

507 672 662 722 nere,
711 658 911 725 quibus
955 657 1196 724 devictis.
1235 662 1318 716 ad‘
1361 661 1786 719 immortalitatis
1845 667 2084 736 quietem

507 761 837 817 pervenires.

578 837 644 892 ll.
674 837 923 908 Magnum
941 849 1120 897 autem
1150 857 1217 898 ac
1239 843 1557 913 praeclarum
1586 848 1840 906 existimo
1869 849 2087 906 inanem

509 929 736 1000 gloriam
757 933 996 999 vincere,
1031 943 1195 1005 atque
1221 934 1274 990 in
1307 935 1404 993 Dei
1441 938 1770 1010 cogitatione
1803 939 2088 1010 prolicere.

510 1019 612 1086 Qui
647 1020 790 1076 enim
829 1022 932 1077 hac
957 1023 1202 1094 improba
1252 1026 1431 1084 inanis
1454 1027 1639 1099 gloriae
1679 1030 2090 1101 perturbatione

511 1121 748 1178 tenetur,
781 1113 826 1168 is
859 1113 1044 1184 procul
1083 1116 1237 1172 abest
1272 1119 1341 1172 ab
1371 1118 1485 1188 ipsa
1529 1133 1687 1190 pace,
1713 1127 1768 1174 et
1794 1119 2034 1175 animum
2060 1134 2091 1174 a

508 1209 718 1262 sanctis
742 1205 976 1262 alienum
1010 1206 1196 1274 habet,
1227 1217 1284 1263 et
1314 1209 1381 1263 ad
1425 1209 1692 1265 malorum
1748 1223 1969 1266 suorum
1995 1224 2090 1265 ex-

511 1303 740 1350 tremum
770 1296 956 1352 incidit
987 1297 1038 1350 in
1070 1297 1336 1367 superbiae
1367 1297 1556 1354 vitium
1583 1298 1913 1370 fallendique
1943 1300 2095 1356 solli-

509 1387 824 1443 citudinem.
863 1386 942 1442 Tu
979 1403 1130 1448 vero.
1155 1404 1188 1444 ο
1213 1389 1547 1454 Christiane,
1577 1389 1792 1447 labores
1825 1391 1942 1447 cela
1980 1392 2094 1446 vir-

517 1488 769 1549 tutesque
816 1488 972 1545 tuas;
1031 1489 1087 1536 et
1141 1495 1275 1538 cave
1327 1496 1395 1537 ne
1451 1480 1632 1552 lingua
1680 1490 1768 1536 tua
1825 1481 1918 1538 tibi
1971 1481 2096 1539 illas

510 1573 809 1643 subripiat,
859 1583 915 1628 et
959 1573 1134 1630 tradat
1181 1575 1418 1631 inimicis
1459 1576 1586 1634 tuis.
1630 1575 1733 1642 Qui
1769 1576 1914 1632 enim
1950 1585 2097 1632 recte

509 1665 642 1734 agit,
670 1673 725 1720 et
750 1664 996 1734 corporis
1029 1665 1111 1720 sui
1139 1665 1270 1720 vitia
1303 1667 1761 1738 inlirmitatesque
1790 1682 1888 1737 per
1920 1669 2096 1734 pinni-

511 1755 734 1812 tentiam
766 1755 974 1826 abjicit,
995 1757 1042 1812 is
1059 1757 1297 1814 animam
1316 1773 1471 1813 suam
1497 1759 1794 1828 pretiosam
1814 1760 2097 1815 constituit

515 1847 570 1900 in
597 1857 888 1917 conspectu
907 1848 1022 1914 Dei,
1043 1858 1096 1904 et
1112 1858 1326 1919 gratum
1344 1849 1416 1904 illi
1445 1849 1702 1920 templum
1717 1849 1968 1907 etlicitur.
1989 1850 2092 1919 Qui

512 1952 641 1993 vero
681 1939 909 2010 gloriam
943 1939 1223 1995 hominum
1254 1939 1452 2011 diligit,
1506 1942 1552 1996 is
1592 1941 1848 1997 vitiorum
1901 1956 2096 2012 expers
2131 1935 2170 1989 Β

512 2045 632 2086 esse
667 2045 773 2085 non
801 2039 1000 2100 potest,
1035 2033 1128 2088 sed
1158 2032 1428 2087 mmulatio
1454 2043 1506 2087 ct
1548 2033 1744 2088 invidia
1774 2033 2021 2088 habitant
2045 2034 2096 2088 in

513 2137 606 2188 eo;
652 2123 697 2178 is
723 2126 962 2180 animam
1003 2141 1158 2180 suam
1189 2125 1376 2180 multis
1407 2125 1801 2180 tentatiouibus
1852 2125 2097 2194 exponit,

513 2224 568 2268 et
605 2230 702 2271 cor
746 2217 864 2286 ejus
894 2232 924 2270 a
959 2217 1296 2272 dmmonihus
1328 2217 1775 2280 convulneratur,
1825 2234 1946 2271 cum
2004 2232 2101 2271 ex-

515 2307 724 2375 plendas
748 2308 1063 2376 cupiditatis
1095 2323 1208 2363 suae
1241 2307 1416 2362 locmn
1445 2324 1550 2362 non
1575 2323 1790 2376 semper
1816 2308 2058 2362 inveniat
2082 2327 2095 2362 :

515 2398 642 2452 linis
671 2409 855 2453 autem
881 2398 999 2469 ejus
1028 2398 1301 2454 interitus.
1333 2397 1637 2452 llumilibus
1672 2414 1700 2450 a
1737 2399 1847 2452 Deo
1877 2408 2098 2467 peccata

516 2500 851 2560 releguntur,
879 2500 939 2546 ut
973 2505 1036 2546 ea
1059 2497 1381 2561 agnoscant,
1420 2499 1476 2546 et
1511 2490 1884 2560 pmuitcutiam
1915 2500 2098 2558 agant,

516 2582 868 2652 expulsisque
925 2592 1132 2652 septem
1189 2583 1560 2646 dminonibns,
1627 2595 1753 2636 vera
1817 2581 1994 2652 gloria
2045 2591 2100 2636 et

515 2674 721 2730 sanctis
765 2674 1058 2732 virtutibus
1103 2658 1338 2729 animam
1371 2673 1636 2729 nutriant.
1665 2673 1766 2740 Qui
1798 2683 1926 2729 sunt
1956 2673 2099 2743 ejus-

517 2768 662 2822 modi
702 2782 808 2824 non
857 2776 1054 2822 curant
1106 2767 1384 2823 hominum
1438 2765 1816 2822 contumelias.
1867 2765 2099 2822 Suorum

517 2859 663 2914 enim
701 2859 962 2916 memoria
991 2871 1336 2928 peccatorum
1368 2867 1627 2928 tanquam
1667 2856 1858 2930 clypeo
1883 2857 1952 2913 ab
1989 2859 2101 2912 ira-

517 2953 718 3008 cundia
774 2951 1090 3022 ultioncque
1133 2966 1254 3007 sese
1303 2950 1642 3014 defendunt,
1725 2949 2103 3020 patienterque

519 3047 707 3102 ferunt
727 3045 987 3116 quidquid
1026 3044 1133 3100 illis
1164 3042 1378 3098 accidit.
1414 3043 1673 3108 Quaenam
1719 3041 1837 3096 illos
1871 3041 2102 3110 attingat

520 3138 840 3208 ignominia,
865 3137 958 3208 qui
993 3151 1086 3190 sua
1119 3137 1170 3188 in
1194 3139 1486 3202 conspectu
1519 3132 1611 3186 Dei
1639 3139 1860 3203 peccata
1897 3132 2103 3201 perspi-

521 3228 701 3284 ciunt?
723 3226 878 3294 Quod
911 3226 956 3282 si
985 3224 1142 3279 verba
1177 3222 1408 3294 proximi
1443 3223 1516 3275 tui
1567 3221 1712 3278 ferre
1737 3237 1843 3276 non
1870 3221 2097 3292 poteris,

522 3318 613 3373 sed
659 3316 901 3375 volueris
935 3315 1008 3370 illi
1042 3313 1395 3385 reSpondere,
1434 3310 1572 3366 bella
1612 3310 1996 3366 excitabuntur
2044 3311 2099 3364 in

522 3411 683 3467 corde
717 3417 828 3476 tuo,
857 3424 977 3479 qua:
1013 3408 1107 3462 tibi
1143 3406 1448 3461 molestiam
1499 3403 1745 3469 aﬂ'erent,
1779 3413 1890 3457 tum
1926 3418 1993 3458 ex
2035 3402 2103 3458 iis

523 3519 640 3574 qua:
667 3503 953 3569 audieris,
999 3511 1108 3556 tum
1149 3515 1215 3556 ex
1255 3500 1324 3556 iis
1366 3514 1487 3568 quae
1540 3496 1707 3553 fueris
1755 3496 1984 3552 locutus.
2035 3495 2102 3552 Et

522 3599 708 3652 beatos
737 3595 1075 3651 existimabis
1099 3607 1192 3648 cos
1214 3593 1304 3663 qui
1325 3591 1422 3646 soli
1448 3592 1670 3661 degunt,
1690 3589 2103 3658 irritabiturque

525 3701 620 3741 cor
644 3698 793 3741 tuum
815 3687 1076 3749 adversus
1105 3684 1383 3754 proximus
1403 3690 1546 3745 tuos,
1567 3689 1821 3750 tanquam
1843 3681 1953 3733 siut
1968 3679 2101 3732 cha-

525 3781 702 3836 ritatis
721 3790 993 3848 expertes.
1023 3777 1348 3832 Patientiam
1385 3776 1546 3844 igitur
1569 3784 1623 3829 et
1647 3773 1968 3828 charitatem
1993 3785 2104 3824 am-

526 3871 788 3942 plectere;
825 3869 1079 3939 patientia
1115 3868 1258 3926 cnim
1288 3866 1623 3922 iracundiam
1665 3864 1856 3930 vincit,
1888 3871 1942 3917 et
1969 3861 2102 3917 cha-

525 3964 658 4019 ritas
698 3961 1004 4018 molestiam
1037 3959 1322 4030 abstergit.
1353 3955 1541 4025 Itaque
1571 3955 1739 4010 Deum
1768 3969 1885 4019 ora,
1923 3963 1981 4007 ut
2007 3955 2106 4008 has

529 4056 624 4112 tibi
659 4055 891 4109 virtutes
940 4049 1220 4122 largiatur,
1253 4049 1454 4120 quibus
1499 4046 1794 4104 iracundia:
1844 4047 2104 4117 impetum

527 4145 777 4216 repellas.
835 4143 990 4210 Quod
1037 4142 1082 4197 si
1135 4141 1228 4198 tibi
1279 4140 1606 4212 ohjicieutur
1658 4139 1856 4204 adhuc,
1905 4139 2106 4208 quibus

527 4239 789 4292 adversus
841 4233 1146 4304 proximum
1203 4231 1496 4295 irascaris,
1562 4231 1798 4286 irascere
1848 4231 2109 4286 adversus

526 4331 822 4389 dazmonas,
855 4340 978 4380 cum
1011 4325 1262 4396 proximo
1289 4333 1470 4378 autem
1506 4322 1784 4378 humiliter
1813 4338 1999 4391 pacem
2027 4337 2110 4377 re-

528 4422 658 4476 tinc.
694 4419 796 4486 Qui
831 4429 888 4474 ut
925 4431 1114 4488 pacem
1145 4416 1308 4482 colat,
1344 4418 1478 4470 dura
1533 4415 1769 4470 hominis
1815 4415 1994 4470 acerbi
2045 4429 2111 4469 ac

529 4513 680 4569 stulti
708 4511 874 4569 verba
904 4511 1160 4576 sustinet,
1193 4511 1239 4564 is
1281 4509 1564 4564 vocabitur
1605 4506 1750 4563 [ilius
1782 4506 1955 4578 pacis,
1993 4507 2111 4560 ani-

2191 671 2546 740 gitaverimns
2597 671 2870 742 ignaviam
2941 674 3079 729 bona
3142 685 3334 731 cuncta
3382 676 3712 736 destmereSi

2193 765 2395 820 mundo
2427 765 2776 831 renuntiasti,
2803 769 3003 822 caveto
3033 781 3062 820 a
3097 767 3342 822 daemone
3391 769 3636 824 tristitiam
3660 773 3714 826 ai-

2193 857 2426 920 ferente,
2469 871 2538 913 ne
2567 868 2618 913 te
2660 872 2757 928 per
2789 857 3009 912 nimiam
3049 859 3405 915 acerbitatem
3445 871 3496 914 et
3528 860 3715 917 athletic-

2196 963 2317 1004 nem
2351 949 2607 1020 impediat
2633 965 2740 1020 quo
2769 949 2949 1005 minus
2985 952 3052 1005 ad
3092 963 3315 1020 magnas
3343 950 3555 1006 virtutes
3580 968 3716 1022 perve-

2194 1039 2348 1103 nias;
2386 1055 2506 1110 qure
2541 1040 2593 1095 in
2622 1055 2689 1096 eo
2729 1039 2846 1096 sitas
2886 1051 3034 1107 sunt,
3069 1051 3127 1096 ut
3157 1041 3250 1096 tibi
3280 1043 3395 1112 ipse
3437 1057 3501 1096 ne
3537 1045 3716 1114 placeas,

2196 1140 2256 1190 ut
2286 1147 2442 1204 a‘quo
2471 1132 2656 1189 animo
2703 1133 3093 1189 contumeliam
3131 1131 3300 1198 feras,
3344 1137 3654 1204 gaudeasqne
3685 1149 3718 1190 te

2198 1226 2265 1283 ad
2301 1227 2504 1282 nullum
2543 1226 2725 1282 saeculi
2755 1227 3027 1296 negotium
3073 1235 3126 1283 et
3165 1243 3366 1284 munus
3387 1239 3558 1300 aptum
3575 1228 3718 1282 existi-

2199 1317 2357 1372 mari.
2404 1315 2528 1373 Haec
2557 1317 2601 1372 si
2632 1331 2852 1388 operam
2892 1314 3107 1370 dederis
3153 1325 3211 1370 ut
3240 1332 3546 1387 assequare,
3577 1320 3718 1372 anima

2199 1424 2458 1466 coronam
2487 1418 2541 1464 et
2567 1408 2734 1464 decus
2761 1407 3037 1476 acquires.
3066 1405 3254 1477 Neque
3285 1408 3433 1462 enim
3462 1409 3544 1478 qui
3573 1409 3718 1464 mundo

2203 1503 2606 1566 renuntiarunt,
2635 1509 2689 1556 et
2715 1507 3088 1570 paupertatem
3115 1499 3167 1553 in
3189 1506 3382 1569 aperto
3410 1509 3597 1554 tantum
3615 1515 3719 1555 com-

2200 1593 2342 1664 plexi
2377 1601 2525 1659 sunt,
2563 1591 2754 1662 spiritu
2781 1605 3047 1662 pauperes
3076 1590 3344 1646 exsistunt
3373 1606 3388 1655 ;
3418 1590 3508 1644 sed
3534 1592 3611 1660 qui
3639 1607 3718 1644 ma-

2201 1685 2331 1740 litiae
2358 1683 2692 1747 renuntiant,
2725 1683 2930 1754 Deique
2955 1681 3274 1737 memoriam
3303 1696 3509 1752 semper
3530 1682 3718 1738 esuriant

2201 1783 2256 1828 et
2280 1773 2489 1829 sitiunt.
2520 1772 2704 1842 Neque
2727 1773 2818 1843 qui
2851 1773 3094 1841 corporis
3125 1781 3336 1826 tantum
3367 1772 3646 1827 incumbunt
3668 1775 3720 1826 al-

2201 1861 2448 1928 ﬂictioni,
2492 1863 2560 1918 ad
2595 1862 2759 1916 animi
2809 1863 3129 1932 perveniunt
3168 1849 3627 1932 tranquillitatem;
3654 1863 3717 1917 seJ

2200 1955 2292 2024 qui
2331 1965 2528 2010 vacant
2561 1955 2764 2009 homini
2801 1953 3073 2019 interiori,
3113 1965 3170 2008 et
3201 1956 3451 2023 proprias
3501 1963 3719 2023 amputant

2202 2045 2524 2110 voluntates,
2557 2045 2592 2100 ii
2629 2046 2887 2100 virtutum
2918 2059 3152 2102 coronas
3181 2047 3470 2116 accipient.
3499 2045 3582 2101 Sta
3605 2045 3720 2116 igitur

2202 2139 2256 2193 in
2297 2137 2538 2193 custodia
2567 2137 2747 2192 cordis
2781 2137 2880 2202 tui,
2920 2148 2973 2193 et
3011 2139 3262 2194 sensibus
3309 2139 3415 2191 tuis
3461 2136 3659 2198 attende,
3684 2146 3720 2188 ut

2202 2227 2462 2282 memoria
2507 2236 2683 2281 tecum
2733 2228 2801 2282 ab
2839 2227 3090 2282 omnibus
3140 2226 3327 2282 nmndi
3372 2225 3720 2296 cogitationibus

2201 2318 2574 2390 conquiescat,
2647 2334 2821 2388 neque
2874 2333 2904 2396 a
2955 2316 3256 2373 latronibus
3319 2317 3602 2387 diripiatur.
3652 2314 3720 2380 Qui

2202 2411 2347 2466 enim
2376 2409 2733 2481 cegitationes
2773 2425 2902 2466 suas
2949 2409 3238 2480 diligenter
3268 2410 3566 2476 observant,
3602 2424 3719 2479 agno-

2201 2510 2359 2556 scunt
2382 2517 2477 2557 eas
2506 2517 2626 2569 quae
2651 2503 2872 2573 cupiunt
2898 2502 3106 2570 ingredi
3133 2510 3188 2558 et
3211 2503 3451 2556 animum
3479 2501 3721 2570 coinquina-

2205 2604 2282 2644 re.
2328 2588 2385 2643 Si
2431 2590 2640 2644 ardenti
2685 2591 2866 2644 studio
2904 2589 3101 2645 divinis
3146 2591 3419 2646 mandatis
3460 2588 3719 2648 incubueris.

2205 2681 2471 2752 intelliges
2507 2696 2602 2737 eos
2647 2682 2734 2752 qui
2779 2691 2830 2736 te
2862 2682 3200 2752 perturbant,
3223 2698 3332 2752 qua
3372 2686 3626 2739 occasione
3655 2681 3718 2733 tibi

2206 2784 2473 2829 terrorem
2501 2771 2770 2848 injiciant.
2797 2771 3026 2828 Mentem
3057 2773 3201 2828 enim
3229 2774 3659 2843 perterrefaciunt,
3684 2781 3721 2822 ut

2204 2863 2519 2927 extollatur,
2560 2869 2615 2917 et
2665 2862 2814 2918 iners
2854 2862 2967 2916 ﬁat.
3010 2866 3080 2916 At
3117 2863 3191 2917 illi
3227 2864 3428 2934 quibus
3470 2864 3718 2918 malitiaeo-

2206 2973 2323 3012 rum
2375 2955 2592 3026 cognita
2644 2962 2749 3021 est,
2803 2963 3118 3010 cunstantcs
3166 2968 3392 3010 manent
3441 2956 3490 3010 in
3541 2969 3597 3009 eo
3642 2952 3720 3006 loco

2205 3063 2362 3119 quem
2391 3047 2690 3118 elegerunt,
2720 3056 2775 3102 et
2806 3044 3036 3100 Domino
3069 3046 3278 3118 gratias
3312 3058 3491 3118 agunt.
3523 3046 3599 3101 Sic
3618 3044 3718 3098 enim

2207 3141 2259 3194 in
2293 3139 2454 3194 rebus
2485 3138 2730 3194 adversis
2759 3152 2818 3193 se
2852 3149 3044 3210 gerunt
3085 3137 3158 3193 illi
3190 3140 3392 3208 quibus
3420 3138 3656 3209 patientia,
3684 3144 3720 3187 et

2209 3230 2587 3300 longanimitas
2619 3240 2673 3285 et
2701 3229 2942 3285 charitas
2987 3230 3136 3284 cordi
3171 3239 3277 3285 cst.
3326 3231 3528 3285 Desidia
3554 3234 3721 3289 vero,rt

2208 3324 2555 3395 negligentia,
2594 3323 2803 3394 otiique
2831 3316 3100 3394 cupiditas
3147 3338 3208 3379 ea
3239 3325 3470 3378 suadent
3505 3321 3604 3376 loca
3629 3333 3720 3372 cou-

2204 3419 2424 3485 qnirere
2468 3416 2523 3470 in
2562 3414 2759 3484 quibus
2809 3413 3023 3470 laudent
3068 3423 3123 3468 et
3157 3414 3390 3485 gloriam
3437 3412 3720 3468 inveniamus.

2202 3509 2281 3563 Ex
2321 3522 2429 3580 quo
2476 3521 2672 3562 sensus
2719 3505 2856 3561 [lunt
2897 3505 3302 3574 imbecilliores,
3343 3518 3397 3560 et
3437 3501 3719 3574 perturbatio-

2205 3617 2332 3656 num
2362 3602 2596 3671 impetus
2629 3600 2898 3670 exsurgit,
2933 3599 3304 3669 superbiaque
3334 3609 3387 3655 ct
3417 3598 3633 3654 satietate
3659 3605 3723 3646 oc-

2205 3694 2404 3748 cultam
2434 3691 2829 3748 continentiam
2857 3693 3054 3760 perdit.

2275 3785 2364 3841 ιγ.
2410 3785 2467 3841 Si
2511 3785 2761 3841 sensibus
2800 3785 2906 3838 tuis
2937 3785 3019 3839 vis
3059 3783 3304 3854 perfecte
3339 3783 3547 3847 mederi,
3575 3773 3720 3834 Christi

2205 3895 2422 3935 crucem
2481 3878 2846 3947 amplectere;
2886 3878 2936 3932 in
2997 3892 3060 3933 ea
3119 3877 3264 3933 enim
3323 3893 3497 3933 veram
3539 3873 3719 3929 Omnium

2205 3970 2580 4042 aegritudinum
2621 3969 2943 4024 medicinam
2986 3969 3252 4024 invenies.
3295 3968 3375 4037 Si,
3401 3979 3448 4024 te
3476 3967 3720 4032 invito,tor

2209 4073 2358 4117 tuum
2399 4061 2700 4140 estollitur,
2728 4069 2782 4115 et
2811 4061 2876 4116 ad
2914 4075 2975 4116 ea
3007 4076 3129 4131 (λικε
3172 4062 3336 4128 nolis,
3369 4060 3587 4116 facienda
3634 4067 3718 4124 per-

2211 4152 2462 4216 trahitur,
2496 4151 2548 4206 id
2581 4166 2647 4206 ex
2685 4161 2868 4206 vetere
2903 4152 3072 4205 Adam
3107 4154 3249 4207 scito
3282 4151 3556 4222 prolicisci.
3583 4147 3627 4202 Si
3658 4155 3719 4197 cur

2212 4251 2359 4294 tuum
2390 4249 2668 4311 peccatum
2697 4241 2834 4305 odit,
2859 4250 2914 4295 et
2946 4240 3206 4296 abhorret
3252 4243 3323 4298 ab
3354 4243 3418 4297 iis
3445 4255 3551 4310 qua:
3574 4231 3718 4305 peculi

2212 4331 2447 4388 alterunt
2479 4332 2843 4392 occasionem.
2867 4341 2922 4386 et
2947 4340 3023 4394 tu,
3061 4332 3360 4401 prudenter
3387 4330 3602 4387 adhibito
3626 4336 3714 4391 snp-

2211 4424 2392 4492 plicio,
2431 4424 2654 4480 recedes
2703 4425 2770 4478 ab
2822 4425 2887 4478 iis
2933 4439 3054 4493 qua:
3101 4434 3152 4478 te
3197 4426 3264 4479 ad
3311 4423 3609 4496 peccandum
3639 4415 3720 4469 alii-

2213 4515 2386 4581 ciunt,
2416 4523 2472 4569 et
2516 4530 2582 4569 ex
2622 4517 2806 4571 animo
2862 4526 3270 4584 procreatorem
3311 4526 3454 4570 tuum
3491 4509 3654 4572 orabis,
3686 4511 3721 4554 ui

530 4623 742 4678 mteque
790 4616 848 4662 et
899 4605 1168 4676 corporis,
1199 4613 1253 4660 et
1289 4602 1516 4674 Spiritus
1549 4615 1740 4671 pacem
1794 4601 2112 4670 possidebit.
2146 4602 2191 4658 D
2220 4607 2312 4662 tibi
2363 4607 2498 4662 l‘erat
2541 4607 2826 4672 auxilium,
2862 4617 2922 4661 ut
2954 4607 3098 4662 nulla
3139 4608 3191 4660 iu
3227 4623 3283 4662 re
3318 4608 3483 4676 ipsum
3523 4600 3719 4658 oti‘eudas.

531 4703 659 4771 Quae
681 4702 899 4772 quidem
934 4701 1038 4755 tria
1061 4698 1108 4753 si
1143 4697 1196 4753 in
1229 4705 1280 4752 te
1301 4694 1695 4759 consenserint,
1743 4694 2032 4751 concident
2077 4693 2112 4748 ii

532 4794 624 4862 qui
674 4792 870 4847 armati
911 4798 1040 4846 sunt
1087 4788 1350 4843 adversus
1385 4787 1557 4854 legem
1595 4786 1816 4850 mentis,
1847 4794 1905 4838 et
1933 4786 2116 4840 carnis

534 4886 769 4941 servitus
799 4881 1130 4944 destruetur,
1187 4892 1242 4936 et
1301 4883 1413 4951 ipse
1461 4881 1602 4935 [ilius
1633 4882 1784 4950 pacis
1813 4880 2118 4950 appellabu-

536 4979 630 5042 ris,
696 4986 751 5029 et
808 4974 1074 5029 habitabit
1124 4973 1177 5027 in
1236 4983 1288 5028 te
1327 4972 1562 5042 Spiritus
1611 4980 1868 5035 sanctus,
1922 4979 2118 5027 etnon

535 5070 796 5126 discedet.

609 5160 694 5218 ΙΙΙ.
737 5161 886 5217 Beati
920 5159 1012 5230 qui
1038 5160 1252 5216 labores
1280 5173 1408 5213 suos
1435 5157 1730 5229 prudenter
1754 5159 2123 5214 considerate-

536 5271 644 5326 que
683 5255 1000 5324 suscipiuut.
1042 5253 1147 5308 Eos
1189 5249 1333 5305 enim
1376 5249 1546 5304 levius
1588 5251 1805 5312 ferunt,
1835 5263 1892 5304 et
1922 5250 2122 5303 dmino-

538 5363 664 5402 num
707 5346 864 5402 dolos
898 5361 962 5400 ac
993 5344 1210 5400 fraudes
1237 5343 1664 5413 subterfugiunt,
1709 5358 1896 5398 eorum
1927 5344 1979 5396 in
2012 5342 2124 5411 pri-

539 5441 643 5494 mis
669 5439 759 5507 qui
801 5437 1092 5493 formidine
1121 5437 1352 5506 quadam
1387 5436 1632 5492 homines
1668 5438 1737 5491 ab
1769 5437 1918 5491 omni
1958 5453 2121 5507 opere

539 5532 681 5590 bono
717 5531 862 5601 quod
897 5530 1304 5600 aggrediuntur,
1334 5527 1633 5592 deterrent,
1664 5538 1720 5584 et
1746 5528 1810 5582 ad
1849 5527 2118 5598 ignaviam

515 5613 780 5683 ‘eniinum
812 5621 923 5678 Deo
953 5632 1236 5678 vacantem
1274 5621 1576 5690 impellunt,
1612 5627 1671 5674 ut
1703 5634 1827 5675 eum
1873 5619 1941 5673 ab
1979 5618 2125 5686 ejus-

527 5718 686 5784 modi
732 5722 962 5772 avocent
1001 5714 1201 5771 studio.
1243 5715 1439 5770 Verum
1488 5715 1532 5768 si
1588 5713 1828 5767 charitas
1873 5711 1928 5766 in
1969 5710 2123 5766 nobis

541 5803 705 5862 fuerit
731 5816 786 5862 et
820 5809 1077 5876 patientia
1108 5818 1164 5863 et
1190 5807 1543 5873 continentia,
1577 5819 1642 5862 ne
1669 5803 1736 5860 ab
1767 5817 1871 5860 uno
1906 5803 2121 5874 quidem

616 5918 661 5950 ⁸⁰
686 5917 828 5975 Psal.
865 5935 1033 5984 cam,
1065 5919 1148 5979 t0.

2216 4699 2507 4769 multisque
2532 4699 2784 4768 lacrymis
2808 4701 2862 4753 in
2894 4709 3186 4770 conspectu
3221 4702 3343 4770 ejus
3379 4706 3641 4770 prostratus
3674 4689 3720 4740 il-t

2218 4792 2523 4859 precaheris
2557 4809 2572 4844 :
2606 4789 2778 4844 Tuum
2834 4801 2939 4858 est,
2996 4791 3244 4857 Domine,
3290 4785 3719 4847 inisereri.'l.ihcn

2220 4897 2326 4948 me,
2363 4883 2608 4937 Domine.
2639 4884 2707 4937 ab
2733 4883 2968 4938 inimicis
2998 4885 3152 4938 meis.
3192 4885 3303 4955 Ego
3324 4887 3460 4940 enim
3485 4896 3586 4937 sum
3609 4873 3721 4929 iude-

2219 4974 2394 5030 cillior
2426 4989 2589 5044 quam
2629 4986 2688 5028 ut
2718 4974 2836 5029 sine
2868 4990 2970 5044 ope
2997 4986 3084 5030 tua
3127 4977 3327 5046 possim
3367 4991 3396 5030 e
3430 4971 3639 5028 manibus
3661 4976 3720 5016 eo-

2223 5082 2341 5121 rum
2386 5064 2644 5134 ell'ngcre.
2687 5065 2742 5120 Si
2788 5067 2887 5121 hoc
2925 5069 3082 5121 modo
3127 5067 3463 5138 supplicaris,
3505 5061 3721 5128 diligenter

2223 5160 2466 5223 Studens,
2500 5175 2566 5212 ne
2593 5160 2713 5213 illos
2746 5159 2990 5214 molestia
3025 5159 3231 5214 adicias
3260 5159 3349 5229 qui
3389 5160 3562 5212 docent
3592 5162 3632 5203 te
3661 5160 3718 5196 sc-

2224 5254 2453 5305 cundum
2505 5252 2690 5316 Deum,
2737 5252 2790 5305 id
2842 5267 2907 5306 ex
2959 5263 3148 5306 natura
3185 5261 3268 5307 est
3303 5251 3422 5305 novi
3459 5249 3601 5302 Adam
3634 5239 3721 5291 Jeau

2222 5343 2448 5398 Christi.
2494 5340 2607 5396 Nisi
2643 5345 2787 5396 enim
2834 5342 3222 5408 obedientiam,
3263 5353 3318 5396 et
3359 5337 3662 5394 humilitatem
3685 5331 3721 5374 ει

2227 5436 2540 5506 patientiam
2584 5435 2935 5502 amplectare,
2988 5435 3112 5490 licet
3145 5445 3340 5490 cuncta
3386 5429 3553 5489 facias,
3597 5427 3721 5473 πλη-οη

2228 5529 2296 5582 ad
2337 5528 2578 5587 habitum
2625 5540 2832 5583 natura!
2871 5529 3202 5583 contrarium
3245 5521 3541 5581 declinabis.
3580 5511 3720 5602 Τοιυξη

2231 5619 2394 5698 igitur
2439 5635 2535 5674 cor
2579 5629 2726 5673 tunrn
2769 5619 2833 5672 ad
2870 5618 3228 5674 obediendmn
3267 5618 3372 5672 Deo
3414 5609 3720 5667 convertas"

2232 5713 2382 5766 illum
2419 5713 2714 5768 obsecrans
2759 5714 2811 5766 in
2860 5713 3129 5768 veritate:
3171 5712 3249 5765 Ad
3285 5720 3354 5772 te,
3397 5703 3606 5761 Domine.
3632 5703 3719 5757 sui”

2231 5804 2350 5874 plex
2407 5811 2634 5874 accedo;
2686 5808 2810 5860 doce
2851 5821 2930 5859 me
2970 5805 3146 5875 facere
3176 5804 3476 5861 voluntatem
3516 5779 3719 5847 tum“:
