3884 6278
217 347 377 404 1145

1304 351 1362 410 S.
1405 350 1607 410 ISAIE
1638 349 1934 409 ABBATlS
1967 349 2383 410 ORATIONES.

3368 349 3508 407 1168

216 485 336 542 ego
365 468 514 525 enim
541 467 668 540 quid
695 469 827 525 mihi
869 469 1146 541 expediat,
1188 471 1401 544 ignem.
1435 473 1537 540 Tu,
1571 473 1820 540 Domine,
1853 479 1898 536 Α
1929 476 1982 527 in
2006 489 2224 544 regnum
2259 481 2407 526 tuum
2433 470 2500 526 “.
2535 469 2710 525 Amici
2758 483 2862 524 non
2902 478 3028 524 sunt
3065 469 3230 540 igitur
3251 471 3482 542 amplius

217 578 337 631 pro
369 577 458 616 me
491 575 666 631 pugna
704 561 965 618 advenas
1003 563 1252 619 inimicos
1293 580 1472 632 meos;
1518 566 1824 621 mihienim

220 656 440 724 ignota;
469 661 595 708 sunt
628 653 846 710 fraudes
893 655 1132 725 ipsorum
1180 665 1235 710 et
1278 656 1406 715 doli.
1449 657 1508 712 Si
1547 672 1614 712 ex
1644 658 1826 712 animo

219 749 309 804 ita
335 757 610 817 precatus,
637 761 701 802 ea
736 746 1010 804 studueris
1031 749 1252 820 exsequi
1282 765 1403 819 quae
1435 750 1557 806 novi
1590 749 1826 805 hominis

219 838 368 895 Jesu
406 847 612 894 natura:
649 848 774 893 sunt
801 841 1176 910 congruentia,
1205 841 1255 895 is
1297 841 1440 896 nulla
1472 843 1524 896 in
1563 857 1619 897 re
1651 852 1703 896 te
1728 841 1826 898 de-

223 929 344 999 cipi
377 928 634 1000 patietur.
659 927 715 982 Si
750 944 914 982 unum
944 928 1162 1000 aliquod
1201 932 1465 986 duntaxat
1494 940 1825 1002 praeceptum
1869 961 1871 963 ι

224 1019 524 1086 observas,
552 1035 658 1074 non
681 1034 841 1075 curas
863 1028 914 1075 te
936 1019 1110 1090 ipsum
1141 1020 1319 1089 plane,
1357 1037 1532 1092 neque
1552 1022 1696 1078 illius
1718 1037 1830 1078 ser-

225 1111 401 1165 vituti
446 1118 501 1166 te
540 1111 758 1180 penitus
789 1111 1062 1167 addixisti.
1108 1112 1572 1180 Quemadmodum
1623 1111 1828 1185 agellus

227 1215 338 1268 per
369 1214 430 1256 se
467 1215 573 1256 non
606 1209 782 1270 potest
820 1199 1055 1268 edicere,
1090 1209 1150 1256 ut
1179 1218 1208 1256 a
1235 1203 1463 1258 zizaniis
1491 1212 1828 1274 expurgetur

224 1299 288 1348 et
314 1290 528 1347 semina
557 1292 699 1346 bona
724 1293 1008 1362 percipiat,
1042 1307 1218 1364 neque
1255 1291 1436 1364 fruges
1470 1296 1640 1349 bonas
1665 1293 1827 1350 simul

226 1397 363 1437 cum
399 1382 630 1439 zizaniis
660 1381 824 1450 ferre,
857 1383 1109 1453 quoniam
1162 1399 1193 1438 a
1245 1385 1472 1441 zizaniis
1514 1385 1824 1455 opprimun-

227 1486 328 1528 tur
357 1491 375 1530 :
409 1473 482 1528 ita
514 1483 568 1528 ιιι
593 1475 696 1530 nisi
721 1489 824 1544 ope
851 1475 1031 1530 divina
1065 1475 1234 1531 fueris
1263 1491 1292 1529 a
1316 1476 1500 1531 carnis
1537 1476 1829 1546 voluptati—

228 1565 340 1620 bus
385 1575 740 1637 expurgatus,
781 1581 887 1622 non
933 1569 1138 1644 poteris
1189 1577 1242 1624 te
1287 1569 1460 1638 ipsum
1511 1584 1541 1623 a
1605 1578 1831 1638 peccato

230 1657 534 1713 custodire.

306 1746 379 1804 ν.
419 1748 562 1804 Cave
605 1749 770 1820 igitur
823 1751 893 1806 ab
950 1751 1017 1805 iis
1051 1766 1171 1821 qua:
1218 1761 1498 1820 peccatum
1545 1760 1827 1822 generant.

229 1838 483 1894 Avaritia
535 1849 706 1893 mater
741 1847 824 1894 est
861 1839 1104 1909 improba
1150 1840 1392 1894 omnium
1453 1846 1820 1907 peccatorum.
1856 1831 1899 1884 Β

228 1928 444 1985 Acedia
485 1929 762 2000 propriam
802 1930 949 1987 fovet
992 1930 1348 1987 voluntatem.
1397 1929 1665 1987 Voluntas
1702 1945 1823 2000 pro.

232 2021 355 2090 pria
403 2019 658 2088 superbia
727 2020 1081 2088 intumescit,
1121 2028 1178 2074 et
1218 2029 1586 2088 contemptum
1638 2018 1827 2090 gignit.

231 2110 348 2164 Cor
374 2109 476 2164 sibi
502 2108 720 2178 placens
755 2110 1041 2165 mundanae
1065 2110 1479 2166 consuetudinis
1510 2110 1650 2180 parit
1680 2109 1832 2180 cupi-

233 2202 498 2267 ditatem;
538 2201 661 2256 inde
709 2200 791 2264 ﬁt,
832 2211 891 2256 ut
917 2215 1038 2271 quae
1079 2201 1174 2255 tibi
1209 2209 1334 2257 sunt
1380 2202 1590 2257 inutilia
1633 2217 1831 2258 concu-

236 2291 443 2360 piscas,
472 2299 530 2344 ttt
558 2291 1014 2347 obtrectatoribus
1037 2306 1196 2347 aures
1224 2292 1548 2360 patefacias,
1570 2301 1632 2347 ut
1659 2307 1830 2364 nugas

238 2382 534 2453 aucuperis
562 2396 763 2452 easque
787 2382 912 2438 aliis
953 2383 1220 2448 venditas,
1254 2395 1314 2438 ut
1346 2399 1467 2454 qua:
1495 2384 1678 2441 saeculi
1703 2394 1833 2440 sunt

237 2475 456 2546 diligas,
487 2484 546 2530 ut
585 2475 780 2530 doceas
803 2489 923 2546 quae
951 2489 1056 2529 non
1084 2476 1342 2540 didicisti,
1387 2486 1442 2532 et
1486 2492 1606 2546 qua:
1639 2477 1740 2532 abs
1779 2486 1830 2532 te

239 2579 350 2620 non
369 2565 658 2635 exiguntur
701 2583 714 2620 :
747 2575 806 2618 ut
835 2564 1018 2636 lingua
1054 2574 1143 2620 tua
1174 2568 1480 2636 proximum
1505 2581 1735 2639 pungas,
1764 2583 1829 2623 ac

238 2655 508 2712 stimules.
543 2655 670 2711 llac
704 2664 760 2711 et
798 2655 902 2712 alia
934 2656 1073 2710 mala
1101 2657 1370 2727 permulta
1399 2670 1826 2727 consequuntur.

242 2748 301 2803 Si
324 2749 446 2819 quis
463 2747 622 2819 igitur
643 2747 879 2817 prolicit,
897 2758 991 2802 aut
1013 2749 1160 2819 cupit
1180 2750 1463 2820 proiicere,
1490 2760 1678 2806 caveat
1707 2749 1828 2806 dili-

241 2851 431 2912 genter
461 2841 528 2896 ab
550 2840 927 2896 occasionibus
977 2849 1350 2911 peccatorum,
1399 2849 1564 2910 atque
1595 2841 1668 2896 ita
1713 2855 1832 2911 pec-

242 2941 366 2987 cata
397 2930 730 3001 comprimet
759 2941 816 2987 et
846 2932 1176 3002 exstinguet.
1203 2932 1305 3000 Qui
1332 2943 1553 2988 strenue
1605 2941 1828 3002 pugnat,

245 3027 361 3080 haec
401 3023 799 3088 animadvertit,
835 3031 889 3078 et
937 3022 1334 3079 admonitiones
1371 3023 1606 3078 libenter
1646 3025 1824 3087 audit;

243 3118 334 3189 qui
358 3132 486 3171 vero
511 3130 606 3172 eas
642 3126 983 3184 aspernatur,
1007 3117 1380 3172 adulatoribus
1423 3133 1584 3172 aures
1617 3117 1829 3185 patefa-

242 3211 340 3265 cit.
379 3209 479 3277 Qui
511 3209 760 3278 corporis
783 3209 936 3262 timet
960 3209 1354 3273 inﬁrmitatem,
1385 3210 1452 3263 ad
1491 3210 1542 3266 id
1571 3211 1712 3279 quod
1738 3226 1826 3266 se-

245 3304 479 3358 cundttm
523 3312 769 3357 naturam
801 3312 905 3367 est,
954 3318 1058 3358 non
1099 3303 1398 3370 perveniet.
1450 3301 1550 3370 Qui
1601 3304 1826 3372 supplex

249 3393 315 3447 ad
346 3392 512 3447 Deum
552 3392 817 3462 confugit,
853 3391 905 3446 in
937 3406 1004 3446 eo
1025 3392 1258 3460 quietem
1288 3393 1544 3446 inveniet.
1579 3390 1690 3447 Nisi
1716 3391 1824 3447 Ge-

247 3485 383 3539 deon
430 3483 505 3556 (9)
543 3484 764 3554 ltydrias
791 3483 1170 3553 confregisset,
1205 3497 1310 3538 non
1360 3484 1660 3552 aspexisset
1694 3483 1828 3536 lant-

249 3578 446 3647 padum
473 3577 814 3648 splendorem
834 3577 900 3643 ³¹;
945 3577 1130 3631 itidem
1161 3577 1324 3632 homo
1347 3577 1450 3632 nisi
1476 3591 1672 3646 corpus
1699 3589 1831 3629 con-

251 3666 548 3736 tempserit,
587 3666 896 3722 Divinitatis
947 3667 1126 3721 lutnen
1166 3680 1271 3721 non
1307 3665 1623 3722 intuebitur.
1654 3665 1828 3720 Etiam

245 3756 400 3813 Jahel
422 3772 559 3812 uxor
583 3755 761 3812 ilaber
789 3757 976 3822 Cinaei,
1006 3757 1106 3812 nisi
1152 3756 1367 3813 tulisset
1396 3756 1614 3812 'clavutn
1648 3758 1826 3813 taber-

249 3849 449 3916 naculi,
507 3848 706 3904 Sisaraa
752 3846 1062 3919 superbiam
1114 3864 1220 3904 non
1269 3851 1716 3921 Oppressisset“.
1771 3849 1828 3904 Si

250 3956 400 3996 mens
442 3941 606 4010 igitur
645 3957 703 3996 se
737 3940 1162 4006 conﬁrmaverit,
1207 3941 1830 4012 decreveritque-chari-

255 4044 415 4090 tatem
443 4035 620 4104 sequi,
657 4034 838 4089 omnia
875 4033 1058 4090 carnis
1087 4033 1212 4088 vitia
1246 4036 1544 4105 superabit.
1586 4033 1834 4090 Charitas

250 4129 389 4181 enim
419 4127 622 4196 patiens
648 4137 746 4194 est,
789 4127 1008 4197 benigna
1036 4138 1108 4182 est
1139 4128 1210 4193 ⁸³,
1240 4127 1636 4182 temulationem
1669 4137 1721 4183 et
1745 4143 1834 4181 ar-

259 4219 553 4289 rogantiam
591 4220 758 4287 vitat;
790 4222 1076 4291 permittit,
1107 4231 1166 4275 ιιι
1206 4235 1358 4274 mens
1398 4222 1466 4275 ab
1493 4221 1558 4274 iis
1586 4235 1704 4289 quae
1733 4236 1832 4273 na-

258 4323 389 4365 tura:
434 4313 709 4367 contraria
752 4322 896 4375 sunt,
930 4313 1287 4382 opprimatur.
1335 4311 1484 4366 Meus
1527 4323 1707 4366 autem
1739 4311 1834 4366 bo-

259 4418 345 4468 na,
380 4412 542 4472 caput
586 4413 670 4460 est
695 4405 890 4460 anima:
920 4413 1082 4476 atque
1111 4405 1387 4476 princeps,
1415 4418 1517 4459 nec
1545 4403 1680 4459 sinit
1709 4417 1831 4458 eam

261 4495 546 4564 quidquam
611 4495 923 4567 suscipere,
998 4497 1138 4566 quod
1206 4496 1280 4550 sit
1349 4503 1554 4549 natura:
1617 4504 1834 4550 contra-

261 4588 389 4641 rium
415 4603 430 4652 ;
473 4588 709 4642 ostendit
749 4588 892 4642 enim
933 4588 1007 4643 illi
1039 4597 1171 4658 quot
1198 4589 1410 4660 injuriis
1441 4598 1730 4659 propterea
1756 4586 1830 4642 sit

260 4678 466 4732 all'ecta.

323 4771 409 4826 Vl.
442 4772 697 4826 Dominus
734 4781 916 4827 noster
938 4770 1096 4828 Jesus
1119 4771 1368 4828 Christus
1404 4788 1524 4828 cum
1554 4785 1707 4827 suam
1741 4784 1831 4826 er-

256 4880 316 4934 ga
339 4878 506 4933 genus
534 4865 828 4918 lmmanum
859 4865 910 4918 itt
935 4879 1098 4919 cruce
1124 4863 1550 4920 misericordiam
1585 4865 1833 4920 ostende-

260 4968 354 5023 ret,
388 4959 626 5012 latronvs
661 4959 819 5022 duos,
868 4974 990 5014 cum
1032 4960 1173 5014 inter
1225 4961 1371 5030 ipsos
1417 4961 1627 5016 medius
1670 4969 1836 5026 esset,

257 5051 542 5120 separavit.
573 5049 844 5106 Turbatus
867 5061 948 5106 est
980 5061 1158 5107 autem
1188 5053 1232 5107 is
1256 5054 1347 5124 qui
1378 5067 1406 5106 a
1437 5053 1675 5108 sinistris
1694 5062 1832 5117 erat,

258 5139 688 5195 animadvertetis
713 5142 1165 5196 necessitudinem
1193 5159 1413 5213 praVatn
1440 5158 1559 5212 qua:
1585 5142 1682 5197 sibi
1710 5159 1832 5198 cum

261 5233 422 5286 altero
472 5232 562 5302 qui
611 5247 639 5286 a
689 5234 893 5287 dextris
942 5234 1228 5304 pendebat,
1267 5235 1669 5297 intercesserat,
1716 5249 1837 5290 esse

263 5325 602 5393 diremptam.
637 5326 705 5378 At
733 5326 848 5395 ipse
883 5342 1003 5381 cum
1035 5327 1340 5381 humilitate
1368 5335 1423 5380 et
1451 5327 1646 5380 timore
1671 5326 1720 5379 itt
1747 5323 1839 5380 Je-

261 5431 370 5470 sum
419 5417 639 5472 intuens
686 5433 701 5469 :
745 5416 1039 5483 Memento,
1087 5418 1282 5488 inquit,
1323 5419 1424 5472 mei
1480 5433 1599 5471 cum
1643 5417 1839 5471 veneris

343 5571 386 5605 ⁸¹
429 5571 552 5628 Jud.
588 5587 684 5639 vn,
724 5572 792 5630 l9
821 5586 941 5643 sqq.
1038 5571 1082 5605 °'
1119 5569 1238 5628 Jnd.
1263 5588 1333 5638 tv,
1361 5571 1423 5627 2|
1472 5586 1593 5642 sqq.

1930 581 2030 620 nec
2056 574 2235 634 potest
2261 565 2307 620 is
2333 563 2426 634 qui
2455 579 2484 616 a
2519 563 2726 618 dextris
2751 571 2856 627 est,
2888 561 3044 617 alteri
3075 563 3426 632 persuadere,
3452 572 3512 619 ut

1930 671 1960 711 a
2018 655 2160 711 malo
2212 655 2340 709 vita:
2388 655 2665 726 proposito
2704 654 2942 709 recedat.
2984 654 3250 708 Caeterum
3288 654 3387 720 illi,
3418 657 3510 724 qui

1929 747 2168 801 nondum
2196 748 2262 800 ad
2293 746 2432 802 hanc
2461 744 2780 800 humilitatis
2813 754 2868 800 et
2901 744 3186 800 charitatis
3219 746 3358 799 viam
3389 761 3513 815 per-

1924 845 2218 902 venerunt,
2251 836 2544 892 identidem
2571 835 2774 910 cadunt
2795 843 2847 890 et
2883 845 3191 906 resurgunt,
3219 836 3390 892 donec
3413 838 3514 891 mi-

1927 925 2225 981 sericordia
2259 925 2351 980 Dei
2378 940 2501 980 cum
2535 925 2643 981 illis
2673 925 2788 991 fiat,
2822 926 2943 980 sine
2973 941 3076 996 qua
3109 927 3336 982 salutem
3363 942 3512 982 asse-
3545 981 3549 996 ί

1927 1015 2018 1086 qui
2049 1027 2343 1086 nequeunt.
2374 1017 2504 1084 Quae
2527 1032 2648 1072 cum
2675 1017 2750 1071 ita
2775 1017 2904 1084 sint,
2934 1018 3059 1073 boni
3099 1018 3323 1073 latronis
3351 1019 3510 1074 tidem

1927 1115 2092 1176 atque
2164 1105 2525 1162 humilitatem
2605 1107 2899 1162 imitemur.
2968 1107 3251 1165 llumilitas
3320 1107 3510 1172 faciet,

1929 1206 1987 1254 ut
2025 1197 2206 1253 crucis
2253 1199 2605 1270 ignominiam
2644 1198 2877 1254 libenter
2911 1200 3167 1255 feramus.
3213 1201 3315 1266 Qui
3353 1214 3516 1254 cruce

1927 1307 2024 1348 sua
2076 1291 2287 1346 sublata
2334 1307 2436 1362 per
2480 1291 2755 1347 Christum
2811 1308 2840 1346 a
2889 1292 3029 1346 malo
3083 1292 3290 1348 latrone
3329 1293 3515 1362 sejun-

1929 1387 2095 1456 gitur,
2143 1387 2390 1454 agnoscit
2433 1394 2653 1455 peccata
2705 1400 2802 1440 sua
2865 1386 3065 1455 quibus
3125 1385 3293 1442 Deum
3346 1386 3518 1442 oﬂen—

1929 1475 2030 1541 dit,
2069 1490 2244 1545 eaque
2270 1475 2564 1532 conﬁtetur
2595 1483 2651 1530 et
2679 1473 2860 1539 deﬂet,
2888 1484 2943 1529 et
2976 1475 3188 1531 veniant
3219 1487 3384 1547 atque
3414 1477 3508 1532 mi-

1930 1567 2291 1638 sericordiam
2322 1569 2579 1640 impetrat
2607 1571 2674 1625 ab
2705 1570 2822 1640 ipso
2855 1569 2964 1626 Deo
2992 1589 3005 1626 :
3038 1573 3121 1627 cui
3164 1581 3426 1643 potestas,
3461 1583 3518 1630 et

1931 1659 2102 1731 gloria
2136 1675 2282 1717 nunc
2326 1674 2382 1717 et
2427 1675 2664 1733 semper,
2710 1672 2765 1717 et
2817 1663 2869 1716 in
2931 1663 3124 1718 smcula
3169 1665 3513 1720 saeculorum.

1933 1749 2129 1802 Amen.

2497 1840 2756 1899 ORATIO
2797 1842 2960 1900 XVII.

2220 1931 2293 1987 De
2325 1933 2521 2002 gaudio
2552 1935 2744 1988 anima:
2785 1935 2892 1990 Deo
2932 1937 3227 1992 servientis.

2001 2023 2040 2078 Ι.
2086 2023 2141 2078 In
2174 2025 2362 2094 primis
2404 2026 2593 2080 hortor
2639 2036 2690 2082 te
2733 2027 2785 2080 in
2819 2027 3014 2082 timore
3051 2028 3163 2094 Dei,
3205 2038 3264 2082 ut
3308 2044 3370 2082 ex
3405 2029 3520 2095 ejus

1929 2113 2207 2168 voluntate
2251 2115 2524 2185 perfectus
2552 2115 2648 2179 sis,
2683 2131 2749 2171 ne
2786 2117 3000 2172 labores
3039 2119 3113 2171 ttti
3155 2118 3266 2174 sint
3305 2119 3518 2186 inanes,

1931 2205 2024 2260 sed
2060 2205 2168 2260 Deo
2211 2207 2372 2274 grati.
2413 2205 2513 2273 Qui
2552 2205 2701 2262 enim
2744 2211 3070 2280 negotiatur,
3112 2212 3324 2268 lucrum
3363 2212 3516 2279 facit,

1931 2297 2162 2368 ideoque
2213 2297 2460 2363 laetatur;
2509 2312 2610 2353 nec
2643 2301 2953 2356 considerat
2980 2317 3120 2372 quos
3145 2303 3361 2361 labores
3397 2321 3520 2374 per-
3555 2371 3562 2378 ε

1931 2390 2135 2445 tulerit.
2161 2388 2262 2456 Qui
2289 2389 2448 2444 duxit
2469 2405 2717 2456 uxorem,
2743 2406 2863 2445 eam
2888 2393 3130 2450 studiose
3155 2397 3410 2451 observat
3437 2406 3521 2451 at-

1929 2496 2035 2552 que
2065 2481 2328 2546 custodit,
2369 2490 2424 2535 et
2469 2495 2565 2536 cor
2591 2481 2710 2552 ejus
2754 2482 2806 2537 in
2849 2483 2940 2538 illa
2981 2487 3340 2556 conquiescit.
3369 2486 3521 2545 Miles

1929 2589 2028 2644 pro
2061 2588 2187 2644 rege
2223 2589 2322 2629 suo
2366 2588 2613 2644 pugnans
2662 2584 2890 2631 mortem
2934 2577 3189 2647 despicit,
3217 2588 3277 2634 ut
3319 2593 3520 2636 corona

1931 2667 2184 2721 donetur.
2225 2665 2349 2722 llaec
2380 2666 2538 2722 istius
2577 2668 2761 2722 mundi
2789 2678 2916 2722 sunt
2939 2683 3131 2738 opera,
3156 2679 3212 2724 et
3241 2673 3331 2740 qui
3359 2685 3421 2726 ea
3446 2671 3520 2726 fa-

1930 2756 2080 2811 ciunt
2111 2757 2366 2826 gaudent.
2412 2756 2566 2822 Quod
2617 2771 2742 2811 cum
2798 2758 2868 2812 ita
2917 2760 3009 2823 sit,
3044 2774 3280 2829 quonam
3325 2762 3520 2828 gaudio

1933 2847 2075 2903 attici
2105 2849 2268 2904 debet
2297 2833 2514 2902 animus
2537 2847 2681 2902 illius
2715 2849 2806 2917 qui
2838 2847 2932 2903 Dei
2961 2863 3083 2904 sese
3116 2851 3323 2905 addixit
3353 2852 3518 2905 servi-

1933 2941 2058 3004 tttti,
2092 2949 2147 2995 et
2186 2941 2240 2994 in
2268 2954 2334 2995 eo
2363 2940 2545 2995 studio
2576 2955 2635 2994 se
2669 2943 2882 2997 naviter
2915 2942 3075 3013 gerit,
3121 2957 3243 2996 cum
3271 2944 3517 3000 conside-

1932 3040 2017 3086 rat
2051 3031 2274 3102 angelos
2301 3033 2400 3086 sibi
2437 3045 2501 3085 ex
2542 3033 2644 3088 hac
2673 3032 2779 3086 vita
2809 3031 3108 3088 discedenti
3147 3032 3362 3088 obviam
3391 3049 3516 3089 vcn-

1931 3129 2108 3186 turos,
2152 3121 2650 3192 gratulaturosque,
2708 3122 2853 3191 quod
2905 3137 2975 3177 ex
3028 3121 3376 3176 tenebrarum
3429 3136 3518 3192 po-

1936 3214 2220 3270 testatibus
2253 3213 2417 3270 fuerit
2454 3213 2751 3269 liberatus?
2773 3213 2906 3268 Cum
2946 3213 3090 3268 enim
3122 3215 3303 3269 anima
3347 3229 3379 3270 e
3404 3229 3519 3270 cor-

1931 3322 2064 3377 pore
2085 3307 2384 3378 egreditur,
2410 3306 2590 3376 angeli
2615 3320 2737 3361 cum
2763 3306 2874 3375 ipsa
2905 3304 3343 3374 proﬁciscuntur.
3371 3304 3522 3364 'l‘tmc

1932 3410 2114 3456 autem
2147 3409 2443 3455 occurrunt
2483 3399 2558 3454 illi
2588 3411 2778 3453 omnes
2811 3397 3162 3452 tenebrarum
3198 3406 3522 3466 potestates,

1931 3493 2355 3564 exquiruntque,
2398 3492 2442 3547 si
2481 3491 2612 3560 quid
2641 3490 2694 3544 itt
2732 3504 2794 3544 ea
2827 3489 3103 3558 proprium
3135 3490 3434 3551 inveniant.
3467 3500 3524 3544 ιιι

1933 3583 2078 3638 illam
2128 3581 2230 3636 sibi
2280 3580 2575 3634 vindicent.
2617 3577 2816 3633 Contra
2858 3591 2988 3631 vero
3035 3585 3146 3631 tum
3195 3576 3372 3646 angeli
3421 3592 3519 3644 pn-

1932 3681 2120 3746 gnant,
2157 3681 2268 3727 tum
2300 3671 2471 3726 multo
2506 3670 2680 3741 magis
2716 3683 2878 3739 opera
2912 3683 3032 3738 quae
3075 3668 3185 3736 ipsa
3222 3667 3369 3731 fecit,
3403 3668 3524 3736 qui-

1932 3766 2034 3821 bus
2062 3764 2132 3820 ab
2161 3762 2492 3819 adversariis
2517 3760 2956 3832 oppugnantibus
2989 3758 3298 3815 defenditur
3338 3768 3393 3813 et
3429 3773 3523 3813 cu-

1934 3855 2184 3920 stoditur,
2224 3864 2282 3910 ttt
2333 3870 2454 3909 eam
2496 3855 2764 3924 attingere
2815 3861 3104 3922 nequeant.
3156 3850 3310 3918 Quod
3358 3865 3524 3919 opera

1933 3951 2072 4005 bona
2108 3948 2362 4013 vicerint,
2409 3957 2535 4002 tunc
2569 3945 2685 4011 ejus
2711 3945 3041 4014 prteconium
3082 3953 3286 3999 canunt
3322 3942 3522 4012 angeli,

1935 4041 2106 4095 donec
2145 4053 2268 4093 cum
2304 4037 2488 4090 laetitia
2521 4036 2630 4090 Deo
2662 4043 2937 4089 occurrat.
2967 4031 3084 4098 Quo
3122 4033 3336 4101 quidem
3386 4040 3523 4086 tem-

1935 4145 2068 4201 pore
2099 4130 2339 4184 omnium
2377 4128 2620 4181 laborum
2646 4141 2784 4194 quos
2811 4126 2864 4180 in
2892 4126 3092 4178 mundo
3117 4123 3362 4191 pertulit,
3384 4123 3523 4177 obli-

1938 4223 2183 4276 viscitur.
2217 4221 2272 4274 ltt
2311 4221 2414 4274 hoc
2441 4234 2571 4286 ergo
2594 4218 2791 4286 exiguo
2819 4217 2940 4270 vitae
2969 4213 3244 4270 curriculo
3270 4214 3523 4270 ala‘criler

1936 4312 2264 4378 laboremus,
2291 4321 2346 4364 et
2369 4323 2532 4379 opera
2561 4315 2747 4363 nostra
2781 4307 2849 4361 ab
2877 4306 3024 4362 omni
3051 4304 3254 4358 malitia
3280 4320 3416 4375 pttra
3443 4316 3523 4359 at-

1938 4421 2044 4476 que
2084 4405 2288 4475 integra
2316 4401 2710 4465 custodiamus,
2751 4410 2808 4454 ut
2838 4417 2871 4455 ο
2908 4398 3157 4454 manibus
3183 4397 3522 4452 inimicorum

1939 4508 2246 4552 nostrorum
2273 4495 2364 4566 qui
2399 4492 2688 4549 admodum
2720 4491 2951 4563 improbi
2994 4489 3348 4562 crudelesque
3374 4498 3522 4557 sunt,

1935 4591 2249 4645 liberemur.

2002 4682 2066 4737 ll.
2106 4683 2302 4736 Beatus
2327 4679 2433 4744 ille,
2461 4681 2514 4735 in
2539 4693 2647 4749 quo
2680 4675 2814 4732 niltil
2849 4689 3036 4731 eorum
3065 4675 3227 4741 inest,
3263 4675 3522 4744 quoniam

1934 4773 2188 4846 gaudium
2217 4773 2335 4841 ejus
2379 4780 2432 4826 et
2462 4770 2671 4834 l.t~titia,
2703 4776 2758 4824 et
2787 4770 2940 4837 quies
2985 4778 3040 4822 et
3070 4782 3271 4822 corona
3300 4779 3381 4823 est
3418 4767 3523 4821 im-

1938 4863 2199 4920 mortalis.
2244 4862 2415 4932 ﬂujus
2451 4873 2633 4916 autem
2674 4859 2857 4914 mundi
2896 4858 3097 4914 divitia:
3126 4866 3183 4914 ct
3217 4858 3524 4930 voluptates

1937 4966 2064 5012 sunt
2090 4972 2262 5012 vanas.
2285 4955 2567 5011 Ploremus
2595 4966 2781 5007 coram
2811 4951 3039 5006 Domino
3065 4965 3163 5020 pro
3195 4950 3423 5016 viribus,
3462 4960 3524 5005 ut

1937 5049 2054 5119 ipse
2090 5063 2187 5118 pro
2234 5048 2565 5119 benignitate
2609 5061 2704 5102 sua
2748 5045 2919 5100 nostri
2955 5045 3294 5108 misereatur,
3340 5043 3523 5098 nobis-

1937 5155 2043 5210 que
2065 5138 2202 5194 l'erat
2225 5139 2510 5203 auxilium,
2537 5150 2646 5206 quo
2675 5150 2775 5191 nos
2797 5132 3166 5189 adorientibus
3188 5129 3422 5185 inimicis
3447 5143 3523 5184 re-

1940 5231 2221 5285 sistamus.
2277 5228 2476 5283 Curam
2530 5229 2702 5284 nostri
2757 5242 3011 5299 geramus
3054 5238 3176 5280 cum
3206 5221 3522 5284 severitate,

1941 5324 2320 5395 desiderioque
2345 5321 2587 5378 feramur
2616 5321 2670 5377 itt
2693 5321 2885 5386 Deum,
2912 5326 2971 5373 ut
3006 5325 3134 5372 tunc
3159 5329 3227 5370 ex
3260 5312 3524 5383 improbis
3585 5357 3587 5359 .

1943 5415 2284 5473 inimicorum
2325 5415 2574 5470 manibus
2599 5425 2699 5468 nos
2731 5410 2948 5479 eripiat.
2987 5407 3264 5480 Pauperes
3291 5404 3525 5476 benigne

1667 5569 1715 5603 ⁸³
1746 5568 1766 5625 Ι
1805 5570 1931 5628 Cor.
1965 5586 2086 5640 xm,
2118 5573 2171 5630 ι.
2248 5572 2296 5608 ⁸³
2330 5571 2462 5630 Luc.
2503 5585 2661 5636 χχιιι,
2702 5568 2792 5626 η.

333 5748 408 5821 (9)
453 5745 573 5806 Nisi
619 5749 848 5819 Gedeon,
904 5763 1008 5808 etc.
1067 5751 1190 5809 "me
1245 5750 1383 5806 infra
1448 5749 1636 5807 Graece
1689 5749 1724 5806 I.
1772 5763 1846 5820 c.,
1889 5768 2010 5826 cap.
2049 5752 2136 5809 Η.
