3884 6278
447 333 581 388 Η-ΓΙ

1561 333 1834 388 PATRES
1872 329 2176 388 EGYPTII
2216 331 2493 390 SECULI
2525 331 2610 390 IV.

3566 337 3673 396 “‘3

445 445 889 514 complectamur,
937 454 995 500 ut
1031 459 1131 500 nos
1175 447 1242 499 ab
1292 445 1522 500 avaritia
1569 445 1776 501 liberet.
1823 448 2024 503 Omnes
2055 448 2099 504 Α
2129 447 2321 502 Multas
2349 448 2493 502 enim
2524 445 2692 502 tendit
2713 446 2957 514 insidias,
2993 457 3055 502 ut
3087 447 3396 518 oppprimat
3417 456 3491 503 te.
3511 447 3674 505 Tristi-

448 534 646 590 fratres
677 545 890 590 nostros
920 537 1122 605 pariter
1155 536 1460 606 diligamus,
1507 539 1772 592 neminem
1805 540 2022 593 omnino

447 626 573 680 odio
595 636 999 694 prosequentes,
1027 643 1190 696 neque
1218 627 1313 680 ulli
1341 628 1535 682 malum
1562 645 1654 698 pro
1678 629 1815 682 man
1843 630 2023 682 redda-

451 732 566 769 mus
597 717 666 780 ⁸⁸,
705 728 866 785 atque
919 719 986 772 ab
1030 719 1371 772 aemulatione
1412 719 1783 774 liberabimur.
1828 718 2021 774 Pacem

452 823 575 861 cum
631 809 904 872 omnibus,
959 817 1066 863 tam
1119 812 1320 880 parvis,
1367 827 1529 879 quam
1576 811 1785 881 magnis
1827 812 2022 866 habea-

455 915 572 953 mus
595 899 661 952 ⁸⁸.
700 899 962 954 Omnibus
1009 901 1060 954 in
1105 903 1264 956 rebus
1305 903 1660 958 humilitatem
1725 916 2020 970 servemus,

454 991 808 1059 proximoque
837 993 1114 1057 cedamus,
1140 996 1385 1063 quamvis
1412 994 1602 1063 injuria
1628 1004 1718 1049 aut
1743 1005 2021 1050 cootume-

456 1079 525 1133 lia
571 1080 766 1147 atl'ecti,
817 1092 874 1136 ut
919 1098 947 1136 a
989 1085 1239 1152 superbia
1287 1085 1438 1139 liberi
1481 1087 1670 1149 simus.
1711 1086 2020 1140 Proximum

455 1180 720 1236 nostrum,
756 1171 881 1224 licet
905 1174 1272 1242 vituperemur
1293 1175 1362 1229 ab
1385 1190 1469 1240 eo,
1499 1176 1700 1230 honore
1725 1192 2021 1247 proquua-

455 1274 603 1326 mur,
623 1271 674 1315 et
702 1279 730 1314 a
764 1262 1136 1317 maledicentia
1170 1264 1368 1320 erimus
1395 1267 1574 1320 alieni.
1599 1267 1780 1322 Mundi
1804 1269 2023 1322 delicias

453 1360 509 1404 et
534 1352 825 1420 dignitates
854 1363 1288 1419 contemnamus,
1329 1364 1387 1409 ut
1413 1357 1482 1411 ab
1508 1358 1706 1412 invidia
1730 1359 1903 1414 simus
1937 1361 2022 1414 iu-

457 1444 613 1511 tegri.
658 1442 918 1514 Linguam
960 1445 1011 1499 in
1051 1445 1142 1500 Dei
1179 1446 1426 1502 laudibus
1469 1457 1526 1502 et
1566 1449 1820 1518 precibus
1852 1451 2025 1506 conti-

455 1549 700 1599 neamus,
758 1547 815 1589 ut
854 1539 1190 1592 mendacium
1234 1553 1263 1592 a
1300 1541 1452 1595 nobis
1484 1542 1676 1616 procul.
1699 1542 1856 1596 absit.
1896 1545 2025 1597 Ani-

455 1641 600 1679 mum
635 1636 690 1680 et
721 1643 915 1696 corpus
946 1638 1188 1683 nostrum
1212 1646 1238 1684 a
1269 1630 1487 1686 libidine
1514 1647 1815 1697 arceamus,
1843 1642 1900 1687 ut
1929 1651 2027 1703 pu-

458 1717 501 1769 ri
535 1719 778 1785 castique
803 1719 991 1773 simus.
1024 1717 1148 1773 Haec
1172 1722 1313 1775 enim
1347 1721 1604 1787 animam,
1629 1739 1749 1777 cum
1771 1739 1802 1779 e
1830 1739 2024 1792 corpo-

456 1821 515 1858 re
541 1807 835 1874 egreditur,
859 1817 1074 1861 tuentur
1095 1819 1256 1877 atque
1282 1809 1604 1877 defendunt;
1637 1821 1690 1865 et
1721 1813 1942 1866 virtutes
1975 1814 2022 1866 ei

454 1908 578 1949 sunt
605 1897 825 1961 auxilio,
860 1899 904 1952 si
940 1913 1032 1952 eas
1058 1900 1379 1968 possederit.
1411 1901 1542 1967 Quis
1568 1903 1788 1971 sapiens
1815 1912 2027 1959 recuset

454 1997 681 2040 mortem
728 1998 999 2056 oppetere,
1048 1999 1105 2044 ut
1143 2005 1173 2044 a
1217 1991 1402 2045 mundi
1436 1993 1666 2048 miseriis
1699 2003 1754 2048 et
1790 1995 2028 2063 peccatis

457 2075 749 2132 liberetur?
810 2079 1094 2136 Faciamus
1127 2082 1267 2150 quod
1319 2082 1370 2136 in
1427 2085 1581 2139 nobis
1623 2092 1725 2151 est,
1761 2095 1814 2139 et
1858 2086 2028 2141 virtus

461 2169 672 2224 Domini
698 2171 869 2225 nostri
900 2169 1026 2227 Jesu
1055 2172 1254 2228 Christi
1281 2183 1478 2229 nostra:
1514 2190 1620 2229 non
1649 2177 1819 2231 deerit
1853 2177 2030 2232 humi-

459 2261 619 2316 litati.
654 2262 811 2318 Novit
853 2265 996 2318 enim
1039 2265 1274 2320 hominis
1307 2266 1703 2334 inﬁrmitatem,
1743 2278 1796 2322 et
1826 2268 2026 2325 idcirco

456 2340 726 2408 concessit
752 2353 824 2407 illi
856 2355 1158 2424 perfugium
1187 2356 1536 2423 ptenitentire,
1578 2359 1813 2428 quandiu
1843 2371 1926 2415 est
1973 2361 2024 2414 in

459 2459 707 2513 corpore,
734 2460 903 2514 usque
927 2448 994 2502 ad
1020 2459 1322 2502 extremum
1345 2450 1614 2519 spiritum.
1639 2449 1840 2506 Omnes
1867 2452 2029 2521 igitur

459 2537 812 2605 cogitationes
836 2548 954 2593 tuas
990 2539 1042 2592 iu
1083 2539 1190 2594 Deo
1227 2540 1345 2607 fige,
1387 2552 1443 2594 ut
1479 2551 1527 2595 te
1564 2542 1854 2596 custodiat.
1882 2542 2028 2596 Nihil

459 2629 512 2681 in
545 2629 646 2682 boc
675 2629 874 2685 mundo
911 2631 1024 2700 spei
1062 2647 1247 2700 ponas,
1282 2648 1348 2686 ne
1403 2618 1469 2686 te.
1495 2633 1714 2702 perdat;
1757 2649 1844 2688 res
1885 2635 2027 2688 enim

461 2721 560 2774 has
581 2717 779 2776 omnes
801 2730 1042 2776 terrenas
1069 2722 1434 2792 derelinques,
1458 2733 1512 2779 et
1536 2724 1845 2794 ernigrahis.
1869 2725 2032 2792 Quid-

459 2811 588 2880 quid
619 2822 796 2866 autem
829 2813 1064 2882 gesseris
1093 2824 1309 2884 propter
1340 2815 1528 2879 Deum,
1557 2816 1608 2869 id
1645 2825 1696 2867 te
1739 2817 2032 2874 necessita-

460 2910 532 2964 tis
563 2917 802 2975 tempore
825 2905 1186 2961 comitabitur.
1214 2905 1343 2971 Quae
1376 2907 1556 2958 mundi
1589 2915 1735 2969 sunt,
1766 2907 1887 2960 odio
1910 2921 2032 2977 pro-

461 3015 713 3069 sequere,
743 3009 800 3052 ut
832 2998 997 3052 Demn
1038 3012 1132 3052 cor
1161 3007 1310 3051 tuum
1345 2996 1542 3052 videat.
1575 2997 1815 3052 Orationi
1858 2998 2032 3053 couti-

2127 541 2196 594 tia
2220 555 2340 609 quae
2371 555 2436 593 ex
2481 539 2588 595 Deo
2617 549 2702 595 est
2734 538 2966 594 ltetitiam
2999 537 3176 602 affert,
3201 549 3253 598 et
3279 538 3555 594 hominem
3576 556 3674 595 con-

2125 631 2304 685 firmat
2339 631 2392 684 in
2427 632 2702 686 voluntate
2742 631 2858 685 Dei.
2890 630 2990 697 Qui
3033 639 3208 684 auten.
3245 629 3380 684 dicit
3418 630 3514 684 tibi
3543 647 3556 682 :
3582 631 3673 696 Quo

2122 722 2336 792 fugies?
2359 723 2730 791 paenitentiam
2774 737 2878 776 non
2921 722 3110 786 habes,
3153 722 3371 795 veniam
3410 735 3516 774 non
3549 721 3672 774 inve-

2124 817 2274 880 nies;
2314 817 2359 871 is
2394 817 2462 873 ab
2489 817 2709 871 inimico
2755 827 2856 883 est,
2891 826 2948 871 et
2999 816 3128 870 nihil
3163 815 3306 870 aliud
3344 816 3555 884 quaerit,
3593 818 3672 868 nisi

2123 919 2202 972 ut,
2234 908 2439 973 abiecta
2479 909 2832 971 continentia,
2889 908 3095 962 incidas
3145 907 3198 961 iu
3243 906 3669 975 desperationem.

2122 999 2364 1054 Tristitia
2398 1014 2526 1053 vero
2552 1013 2672 1068 quae
2701 1013 2766 1052 ex
2792 997 2901 1052 Deo
2926 1009 3029 1063 est,
3055 998 3328 1052 hominem
3354 997 3425 1050 ad
3450 995 3669 1065 despera-

2124 1091 2322 1150 tionem
2372 1105 2475 1143 non
2512 1089 2756 1159 impellit,
2785 1091 2879 1144 sed
2915 1099 3104 1144 contra
3131 1090 3308 1155 potius
3341 1102 3469 1144 eum
3509 1103 3672 1142 conso-

2123 1182 2280 1248 latur,
2312 1179 2389 1236 Ne
2419 1182 2630 1245 timeas,
2662 1180 2939 1249 inquiens;
2973 1180 3038 1234 ad
3070 1179 3232 1234 Deum
3270 1187 3566 1243 revertere,
3599 1179 3671 1248 qni

2122 1272 2386 1341 benignus
2419 1281 2472 1326 et
2507 1270 2812 1326 misericors
2837 1278 2920 1325 est
2951 1277 3007 1324 et
3030 1270 3178 1324 novit
3209 1269 3493 1324 hominum
3528 1268 3671 1322 imbe-

2123 1361 2425 1416 cillitatem.
2471 1361 2624 1417 Malis
2664 1359 3077 1430 cogitationibus
3127 1359 3329 1414 acriter
3376 1359 3581 1419 resiste,
3630 1369 3670 1412 et

2125 1455 2219 1509 abs
2263 1461 2312 1507 te
2350 1451 2575 1521 fugient.
2607 1451 2847 1507 Timidos
2887 1451 3029 1505 enim
3085 1451 3422 1520 ignavosque
3454 1458 3669 1518 premunt

2124 1559 2186 1596 ac
2215 1553 2492 1610 superant,
2521 1553 2576 1597 et
2607 1543 2764 1597 ﬁdem
2791 1541 2844 1596 in
2878 1542 2984 1596 Deo
3013 1556 3117 1595 non
3146 1540 3354 1594 habere
3381 1551 3652 1606 coarguunt

2125 1633 2225 1699 Qui
2288 1633 2386 1688 sibi
2458 1633 2570 1701 ipse
2634 1632 2852 1686 minime
2887 1621 3219 1695 ‘blanditur,
3287 1628 3490 1696 quique
3546 1644 3666 1681 suam

2127 1727 2371 1794 agnoscit
2429 1724 2754 1793 imperitiam
2810 1732 2971 1791 atque
3025 1721 3422 1783 inﬁrmitatem,
3492 1720 3534 1772 is
3591 1735 3664 1773 non

2126 1815 2506 1884 cupiditatibus
2562 1815 2802 1885 indulget
2855 1813 2988 1878 suis,
3045 1813 3138 1866 sed
3189 1811 3390 1866 divinae
3423 1812 3665 1878 obtempe-

2127 1917 2212 1958 rat
2254 1905 2532 1960 voluntati.
2570 1904 2669 1970 Qui
2722 1903 2825 1958 sibi
2866 1904 2978 1972 ipse
3019 1901 3213 1971 placet,
3267 1910 3326 1955 et
3375 1902 3663 1956 sententiam

2127 2009 2278 2050 suam
2320 1993 2527 2048 caeteris
2567 1993 2861 2062 anteponit,
2909 1992 3155 2047 timorem
3198 1991 3305 2045 Dei.
3338 2006 3369 2044 a
3404 2005 3464 2046 se
3513 1993 3666 2045 abesse

2126 2087 2382 2141 ostendit.

2199 2179 2287 2234 IV.
2322 2179 2507 2233 Timor
2535 2177 2628 2232 Dei
2669 2186 2848 2234 custos
2883 2186 2964 2232 est
2997 2175 3222 2239 animae,
3255 2183 3311 2230 et
3350 2174 3566 2228 rationis
3591 2175 3665 2227 ile-

2129 2267 2316 2324 fensor
2367 2269 2626 2323 adversus
2680 2267 2928 2322 inimicos
2985 2265 3123 2333 ejus.
3171 2265 3272 2331 Qui
3331 2265 3424 2318 Dei
3476 2264 3662 2334 gloriam

2127 2361 2344 2429 quaerit,
2374 2375 2406 2414 a
2433 2375 2493 2415 se
2517 2360 2668 2430 fugat
2696 2359 3122 2414 immunditiam.
3142 2356 3242 2422 Qui
3270 2357 3555 2424 prudenter
3580 2355 3661 2409 sol-

2131 2453 2308 2508 licitus
2347 2461 2465 2520 est,
2503 2450 2772 2508 abscindit
2805 2451 3148 2520 cupiditates.
3179 2449 3502 2505 Sollicitudo
3528 2449 3664 2511 enim,

2131 2554 2188 2598 ut
2222 2544 2484 2613 scriptum
2515 2551 2619 2607 est,
2657 2541 2836 2596 veniet
2863 2541 2930 2595 ad
2967 2541 3242 2597 hominem
3275 2541 3594 2611 sapientem;
3621 2547 3661 2592 et

2127 2633 2224 2702 qui
2254 2648 2313 2688 se
2347 2633 2519 2701 ipsum
2550 2641 2843 2699 extenuat,
2879 2632 3029 2688 novit
3059 2633 3380 2687 sanitatem.
3423 2633 3518 2699 Qui
3549 2630 3659 2700 regis

2131 2725 2213 2778 sui
2243 2725 2373 2778 vicit
2395 2724 2756 2788 adversarios,
2787 2733 3102 2780 coronatur.
3133 2723 3269 2778 Sunt
3308 2723 3464 2788 vitia,
3491 2731 3598 2778 sunt
3620 2734 3658 2773 et

2132 2813 2384 2868 virtutes.
2409 2811 2562 2878 Quod
2595 2813 2638 2871 si
2670 2827 2771 2868 nos
2799 2813 3017 2868 desidia:
3045 2813 3317 2876 dedimus,
3348 2811 3657 2882 deprehendi-

2134 2921 2254 2959 mur
2296 2905 2621 2974 proditores.
2657 2902 2835 2959 Labor
2864 2903 3158 2959 secundum
3216 2904 3388 2957 Deum
3435 2902 3498 2956 ad
3529 2901 3658 2954 virtu-

2138 3006 2245 3052 tem
2280 2995 2484 3051 auxilio
2517 3005 2626 3059 est,
2653 2995 2858 3050 desidia
2885 2995 3138 3050 vitiorum
3165 3004 3250 3050 est
3279 3006 3475 3050 mater.
3499 2994 3656 3048 Eorum

461 3104 651 3148 uenter
690 3090 956 3154 incumbe,
989 3099 1046 3142 ut
1091 3088 1304 3142 animus
1345 3097 1464 3142 tuus
1511 3086 1830 3140 illustretur.
1878 3087 2028 3143 Desi-
2057 3113 2106 3178 ο
2134 3090 2225 3159 qui
2281 3089 2509 3144 virtutes
2555 3095 2846 3157 capessunt
2891 3095 2996 3151 est,
3046 3096 3106 3142 ut
3149 3087 3196 3142 si
3227 3087 3537 3146 ceciderint,
3576 3098 3656 3138 non

469 3179 604 3237 ﬁliam
655 3183 800 3245 fuge,
859 3192 927 3233 ne
979 3176 1166 3232 dolore
1217 3175 1470 3230 aﬂlciaris
1520 3177 1572 3230 in
1637 3178 2030 3234 resurrectione

455 3277 746 3347 iustorum.
781 3269 1046 3340 Linguam
1080 3276 1226 3322 tuam
1265 3268 1495 3333 custodi,
1541 3277 1596 3322 et
1637 3268 1733 3324 Dei
1783 3272 2030 3326 timorem

457 3367 800 3436 amplectere.
823 3363 878 3416 lu
901 3376 1164 3432 pauperes
1197 3361 1460 3431 benignus
1483 3373 1620 3428 esto,
1656 3379 1722 3418 ue
1746 3364 1797 3418 iu
1819 3373 2032 3418 sancto-

461 3473 580 3512 rum
614 3463 903 3522 conspectu
946 3451 1316 3506 confundaris.
1357 3451 1611 3506 Ciborum
1657 3467 1722 3506 ue
1757 3453 2032 3521 indulgeas

459 3549 760 3620 cupiditati,
798 3560 865 3600 ne
904 3555 1088 3600 arceat
1131 3553 1183 3597 te
1216 3543 1455 3598 Amalec.
1501 3545 1545 3598 A
1602 3545 2033 3600 murmurationi-

461 3645 562 3697 bus
597 3652 856 3706 tempera,
883 3653 948 3690 ne
981 3647 1031 3690 te
1056 3643 1336 3703 serpentes
1365 3636 1642 3692 devorent.
1687 3635 1806 3690 Noli
1848 3637 2031 3691 vinum

461 3734 684 3802 diligere
709 3732 773 3783 ad
801 3731 1143 3790 ebrietatem,
1180 3741 1246 3782 ne
1286 3727 1379 3782 Dei
1414 3725 1599 3781 hetitia
1624 3727 1871 3797 priveris.
1907 3725 2032 3784 Pios

463 3827 708 3881 homines
733 3823 896 3890 dilige
933 3829 1095 3889 atque
1131 3821 1380 3884 observa,
1412 3828 1469 3871 ut
1509 3835 1607 3888 per
1644 3822 1787 3890 ipsos
1824 3822 2028 3876 miseri-

460 3919 700 3975 cordiam
725 3931 1074 3985 consequare.
1104 3914 1337 3969 Sanctos
1363 3915 1610 3972 homines
1632 3918 1770 3984 cole,
1799 3927 1854 3973 ut
1885 3919 2032 3975 zelus

459 4025 647 4066 eorum
679 4006 928 4062 comedat
963 4013 1035 4060 te.
1857 3997 1864 4003 ’

530 4097 616 4152 lll.
658 4097 828 4168 Regni
869 4095 1126 4151 crelorum
1159 4093 1469 4159 recordare,
1519 4102 1578 4147 ut
1612 4093 1728 4164 ejus
1770 4098 2028 4151 memoria

2134 3182 2444 3248 desperent,
2470 3179 2564 3234 sed
2585 3189 2897 3250 exsurgant.
2927 3179 3186 3234 Moderati
3218 3178 3464 3248 corporis
3486 3176 3654 3230 labores

2135 3272 2188 3326 in
2219 3269 2528 3335 excolendis
2568 3269 2858 3324 virtutibus
2903 3277 3146 3338 prosunt.
3181 3267 3258 3321 Ex
3296 3267 3486 3322 inertia
3519 3264 3655 3335 pullu—

2133 3358 2247 3413 lant
2272 3359 2420 3414 vitia.
2472 3357 2721 3413 Scienter
2752 3358 3106 3427 pugnantium
3138 3372 3330 3412 murus
3364 3365 3477 3418 est,
3513 3353 3654 3424 proxi-

2135 3467 2282 3505 mum
2311 3466 2417 3505 non
2441 3451 2700 3518 judicare.
2737 3449 2946 3503 Murum
2980 3449 3124 3504 hunc
3156 3449 3350 3513 diruit,
3379 3447 3466 3516 qui
3493 3447 3653 3512 vitupe-

2136 3554 2220 3598 rat
2272 3543 2598 3613 proximum.
2654 3541 2871 3611 Lingua:
2909 3540 3207 3596 moderatio
3252 3542 3554 3609 prudentem
3587 3537 3646 3587 iu-

2133 3637 2282 3690 dicat
2301 3635 2594 3689 hominem.
2621 3633 2720 3701 Qui
2748 3633 2942 3704 lingua:
2973 3633 3117 3687 laxat
3144 3632 3404 3698 habenas,
3432 3647 3484 3686 se
3505 3626 3650 3699 procul

2133 3743 2166 3782 a
2195 3728 2392 3782 virtute
2420 3728 2611 3781 abesse
2635 3725 2921 3796 signiﬁcat.
2948 3724 3301 3794 Elcemosyna
3333 3723 3558 3777 fiduciam
3581 3733 3647 3785 pa.

2133 3820 2239 3885 rit;
2283 3820 2373 3889 qui
2407 3818 2663 3872 abhorret
2712 3819 2777 3872 ab
2821 3816 3158 3887 eleemosyua
3183 3857 3199 3880 ,
3230 3815 3444 3868 virtutis
3469 3819 3542 3866 est
3575 3820 3646 3860 cx-

2132 3925 2276 3978 pers.
2318 3909 2536 3963 Bonitas
2586 3918 2758 3960 mater
2783 3913 2867 3961 est
2895 3904 3181 3959 castitatis.
3213 3901 3393 3957 Animi
3419 3894 3646 3954 distractio

2130 3998 2297 4069 gignit
2327 3997 2664 4066 cupiditates.
2696 3995 2886 4049 Cordis
2913 3993 3181 4062 asperitas
3209 3990 3531 4045 iracundiam
3550 3996 3646 4052 pro.

2132 4091 2250 4143 mit.
2282 4089 2459 4142 Animi
2501 4086 2820 4142 exercitatio
2866 4094 3112 4140 terrenas
3141 4084 3435 4138 detestatur
3461 4090 3644 4143 occupto

460 4202 515 4248 te
552 4165 807 4262 paulatim
860 4188 1081 4244 alliciat.
1123 4187 1439 4242 Gebennam
1472 4188 1777 4255 considera,
1821 4201 1879 4242 ut
1913 4190 2054 4257 ejus-
2133 4183 2326 4238 tiones.
2361 4181 2605 4249 Corporis
2637 4170 2940 4235 exercitatio
2969 4192 3158 4244 parum
3191 4175 3337 4228 utilis
3365 4183 3433 4228 est
3457 4170 3517 4223 ⁸⁷.
3546 4165 3643 4262 Ani-

457 4301 622 4356 opera
659 4284 749 4338 tibi
799 4283 908 4338 sint
953 4281 1146 4336 invisa.
1183 4279 1436 4346 Quotidie
1469 4295 1627 4336 mane
1670 4296 1790 4336 cum
1831 4283 2028 4352 surgis,
2131 4289 2250 4329 llillS
2299 4272 2564 4335 concidit.
2602 4286 2724 4326 cum
2767 4269 3146 4368 οερυρξιιίοηεε
3191 4266 3416 4368 diligit:
3451 4269 3645 4368 οιξυτειξ

459 4350 657 4446 cogita,
693 4374 802 4428 Deo
833 4381 888 4427 te
921 4385 1102 4426 rerum
1136 4369 1376 4424 omnium
1407 4384 1545 4438 quas
1577 4369 1830 4439 gesseris,
1868 4350 2032 4424 ratio—
2059 4446 2095 4454 ᾳ
2135 4375 2334 4429 autem,
2358 4367 2482 4420 dum
2506 4359 3094 4454 moderatam‘qnietem-
3120 4350 3643 4454 amplectitur-."Somni

461 4445 582 4520 nem
615 4465 971 4527 redditurum,
1017 4470 1070 4514 et
1115 4476 1218 4514 non
1255 4461 1506 4528 peccabis
1550 4458 1810 4516 adversus
1854 4461 2026 4526 illum,
2059 4446 2103 4500 Ῑ)
2131 4459 2356 4514 satietas
2395 4456 2448 4510 in
2486 4467 2714 4524 corpore
2739 4451 2942 4506 excitat
2973 4449 3322 4520 cupiditates.
3355 4445 3529 4517 Vigilia
3558 4456 3640 4493 ιιιοο

458 4559 552 4612 sed
579 4553 702 4626 ejus
737 4557 896 4609 timor
927 4555 978 4607 iu
1014 4563 1065 4608 te
1098 4553 1358 4608 manebit.
1384 4551 1520 4605 Para
1547 4561 1618 4618 te,
1649 4561 1707 4606 ut
1735 4553 1784 4608 ei
1814 4554 2026 4608 obviam
2125 4551 2312 4607 derata
2342 4548 2490 4602 salus
2515 4556 2598 4602 est
2622 4545 2821 4602 cordis.
2861 4545 3096 4600 Somnus
3122 4538 3636 4638 immodicus-hebete!

457 4625 742 4720 procedas,
779 4657 830 4702 et
857 4647 974 4716 ejus
1005 4645 1266 4700 voluntati
1290 4643 1710 4713 obtemperabis.
1741 4645 1938 4699 Eorum
1973 4640 2028 4700 in
2125 4647 2388 4710 animum,
2415 4642 2740 4706 ,moderatus
2769 4650 2948 4693 autem
2986 4637 3134 4690 illum
3164 4635 3329 4732 acuit.

455 4718 652 4811 quibus
692 4741 779 4795 hic
811 4739 1017 4801 deﬁcis,
1051 4736 1290 4806 quotidie
1330 4736 1594 4790 rationem
1639 4736 1944 4800 subducite,
1979 4747 2030 4791 et
2127 4746 2339 4807 tempus
2392 4734 2447 4789 in
2501 4732 2662 4804 nugis
2716 4729 3023 4796 consumit,
3061 4725 3397 4782 tolerabilius
3447 4718 3562 4775 illud
3583 4718 3637 4811 :in

454 4806 510 4890 in
550 4834 666 4902 ipso
707 4832 898 4886 mortis
941 4831 1168 4884 articulo
1217 4844 1322 4883 non
1358 4828 1633 4899 allligeris.
1670 4828 1900 4885 Videant
1931 4831 2034 4884 fra-
2136 4824 2327 4883 somno
2356 4825 2669 4881 collocaret.
2704 4821 2972 4877 Vitiorum
3000 4819 3240 4873 omnium
3277 4828 3451 4910 comes
3475 4806 3636 4910 estdo-

455 4898 672 4979 tres'tui
706 4937 870 4988 opera
917 4929 1008 4973 tua
1057 4922 1215 4986 bona,
1249 4929 1302 4973 et
1345 4898 1492 4974 zelus
1530 4930 1749 4975 sanctus
1787 4923 2035 4977 comedat
2133 4920 2234 4975 lor.
2287 4917 2524 4974 Proximi
2565 4914 2950 4970 conscientiam
3006 4925 3111 4963 non
3159 4908 3364 5001 pungit
3393 4898 3634 5001 humilitas.

451 5033 568 5074 eos.
603 5015 836 5084 Explora
872 5012 1133 5082 quotidie,
1171 5014 1378 5081 ecquod
1415 5013 1468 5068 in
1501 5023 1552 5068 te
1582 5014 1772 5068 vitium
1803 5031 2030 5084 supera.
2132 5011 2374 5065 Humana
2401 5009 2566 5080 gloria
2601 5005 2858 5076 paulatim
2891 5001 3196 5071 superbiam
3254 4997 3410 5067 parit.
3448 4992 3635 5092 Disten-

453 5105 551 5168 ris,
581 5116 680 5157 nec
725 5099 820 5155 tibi
860 5110 1140 5169 propterea
1183 5098 1432 5167 placeas;
1482 5117 1605 5155 nam
1657 5103 2032 5159 misericordia
2131 5104 2208 5158 tio
2256 5100 2479 5172 impedit
2507 5099 2889 5169 cognitionem.
2927 5093 3144 5150 Ventris
3174 5087 3491 5147 continentia
3537 5087 3629 5179 vitia

450 5205 505 5247 et
545 5193 714 5247 virtus
755 5200 882 5246 sunt
914 5189 1029 5244 Dei.
1067 5190 1140 5244 De
1177 5189 1278 5243 ﬁde
1311 5200 1363 5244 et
1393 5193 1660 5258 probitate
1701 5202 1789 5246 tua
1833 5209 1900 5248 ne
1930 5210 2025 5249 ex-
2129 5197 2331 5250 domat.
2369 5194 2655 5264 Epularum
2695 5190 2928 5246 studium
2963 5189 3252 5241 immensas
3297 5181 3482 5238 excitat
3519 5185 3632 5264 cup»!-

451 5286 680 5350 tollaris,
716 5284 808 5339 sed
841 5284 906 5339 ad
938 5283 1184 5337 ultimum
1218 5298 1386 5351 usque
1416 5288 1540 5338 vita:
1571 5286 1818 5355 spiritum
1850 5298 1932 5343 sta
1968 5291 2022 5343 in

450 5376 666 5430 timore.
699 5375 776 5430 Ne
807 5375 897 5429 tibi
932 5375 1050 5444 ipse
1078 5375 1232 5437 ﬁdas,
1263 5376 1500 5444 quandiu
1530 5378 1687 5442 vivis,
1716 5379 1892 5434 donec
1928 5396 2022 5435 su-

447 5483 605 5536 peres
632 5481 822 5522 omnes
864 5468 1204 5522 tenebrarum
1237 5481 1550 5538 potestates.
1595 5468 1789 5540 Vigila,
1825 5470 2021 5540 frater,

446 5559 705 5614 adversus
757 5560 1006 5651 spiritum
1077 5561 1279 5616 homini
1338 5563 1612 5620 tristitiam
1681 5566 2016 5623 aﬁ'erentem.

518 5716 563 5746 "
603 5713 759 5772 Rom.
793 5732 890 5784 xu,
925 5718 1008 5774 17.
1085 5719 1130 5751 ⁸⁸
1158 5720 1288 5775 ibid.
1327 5721 1410 5775 l8.
1487 5724 1530 5754 '"
1569 5720 1589 5776 l
1630 5725 1771 5778 Tim.
1813 5740 1885 5791 tv,
1929 5728 1981 5782 8.

2121 5289 2335 5343 ditates.
2377 5262 2629 5354 corporis
2670 5293 2894 5338 ornatus
2933 5287 3016 5334 est
3055 5278 3249 5332 animae
3285 5273 3531 5331 interitus.
3563 5262 3626 5315 Di-

2122 5383 2228 5442 viui
2256 5379 2445 5452 iudicii
2475 5377 2748 5433 meditatio
2778 5375 3014 5429 animum
3045 5371 3286 5427 continet
3321 5369 3371 5422 in
3404 5360 3568 5458 officio.

2195 5474 2257 5532 ν.
2293 5474 2394 5542 Qui
2420 5469 2800 5528 conscientiam
2832 5466 3133 5529 concaleat,
3165 5465 3384 5518 virtutes
3410 5456 3619 5512 excutlle

2119 5568 2280 5627 corde
2305 5583 2422 5625 suo.
2454 5569 2554 5633 uni
2585 5566 2751 5622 Deum
2794 5562 2966 5630 timet,
2995 5555 3226 5632 diligens
3254 5564 3374 5621 est;
3406 5547 3486 5621 qui
3511 5542 3622 5599 illum
