3888 6284
320 405 456 462 1149

1395 402 1453 458 S.
1495 402 1692 459 ISAIA‘J
1732 403 2022 461 ABBATIS
2059 404 2468 463 ORATIONES.

3414 413 3554 467 “50

319 539 427 578 non
469 523 642 586 timet,
683 520 1027 589 amplectitur
1053 519 1452 590 negligentiam.
1493 523 1592 589 Qui
1637 527 1888 578 ossuum
1920 528 1961 583 A
1989 539 2021 578 e
2070 540 2296 596 corpore
2334 523 2670 591 discesseris,
2726 535 2779 579 et
2825 523 2968 580 nullo
3026 532 3262 595 tempore
3313 528 3552 600 negligas

318 613 556 670 custodit
590 611 986 682 prudenterque
1025 619 1191 676 tacet,
1231 609 1585 680 cogitationes
1618 612 1668 666 in
1720 614 1887 668 Deum

321 706 476 760 tollit.
509 705 550 758 E
579 702 915 770 multiloquio
947 702 1148 756 desidia
1179 701 1356 769 prodit
1384 709 1439 756 et
1468 703 1641 758 furor.
1669 703 1770 770 Qui
1802 719 1888 759 vo-

322 798 579 851 luntatem
609 810 761 850 suam
795 795 1039 863 proximo
1070 793 1356 859 submittit,
1400 795 1637 848 animum
1669 797 1886 852 virtutis

322 890 621 947 Studiosum
651 888 917 952 ostendit;
946 887 1036 956 qui
1068 901 1197 941 vero
1231 888 1560 942 voluntatem
1593 903 1743 943 suam
1774 903 1886 944 am-

320 981 592 1050 plectitur,
622 994 732 1047 prae
769 993 828 1032 se
871 977 974 1032 fert
1023 978 1369 1048 imperitiam.
1411 978 1502 1032 Dei
1533 977 1692 1033 timor
1721 987 1774 1033 et
1806 989 1886 1032 ta-

317 1072 426 1126 cita
482 1069 757 1124 meditatio
808 1068 1041 1123 custodit
1095 1069 1334 1122 animum
1391 1083 1420 1122 a
1485 1069 1652 1122 vitiis.
1700 1067 1882 1124 Mundi

317 1161 582 1230 colloquia
618 1159 766 1214 cordi
814 1159 1064 1213 tenebras
1098 1158 1403 1223 offundunt,
1445 1168 1497 1213 et
1530 1175 1558 1212 a
1597 1160 1885 1216 virtutibus

318 1254 611 1306 deterrent.
645 1249 845 1303 Rerum
887 1264 1039 1302 amor
1081 1259 1415 1303 terrenarum
1453 1260 1684 1304 mentem
1725 1259 1884 1320 atque

317 1340 554 1394 animum
586 1338 894 1408 perturbat;
922 1352 1106 1391 earum
1133 1352 1260 1392 vero
1285 1347 1624 1406 contemptus
1647 1339 1882 1408 quietem

320 1431 477 1484 affert
497 1441 550 1483 et
578 1427 1044 1497 tranquillitatem.
1070 1426 1169 1492 Qui
1195 1427 1334 1482 celat
1356 1427 1709 1498 cogitationes
1735 1443 1883 1496 suas,

317 1524 504 1576 mundi
541 1521 764 1591 gloriam
790 1519 1016 1589 qumrit;
1051 1520 1140 1588 qui
1171 1528 1348 1575 autem
1380 1520 1733 1590 cogitationes
1757 1535 1884 1576 suas

208 1663 227 1676 ,
319 1612 567 1667 Patribus
596 1611 785 1679 aperit,
819 1611 967 1680 fugat
1007 1624 1099 1664 eas
1140 1624 1170 1662 a
1211 1624 1288 1664 se.
1320 1608 1376 1663 ln
1404 1609 1618 1663 domum
1652 1623 1771 1678 quae
1798 1609 1882 1664 fo-

323 1701 473 1756 ribus
511 1702 868 1766 fenestrisque
899 1709 1068 1764 caret,
1105 1697 1331 1767 quilibet
1377 1711 1602 1766 serpens
1647 1696 1884 1767 ingredi-

322 1801 407 1844 tur
446 1807 460 1844 :
509 1791 632 1844 huic
667 1788 858 1843 similis
909 1796 994 1842 est
1046 1787 1226 1850 homo,
1281 1787 1369 1856 qui
1424 1776 1634 1840 laborat
1672 1794 1727 1841 et
1775 1801 1881 1840 non

1989 617 2224 671 animam
2283 627 2449 672 tuam.
2510 614 2780 670 Honorem
2826 615 3108 670 considera
3163 633 3319 687 quem
3363 635 3552 676 omnes

1988 707 2166 762 sancti
2205 715 2332 762 sunt
2373 705 2628 768 assecuti,
2664 713 2720 759 et
2746 719 2930 758 eorum
2970 705 3236 759 aemulatio
3279 717 3330 760 te
3369 707 3551 776 paula-

1988 798 2082 852 tim
2110 797 2176 851 ad
2203 798 2452 852 virtutem
2485 795 2703 850 alliciet.
2750 794 2992 848 Dedecus
3021 795 3147 849 item
3187 797 3465 851 considera
3497 799 3548 852 in

1987 889 2128 959 quod
2160 897 2475 957 peccatores
2515 901 2702 942 omnes
2745 886 3068 945 inciderunt.
3099 895 3152 942 et
3191 889 3453 944 custodiet
3501 898 3553 945 te

1986 995 2196 1049 semper
2225 997 2253 1033 a
2287 979 2462 1034 malis.

2061 1066 2164 1122 νη.
2208 1067 2474 1136 Quidquid
2522 1065 2668 1134 agis,
2715 1065 2766 1120 id
2799 1063 3017 1120 Patrum
3067 1073 3279 1120 tuorum
3326 1068 3554 1123 consilio

1985 1157 2176 1227 dirige,
2203 1166 2257 1210 et
2283 1167 2491 1225 tempus
2517 1171 2674 1211 omne
2701 1156 2950 1210 traduces
2976 1171 3096 1210 cum
3133 1158 3545 1226 tranquillitate.

1983 1247 2214 1303 Attende
2236 1246 2364 1312 tibi;
2389 1261 2510 1300 cum
2534 1256 2582 1300 te
2601 1246 2852 1314 cogitatio
2867 1245 3126 1309 stimulat,
3151 1248 3291 1316 quod
3330 1247 3550 1303 fratrem

1991 1345 2140 1388 tuum
2165 1331 2451 1389 offenderis
2475 1374 2489 1398 ,
2522 1349 2589 1387 ne
2623 1333 2766 1387 illam
2804 1335 3226 1403 contempseris;
3278 1337 3371 1390 sed
3422 1352 3554 1404 snp-

1984 1427 2101 1496 plcx
2132 1427 2197 1481 ab
2227 1442 2290 1480 eo
2317 1426 2521 1480 veniam
2553 1435 2702 1494 pete,
2739 1425 2907 1478 donec
2943 1440 3061 1480 eam
3098 1425 3370 1493 impetres.
3398 1424 3547 1479 Cave

1946 1545 1954 1554 -
1985 1531 2052 1572 ne
2078 1517 2244 1572 durus
2272 1517 2603 1584 acerbusque
2630 1516 2704 1569 sis
2725 1514 2982 1568 adversus
3012 1514 3238 1568 fratrem
3263 1523 3446 1580 tuum;
3483 1515 3553 1568 ab

1985 1608 2204 1662 inimico
2237 1609 2380 1662 enim
2412 1622 2599 1663 omnes
2650 1617 2938 1662 tentamur.
2974 1605 3028 1662 Si
3069 1621 3188 1661 cum
3219 1606 3340 1661 aliis
3369 1605 3553 1660 fratri-

1984 1699 2085 1754 bus
2118 1699 2352 1765 habitas,
2389 1699 2498 1752 noli
2540 1713 2754 1767 semper
2783 1699 2890 1753 illis
2927 1698 3215 1766 imperare,
3259 1699 3353 1752 sed
3392 1697 3550 1752 simul

1984 1791 2187 1855 labora,
2219 1804 2284 1844 ne
2320 1791 2623 1845 mercedem
2653 1789 2871 1844 amittas
2906 1798 3070 1843 tuam.
3101 1787 3158 1842 Si
3192 1788 3286 1844 tibi
3315 1788 3381 1844 de
3405 1788 3552 1842 victu

317 1883 549 1935 custodit
570 1881 781 1935 labores
813 1893 961 1955 suos.
989 1875 1447 1945 Quemadmodum
1470 1892 1650 1948 :erngo
1678 1877 1877 1932 ferrum
1914 1857 1955 1912 Β
1986 1882 2288 1952 vestituque
2326 1881 2595 1936 daemones
2628 1880 3038 1935 sollicitudinem
3093 1877 3405 1946 iniecerint,
3454 1888 3548 1932 aut

315 1972 605 2034 consumit,
651 1971 738 2026 sic
767 1969 990 2024 ambitio
1022 1984 1115 2024 cor
1141 1969 1382 2024 hominis
1415 1969 1574 2023 rodit.
1619 1967 1882 2034 Quemad-

316 2063 533 2116 modum
583 2061 777 2115 hedera
808 2060 968 2114 vitem
1008 2059 1292 2129 amplexa,
1339 2058 1566 2114 fructum
1600 2057 1745 2114 illius
1783 2058 1880 2113 de-

315 2153 476 2206 struit
522 2171 537 2206 :
593 2153 672 2206 sic
705 2151 880 2205 inanis
925 2150 1091 2219 gloria
1133 2150 1366 2205 hominis
1403 2149 1616 2204 labores
1659 2149 1878 2206 evertit.

317 2243 462 2296 Inter
493 2243 717 2296 virtutes
743 2240 958 2296 excellit
983 2239 1277 2304 humilitas,
1301 2250 1353 2293 et
1377 2240 1637 2310 ingluvies
1663 2247 1879 2308 przestat

208 2313 227 2334 ’
317 2335 458 2387 inter
485 2335 628 2386 vitia.
682 2331 944 2386 Virtutum
979 2330 1102 2386 linis
1140 2341 1221 2386 est
1251 2331 1514 2396 charitas,
1540 2340 1594 2384 et
1622 2329 1877 2385 vitiorum

315 2433 612 2477 extremum
668 2432 749 2476 est
792 2438 849 2477 se
886 2423 1109 2493 justum-
1141 2421 1472 2477 existimare.
1523 2421 1879 2489 Quemadmo-

313 2515 440 2569 dum
474 2516 613 2570 tinea
657 2507 856 2584 lignum
910 2515 1148 2580 rodendo
1186 2515 1514 2583 corrumpit,
1552 2515 1623 2569 ita
1676 2514 1875 2569 malitia

314 2620 411 2659 cor
449 2605 680 2659 hominis
717 2605 977 2658 invadens
1029 2604 1261 2657 animam
1314 2604 1590 2673 opprimit.
1625 2603 1725 2670 Qui
1763 2605 1878 2656 ani-

316 2711 457 2748 mam
499 2710 649 2749 suam
683 2695 894 2764 projicit
933 2695 985 2748 in
1013 2704 1304 2762 conspectu
1338 2696 1452 2759 Dei,
1487 2693 1644 2749 facile
1676 2694 1878 2764 perfert

314 2784 590 2838 hominum
645 2784 1018 2838 contumelias.
1068 2783 1170 2848 Qui
1220 2798 1278 2838 se
1318 2784 1488 2852 ipsum
1535 2799 1641 2839 non
1693 2799 1878 2853 repre-

314 2874 524 2940 hendit,
555 2872 624 2926 ab
652 2873 930 2926 iracundia
960 2882 1261 2942 superatur.
1295 2874 1393 2940 Qui
1421 2889 1541 2928 cum
1574 2873 1878 2928 hominibus

313 2965 514 3020 mundo
562 2966 757 3020 deditis
796 2975 1046 3020 versatur
1078 2980 1463 3035 sermonesque
1506 2965 1733 3030 confert,
1761 2965 1878 3020 ani-

311 3070 458 3109 mam
500 3070 650 3110 suam
701 3057 976 3125 perturbat
1012 3066 1066 3111 et
1103 3055 1381 3110 confundit
1426 3070 1584 3122 eam,
1635 3057 1882 3112 adimens

313 3146 388 3199 illi
444 3146 692 3201 fiduciam
727 3147 778 3200 in
825 3148 1090 3202 oratione.
1127 3147 1228 3214 Qui
1270 3162 1330 3200 ea
1370 3162 1492 3215 qua:
1517 3139 1718 3200 ‘mtmdi
1753 3155 1876 3201 sunt

312 3237 506 3306 diligit,
551 3238 743 3291 anima:
778 3251 887 3291 suae
918 3239 1167 3293 tenebras
1195 3237 1439 3292 offundit.
1466 3237 1564 3303 Qui
1598 3248 1776 3291 autem
1813 3252 1874 3292 ea

311 3342 432 3396 qua:
466 3328 646 3382 mundi
680 3336 828 3393 sunt,
864 3328 1020 3398 plane
1055 3330 1349 3382 contemnit
1379 3344 1442 3383 ac
1482 3328 1726 3397 despicit,
1757 3343 1880 3398 quae

311 3433 440 3472 vera
468 3429 596 3473 sunt
631 3419 770 3472 bona
791 3457 807 3484 ,
840 3419 1116 3487 cognoscit
1151 3428 1206 3473 et
1237 3420 1480 3488 percipit.
1523 3419 1622 3486 Qui
1667 3419 1878 3474 labores

311 3509 541 3564 libenter
578 3511 769 3574 sumit,
798 3509 952 3564 facile
988 3509 1118 3564 vitia
1149 3509 1331 3564 domat
1362 3526 1425 3565 ac
1461 3509 1639 3580 fugat;
1682 3510 1875 3566 inertia

312 3615 444 3656 vero
466 3612 624 3669 atque
655 3601 863 3670 ignavia
893 3615 954 3654 ea
985 3601 1154 3670 gignit
1176 3610 1230 3654 et
1257 3600 1423 3655 fovet.

387 3689 474 3744 Vl.
527 3689 604 3744 Ne
638 3701 687 3744 te
729 3690 976 3744 civilibus
1018 3689 1246 3758 negotiis
1284 3689 1542 3759 implices,
1567 3697 1622 3742 et
1664 3687 1878 3744 animus

318 3793 442 3836 tuus
477 3782 799 3850 tranquillus
827 3783 951 3836 erit.
998 3780 1074 3835 Ne
1115 3781 1353 3834 confidas
1395 3780 1606 3836 viribus
1651 3781 1792 3843 tuis,
1821 3789 1876 3835 et

311 3873 553 3928 divinum
608 3873 862 3926 auxilium
911 3873 1083 3927 aderit
1132 3871 1246 3925 tibi.
1288 3869 1443 3926 Nullo
1488 3887 1608 3926 cum
1657 3872 1877 3926 homine

311 3965 623 4020 inimicitias
650 3965 976 4031 exercueris,
1013 3965 1251 4035 alioquin
1289 3965 1466 4018 oratio
1497 3974 1584 4017 tua
1618 3977 1876 4018 exsecra-

311 4056 455 4112 bilis.
487 4054 598 4110 Pax
640 4057 734 4111 tibi
777 4071 896 4111 cum
933 4057 1181 4112 omnibus
1218 4056 1322 4121 sit,
1353 4065 1412 4110 ut
1441 4055 1614 4110 oratio
1646 4064 1733 4108 tua
1766 4055 1875 4108 Deo

311 4148 382 4200 sit
411 4156 580 4216 grata.
615 4146 810 4202 Oculos
841 4156 961 4201 tuos
990 4146 1216 4210 custodi,
1247 4154 1301 4200 et
1328 4160 1422 4200 cor
1452 4155 1596 4199 tuum
1632 4144 1874 4210 improba

313 4254 379 4290 ne
408 4237 726 4306 conspiciat.
755 4237 854 4304 Qui
891 4237 1165 4292 mulierem
1199 4244 1406 4306 spectat
1428 4251 1547 4288 cum
1581 4235 1873 4303 voluptate,

311 4329 598 4382 committit
635 4328 955 4384 adulterium
998 4329 1064 4381 ⁸⁸.
1111 4327 1316 4382 luirnici
1358 4328 1620 4398 jacturam
1669 4341 1736 4380 ne
1777 4339 1876 4379 cu-

310 4420 424 4486 pias
469 4419 675 4482 audire,
723 4433 788 4473 ne
834 4433 929 4473 cor
968 4427 1115 4472 tuum
1159 4418 1362 4472 ultione
1399 4416 1652 4486 gaudeat.
1702 4417 1875 4470 Aures

1980 1971 2197 2026 nimiam
2233 1971 2469 2039 inopiam
2519 1971 2933 2040 exprobrarim,
2971 1970 3103 2024 nihil
3136 1973 3216 2024 eis
3259 1971 3548 2038 responde,

1977 2063 2072 2119 sed
2104 2072 2156 2116 te
2184 2062 2354 2130 ipsum
2382 2061 2437 2115 in
2467 2071 2579 2115 toto
2601 2061 2764 2116 corde
2787 2069 2876 2115 tuo
2905 2070 3029 2114 ante
3049 2061 3215 2115 Deum
3245 2070 3550 2130 prosterne,

1977 2162 2032 2209 et
2059 2154 2173 2223 ipse
2209 2163 2258 2208 te
2283 2151 2671 2208 consolahitur.
2701 2151 2865 2216 Cave,
2902 2165 2970 2206 ne
2997 2152 3051 2205 in
3079 2150 3412 2207 orationibus
3442 2151 3548 2206 tuis

1978 2246 2252 2316 negligens
2285 2245 2397 2310 sis;
2432 2259 2495 2300 ex
2532 2245 2636 2300 illis
2671 2245 2812 2300 enim
2859 2245 3040 2299 lumen
3081 2246 3148 2298 ad
3178 2246 3414 2299 animam
3449 2258 3546 2300 ve-

1980 2340 2076 2393 nit.
2109 2337 2165 2392 Si
2195 2337 2358 2392 rnulta
2382 2336 2521 2392 bona
2551 2351 2713 2407 opera
2745 2337 2954 2402 fecisti,
2988 2351 3057 2391 ne
3087 2336 3356 2406 glorieris.
3392 2336 3552 2403 Quod

1950 2429 2022 2489 ,εἰ
2055 2428 2195 2482 mala
2230 2443 2415 2482 rursus
2439 2427 2606 2482 multa
2640 2427 2979 2493 commisisti,
3016 2441 3110 2482 cor
3143 2437 3288 2482 tuum
3325 2441 3392 2481 ne
3418 2441 3552 2482 con-

1981 2520 2218 2574 tabescat
2264 2518 2661 2588 desperatione,
2709 2519 2804 2574 sed
2854 2517 3139 2585 diligenter
3169 2517 3444 2581 attendat,
3482 2533 3554 2574 ne

1980 2611 2083 2666 illis
2115 2609 2344 2681 amplius
2391 2609 2785 2680 obstringatur.
2817 2608 2874 2663 Si
2908 2607 3075 2663 libido
3103 2618 3154 2662 te
3185 2607 3379 2678 premit
3410 2607 3543 2678 (10),

1979 2717 2174 2772 corpus
2204 2713 2351 2756 tuum
2392 2699 2568 2771 afllige
2593 2703 2710 2755 sine
2737 2699 3140 2754 intermissione
3169 2698 3220 2752 in
3253 2707 3546 2766 conspectu

1981 2794 2072 2848 Dei
2096 2809 2216 2848 cum
2248 2793 2568 2855 humilitate,
2587 2801 2640 2845 et
2669 2792 2907 2861 quietem
2940 2791 3200 2845 invenies.
3233 2789 3288 2844 Si
3328 2799 3378 2843 te
3410 2789 3547 2842 livor

1977 2881 2269 2947 invaserit,
2298 2881 2473 2950 cogita
2522 2894 2622 2935 nos
2653 2893 2843 2934 omnes
2889 2893 3011 2934 esse
3043 2877 3242 2932 Christi
3286 2874 3542 2938 membra,

1979 2973 2322 3044 proximique
2369 2981 2477 3025 tum
2533 2973 2792 3026 honorem
2855 2978 2964 3024 tum
3021 2968 3370 3036 ignominiam
3427 2979 3548 3020 esse

1981 3047 2138 3120 nobis
2174 3077 2548 3126 communem,
2583 3070 2638 3117 et
2683 3059 3018 3115 liberaberis.
3054 3060 3110 3114 Si
3148 3068 3200 3114 te
3241 3057 3360 3129 gula
3397 3056 3547 3112 cibo-

1982 3171 2209 3225 rumque
2247 3153 2512 3223 cupiditas
2545 3160 2849 3222 oppugnat,
2884 3151 3128 3206 ftetorem
3183 3150 3307 3205 inde
3356 3163 3546 3219 prove-

1979 3247 2218 3302 nientem
2243 3245 2546 3310 considera,
2570 3253 2624 3298 et
2649 3245 3020 3313 eonquiesces.
3045 3242 3102 3296 Si
3129 3251 3178 3296 te
3203 3239 3548 3296 obtrectandi

1977 3337 2128 3393 fratri
2156 3337 2342 3392 vitium
2376 3336 2640 3402 adoritur,
2676 3334 2849 3405 cegita
2883 3332 3014 3387 illud
3048 3347 3208 3402 quam
3248 3330 3442 3398 abiecti
3477 3329 3548 3384 sit

1979 3427 2174 3490 animi,
2205 3427 2552 3494 invisumque
2579 3423 2724 3490 Deo,
2768 3433 2822 3478 et
2861 3422 3079 3476 recedet
3109 3436 3137 3473 a
3171 3431 3241 3474 te.
3275 3417 3331 3473 Si
3362 3430 3414 3474 te
3452 3433 3543 3472 su-

1978 3515 2161 3586 perbia
2201 3521 2449 3583 occupat,
2495 3511 2785 3568 recordare
2819 3525 2917 3579 per
2954 3510 3096 3564 illam
3137 3522 3326 3563 omnes
3366 3507 3546 3560 excuti

1977 3609 2236 3674 virtutum
2267 3601 2507 3667 fructus,
2543 3610 2598 3657 et
2651 3601 2745 3655 abs
2791 3608 2843 3655 te
2879 3599 3063 3668 fugiet.
3115 3597 3172 3652 Si
3218 3608 3268 3651 te
3315 3597 3544 3664 proximi

1977 3699 2314 3761 contemptus
2342 3689 2580 3756 invadit,
2625 3690 2800 3759 cogita
2834 3687 3002 3742 Deum
3041 3687 3362 3742 traditurum
3409 3695 3462 3740 te
3490 3683 3545 3738 in

1978 3799 2170 3840 manus
2205 3783 2548 3838 inimicorum
2581 3791 2794 3837 tuorum
2815 3822 2830 3846 ,
2863 3789 2919 3835 et
2947 3779 3162 3835 recedet
3187 3793 3218 3833 a
3257 3788 3328 3836 te.
3358 3777 3414 3832 Si
3451 3793 3547 3831 cor

1979 3885 2131 3930 tuum
2174 3875 2338 3929 trahit
2371 3875 2615 3944 corporis
2652 3871 3027 3944 pulchritudo,
3062 3884 3181 3938 quae
3205 3871 3275 3924 sit
3309 3869 3454 3922 intus
3488 3867 3542 3922 in

1977 3981 2039 4021 eo
2067 3966 2302 4030 ftBtlilas,
2339 3968 2616 4021 considera
2636 4005 2652 4031 ,
2681 3973 2736 4018 et
2764 3963 3088 4034 requiesces.
3119 3959 3174 4014 Si
3203 3959 3414 4014 feminae
3453 3973 3549 4013 vo-

1979 4057 2154 4126 luptas
2185 4057 2275 4112 tibi
2298 4059 2533 4127 jucunda
2569 4065 2652 4110 est
2679 4055 2813 4126 (11),
2840 4053 3042 4123 aliquid
3069 4067 3254 4107 earum
3285 4065 3403 4120 quae
3430 4050 3544 4119 jam

1978 4156 2206 4200 mortuae
2234 4157 2358 4200 sunt
2393 4145 2650 4200 memoria
2685 4155 2890 4213 repete,
2921 4154 2974 4198 et
3005 4143 3240 4213 quietem
3277 4143 3544 4198 invenies.

2052 4234 2184 4288 VIII.
2233 4235 2357 4289 llaec
2404 4234 2585 4290 omnia
2638 4235 2866 4288 rationis
2900 4235 3104 4304 judicio
3155 4233 3542 4287 discutiuntur.

1977 4321 2128 4389 Quod
2169 4323 2384 4392 quidem
2424 4323 2682 4389 judicium
2731 4324 2942 4391 assequi
2993 4321 3113 4376 sine
3156 4321 3547 4377 exercitatione

1977 4429 2081 4466 non
2119 4421 2290 4482 potes.
2322 4411 2564 4468 Primum
2599 4413 2751 4481 quies
2789 4420 2872 4466 est
2903 4410 3203 4466 necessaria
3237 4428 3252 4463 :
3287 4411 3400 4465 haec
3429 4420 3544 4465 stu—

313 4517 429 4561 tuas
461 4506 681 4577 obsera,
720 4521 788 4560 ne
835 4507 928 4561 tibi
967 4519 1245 4576 compares
1287 4505 1552 4558 inimicos.
1602 4501 1777 4571 Opere
1820 4511 1874 4556 et
1909 4522 1951 4578 υ
1979 4503 2122 4558 dium
2151 4503 2327 4571 parit;
2360 4519 2424 4557 ex
2451 4504 2630 4557 studio
2660 4503 2906 4555 humana:
2933 4501 3162 4554 miseria:
3192 4501 3422 4571 cognitio
3451 4517 3546 4556 na-

312 4599 494 4652 labore
529 4613 742 4650 manum
775 4611 986 4663 exerce,
1033 4605 1091 4650 ut
1120 4610 1320 4665 pauper
1348 4608 1538 4662 panem
1575 4593 1818 4648 inveniat
1857 4610 1871 4648 :

311 4687 503 4740 inertia
546 4687 690 4741 enim
725 4701 869 4740 mors
903 4693 986 4739 est
1029 4694 1082 4738 et
1129 4684 1378 4737 interitus
1427 4683 1642 4736 animae.
1693 4681 1876 4738 Oratio

309 4777 565 4846 frequens
597 4777 802 4831 excutit
832 4774 1107 4830 servitutis
1142 4773 1350 4844 jugum.
1387 4773 1488 4841 Qui
1519 4781 1743 4828 mortem
1779 4788 1874 4828 co—

308 4868 442 4936 gitat
463 4867 912 4935 appropinquare,
941 4863 1094 4919 facile
1125 4872 1389 4932 temperat
1417 4879 1450 4918 a
1487 4865 1742 4933 peccatis.
1771 4864 1872 4930 Qui

309 4959 397 5011 diu
445 4973 504 5011 se
548 4957 814 5010 victurum
867 4965 1066 5025 sperat,
1105 4954 1288 5010 multis
1334 4957 1570 5025 peccatis
1610 4956 1870 5010 irretitur.

309 5048 410 5113 Qui
461 5047 532 5101 ita
573 5048 704 5102 vivit
754 5056 1008 5116 tanquam
1052 5046 1316 5102 factorum
1366 5062 1586 5102 suorum
1635 5046 1872 5102 omnium

309 5139 570 5192 rationem
599 5138 920 5203 redditurus,
955 5139 1154 5193 auxilio
1186 5137 1279 5193 Dei
1309 5139 1471 5192 vitam
1506 5154 1658 5195 suam
1689 5147 1874 5194 servat

309 5230 570 5299 integram
604 5244 632 5282 a
659 5238 913 5298 peccato;
959 5229 1048 5296 qui
1080 5238 1256 5283 autem
1279 5229 1597 5294 contemnit,
1624 5228 1870 5294 Quando,

310 5322 593 5390 inquiens,
645 5319 743 5374 erit
798 5320 884 5374 illa
924 5319 1078 5375 dies?
1115 5320 1352 5375 ambulat
1400 5320 1453 5374 in
1494 5320 1582 5372 via
1626 5330 1874 5388 peccato-

307 5426 450 5466 rum.
481 5410 670 5480 Cogita
692 5410 782 5466 ubi
805 5410 900 5476 sis,
934 5419 988 5466 et
1013 5425 1120 5481 quo
1151 5409 1245 5465 tibi
1278 5410 1349 5466 sit
1386 5410 1713 5477 abeundum,
1747 5426 1869 5467 cutn

379 5565 429 5596 “
466 5563 652 5620 Matth.
669 5629 672 5633 ‘
697 5581 749 5633 v,
801 5565 893 5622 28.

383 5719 493 5790 (ιο)
529 5719 586 5775 Si
621 5721 803 5790 libido,
831 5730 936 5779 etc.
979 5719 1163 5777 Graeca
1192 5719 1374 5777 videas
1399 5718 1536 5776 infra
1562 5732 1680 5776 can.
1712 5717 1765 5789 9,
1805 5730 1871 5776 ex

312 5787 661 5845 Possiuiauis.

1980 4594 2169 4657 scitur,
2198 4608 2318 4661 qua:
2340 4593 2507 4662 gignit
2537 4595 2784 4648 timorem
2815 4591 2941 4658 Dei;
2975 4605 3040 4645 ex
3076 4591 3165 4644 Dei
3201 4593 3392 4646 timore
3420 4607 3544 4660 pro-

1969 4686 2125 4738 venit
2164 4685 2482 4750 humilitas;
2509 4701 2573 4740 ex
2609 4684 2909 4739 humilitate
2960 4682 3280 4752 prudentia;
3313 4697 3380 4735 ex
3415 4696 3543 4750 pru—

1978 4776 2156 4832 dentia
2183 4776 2428 4842 dilectio;
2458 4778 2676 4830 dilectio
2710 4784 2889 4830 servat
2919 4775 3153 4827 animam
3197 4788 3226 4826 a
3259 4773 3545 4842 perturba-

1978 4867 2214 4921 tionibus
2237 4865 2481 4920 libera‘m.
2517 4867 2668 4921 Tunc
2695 4867 2852 4919 homo
2878 4878 3041 4934 quam
3075 4862 3232 4931 longe
3261 4863 3330 4918 sit
3356 4878 3385 4915 a
3410 4863 3542 4926 Deo,

1976 4953 2134 5009 facile
2184 4955 2452 5026 intelligit.
2501 4957 2581 5011 Ad
2628 4957 2741 5012 hrec
2789 4957 3042 5010 virtutum
3087 4964 3403 5009 ornamenta
3453 4953 3546 5024 qui

1976 5046 2126 5116 cupit
2160 5049 2452 5117 accedere,
2471 5050 2756 5101 humanam
2788 5063 3003 5102 onmem
3030 5047 3252 5117 abjieiat
3289 5045 3545 5100 sollicitu-

1977 5137 2180 5203 dinem,
2207 5147 2261 5192 et
2290 5151 2349 5192 se
2375 5136 2547 5206 ipsum
2575 5141 2641 5193 ad
2671 5147 2896 5192 mortem
2925 5145 3194 5207 pratparet
3215 5153 3230 5202 ;
3253 5144 3309 5190 et
3336 5136 3545 5203 quoties

1975 5238 2118 5290 orat,
2143 5230 2446 5284 consideret
2477 5230 2602 5298 quid
2632 5231 2700 5284 sit
2732 5231 2874 5299 quod
2905 5238 3113 5296 separet
3150 5229 3322 5295 ipsum
3354 5239 3385 5278 a
3414 5225 3543 5289 Deo,

1975 5331 2137 5391 atque
2187 5321 2313 5374 illud
2362 5321 2523 5386 vitet,
2562 5332 2618 5375 et
2663 5320 2918 5374 mundum
2970 5317 3144 5373 oderit
3194 5317 3541 5382 universum;

1974 5424 2022 5467 et
2076 5411 2168 5467 Dei
2201 5411 2501 5482 benignitas
2551 5425 2773 5466 munera
2810 5410 2923 5466 hate
2970 5409 3044 5464 illi
3079 5408 3262 5465 omnia
3295 5407 3542 5464 celeriter

1982 5784 2018 5840 ὓ
2055 5715 2165 5841 (Ill)
2197 5715 2254 5772 Si
2282 5715 2489 5789 femina:
2518 5713 2615 5770 vol.
2647 5711 2768 5770 llaec
2795 5711 2920 5769 item
2951 5710 3135 5769 Grtece
3165 5710 3358 5768 ibidem
3388 5708 3539 5767 exhi-

2019 5802 2084 5841 cn
2115 5803 2192 5841 ur.
2332 5813 2348 5830 ι

2019 5802 2192 5841 CDWI‘.
