3884 6278
379 375 513 434 ΠΜ

1497 366 1767 425 PATRES
1801 369 2102 426 AZGYPTII
2141 367 2410 425 SECULI
2451 367 2538 422 IV.

3499 365 3523 421 ί
3541 362 3649 420 153

346 476 349 477 ν
378 488 658 560 largietur.
688 485 771 542 Ad
807 501 869 542 ea
897 500 1024 542 vero
1062 500 1240 552 nemo,
1268 485 1412 540 mihi.
1441 486 1634 553 crede,
1666 487 1948 556 aspirabit,
1980 493 2026 547 Α
2052 487 2277 540 servabit
2307 502 2323 539 :
2362 495 2407 538 et
2451 499 2544 551 ego
2583 493 2630 536 et
2683 481 2841 535 Pater
2884 481 3164 546 veniemus,
3210 489 3260 535 et
3305 480 3651 532 mansionem

375 581 467 648 qni
514 580 637 636 vino
668 579 916 648 cibisque
965 576 1227 647 indulget,
1278 586 1334 633 et
1377 591 1564 634 eorum
1597 593 1719 647 quae
1765 578 1949 632 mundi

376 680 524 734 sunt,
564 669 765 741 aliquid
795 678 976 734 amat,
1012 669 1106 724 sed
1155 683 1214 725 se
1265 671 1438 737 ipsum
1491 669 1710 740 decipit.
1744 668 1948 736 Quam—

376 762 560 814 obrem
587 775 774 815 omnes
813 760 1077 828 homines,
1112 762 1201 830 qui
1233 760 1399 816 Deum
1432 761 1531 819 sihi
1561 776 1654 832 per
1683 762 1946 831 pceniten-

379 852 508 905 tiam
533 851 823 907 conciliare
843 851 1086 922 cupiunt,
1117 851 1322 914 hortor,
1342 862 1400 908 ut
1424 867 1453 906 a
1479 854 1604 908 vino
1627 863 1948 922 temperent.

379 938 572 994 Vinum
613 941 755 996 enim
791 949 1014 996 renovat
1041 941 1220 995 omnia
1258 942 1412 1009 vitia,
1459 951 1508 998 et
1539 944 1606 997 ab
1636 944 1813 997 anima
1854 943 1950 998 Dei

379 1032 628 1086 timorem
663 1029 901 1098 expellit.
938 1029 1104 1084 Deum
1138 1045 1230 1085 ora
1260 1032 1387 1087 totis
1416 1031 1622 1087 viribus
1653 1032 1759 1086 tuis
1797 1033 1948 1087 timo-

377 1135 491 1175 rem
525 1121 618 1174 tibi
651 1119 934 1192 largiatur,
965 1137 1073 1191 quo
1105 1123 1280 1192 possis
1307 1123 1488 1178 omnia
1518 1124 1647 1179 vitia
1691 1124 1945 1178 miseram

365 1209 607 1265 animam
648 1221 814 1276 tuam,
851 1219 908 1266 ut
940 1226 1060 1268 eam
1101 1212 1153 1266 in
1196 1214 1508 1268 servitutem
1541 1213 1805 1283 redigant,
1847 1229 1980 1283 op-_

377 1301 662 1371 pugnantia
718 1316 995 1371 superare.
1045 1301 1327 1372 Nunquam
1375 1304 1541 1374 igitur
1583 1317 1762 1360 cesses
1810 1303 1945 1376 (12),

375 1390 569 1457 frater,
600 1392 724 1444 dum
761 1407 819 1448 es
851 1393 903 1446 in
935 1407 1184 1463 corpore,
1207 1409 1380 1463 neque
1413 1393 1506 1449 tibi
1550 1395 1652 1464 ipsi
1685 1396 1944 1462 conﬁdas,

375 1482 619 1550 quamvis
648 1482 912 1538 interdum
947 1491 999 1538 te
1027 1483 1232 1538 sentias
1275 1500 1305 1539 a
1352 1487 1844 1556 perturbationibus
1879 1488 1946 1542 li-

372 1572 584 1625 berum.
619 1571 811 1628 Ilostes
841 1574 984 1628 enim
1018 1590 1116 1630 nos
1145 1575 1214 1630 ad
1258 1585 1467 1644 tempus
1494 1577 1747 1634 desinunt
1776 1593 1947 1648 oppu-

373 1676 561 1730 gnare,
593 1672 650 1717 ut
671 1663 904 1718 studium
931 1665 1295 1733 remittamus,
1323 1682 1430 1737 quo
1456 1681 1554 1723 nos
1578 1669 1947 1739 imprudentes

373 1752 700 1818 adoriantur,
733 1764 788 1807 et
831 1754 1099 1812 infelicem
1142 1757 1378 1811 animam
1425 1768 1663 1812 nostram
1689 1767 1944 1829 tanquam

2054 578 2196 634 apud
2217 561 2361 630 eum
2402 573 2653 642 [ariemus
2684 573 2752 625 ’⁸.
2793 569 2909 625 Jam
2945 581 3004 623 ut
3037 571 3219 624 mundi
3257 578 3524 623 terrorem
3573 569 3646 620 ab

2054 666 2157 720 illis
2179 674 2455 721 excuteret
2479 683 2490 717 :
2512 663 2576 717 In
2605 662 2816 726 mundo,
2843 660 3036 729 inquit,
3063 659 3390 730 aﬂl’ctionem
3421 656 3646 709 habebi-

2017 785 2020 787 λ
2055 759 2150 820 tis;
2181 758 2270 809 sed
2311 753 2575 823 confidite,
2609 769 2702 822 ego
2724 753 2822 806 vici
2850 751 3102 804 mundum
3126 751 3192 804 ".
3222 749 3328 803 Eos
3354 763 3484 802 vero
3513 763 3646 800 cor-

2052 848 2342 909 roborans,
2383 861 2449 898 ne
2479 845 2530 897 in
2571 844 2732 897 rebus
2762 842 3005 897 adversis
3042 841 3281 895 animum
3318 838 3639 906 desponde-

2052 946 2190 999 rent,
2236 937 2475 989 et’corda
2505 949 2693 989 eorum
2734 933 2917 987 hetitia
2951 930 3284 1001 perfundens
3321 949 3335 984 :
3382 928 3504 991 Vos,
3555 931 3642 982 in-

2050 1028 2186 1096 quit,
2219 1027 2362 1092 estis,
2394 1026 2483 1096 qui
2517 1026 2880 1092 permansistis
2916 1039 3114 1076 mecum
3156 1023 3210 1075 in
3253 1021 3641 1076 tentationibus

2050 1119 2196 1173 meis.
2234 1118 2297 1172 Et
2327 1136 2417 1188 ego
2455 1120 2674 1186 dispono
2701 1115 2865 1181 vobis,
2897 1115 3035 1169 sicut
3076 1113 3236 1167 Pater
3265 1129 3411 1168 meus
3451 1114 3641 1180 dispo-

2048 1210 2152 1264 suit
2208 1210 2337 1263 mihi
2389 1225 2643 1277 regnum,
2697 1217 2755 1261 ut
2794 1207 2962 1262 edatis
3017 1214 3070 1262 et
3115 1206 3300 1260 bibatis
3351 1206 3405 1258 in
3449 1221 3640 1258 mensa

2050 1321 2162 1358 mea
2188 1305 2256 1359 ".
2316 1303 2442 1359 llaec
2489 1315 2669 1358 autem
2721 1319 2824 1358 non
2876 1303 3128 1358 omnibus
3182 1300 3340 1366 dixit,
3379 1301 3474 1355 sed
3525 1300 3642 1354 illis

2049 1396 2142 1464 qui
2172 1409 2353 1450 secum
2381 1401 2794 1464 permanserant
2817 1393 2871 1447 in
2897 1392 3356 1448 tribulationibus.
3390 1391 3635 1458 Quinam

2049 1483 2125 1539 illi
2157 1492 2305 1547 sunt,
2344 1483 2436 1554 qui
2480 1498 2598 1536 cum
2630 1481 2756 1538 Jesu
2787 1491 3198 1552 permanserant
3226 1482 3280 1536 in
3316 1482 3636 1536 tribulatio.

2051 1574 2211 1630 nibus
2234 1615 2248 1640 ,
2279 1574 2381 1630 nisi
2412 1576 2502 1644 qui
2541 1582 2854 1630 constantes
2887 1583 3012 1647 sunt
3040 1573 3092 1628 in
3124 1573 3269 1628 vitiis
3297 1573 3639 1628 insectandis

2049 1669 2224 1724 donec
2251 1683 2313 1723 ea
2343 1667 2708 1723 absciderint?
2738 1666 2829 1723 Sic
2857 1677 3034 1722 autem
3072 1666 3192 1722 illos
3229 1667 3632 1736 allaqttebatttr,

2049 1772 2171 1812 cum
2205 1766 2348 1812 esset
2377 1757 2443 1811 ad
2488 1771 2704 1813 crucem
2744 1757 3104 1827 profecturus.
3137 1757 3500 1824 Quamobrem
3540 1759 3633 1824 qni

373 1853 644 1906 passerem
692 1840 932 1908 rapiant,
965 1853 1019 1897 et
1059 1843 1110 1898 in
1159 1847 1393 1914 peccatis
1431 1846 1772 1915 gravioribus
1802 1818 1946 1906 deti-
1977 1818 2020 1873 Β
2051 1848 2163 1904 vult
2195 1848 2357 1904 edere
2379 1857 2433 1902 et
2465 1849 2648 1904 bibere
2673 1848 2726 1903 in
2763 1863 2947 1903 mensa
2979 1848 3211 1913 Domini,
3241 1865 3346 1902 una
3375 1863 3501 1903 cum
3537 1848 3634 1902 illo

372 1939 556 1992 neant,
585 1946 741 1999 «tuam
774 1943 927 1987 erant
957 1933 1046 1988 illa
1079 1951 1108 1990 a
1135 1937 1330 2007 quibus
1363 1949 1418 1992 ut
1441 1937 1762 2006 solveretur,
1789 1951 1946 1997 antea

363 2023 714 2090 precabatur.

442 2111 534 2167 IX.
576 2113 887 2172 Maneamus
917 2116 1080 2187 igitur
1121 2117 1175 2173 in
1229 2119 1421 2176 timore
1463 2120 1576 2188 Dei,
1621 2131 1676 2177 et
1723 2123 1946 2180 virtutes

372 2218 562 2258 omnes
608 2220 726 2273 qua:
767 2207 1002 2262 hostium
1037 2209 1298 2265 malitiam
1331 2211 1609 2276 cohibent,
1656 2215 1945 2283 amplecta-

371 2309 511 2350 mur.
549 2293 784 2352 Virtutes
817 2299 960 2354 enim
1005 2316 1110 2356 non
1155 2301 1327 2356 solum
1368 2317 1399 2357 a
1438 2303 1586 2358 vitiis
1625 2319 1724 2360 nos
1770 2306 1943 2361 vindi-

369 2395 494 2437 cant
515 2423 528 2446 .
567 2385 658 2440 sed
691 2388 882 2442 anima:
910 2405 1164 2445 coronam
1197 2403 1421 2460 parant,
1453 2405 1740 2465 antequam
1769 2412 1798 2450 e
1824 2411 1942 2450 cor-

370 2487 498 2540 [mre
520 2473 780 2531 discedat.
811 2476 1065 2549 Magister
1086 2490 1270 2536 noster
1295 2480 1405 2552 (t3)
1431 2492 1651 2538 sanctus
1684 2484 1942 2539 Dominus

368 2560 526 2616 Jn-sns
555 2564 784 2619 hostium
819 2577 1124 2623 nostrorum
1159 2571 1369 2638 cognita
1402 2571 1739 2639 crudelitate,
1769 2583 1820 2627 et
1845 2589 1937 2644 ge-

369 2667 469 2705 nus
505 2654 796 2710 humanum
824 2658 1234 2715 commiseratus
1263 2679 1274 2715 :
1316 2660 1559 2731 Vigilate,
1591 2663 1784 2734 inquit,
1818 2667 1940 2737 quia

369 2743 572 2798 nescitis
605 2761 707 2814 qua
754 2747 880 2821 horn
909 2747 1001 2818 fur
1034 2760 1276 2805 venturus
1302 2754 1368 2805 sit
1390 2751 1460 2819 θ’,
1499 2767 1565 2809 ne
1599 2752 1738 2810 forte
1764 2759 1942 2810 veniat

367 2847 607 2903 repente,
634 2845 688 2890 et
707 2838 938 2894 inveniat
971 2856 1062 2895 vos
1092 2843 1442 2900 dormientes.
1478 2844 1816 2916 Rursumque
1841 2848 1938 2902 do-

366 2941 492 2980 cens
527 2941 652 2982 suos
690 2946 703 2984 :
742 2928 938 2994 Videte,
971 2933 1166 3004 inquit,
1193 2951 1255 2989 ne
1276 2947 1558 3006 graventur
1586 2939 1748 2991 corda
1773 2946 1940 2994 vestra

365 3023 579 3088 crapula
618 3033 667 3078 et
695 3024 963 3090 ebrietate,
1009 3035 1059 3083 et
1111 3030 1557 3088 sollicitudinibus
1595 3034 1751 3105 hujus
1797 3037 1936 3106 vitat,

2047 1955 2262 2000 crucem
2314 1942 2666 1997 conscendat.
2712 1938 2859 1994 Crux
2895 1941 3036 1996 enim
3084 1939 3211 1996 Jesu
3251 1951 3333 1996 est
3381 1941 3632 1996 onmium

2046 2031 2422 2102 cupiditatum,
2453 2033 2628 2088 donec
2659 2047 2754 2087 eas
2781 2031 3066 2098 deleveris,
3101 2032 3404 2088 insectatio.

2118 2120 2206 2176 XI.
2246 2119 2432 2191 Itaque
2473 2123 2663 2178 beatus
2691 2122 2982 2191 Apostolus
3019 2121 3109 2191 qui
3145 2137 3238 2176 eas
3269 2122 3633 2186 contt'iverat,

2045 2209 2278 2264 audebat
2316 2209 2537 2266 dicere:
2569 2209 2700 2266 Cum
2737 2209 2946 2266 Christo
2987 2211 3272 2277 cruciﬁxus
3305 2227 3444 2264 sum.
3500 2201 3633 2264 l’ir'o

2043 2310 2242 2368 autent,
2267 2303 2382 2372 jam
2421 2319 2523 2356 non
2559 2320 2651 2372 ego
2673 2318 2693 2358 :
2727 2303 2850 2358 vivit
2891 2313 3064 2357 autem
3093 2303 3147 2356 in
3179 2319 3258 2357 me
3290 2301 3533 2357 Christus
3558 2303 3632 2358 θ’.
3715 2312 3734 2332 ⁸

2044 2395 2102 2452 ln
2147 2397 2253 2452 illis
2305 2397 2468 2466 igitur
2514 2395 2604 2465 qui
2651 2395 2972 2463 cupiditates
3015 2395 3430 2458 destruxerunt,
3490 2393 3634 2451 vivit

2042 2489 2308 2545 Christus.
2357 2488 2538 2553 Quare
2583 2486 2720 2542 tilias
2779 2501 2904 2543 suos
2934 2487 3222 2556 Apostolus
3255 2487 3630 2541 commonefa-

2042 2580 2192 2634 ciens
2224 2595 2238 2632 :
2265 2576 2369 2645 Qui
2405 2576 2603 2632 Christi
2633 2576 2761 2634 Jesu
2787 2587 2926 2642 sunt,
2951 2577 3144 2648 inquit,
3171 2594 3380 2633 carnem
3410 2577 3627 2647 cruciﬁ-

2041 2679 2226 2723 xernnt
2249 2685 2366 2722 cum
2391 2669 2525 2722 vitiis
2551 2678 2599 2724 et
2627 2670 3057 2739 concupiscentiis
3086 2670 3124 2723 ¹.
3157 2671 3412 2726 Scribcns
3440 2682 3627 2725 autem

2042 2765 2109 2817 ad
2141 2760 2485 2817 Timotheum
2523 2762 2689 2816 lilium
2732 2778 2890 2818 suum
2923 2781 2936 2817 :
2975 2763 3054 2831 Si,
3089 2765 3283 2842 inquit,
3309 2766 3629 2820 commortui

2039 2870 2218 2909 sumus
2235 2892 2250 2918 ,
2273 2863 2321 2908 et
2362 2855 2723 2914 convivemus;
2751 2856 2796 2909 si
2820 2857 3137 2910 sustinemus
3160 2896 3176 2920 ,
3205 2865 3254 2911 et
3278 2855 3629 2926 conregnabi-

2042 2963 2194 3013 mus;
2217 2947 2262 3002 si
2293 2947 2650 3017 negaverimus
2670 2987 2686 3012 ,
2729 2955 2778 3002 et
2807 2947 2894 3001 ille
2931 2948 3132 3016 negabit
3171 2965 3262 3002 nos
3285 2950 3324 3002 ’.
3362 2948 3498 3014 Quis
3524 2964 3629 3000 au-

2043 3045 2148 3091 tem
2207 3045 2369 3108 negat
2422 3035 2593 3101 illum,
2655 3036 2758 3092 nisi
2809 3038 2902 3105 qui
2934 3039 3262 3092 voluntatem
3300 3053 3456 3092 suam
3490 3037 3632 3092 facit

365 3122 414 3165 et
445 3125 646 3205 repente
674 3119 1000 3185 superveniat
1032 3119 1172 3174 vobis
1194 3122 1324 3176 hora
1348 3124 1416 3179 ’°.
1451 3123 1585 3178 Cum
1622 3125 1748 3182 item
1775 3128 1940 3184 sciret
1965 3147 2008 3205 α
2041 3128 2338 3184 secundum
2395 3141 2648 3193 carnem,
2691 3128 2889 3197 quique
2947 3128 3273 3183 contumelia
3308 3127 3471 3182 allicit
3498 3144 3627 3183 san-

365 3204 522 3257 nobis
549 3218 672 3259 esse
712 3206 965 3263 fortiores
995 3209 1336 3267 adversarios
1364 3221 1602 3282 nostros,
1633 3225 1691 3270 ut
1718 3217 1941 3273 doceret

365 3310 486 3360 nos,
515 3294 582 3349 ab
613 3296 728 3368 ipso
761 3297 867 3352 vim
899 3299 1192 3368 proﬁcisci,
1223 3317 1326 3371 qua
1364 3305 1557 3360 muniti
1593 3321 1687 3361 eos
1721 3308 1942 3365 minime

366 3388 678 3444 timeremus
705 3407 720 3444 :
747 3388 880 3445 Ecce
901 3407 993 3462 ego
1011 3408 1124 3460 vos,
1163 3391 1368 3464 inquit,
1400 3396 1545 3450 mitto
1573 3403 1710 3452 sicut
1741 3417 1858 3455 oves
1885 3402 1942 3457 in

364 3479 535 3531 medio
570 3479 809 3548 luporum
841 3483 910 3546 “,
953 3493 1006 3538 et
1037 3486 1288 3553 praecepit
1333 3487 1411 3542 eis
1434 3527 1448 3553 ,
1480 3497 1536 3542 ut
1567 3489 1700 3544 nihil
1725 3493 1940 3560 accipe-

365 3577 485 3622 rent
519 3569 571 3623 in
609 3572 692 3623 via
724 3572 789 3626 ".
833 3572 1143 3644 Camenim
1190 3577 1324 3631 nihil
1361 3577 1610 3648 luporum
1643 3580 1940 3648 haberent,

367 3673 472 3711 non
514 3667 763 3726 poterant
789 3677 882 3717 eos
926 3661 1035 3733 lupi
1063 3663 1343 3721 devorare.
1379 3666 1550 3725 Porro
1575 3683 1696 3725 cum
1729 3669 1938 3726 incolu-

364 3764 482 3806 mes
507 3752 792 3809 observato
821 3755 1074 3812 mandato
1097 3756 1214 3825 ejus
1243 3761 1610 3828 revertissent,
1639 3763 1942 3831 gratulatus

365 3853 449 3898 est
480 3844 581 3909 eis,
615 3845 815 3914 gratias
842 3862 1009 3916 agens
1035 3849 1144 3904 Deo
1173 3861 1226 3906 et
1262 3850 1406 3906 Patri
1440 3869 1538 3922 pro
1564 3855 1715 3925 ipsis.
1745 3857 1812 3912 Et
1844 3873 1942 3913 cor

364 3948 548 3988 eorum
591 3935 919 3991 conﬁrmans
957 3938 1168 3994 dicebat
1203 3940 1348 3996 illis:
1392 3940 1641 3998 Videbam
1679 3945 1939 4002 Satanam

2047 3228 2195 3273 ctum
2255 3218 2565 3288 baptisma?
2620 3217 2750 3273 Nam
2803 3234 2897 3287 per
2942 3228 3187 3274 sanctum
3243 3234 3435 3274 nomen
3493 3207 3620 3291 ejus

2042 3309 2168 3364 data
2211 3307 2364 3362 nobis
2391 3317 2474 3362 est
2496 3309 2741 3363 remissio
2761 3309 3206 3378 peccatorum.At
3235 3310 3405 3365 hostis
3435 3324 3626 3366 noster

2043 3417 2140 3458 nos
2196 3415 2409 3458 rursum
2453 3410 2678 3471 peccato
2721 3415 2816 3470 per
2855 3400 3108 3454 invidiam
3163 3401 3472 3455 obstrinxit.
3509 3404 3621 3455 Cu-

2037 3492 2127 3563 jus
2179 3492 2440 3548 malitiam
2500 3507 2624 3546 cum
2670 3491 2738 3546 ah
2766 3491 2920 3546 llllllO
2956 3490 3217 3546 Dominus
3248 3500 3431 3544 noster
3456 3488 3625 3544 .lrsus

2040 3584 2290 3639 Christus
2323 3599 2428 3639 non
2474 3583 2717 3654 ignoret,
2747 3583 3079 3652 paenitentia:
3110 3583 3268 3638 nobis
3306 3581 3505 3636 doinnn
3551 3584 3625 3638 ad

2041 3685 2346 3730 extremum
2380 3689 2551 3744 usque
2576 3675 2824 3745 spiritum
2860 3674 3146 3730 concessit.
3178 3672 3289 3729 Nisi
3331 3675 3474 3728 enim
3516 3673 3626 3728 hoc

2041 3767 2372 3834 pmnitentiae
2435 3780 2628 3821 tnunus
2681 3774 2862 3830 esset,
2913 3779 3073 3820 nemo
3130 3765 3242 3820 fere
3291 3765 3622 3821 salvaretur.

2041 3857 2274 3913 Proinde
2303 3871 2424 3912 cum
2451 3857 2613 3911 sciret
2646 3857 2934 3924 Apostolus
2965 3872 3069 3913 non
3101 3858 3321 3923 deesse,
3362 3858 3451 3928 qui
3487 3874 3622 3925 pec-

2041 3955 2169 4001 cent
2211 3947 2372 4000 etiam
2408 3954 2528 4013 post
2574 3945 2835 4013 baptisma
2869 3963 2881 3999 :
2922 3945 3028 4011 Qui
3070 3946 3370 4015 [urabatur,
3417 3948 3624 4018 inquit,

365 4031 612 4092 tanquam
653 4023 835 4093 [ulgur
885 4045 910 4082 e
953 4027 1080 4082 caelo
1127 4029 1416 4084 cadentem.
1457 4029 1592 4086 Ecce
1629 4035 1749 4090 dedi
1797 4037 1938 4092 vobis
2032 4039 2150 4107 jam
2182 4053 2284 4091 non
2313 4037 2521 4105 [aretur
2555 4035 2598 4091 ³.
2630 4037 2762 4090 Dum
2790 4035 2949 4104 igitur
2973 4035 3209 4107 Spiritus
3225 4041 3394 4094 sancti
3425 4040 3617 4109 signa-

364 4122 670 4181 potestatem
709 4115 949 4172 calcandi
975 4134 1134 4188 super
1160 4130 1420 4187 serpentes
1451 4132 1497 4175 et
1535 4124 1831 4192 scorpiones
1851 4167 1865 4190 ,
1891 4138 1939 4184 et

366 4204 496 4258 nihil
536 4207 674 4278 vobis
703 4208 901 4262 nocebit
933 4211 999 4265 ⁸³.
1029 4211 1209 4268 Missio
1240 4215 1328 4268 illa
1366 4215 1466 4269 fuit
1509 4230 1631 4272 cum
1664 4217 1858 4274 timore
1886 4229 1942 4274 et

365 4297 758 4355 observatione.
794 4299 900 4356 Sed
927 4318 1050 4358 cum
1092 4305 1307 4374 expleto
1343 4309 1593 4364 mandato
1619 4313 1821 4366 reversi
1849 4326 1938 4367 es-

365 4399 512 4456 sent,
561 4392 709 4446 dedit
745 4392 826 4449 eis
863 4401 1184 4464 potestatem
1221 4407 1387 4468 atque
1427 4399 1830 4456 auctoritatem.

2041 4128 2218 4184 culum
2247 4128 2532 4194 habemus,
2561 4127 2776 4183 abolere
2805 4135 3025 4198 peccata
3056 4138 3242 4185 nostra
3272 4132 3616 4196 studeamus,

2043 4229 2100 4278 nt
2151 4219 2580 4274 misericordiam
2624 4219 2961 4276 inveniamus
3000 4221 3052 4276 in
3093 4221 3181 4278 die
3218 4221 3306 4276 illa
3338 4237 3459 4292 qua:
3493 4224 3614 4293 jam

2042 4312 2458 4382 appropinquat.
2497 4313 2622 4368 (lito
2651 4314 2795 4369 enim
2829 4314 3005 4369 aderit
3035 4314 3290 4370 Dominus
3332 4316 3517 4370 sedens
3563 4319 3623 4371 in

2041 4405 2174 4458 satis
2219 4403 2514 4470 majestatis
2551 4419 2684 4471 sure,
2733 4413 2776 4458 et
2817 4405 3271 4475 congregabantur
3300 4422 3478 4458 coram
3519 4407 3623 4461 illo

435 4479 502 4534 Χ.
549 4479 672 4536 llaec
724 4497 831 4538 non
882 4483 948 4537 ad
994 4499 1087 4540 eos
1133 4485 1309 4542 solum
1367 4489 1670 4556 pertinent,
1725 4495 1820 4547 sed
1869 4492 1936 4548 ad
1969 4492 2013 4548 D
2041 4509 2216 4568 omnes
2247 4495 2413 4549 tribus
2447 4494 2500 4560 ις
2540 4503 2596 4550 et
2623 4495 2992 4566 unusquisque
3018 4512 3080 4552 ex
3120 4498 3332 4567 propria
3364 4497 3622 4567 lanqnade

363 4584 551 4625 omnes
581 4574 671 4641 qui
710 4573 962 4628 mandata
990 4575 1110 4644 ejus
1135 4579 1446 4634 observant.
1488 4579 1622 4634 Cum
1661 4582 1806 4636 enim
1841 4597 1938 4639 eos

364 4660 608 4730 diligeret
631 4663 898 4720 charitate
933 4665 1169 4733 perlecta
1205 4687 1219 4722 :
1255 4669 1339 4723 Ne
1367 4671 1574 4738 timeas,
1615 4672 1810 4742 inquit,
1845 4692 1938 4742 pn-

363 4749 480 4802 sille
501 4767 647 4818 great,
676 4753 802 4821 quia
822 4755 1134 4822 complacuit
1163 4755 1312 4812 Patri
1338 4769 1507 4814 vestro
1535 4763 1660 4816 dare
1692 4764 1831 4818 vobis
1854 4781 1935 4818 re-

363 4857 541 4910 gnum.
583 4840 794 4898 Vendite
818 4861 934 4912 quin
965 4846 1265 4914 possidetis,
1295 4857 1342 4902 et
1373 4849 1493 4904 date
1521 4851 1935 4921 eleemosgnam;

362 4940 412 4986 et
445 4933 697 4987 habebitis
726 4935 960 4991 sacculos
991 4938 1080 5002 qui
1118 4954 1222 4992 non
1260 4949 1601 5006 veterascunt,
1630 4943 1934 4998 thesaurum

364 5039 469 5077 non
507 5023 826 5092 deﬁcientem
869 5027 925 5080 in
965 5027 1108 5083 caelis
1145 5028 1213 5082 ".
1244 5029 1378 5086 Cum
1426 5041 1602 5086 autem
1634 5043 1688 5087 et
1728 5049 1929 5090 sermo-

365 5131 486 5170 nem
519 5117 660 5172 hune
685 5129 1028 5183 servassent,
1061 5121 1198 5175 dixit
1226 5123 1307 5178 eis
1347 5141 1361 5177 :
1406 5105 1604 5178 Pt’eent
1653 5141 1820 5182 meam
1865 5127 1934 5182 do

300 5265 302 5268 ν
362 5207 524 5270 vobis,
553 5224 732 5276 pacem
760 5223 928 5263 meam
959 5210 1193 5280 relinquo
1224 5213 1365 5269 vobis
1394 5215 1463 5269 ⁸³.
1501 5215 1565 5271 Et
1594 5233 1809 5273 rursum
1840 5235 1935 5275 eos

363 5297 703 5356 Cohortans:
741 5297 844 5365 Qui
889 5300 1062 5371 diligit
1109 5318 1225 5368 me,
1279 5303 1474 5375 inquit,
1527 5307 1780 5361 mandata
1815 5325 1928 5362 mea

450 5456 499 5490 ⁸³
537 5457 724 5514 Matth.
754 5474 902 5522 xnv.
945 5462 1034 5524 ιε.
1075 5463 1163 5517 43.
1238 5464 1285 5496 ⁹⁰
1335 5462 1466 5519 Luc.
1511 5479 1626 5525 xxi,
1661 5465 1751 5518 ΞΗ.

1847 5468 1892 5499 ’⁸
1936 5465 2124 5522 Matth.
2168 5469 2340 5533 x,16.

2044 4599 2204 4652 quam
2237 4584 2288 4637 in
2337 4599 2498 4638 manu
2530 4585 2756 4650 tenebit,
2801 4586 3180 4642 illustrabitur.
3228 4589 3378 4655 Quod
3412 4591 3459 4642 si
3489 4592 3621 4658 quis

2036 4675 2214 4729 oleum
2255 4692 2360 4730 non
2403 4677 2674 4742 habuerit,
2723 4679 2930 4747 lampas
2967 4679 3084 4746 eius
3125 4675 3526 4750 exstinguetur,
3563 4694 3626 4739 et

2037 4766 2092 4820 in
2137 4767 2388 4820 tenebras
2419 4768 2736 4836 conjicietur
2767 4787 2781 4822 :
2810 4771 2900 4838 qui
2941 4771 3240 4840 lampadem
3277 4771 3620 4841 splendidam

2036 4867 2090 4911 et
2117 4857 2393 4911 ardentem
2422 4857 2692 4925 habuerit,
2720 4859 2773 4913 in
2803 4875 3022 4930 regnum
3055 4861 3404 4929 ingredietur.

2108 4943 2217 5000 XII.
2259 4943 2460 5000 Demus
2505 4947 2671 5017 igitur
2696 4964 2954 5019 operam,
2999 4951 3231 5010 fratres,
3269 4958 3326 5003 ut
3353 4964 3480 5002 vasa
3515 4966 3622 5006 no-

2043 5043 2154 5091 stra
2193 5036 2298 5092 sint
2350 5037 2472 5093 oleo
2520 5037 2714 5107 plena,
2763 5042 3002 5109 quandiu
3037 5057 3226 5098 sumus
3261 5041 3618 5112 incorpore,

2042 5142 2150 5198 quo
2183 5129 2384 5200 lampas
2418 5142 2598 5185 nostra
2633 5132 2786 5188 nobis
2825 5133 2879 5187 in
2919 5148 3139 5202 regnum
3182 5135 3623 5206 ingredientibus

2042 5219 2352 5288 praeluceat.
2377 5221 2638 5278 Prmclara
2665 5223 2873 5293 lampas
2895 5234 3057 5294 atque
3078 5226 3305 5284 illustris
3323 5237 3406 5282 est
3429 5229 3620 5283 anima

2044 5320 2249 5365 sancta.
2287 5313 2479 5366 Anima
2525 5313 2668 5367 enim
2711 5313 2867 5370 bonis
2897 5316 3152 5387 operibus
3197 5317 3514 5386 splendens,
3564 5321 3622 5373 in

2448 5473 2495 5504 "
2537 5471 2669 5526 Luc.
2712 5489 2789 5537 tx,
2831 5473 2885 5529 5.
2969 5473 3041 5521 .⁹⁸
3095 5475 3224 5530 Luc.
3266 5478 3329 5541 x,‘
3367 5476 3456 5538 l8,
3526 5476 3615 5532 I9.

361 5526 567 5609 Luc.
611 5529 832 5609 xtl,n3?,
872 5531 1084 5609 53L"
1121 5529 1423 5609 ,ξαρρψ-ὴν,
1450 5533 1540 5586 27.
1575 5535 1663 5609 __”
1693 5535 1821 5609 ibid.
1855 5535 1972 5609 ‘33;
2016 5537 2062 5609 ξ’
2103 5526 2257 5594 Joan.
2298 5556 2406 5607 xvr,
2445 5542 2533 5597 33.
2607 5542 2656 5574 "
2697 5526 2846 5598 lare.
2870 5526 3004 5608 xx",
3044 5526 3232 5602 28:56.
3269 5526 3616 5609 ⁷’ῖίὰἑιιζιῖξ

365 5595 456 5658 19.
483 5599 575 5652 20.
651 5599 665 5630 ’
707 5598 824 5653 Gal.
866 5615 918 5664 v,
956 5601 1050 5658 24.

435 5712 545 5784 (lg)
586 5713 866 5784 Nunquam
904 5715 1016 5783 igit.
1059 5716 1242 5771 Graeca
1275 5716 1314 5770 Ι.
1357 5732 1406 5770 c.
1435 5732 1551 5784 cap.
1585 5717 1672 5772 l0.

1136 5605 1157 5634 ⁸
1198 5601 1237 5655 ιι
1278 5602 1418 5658 Tim.
1463 5619 1526 5670 ll,
1574 5603 1656 5668 ll,
1705 5604 1792 5658 l2.
1870 5606 1890 5636 ’
1935 5607 2131 5676 Ephes.
2173 5624 2246 5674 tv,
2295 5601 2402 5664 28(
2463 5612 2482 5642 ⁸
2523 5609 2721 5670 Matth.
2764 5627 2892 5680 xxv,
2930 5601 3021 5679 δι’,
3063 5614 3151 5670 52.

435 5782 546 5838 (13)
585 5782 836 5844 καρίδιον
893 5782 1089 5854 noster,
1127 5797 1232 5843 etc.
1267 5786 1392 5843 ηερ
1441 5782 1595 5844 intra
1637 5787 1824 5845 Graece
1869 5803 1984 5860 cap.
2028 5789 2114 5845 la.
