3884 6278
168 341 298 396 “53

1243 333 1298 389 S.
1341 332 1545 389 ISAIAE
1586 331 1878 390 ABBATIS
1915 332 2327 390 ORATIONES.

3290 340 3430 399 1154

164 470 379 525 regnum
417 451 690 514 introibit;
729 453 906 506 anima
959 463 1091 506 vero
1141 451 1346 504 malitia
1387 452 1734 521 coinquinata
1769 460 1814 518 Α
1847 463 1958 517 tuo,
1999 461 2177 506 tamen
2214 452 2379 507 cortla
2427 452 2691 507 scrutanti
2725 453 2926 509 audeas
2959 452 3140 508 dicere
3171 469 3186 508 :
3213 453 3431 513 Dimitte

165 551 214 605 itt
265 549 515 604 tenebras
562 546 822 600 discedet.
889 541 1121 614 Vigilate
1171 543 1356 615 igitur,
1416 543 1645 609 fratres,
1679 554 1733 600 et

164 639 310 696 bonis
332 637 585 707 operibus
616 636 944 698 incumbite,
981 635 1236 704 quoniam
1284 642 1499 703 tempus
1535 650 1733 705 appro-

162 732 394 802 pinquat.
429 727 626 781 Beatus
654 725 745 796 qui
799 736 1020 780 strenue
1055 739 1114 779 se
1153 724 1316 794 gerit.
1363 723 1570 778 Matura
1619 724 1732 792 jam

161 835 309 892 seges
353 829 471 883 est,
517 828 570 873 et
627 819 820 872 messis
868 817 1044 871 adest.
1096 816 1295 870 Beatus
1351 816 1442 885 qui
1497 815 1732 870 fructum

162 928 309 966 suum
345 910 624 976 servavit,
676 909 804 978 quia
851 907 1069 963 venient
1101 907 1300 977 angeli,
1333 914 1390 962 et
1441 911 1733 964 recondeut

161 1003 303 1059 illum
338 1004 390 1056 in
438 1003 636 1057 horreo
680 1010 905 1056 aeterno.
946 1000 1035 1055 Va:
1069 1001 1176 1055 illis
1206 1000 1299 1070 qui
1336 1002 1544 1055 zizania
1578 1009 1731 1066 sunt,

160 1097 402 1169 quoniam
451 1095 594 1166 ignis
619 1110 714 1150 eos
756 1095 971 1149 manet!
1013 1093 1311 1149 Haereditas
1345 1094 1502 1163 hujus
1551 1095 1733 1150 mundi

159 1199 238 1245 est
261 1204 474 1254 aurum,
507 1197 562 1243 et
589 1195 894 1258 argentum,
925 1195 981 1242 et
1012 1186 1237 1251 domus,
1267 1196 1324 1242 et
1356 1187 1686 1243 vestimenta
1716 1206 1729 1242 :

161 1301 272 1356 qua:
305 1283 524 1355 quidem
560 1282 743 1339 omnia
781 1282 990 1352 peccati
1025 1282 1313 1339 materiam
1349 1283 1631 1352 prtebcnt;
1681 1291 1734 1337 et

163 1387 330 1429 tamen
377 1373 504 1429 hinc
556 1372 900 1428 discedentes
945 1387 1009 1427 ea
1048 1373 1425 1442 relinquimus.
1464 1373 1555 1427 Dei
1607 1387 1735 1427 vero

162 1465 441 1521 hiereditas
468 1473 556 1520 est
603 1465 898 1530 immensa,
936 1479 1101 1534 quam
1136 1482 1299 1530 neque
1337 1465 1522 1520 oculus
1564 1467 1730 1529 vidit,

163 1574 313 1626 neque
350 1557 498 1611 auris
547 1556 772 1621 audivit,
820 1563 983 1626 nequ’e
1022 1571 1114 1610 cor
1151 1556 1378 1611 hominis
1419 1557 1735 1626 cogitatione

162 1651 535 1718 comprehendit
567 1649 610 1703 ⁸.
647 1649 826 1718 Atque
857 1648 999 1704 hanc
1023 1647 1286 1716 elargitur
1319 1647 1383 1702 iis
1412 1647 1503 1716 qui
1541 1649 1736 1718 exiguo

166 1743 256 1796 hoc
280 1749 520 1810 tempore
553 1742 824 1794 mandatis
857 1739 971 1794 suis
1013 1739 1410 1808 obtemperant.
1451 1737 1600 1794 Ilanc
1633 1755 1734 1809 pro

1838 545 1969 600 mihi
2013 555 2237 613 peccata
2288 559 2429 598 mea.
2478 544 2579 610 Qui
2616 545 2741 600 talis
2766 555 2883 612 est,
2921 562 3026 601 non
3061 557 3182 602 orat
3225 558 3426 614 mente,

1836 637 1930 690 setl
1986 633 2146 690 labiis
2188 649 2309 688 cum
2363 634 2691 704 ignorantia.
2743 635 2843 702 Qui
2907 637 3051 690 enim
3099 635 3151 689 In
3201 639 3431 694 veritate

1836 740 1998 781 orare
2035 727 2147 780 vult
2179 725 2347 780 Detttn
2385 727 2438 780 in
2483 725 2689 794 Spiritu
2738 736 2930 782 sancto
2975 736 3030 781 et
3062 729 3230 782 corde
3259 745 3429 798 puro,

1836 820 2073 873 animuin
2123 835 2278 874 suum
2347 820 2624 889 ettplorat,
2670 829 2964 889 antequam
3021 821 3090 874 ad
3160 823 3426 877 orandum

1835 914 2094 976 accedat,
2151 923 2332 967 utrum
2378 913 2487 968 odii
2542 913 2819 982 quidpiam
2873 914 3107 969 retineat
3159 915 3426 969 adversus

1839 1005 2102 1076 aliquem,
2135 1021 2202 1060 an
2230 1022 2360 1072 non,
2397 1022 2461 1060 ne
2491 1022 2550 1061 se
2579 1008 2754 1074 ipsum
2785 1005 3047 1076 decipiat,
3088 1020 3209 1060 eum
3246 1006 3432 1060 audiat

1837 1113 2021 1153 nemo.
2059 1097 2342 1168 Siquidem
2380 1113 2478 1151 nec
2517 1113 2670 1152 mens
2706 1097 2820 1168 ipsa
2852 1107 3011 1162 orat,
3048 1097 3150 1152 nisi
3194 1097 3427 1167 quodam

1836 1190 2249 1246 consuetudinis
2280 1190 2526 1245 instituto
2554 1192 2801 1244 horarias
2829 1203 3019 1259 preces
3052 1189 3424 1258 persolvendi.

1835 1282 2198 1350 Quamobrem
2232 1283 2275 1337 si
2316 1298 2505 1352 puratn
2546 1283 2627 1338 vis
2669 1283 2973 1338 orationem
3011 1279 3246 1346 olferre,
3280 1279 3430 1350 prius

1835 1384 2028 1428 excute
2077 1384 2310 1429 mentem
2359 1385 2542 1436 tuam,
2587 1383 2751 1444 atque
2795 1373 2870 1428 ita
2923 1373 3230 1436 constitue,
3276 1382 3334 1426 ut
3381 1374 3430 1428 si

1837 1467 2041 1522 dixeris
2084 1485 2098 1522 :
2153 1466 2410 1523 Miserere
2450 1468 2590 1534 mei,
2629 1468 2744 1537 ipse
2790 1482 3005 1536 quoque
3049 1467 3324 1537 precantis
3377 1473 3431 1522 te

1837 1559 2170 1614 miserearis.
2211 1559 2266 1615 Si
2299 1561 2549 1615 dixeris:
2595 1561 2817 1630 Ignosce
2867 1561 3032 1627 mihi,
3069 1571 3122 1614 ιιι
3170 1560 3296 1615 item
3330 1559 3432 1614 ini-

1837 1650 1993 1704 micis
2036 1651 2288 1719 ignoscas
2330 1651 2454 1705 tuis.
2505 1650 2562 1706 Si
2611 1650 2816 1706 dixeris
2865 1669 2878 1706 :
2924 1650 3000 1706 Ne
3053 1651 3426 1707 reminiscaris

1838 1741 2028 1794 delicta
2064 1757 2180 1796 mea
2207 1783 2222 1807 ,
2257 1759 2354 1796 net:
2388 1751 2440 1796 ttt
2486 1743 2719 1812 proximi
2759 1743 2831 1798 tui
2871 1743 3066 1800 delicta
3093 1745 3420 1800 recorderis.

163 1846 292 1902 pane
322 1841 374 1886 et
389 1808 554 1903 aqua
584 1841 639 1888 et
671 1830 1016 1887 vestimentis
1041 1846 1164 1899 qua:
1197 1830 1523 1900 pauperibus
1554 1808 1732 1902 largiti
1767 1808 1806 1862 Β
1841 1831 1897 1886 Si
1928 1833 2130 1887 dixeris
2157 1851 2170 1885 :
2209 1833 2286 1888 Ne
2332 1808 2651 1892 memineris
2693 1846 3075 1906 peccatorum,
3107 1836 3309 1904 quibus
3344 1849 3430 1890 tne

164 1924 444 1984 fuerimus,
478 1936 580 1991 pro
625 1920 962 1976 humanitate
984 1960 998 1983 ,
1029 1934 1127 1990 pro
1161 1920 1408 1990 corporis
1444 1921 1694 1976 castitate
1716 1959 1732 1983 .

162 2029 251 2084 pro
275 2013 455 2068 cordis
503 2012 815 2068 innocentia
842 1991 899 2067 et:
927 2012 1149 2082 reliquis
1177 2013 1468 2068 virtutibus
1497 2014 1732 2082 accipie-

166 2121 292 2158 mus.
323 2105 469 2172 Quas
504 2105 722 2174 quidem
763 2104 990 2159 virtutes
1023 2105 1112 2175 qui
1149 2105 1366 2169 colunt,
1409 2115 1464 2161 et
1491 2107 1732 2176 quietem

165 2199 428 2252 inveniunt
466 2198 522 2252 itt
561 2199 661 2251 hoc
700 2194 929 2260 sarculo,
965 2203 1021 2250 et
1060 2195 1113 2249 in
1149 2195 1355 2250 honore
1410 2210 1471 2249 ac
1510 2211 1739 2249 venera-

167 2290 300 2345 tione
325 2299 451 2345 sunt
474 2287 620 2358 apud
647 2288 927 2353 homines;
964 2296 1020 2343 et
1055 2302 1177 2342 cum
1210 2301 1242 2340 e
1275 2301 1502 2355 corpore
1546 2289 1736 2341 det-es-

164 2383 353 2447 serint,
386 2383 646 2453 gaudium
682 2381 980 2452 percipient
1012 2380 1423 2450 sempiternum.
1473 2379 1574 2445 Qui
1609 2395 1736 2434 vero

163 2473 540 2544 cupiditatibus
607 2472 888 2543 indulgent
954 2471 1108 2537 suis,
1184 2486 1286 2527 nec
1355 2470 1736 2542 ptenitentiam

165 2573 338 2634 agunt,
375 2566 469 2620 sed
501 2564 780 2633 voluptate
809 2563 1140 2627 detinentur,
1171 2574 1224 2616 et
1251 2563 1523 2632 opinionis
1551 2575 1738 2618 errore

165 2655 360 2725 decepti
400 2655 627 2711 delicias
677 2661 1037 2724 aucupantur,
1086 2663 1142 2708 et
1188 2655 1316 2708 vitia
1355 2654 1726 2724 complectun-

167 2755 265 2811 tur,
304 2762 402 2802 nec
451 2746 550 2802 Dei
597 2746 858 2816 judicium
919 2743 1322 2809 reformidant,
1377 2744 1738 2813 crudelesque

166 2847 474 2908 suntatque
508 2836 789 2892 inhumani
815 2837 1077 2890 adversus
1107 2850 1398 2906 pauperes,
1431 2845 1486 2890 et
1516 2835 1740 2904 reliquis

166 2943 279 2982 sete
314 2927 558 2997 peccatis
595 2925 948 2996 obstringunt
990 2933 1152 2994 atque
1180 2922 1554 2978 contaminant
1586 2941 1598 2977 :
1648 2922 1739 2976 isti

167 3033 280 3071 cum
309 3019 358 3072 in
386 3019 494 3073 hoc
523 3016 721 3071 saeculo
745 3014 1169 3080 confundentur,
1194 3011 1542 3082 despectique
1572 3021 1737 3083 atque

168 3109 314 3163 invisi
344 3118 510 3166 erunt
542 3109 684 3178 apud
723 3107 1003 3172 homines,
1037 3116 1149 3161 tum
1181 3122 1348 3173 vero,
1374 3121 1497 3162 cum
1535 3121 1602 3162 ex
1635 3108 1739 3163 hoc

169 3201 355 3258 mundo
401 3199 798 3271 migraverint,
833 3199 1066 3254 dedecus
1106 3212 1201 3252 eos
1229 3206 1285 3251 et
1334 3197 1630 3268 ignominia
1683 3199 1735 3253 itt

168 3292 459 3360 gehennam
499 3300 883 3360 consequetur.
921 3290 1110 3344 Potest
1143 3299 1332 3344 autem
1372 3289 1515 3346 Deus
1546 3291 1741 3361 dignos

170 3398 259 3438 nos
287 3383 498 3450 facere,
535 3383 627 3453 qui
663 3382 715 3436 itt
755 3381 1010 3450 operibus
1039 3379 1158 3451 ejus
1193 3379 1543 3450 proﬁciamus
1573 3381 1741 3436 absti-

169 3491 492 3547 neamusque
516 3477 583 3530 ab
605 3474 752 3532 omni
775 3489 938 3542 opere
966 3474 1130 3538 malo,
1155 3483 1214 3527 ut
1236 3477 1441 3530 servari
1471 3475 1742 3544 possimus

167 3567 220 3623 in
247 3578 491 3641 tempore
517 3567 850 3631 tentationis,
873 3580 993 3634 qua:
1023 3575 1252 3621 ventura
1283 3575 1368 3620 est
1394 3581 1558 3636 super
1587 3581 1743 3619 mun-

169 3660 288 3715 dum
317 3661 652 3716 universum.
680 3657 866 3729 Neque
889 3659 1035 3714 enim
1065 3657 1245 3712 tardat
1275 3658 1533 3712 Dominus
1557 3666 1743 3711 uester

168 3747 316 3806 Iesus
344 3751 619 3817 Christus,
654 3750 746 3805 sed
797 3750 976 3804 veniet
1020 3763 1205 3804 secum
1249 3747 1472 3818 praemia
1518 3746 1736 3812 ferens;

169 3853 322 3910 atque
355 3844 552 3914 impios
577 3841 795 3912 quidem
826 3842 999 3896 mittet
1024 3841 1075 3896 itt
1111 3839 1288 3910 ignem
1317 3854 1606 3902 aeternum,
1639 3840 1741 3908 piis

169 3947 337 3990 autem
370 3937 676 3992 mercedem
709 3936 941 3999 tribuet,
972 3943 1028 3988 et
1057 3933 1434 4004 ingredientur
1465 3947 1588 3986 cum
1627 3933 1742 4001 ipso

171 4026 220 4080 ιιι
269 4042 489 4098 regnum
542 4025 798 4091 caeleste,
849 4025 941 4080 ubi
999 4024 1386 4092 conquiescent
1438 4023 1494 4077 itt
1546 4022 1741 4078 saecula

171 4119 508 4176 saeculorum.
543 4120 739 4174 Anien.

705 4251 965 4310 ORATIO
1004 4250 1188 4306 XVIII.

583 4369 660 4424 De
681 4368 1006 4437 injuriarum
1033 4365 1311 4419 oblivione.

1840 1923 1921 1976 vel
1954 1925 2135 1978 volens
2167 1925 2252 1981 vel
2277 1927 2479 1983 invitus
2505 1928 2798 1995 obstrinxi,
2825 1929 2939 1998 ipse
2962 1943 3204 1998 quoque,
3230 1927 3427 1998 quibus

1839 2015 1915 2070 sis
1943 2015 2168 2071 alfectus
2197 2019 2412 2087 injuriis
2443 2059 2456 2084 ,
2488 2020 2853 2081 obliviscaris.
2884 2021 3006 2076 Ilaec
3033 2021 3134 2075 nisi
3165 2022 3432 2087 priestite-
3499 2055 3502 2058 η

1840 2107 1951 2170 ris,
1985 2108 2183 2162 frustra
2217 2111 2477 2180 precaris.
2521 2111 2708 2183 Neque
2735 2113 2878 2168 enitn
2914 2122 2964 2168 te
3012 2114 3153 2167 Deus
3185 2114 3429 2179 exaudit,

1842 2207 1900 2253 ιιι
1945 2215 2138 2256 omnes
2185 2200 2483 2272 Scriptura:
2515 2212 2807 2259 testantur.
2840 2202 2933 2258 Sic
2960 2205 3104 2257 enim
3154 2204 3206 2257 itt
3248 2203 3427 2259 Evan-

1839 2290 1982 2357 gelio
2010 2289 2246 2343 Matthaei
2275 2291 2520 2360 praecipit
2559 2306 2719 2345 orare
2751 2310 2764 2346 :
2815 2290 2882 2345 Et
2917 2291 3122 2345 dimitte
3157 2293 3303 2346 nobis
3335 2292 3426 2346 de-

1840 2381 1950 2435 bita
2013 2391 2233 2446 nostra,
2293 2382 2428 2435 sicut
2490 2392 2538 2435 et
2591 2398 2687 2436 nos
2741 2381 3062 2436 dimittimus
3108 2382 3429 2436 debitoribus

1840 2473 2057 2529 nostris.
2097 2471 2156 2526 Si
2191 2472 2331 2526 enim
2365 2473 2676 2526 dimiseritis
2725 2471 3023 2526 hominibus
3073 2483 3288 2542 peccata
3337 2486 3428 2526 eo-

1841 2580 1984 2626 rum,
2017 2563 2242 2617 dimittet
2282 2574 2333 2618 et
2380 2564 2522 2617 vobis
2557 2562 2722 2619 Pater
2760 2575 2927 2618 vester
2963 2563 3184 2618 caelestis
3217 2575 3427 2626 peccata

1842 2666 2011 2710 vestra
2037 2656 2081 2708 ⁸.
2121 2657 2187 2710 Ει
2211 2657 2264 2710 in
2292 2655 2586 2724 Evattgelio
2622 2654 2779 2710 Luca:
2805 2671 2818 2707 :
2850 2652 3129 2719 Dimittite,
3156 2653 3352 2720 inquit,
3381 2665 3428 2707 ci

1841 2747 2134 2801 dimittetur
2157 2749 2297 2801 vobis
2321 2748 2363 2798 ’.
2407 2746 2473 2798 Et
2495 2747 2620 2800 alibi
2647 2746 2937 2815 discipulos
2959 2745 3168 2814 precari
3193 2746 3387 2799 docens
3410 2763 3426 2800 :

1846 2837 1910 2891 Et
1958 2839 2164 2891 dimitte
2196 2837 2344 2891 nobis
2390 2846 2607 2904 peccata
2645 2847 2859 2902 nostra,
2911 2837 2959 2890 si
2995 2835 3206 2907 quidem
3254 2846 3301 2890 et
3335 2853 3430 2892 nos

1840 2929 2155 2982 dimittimus
2181 2929 2324 2982 omni
2353 2928 2562 2982 debenti
2589 2928 2736 2981 nobis
2775 2927 2840 2980 ¹⁶.

1915 3018 1976 3074 l.
2013 3019 2205 3074 Totam
2253 3017 2541 3074 charitatis
2570 3017 2679 3072 vim
2709 3017 2920 3097 ostendi
2962 3017 3097 3083 tibi,
3130 3020 3357 3088 utquod
3399 3035 3429 3073 a

1848 3113 1958 3166 Deo
1987 3112 2070 3166 vis
2114 3111 2211 3166 tibi
2259 3110 2412 3178 ﬁeri,
2449 3110 2503 3166 id
2533 3110 2684 3180 prior
2719 3109 2832 3179 ipse
2863 3107 3054 3164 facias.
3101 3109 3166 3164 Et
3207 3120 3336 3166 tunc
3363 3125 3428 3166 ea

1846 3218 2097 3258 mensura
2145 3217 2309 3271 quam
2375 3202 2688 3257 hominibus
2745 3200 3071 3265 exhibuisti,
3119 3201 3428 3257 libraberis.

1842 3294 2034 3350 Cordis
2053 3292 2396 3349 alfectionetn
2437 3293 2579 3348 Deus
2613 3293 2877 3358 intuetur,
2905 3308 3011 3348 non
3041 3293 3236 3362 lingute
3262 3293 3428 3348 verba

1845 3395 2074 3442 tantum.
2131 3387 2238 3440 Cor
2286 3386 2450 3455 igitur
2499 3395 2647 3439 tuum
2696 3387 2767 3438 ita
2815 3385 3079 3440 confirma
3129 3395 3186 3439 ut
3236 3399 3430 3441 omnes

1844 3476 2072 3544 injurias
2125 3477 2400 3532 oblivione
2449 3477 2630 3532 deleas
2695 3477 3034 3542 voluntaria;
3099 3477 3233 3532 tiihil
3284 3479 3429 3531 cnim

1843 3567 2118 3621 vttluntttte
2169 3567 2542 3620 vehementius
2586 3576 2699 3631 est,
2748 3566 2864 3621 sive
2911 3567 2977 3620 ad
3034 3575 3260 3621 mortem
3314 3566 3433 3620 sive

1844 3662 1912 3715 ad
1965 3661 2133 3714 vitam
2195 3659 2439 3714 inclinet.
2499 3657 2647 3712 Beati
2707 3657 2871 3728 igitur
2923 3657 3014 3726 qui
3065 3657 3228 3710 vitam
3275 3667 3436 3712 aster-

1845 3769 1967 3808 nam
2003 3753 2268 3821 diligunt,
2303 3751 2428 3821 quia
2483 3766 2588 3805 non
2650 3747 2944 3806 oll'endent.
3001 3749 3055 3802 Ιιι
3090 3762 3206 3803 eam
3247 3764 3434 3804 curant

1841 3846 1992 3899 omni
2045 3844 2229 3898 labore
2259 3853 2313 3898 et
2343 3843 2522 3897 studio
2553 3850 2636 3897 est
2682 3839 3098 3896 incumbendum
3119 3878 3136 3903 ,
3167 3849 3226 3894 ut
3261 3855 3431 3908 Oppu-

1845 3947 2069 4007 gnatttes
2098 3935 2372 4006 opprimas
2419 3933 2776 4003 cogitationes
2799 3973 2814 3995 .
2843 3943 3130 4002 antequam
3167 3947 3259 3988 cor
3283 3944 3430 3985 tuum

1844 4031 2154 4085 vulnerent.
2210 4027 2264 4082 ltl
2326 4040 2652 4096 assequere,
2707 4024 2752 4078 si
2811 4035 3028 4093 peccata
3079 4034 3169 4077 tua
3219 4037 3435 4093 semper

1843 4135 1972 4178 ante
2011 4121 2198 4176 oculos
2229 4119 2504 4174 habueris.
2553 4117 2664 4171 Hoc
2689 4115 2835 4170 enim
2868 4124 3026 4182 parto
3052 4115 3095 4169 si
3136 4129 3298 4183 quam
3333 4116 3428 4167 tibi

1845 4217 1914 4269 ab
1939 4214 2122 4282 aliquo
2169 4210 2377 4266 illatam
2419 4207 2673 4278 ittjuriam
2717 4205 3082 4270 intellexeris,
3119 4205 3327 4258 facilius
3359 4218 3428 4259 ex

1844 4306 2030 4360 animo
2071 4313 2163 4357 tuo
2215 4301 2384 4372 pelles
2439 4314 2655 4354 omnem
2712 4289 3007 4353 ulciscendi
3053 4295 3430 4364 cupiditatem.

1845 4372 1996 4463 Quod
2038 4394 2080 4448 si
2133 4391 2386 4461 proximo
2425 4399 2518 4444 tuo
2566 4387 2873 4459 porrexeris
2922 4385 3284 4449 succendere,
3336 4401 3432 4455 ge-

241 4485 276 4538 ιι
321 4485 554 4542 Sanctus
584 4483 876 4553 Apostolus
910 4481 1258 4553 praecipiebat
1287 4479 1411 4534 ﬁliis
1441 4477 1597 4534 suis:
1637 4475 1743 4531 Do-
1776 4497 1827 4556 ι)
1856 4488 2050 4543 ttettttte
2079 4486 2240 4539 timor
2274 4482 2493 4536 invadet
2523 4491 2608 4547 te;
2646 4489 2702 4535 et
2733 4495 2855 4535 cum
2886 4479 2982 4534 tibi
3015 4479 3216 4549 ignosci
3248 4488 3434 4547 p0sttt-

172 4583 358 4648 minus,
393 4579 664 4650 inquiens,
695 4593 854 4647 prope
890 4588 965 4632 est
992 4591 1012 4630 :
1053 4573 1190 4629 nihil
1225 4572 1441 4628 solliciti
1469 4571 1586 4625 sitis
1613 4611 1628 4636 ,
1652 4573 1741 4625 sed

175 4671 225 4726 in
273 4675 410 4728 omni
463 4673 700 4726 oratione
739 4680 788 4725 et
835 4668 1230 4732 obsecratione,
1283 4681 1401 4719 cum
1447 4665 1741 4734 gratiarum

172 4767 368 4820 actione
423 4765 698 4836 petitiones
749 4772 938 4818 vestra:
981 4761 1307 4814 innotescunt
1361 4757 1502 4828 apud
1556 4755 1741 4810 Deum.

174 4853 240 4911 Et
276 4874 377 4926 pas
402 4859 520 4924 Dei,
555 4873 674 4928 quae
709 4864 922 4926 superat
963 4869 1164 4908 omnem
1193 4866 1403 4906 sensum
1427 4888 1444 4914 ,
1486 4847 1748 4903 custodiat

175 4951 326 5004 t'orda
349 4961 518 5006 vestra
542 4963 588 5004 et
621 4949 996 5019 intelligentins
1016 4957 1217 5001 vestras
1243 4945 1283 4997 ⁸.
1314 4941 1378 4997 Et
1407 4941 1667 4998 Dominus
1695 4940 1745 4994 in

177 5039 459 5114 Evangelia
495 5061 511 5098 :
553 5041 847 5106 Dimittite,
886 5040 1100 5108 inquit,
1133 5037 1311 5091 omnia
1352 5046 1568 5105 peccata
1600 5033 1748 5089 debi-

176 5136 368 5190 toribus
390 5135 598 5200 vestris,
630 5143 692 5187 ut
727 5141 779 5186 et
809 5131 952 5186 vobis
981 5129 1210 5183 dimittat
1237 5126 1402 5180 Pater
1433 5139 1597 5181 vester
1627 5142 1748 5196 pec-

175 5233 288 5278 cata
328 5236 496 5280 vestra
523 5223 567 5278 '.
622 5223 856 5278 Verbum
912 5221 1126 5276 Domini
1165 5218 1406 5275 terribile
1447 5235 1513 5274 ac
1559 5217 1751 5274 formio

175 5312 422 5372 dandum.
457 5315 570 5371 Nisi
607 5331 704 5371 cor
731 5327 880 5369 tuum
917 5313 1124 5369 videris
1153 5329 1281 5382 erga
1311 5327 1504 5368 omnes
1527 5328 1746 5383 purum,

177 5417 302 5461 cave
327 5417 476 5478 petas
506 5409 707 5478 aliquid
736 5422 766 5460 a
803 5407 931 5470 Deo,
958 5420 1026 5461 ne
1059 5413 1115 5460 te
1150 5405 1325 5474 ipsum
1359 5403 1562 5460 alIicias
1591 5405 1747 5473 igno-

178 5497 370 5568 mittis;
397 5502 486 5573 qui
518 5509 772 5574 peccator
797 5513 918 5554 cum
948 5499 1048 5566 sis,
1077 5507 1132 5554 et
1155 5511 1478 5554 succenseas
1499 5496 1749 5568 proximo

1848 4579 2068 4642 laveris,
2113 4579 2185 4630 ita
2213 4583 2514 4646 coargnet:
2563 4571 2752 4627 Infelix
2795 4587 2860 4627 ac
2911 4571 3076 4626 miser
3127 4571 3323 4635 homo,
3364 4570 3432 4624 ad

1850 4670 1998 4725 hunc
2029 4681 2202 4738 usque
2226 4667 2368 4720 diem
2403 4674 2454 4720 te
2477 4663 2622 4719 Deus
2651 4664 2922 4733 patienter
2947 4662 3303 4731 exspectavit,
3333 4675 3436 4717 nec

1847 4770 2067 4833 peccata
2087 4771 2174 4815 tua
2203 4758 2487 4830 patefecit;
2509 4766 2564 4812 et
2585 4754 2837 4826 tu'palam
2860 4753 3115 4809 irasceris
3141 4750 3296 4807 fratri
3321 4759 3434 4816 tuo,

1843 4865 1902 4910 et
1919 4863 2139 4924 peccata
2159 4852 2276 4922 ejus
2298 4850 2499 4906 acerbe
2520 4848 2884 4920 persequeris,
2905 4857 2960 4904 et
2984 4861 3172 4916 speras
3199 4853 3250 4900 te
3271 4859 3298 4899 a
3326 4843 3436 4899 Deo

1845 4947 2066 5002 veniam
2125 4942 2587 5014 impetraturum?
2645 4941 2910 5005 Falleris,
2960 4939 3094 4995 mihi
3150 4940 3334 4994 crede.
3375 4937 3433 4990 Si

1849 5026 2015 5112 igitur
2043 5053 2141 5094 cor
2183 5048 2334 5093 tuum
2374 5037 2508 5092 mite
2556 5033 2720 5090 fuerit
2759 5044 2816 5089 et
2850 5033 3007 5088 facile
3040 5031 3107 5087 ad
3155 5032 3438 5100 ignoscen-

1845 5135 1997 5196 dum,
2030 5131 2169 5200 apud
2206 5131 2371 5186 Deum
2405 5127 2833 5184 misericordiam
2878 5125 3159 5187 invenies;
3212 5122 3295 5176 sin
3329 5121 3432 5172 du-

1849 5237 1966 5278 rnnt
1995 5222 2256 5276 adversus
2295 5219 2601 5291 proximum
2641 5216 2914 5273 exstiterit
2954 5224 3012 5268 et
3045 5213 3434 5274 inhumanum,

1847 5314 1990 5369 nulla
2022 5314 2096 5368 tui
2139 5313 2426 5368 habebitur
2454 5311 2594 5366 ratio
2626 5310 2676 5364 itt
2709 5315 3001 5376 conspectu
3050 5303 3165 5357 Dei.
3209 5302 3434 5372 Ignosce

1849 5405 2000 5461 mihi.
2035 5405 2146 5475 Ego
2183 5404 2328 5459 enim
2369 5416 2574 5474 egenus
2613 5401 2773 5471 plane
2810 5413 2952 5460 sum,
2984 5402 3041 5451 et
3074 5395 3315 5464 peccatis
3342 5395 3434 5448 oh-

1849 5497 2092 5554 strictus.
2129 5495 2197 5552 Et
2235 5497 2351 5553 haec
2381 5495 2629 5552 scribens
2654 5490 2964 5550 confundor
3002 5487 3059 5544 in
3087 5487 3252 5543 corde
3292 5501 3441 5542 meo.

244 5653 266 5685 '
301 5654 466 5711 lCor.
513 5672 574 5723 ιι,
603 5656 655 5711 9.
733 5656 756 5688 ‘
795 5655 1027 5726 Philipp.
1061 5670 1136 5712 tv.
1177 5654 1295 5711 5-7.
1369 5653 1391 5686 ⁷
1429 5653 1621 5710 Matth.
1652 5669 1725 5721 vi,
1766 5653 1877 5718 Νη
1913 5651 2075 5709 Marc.
2119 5669 2196 5718 xt,
2225 5652 2298 5707 25
2397 5651 2419 5682 ⁸
2446 5647 2637 5704 Matth.
2679 5645 2970 5713 ".1244.
3045 5644 3068 5678 ’
3108 5641 3242 5699 Luc.
3288 5654 3370 5709 vt,

179 5721 266 5777 37.
340 5728 383 5758 ιθ
419 5721 661 5795 ιιιεέιι,
688 5726 745 5781 4.
