3888 6284
447 287 583 342 “55

1543 275 1814 332 PATRES
1849 275 2149 331 IEGYP'I'II
2187 274 2454 328 SALCULI
2491 274 2580 329 ιγ.

3552 275 3699 331 1156

447 404 560 459 Nisi
591 401 734 457 enim
762 401 925 455 homo
953 398 1018 452 ad
1047 395 1165 451 Filii
1197 395 1288 450 Dei
1337 401 1583 448 naturam
1619 403 1669 448 et
1701 391 2004 460 exemplum
2037 392 2083 448 Α
2109 389 2428 454 superveniet
2447 389 2500 441 in
2521 396 2589 452 te,
2613 395 2660 442 et
2682 387 2843 442 virtus
2866 387 3122 442 Altissimi
3139 389 3474 443 obumbravit
3498 393 3601 446 tibi
3628 392 3695 445 ".

446 511 506 552 se
554 492 948 563 composuerit,
1000 492 1184 543 inanes
1229 496 1357 552 sunt
1394 502 1580 542 omnes
1618 485 1828 540 labores
1867 484 2006 551 ejus.

447 588 550 655 Qui
582 585 845 648 seminat,
878 581 1224 650 multiplicem
1253 579 1486 632 fructum
1521 587 1834 646 exspectat;
1867 576 2008 646 quod

447 683 494 736 si
521 694 643 748 spes
672 691 794 732 eum
823 662 1094 740 lefellerit,
1124 671 1268 727 dolet
1297 669 1665 742 quod‘semina
1695 668 2012 736 laboresque

449 769 759 841 perdiderit.

521 861 606 915 ιιι.
645 859 834 914 Petrus
871 854 1144 923 apostolus
1173 867 1292 908 cum
1327 852 1512 906 Romae
1542 858 1684 906 esset
1719 848 2014 917 adigendus

451 952 626 1017 cruci,
662 948 839 1003 oravit
871 957 930 999 ιιι
964 945 1139 1010 capite
1171 943 1406 998 demisso
1438 939 1870 1008 suspenderetur.
1898 937 2016 1004 Quo

450 1040 664 1111 quidem
701 1035 976 1107 mysterio,
1001 1048 1120 1101 qua;
1151 1041 1354 1084 natur-te
1381 1027 1653 1085 contraria
1679 1037 1822 1090 sunt,
1851 1035 2010 1095 atque

453 1130 656 1185 homini
695 1126 1059 1186 dominantur,
1110 1123 1378 1174 indicavit.
1435 1119 1690 1188 Quisquis
1728 1119 1872 1172 enim
1913 1117 2011 1171 ba-

453 1222 684 1290 ptizatus
721 1224 834 1278 est,
868 1216 1024 1268 debet
1066 1214 1245 1268 omnia
1279 1222 1482 1264 natura:
1514 1209 1814 1298 rationique
1853 1224 2012 1279 repn-

453 1309 703 1380 gnantia,
761 1307 952 1375 quibus
1003 1313 1288 1372 superatus
1324 1310 1406 1356 est
1438 1299 1609 1354 Adam
1643 1309 1696 1354 et
1746 1315 1810 1353 ex
1845 1299 2013 1368 gloria

456 1400 509 1452 in
577 1397 924 1466 ignominiam
975 1404 1343 1460 aeternumque
1389 1391 1621 1446 dedecus
1668 1391 2014 1453 deturbatus.

454 1488 786 1557 cruciﬁgere.
817 1485 966 1539 Forti
1001 1484 1160 1554 igitur
1189 1481 1369 1535 animo
1397 1480 1738 1551 pugnandum
1769 1487 1885 1544 est,
1918 1480 2014 1534 de-

455 1577 841 1646 spiciendaque
892 1573 1071 1628 omnia
1119 1587 1238 1640 qua:
1297 1572 1437 1640 apud
1495 1571 1741 1625 homines
1790 1577 1914 1626 sunt
1963 1569 2016 1623 in

454 1667 649 1738 pretio.
687 1663 810 1719 Haec
841 1663 983 1717 enim
1023 1670 1148 1717 sunt
1172 1661 1287 1723 illa,
1330 1675 1449 1730 quae
1493 1659 1633 1714 ﬁlios
1661 1659 1830 1714 Adam
1870 1657 2015 1713 redi-

455 1765 584 1825 gunt
613 1755 664 1809 in
693 1753 1003 1808 servitutem
1035 1767 1050 1804 :
1094 1765 1283 1819 nempe
1312 1748 1544 1818 lucrum,
1574 1748 1768 1813 honor,
1808 1747 1978 1802 otium
1997 1787 2014 1814 ,

455 1846 641 1915 gloria,
681 1843 923 1912 corporis
961 1841 1298 1912 pulchritudo
1321 1879 1335 1904 ,
1371 1849 1426 1894 et
1461 1847 1653 1894 caetera
1697 1839 1784 1894 his
1819 1838 2014 1894 similia

455 1951 575 2004 qua:
609 1935 848 1988 nutriunt
887 1933 1244 1997 voluptatem,
1288 1946 1448 2000 quam
1482 1931 1646 1985 draco
1695 1929 1745 1984 in
1791 1944 1852 1986 os
1897 1929 2019 1984 Eva:

455 2025 706 2095 conjecit.
743 2024 1100 2092 Quamobrem
1137 2039 1234 2078 nos
1265 2037 1478 2092 quoque
1517 2037 1581 2076 ex
1623 2021 1779 2077 malis
1815 2021 2019 2092 cogita-

457 2116 692 2170 tionibus
726 2128 844 2184 qua:
883 2129 980 2168 nos
1015 2113 1106 2167 Dei
1148 2113 1331 2168 hostes
1373 2115 1728 2179 constituunt,
1772 2110 2020 2180 agnosci-

455 2219 575 2258 mus
612 2218 710 2260 nos
751 2217 869 2257 esse
901 2202 1039 2257 ﬁlios
1068 2203 1261 2256 Adam.
1301 2200 1496 2257 Beatus
1529 2201 1620 2270 qui
1651 2215 1774 2256 cum
1805 2199 2020 2254 Christo

455 2296 744 2350 cruciﬁxus
787 2305 903 2361 est,
951 2305 1006 2349 et
1061 2304 1342 2363 mortuus,
1387 2303 1443 2349 et
1502 2293 1778 2362 sepultus,
1830 2301 1885 2346 et
1935 2305 2023 2345 re-

456 2386 691 2441 surrexit
734 2385 786 2438 in
823 2385 1059 2439 novitate
1105 2384 1266 2450 vitte,
1313 2392 1368 2437 et
1408 2392 1591 2436 sancta
1636 2381 1766 2436 Jesu
1797 2379 2020 2448 vestigia

457 2477 738 2546 sequitur;
781 2475 872 2543 qui
915 2489 1012 2543 pro
1041 2475 1196 2528 nobis
1225 2475 1398 2528 tactus
1420 2483 1505 2528 est
1546 2472 1728 2538 homo,
1761 2480 1820 2525 ut
1847 2471 1896 2526 ei
1927 2485 2023 2540 per

458 2565 814 2620 humilitatem
840 2601 857 2626 ,
891 2571 946 2617 et
976 2571 1347 2631 paupertatem
1370 2599 1386 2625 ,
1425 2570 1479 2615 et
1518 2560 1833 2630 iujuriarum
1869 2561 2023 2628 igno-

460 2654 745 2724 miniazque
771 2653 1108 2708 tolerantiam
1138 2651 1340 2706 similes
1372 2651 1686 2714 eﬁiciamur,
1717 2659 1774 2704 et
1809 2650 1874 2703 de
1898 2664 2022 2704 cor-

458 2759 589 2815 pore
615 2742 747 2797 nihil
778 2741 1032 2806 solliciti,
1065 2754 1240 2810 neque
1281 2739 1540 2794 malorum
1579 2738 1802 2792 insidias
1826 2737 2022 2802 veriti,

459 2850 643 2904 pacem
679 2850 799 2888 cum
825 2831 1074 2888 omnibus
1101 2832 1417 2886 habeamus.
1448 2830 1575 2897 Qui,
1611 2832 1756 2886 vitiis
1778 2830 2020 2896 sublatis,

458 2927 572 2981 haec
607 2923 1003 2994 complectitur,
1035 2923 1080 2976 is
1103 2936 1168 2976 ex
1198 2921 1417 2977 Christo
1443 2930 1544 2985 est,
1575 2931 1629 2975 et
1657 2921 1796 2976 ﬁlius
1829 2923 1940 2987 Dei,
1970 2930 2026 2976 et

457 3016 626 3070 frater
647 3013 794 3070 Jesu.
828 3014 985 3068 Faxit
1013 3013 1173 3078 Deus,
1207 3022 1265 3066 ιιι
1297 3029 1393 3068 nos
1422 3028 1612 3068 omnes
1637 3014 1804 3068 simus
1833 3015 1884 3067 in
1917 3029 2022 3067 nu-

456 3120 607 3160 mero
635 3105 926 3160 electorum
957 3103 1074 3173 ejus
1096 3143 1112 3167 ,
1160 3114 1216 3158 et
1249 3105 1402 3158 bonis
1431 3105 1701 3172 potiamur
1732 3105 2014 3174 sempiter-
2045 3127 2088 3186 ρ

457 3194 542 3247 nis
593 3193 645 3246 in
693 3193 911 3247 Christo
945 3190 1072 3244 Jesu
1107 3189 1334 3244 Domino
1367 3199 1552 3244 nostro
1577 3229 1592 3255 ,
1643 3191 1729 3245 cui
1764 3190 1932 3260 gloria
1967 3201 2020 3245 et

457 3284 740 3354 imperium
767 3283 820 3339 in
859 3281 1053 3338 saecula
1091 3282 1438 3336 saeculorum!
1475 3282 1666 3336 Amen.

1021 3415 1279 3472 ORATlO
1319 3415 1457 3471 XIX.

977 3529 1056 3585 De
1078 3530 1270 3584 morbis
1307 3530 1490 3585 animi.

523 3649 565 3704 Ι.
631 3648 877 3705 Clamare
918 3647 1049 3702 libet
1077 3655 1131 3700 et
1175 3646 1306 3700 mihi
1351 3662 1471 3701 cum
1520 3645 1657 3700 Isaia
1712 3646 2017 3716 prOpheta:

455 3739 670 3795 Patiens
705 3741 782 3809 fui
804 3779 820 3806 ,
856 3741 990 3793 sicut
1021 3739 1317 3808 parturiens
1358 3738 1582 3807 loquar:
1610 3739 1871 3807 dissipabo
1909 3754 2018 3804 eos,

451 3840 501 3884 et
526 3832 739 3899 perdam
773 3831 837 3881 “.
888 3829 944 3885 Si
976 3839 1026 3884 te
1058 3831 1230 3899 ipsum
1280 3831 1420 3884 nosti
1449 3869 1464 3892 ,
1496 3830 1539 3883 si
1577 3827 1695 3883 fons
1728 3830 1781 3882 in
1827 3840 1877 3883 te
1906 3827 2022 3882 ﬁnit

454 3921 688 3991 Spiritus
722 3921 893 3974 sancti
921 3961 938 3987 ,
979 3929 1190 3974 constat
1227 3921 1514 3989 dissipatos
1545 3929 1596 3974 et
1625 3921 1863 3990 perditos
1898 3934 2020 3975 esse

455 4011 700 4065 inimicos
733 4020 875 4069 tuos.
909 4010 1029 4064 Non
1068 4022 1166 4076 est,
1196 4011 1368 4081 inquit
1407 4012 1655 4065 Salvator
1700 4022 1904 4078 noster,
1938 4027 2021 4065 re-

452 4115 611 4169 gnum
647 4101 738 4153 Dei
776 4101 857 4153 hic
908 4113 997 4152 aut
1033 4101 1175 4165 illic,
1231 4101 1315 4153 sed
1345 4100 1485 4152 intra
1535 4116 1619 4153 vos
1655 4101 1720 4151 ¹¹.
1755 4101 1892 4153 Sunt
1929 4101 2018 4170 qui

453 4189 744 4258 loquuntur
776 4206 836 4245 ea
870 4206 1002 4260 quae
1037 4192 1189 4258 regni
1238 4201 1395 4258 sunt,
1432 4207 1530 4246 nec
1568 4201 1744 4247 tamen
1777 4192 2014 4260 faciunt;

452 4291 579 4335 sunt
612 4295 800 4334 rursus
837 4259 927 4350 q'ui
958 4296 1021 4335 ea
1065 4281 1302 4345 faciunt,
1338 4282 1433 4336 sed
1468 4282 1642 4336 minus
1686 4283 1920 4337 scienter
1963 4292 2019 4338 et

452 4371 825 4435 considerate;
863 4370 1168 4439 paucissimi
1197 4385 1323 4424 vero
1351 4370 1486 4424 intra
1518 4386 1653 4440 quos
1686 4370 1755 4424 sit
1791 4385 2013 4438 regnum

2116 480 2581 546 Quemadmodum
2628 480 2770 535 enim
2817 479 2972 536 dolor
3021 481 3162 551 cepit
3194 482 3361 536 Evam
3409 491 3470 538 et
3500 497 3698 538 semen

2109 572 2230 642 ejus
2259 573 2323 625 ad
2368 571 2510 626 hunc
2536 586 2705 640 usque
2755 571 2932 635 diem;
2969 572 3046 627 sic
3089 574 3339 642 gaudium
3391 575 3538 644 cepit
3579 573 3700 628 Ia-
3783 559 3786 562 ’

2111 665 2277 730 riam,
2327 672 2382 717 et
2420 662 2589 718 bonos
2634 677 2822 717 omnes
2865 663 3202 718 Christianos
3247 664 3298 717 in
3334 676 3696 733 perpetuum.

2115 755 2266 810 Sicut
2291 756 2450 825 igitur
2475 754 2819 824 eramusjam
2850 755 2942 808 ﬁlii
2984 756 3126 815 Evm.
3157 765 3210 809 et
3242 755 3700 810 maledictionem

2112 844 2229 910 ejus
2262 845 2312 898 in
2346 859 2444 898 nos
2477 858 2571 913 per
2609 843 2782 897 malas
2805 853 3017 898 nostras
3042 845 3396 914 cogitationes
3421 860 3703 914 agnosce-

2115 937 2306 992 bamus
2335 955 2347 989 ε
2381 937 2452 990 ita
2482 936 2736 990 debemus
2781 937 3078 1006 intelligere
3115 951 3211 991 nos
3252 951 3374 992 esse.
3416 937 3560 991 ﬁlios
3599 935 3699 991 Dei

2115 1043 2211 1098 per
2254 1028 2423 1081 bonas
2469 1027 2701 1095 Spiritus
2742 1028 2912 1081 sancti
2954 1028 3346 1097 cogitationes,
3379 1039 3436 1082 et
3486 1027 3699 1083 ChriSti

2115 1119 2392 1190 passiones
2414 1156 2430 1181 ,
2459 1118 2500 1172 si
2533 1117 2749 1186 quidem
2778 1133 2905 1172 vere
2956 1127 3081 1172 sunt
3123 1119 3172 1172 in
3207 1134 3434 1187 corpore
3480 1128 3697 1173 nostro.

2116 1207 2206 1262 Sic
2237 1208 2378 1260 enim
2408 1205 2475 1259 ab
2501 1206 2756 1270 Apostolo
2784 1205 3042 1274 scriptum
3072 1216 3154 1260 cst
3179 1224 3192 1260 :
3220 1204 3451 1260 Probate
3471 1215 3703 1260 uosmet-

2115 1301 2273 1367 ipsos,
2297 1307 2472 1349 utrunt
2497 1295 2734 1349 Christus
2765 1297 2819 1348 in
2842 1296 2983 1349 vobis
3005 1298 3094 1362 sit,
3117 1312 3178 1350 ne
3215 1297 3352 1365 forte
3383 1297 3600 1364 reprobi
3629 1297 3703 1349 ss"

2118 1391 2187 1443 tis
2215 1390 2281 1442 ¹⁷.
2314 1389 2539 1454 Quando
2564 1388 2707 1441 enim
2745 1387 3050 1443 ferebamus
3088 1389 3366 1457 imaginem
3395 1390 3603 1442 terreni
3630 1388 3697 1453 ¹⁸,

2120 1477 2575 1548 cognoscebamus
2604 1491 2702 1531 nos
2733 1477 2849 1544 ejus
2876 1492 2994 1532 esse
3020 1478 3156 1533 ﬁlios
3187 1494 3251 1533 ex
3284 1479 3427 1548 turpi
3458 1479 3699 1533 materia

2117 1568 2499 1638 cogitationum
2533 1569 2585 1622 in
2612 1568 2768 1622 nobis
2795 1567 3174 1634 habitantium,
3201 1584 3318 1637 quas
3343 1571 3518 1624 morbi
3557 1579 3693 1622 sunt

2118 1660 2320 1728 animi;
2343 1661 2432 1729 qni
2460 1669 2638 1714 autem
2674 1658 2889 1712 ctelestis
2916 1668 3128 1728 gestant
3156 1660 3454 1728 imaginem.
3491 1675 3700 1730 cogno-

2117 1762 2276 1808 scunt
2309 1767 2368 1806 se
2401 1752 2493 1805 Dei
2545 1751 2682 1805 ﬁlios
2729 1765 2824 1820 per
2863 1749 3122 1819 Spiritum
3169 1759 3413 1803 sanctum
3463 1751 3518 1804 in
3563 1751 3702 1819 ipsis

2120 1838 2466 1894 habitantem.
2519 1839 2686 1894 Isaias
2729 1839 2872 1893 enim
2921 1838 3158 1893 clamat:
3215 1839 3297 1894 Ea:
3350 1841 3540 1894 timore
3584 1854 3698 1905 tua,

2119 1928 2373 1994 Domine,
2418 1929 2472 1982 in
2520 1939 2664 1983 utero
2711 1929 3074 1996 concepimus,
3108 1939 3156 1983 et
3188 1931 3607 1996 parturivimus,
3656 1945 3701 1984 et

2125 2021 2417 2087 peperimus
2452 2020 2692 2087 spiritum
2722 2017 2912 2071 salutis
2946 2020 3164 2072 interra
3195 2020 3258 2072 ".
3301 2019 3370 2072 Et
3409 2035 3608 2075 rursus
3650 2024 3701 2073 in

2121 2107 2448 2162 Ecclesiaste
2494 2107 2748 2176 scriptum
2794 2117 2916 2162 est:
2961 2108 3410 2172 Quemadmodum
3450 2112 3701 2176 compin-

2120 2211 2314 2266 guntur
2345 2213 2462 2249 ossa
2496 2195 2551 2248 in
2580 2207 2751 2249 ventre
2777 2198 3022 2264 gerentis,
3059 2196 3136 2249 sic
3159 2207 3232 2249 est
3263 2197 3348 2250 uia
3373 2197 3598 2264 spiritus
3630 2199 3700 2252 ".

2120 2287 2254 2363 Nam
2279 2288 2417 2343 sicut
2441 2296 2624 2341 sancta
2648 2286 2808 2358 Virgo
2831 2287 3056 2356 gestavit
3079 2287 3168 2341 Dei
3193 2287 3385 2342 Filium
3412 2289 3466 2342 in
3486 2304 3662 2345 carne
3687 2309 3699 2344 :

2122 2379 2195 2432 ita
2244 2377 2334 2447 qui
2387 2376 2619 2446 Spiritus
2659 2378 2828 2432 sancti
2880 2376 3110 2448 gratiam
3160 2378 3463 2446 accipiunt,
3505 2383 3700 2434 c0nci-

2122 2469 2273 2539 piunt
2301 2478 2350 2522 et
2383 2477 2595 2538 gestant
2623 2469 2772 2523 illum
2805 2469 2857 2522 in
2891 2469 3052 2525 corde
3081 2483 3199 2536 suo,
3232 2471 3371 2526 sicut
3398 2472 3703 2540 Apostolus

2122 2560 2200 2612 ait
2249 2557 2486 2612 habitare
2521 2556 2785 2611 Christum
2813 2559 2868 2611 in
2902 2559 3140 2612 interiori
3182 2560 3388 2614 homine
3413 2578 3508 2629 per
3535 2563 3701 2630 [idem

2121 2649 2175 2700 in
2192 2649 2434 2702 cordibus
2451 2651 2648 2711 uestris,
2673 2649 2895 2701 radicati
2925 2657 2974 2703 et
2997 2649 3206 2718 fundati
3237 2651 3294 2705 in
3323 2655 3608 2719 charitate,
3642 2665 3702 2708 at

2120 2741 2329 2810 possitis
2371 2740 2796 2806 comprehendere
2836 2758 2954 2794 cum
3007 2743 3244 2796 omnibus
3290 2747 3492 2799 sanctis
3520 2747 3593 2800 ".
3635 2746 3701 2801 Et

2123 2845 2308 2884 rursus
2340 2848 2354 2882 :
2390 2828 2688 2897 Ilabemusj,
2719 2829 2913 2900 inquit,
2955 2830 3260 2882 thesaurum
3288 2832 3444 2884 istum
3473 2834 3526 2885 in
3554 2836 3700 2889 uasis

2119 2921 2396 2990 ﬁctilibus,
2428 2930 2482 2973 ut
2527 2921 2823 2974 sublimitas
2871 2922 2937 2975 sit
2980 2920 3187 2973 uirtutis
3220 2920 3354 2985 Dei,
3389 2933 3438 2976 et
3491 2940 3598 2977 non
3636 2940 3702 2978 ιι

2124 3013 2270 3066 nobis
2300 3013 2369 3065 “.

2191 3101 2253 3155 ll.
2297 3099 2354 3155 Si
2408 3100 2534 3157 illuc
2578 3101 2742 3172 igitur
2779 3103 3090 3173 pervenisti,
3128 3113 3187 3159 ut
3221 3104 3407 3159 eadem
3460 3105 3701 3177 imagine

2121 3203 2188 3244 ex
2223 3189 2390 3258 gloria
2417 3190 2470 3244 in
2502 3191 2729 3260 gloriam
2760 3193 2834 3247 sis
2861 3194 3297 3260 transformatus,
3325 3205 3379 3249 et
3413 3196 3699 3266 impletum

2122 3288 2204 3331 est
2238 3279 2290 3334 in
2320 3287 2373 3333 te
2407 3279 2534 3334 illud
2569 3281 2850 3350 Apostoli:
2889 3280 2954 3334 Et
2980 3297 3086 3349 pax
3125 3281 3219 3336 Dei
3246 3284 3468 3337 exsultet
3498 3288 3552 3338 in
3582 3302 3702 3338 cor-

2122 3368 2275 3422 dibus
2306 3371 2484 3423 oestris
2509 3371 2583 3435 ²³;
2627 3382 2678 3423 et
2712 3371 2810 3426 :Si
2849 3374 2903 3424 in
2944 3385 3111 3426 mente
3159 3381 3326 3427 vestra
3353 3385 3426 3428 est
3454 3373 3699 3430 Christss

2121 3457 2281 3514 Jesus
2313 3459 2382 3515 ³⁵.
2413 3459 2510 3515 Et:
2545 3460 2806 3526 Quoniam
2829 3479 2856 3516 e
2898 3465 3122 3518 tenebris
3151 3465 3246 3518 lus:
3267 3466 3475 3534 effulsit
3498 3470 3552 3521 in
3579 3485 3700 3523 cor.

2121 3549 2273 3602 dibus
2308 3550 2484 3604 vestris
2525 3553 2830 3621 cognitionis
2883 3552 2977 3606 Dei
3009 3553 3053 3585 ”
3089 3569 3104 3605 :
3145 3565 3202 3608 et
3255 3557 3298 3610 si
3339 3557 3697 3628 adimpletum

2121 3649 2206 3694 est
2229 3640 2358 3694 illttd
2391 3641 2443 3694 in
2477 3650 2569 3694 te:
2613 3640 2729 3696 Sint
2773 3641 2937 3696 lumbi
2979 3645 3135 3697 uestri
3180 3645 3484 3713 praecincti,
3529 3657 3580 3700 et
3613 3649 3696 3700 lu—

2123 3748 2292 3786 cerna:
2345 3734 2587 3786 ardentes
2619 3735 2672 3786 in
2719 3736 2960 3788 manibus
2997 3737 3174 3789 vestris
3205 3751 3224 3788 :
3264 3745 3311 3790 et
3364 3739 3510 3791 eritis
3557 3742 3700 3791 sicut

2121 3822 2255 3874 servi
2288 3830 2641 3889 exspectantes
2675 3821 2946 3874 dominum
2989 3840 3138 3876 suunt
3161 3863 3176 3887 ,
3208 3825 3370 3878 donec
3403 3836 3699 3880 revertatur

2122 3927 2154 3964 a
2172 3911 2365 3980 nuptiis
2383 3912 2458 3963 ’δε
2487 3927 2553 3965 nc
2584 3914 2893 3966 obstruatnr
2917 3929 2976 3968 os
3002 3923 3168 3980 tuum,
3196 3931 3297 3969 non
3327 3916 3529 3971 habens
3552 3922 3697 3987 quod

2123 4003 2452 4070 respondeat
2505 4003 2557 4058 in
2619 4005 2797 4059 medio
2852 4015 3184 4058 sanctorum.
3233 4004 3383 4060 Etsi
3427 4008 3568 4061 nosti
3608 4019 3695 4072 te,

2121 4094 2570 4162 quemadmodum
2607 4095 2840 4165 virgines
2871 4097 3013 4162 illas,
3050 4097 3248 4152 habere
3281 4099 3456 4153 oleutn
3487 4100 3537 4152 in
3566 4116 3700 4156 vase

2124 4192 2234 4246 tuo,
2266 4192 2322 4237 ut
2353 4197 2550 4254 sponso
2584 4187 2798 4240 obviam
2827 4189 3108 4255 procedas,
3141 4202 3315 4257 neque
3345 4189 3692 4256 ekcludaris;

2121 4283 2172 4327 ct
2199 4276 2241 4329 si
2277 4278 2564 4346 cognoscis
2603 4277 2849 4346 Spiritum
2885 4288 3054 4344 tuum,
3088 4288 3142 4332 et
3183 4280 3442 4346 animam,
3475 4291 3529 4335 et
3563 4297 3687 4335 cor-

2122 4382 2220 4434 pus
2259 4381 2378 4421 esse
2423 4367 2706 4436 conjuncta
2754 4368 2871 4422 sine
2919 4369 3364 4437 reprehensione,
3407 4380 3467 4425 ιιι
3505 4371 3557 4425 in
3606 4373 3690 4428 die

450 4461 567 4528 Dei,
597 4472 652 4514 ut
681 4462 930 4515 Salvator
957 4462 1051 4514 ait.
1088 4460 1166 4514 Ad
1193 4463 1288 4515 hos
1324 4462 1566 4530 pervenit
1611 4461 1843 4530 Spiritus
1886 4476 2012 4515 san-
2046 4464 2094 4518 D
2125 4462 2334 4515 Domini
2367 4463 2535 4516 nostri
2567 4461 2693 4517 Jesu
2722 4463 2924 4519 Christi
2960 4465 3077 4519 sine
3107 4466 3313 4520 macula
3349 4480 3683 4538 appareant;

447 4563 570 4608 Ctns
590 4571 604 4607 :
626 4553 676 4604 in
703 4553 788 4606 his
815 4552 1065 4620 impletus
1084 4563 1169 4606 est
1190 4567 1368 4606 sermo
1389 4551 1610 4607 Joannis
1627 4554 1967 4624 evangelista:
1995 4572 2009 4608 :

452 4639 770 4696 Potestatem
819 4642 961 4694 dedit
989 4642 1061 4696 eis
1099 4642 1238 4710 ﬁlios
1267 4641 1364 4696 Dei
1402 4643 1539 4711 ﬁeri,
1580 4645 1644 4696 iis
1679 4645 1767 4713 qui
1801 4643 2014 4698 credunt

446 4734 504 4785 in
533 4735 738 4786 nomine
779 4733 932 4802 ejus;
976 4733 1066 4802 qui
1106 4750 1209 4787 non
1243 4749 1308 4788 ea:
1350 4736 1715 4805 sanguinibus,
1759 4752 1921 4805 neque
1953 4751 2019 4790 es;

446 4822 712 4875 uoluntate
739 4828 934 4888 carnis,
973 4840 1134 4893 neque
1163 4840 1229 4878 ea:
1259 4825 1519 4879 voluntate
1548 4827 1668 4890 uiri,
1698 4826 1787 4879 sed
1817 4841 1881 4878 ex
1907 4825 2015 4880 Deo

446 4913 558 4964 nati
582 4923 704 4964 sunt
733 4913 793 4967 ".
825 4913 915 4967 Isti
952 4914 1160 4968 liberati
1203 4925 1328 4970 sunt
1385 4931 1414 4969 a
1465 4918 1650 4972 dolore
1706 4918 1796 4987 qui
1851 4918 2014 4972 Evam

444 4995 643 5050 invasit
677 5015 691 5051 :
724 5001 790 5052 In
823 5001 1000 5054 dolore
1026 5001 1164 5068 ﬁlios
1204 5007 1377 5070 paries
1407 5005 1468 5058 “.
1507 5003 1596 5059 lsti
1639 5005 1848 5060 liberati
1893 5016 2018 5061 sunt

444 5085 512 5138 ab
541 5087 734 5142 acerba
766 5091 1061 5160 sententia,
1089 5108 1209 5162 quae
1236 5095 1340 5148 lata
1378 5093 1480 5149 fuit
1521 5097 1573 5150 in
1603 5098 1770 5151 Adam
1799 5115 1812 5152 :
1849 5097 2019 5153 Male-

442 5176 582 5229 dicta
620 5187 758 5232 terra
797 5181 850 5234 in
875 5197 1025 5249 apere
1057 5194 1144 5237 tuo
1171 5185 1233 5238 ¹⁵.
1255 5184 1341 5239 lsti
1361 5189 1590 5258 suntqui
1620 5192 1846 5260 gratiam
1875 5191 2019 5245 acci-

440 5269 613 5336 piunt,
641 5285 801 5338 quam
838 5275 1049 5342 accepit
1093 5273 1257 5330 Maria
1299 5292 1314 5331 :
1366 5276 1504 5343 Quia
1542 5277 1770 5350 Spiritus
1802 5293 2015 5336 sanctus

513 5425 682 5501 ‘_‘_ls‘a.
719 5444 852 5493 XLII,
889 5432 974 5486 l3.
1049 5434 1091 5464 “
1134 5431 1264 5488 an.
1293 5451 1424 5501 xvtt,
1455 5437 1544 5492 2|.

529 5495 569 5572 [Ι
597 5497 718 5572 (ξῦν.
758 5517 874 5566 λιιι,
903 5502 956 5556 5.
1068 5503 1110 5534 ⁸⁸
1143 5506 1155 5556 Ι
1184 5505 1307 5559 Cor.
1369 5494 1454 5572 xv,
1511 5508 1600 5562 49.

441 5565 486 5597 "
525 5564 564 5616 ll
605 5566 729 5624 Cor.
778 5564 867 5638 ιν,
893 5573 948 5625 6.
1027 5574 1072 5606 ³³
1112 5573 1319 5630 Coloss.
1362 5564 1564 5643 tn,'15.

441 5648 551 5699 six,
598 5635 683 5690 14.

1626 5439 1672 5471 ¹³
1707 5439 1862 5496 Joan.
1902 5459 1940 5505 ι,
1984 5445 2074 5510 η,
2118 5445 2205 5498 15.
2286 5443 2329 5474 ’⁵

1679 5511 1720 5540 ³³
1775 5511 1877 5564 lsa.
1925 5530 2073 5581 nm,
2133 5517 2221 5579 17,
2278 5513 2362 5566 18.

1667 5580 1712 5611 ’⁸
1749 5581 1904 5638 llom.
1944 5580 2065 5641 vin.
2111 5587 2196 5640 ll).

2120 4564 2175 4609 et
2211 4554 2252 4608 si
2288 4565 2336 4609 te
2363 4570 2467 4610 non
2499 4564 2718 4608 accusat
2747 4570 2920 4624 neque
2948 4557 3125 4626 arguit
3151 4560 3521 4623 conscientia;
3555 4575 3615 4616 et
3651 4564 3697 4617 si

2122 4645 2377 4715 parvulus
2423 4643 2598 4700 factus
2629 4661 2690 4700 es
2735 4646 2886 4716 juxta
2927 4661 3231 4702 sermonem
3269 4647 3570 4704 Salvatoris
3619 4655 3699 4706 dio

2123 4737 2325 4791 centis:
2355 4734 2524 4789 Sinite
2551 4738 2794 4804 parvulos
2817 4737 2989 4791 venire
3009 4736 3077 4789 ad
3099 4753 3217 4803 me;
3243 4737 3427 4791 talium
3454 4740 3602 4794 enim
3623 4751 3699 4796 est

2124 4841 2336 4895 regnum
2357 4826 2600 4880 calorum
2619 4828 2663 4858 "
2688 4844 2704 4894 ;
2733 4842 2855 4881 vere
2878 4841 3073 4896 sponsa
3097 4827 3216 4897 ejus
3242 4827 3381 4881 facta
3403 4840 3490 4884 est
3513 4835 3694 4886 anima

2127 4928 2240 4982 tua,
2279 4927 2335 4972 et
2372 4915 2609 4986 Spiritus
2641 4929 2859 4973 sanctus
2890 4920 2942 4972 in
2976 4929 3061 4986 te,
3101 4935 3245 4973 nunc
3276 4920 3440 4974 etiam
3473 4921 3604 4976 dum
3641 4938 3699 4977 es

2129 5011 2180 5063 in
2221 5024 2472 5080 corpore,
2503 5011 2855 5080 conquiescit.
2905 5011 3057 5076 Quod
3091 5012 3136 5067 si
3165 5027 3273 5067 non
3312 5025 3374 5066 es
3406 5013 3695 5080 ejusmodi,

2126 5101 2363 5155 dolorem
2415 5109 2470 5155 et
2515 5103 2774 5171 gemitum
2820 5104 3074 5158 acerbum
3117 5115 3406 5174 exspecta,
3439 5107 3695 5175 quoniam

2127 5194 2356 5248 dedecus
2399 5203 2458 5247 ct
2510 5194 2804 5263 ignominia
2854 5195 3160 5264 praecedent
3211 5196 3358 5250 tein
3398 5207 3690 5266 conspectu

2123 5295 2456 5340 sanctorum.
2518 5285 2978 5352 Quemadmodum
3036 5288 3189 5356 virgo
3236 5287 3484 5356 quotidie
3537 5304 3696 5342 tuane

2286 5443 2329 5474 ”
2370 5443 2504 5498 Gen.
2541 5461 2635 5508 ιιι,
2667 5444 2755 5499 16.
2834 5445 2877 5478 ³⁸
2914 5445 3040 5500 ibid.
3097 5445 3183 5498 l7.
3288 5446 3331 5477 is
3370 5445 3506 5500 Luc.
3540 5462 3579 5508 "
3609 5446 3695 5500 55‘

2457 5515 2502 5543 ¹⁰
2545 5515 2721 5568 Εριτιε.
2770 5531 2843 5578 xt,
3055 5516 3096 5546 "
3140 5515 3335 5583 Ephes.
3387 5532 3468 5573 Ill.
3515 5515 3696 5569 lli-ts.

2306 5585 2350 5614 ’⁸
2391 5583 2428 5639 ιι
2459 5583 2584 5638 Cor.
2618 5600 2688 5654 tv,
2720 5585 2772 5639 6.
2848 5585 2892 5618 ’⁸
2932 5584 3063 5639 an.
3123 5601 3233 5653 xu,
3261 5585 3350 5639 55.
3428 5585 3474 5616 ³⁷
3509 5584 3698 5639 Matth.
