3884 6278
95 321 242 378 1157

1194 319 1251 377 S.
1293 319 1496 377 ISAMS
1539 320 1827 376 ABBATIS
1864 320 2284 380 ORATIONES.

3236 313 3373 387 {iss

91 458 225 498 cum
248 441 442 512 surgit,
469 440 600 496 nihil
629 440 773 498 aliud
805 449 981 508 curat,
1009 442 1110 499 nisi
1135 453 1192 498 ut
1217 455 1374 498 ornet
1403 460 1461 499 se
1490 460 1689 514 sponso
1718 459 1765 513 Α
1792 445 1922 514 cito,
1957 445 2139 512 frater,
2176 457 2236 500 ut
2267 453 2528 500 aaternnm
2576 443 2702 499 illud
2747 445 2998 514 gaudium
3031 460 3362 516 assequare,

92 551 238 601 suo,
270 545 325 590 et
351 533 564 602 speculo
593 534 839 603 explorat
870 535 1178 605 diligenter,
1217 553 1283 592 ne
1315 553 1421 607 qua
1465 538 1675 591 tnacula

94 627 342 682 resideat
371 627 423 679 in
458 624 604 680 vultu
637 640 757 691 suo,
795 643 902 698 qua
948 643 1178 697 sponsus
1222 627 1556 695 offendatur;
1595 631 1673 684 sic

93 734 298 788 magna
337 718 577 788 quotidie
611 734 738 774 cura
778 730 832 774 et
861 719 1136 788 diligentia
1177 723 1352 776 sancti
1396 721 1684 792 cogitatio-

99 823 200 863 ues
243 819 298 862 et
337 820 650 870 sermones,
700 807 1046 876 actionesque
1099 807 1378 877 explorant
1421 822 1586 869 suas,
1621 821 1688 861 ne

99 897 234 965 quid
291 897 345 950 in
395 895 504 951 illis
550 896 622 950 sit
669 897 813 965 quod
863 897 1068 951 caelesti
1127 910 1324 965 Sponso
1378 896 1684 964 displiceat.

95 987 276 1043 Nullis
323 1002 496 1058 neque
529 988 704 1042 animi
765 1003 941 1059 neque
974 988 1216 1058 corporis
1248 987 1524 1043 laboribus
1556 1003 1684 1058 par-

1795 551 1904 605 quo
1936 537 2088 604 pauci
2121 537 2467 605 reperiuntur
2501 536 2684 604 digni;
2730 537 2984 592 nimirum
3031 539 3102 593 illi
3133 541 3224 609 qui
3269 543 3382 611 spi-

1796 628 1932 681 ritus
1955 627 2132 696 glatlio
2155 629 2202 659 "
2229 628 2468 681 animum
2503 643 2800 697 sensusque
2843 645 2972 684 suos
3001 632 3068 685 ab
3097 634 3245 688 omni
3289 637 3376 689 in-

1789 717 2138 787 quinamento
2160 759 2176 782 ,
2224 728 2280 772 ut
2315 728 2498 773 monet
2529 721 2818 788 Apostolus
2843 722 2914 789 ",
2955 727 3370 782 mandaverunt.

1789 806 2022 875 Adjuvet
2065 806 2204 862 Deus
2238 807 2614 863 infirmitatem
2647 821 2886 865 nostram
2910 854 2924 879 ,
2959 824 3019 868 ut
3058 819 3108 868 in
3144 832 3372 872 numero

1794 905 2106 952 sanctorum
2156 898 2268 966 ejus
2302 915 2422 954 esse
2458 916 2762 958 mereamur
2802 919 2896 976 per
2934 904 3210 962 Christum
3267 907 3378 963 Do-

1794 990 2003 1045 minum
2032 1001 2303 1046 nostrum.
2333 993 2522 1048 Amen.

1513 1125 1867 1182 ORATIO
1907 1126 2025 1180 XX.

1518 1215 1594 1272 De
1620 1223 1933 1278 humilitate.

177 1313 290 1382 (14)
308 1312 373 1365 Ὶῐ
397 1311 725 1376 ταπείνωσίς
744 1314 880 1376 ἐστι,
909 1313 966 1366 τὸ
984 1312 1502 1381 λογίσασθαιὲαυτδν
1518 1316 1692 1387 ἀμαρ-

101 1405 279 1458 τωλὸν
297 1402 458 1468 εἶναι,
477 1405 570 1458 καὶ
601 1406 766 1474 μηδὲν
787 1405 948 1462 καλὸν
969 1409 1138 1458 ποιεῖν
1163 1406 1392 1459 ἐνώπιον
1407 1406 1500 1460 τοῦ
1523 1406 1677 1460 Θεοῦ·

101 1499 161 1550 τὸ
195 1498 253 1550 δὲ
279 1497 438 1568 ἔργον
472 1497 572 1567 τῆς
605 1495 991 1559 ταπεινώσεώς
1021 1498 1170 1549 ἐστιν
1202 1500 1235 1566 ἠ
1273 1497 1472 1567 σιωπὴ,
1503 1499 1681 1552 καὶτὸ

100 1588 181 1659 μὴ
233 1590 453 1659 μετρεῖν
507 1587 695 1640 ἑαυτὸν
745 1587 801 1640 ἐν
843 1605 982 1651 τινι,
1020 1587 1156 1658 μηδὲ
1205 1587 1607 1658 φιλονεικῆσαιο
1655 1591 1688 1660 ή

93 1679 394 1748 Erro-cari],
446 1679 506 1730 τὸ
555 1677 774 1746 βλέμμα
830 1678 974 1748 ἔχειν
1018 1679 1223 1749 χαμαὶ,
1281 1679 1342 1731 τὸ
1395 1679 1538 1749 ἔχειν
1583 1680 1690 1750 πρὸ

101 1771 399 1841 ὂφοαλμῶν
445 1770 536 1823 τὸν
585 1769 778 1822 ἑαυτοῦ
824 1770 1073 1833 θάνατον,
1113 1769 1176 1823 τὸ
1215 1770 1446 1839 φυλάξαι
1497 1772 1690 1824 ἑαυτὸν

101 1863 213 1916 ἀπὸ
243 1861 469 1932 ψεύδους
493 1901 508 1924 ,
543 1861 603 1914 τὸ
640 1861 714 1931 μὴ
744 1861 1004 1931 ὁμιλῆσαι
1047 1863 1106 1914 ὲν
1136 1862 1579 1931 ματαιολογίαις,
1627 1863 1690 1915 τὸ

102 1956 181 2026 μὴ
204 1953 506 2022 ἀντιλέγειν
526 1952 604 2022 τῷ
634 1953 861 2022 μείζονι,
888 1953 949 2005 τὸ
975 1956 1202 2025 μισῆσαι
1229 1954 1330 2024 τὴν
1353 1955 1683 2020 ἀνάπαυσιν,

108 2048 161 2099 τὸ
199 2046 485 2116 βιάζεσθαι
518 2045 708 2098 ἑαυτὸν
755 2046 814 2097 ὲν
847 2045 1036 2114 κόπῳ,
1075 2045 1136 2096 τὸ
1163 2045 1376 2116 νήφειν.
1425 2045 1679 2116 Ἀδελφὲ,

94 2138 250 2209 μετὰ
289 2136 575 2208 ἀκριϐείας
608 2136 822 2190 τέλεσαι
851 2137 948 2201 τὰς
979 2136 1198 2200 ἐντολὰς
1227 2137 1461 2205 ταύτας,
1494 2138 1578 2190 ἵνα
1617 2138 1692 2210 μὴ

105 2229 332 2298 γένηται
373 2230 405 2297 ἡ
438 2227 582 2297 ψυχή
617 2244 710 2280 σου
741 2229 1160 2298 κατοικητήριον
1201 2227 1402 2290 παντὸς
1448 2227 1654 2291 πάθους
1677 2244 1694 2260 ο

100 2317 243 2371 ἀλλὰ
275 2317 410 2386 νῆφε
458 2321 537 2379 εὶς
578 2316 636 2367 ἓν
677 2317 904 2369 ἕκαστον
934 2315 1132 2382 αὐτῶν,
1197 2316 1284 2370 ἵνα
1322 2315 1397 2388 μὴ
1466 2317 1697 2388 τελέσσῃς

101 2407 224 2462 ὅλον
257 2409 348 2461 τὸν
379 2407 493 2478 βίον
528 2424 619 2460 σου
647 2409 912 2478 ἄκαρπον.

1862 1318 1999 1384 Quid
2055 1328 2138 1374 est
2176 1320 2495 1374 humilitas?
2547 1321 2834 1376 llumilitas
2901 1331 2983 1378 est
3056 1340 3178 1379 cum
3257 1326 3381 1396 quis

1791 1421 1851 1462 se
1898 1419 2246 1478 peccatorem
2287 1412 2600 1475 existimat,
2642 1423 2696 1467 et
2752 1414 2884 1468 nihil
2930 1415 3052 1468 boni
3106 1416 3285 1470 facere
3322 1418 3373 1470 iu

1791 1507 2082 1566 conspectu
2136 1499 2258 1554 Dei.
2313 1500 2647 1556 llumilitatis
2692 1514 2908 1559 exercet
2947 1503 3140 1567 officis,
3175 1505 3265 1573 qui
3297 1507 3375 1558 si-

1798 1585 2020 1642 lentium
2051 1589 2198 1655 colit,
2227 1592 2316 1659 qui
2349 1592 2452 1646 sibi
2481 1593 2594 1662 ipse
2621 1609 2725 1649 non
2754 1595 2927 1664 placet
2955 1596 3059 1649 ulla
3092 1596 3142 1650 in
3173 1610 3253 1661 re,
3285 1595 3378 1663 qui

1797 1695 1903 1734 non
1933 1693 2019 1736 est
2053 1685 2587 1755 contentiosus,'qui
2621 1703 2682 1742 se
2709 1689 2923 1757 subjicit
2963 1689 3248 1753 omnibus,
3287 1687 3379 1756 qui

1795 1775 1980 1832 oculos
2007 1777 2154 1831 humi
2187 1778 2393 1833 defixos
2430 1789 2596 1847 tenet,
2629 1781 2719 1851 qui
2757 1792 2985 1836 mortem
3023 1783 3238 1838 assidue
3265 1797 3381 1837 me-

1795 1866 2124 1936 ditatur,qui
2157 1884 2187 1922 a
2205 1870 2488 1925 mendacio
2506 1880 2679 1938 cavet,
2701 1883 2757 1926 et
2787 1888 2816 1926 a
2849 1875 3005 1940 nugis
3033 1884 3089 1928 et
3115 1878 3381 1930 sermoni-

1793 1955 1892 2011 bus
1916 1958 2174 2014 abhorret
2205 1959 2504 2025 inutilibus,
2535 1963 2625 2031 qui
2656 1963 2953 2032 majoribus
2980 1979 3085 2020 non
3117 1966 3380 2021 adversa-

1795 2054 1903 2112 tur,
1930 2048 2023 2117 qui
2053 2051 2376 2106 sententiam
2405 2067 2554 2107 suam
2583 2053 2804 2108 minime
2829 2055 3084 2124 defendit,
3111 2059 3200 2126 qui
3224 2074 3381 2128 aequo

1803 2138 1985 2194 animo
2008 2138 2113 2194 fert
2133 2142 2536 2208 contumeliam,
2560 2145 2650 2213 qui
2675 2144 2842 2198 otium
2873 2145 3028 2214 fugit,
3047 2149 3135 2214 qui
3169 2147 3380 2203 labores

1806 2228 2037 2286 libenter
2055 2233 2323 2303 subit,qui
2345 2235 2613 2290 neminem
2638 2236 2833 2290 irritat.
2858 2237 2931 2290 Da
2961 2238 3122 2307 igitur
3137 2253 3378 2308 operam,

1803 2318 1992 2385 frater,
2024 2333 2080 2376 ut
2103 2324 2216 2377 bzec
2240 2325 2554 2392 possideas,
2598 2339 2665 2378 ne
2695 2326 2871 2379 auitna
2920 2335 3008 2377 tua
3050 2327 3378 2381 domicilium

1802 2411 1894 2464 fiat
1914 2413 2154 2466 omnium
2175 2415 2660 2482 perturbationum,
2681 2425 2735 2469 et
2759 2416 2919 2468 vitam
2945 2416 3214 2486 transigas
3232 2432 3380 2470 sem-

103 2517 202 2571 per
242 2500 651 2556 infructuosam.
685 2501 956 2556 Concedat
984 2501 1141 2557 nobis
1175 2501 1347 2569 Deus,
1381 2511 1437 2557 ut
1465 2501 1670 2559 fructus
1695 2503 1930 2562 feramus
1959 2507 2153 2579 dignos
2175 2518 2374 2564 aeterna
2400 2510 2630 2576 vita,cui
2665 2509 2828 2580 gloria
2859 2511 2910 2566 in
2935 2511 3129 2566 saecula
3159 2513 3380 2567 saeculo-

100 2614 247 2654 rum.
284 2598 476 2654 Arnen.

548 2714 983 2773 ORATIO
1053 2714 1239 2772 XXI.

690 2807 767 2862 De
805 2809 1125 2878 paenitentia.

176 2898 211 2953 l.
265 2897 556 2965 Quaesitum
611 2899 710 2953 fuit
765 2913 832 2952 ex
887 2899 1082 2954 abbate
1133 2898 1306 2966 Isaia,
1361 2900 1491 2970 quid
1549 2911 1695 2958 esset

100 2990 431 3060 poenitentia
459 3031 474 3056 ,
521 2998 616 3044 aut
659 2989 790 3059 quid
829 2998 975 3044 esset
1019 2988 1206 3057 fugere
1239 3005 1269 3044 a
1305 3002 1554 3061 peccato.
1591 2993 1692 3060 Qui

107 3081 478 3150 respondens,
533 3079 658 3134 Dus:
712 3090 878 3145 sunt,
932 3079 1142 3148 inquit,
1199 3081 1336 3136 viae:
1377 3098 1479 3136 una
1530 3085 1692 3151 vitae,

1797 2721 1976 2776 dinem
2008 2719 2174 2784 norit,
2205 2719 2307 2774 nisi
2341 2717 2809 2772 mansuetudinem
2839 2724 2912 2771 stt
2941 2715 3203 2786 adeptus?
3230 2716 3380 2780 Quo-

1800 2813 1960 2867 modo
2016 2812 2139 2880 quis
2198 2811 2490 2865 iracundias
2541 2819 2833 2878 cognoscat
2883 2808 3378 2877 perturbationem,

1798 2903 1900 2956 nisi
1940 2903 2194 2958 omnibus
2221 2902 2272 2955 in
2301 2901 2463 2956 rebus
2498 2900 2813 2970 patientiam
2841 2897 3072 2968 diligat?
3111 2901 3380 2968 quomodo

1801 2996 2045 3050 libidinis
2101 2993 2386 3061 faetorem,
2429 2991 2532 3046 nisi
2583 2991 2806 3058 integrae
2854 2987 3120 3043 castitatis
3178 2989 3378 3043 sentiat

1801 3084 2184 3140 suavitatem?
2219 3082 2492 3152 quomodo
2524 3079 2940 3135 obtrectationis
2969 3081 3236 3143 dedecus,
3275 3079 3378 3132 nisi

106 3170 303 3225 mortis
332 3169 528 3223 altera.
565 3168 666 3234 Qui
700 3183 794 3236 per
826 3168 966 3222 hanc
1003 3168 1325 3238 ingreditur,
1365 3172 1416 3225 in
1451 3171 1541 3226 illa
1584 3189 1690 3228 non
1720 3187 1762 3244 ο
1796 3191 1923 3234 suas
1950 3183 2209 3245 agnoscat
2242 3171 2587 3227 inflr'mitates
2609 3170 2634 3222 ?
2662 3171 2928 3238 quomodo
2952 3169 3091 3224 risus
3125 3169 3377 3237 ineptias,

99 3258 392 3325 ambulat;
427 3260 518 3329 qui
567 3269 746 3312 autem
792 3258 844 3312 in
892 3268 1120 3328 utraque
1170 3259 1408 3326 incedit,
1457 3265 1694 3318 nondum

101 3351 358 3404 addictus
410 3358 495 3404 est
549 3349 676 3415 uni,
735 3363 909 3417 neque
961 3350 1028 3402 ad
1084 3364 1348 3419 regnum,
1399 3366 1576 3420 neque
1631 3353 1696 3408 ad

116 3440 481 3511 supplicium,
530 3439 703 3495 donec
733 3454 764 3494 e
796 3439 906 3494 vita
951 3440 1267 3495 decesserit.
1303 3438 1574 3496 Iudicium
1616 3451 1698 3497 est

104 3534 242 3598 Dei,
303 3532 459 3600 cujus
504 3540 558 3585 et
602 3529 999 3586 misericordia.
1047 3529 1146 3596 Qui
1197 3529 1309 3583 vult
1359 3529 1413 3585 in
1470 3546 1694 3600 regnum

105 3625 379 3689 introire,
413 3635 574 3694 opera
613 3623 728 3693 ejus
760 3624 1034 3676 observat.
1072 3620 1317 3689 Regnum
1347 3623 1490 3678 enim
1527 3625 1695 3679 cwlo-

106 3735 232 3773 rum
287 3717 519 3773 destruit
567 3730 731 3771 omne
775 3723 1078 3785 peccatum.
1129 3715 1413 3769 Seminant
1447 3717 1693 3781 inimici,

107 3812 201 3866 sed
259 3825 447 3864 eorum
501 3823 605 3862 non
659 3806 967 3875 germinant
1017 3805 1222 3860 semina
1275 3805 1691 3874 cogitationum.

108 3903 326 3956 Etenim
369 3916 491 3956 cum
522 3915 674 3954 mens
705 3897 1008 3953 divinitatis
1051 3895 1396 3952 dulcedinem
1440 3897 1694 3966 degusta-

111 3995 215 4058 rit,
243 3991 425 4060 jacula
466 3999 741 4061 nequeunt
771 3988 840 4042 ad
871 4002 990 4042 eam
1025 3995 1333 4056 penetrare.
1370 3985 1580 4040 Munita
1612 3997 1696 4041 est

105 4089 252 4141 enim
285 4085 545 4140 virtutum
583 4085 806 4154 clypeo,
840 4096 948 4151 quo
983 4095 1044 4136 se
1079 4078 1323 4136 defendit
1355 4088 1414 4133 ut
1444 4093 1685 4149 nequeat

109 4176 462 4247 perturbari,
508 4184 563 4230 et
602 4174 838 4244 propria:
887 4169 1153 4226 incumbit
1207 4169 1580 4233 meditationi,
1637 4178 1696 4224 ut

111 4270 255 4324 viam
289 4278 578 4337 utramque
606 4267 913 4327 discernat,
953 4273 1120 4333 atque
1156 4275 1320 4316 unam
1349 4261 1568 4329 quidem
1601 4259 1688 4314 fu-

109 4363 256 4432 giat,
289 4359 512 4415 alteram
565 4366 745 4412 autem
795 4356 1010 4425 diligat.
1063 4354 1121 4407 Si
1170 4353 1296 4422 quis
1335 4353 1424 4406 Dei
1464 4352 1691 4421 gloriam

111 4454 290 4516 novit,
321 4451 366 4508 is
397 4449 600 4505 inimici
630 4447 892 4504 saevitiam
927 4445 1198 4515 intelligit.
1231 4442 1286 4499 Si
1316 4445 1437 4512 quis
1467 4456 1690 4513 regnum

1801 3268 1903 3322 nisi
1937 3267 1991 3320 in
2034 3263 2276 3334 lugendis
2305 3261 2543 3331 peccatis
2597 3260 2870 3330 lacrymas
2913 3258 3200 3314 effundat?
3242 3265 3378 3329 quo-

1802 3357 1965 3411 modo
1999 3355 2224 3409 desidia:
2251 3353 2478 3417 vitium,
2531 3349 2632 3404 nisi
2678 3351 2930 3406 sensibus
2973 3359 3121 3404 recte
3175 3349 3378 3404 consti-

1800 3449 1929 3505 tutis
1960 3447 2054 3502 Dei
2084 3447 2268 3501 lumen
2299 3444 2635 3515 perspiciat?

1867 3537 1932 3590 ll.
1975 3535 2178 3591 Horum
2231 3533 2498 3588 malorum
2549 3533 2786 3586 omnium
2829 3539 2995 3601 caput
3039 3539 3126 3586 est
3173 3547 3378 3595 unum,

1799 3626 2004 3681 malitia
2033 3623 2258 3678 inimici.
2285 3623 2556 3678 Virtutum
2585 3633 2763 3676 autem
2791 3618 2914 3674 fons
2945 3629 3030 3674 est
3061 3619 3226 3674 timor
3259 3621 3378 3675 Dei.

1781 3718 1900 3785 ιριιί
1935 3715 2030 3772 Dei
2063 3715 2313 3768 timorem
2346 3711 2622 3782 possidet,
2657 3710 2708 3764 in
2739 3710 2992 3765 castitate
3021 3710 3256 3765 virtutes
3287 3725 3380 3780 pa-

1797 3811 1899 3872 rlt,
1956 3814 2012 3861 et
2061 3813 2306 3874 amputat
2347 3803 2566 3858 malitiae
2597 3816 2778 3856 ramos
2815 3815 2950 3871 quos
2985 3803 3380 3857 recensuimus.

1798 3899 1892 3954 Dei
1947 3899 2201 3954 timorem
2254 3895 2625 3966 amplectere,
2680 3893 2851 3948 frater
2903 3892 3259 3958 charissime,
3319 3904 3379 3948 et

1799 3977 2009 4059 te'mpus
2037 4003 2198 4044 omne
2229 3989 2478 4043 traduces
2507 4001 2630 4042 cum
2664 3984 3077 4053 tranquillitate.
3107 3982 3380 4038 Virtutum

1795 4081 1940 4136 enim
1990 4080 2232 4135 omnium
2283 4078 2438 4133 radix
2481 4085 2565 4132 est
2610 4076 2771 4130 timor
2819 4075 2937 4129 Dei.
2976 4074 3222 4142 Quandiu
3259 4075 3382 4142 quis

1799 4169 1915 4224 haec
1973 4169 2398 4239 transgreditur,
2457 4167 2693 4223 nondum
2749 4175 2834 4222 est
2884 4166 3034 4236 regni
3087 4167 3374 4220 caelorum.

1797 4259 2067 4316 Paulatim
2098 4261 2266 4328 igitur
2297 4260 2370 4314 illi
2406 4259 2727 4314 certandum
2757 4265 2876 4323 est,
2910 4258 3080 4312 donec
3107 4257 3234 4310 vitia
3261 4272 3381 4324 qua:

1795 4352 2374 4415 commemoravimus,
2417 4360 2711 4420 espugnet.
2751 4349 2807 4403 Id
2849 4357 3024 4402 autem
3075 4347 3178 4402 hoc
3218 4363 3381 4416 argu-

1795 4451 1977 4497 mento
2006 4441 2268 4511 intelliget
2299 4454 2358 4495 se
2388 4447 2760 4494 consecutum.
2786 4439 2968 4493 Donec
2998 4435 3223 4492 sinistra
3254 4452 3380 4507 per-

110 4543 398 4614 agnoscit,
431 4542 478 4596 is
525 4540 826 4611 gehennam
873 4552 980 4592 non
1015 4537 1252 4607 ignorat.
1299 4534 1397 4589 Cui
1439 4543 1562 4589 nota
1607 4543 1694 4589 est
1722 4527 1769 4587 D
1795 4528 1904 4596 agit
1949 4541 2114 4597 opera
2167 4541 2300 4589 sua,
2341 4523 2575 4578 nondum
2611 4533 2890 4594 peccatum
2925 4522 3165 4576 interiit:
3203 4536 3382 4591 neque

109 4633 361 4698 dilectio,
387 4632 513 4687 huic
543 4637 887 4702 perspectum
930 4635 1013 4684 est
1047 4625 1252 4682 odium.
1282 4624 1382 4680 Cui
1417 4639 1569 4679 amor
1598 4625 1692 4682 Dei

109 4725 358 4795 cognitus
385 4730 504 4786 est,
537 4721 662 4776 huic
703 4719 886 4776 odium
928 4715 1114 4771 mundi
1166 4729 1274 4769 non
1318 4723 1402 4769 est
1443 4713 1688 4781 incogni-

111 4823 245 4870 tum.
273 4813 376 4880 Qui
403 4811 720 4867 munditiam
747 4809 923 4873 novit,
950 4807 995 4862 is
1019 4804 1420 4861 lmmunditiam
1457 4804 1693 4858 detesta-

110 4912 217 4959 tur.
243 4904 347 4971 Qui
377 4903 480 4958 scit
507 4903 767 4956 virtutum
794 4899 1031 4953 fructum
1055 4936 1070 4962 ,
1098 4898 1143 4952 is
1173 4897 1338 4951 etiam
1369 4897 1478 4951 scit
1501 4895 1593 4965 qui
1622 4897 1694 4951 sit

109 4997 330 5062 malitia:
357 4994 586 5050 fructus.
609 4992 710 5047 Cui
736 4992 803 5045 de
834 4990 994 5046 bonis
1021 4988 1280 5058 operibus
1303 4987 1481 5058 angeli
1505 4997 1694 5056 gratu-

110 5087 308 5155 lantur,
336 5088 396 5151 .is
438 5100 544 5141 non
573 5085 788 5140 dubitat
821 5082 1098 5136 daemones
1128 5079 1402 5150 gaudere,
1439 5093 1560 5132 cum
1595 5093 1691 5132 eo-

111 5193 228 5232 rum
251 5191 414 5247 opera
439 5176 772 5246 perflcimus.
797 5173 1078 5240 Quomodo
1105 5169 1377 5240 quispiam
1403 5167 1692 5238 intelligat,

109 5283 228 5337 quae
265 5270 336 5323 sit
379 5267 646 5331 avaritia,
704 5265 809 5321 nisi
857 5273 1078 5334 propter
1123 5263 1290 5317 Deum
1318 5267 1694 5331 paupertatem

109 5358 508 5429 amplectatur!
541 5357 820 5425 Quomodo
849 5357 972 5426 quis
1006 5352 1366 5412 aemulationis
1431 5351 1694 5407 amaritu-

1794 4620 1966 4680 vjrtus
2021 4619 2258 4673 dexterae
2303 4626 2482 4670 tecum
2535 4614 2897 4684 conquiescit.
2963 4613 3238 4683 Scriptum
3293 4623 3380 4668 est

1791 4711 1935 4767 enim
1965 4728 1978 4764 :
2013 4710 2095 4762 Αη
2129 4709 2369 4774 nescitis,
2414 4707 2663 4777 quoniam
2695 4706 2780 4758 cui
2809 4705 3063 4768 exhibetis
3091 4720 3178 4757 vos
3202 4721 3378 4757 servos

1791 4800 1861 4854 ad
1897 4796 2283 4860 obediendum,
2333 4797 2469 4852 servi
2514 4796 2641 4850 estis
2681 4794 2795 4863 ejus
2839 4794 2925 4846 cui
2973 4791 3228 4855 obeditis,
3271 4792 3379 4844 sive

1789 4891 1993 4960 peccati
2023 4889 2094 4942 ad
2122 4899 2346 4942 mortem
2377 4926 2393 4950 ,
2427 4887 2532 4939 sive
2561 4883 2877 4939 obeditionis
2903 4882 2971 4935 ad
2990 4881 3260 4951 justitiam
3287 4883 3380 4935 ὀἳ

1791 4979 1853 5033 ΕΙ
1894 4992 2107 5033 rursum
2138 4996 2153 5032 :
2188 4976 2269 5030 Ait
2303 4974 2698 5044 nescitis,quod
2729 4971 2883 5028 Jesus
2919 4961 3164 5026 Chiistus
3199 4973 3254 5024 in
3291 4989 3380 5025 υο-

1794 5074 1872 5128 bis
1903 5082 1982 5128 est
2005 5074 2030 5126 ?
2075 5073 2178 5126 nisi
2220 5073 2358 5140 forte
2397 5068 2606 5130 reprobi
2635 5066 2763 5122 estis
2793 5067 2860 5120 “.
2897 5064 2964 5119 Et
2992 5051 3275 5119 Jacobusf
3319 5063 3380 5116 Si

1791 5167 1941 5236 quis,
1972 5163 2184 5234 inquit,
2215 5164 2412 5218 videtur
2461 5161 2737 5231 religiosus
2782 5174 2927 5224 esse,
2957 5173 3060 5210 non
3105 5155 3378 5223 refrenans

1795 5255 2034 5326 linguam
2061 5270 2246 5320 suam,
2279 5253 2438 5324 hujus
2468 5268 2602 5306 vana
2629 5258 2705 5304 est
2735 5248 2920 5319 religio
2949 5247 3015 5301 ³⁸.
3044 5245 3169 5299 llaec
3193 5245 3375 5300 omnia

1792 5362 1894 5404 nos
1919 5347 2077 5402 docet
2102 5345 2339 5416 Spiritus
2363 5353 2605 5410 sanctus,
2632 5351 2745 5398 uta
2773 5346 2998 5412 peccato
3030 5337 3380 5408 recedamus,

179 5572 224 5605 "
255 5574 450 5645 Ephes.
491 5590 564 5640 vr,
603 5575 690 5628 l7.
765 5574 810 5606 ¹⁹
845 5571 888 5626 ll
925 5570 1048 5649 Cor.
1087 5584 1180 5636 νιι,
1213 5570 1264 5624 l.
1341 5568 1386 5600 δο
1429 5566 1580 5621 Rom.
1623 5584 1674 5624 vr

1798 5569 1830 5623 ἲ.
1909 5571 1950 5601 ³¹
1994 5569 2036 5624 ll
2069 5569 2193 5624 Cor.
2229 5585 2364 5632 xm,
2399 5569 2450 5622 5.
2525 5569 2569 5599 "
2612 5563 2724 5622 Jac.
2765 5583 2820 5634 l,
2848 5565 2938 5620 26.

184 5691 296 5758 (lt)
333 5693 401 5746 Ἦ
424 5691 796 5757 ταπείνωσις,
819 5709 873 5745 κ.
931 5709 984 5746 τ.
1036 5690 1086 5746 λ.
1139 5690 1325 5746 Graeca
1378 5687 1684 5758 bujusmodi

1798 5689 1905 5746 ibis
1947 5689 2181 5746 servavit
2231 5687 2291 5743 ὃ.
2351 5685 2588 5744 Joannes
2638 5687 3004 5742 Damascenus
3055 5682 3107 5737 in
3165 5675 3378 5734 Parati.

113 5775 250 5815 διιεῖ.
285 5766 431 5833 Opp;
449 5775 578 5823 tom.
602 5763 669 5830 ll,
695 5778 823 5833 pag.
855 5761 975 5817 698.
