3888 6284
458 889 475 938 l

485 255 622 314 {459

1629 248 1904 305 PATRES
1940 248 2242 307 EGYPTH
2277 251 2547 309 SrECULl
2585 252 2673 308 iV.

3573 242 3576 243 ⁷
3620 257 3756 313 ttco

483 384 662 440 neque
713 368 768 424 in
804 368 936 424 illud
973 368 1208 438 amplius
1256 367 1617 421 incttrranms.
1654 366 1710 421 in
1771 367 1875 422 hoc
1925 365 2069 422 enim
2099 371 2146 428 Α
2175 384 2364 438 corpus
2391 370 2717 423 tenebrosum
2741 373 2836 424 erit
2864 368 2927 423 δ’.
2955 367 3143 440 itaque
3171 371 3278 428 nisi
3310 386 3469 429 mens
3494 391 3526 428 a
3553 378 3757 431 tuabtia

485 461 812 533 pmnilentia
843 460 1112 536 consistit.
1147 457 1437 512 Peccatum
1471 473 1600 512 vero
1629 473 1735 513 non
1761 473 1927 513 unum
1951 467 2068 524 est,

483 555 580 608 sed
605 553 917 623 multiplex.
957 550 1127 604 Totus
1163 550 1308 603 enim
1363 551 1524 605 homo
1581 560 1733 605 vetus
1785 559 2070 621 peccatum

486 645 812 714 appellatur.
863 642 1115 698 Idcirco:
1166 641 1444 708 Nescitis,
1502 643 1680 713 inquit
1730 644 2070 713 Apostolus,

485 739 624 808 quod
655 738 745 805 qui
774 737 827 789 in
860 735 1037 790 stadio
1068 745 1292 788 currunt
1317 773 1331 798 ,
1363 751 1542 790 omnes
1572 735 1786 804 quidem
1818 742 2070 809 currunt,

486 828 577 881 sed
612 843 746 878 unus
779 825 971 894 accipit
1007 823 1250 877 bravium
1299 825 1390 879 "?
1422 824 1555 892 Quis
1599 835 1778 880 autem
1824 833 1909 879 est
1948 825 2071 890 hic,

488 917 588 971 nisi
640 917 732 986 qui
777 925 1099 970 constanter
1142 922 1198 968 et
1243 916 1459 970 lortiter
1489 917 1736 988 pugnat?
1769 916 1874 983 Qui
1902 917 2070 985 enim,

492 1008 666 1077 inquit
693 1047 709 1072 ,
755 1009 812 1061 in
841 1024 1006 1078 agone
1035 1008 1342 1074 contendit,
1382 1008 1448 1062 ab
1479 1008 1722 1064 omnibus
1749 1009 1975 1063 abstinet
2006 1008 2071 1062 “.

487 1100 687 1154 Curam
735 1099 899 1169 igitur
955 1101 1126 1154 nostri
1183 1116 1466 1170 geramus,
1504 1100 1699 1156 fratres
1742 1101 2074 1158 cbarissimi.

489 1192 543 1244 In
578 1206 644 1245 eo
674 1201 852 1244 autem
890 1191 1004 1244 haec
1034 1206 1165 1245 cura
1197 1192 1536 1262 potissimum
1575 1191 1678 1246 sita
1711 1196 1816 1256 sit,
1852 1201 1911 1246 ut
1944 1207 2075 1264 sup-

491 1282 663 1351 plices
695 1283 1044 1351 procidamus
1097 1282 1149 1336 in
1202 1291 1499 1352 conspectu
1550 1282 1810 1339 bonitatis
1864 1284 2074 1339 Domini

492 1373 663 1428 nostri
693 1372 818 1427 Jcsu
843 1372 1077 1437 Christi,
1106 1373 1197 1442 qui
1227 1383 1404 1442 potest
1434 1390 1531 1429 nos
1564 1389 1630 1430 ex
1672 1375 1934 1446 improbis
1969 1378 2076 1432 iui-

493 1464 758 1518 micorum
791 1475 1102 1519 nostrorum
1135 1465 1386 1520 manibus
1418 1467 1669 1523 liberare.

479 1595 482 1612 ς
567 1554 654 1610 ιιι.
695 1554 842 1610 idem
888 1555 1096 1618 abbas,
1146 1568 1268 1609 cum
1313 1571 1379 1612 ex
1423 1571 1489 1611 eo
1531 1566 1884 1626 quaereretur,
1935 1573 2075 1629 quo-

493 1647 656 1702 modo
701 1647 773 1702 sit
819 1646 870 1700 in
919 1645 1055 1701 cella
1096 1635 1525 1717 quiescendum,
1569 1649 1886 1718 respondit:
1933 1649 1984 1705 Is
2020 1650 2070 1703 in

491 1739 626 1793 cella
659 1747 804 1793 recte
833 1740 1067 1808 quietem
1103 1748 1158 1794 et
1190 1739 1464 1794 silentium
1499 1739 1660 1805 colit,
1710 1741 1800 1810 qui
1848 1741 2070 1811 supplex

494 1838 620 1884 ante
668 1829 835 1884 Deum
883 1839 1190 1899 prostratus
1243 1831 1459 1887 assiduo
1505 1842 1664 1886 vacat
1705 1832 1974 1896 orationi,
2021 1841 2078 1887 et

498 1923 624 1977 totis
669 1923 881 1976 viribus
932 1923 1206 1992 improbas
1238 1937 1429 1978 omnes
1470 1924 1676 1978 inimici
1722 1919 1934 1994 repellit
1982 1941 2076 1981 co-

509 2015 827 2084 gitationes.
861 2014 913 2068 Id
943 2016 1086 2069 enim
1116 2025 1233 2082 est,
1264 2031 1294 2070 a
1327 2018 1528 2070 mundo
1560 2016 1745 2084 procul
1792 2016 2072 2088 aulugere.

500 2105 732 2160 Rursum
763 2120 824 2160 ex
854 2120 920 2162 eo
948 2121 1071 2161 cum
1100 2119 1435 2176 quazreretur
1481 2107 1610 2177 quid
1633 2117 1777 2163 esset
1803 2109 2033 2162 mundus
2063 2129 2074 2164 :

497 2197 727 2254 Mundus
769 2209 884 2264 est,
936 2200 1144 2269 inquit,
1196 2200 1362 2254 animi
1405 2202 1472 2254 ad
1512 2209 1736 2266 peccata
1776 2200 2076 2255 distractio.

494 2284 725 2343 Mundus
771 2297 894 2354 cst,
935 2305 1060 2343 cum
1087 2304 1150 2344 ea
1181 2304 1301 2359 quae
1343 2301 1551 2346 natura:
1598 2290 1871 2344 contraria
1916 2299 2076 2360 sunt,

495 2383 794 2449 sequimur.
828 2379 1060 2435 Mundus
1088 2387 1209 2446 est,
1241 2395 1365 2435 cum
1391 2381 1576 2436 carnis
1608 2381 1919 2453 voluptates
1967 2382 2074 2440 im-

494 2471 725 2539 plemus.
765 2470 995 2526 Mundus
1041 2481 1164 2536 est,
1206 2486 1329 2526 cum
1377 2473 1710 2528 arbitramur
1749 2474 1837 2530 diu
1880 2490 1980 2531 nos
2025 2475 2080 2531 in

499 2564 599 2616 hoc
627 2561 824 2616 saeculo
874 2577 1279 2632 permansuros.
1328 2563 1555 2619 Mundus
1593 2575 1707 2631 est,
1738 2579 1860 2620 cum
1914 2566 2082 2634 majo-

497 2669 611 2708 rem
642 2653 887 2722 corporis
905 2693 920 2720 ,
946 2668 1108 2722 quam
1139 2655 1333 2710 anima:
1357 2671 1544 2710 curam
1571 2656 1827 2724 gerimus.
1855 2656 2084 2713 Mundus

495 2756 613 2811 est,
646 2758 767 2800 cum
804 2745 870 2800 iis
899 2759 1021 2816 quae
1073 2745 1283 2802 (caduca
1326 2757 1455 2802 sunt
1499 2747 1821 2817 gloriamur.
1861 2747 1978 2803 Non
2014 2765 2082 2804 ex

498 2849 585 2890 me
620 2833 742 2904 ipso
782 2835 886 2890 ista
932 2835 1221 2904 contingo,
1271 2837 1364 2892 sed
1401 2835 1642 2911 Joannes
1681 2839 1960 2908 apostolus
2009 2839 2082 2894 ita

500 2931 740 3001 loquitur
764 2951 778 2986 :
817 2933 1000 2988 Nolite
1027 2934 1249 3004 diligere
1275 2931 1530 2987 mundum
1555 2973 1570 2998 ,
1597 2948 1759 3002 neque
1785 2949 1845 2985 ea
1874 2946 1991 3001 qua:
2017 2945 2083 2985 ea:

2176 461 2337 515 fuerit
2373 461 2585 525 aliena,
2621 471 2784 532 atque
2815 463 3052 532 integra,
3085 479 3192 518 non
3225 474 3406 533 potest
3442 464 3758 522 Divinitstis

2174 551 2347 606 lucem
2385 552 2608 606 intueri.
2644 551 2846 606 Malitia
2875 555 3021 607 enim
3071 564 3326 624 tanquam
3359 556 3640 611 obscurus
3670 574 3762 628 pa-

2176 643 2282 696 ries
2311 641 2474 695 menti
2503 643 2878 710 praetenditur,
2910 654 2963 698 et
2995 643 3228 697 anisnatn
3257 644 3532 700 desertam
3559 645 3756 710 edicit,

2177 740 2234 785 ut
2262 733 2316 785 in
2338 731 2635 802 Evangelio
2657 734 2918 801 scriptum
2941 744 3025 788 est
3048 753 3062 789 :
3091 733 3260 788 Nemo
3279 735 3554 789 lucernam
3581 752 3764 789 ασθαι
3853 743 3857 752 ‘

2175 822 2301 874 dens
2328 823 2472 892 ponit
2501 839 2616 876 eam
2644 824 2740 878 sub
2787 824 2963 878 modio
2987 863 3004 891 ,
3035 826 3124 879 sed
3152 841 3309 894 super
3330 827 3720 879 candelabrum
3744 865 3759 889 ,

2176 923 2233 966 ut
2268 915 2359 983 qui
2390 913 2780 985 ingrediuntur,
2813 916 2987 970 lumen
3017 917 3224 971 videant
3258 917 3324 972 “.
3355 916 3541 972 Mundi
3604 919 3764 986 hujus

2178 1002 2445 1072 iniustitia
2483 1005 2695 1059 modius
2731 1006 2950 1068 dicitur,
2983 1022 3088 1076 qua
3121 1009 3244 1061 dum
3274 1023 3426 1062 mens
3461 1011 3581 1078 ipsa
3610 1008 3765 1064 distio

2179 1106 2358 1157 netur,
2395 1096 2445 1149 in
2477 1112 2539 1150 ea
2579 1096 2883 1151 Divinitatis
2920 1098 3137 1153 lucerna
3175 1113 3279 1154 non
3310 1109 3490 1166 potest
3518 1116 3669 1156 esse.
3699 1102 3765 1154 At

2179 1187 2225 1240 si
2261 1203 2410 1240 tuens
2439 1203 2602 1256 super
2631 1188 2917 1242 sublimius
2960 1189 3342 1244 candelabrum
3391 1190 3589 1256 luerit,
3642 1201 3765 1245 tunc

2180 1275 2487 1332 Divinitatis
2514 1277 2693 1332 lumen
2725 1279 2776 1332 in
2806 1279 2920 1346 ipsa
2940 1287 3053 1343 est;
3086 1288 3211 1333 tunc
3235 1280 3520 1348 cognoscit
3546 1297 3648 1336 eos
3675 1283 3763 1351 qui

2180 1369 2232 1422 in
2263 1370 2424 1424 domo
2452 1381 2611 1435 sunt,
2645 1380 2700 1424 et
2730 1384 2866 1438 quos
2897 1371 3057 1424 debet
3087 1369 3316 1440 ejicere,
3347 1380 3402 1425 et
3430 1372 3760 1441 quibuscum

2179 1477 2366 1531 pacem
2396 1461 2617 1516 habere.
2652 1461 2742 1516 Sic
2772 1464 2916 1515 enim
2963 1463 3146 1517 docuit
3171 1477 3264 1517 eos
3284 1501 3300 1528 ,
3332 1477 3564 1530 quorum
3611 1480 3763 1518 mens

2182 1553 2233 1606 in
2267 1553 2465 1606 divinis
2498 1555 2772 1608 mandatis
2818 1555 3081 1608 illustrata
3112 1563 3227 1610 est:
3272 1554 3443 1622 Dico,
3478 1554 3760 1625 inquiens,

2179 1646 2320 1700 vobis
2349 1647 2440 1716 qui
2473 1646 2673 1701 auditis
2700 1663 2718 1700 :
2758 1647 2972 1717 Diligite
3001 1647 3246 1702 inimicos
3272 1659 3475 1702 vestros
3497 1687 3512 1711 ,
3544 1650 3763 1714 benefa-

2179 1739 2274 1792 cite
2305 1736 2368 1791 iis
2398 1739 2488 1807 qui
2516 1739 2736 1792 oderunt
2766 1755 2871 1792 vos.
2910 1736 3074 1792 Orate
3105 1753 3199 1807 pro
3230 1738 3688 1791 calumniantibus
3715 1748 3762 1790 et

2177 1830 2598 1898 persequentibus
2628 1845 2737 1883 vos.
2761 1827 3086 1883 Percutienti
3107 1839 3154 1882 te
3179 1829 3232 1882 in
3259 1831 3484 1882 dextera
3512 1829 3760 1890 maxilla,

2177 1921 2349 1990 prtebe
2384 1920 2468 1973 illi
2498 1931 2544 1974 et
2578 1920 2824 1976 alteram.
2856 1903 2922 1974 Et
2957 1920 3022 1974 ab
3055 1938 3114 1975 eo
3144 1923 3234 1990 qui
3261 1920 3435 1989 aufert
3472 1921 3572 1974 tibi
3615 1923 3765 1974 resti-

2177 2024 2442 2080 mentunt,
2470 2011 2630 2066 etiam
2661 2013 2894 2065 tunicam
2920 2012 3031 2064 noli
3057 2013 3350 2080 prohibere.
3379 2009 3543 2065 Omni
3572 2011 3766 2079 petenti

2181 2113 2229 2158 te
2260 2104 2470 2158 tribue:
2501 2113 2551 2158 et
2591 2105 2792 2158 volenti
2819 2114 3065 2158 mutuare
3095 2123 3127 2158 a
3158 2115 3206 2158 te
3226 2146 3240 2171 ,
3274 2121 3337 2158 ne
3393 2119 3640 2158 at-ertare
3666 2123 3683 2159 :
3717 2119 3763 2157 et

2179 2199 2246 2248 ab
2276 2213 2336 2250 eo
2368 2196 2460 2264 qui
2488 2196 2660 2266 aufert
2695 2212 2812 2266 qute
2839 2207 2929 2250 tua
2960 2205 3113 2258 sunt,
3149 2211 3212 2249 ne
3244 2205 3448 2263 repetas
3480 2196 3551 2250 “.

2254 2288 2356 2343 iV.
2387 2288 2511 2344 litec
2541 2288 2678 2343 dixit
2709 2289 2776 2343 ad
2804 2304 2898 2343 eos
2928 2287 3022 2358 qui
3051 2288 3316 2342 mundum
3349 2289 3630 2357 fugerant.
3666 2285 3768 2338 Re-

2182 2379 2457 2449 liquerant
2498 2378 2645 2435 enim
2679 2379 2866 2435 omnia
2903 2379 3085 2434 saeculi
3118 2379 3313 2448 hujus,
3345 2388 3400 2433 et
3433 2389 3771 2448 paraverant

2183 2486 2242 2527 se
2282 2472 2464 2541 ipsos,
2499 2480 2559 2526 ιιι
2605 2469 2942 2526 Salvatorem
2993 2486 3153 2526 suum
3203 2480 3592 2539 sequerentur.
3648 2471 3770 2524 ideo

2183 2562 2413 2631 diligens
2459 2577 2557 2617 eos
2615 2562 2882 2618 charitate
2924 2561 3161 2632 perfecta
3225 2561 3438 2617 dicebat
3481 2562 3608 2616 eis:
3648 2559 3773 2614 Sur—

2181 2656 2290 2722 gite
2313 2694 2329 2721 ,
2359 2653 2607 2707 abeamus
2636 2651 2760 2707 hinc
2787 2653 2856 2706 “.
2897 2652 3016 2720 Quo
3047 2652 3212 2722 igitur
3257 2653 3408 2708 ducit
3452 2666 3581 2717 eos,
3642 2653 3772 2722 quia

2183 2747 2318 2802 dicit
2345 2763 2358 2798 :
2397 2743 2632 2816 Surgite,
2671 2746 2926 2800 abeamus
2955 2745 3124 2799 hinc?
3155 2745 3237 2799 Ab
3268 2744 3430 2814 hujus
3458 2745 3648 2800 seculi
3678 2761 3774 2799 ne-

2185 2839 2348 2910 gotiis
2399 2839 2622 2894 abducit
2665 2838 2783 2893 illos
2823 2839 2896 2902 in_
2925 2853 3150 2907 regnum
3193 2852 3391 2901 suum,
3437 2846 3501 2890 ut
3551 2837 3771 2905 requie-

2185 2940 2364 2988 scant.
2419 2931 2788 2999 Quamobrem
2829 2934 2896 2987 ad
2949 2932 3135 3002 ipsos:
3188 2929 3339 2999 Ego,
3393 2929 3608 2999 inquit,
3655 2945 3770 2982 sum

499 3022 698 3077 mundo
726 3032 874 3079 sunt.
909 3023 972 3079 Si
995 3025 1116 3094 quis
1153 3024 1331 3094 diligit
1361 3024 1616 3077 mundum
1639 3064 1654 3088 ,
1705 3039 1808 3077 nan
1845 3030 1923 3076 est
1963 3023 2084 3076 cha-
2111 3043 2154 3100 ο
2187 3025 2311 3078 vitis
2339 3064 2354 3088 ,
2388 3033 2439 3079 et
2471 3040 2559 3078 vos
2593 3026 2858 3094 palmites.
2895 3023 3109 3077 Maneto
3140 3025 3195 3077 in
3227 3039 3342 3086 me,
3376 3030 3426 3076 et
3455 3033 3552 3090 ego
3589 3022 3648 3074 in
3675 3037 3768 3074 so-

499 3114 634 3168 ritas
662 3113 845 3169 Patris
875 3116 931 3168 in
959 3131 1039 3169 eo.
1072 3115 1338 3180 Quoniam
1369 3130 1522 3169 omne
1545 3115 1685 3183 quod
1714 3121 1793 3168 est
1834 3114 1890 3167 in
1929 3129 2082 3168 mun-

499 3205 567 3258 do
586 3244 602 3270 ,
628 3207 1052 3274 concupiscentia
1075 3207 1254 3260 carnis
1278 3217 1354 3261 est
1373 3247 1390 3268 ,
1415 3216 1465 3260 et
1495 3205 1918 3273 concupiscentia
1957 3219 2084 3258 ocu-

503 3295 679 3352 lorum
697 3335 714 3362 ,
742 3307 790 3351 et
819 3299 1063 3365 superbia
1093 3299 1210 3352 vita'
1232 3313 1252 3362 ;
1281 3313 1397 3366 quae
1431 3314 1535 3351 non
1558 3310 1634 3351 est
1659 3312 1725 3350 ea:-
1754 3296 1915 3349 Patre
1933 3333 1951 3360 ,
1989 3295 2082 3350 sed

500 3403 566 3442 ea:
590 3387 786 3442 mundo
821 3401 920 3445 est.
945 3388 1012 3442 Et
1056 3389 1283 3442 mundus
1337 3391 1531 3444 transit
1580 3397 1632 3442 et
1661 3387 2082 3456 concupiscentia

498 3479 612 3549 ejus
639 3493 660 3533 :
704 3481 795 3550 qui
841 3489 1020 3534 autem
1063 3481 1195 3550 facit
1248 3481 1569 3536 voluntatem
1617 3479 1755 3544 Dei,
1807 3489 1980 3534 manet
2007 3479 2063 3532 in

499 3584 753 3626 aeternum
778 3573 844 3627 ⁸³.
877 3572 1095 3639 Filioli,
1143 3589 1206 3628 ne
1237 3575 1356 3644 quis
1394 3590 1481 3628 vos
1508 3574 1748 3628 seducet.
1795 3571 1906 3638 Qui
1949 3572 2082 3642 facit

493 3663 797 3731 justitiam,
822 3665 1006 3734 justus
1035 3675 1158 3731 est;
1190 3667 1281 3734 qui
1313 3679 1485 3721 autem
1513 3677 1784 3736 peccatum
1813 3667 1984 3735 facit,
2015 3679 2082 3719 ea:

500 3755 715 3810 diabolo
747 3766 863 3812 est:
893 3758 960 3811 ab
993 3759 1157 3812 initio
1188 3759 1326 3812 enim
1354 3759 1601 3812 diabolus
1631 3769 1806 3826 peccat
1838 3759 1904 3811 ³⁸.
1938 3759 2085 3812 Ami-

453 3903 456 3906 ,
501 3847 626 3900 citia
649 3849 788 3901 enim
815 3851 998 3902 mundi
1022 3850 1308 3904 inimicitia
1336 3860 1412 3904 est
1439 3851 1494 3902 in
1525 3850 1688 3904 Deum
1715 3849 1781 3903 ⁸⁷.
1809 3851 1872 3904 Et
1895 3851 2085 3907 Petrus

501 3939 781 4006 apostolus
811 3939 1094 3993 dcterrens
1129 3939 1267 3994 ﬁlios
1301 3953 1430 3994 suos
1465 3954 1495 3993 a
1551 3947 1775 4008 peccato
1805 3958 1816 3994 :
1857 3925 2078 4004 Πονῖυν,

504 4029 717 4098 inquit,
751 4045 840 4082 vos
865 4069 880 4095 ,
915 4030 1111 4097 fratres
1134 4070 1149 4095 ,
1194 4041 1449 4101 tanquam
1495 4032 1726 4086 advenas
1767 4042 1818 4085 et
1850 4034 2086 4102 peregri~

501 4136 619 4183 nos,
645 4134 697 4174 ut
729 4122 1046 4177 abstineatis
1073 4140 1103 4175 a
1138 4125 1443 4177 carnalibus
1461 4122 1770 4189 desideriis,
1798 4141 1915 4192 qua:
1943 4124 2086 4176 mili-

502 4221 615 4265 tant
638 4211 890 4266 advet'sus
915 4213 1150 4266 animam
1176 4212 1242 4265 ³⁸.
1269 4211 1336 4266 Ει
1363 4213 1592 4269 dilectus
1621 4197 1877 4268 Dominus
1902 4224 2086 4270 noster

500 4302 689 4367 Jesus,
723 4319 854 4359 cum
902 4305 1070 4360 sciret
1117 4306 1376 4361 mundum
1425 4305 1624 4362 aﬂerre
1673 4306 2082 4376 nobis‘peccati

2182 3117 2283 3171 bis.
2338 3115 2795 3181 Quemadmodum
2844 3113 3045 3184 palntes
3089 3131 3190 3168 non
3239 3122 3411 3184 potest
3463 3113 3606 3182 ferre
3653 3113 3773 3182 fni-

2181 3215 2320 3260 ctum
2343 3242 2360 3270 ,
2399 3206 2501 3259 nisi
2529 3206 2781 3259 manserit
2812 3206 2867 3258 in
2911 3206 3015 3259 vite
3037 3219 3057 3258 :
3089 3206 3160 3259 ita
3189 3221 3282 3259 nec
3309 3221 3422 3269 vos,
3455 3205 3562 3259 nisi
3604 3204 3658 3259 in
3689 3221 3772 3257 nte

2183 3297 2489 3352 manseritis
2517 3297 2586 3346 δ’.
2623 3296 2718 3351 Sic
2754 3311 2850 3350 eos
2879 3295 3174 3366 alloquitur
3216 3297 3306 3366 Qui
3341 3298 3607 3351 mutilum
3640 3296 3769 3350 reii-

2183 3396 2450 3458 queruut,
2479 3388 2601 3458 quia
2637 3387 2875 3458 Spiritus
2901 3398 3125 3444 sanctus
3152 3389 3205 3444 in
3231 3387 3337 3444 illis
3359 3397 3444 3444 est
3471 3397 3528 3444 et
3556 3389 3770 3442 habitat

2185 3481 2238 3536 in
2266 3481 2520 3537 cordibus
2543 3494 2751 3535 eorum.
2773 3478 2825 3533 Ν
2831 3497 2898 3534 on
2925 3479 3220 3550 relinquam
3247 3496 3336 3534 vos
3361 3482 3648 3548 orphanos,
3676 3481 3770 3533 sed

2185 3573 2389 3627 veniant
2431 3572 2500 3625 ad
2547 3587 2633 3626 vos
2687 3572 2755 3624 ".
2803 3572 2860 3624 Si
2905 3571 3028 3641 quis
3062 3572 3226 3642 igitur
3264 3571 3432 3626 Deum
3465 3570 3680 3640 diligit,
3714 3580 3772 3622 et

2184 3665 2302 3720 vult
2335 3679 2460 3719 eum
2499 3665 2554 3718 in
2591 3678 2651 3719 se
2680 3662 2955 3729 habitare,
2989 3671 3046 3716 et
3092 3677 3151 3717 se
3181 3664 3486 3734 orphanum
3523 3677 3636 3716 non
3666 3662 3766 3716 de-

2188 3756 2452 3827 relinqui,
2500 3756 2720 3810 studeat
2773 3769 2835 3809 ea
2903 3769 3026 3824 quae
3071 3753 3227 3809 Jesus
3273 3757 3528 3826 praecepit
3582 3754 3772 3810 obster-

2185 3863 2348 3914 vare,
2381 3855 2435 3902 et
2461 3846 2734 3902 habitabit
2761 3861 2884 3901 cum
2916 3851 3052 3915 ipso.
3082 3845 3266 3915 Neque
3309 3849 3454 3900 enim
3501 3847 3688 3916 procul
3737 3865 3770 3900 a

2187 3941 2343 3996 nobis
2371 3947 2493 4004 est,
2522 3953 2700 4008 neque
2728 3937 2870 3992 inter
2902 3937 3078 4006 ipsum
3124 3948 3180 3992 et
3216 3954 3313 3993 nos
3341 3937 3641 4008 quidquam
3682 3939 3744 3992 in

2187 4031 2416 4088 tercedit
2433 4072 2450 4098 ,
2473 4030 2576 4086 nisi
2602 4037 2905 4101 peccatum.
2930 4028 3317 4096 Quamobrem,
3351 4031 3534 4095 frater,
3561 4032 3609 4085 si
3631 4031 3771 4085 dicis

2188 4134 2242 4180 te
2268 4124 2478 4178 mundo
2499 4123 2842 4179 renuntiasse
2861 4161 2876 4185 ,
2899 4134 2954 4177 et
2981 4139 3043 4178 ea
3071 4137 3190 4191 quae
3221 4122 3409 4180 mundi
3435 4133 3563 4177 sunt
3592 4123 3774 4180 facere

2187 4213 2647 4284 deprehenderis,
2683 4229 2788 4267 non
2813 4214 3144 4268 renuntiasti
3171 4215 3361 4282 plane,
3386 4214 3479 4268 sed
3515 4224 3567 4269 te
3593 4214 3773 4286 ipsum

2187 4306 2412 4376 decipis.
2451 4304 2564 4360 Hoc
2592 4305 2738 4360 enim
2766 4318 2958 4361 eorum
2987 4306 3078 4375 qui
3113 4308 3317 4360 mundo
3346 4306 3733 4361 renuntiarunt
3755 4349 3773 4371 ,

503 4395 838 4459 molestiam,
899 4398 1071 4450 donec
1127 4394 1279 4448 illttm
1337 4395 1737 4464 relinquamus,
1792 4395 2082 4464 discipulos
2113 4371 2164 4430 Ῑ)
2188 4397 2449 4466 iudicium
2477 4397 2598 4452 tulit
2625 4414 2638 4450 :
2663 4395 2772 4462 Qui
2797 4406 2983 4461 amat,
3011 4396 3293 4466 inquiens,
3317 4396 3553 4450 animum
3579 4413 3774 4461 suam,

501 4501 630 4541 suos
665 4487 1007 4541 conﬁrmavit
1036 4503 1048 4539 :
1088 4485 1238 4542 Venit
1265 4527 1281 4554 ,
1313 4487 1599 4556 inquiens,
1631 4489 1870 4557 princeps
1899 4491 2084 4543 mundi

500 4579 660 4648 hujus
683 4619 698 4643 ,
735 4590 784 4632 et
818 4579 870 4633 in
902 4597 983 4634 me
1009 4579 1144 4633 nihil
1172 4595 1354 4634 eorum
1379 4595 1498 4650 qua
1542 4580 1712 4649 ipsius
1755 4590 1912 4648 sunt,
1944 4582 2086 4636 inve-

501 4674 576 4726 nit
610 4672 678 4738 “;
709 4682 763 4726 et
795 4680 1011 4728 rursum
1037 4689 1052 4726 :
1081 4671 1312 4728 Mundus
1339 4674 1395 4726 in
1422 4674 1653 4745 maligno
1681 4676 1882 4745 positus
1907 4687 1984 4730 est
2014 4675 2082 4730 ⁸⁸.

500 4769 580 4821 Ac
635 4769 702 4822 de
755 4767 1034 4836 discipulis
1079 4769 1193 4822 suis
1236 4767 1451 4823 dicebat
1499 4783 1593 4824 eos
1642 4783 1704 4823 se
1753 4769 1980 4838 elegisse
2021 4768 2090 4824 de

501 4857 705 4912 mundo
743 4857 1167 4930 “.,Quomodof
1189 4873 1221 4914 e
1268 4860 1470 4915 mundo
1511 4859 1672 4930 elegit
1711 4875 1837 4925 eos,
1869 4860 1975 4914 nisi
2019 4874 2088 4915 ex

502 4949 650 5004 omni
683 4952 1042 5020 occupatione
1069 4953 1322 5021 peccati?
1348 4951 1607 5024 Quisquis
1637 4953 1804 5024 igitur
1828 4953 1941 5007 vult
1966 4968 2089 5009 esse

505 5044 807 5115 discipulus
838 5043 999 5110 Jesu,
1035 5043 1174 5117 fugit
1206 5060 1238 5100 a
1276 5046 1461 5112 vitiis;
1501 5046 1602 5101 nisi
1627 5048 1775 5102 enim
1815 5061 1876 5101 ea
1905 5048 2086 5114 proje-

504 5136 643 5190 ccrit
663 5178 679 5203 ,
713 5135 805 5191 Dei
842 5152 946 5192 non
975 5145 1154 5208 potest
1179 5153 1302 5194 esse
1328 5137 1688 5205 domicilium,
1720 5153 1897 5207 neque
1928 5137 2080 5192 Divi-

507 5227 692 5282 nitatis
717 5228 1056 5285 dulcedinem
1081 5231 1394 5300 degustare.
1421 5229 1660 5288 Lucerna
1683 5231 1822 5284 enim
1845 5269 1860 5292 ,
1885 5229 2082 5298 inquit,

507 5323 741 5392 corporis
762 5334 838 5379 est
866 5323 1070 5379 oculus.
1095 5323 1222 5378 Nisi
1248 5321 1432 5378 oculus
1457 5321 1678 5392 simplex
1702 5322 1883 5391 fuerit,
1913 5331 2083 5377 totum

581 5479 627 5512 ³³
659 5478 679 5532 l
713 5479 838 5535 Cor.
878 5479 963 5545 Ix;
992 5481 1085 5537 24.

513 5564 581 5611 ιι,
642 5551 729 5604 Η.
835 5551 878 5583 ’⁸
920 5550 1076 5605 Joan.
1114 5567 1226 5615 xw,
1259 5551 1348 5605 50.

513 5620 560 5653 ⁸⁸
596 5618 725 5674 Luc.
767 5637 849 5681 rt.
893 5622 1083 5679 27-50.
1185 5623 1230 5656 "
1268 5621 1420 5679 Joan.
1483 5633 1594 5686 xlv,
1658 5619 1748 5674 5i.

517 5690 562 5723 "
578 5688 712 5745 Luc.
750 5706 835 5743 xw
860 5730 874 5755 ,
903 5693 994 5746 ‘27.

1164 5480 1211 5512 "
1249 5478 1380 5535 ibid.
1415 5477 1509 5533 25.
1585 5477 1632 5510 ”
1670 5477 1686 5532 Ι
1720 5475 1878 5533 Joan.
1915 5492 1991 5543 tt,
2025 5475 2212 5531 15-17.

1455 5548 1505 5581 “
1545 5547 1752 5604 lJoan.
1787 5563 1838 5612 ν,
1880 5542 1983 5601 i9.
2044 5548 2088 5578 “
2128 5545 2286 5600 Joan.
2350 5559 2441 5606 xv,
2483 5542 2569 5598 l9.

1483 5633 1594 5683 xiv,
1658 5619 1748 5674 5i.
1851 5615 2091 5674 “Joan.
2153 5631 2242 5683 xv,
2297 5613 2455 5681 4,5.
2561 5612 2569 5642 '

2191 4489 2366 4559 perdet
2397 4504 2511 4541 eam
2534 4503 2554 4551 ,°
2579 4490 2667 4558 qui
2695 4502 2871 4542 autem
2894 4486 3184 4556 perdiderit
3211 4491 3444 4542 animam
3465 4505 3630 4543 suam
3653 4507 3777 4559 pro-

2189 4588 2305 4648 pter
2327 4594 2428 4644 me,
2459 4579 2684 4633 servabit
2713 4594 2833 4633 sant
2853 4578 2929 4632 “.
2957 4577 3240 4645 Quomodo
3280 4580 3405 4649 quis
3441 4581 3630 4649 perdit
3658 4584 3780 4635 sui.

2192 4687 2336 4726 mam
2367 4686 2521 4725 suam
2551 4712 2566 4737 ,
2597 4671 2704 4728 nisi
2734 4671 2862 4725 dum
2892 4683 3082 4726 omnes
3109 4670 3294 4726 carnis
3319 4669 3635 4728 voluntates
3662 4689 3781 4727 aan-

2193 4765 2395 4836 putat?
2426 4763 2491 4819 Et
2519 4778 2776 4819 rursum:
2819 4762 2926 4828 Qui
2964 4779 3068 4818 non
3111 4761 3253 4817 tollit
3295 4779 3504 4818 crucem
3533 4781 3691 4820 suam
3729 4778 3780 4820 et

2194 4859 2432 4928 sequitur
2475 4873 2599 4922 me,
2664 4871 2769 4912 non
2820 4865 2992 4926 potest
3042 4873 3188 4911 meus
3209 4871 3318 4911 esse
3367 4857 3668 4928 discipulus
3711 4861 3779 4910 ".

2195 4949 2367 5017 Quam
2401 4948 2533 5004 dicit
2567 4957 2628 5003 ut
2656 4948 2916 5003 tollamus
2945 4962 3185 5012 crucem,
3229 4947 3334 5004 nisi
3377 4955 3439 5002 ut
3488 4964 3650 5006 mens
3679 4967 3774 5008 as—

2195 5043 2350 5099 sidue
2378 5040 2565 5110 vigilet
2587 5048 2644 5096 et
2672 5039 2969 5096 virtutibus
3012 5039 3330 5096 incumbat?
3372 5042 3418 5095 Α
3448 5057 3623 5099 cruce
3669 5060 3782 5099 non

2193 5132 2444 5200 discedit,
2470 5137 2562 5204 qui
2589 5132 2720 5188 vitia
2747 5132 3114 5204 persequitur,
3133 5133 3305 5189 donec
3329 5147 3393 5190 ea
3421 5134 3683 5207 proﬂiget
3711 5151 3776 5189 se

2189 5233 2433 5293 superet.
2470 5225 2554 5278 Ad
2583 5236 2682 5279 eos
2704 5221 2799 5291 qui
2829 5230 3160 5292 resurgunt:
3212 5219 3365 5288 Nisi,
3409 5222 3623 5294 inquit,
3660 5239 3784 5295 grs-

2190 5334 2316 5374 nutn
2343 5315 2597 5385 frumenti
2619 5313 2817 5369 cadens
2841 5313 2898 5368 in
2925 5321 3124 5368 terram
3148 5324 3419 5368 mortuum
3451 5315 3624 5386 fuerit
3643 5355 3661 5384 ,
3699 5317 3784 5386 ip-

2291 5474 2336 5506 ³⁶
2376 5471 2584 5528 lJoan.
2621 5485 2720 5532 ιιι,
2757 5469 2810 5532 7,
2844 5468 2900 5525 8.
2986 5469 3032 5502 ³⁷
3071 5467 3188 5526 Jac.
3221 5485 3301 5531 tv.
3335 5469 3391 5524 4.

2350 5559 2441 5596 xv.
2483 5542 2569 5596 l9.
2670 5540 2714 5573 "
2753 5538 2886 5596 Luc.
2946 5555 3039 5596 xi.
3069 5540 3159 5595 54.
3265 5540 3312 5579 ⁸³
3349 5538 3391 5594 L

2561 5583 2604 5644 λ’
2644 5578 3002 5679 iouini"?
3024 5578 3159 5667 ’1ξῂ

3494 5470 3540 5502 ⁸³
3577 5470 3601 5525 l
3633 5469 3783 5526 Petr.

3265 5540 3312 5579 ⁸³
3349 5538 3484 5595 Luc.
3518 5556 3657 5606 vat,
3693 5543 3783 5594 16.

3234 5608 3283 5645 ⁸⁸
3318 5608 3475 5668 ιω.
3535 5626 3657 5679 xu,
3689 5611 3781 5667 25.
