3884 6278
149 292 284 349 1161

1210 292 1266 346 S.
1312 289 1515 346 18Ᾱ1ΑΞ
1556 284 1852 347 ABBATIS
1892 286 2303 346 ORATIONES.

3268 288 3408 348 “62

149 425 268 464 sum
311 406 482 460 solum
524 413 732 468 manet;
778 405 824 460 si
853 414 1026 474 autem
1070 414 1333 459 mortuum
1361 404 1557 473 fuerit,
1590 405 1728 459 mul-
1756 410 1800 464 A
1829 405 2032 459 Caveat
2065 405 2440 473 unusquisque
2464 443 2478 468 ,
2513 418 2581 459 ne
2622 418 2810 459 vocem
2845 403 2989 460 illam
3021 401 3243 458 audiat:
3277 400 3410 456 Pro.

151 511 263 552 tum
301 501 532 568 fructum
563 498 716 566 a/fert
744 497 811 551 "°.
840 498 944 552 Eos
973 511 1102 552 vero
1131 498 1221 563 qui
1254 500 1318 551 ad
1351 498 1503 567 grani
1534 498 1726 552 simili-

151 592 394 646 tudinem
419 590 1107 653 moriuutur,consolatur:
1135 589 1239 654 Qui
1271 590 1429 655 mihi,
1456 590 1728 660 inquiens,

150 683 530 736 ministraverit
552 720 566 744 ,
600 681 974 749 Itonori/icabit
1004 698 1120 734 eum
1152 681 1315 735 Pater
1343 697 1508 734 meus.
1549 680 1612 734 Et
1639 682 1726 735 ubi

135 789 243 842 ego
271 789 412 835 sum,
436 771 548 824 illic
573 779 620 825 et
648 771 891 825 minister
917 787 1061 824 meus
1089 771 1185 825 erit
1219 772 1286 827 “.
1314 770 1594 838 Quomodo
1625 773 1728 825 mi-

151 865 386 916 nistrant
408 860 536 916 Jesu
557 898 572 924 ,
602 861 702 915 nisi
731 861 856 914 dum
886 863 1068 915 mundi
1096 862 1223 916 vitia
1251 864 1374 916 odio
1398 877 1728 932 persequun-

154 966 263 1017 tur,
296 963 350 1006 et
387 953 684 1006 observant
723 953 974 1007 mandata
1022 953 1165 1007 Dei?
1199 969 1428 1022 quorum
1471 955 1724 1008 observa-

149 1046 298 1098 tione
329 1044 578 1097 tiduciam
609 1053 858 1107 sumunt,
892 1054 945 1098 et
975 1044 1161 1098 dicunt
1188 1046 1236 1099 ei
1270 1062 1282 1099 :
1312 1043 1446 1099 Ecce
1475 1062 1565 1099 nos
1601 1046 1728 1098 rali-

149 1137 362 1206 quimus
409 1137 619 1201 omnia,
654 1145 702 1189 et
747 1137 910 1188 secuti
955 1152 1138 1190 sumus
1180 1148 1268 1192 te:
1303 1138 1428 1207 quid
1467 1155 1587 1207 ergo
1630 1138 1730 1191 erit

151 1229 300 1281 nobis
325 1228 350 1279 ?
381 1229 576 1296 quibus
629 1227 718 1282 ille
759 1232 1086 1297 respondet:
1130 1228 1232 1284 Vos
1273 1232 1362 1299 qui
1403 1231 1568 1284 secuti
1605 1230 1730 1284 estis

153 1337 263 1384 me,
297 1321 350 1373 in
378 1321 800 1390 regeneratione,
839 1338 958 1374 cum
989 1323 1179 1376 sederit
1214 1321 1387 1377 Filius
1415 1324 1640 1376 hominis
1678 1323 1731 1376 in

150 1414 274 1465 sede
301 1413 595 1480 majestatis
619 1428 730 1466 sure
753 1450 767 1474 ,
795 1411 1042 1467 sedebitis
1068 1424 1116 1468 et
1145 1431 1231 1468 eos
1255 1430 1409 1482 super
1433 1415 1576 1468 sedes
1590 1414 1736 1481 judi-

150 1511 332 1554 cantes
365 1503 641 1555 duodecim
672 1505 839 1556 tribus
873 1503 1063 1560 Israel.
1099 1503 1164 1558 Et
1187 1507 1482 1576 quicunque
1509 1507 1736 1574 relique-

155 1595 222 1646 rit
255 1595 476 1662 domos,
512 1607 603 1648 aut
643 1595 836 1664 fratres
881 1607 969 1649 aut
1008 1613 1244 1659 sorores,
1281 1607 1371 1651 aut
1397 1607 1598 1666 patrem
1640 1606 1731 1650 attt

155 1694 413 1752 matrem,
454 1696 545 1738 aut
590 1703 804 1743 uxorem
838 1698 929 1740 aut
972 1688 1133 1756 ﬁlios,
1198 1699 1288 1741 aut
1329 1704 1482 1759 agros
1526 1697 1735 1758 prapter

1823 497 1974 564 jicite
2005 496 2058 548 in
2085 494 2324 548 tenebras
2355 497 2669 560 exteriores,
2703 495 2774 549 ibi
2799 496 2894 549 erit
2934 495 3087 564 fletus
3131 503 3178 548 et
3213 495 3409 548 stridor

1828 591 2060 642 dentiant
2086 589 2149 641 ".

1903 680 1986 734 Vl.
2031 679 2227 734 Demus
2257 680 2420 743 igitur
2449 693 2668 749 operam
2698 694 2794 750 pro
2822 665 3055 743 viribus,
3089 679 3281 735 fratres
3303 719 3317 743 ,
3350 690 3408 733 ιιι

1832 772 2116 826 induamus
2157 773 2475 827 vestimenta
2512 773 2810 840 virtutum,
2857 787 2924 826 ne
2971 771 3118 828 foras
3149 772 3411 828 exturbct

1833 879 1974 916 mur.
2028 862 2179 916 Nulla
2227 865 2369 916 enitn
2421 866 2528 918 'erit
2575 865 2818 932 acceptio
2868 877 3217 933 personarum
3269 865 3409 934 apud

1833 953 1999 1008 Deum
2045 954 2097 1008 iu
2141 955 2228 1008 illa
2273 954 2384 1009 die.
2420 955 2481 1008 Et
2523 957 2613 1024 qui
2666 955 2892 1024 turpiter
2925 953 3299 1025 tlagitioseque
3328 955 3409 1009 vi-

1832 1055 2000 1108 vunt,
2040 1053 2096 1097 ut
2134 1047 2210 1098 ait
2247 1045 2563 1115 Apostolus,
2599 1061 2822 1114 regnum
2856 1047 2948 1102 Dei
2985 1048 3265 1116 possidere
3299 1063 3408 1102 non

1835 1145 2056 1205 possunt
2088 1136 2155 1190 θ’.
2188 1137 2253 1191 Et
2286 1138 2538 1207 quoniam
2567 1139 2658 1206 qui
2691 1153 2755 1192 ex
2789 1139 2979 1193 mortis
3008 1138 3260 1206 operibus
3289 1153 3410 1190 sus-

1835 1227 2089 1289 citantur,
2151 1238 2206 1282 et
2268 1229 2451 1282 vivunt
2511 1227 2808 1282 secundum
2867 1228 3149 1297 spiritum,
3209 1243 3239 1282 a
3303 1243 3410 1296 quo

1837 1327 2159 1372 accusentur
2191 1335 2293 1372 nou
2341 1321 2540 1384 habent
2567 1337 2583 1388 ;
2624 1321 2872 1389 quisnam
2904 1323 2977 1376 sit
3009 1320 3215 1377 fruetus
3244 1321 3410 1390 ipsius
3434 1316 3455 1335 ⁸

1837 1407 2058 1475 spiritus
2116 1408 2318 1462 indicat
2363 1408 2681 1488 :Eructus,
2720 1413 3008 1482 inquiens,
3058 1411 3280 1482 spiritus
3333 1421 3409 1466 est

1844 1495 2114 1563 cltaritas,
2161 1499 2444 1566 gaudium,
2481 1517 2625 1569 pax,
2667 1503 2922 1567 patientia
2947 1543 2960 1563 ,
3007 1502 3407 1572 longanimitas,

1837 1584 2073 1649 bonitas,
2124 1591 2446 1660 benignitas,
2490 1595 2866 1661 mansuetudo,
2904 1595 3065 1662 ﬁdes,
3119 1595 3408 1660 modestia,

1837 1679 2193 1747 continentia,
2242 1684 2487 1737 castitas.
2536 1686 2793 1739 Adversus
2843 1687 3144 1754 ltujusntodi
3191 1703 3292 1740 non
3334 1694 3411 1742 est

154 1792 340 1830 nomen
393 1793 592 1842 meum,
641 1779 944 1848 cenmplum
987 1782 1242 1849 accipiet,
1297 1757 1543 1836 ctpimm
1581 1790 1734 1835 (τίεν.
1769 1757 1814 1817 Β
1841 1771 1924 1826 les
1953 1773 2018 1826 ".
2063 1774 2132 1826 Αι
2184 1774 2436 1828 amabilis
2484 1776 2744 1830 Dominus
2789 1787 2976 1832 noster
3003 1777 3196 1840 Iesus,
3229 1786 3413 1832 osten‘

156 1882 278 1919 nam
307 1869 586 1937 possidebit
619 1871 685 1925 ".

229 1961 297 2018 ν.
337 1962 486 2017 Cunr
499 1963 665 2018 sciret
692 1963 918 2019 dilectus
943 1965 1203 2020 Dominus
1231 1975 1416 2021 noster
1438 1964 1595 2020 Jesus
1621 1963 1736 2018 fieri

158 2071 268 2110 non
303 2069 490 2124 posse,
521 2063 578 2108 ut
615 2053 854 2107 hominis
888 2071 1042 2109 meus
1071 2055 1137 2109 ad
1167 2071 1385 2110 crucem
1419 2055 1733 2121 accederet,

158 2147 261 2201 nisi
289 2145 356 2199 ab
383 2145 527 2199 omni
562 2145 746 2198 mundi
779 2145 1140 2200 sollicitudine
1169 2145 1415 2211 abesset,
1445 2147 1735 2216 praecepit,

157 2245 217 2289 ut
241 2235 420 2288 omnia
451 2232 800 2300 relinqueret,
827 2246 1055 2300 quorum
1088 2232 1375 2287 occasione
1417 2239 1740 2285 avocaretur

157 2341 189 2378 a
223 2339 406 2378 cruce.
445 2322 565 2378 Ideo
595 2323 826 2375 venienti
858 2325 922 2375 ad
956 2337 1014 2377 se
1043 2323 1348 2390 dicentiqne
1368 2365 1382 2387 ,
1415 2320 1618 2391 Sequar
1643 2331 1692 2374 te
1719 2359 1734 2381 ,

157 2417 384 2471 Domine
403 2455 420 2481 ,
455 2415 544 2470 sed
572 2417 844 2483 permitte,
880 2426 936 2468 ut
962 2416 1109 2484 prius
1140 2416 1413 2481 disponant
1441 2430 1502 2469 ea
1536 2429 1654 2483 qua:
1682 2412 1733 2466 in

157 2511 314 2562 .z'omo
339 2525 451 2562 mea
475 2517 596 2560 sunt
628 2505 697 2572 ⁸³,
726 2495 1004 2576 prohibuit
1032 2525 1045 2562 :
1072 2505 1327 2576 quoniam
1353 2506 1397 2562 si
1423 2521 1485 2561 ea
1511 2506 1737 2560 vidisset

159 2617 258 2654 cor
285 2599 433 2668 eius,
463 2601 657 2653 iterum
691 2600 756 2652 ad
794 2600 880 2653 illa
913 2599 1256 2654 declinasset.
1289 2595 1489 2662 Nemo,
1525 2597 1734 2666 inquit,

158 2695 372 2746 mittens
405 2707 612 2744 ntanum
644 2690 712 2742 ad
739 2700 976 2742 aratrum
1000 2730 1012 2756 ,
1041 2700 1087 2744 et
1115 2699 1370 2743 revertens
1399 2697 1560 2754 retro,
1586 2700 1736 2754 aptus

158 2794 237 2838 est
273 2790 340 2836 ad
373 2799 585 2853 regnum
614 2782 860 2835 caelorum
888 2781 954 2836 “.
979 2781 1097 2836 Jam
1123 2797 1246 2836 cum
1279 2780 1496 2836 fecisset
1523 2795 1735 2836 cmnam

165 2877 276 2928 tilio
305 2890 404 2928 suo
434 2882 608 2943 pater,
645 2872 990 2940 misissetque
1023 2887 1210 2926 servos
1243 2873 1333 2940 qui
1365 2881 1621 2926 vocarent
1650 2872 1736 2924 iu-

163 2968 361 3020 vitatos
381 3006 396 3032 ,
423 2975 477 3019 et
506 2981 682 3019 rermn
711 2979 845 3032 quas
872 2963 1100 3032 quisque
1126 2963 1405 3033 diligebat,
1445 2962 1739 3029 cupiditate

1839 1866 1971 1918 dens
1994 1864 2150 1919 nobis
2168 1879 2331 1932 opera
2362 1867 2414 1919 in
2449 1866 2536 1919 illa
2567 1866 2653 1922 die
2680 1881 2800 1921 esse
2829 1867 3236 1935 patefacienda:
3266 1868 3412 1922 Mut-

1841 1955 1880 2006 ti
1902 1996 1915 2018 ,
1951 1953 2152 2023 inquit,
2175 1965 2410 2024 quterent
2438 1957 2663 2025 ingredi,
2691 1969 2738 2011 et
2773 1974 2872 2011 non
2899 1969 3160 2027 paterunt.
3193 1957 3415 2014 Postea-

1836 2061 1994 2115 quam
2025 2047 2163 2099 enim
2192 2047 2580 2115 paterfamilias
2616 2051 2937 2114 surrexerit,
2977 2061 3026 2104 et
3050 2053 3241 2106 ostium
3264 2053 3418 2107 clau-

1839 2136 2000 2199 serit,
2027 2137 2356 2203 pulsantibus
2397 2140 2767 2209 respondebit:
2805 2140 2998 2197 Nescio
3033 2159 3119 2198 vos
3167 2143 3231 2196 “.
3277 2142 3416 2197 Nam

1840 2241 2127 2297 possumus
2155 2229 2338 2284 dicere
2371 2229 2536 2284 Deum
2564 2232 2860 2301 quidquam
2893 2234 3190 2304 ignorare?
3217 2235 3410 2290 Absit!
3439 2211 3454 2222 ί

1842 2317 1951 2372 Cur
1985 2318 2150 2387 igitur
2191 2319 2408 2384 dicitur,
2453 2319 2640 2376 Nescio
2678 2326 2810 2378 vos?
2844 2323 2978 2389 Quia
3009 2325 3238 2379 virtutes
3273 2325 3419 2394 igno-

1841 2419 1964 2463 rant
2002 2410 2074 2463 illi
2125 2410 2214 2476 qui
2263 2411 2477 2479 pulsant
2519 2423 2572 2468 et
2617 2409 2842 2468 dicunt:
2877 2415 3133 2481 Domine,
3163 2415 3415 2483 Domine,

1840 2502 1984 2570 aperi
2019 2502 2163 2555 nobis
2195 2502 2262 2558 “.
2288 2503 2366 2557 Ac
2392 2504 2460 2559 de
2491 2505 2595 2560 illis
2621 2507 2838 2576 quidem
2871 2508 2962 2577 qui
2995 2509 3152 2566 ﬁdem
3179 2510 3398 2581 habent)

1839 2599 1894 2646 et
1934 2606 2036 2646 non
2073 2592 2274 2647 habent
2299 2609 2499 2664 opera,
2546 2611 2761 2652 rursum
2807 2598 3084 2668 loquitur:
3121 2601 3234 2669 Ego
3264 2618 3418 2671 sum,

1842 2685 2097 2750 inquiens
2119 2727 2134 2752 ,
2169 2687 2286 2740 vitis
2317 2726 2333 2751 ,
2369 2697 2416 2741 et
2452 2703 2537 2741 vos
2563 2689 2846 2757 palmites;
2877 2693 2968 2762 qui
2998 2704 3172 2747 manet
3209 2695 3265 2749 in
3304 2712 3418 2762 me,

1840 2787 1886 2829 et
1919 2792 2011 2846 ego
2046 2779 2099 2830 in
2132 2795 2190 2831 eo
2213 2820 2227 2842 ,
2276 2778 2359 2831 hic
2401 2780 2501 2846 fert
2532 2776 2764 2846 fructum
2811 2783 3076 2848 multum;
3115 2788 3203 2856 qui
3245 2799 3420 2842 autem

1841 2870 1895 2921 in
1943 2883 2024 2922 me
2063 2885 2165 2922 non
2192 2880 2385 2933 manet,
2424 2871 2665 2938 ejicietur
2714 2873 2888 2942 foras,
2923 2885 2970 2929 et
3012 2888 3240 2944 arescet,
3285 2889 3332 2933 et
3366 2882 3422 2935 in

1841 2959 2012 3027 ignem
2062 2959 2372 3029 conjicietur
2422 2962 2489 3014 ⁸⁸.
2543 2962 2643 3029 Qui
2705 2974 2887 3018 autem
2944 2965 3176 3029 fructum
3237 2968 3421 3025 ferunt.

163 3061 431 3116 noluisset
461 3059 648 3114 venire
678 3058 746 3123 ⁸⁸,
775 3057 961 3112 dolore
987 3068 1288 3110 commotus
1315 3055 1449 3110 dixit
1479 3073 1492 3108 :
1533 3053 1592 3107 Si
1621 3053 1737 3123 quis
1769 3086 1811 3144 ο
1848 3053 2077 3115 bonum,
2134 3066 2227 3106 eos
2276 3062 2467 3122 purgat
2517 3053 2660 3109 Deus
2682 3093 2699 3122 ,
2749 3064 2808 3108 ut
2853 3056 2972 3125 plus
3024 3058 3296 3114 fructuum
3341 3059 3424 3114 fe-

165 3155 301 3210 renit
336 3154 404 3208 ad
437 3169 516 3206 me
537 3191 552 3215 ,
583 3162 628 3205 et
662 3167 766 3204 non
797 3150 908 3202 odit
939 3159 1139 3218 patrem
1167 3162 1318 3201 suunt
1340 3156 1385 3201 et
1410 3155 1658 3210 matrem,
1693 3153 1741 3197 et

167 3262 382 3302 acorem
426 3255 473 3298 et
519 3244 693 3312 ﬁlios,
743 3253 789 3297 et
825 3241 1017 3310 fratres
1059 3248 1107 3292 et
1142 3254 1370 3300 sorores,
1401 3247 1555 3305 atque
1583 3235 1741 3289 etiam

165 3341 403 3393 animum
442 3353 626 3398 suam,
674 3351 775 3388 non
824 3343 988 3402 potest
1033 3347 1178 3385 meus
1217 3345 1326 3384 esse
1357 3329 1642 3395 discipulus
1673 3328 1741 3381 “.

169 3423 380 3498 Quibus
405 3429 586 3483 verbis
612 3426 966 3499 significavit,
993 3439 1098 3479 non
1124 3437 1280 3492 posse
1305 3438 1404 3478 uos
1425 3423 1490 3478 ad
1518 3435 1743 3491 regnum

167 3523 316 3592 quod
348 3520 631 3590 cupimus,
667 3517 987 3587 pervenire,
1023 3517 1128 3570 nisi
1165 3517 1314 3584 prius
1347 3515 1745 3569 decreverimus

168 3613 299 3666 odio
334 3609 586 3680 persequi
623 3623 685 3662 ea
721 3624 840 3676 qua:
868 3621 962 3661 cor
993 3615 1258 3670 nostrum,
1281 3605 1346 3657 ad
1381 3604 1634 3656 mundum
1667 3602 1745 3655 al-

169 3704 383 3758 liciunt.
419 3700 588 3756 Porro
619 3713 844 3754 monens
875 3712 1004 3765 nos,
1035 3711 1101 3751 ne
1135 3695 1236 3750 fide
1268 3694 1380 3748 sola
1416 3693 1467 3746 in
1503 3707 1604 3761 qua
1641 3708 1744 3747 non

173 3796 347 3852 insint
385 3808 547 3864 opera
577 3832 593 3858 ,
637 3790 1014 3846 confidamus:
1053 3787 1363 3856 Ingressus,
1407 3785 1611 3854 inquit,
1659 3799 1749 3838 rex

171 3897 230 3941 ut
279 3884 625 3939 recumbentes
667 3882 897 3943 videret,
953 3879 1152 3946 aspexit
1199 3878 1306 3930 illic
1343 3877 1605 3930 hominem
1644 3891 1747 3928 non

170 3979 416 4034 indutum
449 3983 582 4030 veste
619 3974 956 4042 nuptiarum,
989 3981 1034 4024 et
1068 3971 1230 4038 jussit
1273 3986 1389 4022 eum
1444 3969 1652 4022 extrudi
1695 3969 1748 4020 in

175 4069 415 4124 tenebras
445 4067 725 4119 exteriores
761 4065 829 4116 ⁵⁷.
873 4063 1254 4132 lngrediuntur
1285 4062 1428 4115 enim
1466 4062 1591 4130 quia
1627 4067 1752 4112 sunt

174 4161 399 4216 nomine
427 4157 719 4212 Christiani
748 4173 764 4222 ;
797 4156 1088 4224 ejiciuntur
1117 4163 1332 4216 autem,
1365 4153 1486 4221 quia
1517 4167 1619 4204 non
1659 4153 1751 4203 ha-

177 4254 312 4307 bent
357 4264 518 4319 Opera
564 4247 768 4302 nomini
801 4245 1174 4315 congruentia.
1219 4243 1437 4297 Sciebat
1463 4238 1752 4308 Apostolus

177 4343 454 4398 neminem
474 4379 487 4404 ,
519 4354 637 4407 qua:
664 4337 755 4392 Dei
785 4347 838 4391 et
861 4352 979 4406 qua:
1009 4335 1190 4390 mundi
1220 4342 1378 4396 sunt,
1410 4331 1567 4386 simul
1595 4345 1754 4400 posse

1847 3151 1970 3196 rant
1999 3139 2064 3196 ⁵⁷.
2116 3143 2266 3209 Quod
2296 3153 2475 3198 autem
2518 3145 2640 3200 illos
2675 3160 2782 3202 non
2813 3159 2958 3203 amet
2990 3151 3080 3218 qui
3111 3152 3296 3206 carnis
3325 3152 3426 3208 ob-

1849 3244 2152 3303 temperant
2197 3235 2489 3304 voluntati,
2539 3238 2820 3293 declarat:
2876 3238 2999 3295 Non
3047 3257 3143 3310 pro
3184 3243 3424 3310 mundo,

1849 3323 2138 3393 inquiens,
2169 3342 2328 3396 rogo,
2362 3329 2452 3380 sed
2482 3344 2577 3397 pro
2613 3329 2678 3382 iis
2707 3346 2836 3400 quos
2867 3331 3061 3385 dedisti
3091 3331 3248 3400 mihi,
3295 3336 3422 3404 quia

1848 3415 1925 3468 tui
1949 3424 2069 3468 sunt
2103 3415 2147 3446 ‘°
2176 3433 2189 3468 :
2237 3425 2288 3469 et
2327 3430 2426 3484 ego
2457 3416 2592 3486 elegi
2623 3432 2718 3473 eos
2749 3419 2814 3474 de
2846 3421 3047 3474 mundo
3071 3421 3157 3475 “z
3189 3424 3424 3480 mundus

1848 3506 1990 3558 enim
2021 3521 2139 3573 qua:
2173 3521 2268 3559 sua
2301 3517 2426 3560 sunt
2457 3505 2654 3576 diligit.
2714 3507 2894 3575 Pater,
2921 3527 3067 3565 serra
3099 3512 3218 3568 illos
3248 3532 3279 3568 ιι
3310 3531 3426 3570 ma-

1849 3595 1928 3658 lo,
1961 3598 2082 3664 quia
2113 3612 2213 3650 non
2241 3607 2359 3650 sunt
2390 3601 2452 3650 de
2481 3598 2674 3652 mundo
2694 3600 2760 3654 ".
2790 3600 3144 3670 Exploremus
3183 3615 3425 3666 nosmet-

1856 3684 2023 3751 ipsos,
2078 3683 2309 3750 fratres,
2368 3698 2549 3741 utrum
2600 3689 2772 3745 simus
2815 3691 2882 3765 de
2936 3693 3175 3758 mundo,
3229 3709 3422 3752 necne.

1851 3776 2004 3842 Quod
2033 3778 2076 3830 si
2112 3793 2216 3831 non
2255 3793 2441 3834 sumus
2475 3794 2506 3834 e
2537 3783 2770 3851 mundo,
2827 3797 2924 3840 nos
2967 3799 2998 3838 a
3057 3787 3200 3843 malo
3248 3802 3429 3844 servao

1851 3868 1946 3922 bit.
1982 3868 2073 3922 Sic
2103 3869 2245 3922 enim
2301 3870 2417 3925 ait:
2464 3869 2586 3925 Non
2627 3888 2722 3940 pro
2775 3875 2840 3928 iis
2886 3886 3087 3931 tantum
3131 3895 3286 3949 rogo,
3337 3881 3429 3936 sed

1851 3967 1896 4010 et
1925 3974 2020 4026 pro
2054 3957 2161 4012 illis
2213 3961 2302 4028 qui
2349 3977 2439 4029 per
2480 3979 2766 4019 sermonem
2816 3967 3048 4034 ipsorum
3094 3971 3149 4025 in
3190 3989 3270 4027 me
3313 3988 3434 4028 orsa

1852 4051 2008 4113 dent,
2044 4061 2098 4104 ut
2134 4067 2309 4106 omnes
2340 4069 2502 4107 unum
2530 4055 2668 4122 sint,
2719 4059 2850 4111 sicut
2892 4069 2940 4112 et
2987 4076 3080 4122 nos
3127 4078 3291 4116 unum
3337 4081 3431 4120 stt-

1852 4157 1967 4195 mus
1996 4143 2038 4173 τί
2070 4161 2084 4210 ;
2118 4153 2172 4196 et
2207 4159 2418 4202 rursum
2449 4163 2462 4198 :
2499 4143 2564 4199 Ut
2611 4147 2700 4200 ubi
2749 4165 2843 4218 ego
2887 4166 3035 4215 sum,
3077 4150 3186 4206 illic
3235 4155 3341 4208 sint
3379 4161 3430 4210 et

1854 4236 1951 4303 ipsi
1985 4252 2182 4290 mecum
2208 4238 2273 4289 ⁷³.

1928 4327 2037 4380 VII.
2072 4327 2446 4392 Considerate,
2482 4328 2812 4396 citatissimi,
2845 4342 3043 4401 quanta
3096 4349 3196 4390 nos
3239 4336 3331 4407 qui
3377 4337 3435 4393 in

178 4436 441 4505 diligere;
501 4432 620 4486 ideo
672 4429 890 4498 scripsit
937 4427 1002 4481 ad
1055 4424 1392 4480 Timetheum
1431 4421 1749 4490 discipulum
1787 4423 1828 4475 D
1858 4419 1960 4473 hoc
2005 4419 2202 4473 mundo
2247 4429 2552 4484 certamus,
2599 4432 2654 4476 et
2699 4423 2882 4477 carnis
2935 4424 3263 4480 voluntatem
3311 4429 3432 4484 odi-

177 4543 340 4584 suutu
369 4543 379 4578 :
417 4523 583 4576 Nemo
611 4523 842 4574 militans
870 4521 986 4574 vita:
1021 4519 1239 4588 negotiis
1270 4515 1592 4582 implicatur,
1619 4524 1673 4566 ut
1705 4514 1752 4566 ei

178 4620 385 4685 placeat
415 4632 445 4666 a
472 4628 572 4682 quo
601 4612 746 4664 mites
773 4611 966 4663 electus
988 4621 1085 4664 est.
1113 4606 1294 4677 Neque
1316 4606 1459 4676 pugil
1481 4606 1754 4676 quisquam

182 4717 495 4770 coronatur,
533 4705 633 4758 nisi
669 4703 895 4773 legitime
927 4702 1197 4756 certaverit
1233 4701 1295 4754 ⁵⁸.
1333 4699 1398 4753 Et
1431 4698 1757 4753 cotlﬁrntatts

183 4817 347 4864 cum,
385 4816 453 4854 ne
490 4799 701 4852 labores
738 4809 864 4849 suos
903 4795 1148 4849 crederet
1181 4793 1365 4848 inanes
1401 4792 1548 4855 fore,
1586 4789 1758 4844 Laba-

186 4903 390 4946 rantem
409 4931 422 4953 ,
452 4889 654 4957 inquit,
679 4887 966 4955 agricolam
999 4893 1195 4952 oportet
1227 4883 1452 4951 primum
1481 4887 1542 4934 de
1566 4880 1756 4948 fructi.

187 4968 543 5048 bus‘accipere
571 4979 636 5030 ⁸⁵.
675 4979 739 5030 Et
766 4977 830 5028 ad
865 4973 1170 5028 Corinthios
1201 4972 1480 5026 scribens:
1513 4971 1617 5036 Qui
1649 4971 1759 5034 sine

187 5087 354 5124 uxore
401 5083 513 5132 est,
545 5069 746 5136 inquit,
780 5065 1034 5118 sollicitus
1072 5073 1147 5116 est
1178 5077 1293 5132 qua:
1345 5060 1553 5114 Domini
1599 5069 1758 5122 sunt,

185 5163 447 5234 quomodo
472 5161 672 5227 placeat
702 5158 808 5210 Duo
832 5173 849 5220 ;
872 5157 960 5224 qui
992 5169 1162 5208 autem
1186 5171 1297 5205 cum
1327 5169 1486 5206 uxore
1511 5163 1619 5218 est,
1647 5168 1762 5221 qua:

188 5266 312 5309 sunt
340 5255 516 5305 mundi
536 5291 548 5315 ,
577 5251 834 5318 quomodo
864 5249 1065 5316 placeat
1096 5248 1269 5312 uxori,
1302 5256 1350 5299 et
1374 5247 1570 5298 divisus
1598 5257 1670 5298 est
1690 5245 1758 5295 °°.

261 5392 310 5422 ⁸⁸
349 5387 503 5442 Joan.
539 5403 649 5447 xu,
702 5385 804 5447 24,
835 5385 927 5438 25.
1040 5387 1082 5416 ⁵³
1127 5385 1254 5436 iliid.
1288 5382 1378 5436 26.

192 5465 238 5496 ss
281 5459 412 5513 Luc.
451 5475 558 5523 xlv,
596 5458 660 5511 17
696 5474 815 5524 sqq.
891 5455 937 5487 ⁵⁸
979 5457 1107 5508 ibid.
1143 5455 1232 5507 26.

198 5547 305 5592 vlt,
340 5529 442 5591 52,
473 5528 562 5581 3'5.
639 5529 682 5558 “
726 5527 915 5580 Matth.
946 5541 1072 5590 xxv,
1108 5524 1195 5576 50.

196 5616 322 5660 Iuv,
360 5599 445 5650 ll.
525 5599 568 5629 “
606 5597 761 5651 ιΙοιιιι.
800 5612 887 5658 xv,
923 5596 976 5658 5,
1001 5598 1053 5647 ti.

193 5669 238 5702 "
293 5671 419 5724 ibid.
456 5667 546 5730 20,
584 5667 673 5726 2|.
749 5668 793 5697 τ’
831 5667 959 5719 ibid.
999 5665 1090 5719 24.

395 5765 663 5826 ΡΑΤιιοι.
712 5764 825 5823 GR.
869 5763 989 5827 XL.

1274 5523 1316 5555 "
1357 5523 1524 5577 lCor.
1559 5538 1648 5586 xv,
1677 5523 1763 5576 δυ.

1170 5665 1252 5717 ⁷³1
1285 5661 1439 5720 Joau.
1488 5677 1545 5719 Ill
1620 5662 1673 5715 2.

1489 5384 1535 5415 δ’
1573 5381 1759 5439 Matth.
1797 5399 1926 5448 nx,
1973 5381 2167 5439 27-29.

1310 5454 1351 5485 "
1397 5453 1587 5506 Matth.
1621 5468 1731 5506 XXII
1757 5494 1772 5514 ,
1806 5453 1902 5515 ll,
1952 5455 2038 5508 15.
2114 5455 2160 5484 ⁵⁸
2200 5453 2237 5507 Il
2272 5453 2412 5506 Tim.

1310 5527 1316 5555 '
1357 5523 1524 5577 lCor.
1559 5538 1648 5578 xv.
1677 5523 1763 5576 δυ.
1841 5524 1886 5554 ⁸³
1925 5524 2104 5578 Galat.
2136 5539 2188 5578 v.
2221 5522 2310 5578 22.
2342 5522 2412 5575 25

1130 5560 1195 5576 νυ.
1357 5560 1375 5577 .
1404 5560 1524 5577 νυ..
1559 5560 1616 5574 ι..
1677 5560 1763 5576 sv.
1927 5560 2104 5578 υ.......
2143 5560 2159 5575 .
2225 5560 2291 5577 ι...
2344 5560 2433 5575 ..ιη

1130 5595 1173 5625 ⁸⁷
1207 5593 1333 5651 ibid.
1382 5593 1436 5646 2.
1507 5593 1550 5625 ⁸⁸
1592 5562 1744 5646 Διῖιιιι.
1795 5609 1922 5656 xvtt,
1971 5594 2024 5648 9.
2133 5565 2357 5648 δ”]οίιῖι.
2401 5609 2428 5645 x

1170 5665 1252 5717 ⁷³1
1285 5661 1439 5718 Joau.
1488 5677 1545 5718 Ill
1620 5662 1673 5715 2.
1754 5661 2027 5718 "litum.
2085 5681 2152 5718 ιι.
2187 5665 2238 5718 3.
2319 5662 2408 5716 "l

1908 5680 2027 5717 nan.
2085 5681 2118 5719 ll
2141 5707 2152 5730 ,
2187 5680 2238 5718 ο.

1865 4523 2004 4576 mus,
2043 4508 2278 4564 charitas
2305 4509 2691 4578 amplectatur,
2725 4513 2992 4580 siquidem
3029 4521 3304 4586 regnaturi
3337 4538 3435 4576 su-

1865 4617 1986 4657 mus
2019 4617 2138 4656 cum
2174 4601 2287 4669 ipso
2316 4604 2367 4656 in
2397 4602 2602 4658 infinita
2638 4605 2854 4659 saecula.
2883 4607 3266 4679 Contemplans
3289 4614 3433 4670 enim

1867 4706 2116 4763 magnam
2147 4691 2292 4744 illam
2323 4689 2548 4760 gloriam
2585 4690 2822 4747 Joannes
2857 4697 3130 4764 apostolus
3158 4715 3173 4753 :
3205 4700 3433 4770 Scimus,

1868 4786 2060 4855 inquit,
2094 4787 2217 4856 quia
2257 4801 2373 4838 cum
2408 4787 2732 4853 apparuerit,
2773 4789 2966 4843 similes
3003 4793 3050 4844 ei
3079 4796 3272 4852 erimus
3289 4797 3356 4862 ⁷⁸,
3388 4800 3436 4854 si

1867 4877 2263 4932 servaverimus
2299 4879 2549 4930 mandata
2580 4880 2698 4945 ejus
2723 4888 2777 4932 et
2821 4894 2888 4934 ea
2922 4895 3042 4949 qua:
3073 4893 3201 4938 sunt
3237 4886 3435 4954 placita

1867 4969 1920 5022 iu
1971 4978 2265 5036 conspectu
2326 4967 2444 5037 ejus
2485 4965 2870 5037 fecerimus“;
2920 4981 2976 5028 et
3016 4974 3156 5030 idem
3205 4992 3436 5034 rursus:

1870 5058 2048 5112 Nolite
2101 5060 2307 5124 mirari,
2349 5059 2664 5122 charissimi,
2698 5063 2742 5114 si
2779 5065 3005 5120 mundus
3043 5083 3128 5121 uos
3159 5069 3290 5123 odit.
3326 5068 3440 5123 Nos

1868 5153 2086 5214 scimus,
2131 5151 2253 5218 quia
2308 5152 2554 5204 translati
2601 5169 2780 5206 sumus
2819 5156 2883 5208 de
2933 5169 3096 5211 morte
3134 5160 3204 5210 ad
3253 5161 3436 5226 vitam,

1869 5244 2117 5314 quoniam
2152 5243 2415 5312 diligimus
2453 5243 2733 5311 fratres";
2769 5255 2821 5299 et
2848 5262 3096 5303 rursum:
3126 5247 3308 5303 Omnis
3349 5253 3438 5319 qui

2114 5382 2167 5439 9.
2278 5383 2324 5415 ³³
2363 5382 2552 5436 Matth.
2598 5399 2725 5445 vm,
2759 5383 2850 5438 2|.
2963 5384 3009 5416 “
3051 5384 3180 5440 Luc.
3224 5402 3308 5445 Ix.
3346 5385 3434 5439 62.

2114 5455 2160 5484 88
2200 5452 2236 5488 II
2272 5453 2388 5488 Tim
2446 5469 2481 5488 ιι
2555 5452 2585 5488 Α
2673 5453 2703 5488 κ
2800 5454 2845 5486 Ι)
2885 5454 2990 5488 ἰΙιῖιι
3044 5456 3076 5488 ιξ
3172 5457 3217 5488 so
3259 5455 3273 5488 Ι
3309 5457 3416 5488 ΓΛ..

2200 5452 2237 5507 ΙΙ
2272 5453 2412 5506 Tim.
2446 5469 2481 5507 tt
2506 5492 2519 5513 .
2552 5452 2618 5516 4.
2671 5453 2725 5508 5.
2800 5454 2845 5486 "
2885 5454 3012 5509 ibid.
3043 5456 3096 5508 6.
3172 5457 3217 5488 ‘°
3258 5455 3273 5510 I
3309 5457 3435 5511 (lor.

2221 5522 2310 5588 22,
2342 5522 2433 5575 25.
2512 5523 2556 5554 ⁸⁸
2588 5523 2714 5577 Luc.
2747 5539 2866 5584 xm,
2893 5524 2982 5589 2t,
3010 5524 3098 5578 25.
3181 5527 3226 5558 ⁸⁸
3247 5527 3439 5585 Matth.

2133 5595 2176 5624 δ’
2203 5593 2357 5648 Joan.
2401 5609 2487 5652 xv,
2531 5592 2618 5646 19.
2733 5593 2776 5624 ⁷⁰
2817 5591 2972 5652 Joau.
3025 5610 3090 5652 ιι.
3123 5612 3160 5658 ι.
3201 5595 3290 5653 .15.
3353 5594 3440 5654 16.

2319 5662 2362 5693 ⁷⁸
2395 5665 2408 5716 l
2441 5661 2596 5715 Joau.
2634 5663 2825 5726 "1,15.
2867 5664 2950 5717 14.

3089 5759 3154 5828 37
