3884 6278
457 292 599 349 “63

1588 285 1858 341 PATBES
1897 285 2195 342 .EGYPTII
2239 284 2508 344 SrECULI
2546 289 2635 344 IV.

3588 282 3713 344 ita

459 425 562 464 non
598 405 728 477 facit
754 404 1040 474 justitiam,
1076 419 1175 456 non
1219 412 1290 455 est
1345 419 1408 454 ex
1447 402 1574 468 Deo,
1615 414 1660 456 et
1694 404 1784 473 qni
1817 421 1916 456 non
1949 404 2031 457 di-
2064 411 2106 465 Λ
2137 407 2336 473 gnatio,
2368 416 2414 459 et
2452 405 2670 471 clamor,
2700 414 2746 458 et
2783 403 3099 473 blasphemia
3136 402 3408 455 toll..tnra
3433 401 3584 454 vobis
3607 419 3712 456 run

458 501 575 573 figit
604 500 819 569 fratrem
851 495 1084 558 suum";
1112 504 1166 548 et
1194 509 1402 548 rursum
1429 513 1440 550 :
1465 495 1566 561 Qui
1599 497 1724 564 facit
1745 497 2030 564 justitiam,

459 609 525 648 ex
566 593 674 646 Deo
702 601 858 644 natus
901 601 975 644 est
993 589 1068 653 ⁷⁷;
1123 587 1225 654 Qui
1263 600 1432 640 autent
1478 599 1744 655 peccatum
1781 589 1932 656 facit,
1972 606 2036 642 ex

459 683 669 737 diabolo
693 691 768 736 est
785 681 863 748 7';
896 691 949 734 ct
978 695 1189 734 rursum
1212 697 1224 732 :
1261 679 1364 744 Qui
1389 695 1452 734 ex
1474 679 1582 732 Deo
1614 691 1766 733 natas
1795 689 1893 744 est,
1919 697 2037 746 pec-

460 785 632 829 catum
662 789 764 826 non
812 772 966 841 facit,
1022 771 1143 842 quia
1187 787 1359 825 senten
1399 771 1512 838 ejus
1541 770 1596 822 in
1648 770 1757 838 ipso
1791 781 1963 823 manet
1989 783 2034 823 et

460 879 564 916 non
591 872 756 930 potest
787 876 1020 930 peccare,
1050 860 1299 930 quoniam
1330 875 1394 912 ex
1432 857 1538 912 Deo
1570 869 1723 912 natus
1751 859 1910 912 est".
1946 858 2037 914 llis

461 953 789 1008 testimoniis
832 951 1137 1006 conﬁrmati
1186 951 1252 1004 ad
1287 949 1378 1004 Dei
1418 950 1802 1019 benignitatem
1848 950 2037 1004 confu-

459 1046 690 1112 giamus,
728 1053 786 1098 ut
816 1043 1138 1098 misereatur
1168 1042 1359 1108 nostri,
1399 1041 1649 1110 viresque
1685 1041 1886 1095 tribuat
1917 1042 2037 1110 qui-

457 1137 562 1192 bus
601 1135 783 1192 tnuudi
819 1135 974 1190 istius
1011 1132 1276 1188 immundi
1310 1133 1498 1202 jugum
1535 1133 1897 1188 excutiamus.
1933 1131 2038 1186 Ne-

457 1242 565 1297 que
622 1226 766 1280 enim
836 1226 1090 1280 inimicus
1150 1233 1340 1279 noster
1400 1238 1637 1294 unquam
1691 1231 1872 1278 cessat
1921 1223 2038 1277 vias

457 1332 650 1373 omnes
699 1317 971 1386 persequi,
1019 1316 1216 1385 quibus
1251 1315 1461 1369 animas
1508 1322 1721 1369 nostras
1766 1316 2038 1384 depraeda-

460 1417 573 1462 tnr.
609 1407 810 1462 Verum
850 1407 1109 1462 Dominus
1141 1417 1323 1461 noster
1355 1405 1512 1461 Jesus
1559 1405 1811 1461 Christus
1847 1406 2032 1460 nobis-

459 1515 582 1554 cum
624 1508 726 1555 est.
761 1498 892 1569 Ejus
918 1501 1079 1553 verba
1131 1499 1284 1553 nobis
1316 1498 1671 1568 opitulantur.
1696 1497 1898 1555 llorum
1929 1497 2040 1552 vir-

458 1599 595 1655 tute,
648 1590 692 1644 si
751 1604 813 1644 ea
871 1590 1290 1656 servaverimus,
1339 1590 1620 1644 inimicum
1667 1601 2033 1644 conteremus.

459 1682 677 1752 Alioqui
707 1681 831 1752 quis
878 1683 926 1736 ei
978 1683 1234 1737 resistere
1269 1683 1483 1737 valeat?
1523 1681 1716 1738 Petrus
1761 1681 2037 1752 apostolus

458 1776 664 1830 docens
711 1775 986 1829 hominem
1022 1776 1278 1845 operibus
1318 1775 1547 1838 servari,
1586 1773 1911 1839 Ministrate,
1952 1776 2038 1830 in-

460 1867 601 1936 quit,
635 1867 692 1921 in
723 1867 828 1934 ﬁde
861 1877 1030 1921 vestra
1059 1869 1321 1935 virtutem,
1368 1869 1421 1921 in
1453 1869 1644 1922 virtute
1672 1880 1847 1922 autem
1875 1872 2040 1924 scien-

459 1961 612 2024 tiam,
643 1960 696 2014 in
726 1959 943 2013 scientia
983 1969 1159 2013 autem
1209 1961 1604 2025 abstinentiam,
1637 1960 1690 2017 in
1724 1961 2041 2016 abstinentia

462 2059 643 2105 autem
680 2050 1015 2121 patientiam,
1061 2051 1115 2102 in
1165 2051 1416 2114 patientia
1456 2059 1630 2103 autent
1673 2050 1940 2117 pietatem,
1987 2051 2040 2103 iu

457 2143 652 2212 pietate
679 2150 853 2194 autem
899 2155 1129 2193 amorem
1172 2139 1542 2208 fraternitatis,
1571 2141 1624 2193 in
1659 2155 1837 2192 amore
1868 2151 2040 2192 autent

464 2233 813 2303 fraternitatis
845 2230 1174 2285 charitatem.
1207 2229 1336 2284 Ilazc
1365 2231 1508 2284 enim
1540 2231 1586 2284 si
1613 2231 1754 2296 vobis
1786 2231 1961 2283 adsint
1993 2241 2039 2282 et

461 2335 726 2394 superent,
761 2340 864 2377 non
899 2339 1090 2377 vacuos
1117 2339 1208 2375 nec
1242 2325 1352 2376 sine
1391 2324 1565 2391 fructu
1612 2339 1697 2376 vos
1727 2322 2040 2374 constituent

463 2417 521 2470 its
565 2415 778 2471 Domini
828 2413 997 2466 nostri
1039 2411 1167 2464 Jcsu
1196 2411 1390 2465 Christi
1432 2413 1746 2482 cognitione.
1779 2413 1877 2465 Cui
1903 2413 2042 2464 enint

463 2521 570 2560 non
617 2513 808 2572 prwsto
853 2513 972 2556 sunt
1025 2504 1158 2570 Itwr,
1206 2517 1374 2555 circus
1422 2512 1496 2555 est
1531 2513 1578 2556 et
1612 2519 1768 2555 manu
1813 2512 2038 2566 tetttans,

464 2595 770 2649 oblivionem
809 2594 1069 2658 accipiens
1115 2602 1346 2647 veterum
1378 2609 1590 2646 suorum
1621 2604 1950 2663 peccatorum
1972 2595 2039 2646 8°.

463 2682 532 2738 Et
555 2681 794 2737 Joannes
822 2682 1062 2752 Baptista
1098 2699 1112 2734 :
1148 2681 1354 2746 Facite,
1386 2684 1582 2751 inquit,
1615 2685 1819 2752 fructus
1858 2685 2041 2753 dignos

463 2772 806 2842 ptenitentiw.
835 2769 960 2824 lam
991 2780 1038 2823 et
1072 2773 1270 2824 securis
1312 2773 1380 2824 ad
1415 2774 1643 2826 radicem
1676 2774 1918 2827 arborum
1949 2791 2043 2842 po-

465 2865 570 2917 sita
603 2871 702 2917 est.
737 2860 920 2916 Omnis
952 2862 1119 2930 igitur
1149 2862 1307 2914 arbor
1340 2879 1439 2916 non
1470 2862 1665 2930 faciens
1692 2862 1921 2932 fructum
1954 2868 2043 2916 bo-

465 2971 612 3022 num,
649 2955 998 3018 exscinditur,
1029 2966 1076 3006 et
1109 2955 1164 3007 in
1192 2955 1359 3023 ignem
1395 2955 1621 3008 mittitur
1643 2954 1709 3008 “.
1750 2960 1814 3008 Et
1858 2956 2044 3010 Domi-

2139 499 2277 550 omni
2304 497 2506 550 malitia
2525 497 2592 550 ⁸³.
2636 496 2952 562 Imitatores,
2987 496 3183 564 inquit,
3215 495 3313 546 mei
3356 503 3554 556 estote,
3590 503 3714 546 sicut

2137 599 2182 642 et
2207 605 2299 657 ego
2321 587 2598 641 Christi".
2631 587 2938 658 Quicunque
2967 587 3104 639 enim
3153 588 3203 638 in
3234 586 3508 639 Christum
3546 585 3715 654 bapti-

2139 679 2243 730 ιιιιὶ
2275 680 2417 742 estis,
2442 676 2706 730 Christum
2739 676 2982 730 induistis
3001 676 3067 727 ’°.

2211 768 2344 822 VIII.
2383 769 2737 838 Exploremus
2767 784 2864 822 nos
2897 767 3060 836 ipsos,
3090 766 3304 830 fratres,
3335 773 3521 820 utrum
3560 763 3718 820 Chri-

2139 870 2279 914 stum
2345 860 2787 924 induerimus,an
2810 875 2934 914 non.
2969 859 3293 926 Agnoscitur
3327 858 3592 912 Christus
3624 870 3715 926 per

2139 953 2477 1017 castitatem;
2523 960 2704 1005 castus
2747 960 2833 1005 est
2864 951 3031 1016 enim,
3067 959 3122 1004 et
3167 950 3217 1002 in
3268 949 3441 1002 castis
3489 948 3718 1000 habitat.

2139 1044 2420 1110 Quomodo
2455 1044 2620 1114 igitur
2650 1043 2784 1098 casti
2821 1043 2950 1108 sint,
2985 1043 3086 1097 nisi
3130 1041 3381 1096 desinant
3411 1053 3475 1094 ea
3517 1037 3718 1101 ﬂagitia

2140 1136 2317 1190 facere
2349 1150 2468 1206 qum
2499 1135 2811 1190 faciebant?
2843 1129 2916 1188 Esi
2947 1133 3092 1188 enim
3129 1142 3211 1186 est
3245 1133 3335 1186 Dei
3379 1129 3721 1200 benignitas,

2140 1235 2198 1279 nt
2229 1242 2546 1296 quacunque
2583 1228 2713 1280 hora
2747 1241 2807 1280 se
2839 1224 3173 1279 converterit
3207 1223 3369 1277 homo
3413 1237 3442 1274 a
3479 1221 3721 1289 peccatis

2140 1321 2273 1385 suis,
2322 1319 2580 1388 suscipiat
2631 1331 2754 1372 eum
2804 1332 2924 1370 cum
2980 1317 3195 1387 gaudio.
3231 1324 3282 1369 et
3316 1323 3568 1367 veterum
3608 1311 3722 1379 ejus

2141 1420 2484 1480 peccatorum
2504 1408 2870 1471 obliviscatur,
2892 1407 3033 1460 sicut
3058 1406 3111 1459 in
3140 1404 3431 1474 Evangelio
3449 1403 3722 1471 scriptum

2141 1510 2226 1556 est
2256 1501 2322 1555 de
2369 1500 2480 1554 ﬁlio
2511 1499 2726 1568 juniore
2745 1499 2814 1563 ἰ,
2849 1497 2937 1567 qui
2969 1495 3302 1550 hmreditatis
3344 1508 3456 1548 sua:
3505 1504 3722 1562 partem

2142 1593 2396 1662 prodigus
2435 1592 2774 1662 dilapidet-at,
2808 1599 2861 1644 et
2907 1589 2975 1642 ad
3027 1595 3328 1643 extremum
3360 1600 3427 1639 eo
3457 1585 3716 1638 redactus

2144 1693 2248 1748 CSI,
2283 1694 2340 1737 ιιι
2376 1697 2572 1752 μοι-(ξοδ
2606 1689 2873 1752 pasceret,
2907 1689 2961 1736 ει
2995 1677 3228 1734 saturari
3263 1684 3485 1744 cuperet
3521 1687 3722 1745 porco-

2143 1791 2262 1829 rum
2304 1775 2446 1830 cibo.
2501 1776 2745 1842 Denique
2799 1773 3124 1842 resipiscens
3170 1769 3454 1836 intellexit,
3511 1768 3720 1822 nullam

2142 1868 2371 1922 inveniri
2401 1877 2746 1936 peccatorum
2783 1867 3111 1922 satietatem.
3132 1864 3346 1931 Quanto
3369 1863 3518 1918 enim
3549 1864 3726 1930 magis

2141 1973 2204 2013 ea
2252 1960 2661 2022 committimus,
2697 1967 2848 2012 tanto
2895 1956 3088 2025 majori
3129 1968 3317 2011 eorum
3367 1955 3725 2008 accendimur

2143 2050 2454 2120 cupiditate.
2506 2050 2638 2105 Cum
2696 2050 2859 2119 igitur
2905 2048 3241 2118 poenitentiae
3290 2045 3548 2100 stimulus
3597 2058 3720 2100 eum

2142 2143 2425 2211 attigisset,
2461 2157 2574 2196 rem
2607 2156 2709 2195 non
2756 2141 2981 2204 distulit,
3025 2139 3121 2194 sed
3159 2138 3344 2193 statim
3393 2136 3591 2192 carnis
3625 2147 3720 2186 vu-

2143 2233 2404 2288 luntatem
2437 2231 2712 2299 abjiciens,
2745 2233 2811 2284 ad
2848 2241 3052 2300 patrem
3086 2244 3242 2284 suum
3271 2229 3434 2283 rediit
3459 2243 3591 2282 cum
3622 2228 3726 2282 bu-

2145 2322 2392 2377 militate.
2430 2323 2606 2377 Patris
2634 2324 2776 2376 enim
2813 2321 3181 2376 misericordia
3229 2320 3488 2385 conlisus,
3526 2335 3726 2391 spera-

2147 2413 2224 2467 vit
2256 2429 2378 2468 eum
2412 2414 2511 2468 sibi
2559 2425 2776 2483 peccata
2821 2429 2941 2482 qua:
2975 2413 3344 2478 commiserat,
3379 2428 3488 2468 non
3517 2428 3725 2482 expro-

2144 2507 2446 2563 braturum.
2483 2506 2842 2572 Quamobrem
2874 2516 2928 2560 et
2955 2515 3107 2574 pater
3147 2504 3261 2572 ejus
3289 2503 3589 2558 confestim
3610 2505 3729 2572 jus-

2143 2600 2234 2663 sit,
2275 2599 2351 2652 illi
2382 2599 2685 2652 sanctitatis
2730 2597 2920 2652 stolam
2966 2597 3104 2663 dari,
3140 2608 3195 2651 et
3241 2597 3462 2650 arrbam
3507 2597 3728 2665 paterni

2145 2690 2369 2744 amoris.
2411 2690 2524 2744 iloc
2568 2691 2813 2758 exemplo
2865 2703 2960 2742 nos
3009 2690 3193 2742 docuit
3226 2687 3489 2742 Dominus
3546 2699 3730 2742 noster

2143 2779 2298 2835 Jcsus
2346 2781 2616 2845 Christus,
2671 2791 2727 2833 nt
2775 2781 2820 2834 si
2867 2780 3113 2832 volumus
3166 2778 3232 2832 ad
3277 2778 3458 2845 ipsum
3503 2781 3729 2840 reverti,

2148 2873 2294 2941 prius
2326 2889 2611 2942 porcorum
2645 2874 2824 2927 cibqu
2859 2873 3248 2941 relinquamus,
3274 2882 3332 2927 et
3375 2883 3508 2926 tunc
3543 2875 3722 2926 susci-

2149 2963 2262 3032 piet
2297 2977 2412 3018 nos.
2438 2962 2564 3018 lizec
2607 2965 2761 3030 dixit,
2797 2980 2862 3019 ne
2898 2965 3139 3017 animum
3192 2964 3602 3033 despondentes
3635 2965 3730 3016 du-

464 3061 610 3103 nus:
645 3045 728 3100 Ex
759 3046 958 3117 fructu,
1008 3045 1202 3115 inquit,
1249 3047 1406 3100 arbor
1449 3048 1856 3117 cognoscitur“.
1885 3045 2042 3101 Nun-
2073 3072 2115 3128 ο
2154 3056 2407 3121 bitemus,
2447 3067 2628 3109 utrum
2679 3071 2777 3110 nos
2811 3056 2880 3110 sit
2912 3057 3287 3110 exauditurns.
3327 3052 3730 3108 Convertsmus

465 3139 593 3210 quid
622 3138 878 3207 colligunt
905 3153 934 3190 e
958 3138 1124 3205 spinis
1158 3154 1333 3201 uvam,
1379 3149 1468 3191 aut
1516 3155 1543 3192 e
1567 3140 1778 3192 tribulis
1803 3140 1934 3206 ﬁcus
1951 3141 2044 3194 ⁸³2

466 3231 536 3284 Ει
565 3244 780 3284 rursum
814 3247 829 3283 :
860 3225 984 3281 Non
1012 3229 1180 3282 omnis
1215 3230 1304 3297 qui
1333 3230 1459 3282 dicit
1487 3231 1635 3296 mihi,
1671 3231 1908 3294 Domine,
1937 3231 2044 3284 Do-

465 3322 628 3387 mitte,
658 3322 880 3375 intrabit
905 3321 960 3372 in
985 3337 1197 3390 regnum
1231 3321 1520 3387 crelorum;
1555 3323 1641 3374 sed
1674 3323 1762 3391 qui
1795 3323 1921 3390 facit
1959 3339 2047 3375 v0-

465 3414 720 3467 luntatem
751 3411 932 3466 Patris
980 3413 1083 3467 mei
1114 3414 1201 3482 qui
1249 3415 1303 3466 in
1333 3413 1476 3466 ca'lis
1503 3423 1577 3466 est
1600 3412 1666 3479 “;
1700 3423 1754 3467 et
1781 3414 2044 3468 Jacobus:

468 3502 656 3570 Fides,
693 3504 886 3572 inquit,
921 3505 1034 3558 sine
1058 3505 1296 3572 operibus
1329 3516 1534 3557 mortua
1560 3516 1656 3558 est.
1685 3503 1754 3558 Et
1785 3505 2048 3558 dtentonia

468 3597 708 3662 credunt,
753 3610 800 3650 et
851 3595 1280 3651 contremiscunt.
1325 3594 1476 3650 Sicut
1522 3597 1659 3650 enim
1711 3611 1896 3664 corpus
1935 3597 2048 3651 sine

466 3677 658 3756 spiritu
688 3697 950 3741 mortuum
977 3695 1077 3751 est,
1103 3688 1178 3741 sic
1203 3697 1248 3741 et
1279 3686 1408 3756 ﬁdes
1435 3689 1546 3740 sine
1573 3687 1811 3756 operibus
1841 3698 2049 3741 mortua

471 3787 547 3832 est
584 3778 652 3832 ⁸⁸.
703 3777 994 3847 Apostolus
1043 3779 1173 3832 item
1226 3777 1500 3832 aﬂirmans
1551 3779 1677 3832 ﬁliis
1723 3781 1857 3839 suis.
1889 3778 2046 3832 Iidem

471 3870 728 3940 operibus
779 3870 1056 3940 indigere,
1099 3870 1180 3924 sic
1224 3870 1305 3924 eis
1357 3870 1708 3925 vehementer
1753 3872 2043 3942 praecipit.-

472 3959 807 4026 Fornicatio,
859 3969 909 4015 et
956 3961 1126 4014 omnis
1159 3960 1522 4023 immunditia,
1569 3970 1658 4014 aut
1690 3963 1917 4015 avaritia
1959 3979 2045 4015 nec

472 4053 774 4107 nominetur
803 4053 858 4106 in
888 4052 1053 4119 vobis,
1084 4053 1218 4106 sicut
1249 4053 1391 4107 decet
1422 4063 1652 4119 sanctos,
1689 4063 1782 4106 aut
1816 4056 2046 4121 turpitu-

471 4144 561 4209 do,
586 4156 678 4198 aut
702 4144 1110 4214 stultiloquium,
1134 4153 1225 4198 aut
1251 4145 1551 4198 scurrilitas
1570 4161 1687 4214 qua:
1714 4147 1783 4200 ad
1812 4162 1919 4199 rem
1949 4161 2052 4200 non

469 4238 691 4307 pertinet
722 4252 742 4292 :
773 4237 863 4291 sed
910 4235 1078 4306 magis
1103 4235 1398 4306 gratiarum
1429 4237 1588 4290 actio.
1620 4235 1737 4291 Hoc
1765 4238 1904 4293 enim
1942 4240 2050 4292 sci-

471 4337 578 4383 tote
606 4328 976 4398 inteltigentes,
1003 4328 1142 4399 quod
1173 4329 1342 4382 omnis
1370 4328 1684 4398 fornicator,
1707 4341 1799 4385 aut
1831 4330 2052 4383 immun-

2153 3147 2316 3216 igitnr
2342 3161 2438 3201 nos
2470 3147 2522 3201 in
2551 3157 2662 3202 toto
2688 3150 2869 3214 corde,
2899 3163 2996 3202 nec
3029 3147 3302 3218 peccando
3335 3145 3726 3214 defatigemus,

2149 3247 2203 3290 et
2232 3237 2484 3291 celeriter
2537 3252 2632 3291 nos
2671 3239 2905 3302 exaudit,
2945 3239 3060 3306 ipse
3102 3239 3244 3291 enim
3290 3238 3407 3292 ait:
3439 3236 3640 3306 Petite,
3684 3250 3728 3291 et

2149 3325 2712 3393 accipietis;qua'rile,
2755 3335 2802 3378 et
2836 3326 3140 3390 invenietis;
3175 3324 3404 3392 pulsate,
3439 3337 3488 3379 et
3526 3328 3729 3393 aperie-

2153 3429 2240 3470 tur
2266 3419 2404 3472 t'obis
2419 3420 2486 3470 θ’.
2531 3417 2589 3471 Si
2615 3418 2779 3487 igitur
2811 3427 2991 3486 petere
3024 3432 3086 3470 ac
3116 3432 3362 3486 quaerere
3390 3428 3488 3470 aut
3518 3419 3734 3485 puISam

2136 3508 2416 3572 .volumus,
2443 3508 2717 3563 discamus
2745 3511 2870 3579 quid
2903 3509 2971 3562 ab
3019 3523 3084 3562 eo
3119 3509 3274 3563 nobis
3305 3509 3607 3577 petendum
3643 3511 3732 3562 sit.

2151 3601 2250 3668 Qui
2281 3601 2454 3656 media
2491 3612 2650 3656 nocte
2683 3603 2749 3656 ad
2776 3603 3006 3655 amicum
3035 3617 3192 3656 sttum
3222 3602 3495 3655 accessit:
3515 3599 3734 3663 Mutuo,

2151 3693 2348 3762 inquit,
2373 3693 2500 3746 mihi
2537 3701 2638 3747 tres
2669 3710 2850 3763 panes,
2892 3695 3138 3763 quoniam
3187 3693 3390 3746 amicus
3423 3694 3497 3745 ad
3541 3709 3630 3748 stu
3659 3711 3735 3747 re-

2153 3785 2227 3836 nit
2249 3783 2314 3836 de
2358 3783 2438 3836 eia
2453 3783 2519 3836 ’³.
2547 3783 2681 3837 Cum
2723 3785 2884 3853 igitur
2918 3784 3130 3852 pulsare
3159 3793 3428 3851 pergeret,
3459 3786 3612 3852 quod
3648 3801 3736 3855 pe-

2154 3874 2316 3937 tebat,
2347 3873 2673 3943 impetravit.

2227 3967 2314 4022 IX.
2343 3968 2674 4038 Abjiciamus
2699 3966 2967 4036 pigritiam
3003 3981 3032 4020 a
3060 3965 3233 4032 nobis,
3260 3964 3484 4030 fratres,
3507 3975 3566 4021 et
3601 3968 3736 4021 hanc

2155 4059 2370 4128 petendi
2398 4059 2759 4112 constantiam
2784 4059 3083 4120 imitemur,
3111 4066 3163 4112 et
3191 4069 3537 4127 quaecunque
3565 4059 3736 4127 petis.

2155 4151 2326 4206 rimus
2355 4149 2780 4219 impetrabimus.
2801 4148 3104 4204 Misericors
3126 4149 3270 4202 enim
3292 4157 3395 4212 est,
3425 4164 3531 4204 nec
3564 4149 3738 4220 magis

2155 4239 2444 4310 quidquam
2475 4242 2621 4311 cupit
2643 4255 2801 4312 quam
2830 4250 2888 4294 ut
2913 4249 3166 4312 peccator
3197 4239 3486 4310 resipiscat
3519 4250 3579 4296 et
3609 4256 3738 4298 con-

2157 4342 2416 4388 vertatur.
2451 4334 2615 4386 Amen
2658 4333 2774 4386 dico
2800 4333 2968 4398 vobis,
3000 4331 3176 4403 inquit
3205 4332 3342 4400 ipse,
3369 4333 3642 4402 gaudium
3669 4345 3739 4386 est

471 4422 592 4485 dus,
628 4431 720 4474 aut
751 4436 967 4486 avarus,
996 4421 1134 4490 quod
1161 4430 1235 4474 est
1261 4420 1523 4474 idolorum
1550 4422 1794 4486 servitus,
1823 4438 1927 4476 non
1955 4423 2054 4476 Ita-
2083 4427 2128 4484 Ι)
2157 4419 2211 4472 in
2247 4419 2371 4472 caelo
2412 4436 2565 4482 super
2607 4436 2710 4473 uno
2763 4428 3033 4488 peccatore
3062 4421 3416 4489 pwnitentiam
3461 4434 3658 4490 agente
3677 4423 3739 4475 ⁸⁸.

473 4515 552 4565 bet
591 4511 948 4566 [nereditatem
1001 4512 1057 4565 in
1101 4527 1258 4581 regno
1281 4509 1480 4566 Christi
1522 4522 1570 4566 et
1607 4511 1702 4568 Dei
1720 4513 1788 4568 ".
1827 4513 1895 4568 Et
1937 4515 2054 4570 haec

471 4603 806 4659 confirmans
854 4603 1122 4672 subiicit:
1164 4601 1335 4658 Nemo
1391 4619 1483 4658 vos
1530 4605 1746 4659 seducat
1803 4606 2050 4660 inanibus

471 4695 674 4759 verbis;
703 4703 918 4764 propter
945 4695 1057 4748 Ittec
1083 4695 1222 4749 enim
1261 4694 1397 4749 venit
1429 4696 1512 4748 ira
1543 4693 1644 4749 Dei
1673 4696 1730 4749 in
1764 4695 1906 4763 ﬁlios
1965 4699 2050 4750 in-

472 4787 798 4840 obedientiaz.
828 4785 1005 4840 Nolite
1027 4801 1149 4856 ergo
1173 4787 1304 4856 effici
1317 4787 1605 4856 participes
1634 4803 1834 4844 eorum.
1867 4787 2051 4842 Eratis

471 4877 609 4928 enim
643 4876 931 4944 aliquando
964 4875 1219 4941 tenebra';
1252 4893 1389 4930 nunc
1430 4887 1604 4930 autem
1643 4878 1736 4932 tua:
1764 4880 1818 4930 in
1858 4877 2048 4932 Domi-

473 4979 541 5016 tto
560 5003 576 5028 ,
618 4973 672 5016 ut
699 4963 800 5030 ﬁlii
824 4962 958 5018 lucis
983 4965 1265 5020 ambulate.
1298 4963 1530 5020 Fructus
1555 4968 1691 5020 enim
1723 4966 1857 5021 lucis
1886 4976 1963 5022 est
1995 4969 2050 5021 in

472 5055 613 5106 omni
644 5053 877 5108 bonitate
905 5064 952 5107 et
973 5053 1212 5123 justitia,
1242 5067 1288 5110 et
1327 5059 1570 5125 veritate,
1599 5059 1899 5128 probantes,
1923 5059 2052 5128 quid

472 5146 538 5197 sit
583 5145 962 5214 beneptacitum
1007 5145 1151 5212 Deo;
1185 5157 1233 5202 et
1266 5150 1427 5204 nolite
1460 5152 1847 5204 communicare
1875 5149 2052 5218 operi—

474 5237 568 5290 bus
593 5237 936 5307 infructuosis
973 5241 1327 5307 tenebrarum,
1360 5245 1527 5312 magis
1557 5254 1731 5297 autem
1772 5242 2051 5312 redargui-

474 5329 611 5396 te";
641 5340 699 5386 et
735 5346 948 5386 rursum
980 5345 997 5386 :
1034 5331 1218 5388 Omnis
1247 5336 1566 5400 amaritudo,
1604 5347 1651 5391 et
1681 5338 1785 5402 ira,
1819 5344 1870 5389 et
1908 5335 2053 5389 indi-

549 5482 636 5536 "l
669 5481 829 5538 Joan.
878 5500 962 5544 ιιι.
1007 5485 1092 5539 10.
1185 5487 1229 5518 "
1259 5485 1453 5542 lJoan.
1479 5505 1540 5551 tt.
1565 5489 1654 5544 29.

477 5552 525 5625 ff
559 5551 760 5625 llatth.
792 5569 892 5618 stt,
923 5556 1012 5610 35.
1091 5557 1137 5588 ⁸³
1161 5555 1354 5614 Matth.
1380 5575 1486 5625 .vtt,
1515 5560 1600 5612 16.

477 5621 525 5657 ⁸⁸
559 5621 752 5695 prcs.
788 5639 860 5695 tv,
887 5625 1018 5679 51η
1055 5627 1099 5658 ⁸³
1124 5625 1139 5678 I
1164 5627 1384 5695 Const,
1413 5631 1464 5684 i.

475 5704 629 5766 seqq.
707 5693 756 5726 ’δ
786 5692 918 5751 Luc.
961 5709 1051 5765 xv,
1077 5697 1128 5752 7.

1677 5560 1723 5592 ”
1749 5560 1880 5613 ibid.
1900 5561 1992 5616 2|.

1547 5628 1720 5686 "Gal.
1751 5645 1828 5698 ιιι,
1851 5631 1942 5685 27.

1731 5489 1777 5522 ⁷⁸
1806 5490 1823 5544 Ι
1858 5489 2014 5545 Joan.
2057 5507 2139 5556 Ill,
2163 5493 2216 5550 8.

2068 5563 2115 5594 ⁸⁸
2148 5561 2261 5619 Jac.
2281 5581 2338 5628 ιι,
2355 5567 2440 5625 I9.
2463 5566 2553 5631 20,
2577 5565 2666 5620 26.

2046 5633 2090 5666 ”
2133 5633 2264 5692 Luc.
2285 5650 2374 5702 sv,
2403 5637 2460 5691 II
2492 5652 2646 5708 seqq.

2161 4511 2294 4565 Dum
2345 4512 2410 4564 ad
2448 4513 2564 4581 ejus
2613 4511 2957 4566 clementiam
3001 4511 3293 4583 confugere
3326 4526 3656 4581 possumus,
3691 4523 3739 4567 et

2159 4602 2544 4657 misericordiae
2569 4603 2738 4672 ipsius
2767 4603 2969 4658 divitiis
2998 4602 3227 4674 perfrui,
3263 4604 3668 4673 resipiscam”
3694 4609 3742 4661 ia

2162 4703 2274 4748 toto
2308 4695 2503 4756 corde;
2543 4695 2670 4748 dum
2720 4711 2907 4751 sumus
2953 4698 3006 4751 in
3049 4712 3303 4768 corpore,
3345 4699 3414 4752 ad
3451 4699 3617 4756 illam
3663 4717 3743 4754 re-

2158 4799 2452 4842 vertamur.
2487 4786 2748 4856 Exiguum
2766 4797 2850 4844 est
2873 4789 3034 4860 hujus
3049 4792 3174 4846 vitae
3197 4790 3561 4846 curriculum.
3589 4791 3743 4860 Quod

2157 4877 2204 4929 si
2236 4877 2542 4943 fecerimus,
2576 4881 2828 4949 gaudium
2856 4890 3120 4936 :eternum
3161 4891 3218 4937 et
3259 4881 3583 4937 incredibile
3611 4898 3744 4936 σου·
3813 4915 3825 4930 ε

2156 4984 2484 5038 sequentur;
2536 4972 2620 5026 sin
2670 4981 2817 5026 retro
2872 4987 2970 5027 nos
3020 4971 3479 5037 converterimus,
3533 4974 3746 5028 similes
3807 5031 3812 5042 ,

2155 5063 2359 5116 erimus
2383 5063 2714 5118 adolescenti
2745 5063 2818 5118 illi
2847 5065 2939 5135 qui
2965 5065 3251 5119 Dominum
3275 5062 3466 5120 Iesum
3505 5066 3746 5120 interm-

2157 5154 2322 5222 gavit,
2353 5155 2483 5225 quid
2517 5156 2620 5211 sibi
2661 5156 2928 5226 agendum
2956 5167 3102 5213 esset
3128 5166 3193 5211 ut
3224 5155 3410 5213 salvus
3435 5155 3623 5212 fieret.
3646 5157 3742 5212 Cui

2158 5245 2420 5301 Dominus
2448 5261 2571 5301 cum
2607 5248 2969 5318 respondisset
3001 5267 3015 5304 :
3054 5247 3228 5303 Vende
3270 5251 3450 5303 omnia
3482 5269 3608 5322 qua:
3647 5253 3744 5302 hs-

2157 5339 2261 5404 bes,
2304 5349 2352 5394 et
2399 5342 2469 5393 da
2507 5341 2848 5412 pauperibus,
2884 5352 2934 5396 et
2982 5341 3108 5398 tolle
3149 5358 3359 5399 crucem
3390 5355 3547 5401 tuam
3579 5357 3634 5402 et
3668 5361 3748 5400 se-

2299 5496 2342 5529 "
2375 5494 2500 5548 ibid.
2525 5495 2580 5551 9.
2652 5496 2698 5528 ⁸⁸
2729 5494 2773 5549 ll
2814 5495 2927 5551 Pet.
2970 5509 3010 5564 ι,
3043 5496 3158 5551 5-9.
3234 5497 3281 5529 ⁸¹
3312 5495 3445 5552 Luc.
3485 5515 3573 5565 ιιι,
3609 5500 3667 5565 8,
3693 5501 3738 5554 9.

2745 5568 2792 5600 ⁸⁸
2825 5567 3020 5632 Ephes.
3049 5583 3103 5630 ν,
3134 5566 3250 5622 5-5.
3329 5569 3378 5608 ’ν
3416 5571 3553 5625 ibid.
3590 5573 3626 5625 ϐ
3660 5573 3742 5624 Η.

2759 5638 2806 5670 θ’
2831 5635 3022 5692 Matth.
3055 5652 3152 5703 vn,
3184 5637 3236 5693 7.
3343 5639 3394 5673 ”
3413 5636 3557 5695 Luc.
3597 5655 3680 5712 ιι,
3711 5639 3744 5695 5
