3884 6278
180 284 314 343 {I65

1229 279 1288 336 S.
1329 276 1537 340 ISAIE
1576 277 1872 337 ABBATIS
1909 279 2322 337 ORATIONES.

3295 282 3438 342 ιισιι
3487 333 3489 335 ,

177 423 329 478 qum
367 405 533 472 me”,
585 401 880 459 ostendens
926 398 1080 455 nobis
1122 397 1351 455 salutem
1395 399 1450 453 in
1493 413 1560 454 eo
1589 399 1749 455 sitam
1781 406 1828 462 Α
1855 400 2044 456 eodem
2080 410 2257 456 tamen
2289 408 2416 456 sunt
2445 400 2812 457 ﬁrmamento.
2843 400 2908 456 Et
2945 399 3120 472 gloria
3145 407 3308 472 atque
3338 401 3441 460 Ito-

176 515 294 555 esse
319 508 374 553 ut
403 497 735 552 Voluntatem
768 499 1011 548 nostram
1041 491 1390 561 abnegemus.
1413 490 1512 546 llis
1536 491 1622 545 ille
1648 509 1747 546 au-

176 591 296 644 ditis
341 590 503 643 tristis
534 586 853 641 discessit".
889 585 1222 654 Intelligebat
1255 584 1400 638 enim
1431 599 1594 653 grave
1626 587 1749 654 qui-

180 682 293 735 dem
326 692 463 743 esse,
494 678 624 732 dare
674 686 870 731 cuncta
905 675 1254 746 pauperibus,
1292 675 1386 730 sed
1431 675 1597 730 multo
1624 692 1749 744 gra-

177 773 292 828 vius
317 786 528 827 crucem
565 785 718 824 suam
759 779 996 839 gestare.
1030 767 1336 822 Facultates
1367 768 1508 821 enim
1542 782 1748 837 panpe-

179 865 319 918 ribus
357 862 688 917 distribuere
722 861 896 916 virtus
929 872 1016 916 est
1045 874 1170 922 una,
1221 874 1343 929 quae
1373 869 1550 913 tamen
1581 859 1746 913 etiam

178 955 232 1010 in
267 968 423 1010 cruce
464 953 733 1008 consistit.
784 952 1016 1007 Crucem
1047 965 1177 1006 vero
1219 960 1432 1021 gestare
1471 960 1556 1006 est
1590 966 1750 1005 omne

176 1056 445 1117 peccatum
473 1048 776 1108 destruere,
809 1045 951 1099 unde
977 1055 1031 1099 et
1057 1045 1292 1100 charitas
1323 1043 1588 1108 nascitur,
1631 1045 1751 1097 sine

175 1152 280 1208 qua
325 1151 426 1191 non
472 1147 557 1192 est
591 1150 744 1190 crux.
774 1133 1043 1190 Caeterum
1077 1149 1200 1189 cum
1254 1135 1420 1189 sciret
1461 1132 1752 1201 Apostolus

179 1229 365 1283 multas
412 1243 534 1284 esse
575 1239 629 1284 et
681 1228 867 1284 haberi
910 1227 1140 1282 virtutes
1189 1227 1240 1280 in
1284 1227 1482 1295 quibus
1515 1225 1752 1280 eharitas

177 1335 282 1374 non
311 1326 413 1384 est,
441 1334 619 1389 neque
648 1318 906 1372 virtutum
935 1303 1197 1387 perfectio
1223 1334 1236 1371 :
1265 1314 1324 1370 Si
1358 1315 1550 1386 linguis
1582 1315 1751 1369 homi-

175 1427 318 1475 nunt,
353 1410 548 1479 inquit,
573 1411 763 1480 loquar
793 1418 841 1464 et
873 1409 1204 1480 angelorum,
1237 1409 1549 1462 charitatem
1578 1418 1752 1462 autent

177 1518 279 1556 non
302 1504 554 1568 habuero,
584 1501 754 1570 factus
782 1517 899 1554 sunt
923 1503 1057 1555 sicut
1087 1516 1158 1554 trs
1203 1516 1401 1554 sonans
1428 1509 1520 1553 aut
1545 1499 1755 1569 cymba-

173 1593 284 1645 lum
304 1593 542 1646 tinniens.
574 1591 641 1646 Et
665 1594 710 1646 si
734 1593 1051 1647 distribuero
1075 1608 1252 1646 omnes
1281 1592 1563 1661 facultates
1587 1575 1753 1658 nicas,

172 1697 223 1738 et
255 1685 438 1738 dedero
468 1701 656 1754 corpus
708 1701 900 1750 meum,
939 1684 1015 1737 ita
1060 1693 1115 1737 ut
1157 1685 1394 1751 ardeam,
1443 1685 1754 1739 charitatem
1795 1689 1802 1696 “

1852 508 1952 547 nor
1976 493 2220 548 omnium
2255 501 2341 548 est
2374 491 2544 560 ipsius
2588 492 2681 548 Dei
2732 493 2787 547 in
2837 491 3035 548 saecula
3088 491 3438 548 smeulorum.

1850 587 2042 640 Amen.

2416 674 2678 731 ORATIO
2715 675 2884 731 XXII.

2265 768 2339 822 De
2368 769 2609 837 operibus
2635 769 2864 822 hominis
2893 769 3030 824 novi.

1924 858 1966 913 l.
2001 859 2128 913 Tria
2169 869 2318 924 sunt,
2343 860 2680 926 charissimi,
2712 861 2909 929 quibus
2932 859 3192 914 Hebraeus
3223 859 3292 914 ab
3319 856 3444 916 aliis

1855 952 2212 1021 distinguitur
2240 969 2253 1006 :
2285 953 2650 1016 circumcisio,
2678 961 2730 1007 et
2763 952 2994 1015 Pascha,
3031 963 3086 1008 et
3113 952 3437 1008 Sabbatum.

1857 1044 1948 1098 Sic
1968 1044 2114 1098 enim
2134 1043 2185 1097 in
2218 1043 2412 1100 Genesi
2431 1045 2690 1113 scriptum
2714 1054 2829 1100 est:
2861 1044 3048 1114 Infans
3080 1056 3195 1098 octo
3236 1045 3442 1099 dierum

1857 1136 2266 1190 circumcidelur
2289 1139 2342 1191 in
2371 1139 2528 1202 vobis,
2561 1149 2669 1195 tam
2717 1139 3027 1191 vernaculus
3069 1154 3224 1207 quam
3251 1139 3442 1208 empti-

1855 1227 1983 1280 tius.
2015 1225 2119 1292 Qui
2154 1227 2496 1280 circumcisus
2527 1243 2628 1279 non
2660 1226 2843 1295 fuerit,
2871 1225 3126 1280 delebitur
3159 1227 3224 1281 de
3249 1225 3443 1296 populo

1855 1335 1990 1384 meo,
2048 1321 2174 1389 quia
2226 1329 2438 1386 pactum
2488 1335 2659 1373 meum
2718 1319 2931 1371 irritum
2988 1318 3170 1387 fecit'.
3227 1318 3444 1376 Primus

1854 1408 2128 1463 Abraham
2173 1410 2531 1464 circumcisus
2584 1419 2687 1465 est.
2735 1409 2789 1465 ld
2835 1419 2920 1465 est
2956 1410 3169 1479 signum
3207 1410 3446 1465 hominis

1858 1501 2020 1566 novi;
2058 1502 2199 1569 quod
2243 1501 2294 1554 in
2330 1511 2520 1556 sancto
2560 1517 2790 1570 corpore
2840 1516 2939 1556 suo
2992 1502 3250 1556 Dominus
3286 1501 3446 1558 Jcsns

1859 1593 2098 1647 admisit.
2134 1592 2211 1647 De
2239 1594 2340 1648 hoc
2368 1604 2424 1649 et
2451 1594 2744 1662 Apostolus
2773 1593 2848 1648 ait
2882 1612 2896 1649 :
2927 1593 2993 1648 In
3019 1611 3119 1664 quo
3146 1595 3444 1648 circumcisi

1859 1684 1984 1737 estis
2009 1683 2411 1738 circumcisione
2439 1700 2549 1738 non
2578 1700 2738 1738 manu
2776 1683 2943 1751 facta,
2969 1686 3022 1736 in
3064 1683 3444 1753 exspoliatione

177 1785 348 1830 autem
381 1793 483 1830 non
513 1777 768 1840 habuero,
799 1775 931 1829 nihil
959 1776 1085 1830 ntihi
1114 1777 1348 1845 prodest.
1381 1774 1629 1831 Charitas
1659 1793 1754 1843 ραν
1788 1775 1827 1832 Β
1856 1775 2091 1844 corporis
2116 1776 2318 1841 carnis,
2349 1775 2440 1828 sed
2477 1776 2531 1828 in
2588 1775 2986 1828 circumcisione
3013 1773 3231 1838 Christi,
3263 1791 3446 1829 censeo

177 1870 307 1924 tiens
336 1879 434 1933 est,
482 1870 702 1938 benigna
732 1881 829 1936 est,
877 1885 980 1923 non
1021 1870 1327 1935 wntulatur,
1369 1885 1470 1923 non
1499 1869 1604 1939 agit
1637 1884 1754 1936 per-

174 1979 370 2031 peram,
398 1979 501 2016 non
537 1964 776 2032 inflatur,
810 1979 914 2016 non
941 1963 1182 2017 indecore
1210 1979 1266 2016 se
1289 1963 1446 2032 gerit,
1483 1979 1586 2016 non
1609 1978 1757 2032 qure-

175 2052 248 2106 rit
274 2068 385 2120 qua:
414 2069 511 2106 sua
533 2060 677 2118 sunt,
706 2069 810 2106 non
841 2053 1102 2118 irritatur,
1118 2068 1222 2106 non
1245 2053 1437 2122 cogitat
1469 2051 1667 2105 malum
1684 2051 1752 2103 ³⁷.

177 2145 279 2212 Qui
302 2146 411 2198 vult
434 2145 596 2214 igitur
618 2145 670 2199 in
704 2146 788 2199 via
825 2147 1107 2200 cltaritatis
1131 2146 1402 2211 incedere,
1427 2146 1494 2201 ab
1514 2146 1754 2200 omnium

177 2239 476 2302 hominum,
505 2251 600 2291 seu
639 2237 763 2291 boni
797 2252 890 2291 seu
929 2237 1054 2292 mali
1097 2239 1230 2302 sint,
1261 2237 1631 2293 sollicitudine
1667 2253 1756 2293 re-

174 2330 340 2397 cedit,
365 2338 418 2383 et
451 2328 543 2383 Dei
576 2328 903 2384 desiderium
943 2330 1088 2384 fovet
1135 2331 1187 2384 in
1242 2331 1406 2384 corde
1447 2345 1566 2385 suo.
1605 2330 1756 2397 Quod

174 2420 389 2490 quidem
426 2419 755 2474 desiderium
797 2419 998 2489 justam
1055 2422 1345 2490 quamdam
1390 2421 1464 2475 illi
1504 2422 1642 2476 iram
1679 2423 1760 2493 gi-

171 2513 312 2580 gnit,
344 2525 448 2580 qua
485 2511 764 2581 propulsat
795 2512 1098 2567 inimicum.
1143 2513 1295 2568 Tunc
1325 2513 1418 2568 Dei
1460 2515 1624 2569 tim'or
1655 2532 1758 2569 nn-

173 2603 336 2656 tritur
365 2603 416 2655 in
450 2618 536 2667 eo,
565 2613 619 2657 et
647 2617 742 2672 per
769 2604 1021 2657 timorem
1048 2603 1292 2657 charitas
1321 2604 1525 2672 pateﬁt.
1574 2604 1642 2659 Et
1668 2608 1758 2674 qni

177 2693 444 2760 ejusmodi
476 2703 580 2758 est,
617 2694 804 2750 eadem
857 2693 1050 2749 ﬁducia
1096 2709 1202 2764 qua
1242 2696 1554 2764 Apostolus,
1590 2698 1757 2752 dicit:

173 2784 293 2854 Ego
351 2796 570 2853 paratus
643 2803 758 2839 sunt
840 2803 942 2840 non
991 2787 1162 2842 solum
1209 2788 1420 2856 vinciri,
1454 2794 1544 2844 sed
1603 2792 1758 2844 etiam

172 2878 312 2931 mori
365 2893 459 2946 pro
517 2878 724 2932 nomine
779 2877 992 2931 Domini
1050 2880 1217 2933 nostri
1286 2880 1416 2935 Jcsu
1458 2880 1656 2936 Christi
1689 2880 1758 2935 ³⁸.

177 2973 341 3026 Beata
368 2982 453 3026 est
482 2972 662 3025 anima
699 2970 811 3036 illa,
845 2987 965 3041 qua:
993 2973 1058 3026 ad
1093 2974 1252 3028 talem
1287 2975 1606 3030 cbaritatem
1638 2989 1761 3044 per-

175 3061 344 3117 venit.

251 3151 317 3206 Χ.
353 3153 621 3210 Exeamus
665 3167 696 3209 e
745 3153 965 3219 mundo,
1001 3154 1220 3212 fratres.
1255 3160 1373 3224 Quo
1411 3157 1464 3212 in
1503 3168 1642 3212 statu
1687 3159 1758 3213 si-

174 3260 324 3307 mus,
361 3246 792 3301 consideremus.
847 3247 1058 3302 Etenim
1103 3249 1413 3305 misericors
1455 3261 1538 3304 est
1579 3250 1761 3305 Domi-

175 3354 282 3391 nus
314 3334 490 3398 Jesus,
543 3347 598 3391 et
648 3353 744 3407 pro
781 3336 1041 3409 cujusque
1081 3340 1336 3410 operibus
1377 3343 1616 3412 quietem
1660 3343 1759 3397 tri-

173 3429 320 3492 bu;t,
356 3429 564 3500 magnis
595 3443 693 3498 pro
725 3432 1117 3501 magnitudine,
1146 3433 1328 3502 parvis
1359 3449 1460 3504 pro
1500 3437 1762 3490 tenuitate

173 3520 440 3590 ipsorum.
483 3519 671 3574 Multa:
709 3520 852 3576 enim
882 3532 1026 3583 sunt,
1061 3523 1258 3593 inquit,
1286 3525 1586 3579 mansiones
1619 3526 1761 3592 apud

169 3611 399 3668 Patrem
430 3614 676 3667 meum".
712 3613 860 3668 Licet
889 3615 1032 3669 enim
1063 3631 1226 3669 unum
1255 3617 1329 3671 sit
1354 3631 1602 3686 regnum,
1633 3632 1760 3685 pro-

169 3708 356 3778 prium
384 3717 562 3761 tamen
605 3707 662 3762 in
689 3722 754 3762 eo
787 3708 1018 3778 quisque
1045 3708 1225 3763 locum
1259 3710 1486 3774 invenit,
1523 3719 1578 3765 et
1623 3727 1762 3779 opus

169 3811 359 3853 suum.
390 3796 716 3868 Pugnemus,
747 3797 966 3865 fratres,
995 3799 1253 3855 adversus
1281 3802 1575 3871 ignaviam,
1601 3811 1654 3854 et
1681 3813 1762 3856 te-

173 3891 475 3946 nebrarum
509 3890 683 3946 velum
711 3907 739 3944 a
778 3892 930 3946 nobis
957 3893 1317 3957 excutiamus,
1353 3893 1498 3963 quod
1541 3903 1622 3948 est
1661 3895 1759 3948 ob-

169 3981 333 4044 livio,
371 3992 430 4036 ut
460 3981 791 4049 poenitentia:
821 3982 998 4037 lucem
1031 3984 1382 4054 aspiciamus.
1417 3983 1681 4038 blartham
1710 3994 1766 4040 ct

166 4070 406 4127 Mariam
445 4072 735 4133 imitemur,
765 4087 886 4141 qua:
916 4071 1130 4141 plorant
1154 4073 1207 4127 in
1245 4081 1538 4142 conspectu
1567 4072 1761 4128 Salva-

171 4165 339 4232 toris,
369 4174 426 4218 ut
461 4166 688 4220 suscitet
724 4164 946 4218 fratrem
981 4163 1270 4231 Lazarum,
1303 4167 1355 4221 id
1393 4177 1476 4222 est
1517 4168 1760 4221 animum

165 4254 367 4310 multis
396 4267 741 4324 peccatorum
789 4255 1022 4310 vinculis
1052 4258 1394 4314 obstrictum.
1437 4258 1538 4324 Qui
1586 4259 1630 4312 si
1673 4273 1765 4311 so-

169 4347 326 4402 lutus
367 4347 554 4411 fuerit,
589 4358 714 4404 tunc
746 4349 927 4406 Mariae
951 4351 1286 4419 Martiumque
1310 4351 1551 4404 studium
1581 4360 1764 4406 exsta-

1854 1867 1990 1936 pulti
2019 1870 2068 1920 ei
2106 1868 2162 1921 in
2207 1869 2488 1935 baptismo,
2521 1868 2577 1921 in
2616 1883 2718 1936 quo
2752 1876 2798 1921 et
2840 1867 3145 1921 surrexistis
3171 1881 3264 1936 per
3283 1867 3443 1936 ﬁdem

1858 1959 2178 2027 operationis
2198 1958 2294 2012 Dei
2311 1959 2368 2026 ³;
2397 1968 2453 2014 et
2474 1967 2688 2014 rursum
2722 1976 2737 2013 :
2769 1958 3018 2027 Deponite
3043 1977 3131 2014 vos
3154 1962 3443 2015 secundum

1856 2049 2134 2117 pristinam
2157 2051 2604 2104 conversationem
2635 2061 2855 2105 veterem
2878 2051 3164 2116 hominem,
3198 2055 3288 2122 qui
3321 2069 3444 2107 cor-

1860 2141 2125 2209 rumpitur
2165 2143 2453 2196 secundum
2499 2143 2762 2196 desideria
2816 2142 3008 2196 erroris
3041 2158 3060 2198 .'
3095 2143 3442 2200 [teneremini

1859 2243 2034 2287 autem
2069 2234 2313 2302 spiritum
2352 2234 2538 2288 mentis
2583 2245 2788 2300 vestrm,
2813 2246 2862 2290 et
2893 2238 3096 2292 induite
3134 2254 3320 2292 novum
3347 2241 3446 2294 ho-

1860 2325 2052 2378 minem
2077 2326 2168 2395 qui
2210 2326 2496 2379 secundum
2528 2325 2691 2379 Deum
2725 2337 2932 2382 creatus
2963 2338 3036 2382 est
3068 2329 3121 2383 in
3157 2329 3371 2399 justitia
3396 2343 3447 2386 et

1860 2419 2156 2478 sanctitate.
2209 2415 2258 2470 et
2306 2417 2592 2482 veritate‘;
2644 2426 2700 2472 et
2748 2419 3099 2474 rursumzvt
3147 2423 3448 2476 moriamini

1860 2510 2069 2578 quidem
2103 2521 2335 2577 peccato,
2367 2509 2556 2562 rivulis
2581 2517 2753 2562 autem
2775 2510 3000 2576 justitire
3017 2513 3061 2566 '.
3090 2512 3155 2567 Et
3188 2512 3302 2568 lucc
3325 2513 3448 2583 qui-

1861 2599 2090 2654 dem'de
2127 2600 2588 2654 circumcisione:
2617 2616 2738 2669 qua:
2771 2603 2862 2671 qui
2902 2618 3007 2657 non
3039 2603 3313 2668 observat,
3342 2621 3447 2661 non

1863 2699 1947 2745 est
1973 2691 2351 2757 circumcisus,
2381 2706 2481 2746 nec
2520 2707 2646 2747 vere
2673 2693 3044 2763 Christianus,
3076 2696 3200 2765 quia
3232 2697 3447 2752 irritum

1861 2781 1993 2836 fecit
2025 2792 2264 2851 pactum,
2287 2783 2430 2852 quod
2459 2784 2676 2853 preprio
2709 2787 2974 2854 sanguine
2997 2799 3191 2843 saneto
3217 2803 3316 2844 suo
3335 2789 3446 2845 Do-

1866 2876 2044 2928 minus
2067 2872 2228 2929 Iesus
2253 2875 2500 2930 sancivit.

1935 2967 1998 3021 ll.
2031 2968 2185 3022 Nunc
2209 2969 2275 3023 de
2299 2978 2488 3025 sancto
2513 2969 2782 3026 Paschate
2809 2971 3098 3026 dicendum
3128 2983 3230 3041 est,
3253 2974 3320 3029 de
3343 2989 3451 3044 quo

1865 3062 1946 3115 sic
1979 3061 2055 3114 ait
2091 3062 2157 3115 ad
2197 3060 2437 3133 Moysem
2476 3085 2488 3118 ;
2517 3061 2648 3116 Hinc
2676 3072 2749 3116 est
2795 3064 3066 3131 paschalis
3105 3064 3188 3118 (ex
3217 3079 3236 3118 .'
3263 3063 3449 3120 Omnis

1863 3152 2156 3221 alienigena
2185 3168 2286 3205 non
2312 3162 2544 3207 vescatur
2571 3169 2635 3206 ex
2649 3171 2728 3208 eo.
2769 3152 2954 3208 Omnis
2983 3172 3159 3210 servus
3185 3158 3451 3226 emptitius

1862 3258 1965 3295 non
1988 3243 2219 3296 comedet
2250 3258 2314 3296 ea:
2343 3260 2422 3297 eo.
2457 3242 2894 3298 Omnemservum
2917 3246 3206 3314 emptilium
3232 3246 3453 3302 circum-

1862 3335 2038 3398 cides;
2065 3345 2115 3388 et
2146 3335 2222 3388 sic
2253 3337 2484 3390 comedet
2522 3352 2587 3389 ex
2610 3351 2689 3389 eo.
2729 3335 2978 3406 Quisquis
3003 3349 3177 3391 autent
3203 3354 3305 3392 non
3336 3339 3454 3408 fue-

1864 3426 1929 3478 rit
1963 3427 2325 3489 circumcisus,
2361 3443 2424 3480 ne
2463 3429 2701 3480 comedat
2741 3443 2807 3480 ea:
2844 3444 2923 3481 eo.
2961 3427 3077 3482 Hoc
3120 3429 3371 3484 comedtte
3395 3430 3453 3484 in

1865 3539 1970 3576 una
2000 3522 2209 3577 domo“.
2246 3521 2416 3577 Renes
2445 3532 2640 3577 vestros
2671 3523 2980 3593 accingetis,
3016 3533 3065 3578 et
3094 3523 3452 3578 calceamenta

1864 3628 2032 3670 vestra
2064 3614 2320 3669 habebitis
2362 3617 2418 3670 in
2458 3617 2674 3685 pedibus
2721 3618 2924 3680 vestris,
2973 3625 3201 3670 tenentes
3239 3617 3453 3672 buculos

1863 3711 1918 3762 in
1946 3707 2244 3764 manibus'.
2280 3708 2398 3764 Non
2431 3710 2611 3763 editur
2639 3709 2840 3778 pascha
2870 3708 2973 3762 nisi
3007 3723 3128 3762 cmn
3157 3711 3364 3780 azymis
3394 3721 3451 3763 et

1865 3802 2092 3856 lactucis
2149 3802 2474 3873 agrestibus,
2526 3811 2579 3856 et
2634 3802 2894 3857 carnibus
2937 3803 3135 3856 assatis
3175 3802 3305 3870 igni.
3336 3801 3449 3856 Non

1866 3896 2043 3950 dixit:
2071 3894 2380 3964 Accingetis
2414 3909 2511 3950 vos
2543 3909 2706 3964 super
2751 3909 2910 3951 renes
2945 3907 3178 3962 vestros,
3219 3909 3286 3949 ne
3330 3895 3453 3964 quis

1865 3988 1932 4043 de
1969 3987 2186 4056 cingulo
2232 3987 2436 4042 dictum
2487 3987 2837 4057 intelligeret.
2888 3987 3016 4050 Sed,
3069 4003 3218 4040 renes
3258 3999 3452 4041 vestros

1866 4079 2167 4150 accingetis,
2203 4089 2263 4133 ut
2295 4079 2360 4133 de
2405 4079 2658 4134 castitate
2685 4088 2741 4133 et
2767 4077 3030 4133 munditia
3065 4076 3446 4148 intelligamus.

1865 4168 2244 4226 Calceamenta
2290 4179 2470 4224 autem
2512 4169 2842 4240 signiﬁcant,
2875 4177 2931 4223 ut
2976 4168 3208 4238 prompti
3249 4168 3453 4236 parati-

1866 4275 1971 4330 que
2001 4261 2173 4315 simus
2207 4261 2273 4315 ad
2317 4261 2500 4315 omnia
2545 4259 2796 4330 fugienda
2850 4268 2905 4314 et
2939 4259 3281 4324 declinanda,
3327 4273 3450 4328 quae

1869 4353 2256 4407 conscientiam
2313 4361 2555 4422 pungunt
2615 4361 2670 4407 et
2731 4350 3039 4416 maculant,
3103 4361 3452 4420 mentemque

162 4435 282 4499 bit,
334 4445 390 4490 et
448 4436 687 4492 Lazarus
736 4438 855 4493 sine
904 4440 1267 4516 sollicitudine
1316 4440 1592 4494 recumbet
1641 4458 1762 4494 cum
1796 4462 1841 4518 ι)
1870 4453 2122 4499 avertunt.
2146 4460 2175 4498 a
2205 4444 2423 4513 propria
2447 4441 2909 4511 contemplatione
2936 4443 2986 4496 in
3011 4443 3322 4498 Sam-litate.
3344 4441 3452 4497 Per

160 4524 330 4584 Jesn.
358 4525 570 4582 Martha
593 4544 714 4583 cum
743 4529 924 4584 laetitia
953 4531 1313 4585 ministerium
1345 4546 1503 4585 suum
1537 4531 1765 4601 diligen-

168 4629 264 4673 ter
301 4620 609 4688 exercebit;
653 4619 821 4674 Maria
863 4637 993 4677 vero
1040 4631 1252 4690 promet
1296 4621 1628 4677 alabastrum
1663 4639 1764 4676 un-

161 4711 390 4781 guenti.
442 4722 498 4766 et
544 4722 707 4784 unget
737 4715 903 4785 pedes
931 4715 1162 4770 Domini.
1189 4715 1341 4781 Quod
1378 4716 1430 4769 in
1469 4717 1624 4770 nobis
1654 4725 1759 4780 est,

162 4803 405 4868 fratres,
449 4803 498 4858 id
532 4806 659 4860 totis
694 4807 900 4860 viribus
937 4821 1339 4876 exsequamur;
1383 4818 1438 4861 et
1486 4807 1627 4861 Dens
1667 4822 1765 4876 pro

162 4893 531 4950 multitudine
579 4897 964 4954 misericordia:
1011 4914 1122 4953 suae
1173 4899 1334 4953 nobis
1388 4899 1759 4966 cpitulabitnr.

158 4985 338 5052 Quod
373 4985 416 5039 si
449 4987 611 5041 corda
653 4998 836 5042 nostra
865 4988 1008 5044 haud
1036 4989 1107 5042 ita
1141 4989 1548 5057 custodivimus,
1585 5001 1644 5045 ut
1667 5006 1764 5060 pa-

157 5087 294 5133 tres
335 5080 548 5146 nostri;
589 5096 733 5136 nunc
779 5081 970 5136 saltem
1026 5096 1093 5137 ea
1140 5097 1168 5134 a
1206 5083 1448 5152 peccatis
1488 5083 1764 5138 custodia-

156 5183 324 5236 mus,
357 5184 746 5242 speremusque
793 5187 893 5229 nos
927 5173 1056 5229 item
1109 5173 1269 5229 fatuis
1323 5184 1565 5244 tempore
1621 5175 1762 5245 apud

157 5276 303 5316 eum
359 5263 789 5320 misericordiam
847 5265 1182 5329 inventuros,
1241 5266 1385 5321 sicut
1439 5267 1763 5323 invenerunt

83 5331 356 5433 ﬁge-uncti
389 5369 601 5411 omnes.
631 5355 891 5425 Quamvis
942 5359 1088 5413 enim
1127 5359 1229 5412 alia
1277 5359 1348 5414 sit
1393 5358 1525 5413 solis
1565 5357 1756 5427 gloria,

155 5446 284 5500 alia
314 5446 479 5514 lunae,
512 5460 569 5504 et
599 5449 755 5505 stella
784 5465 815 5504 a
845 5449 1001 5505 stella
1032 5448 1245 5504 diﬁ'erat
1279 5451 1330 5504 in
1358 5448 1666 5514 claritate‘;
1704 5447 1758 5502 in

243 5568 298 5602 ’⁸
341 5567 472 5639 Luc.
514 5587 676 5639 xvrtt,
705 5571 796 5626 22.
874 5574 922 5606 ⁸⁸
953 5573 1080 5627 ibid.
1115 5571 1206 5625 25.

148 5637 263 5710 61.
298 5709 302 5710 ί
332 5641 356 5710 f
386 5638 520 5696 Gen.
540 5637 671 5710 xvtt,
694 5643 776 5700 I2.
802 5644 885 5700 Η.

147 5708 182 5745 ⁷
225 5708 373 5764 ibid.
407 5710 495 5766 1⁸.

1286 5569 1373 5623 "I
1413 5571 1538 5626 Cor.
1571 5586 1689 5634 xm,
1727 5573 1775 5636 l,
1805 5572 1838 5626 5
1868 5573 1908 5627 5.

963 5643 1206 5698 ’Coloss.
1241 5657 1300 5707 tt,
1347 5642 1430 5708 ll,
1471 5643 1552 5698 l2.
1629 5642 1652 5672 ’⁸
1679 5634 1873 5712 Ephes.
1910 5658 1982 5710 tv,
2024 5640 2221 5698 ﬂii-ﬁl.
2330 5642 2352 5674 '
2381 5643 2402 5700 l
2432 5640 2550 5700 Pet.
2585 5654 2645 5708 tt,
2687 5641 2778 5698 ‘24.
2861 5642 2881 5672 ⁵
2913 5641 3082 5696 Exod.
3131 5651 3208 5690 att
3265 5634 3449 5694 43-18.

1865 4535 2114 4591 baculum
2144 4551 2266 4604 spes
2300 4535 2590 4599 indicatur,
2620 4545 2675 4590 et
2709 4533 2970 4588 fortitudo
3011 4535 3350 4589 tendentium
3381 4535 3450 4589 ad

1869 4635 2068 4681 terram
2096 4625 2499 4696 promissionis.
2546 4625 2609 4679 Ili
2642 4635 2770 4680 sunt
2808 4627 2900 4695 qui
2937 4625 3234 4679 Sahbatum
3262 4625 3466 4679 obser—

1866 4723 2015 4770 vant.
2066 4714 2298 4786 Sanguis
2351 4715 2474 4786 agni
2529 4715 2803 4786 signiﬁcat
2852 4699 3172 4785 sanguinem
3234 4713 3448 4768 Domini

1864 4807 2016 4872 Jesu,
2047 4809 2139 4878 qui
2173 4809 2349 4864 factus
2381 4808 2544 4863 homo
2588 4809 2738 4864 venit
2767 4809 2834 4862 ad
2866 4823 2987 4874 nos,
3024 4818 3082 4862 ut
3107 4807 3245 4863 ﬁlios
3286 4806 3448 4862 Israel

1865 4901 2090 4956 duceret
2118 4901 2185 4955 ad
2213 4900 2536 4969 promissam
2566 4900 2694 4956 coeli
2739 4899 3133 4954 Itaereditatetn.
3175 4899 3453 4970 Apparent

1866 4992 1958 5063 qui
1984 4991 2231 5046 instructi
2262 5000 2412 5057 sunt,
2427 4999 2481 5046 et
2503 4991 2716 5062 signum
2751 4990 2803 5044 in
2832 4990 3013 5045 anima
3041 5005 3136 5045 sua
3165 4989 3451 5059 perspicue

1865 5083 2192 5153 impressum
2227 5081 2449 5137 habent.
2488 5079 2723 5153 HyssOpi
2754 5080 3048 5136 fasciculus
3078 5081 3281 5135 indicat
3311 5079 3452 5133 ami-

1864 5175 2124 5232 ctionem.
2173 5174 2335 5230 lubet
2378 5174 2520 5230 enim
2575 5185 2636 5230 ut
2678 5191 2802 5232 cum
2845 5174 3075 5231 lactucis
3118 5171 3453 5243 agrestibus,

1867 5282 1962 5324 seu
2007 5266 2192 5323 herbis
2238 5267 2440 5323 amaris
2477 5267 2817 5324 comedatur.
2851 5255 3110 5336 Expende
3137 5263 3451 5334 diligenter,

1867 5374 1901 5413 ο
1924 5359 2110 5424 lrater,
2146 5367 2326 5412 utrum
2352 5357 2428 5412 sis
2453 5358 2827 5423 circumcisus,
2862 5368 2917 5412 et
2942 5358 3137 5412 domus
3172 5364 3275 5409 tua:
3308 5353 3452 5409 fores

1868 5451 2147 5507 inunxeris
2173 5453 2296 5520 agni
2323 5452 2582 5522 sanguine
2613 5450 2964 5514 immaculati,
3005 5458 3185 5504 utrum
3212 5447 3280 5503 ab
3304 5448 3451 5503 omni

1999 5571 2045 5604 "
2073 5572 2192 5624 Act.
2226 5587 2340 5635 ut,
2375 5571 2465 5624 15.
2541 5570 2588 5601 ⁹⁹
2617 5569 2771 5625 Joau.
2824 5585 2934 5632 xw.
2980 5569 3035 5622 2.
3117 5567 3132 5597 '
3158 5565 3176 5620 l
3199 5563 3331 5637 Cor:
3358 5580 3453 5637 sv,
