3888 6284
412 289 545 347 ΗϐἹ

1510 283 1781 340 PATRES
1820 279 2129 339 EGYPTII
2168 276 2447 340 SECULI
2486 282 2577 339 iV.

3559 273 3710 333 H68

411 417 628 464 terrena
669 406 997 480 cogitatione
1048 416 1096 464 te
1134 420 1431 465 removens
1453 447 1468 472 ,
1507 420 1692 461 utrum
1734 414 1787 460 te
1822 405 1996 474 ipsum
2030 408 2073 466 Α
2106 403 2328 460 Sabbatl
2356 405 2816 472 observationem,
2848 406 2955 462 hoc
2986 412 3068 462 est
3101 397 3535 459 destructionem
3570 409 3709 466 pee-

413 503 491 557 sic
519 502 863 566 instruxeris,
895 510 955 555 ut
981 500 1251 570 intrepide
1279 501 1335 555 in
1371 508 1571 555 terram
1617 496 1997 567 promissionis

416 594 758 664 ingrediaris.

488 687 570 743 lll.
615 688 878 757 Deinceps
910 687 978 743 de
1004 686 1243 742 Sabbato
1273 685 1561 742 dicendum
1594 691 1699 747 est,
1724 682 1878 753 'quod
1917 690 2003 737 est

418 780 657 845 ipsorum
693 783 971 848 proprium
1020 779 1113 847 qui
1141 762 1628 841 circumcisisunt,
1670 782 1726 830 et
1755 781 2001 829 sanctum

418 868 646 935 Pascha,
682 879 739 922 ιιι
774 869 1035 935 diximus,
1065 869 1443 933 comederunt,
1468 876 1523 923 et
1553 864 1620 920 a'b
1642 863 1919 936 Egyptiis
1940 862 2005 917 li-

419 957 593 1011 berati
653 959 747 1011 cus
811 971 1004 1012 omnes
1065 957 1117 1011 in
1145 949 1291 1011 inari
1323 954 1509 1011 Rubro
1529 953 1841 1010 submersos
1878 966 2008 1007 con-

421 1056 738 1117 spexerunt,
765 1058 819 1102 et
853 1048 922 1103 ab
949 1047 1144 1104 acerba
1175 1063 1362 1104 eorum
1382 1048 1644 1102 servitute
1662 1045 2004 1115 quieverunt.

420 1137 524 1194 Sea:
556 1138 761 1203 diebus,
790 1138 988 1208 inquit.
1022 1138 1341 1208 operaberis.
1380 1136 1615 1206 Septima
1643 1136 1756 1189 dies
1798 1132 2009 1188 Subba-

422 1243 531 1285 tum
554 1241 628 1285 est
654 1230 984 1298 requietionis
1016 1230 1228 1284 Domini
1256 1230 1299 1285 ⁸.
1335 1229 1439 1295 Qui
1474 1229 1560 1283 die
1587 1225 1810 1282 Sabbati
1839 1223 2005 1294 fuerit

422 1331 691 1389 operatus,
724 1323 973 1389 perdetur
1004 1321 1187 1374 anima
1219 1319 1316 1374 illa
1342 1321 1386 1373 ’.
1421 1320 1491 1374 At
1539 1316 1803 1374 Dominus
1829 1327 2015 1372 noster

420 1413 586 1469 Iesus
620 1429 807 1468 verum
838 1414 953 1482 ipse
979 1411 1278 1469 Sabbatum
1331 1412 1663 1476 observavit,
1725 1410 2016 1477 docuitque

426 1508 695 1579 quomodo
719 1507 938 1561 deberet
955 1505 1255 1561 observari.
1280 1505 1414 1561 Cum
1435 1504 1490 1561 in
1515 1504 1814 1560 Parasceve
1829 1515 2020 1557 ascen-

425 1600 541 1664 dit,
590 1598 682 1654 sed
735 1607 1024 1668 antequam
1078 1598 1131 1652 in
1175 1612 1392 1653 crucem
1444 1597 1785 1662 ascenderet,
1827 1602 2020 1650 cuncta

428 1692 772 1761 pra'paravit,
790 1699 867 1744 tot
887 1691 1209 1761 ignominias
1234 1699 1289 1746 et
1315 1690 1674 1746 contumelias
1693 1688 1891 1754 ferens,
1913 1701 2020 1741 non

2104 496 2234 552 cati.
2269 496 2437 563 Nam,
2468 506 2527 553 ut
2555 498 2696 554 idem
2733 498 2809 553 ait
2847 494 3161 569 Apostolus,
3220 506 3325 546 non
3361 489 3455 562 qui
3498 488 3561 542 in
3590 503 3712 543 usa-

2108 588 2297 656 uifesto
2324 589 2549 645 Judreus
2580 599 2656 645 est
2685 591 2739 644 in
2769 606 2949 657 carne,
2998 588 3089 643 ille
3131 586 3355 643 Juda'us
3388 592 3509 638 est:
3544 597 3714 652 neque

2081 678 2438 732 circumcisio
2481 693 2599 748 quae
2643 678 2899 744 cernitur,
2948 676 3041 731 illa
3075 685 3151 730 est
3195 672 3545 728 circumcisio
3571 687 3594 725 :
3622 674 3719 724 sed

2108 770 2198 838 qui
2226 770 2281 823 in
2316 770 2521 824 occulto
2541 770 2766 825 Judwus
2818 779 2918 836 est,
2974 777 3026 824 et
3070 767 3407 823 circumcisio
3439 763 3637 819 cordis
3664 764 3724 816 iu

2111 863 2327 932 spiritu,
2362 879 2467 918 non
2495 865 2551 918 in
2572 863 2744 919 littera
2775 864 2839 918 ".

2188 953 2249 1009 V.
2272 953 2632 1010 Attendamus
2663 953 3065 1023 nobismetipsis
3089 993 3107 1018 ,
3154 952 3370 1009 fratres.
3402 950 3725 1021 Quousque

2117 1046 2321 1103 frustra
2373 1046 2790 1104 laborabimus?
2829 1061 3111 1118 quousque
3160 1055 3350 1102 nosto
3390 1044 3728 1115 parebimus

2117 1139 2437 1195 adversario
2485 1139 2664 1210 quiin
2711 1138 2871 1196 nobis
2925 1146 3031 1203 est,
3090 1148 3145 1195 et
3166 1138 3338 1194 allicit
3363 1138 3433 1193 ad
3482 1136 3653 1200 vitia,
3693 1149 3726 1188 a

2118 1233 2321 1287 virtute
2379 1247 2479 1288 nos
2540 1246 2798 1299 avocans,
2824 1246 2928 1288 nee
2984 1231 3274 1303 permittit,
3304 1241 3364 1284 ut
3398 1228 3603 1285 oculos
3651 1228 3721 1281 ad

2121 1324 2559 1396 perspiciendam
2582 1324 2889 1381 divinitatis
2924 1325 3097 1380 lucem
3135 1338 3197 1379 ex
3208 1322 3503 1378 tollamus?
3522 1319 3726 1391 Explo-

2126 1433 2183 1471 ra
2226 1426 2278 1472 te
2300 1418 2500 1486 ipsum,
2537 1418 2747 1481 infelix,
2777 1417 2868 1488 qui
2900 1417 3210 1488 baptizatus
3253 1432 3314 1473 es
3352 1416 3408 1472 in
3436 1414 3726 1471 Christum

2126 1519 2181 1563 et
2203 1516 2432 1586 mortem
2460 1509 2601 1579 ejus.
2639 1509 2940 1565 Considera
2977 1509 3190 1580 qualem
3225 1508 3341 1578 ipse
3373 1521 3474 1577 pro
3498 1516 3556 1560 te
3580 1518 3730 1560 mor-

2130 1606 2234 1653 tem
2263 1597 2515 1666 subierit,
2542 1609 2724 1654 utrum
2750 1600 2866 1670 ejus
2916 1599 3162 1672 sequaris
3204 1598 3455 1668 veStigia.
3481 1594 3730 1652 Ostende

2130 1690 2263 1746 mihi
2288 1705 2468 1748 mores
2495 1701 2637 1749 tuos.
2667 1691 2785 1763 ipse
2832 1693 2952 1749 sine
2994 1702 3221 1763 peccato
3276 1699 3382 1755 est,
3428 1697 3489 1744 ct
3526 1703 3589 1744 se
3631 1689 3729 1743 tibi

428 1779 672 1844 solvens,
699 1794 874 1849 neque
901 1795 960 1834 se
987 1780 1158 1849 ipsum
1216 1794 1470 1836 recreans
1529 1779 1640 1835 ullo
1669 1778 1853 1844 modo,
1882 1779 2012 1847 quin
2044 1778 2089 1835 Β
2115 1784 2375 1840 omnibus
2433 1785 2489 1839 in
2531 1770 2695 1839 rebus
2727 1784 3034 1855 exemplum
3072 1783 3351 1855 proposuit
3399 1783 3471 1835 ad
3503 1780 3729 1836 imitan-

429 1876 593 1930 etiam
627 1890 752 1929 cum
781 1874 990 1929 diceret
1021 1890 1034 1926 :
1069 1871 1205 1928 Sitio
1227 1914 1243 1939 ,
1290 1872 1588 1927 obtulerunt
1628 1872 1717 1926 illi
1748 1870 2019 1941 spongiam

430 1978 576 2023 aceto
608 1967 849 2036 plenam;
894 1982 1001 2035 quo
1036 1966 1319 2037 degustato
1367 1965 1504 2020 dixit
1547 1978 1564 2019 :
1640 1964 2021 2019 Consummata

431 2071 553 2115 sunt
582 2062 790 2114 omnia:
821 2073 867 2113 et
905 2057 1158 2113 inclinato
1187 2056 1358 2125 capite
1409 2056 1632 2110 tradidit
1677 2052 2019 2124 spiritum".

432 2148 500 2202 Et
528 2149 898 2218 deposuerunt
924 2159 1048 2200 eum
1092 2157 1220 2197 vere
1274 2140 1571 2198 Sabbatum
1617 2144 2018 2199 observantem.

437 2238 657 2305 Quievit
686 2236 829 2291 enim
859 2235 1122 2291 Dominus
1159 2232 1318 2290 Iesus
1370 2234 1605 2305 septimo
1634 2234 1743 2301 die,
1772 2242 1830 2289 et
1857 2233 2028 2299 bene-

436 2332 574 2385 dixit
599 2330 671 2395 ei,
696 2328 953 2397 quoniam
1010 2327 1278 2396 requievit
1333 2327 1402 2382 ab
1449 2326 1704 2380 omnibus
1735 2328 2021 2396 operibus:

436 2424 637 2493 quibus
691 2421 957 2476 humanas
1013 2420 1360 2474 destruxerat
1426 2418 1796 2474 inﬁrmitates.
1831 2417 2026 2490 Ingre-

438 2517 586 2569 diens
610 2514 772 2578 enim,
805 2517 864 2565 ut
904 2510 1097 2566 scribit
1149 2510 1461 2580 Apostolus,
1505 2512 1561 2564 in
1594 2511 1824 2580 requiem
1849 2528 2025 2579 suam,

442 2608 509 2662 ab
539 2605 781 2661 omnibus
813 2604 1055 2672 operibus
1079 2605 1190 2657 suis
1218 2603 1433 2673 quieuit,
1455 2604 1900 2673 quemadmodum
1923 2614 1975 2659 et
1997 2622 2029 2659 a

441 2701 552 2755 suis
580 2697 723 2752 Deus
754 2696 819 2750 υ.
856 2695 969 2750 lioc
1023 2709 1211 2749 verum
1262 2705 1347 2749 est
1390 2694 1714 2761 Subbalttm,
1768 2696 1911 2766 quod
1938 2697 2030 2766 qui

444 2808 551 2850 non
608 2793 887 2851 observat,
934 2803 1042 2842 non
1078 2795 1165 2843 est
1204 2787 1573 2843 Christianus.
1631 2787 1846 2859 Lugens
1886 2789 2030 2844 enim

441 2883 708 2940 Jeremias
735 2896 897 2950 super
920 2879 1172 2951 populum
1203 2877 1368 2934 Israel
1391 2897 1406 2934 :
1430 2877 1630 2946 Nolite,
1654 2880 1846 2950 inquit,
1871 2895 2032 2936 onera

445 2987 653 3048 gestare
686 2977 740 3029 in
779 2973 865 3028 die
902 2972 1146 3037 Sabbati,
1176 2982 1223 3026 et
1253 2988 1318 3026 ne
1344 2971 1689 3041 egrediamini
1721 2981 1900 3037 portas
1934 2971 2031 3027 Je-

448 3068 681 3123 rusalem
703 3073 972 3131 portantes
1000 3078 1159 3116 onera
1185 3062 1239 3115 in
1266 3061 1353 3115 die
1378 3058 1598 3114 Subbati
1638 3061 1704 3114 η.

519 3160 607 3214 IV.
651 3158 765 3212 Heu
802 3172 889 3213 me
920 3157 1199 3221 miserum,
1230 3154 1323 3225 qni
1375 3155 1491 3209 luce
1539 3162 1726 3209 saneta
1783 3153 2035 3209 mandata

449 3266 554 3306 non
595 3252 851 3313 observo,
881 3259 938 3305 et
963 3249 1148 3319 gravia
1174 3247 1292 3303 fero
1344 3261 1511 3302 onera
1573 3248 1627 3302 in
1659 3248 1745 3303 die
1767 3244 2033 3303 Sabbatii

451 3346 512 3410 ut
532 3358 580 3398 te
607 3351 736 3397 sunt
757 3342 858 3396 ista
889 3339 1096 3395 onera?
1126 3338 1207 3393 Ira
1235 3353 1373 3394 onus
1401 3348 1487 3393 est
1525 3353 1710 3407 grave,
1741 3339 2035 3407 mmulatio,

450 3436 660 3501 ιιιιὶιιιιι,
693 3433 871 3488 inanis
895 3430 1091 3501 gloria,
1114 3430 1461 3496 obtrectatio,
1487 3430 1888 3497 maledicentia,
1916 3432 2041 3487 irri-

455 3527 611 3590 tatio,
651 3524 928 3595 superbia,
967 3523 1304 3593 arrogantia,
1359 3522 1669 3587 contentio,
1732 3538 1886 3579 amor
1914 3537 2041 3595 pro-

453 3622 607 3690 prius
630 3659 646 3684 ,
684 3620 905 3674 invidia.
936 3616 1061 3671 Haec
1090 3617 1284 3672 animus
1340 3626 1487 3670 sunt.
1530 3616 1788 3687 Corporis
1832 3626 2035 3682 autem,

457 3711 748 3782 ingluvies,
791 3710 995 3764 nimius
1021 3708 1269 3778 corporis
1302 3717 1531 3763 ornatus
1559 3718 1615 3763 et
1657 3723 1811 3772 cura,
1850 3709 2039 3774 libido,

455 3800 915 3871 concupiscentia,
940 3800 1121 3853 cordis
1141 3797 1392 3853 defectio.
1430 3797 1554 3852 llaec
1578 3798 1784 3861 omnia,
1832 3807 1888 3853 et
1913 3798 2039 3853 reli-

458 3908 563 3962 qua
601 3894 684 3946 his
756 3890 976 3952 similia,
1031 3888 1226 3958 repulit
1281 3904 1310 3941 a
1349 3887 1678 3963 corporibus
1708 3899 2038 3958 sanctorum,

462 3984 717 4039 occidens
747 3996 809 4037 ea
848 3981 899 4034 in
925 3988 1117 4035 sancto
1148 3994 1376 4048 corpore
1399 3994 1518 4045 suo,
1556 3987 1613 4033 ut
1642 3978 1872 4034 allirmat
1895 3983 2041 4050 Apo-

460 4076 656 4140 stolus,
695 4090 791 4145 per
851 4088 1071 4128 crucem
1129 4072 1465 4127 interlicieus
1522 4072 1835 4127 inimicitias
1880 4074 1933 4126 in
1984 4089 2043 4128 se

462 4171 579 4240 ipso
616 4168 680 4220 ³³.
721 4166 979 4236 Quisquis
1006 4165 1170 4235 igitur
1202 4165 1388 4233 gravia
1439 4164 1545 4220 fert
1599 4178 1763 4219 onera
1790 4175 2043 4234 peccato-

464 4278 604 4325 rum,
645 4262 691 4316 is
722 4260 1023 4315 Sabbatum
1057 4257 1240 4319 violat,
1300 4271 1401 4311 nec
1443 4272 1601 4312 verus
1651 4268 1735 4311 est
1780 4257 2043 4322 Israelita,

460 4353 643 4408 sedse
690 4351 862 4420 ipsum
922 4347 1141 4415 decipit.
1183 4344 1369 4400 Soloni
1421 4347 1563 4402 enim
1619 4347 1784 4403 habet
1826 4363 2042 4413 nomen,

2122 1880 2269 1933 dum.
2293 1875 2673 1947 Paupertatem
2714 1876 2999 1948 amplexus
3019 1886 3139 1943 est;
3163 1885 3217 1930 tu
3246 1885 3431 1931 autem
3455 1872 3730 1928 abborres

2124 1982 2152 2023 a
2183 1977 2523 2038 paupertate.
2561 1967 2679 2023 Non
2724 1968 2914 2022 habuit
2947 1967 3037 2023 ubi
3093 1975 3255 2037 caput
3309 1966 3619 2021 reclinaret
3648 1965 3730 2027 ";

2126 2072 2181 2117 tu
2212 2051 2424 2117 eertum
2473 2070 2529 2116 et
2582 2060 2925 2115 commodum
2976 2060 3182 2130 quaeris
3228 2058 3599 2114 domicilium.
3638 2057 3731 2112 Ille

2126 2151 2484 2210 contumelias
2507 2150 2765 2222 pertulit;
2820 2160 2875 2204 tu
2903 2165 2997 2206 eas
3028 2150 3172 2206 ferre
3204 2165 3314 2205 non
3342 2148 3449 2205 vis.
3486 2147 3584 2205 ille
3613 2163 3732 2202 rna-

2127 2242 2236 2296 lum
2268 2256 2366 2313 pro
2388 2240 2531 2295 malo
2557 2254 2663 2293 non
2707 2239 2980 2304 reddidit;
3010 2249 3065 2293 tu
3104 2238 3330 2294 ultionis
3358 2253 3420 2294 es
3474 2238 3731 2307 cupidus.

2130 2333 2242 2399 Ille,
2271 2332 2397 2386 dum
2447 2340 2737 2400 pateretur,
2789 2346 2895 2384 non
2933 2329 3417 2384 comminabatur"
3449 2346 3466 2395 ;
3512 2338 3573 2381 tu
3604 2329 3734 2382 dum

2130 2424 2372 2489 laboras,
2401 2422 2673 2478 irasceris.
2699 2420 2797 2475 llle
2828 2423 2970 2475 inter
3000 2420 3326 2491 ignominias
3354 2420 3589 2475 minime
3616 2430 3735 2474 tur-

2132 2515 2406 2581 babatur;
2438 2523 2493 2567 tu
2546 2511 2693 2567 nulla
2752 2509 2978 2567 aﬂ‘ectus
3018 2510 3318 2581 ignominia
3358 2509 3732 2580 perturberis.

2132 2606 2228 2662 Ille
2255 2606 2494 2676 benigne
2531 2606 2600 2660 ad
2630 2619 2690 2660 se
2735 2612 3053 2674 peccatores
3117 2602 3388 2669 vocabat;
3447 2612 3509 2658 tu
3551 2603 3735 2658 verbis

2132 2696 2247 2753 tuis
2268 2697 2476 2750 amicos
2498 2694 2664 2750 etiam
2697 2694 2913 2765 pungis.
2948 2692 3043 2749 ille
3091 2693 3325 2763 injurias
3360 2707 3528 2763 teque
3553 2693 3735 2747 animo

2133 2786 2470 2859 perferebat;
2510 2797 2565 2843 tu
2603 2787 2751 2841 nulla
2800 2787 2996 2856 injuria
3042 2797 3377 2856 provocatus
3404 2784 3734 2857 indignaris.

2135 2878 2229 2935 ille
2249 2886 2561 2934 mansuetus
2590 2878 2644 2932 in
2671 2891 2767 2932 eos
2789 2879 2884 2948 qui
2922 2878 2976 2932 in
3033 2888 3326 2947 peccatum
3380 2876 3730 2950 inciderant;

2141 2980 2195 3025 tu
2220 2971 2483 3040 superbus
2503 2971 2667 3026 etiam
2696 2971 2747 3024 in
2778 2985 2873 3026 eos
2902 2970 2993 3040 qui
3027 2979 3081 3024 te
3138 2968 3396 3024 meliores
3433 2970 3732 3025 exsistunt.

2143 3064 2235 3120 Ille
2283 3064 2634 3135 semetipsum
2676 3063 2898 3117 tradidit
2934 3077 3032 3133 pro
3061 3062 3168 3118 illis
3197 3076 3229 3117 a
3253 3062 3457 3132 quibus
3494 3061 3731 3117 oﬂ'eusus

2062 3129 2106 3187 θ
2140 3158 2341 3225 fuerat,
2372 3167 2433 3212 ut
2465 3129 2559 3213 eos
2588 3155 2878 3211 redimeret
2902 3129 3004 3222 ;-tn
3042 3169 3138 3209 eos
3166 3129 3330 3210 etiam
3352 3153 3526 3219 laedis,
3549 3153 3643 3224 qui
3668 3153 3730 3208 de

2143 3261 2194 3307 te
2222 3261 2348 3304 sunt
2384 3249 2522 3305 bene
2546 3249 2747 3303 meriti.
2778 3247 3080 3307 Considera
3103 3248 3232 3317 quid
3256 3247 3351 3302 tibi
3383 3246 3471 3301 ille
3498 3246 3725 3311 dederit,

2138 3350 2195 3395 et
2227 3340 2356 3410 quid
2394 3351 2448 3393 tu
2488 3338 2731 3394 vicissim
2787 3338 2865 3393 illi
2895 3338 3189 3393 retribuas.
3215 3338 3464 3408 Agnosco
3491 3336 3641 3391 illum
3662 3351 3723 3390 es

2140 3432 2258 3503 ejus
2286 3432 2563 3502 operibus,
2591 3439 2645 3486 et
2682 3439 2739 3485 te
2772 3439 2859 3486 'ex
2917 3430 3178 3500 operibus
3212 3431 3341 3486 tuis.
3383 3429 3442 3484 Si
3484 3441 3721 3485 manuus

2141 3542 2200 3582 es
2257 3539 2379 3579 cum
2412 3525 2549 3594 ipso,
2573 3523 2715 3592 quis,
2738 3522 2869 3580 facit
2920 3524 3024 3580 ista
3051 3537 3243 3595 opera,
3269 3523 3324 3579 id
3346 3532 3435 3580 est
3464 3523 3574 3578 ista
3600 3535 3719 3592 pec-

2142 3616 2298 3673 cata?

2214 3710 2302 3766 Vl.
2347 3709 2548 3765 Sancta
2575 3707 2746 3779 ipsius
2777 3705 3032 3763 mandata
3054 3705 3342 3777 diligenter
3361 3705 3720 3767 attendamus.

2153 3802 2518 3869 dilectissimi,
2548 3810 2604 3856 et
2661 3800 2911 3870 proprias
2961 3794 3354 3868 abnegabimus
3399 3794 3720 3850 voluntates.

2147 3894 2204 3950 Si
2236 3896 2509 3965 diligimus
2533 3907 2627 3949 eos
2660 3892 2751 3962 qui
2783 3904 2886 3945 nos
2923 3888 3134 3955 colunt,
3178 3889 3309 3958 quid
3346 3887 3580 3957 amplius
3602 3885 3721 3941 τιοί-

2147 4001 2269 4041 mus
2299 4000 2460 4055 quam
2482 3984 2688 4039 ethnici
2723 3982 2801 4035 ιιι
2824 3980 2880 4036 Si
2910 3995 3011 4050 pro
3058 3981 3198 4034 bene
3240 3977 3582 4035 merentibus
3607 3991 3720 4034 ora—

2149 4093 2291 4141 mus,
2325 4077 2377 4131 id
2404 4077 2605 4131 faciunt
2625 4087 2681 4131 et
2718 4073 3012 4145 publicani.
3038 4071 3097 4128 Si
3127 4071 3462 4127 laudantium
3486 4083 3725 4127 sermone

2148 4169 2458 4234 delectaris,
2495 4179 2548 4223 et
2575 4166 2777 4223 Iudaeis
2827 4167 2966 4222 idem
3025 4165 3315 4235 contingit.
3378 4164 3523 4232 Quid
3576 4164 3723 4235 igitur

2147 4260 2380 4332 amplius
2403 4260 2537 4315 facis
2569 4269 2622 4313 tu
2655 4260 2746 4329 qui
2784 4268 3008 4328 peccato
3035 4255 3466 4321 mortuus,vivis
3499 4256 3553 4310 in
3575 4256 3726 4332 ιιιπι.

2149 4326 2429 4405 διο-λυδιιῖ
2456 4350 2511 4403 Si
2538 4363 2631 4403 eos
2658 4326 2751 4418 qui
2781 4326 2874 4402 tibi
2900 4349 3297 4416 obsequuntur,
3330 4355 3541 4399 tantum
3565 4326 3726 4410 siuas,

464 4457 564 4498 nec
591 4441 886 4511 quidquam
919 4437 1147 4505 accipiet
1184 4452 1213 4489 a
1243 4436 1475 4492 Domino
1515 4437 1665 4504 Jesn,
1694 4454 1854 4508 quem
1888 4440 2044 4495 factis
2076 4469 2122 4524 θ
2150 4444 2279 4513 quid
2312 4442 2549 4512 amplius
2572 4440 2707 4494 facis
2741 4454 2904 4509 quam
2929 4436 3291 4508 peccatores?
3326 4434 3520 4491 Nonne
3553 4448 3607 4492 et
3635 4436 3729 4508 ipsi

463 4543 647 4604 negat,
695 4531 965 4585 suscitans
1013 4544 1073 4582 ea
1121 4542 1244 4597 quae
1278 4529 1569 4595 interfecit,
1607 4540 1661 4584 ct
1714 4532 1916 4587 faciens
1958 4532 2043 4587 illa

462 4632 583 4697 qua:
613 4624 876 4696 sepelivit.
899 4623 1033 4677 Cum
1088 4622 1252 4691 igitur
1314 4623 1522 4677 venerit
1570 4622 1831 4680 Dominus
1889 4623 2047 4680 Jesus

464 4722 517 4774 in
568 4718 738 4789 gloria
777 4731 896 4779 sua,
927 4714 1070 4769 solos
1120 4714 1260 4770 filios
1319 4712 1504 4780 lsrael,
1562 4715 1612 4769 id
1646 4723 1727 4771 est
1756 4717 1900 4772 solos
1926 4732 2049 4771 vere

463 4809 829 4871 Christianos,
896 4806 1314 4861 circumcisione
1381 4821 1484 4861 non
1543 4808 1881 4872 manufacta,
1949 4811 2044 4866 sed

464 4901 660 4970 spiritu
688 4900 1065 4965 circumcisus,
1094 4912 1231 4967 quos
1254 4898 1323 4953 ex’
1346 4898 1596 4954 omnibus
1620 4898 1829 4968 pepulis
1857 4901 2044 4971 elegit,

465 4994 624 5046 ducet
655 4992 704 5042 in
741 5004 964 5056 regnum
996 5004 1150 5042 suum
1182 4990 1592 5057 sempiternum.
1628 4989 1854 5045 Ca'citas
1884 4994 2044 5059 enim,

467 5083 644 5152 inquit
666 5081 975 5149 Apostolus,
1007 5080 1227 5150 contigit
1257 5090 1487 5148 exparte
1508 5082 1698 5151 papula
1726 5082 1918 5150 Israel,
1947 5086 2046 5139 do-

467 5193 557 5230 nec
586 5190 764 5228 manes
798 5174 1166 5244 ingrediantur
1190 5174 1428 5227 nationes
1455 5173 1535 5241 ‘i;
1558 5184 1612 5228 et
1640 5190 1852 5230 rursum
1881 5192 1895 5228 :
1918 5178 2024 5243 Qui
2033 5207 2055 5221 -

468 5284 671 5337 cunque
697 5265 832 5320 ltanc
864 5267 1098 5336 regulam
1124 5266 1288 5318 secuti
1322 5265 1539 5333 fuerint,
1581 5283 1687 5335 pax
1713 5282 1871 5335 super
1901 5269 2043 5336 illos,

466 5368 512 5410 et
577 5373 739 5426 super
808 5355 978 5408 Israel
1033 5354 1128 5407 Dei
1176 5355 1242 5407 ”.
1310 5355 1713 5411 Animadvertis
1772 5372 1866 5413 eos
1923 5375 2049 5416 esse

468 5447 741 5505 lsraelitas
771 5447 893 5513 Dei,
923 5446 1012 5515 qui
1040 5446 1220 5500 cordis
1250 5445 1449 5500 habent
1485 5447 1959 5507 circumeisionem
1990 5465 2047 5512 et

537 5573 561 5605 ⁸
599 5572 884 5635 Exod.xx,
915 5568 1071 5641 8.9.7
1119 5570 1139 5600 '
1174 5568 1361 5641 Exod.
1411 5585 1561 5641 XXXI,
1621 5574 1710 5630 ii.

469 5643 514 5676 ss
552 5643 751 5708 Ephes,
806 5658 866 5705 ιι,
909 5641 999 5708 14,
1054 5640 1142 5694 16.
1254 5641 1297 5672 ’⁵
1332 5639 1491 5695 Rom.
1545 5639 1596 5701 tu
1661 5649 1751 5703 ‘33.

472 5714 516 5746 "
547 5715 568 5767 ι
600 5710 751 5768 I’etr.
776 5728 839 5781 ιι,
866 5711 958 5767 25.
998 5770 1003 5775 ,
1039 5712 1080 5744 ¹⁹
1120 5710 1310 5767 Matth.
1346 5728 1397 5774 ιν,
1423 5713 1537 5771 Illi,

1808 5578 1852 5609 ¹⁰
1891 5578 2050 5634 .ioan.
2098 5597 2215 5644 χιιι,
2260 5578 2457 5634 28-50.

1864 5650 1906 5681 ”
1946 5650 2065 5707 Gal.
2105 5668 2177 5719 vr,
2212 5651 2298 5707 16.

2152 4535 2291 4590 idem
2322 4532 2562 4587 faciunt?
2593 4531 2648 4585 Si
2684 4523 2777 4586 eos
2808 4532 2901 4599 qui
2952 4540 3004 4583 te
3055 4528 3301 4582 molestia
3349 4527 3617 4593 alliciunt,
3647 4528 3730 4598 qui

2151 4644 2257 4682 non
2323 4627 2601 4688 obediunt,
2656 4626 2744 4694 qni
2794 4623 3106 4686 lacessunt,
3168 4622 3293 4676 odio
3352 4622 3727 4691 prosequeris;

2151 4720 2374 4775 ethnico
2403 4728 2457 4773 et
2488 4726 2545 4771 t-u
2604 4716 2798 4771 similis
2833 4731 2892 4770 es
2932 4734 2946 4769 :
2984 4729 3080 4785 pro
3113 4713 3220 4770 illis
3264 4715 3447 4783 potius
3482 4713 3583 4767 tibi
3616 4730 3732 4784 pre-

2153 4812 2382 4868 candum
2420 4819 2558 4875 erat,
2594 4819 2650 4862 ut
2680 4809 2761 4863 eis
2791 4808 3189 4880 ignosceretur.
3236 4806 3294 4861 Si
3313 4806 3664 4860 contumeliis
3685 4813 3732 4858 ct

2155 4903 2470 4975 ignominiis
2522 4902 2721 4967 doles;
2782 4902 2969 4956 dolent
3023 4907 3078 4954 et
3120 4898 3415 4969 publicani.
3448 4895 3528 4953 Te
3566 4913 3730 4969 ipsum

2155 5005 2351 5051 excute.
2381 5005 2435 5049 et
2470 5000 2712 5063 expende
2739 4995 2829 5064 qui
2861 4994 2913 5047 in
2944 4991 3146 5047 Christi
3187 4991 3405 5045 nomine
3436 4992 3735 5062 baphzatus

2157 5098 2240 5147 es,
2269 5092 2446 5137 utrum
2476 5085 2588 5139 haec
2627 5085 2735 5139 sint
2766 5098 2931 5152 opera
2965 5082 3169 5136 nomini
3219 5092 3311 5136 tuo
3364 5084 3730 5152 congruentia.

2163 5177 2308 5231 Eune
2335 5178 2389 5231 in
2435 5177 2522 5232 die
2552 5177 2740 5248 glorias
2800 5176 2918 5246 ejus
2966 5184 3143 5229 tecum
3195 5188 3378 5227 coram
3410 5173 3505 5227 illo
3540 5173 3734 5227 laturus

2162 5271 2258 5339 sis,
2283 5282 2339 5324 nt
2365 5270 2684 5326 coroneris?
2705 5269 2916 5325 Corona
2956 5269 3176 5323 dabitur
3200 5283 3300 5337 pro
3334 5266 3553 5322 illarum
3577 5269 3733 5322 \icto-

2159 5366 2238 5417 ria
2270 5362 2765 5434 perturbationum,
2796 5375 2932 5431 quas
2981 5359 3109 5413 olim
3163 5355 3732 5429 superavitliextuus,

2157 5471 2215 5511 se
2247 5456 2421 5527 ipsum
2456 5455 2547 5511 tibi
2573 5469 2879 5525 proponens
2931 5451 3262 5523 exemplum.
3313 5449 3431 5519 Ipse
3456 5453 3598 5506 enim
3630 5451 3735 5507 Rex

2538 5578 2579 5608 “
2623 5574 2787 5631 llebr.
2820 5591 2894 5641 tv,
2922 5574 3011 5629 10.
3092 5574 3135 5605 ¹¹
3173 5571 3285 5628 Jer.
3329 5587 3466 5639 xv",
3513 5573 3606 5638 ει,
3650 5574 3730 5629 22.

2415 5651 2458 5682 ³⁸
2498 5647 2656 5703 Rom.
2716 5664 2778 5714 ιι,
2828 5646 2919 5714 28,
2977 5644 3069 5700 29.
3186 5645 3230 5691 ίῖ
3273 5642 3467 5699 Matth.
3503 5659 3618 5714 vtu,
3650 5645 3731 5699 2ο.
