3888 6284
205 443 351 503 υεθ

1293 448 1352 506 S.
1394 450 1597 508 [SALE
1640 450 1933 508 ABBATIS
1979 450 2396 509 ORATIONES.

3353 453 3487 508 “70

209 574 431 631 regum,
470 568 523 616 et
561 561 819 618 Dominus
872 561 1293 630 dominantium,
1353 584 1476 623 cum
1511 569 1600 624 illa
1625 569 1712 625 die
1744 586 1802 626 se
1829 573 1874 634 Δ
1912 570 2161 625 habitant
2214 571 2269 626 in
2305 569 2485 626 animo
2516 569 2757 625 hominis
2789 567 3113 625 contentiosi
3144 575 3195 622 et
3223 582 3456 638 arrogan

205 658 460 728 gentibus
489 658 742 714 omnibus
788 661 1230 731 conspiciendum
1285 666 1545 734 praebebit
1597 668 1648 722 in
1687 683 1799 722 ma-

207 748 426 817 iestate,
479 765 664 806 secum
714 751 852 807 feret
914 755 1066 824 signa
1122 771 1242 820 sua,
1275 773 1468 829 nempe
1515 759 1798 816 cicatrices

207 840 334 896 illas
354 855 491 910 quas
523 857 619 912 pro
662 843 817 899 nobis
862 847 1107 915 pertulit.
1169 848 1247 903 Tu
1278 865 1406 904 vero
1454 851 1588 906 nihil
1612 866 1798 907 eorum

208 934 390 990 simile
425 934 636 991 laturus
663 951 721 992 es
749 937 801 991 in
837 954 1065 1008 corpore
1098 949 1207 996 tuo.
1259 940 1620 1008 Quamobrem
1659 944 1802 998 dicet

209 1025 337 1081 tibi:
399 1024 594 1082 Nescio
640 1036 711 1082 te.
764 1029 916 1081 Tunc.
949 1030 1136 1085 videns
1163 1046 1354 1086 omnes
1399 1042 1639 1097 sanctos,
1695 1032 1788 1102 qui

209 1127 434 1188 propter
454 1113 650 1174 nomen
683 1120 854 1190 ipsius
886 1132 1114 1177 mortem
1135 1123 1504 1193 oppetierunt,
1539 1124 1592 1178 in
1613 1139 1799 1179 eorum

207 1219 505 1280 conspectu
541 1211 866 1268 erubescens
904 1215 1160 1271 consiste.
1201 1216 1523 1273 Sanctorum
1555 1219 1797 1272 omnium

209 1301 353 1355 vitas
374 1301 667 1371 perpende,
699 1312 753 1358 et
794 1317 888 1358 eos
924 1305 1188 1379 reperies,
1236 1322 1357 1362 cum
1390 1309 1532 1364 mala
1560 1309 1798 1379 pertule-

210 1401 366 1458 runt,
398 1407 462 1447 ea
513 1408 618 1450 non
660 1395 995 1465 rependisse.
1056 1378 1291 1468 Sanguis
1333 1413 1521 1455 eorum
1555 1378 1799 1456 omnium

209 1481 712 1542 clamatzvmrlica
771 1502 869 1542 nos
921 1503 987 1542 ex
1049 1489 1302 1546 omnibus
1364 1490 1800 1547 inhabitantibus

212 1585 444 1630 terram.
476 1574 590 1646 Ego
618 1593 772 1646 vero,
807 1580 896 1650 qui
921 1582 1092 1636 otium
1122 1591 1177 1636 et
1207 1582 1443 1652 quietem
1472 1583 1803 1654 diligo,qnid

207 1663 391 1720 dicam
422 1665 475 1720 in
513 1665 602 1722 illa
636 1669 724 1723 die
753 1671 970 1739 quando
1000 1671 1328 1742 perspiciam
1355 1671 1464 1727 illic
1485 1673 1799 1742 prophetas,

209 1767 269 1812 et
307 1760 596 1829 apostolos,
654 1771 709 1817 et
757 1773 1054 1834 martyres,
1078 1775 1132 1820 et
1168 1765 1407 1834 reliquos
1436 1774 1675 1830 sanctos,
1710 1767 1801 1835 qui

213 1849 423 1906 nullum
457 1852 648 1908 dantes
675 1853 897 1911 ultionis
923 1865 1019 1911 aut
1046 1857 1340 1912 iracundiae
1370 1857 1606 1926 signum,
1647 1858 1696 1912 in
1717 1859 1803 1912 in-

1904 664 1992 718 tis.

1978 753 2115 809 VIII.
2160 755 2262 821 Qui
2293 763 2516 825 peccata
2554 753 2651 809 sua
2685 753 3017 832 considerat,
3052 752 3206 808 facile
3242 752 3508 840 assequi-l

1910 856 1999 901 tur
2031 848 2417 902 humilitatem.
2450 845 2784 902 llumilitalis
2834 855 2938 911 est,
2992 843 3506 914 pr0priam'volun-’

1909 948 2072 993 tatem
2103 938 2374 1008 subjicere
2410 939 2642 1008 proximi
2697 937 2982 992 voluntati.
3050 934 3242 990 Cordis
3279 932 3492 987 mundi-

1908 1031 1978 1084 tia
2013 1039 2194 1100 gratas
2227 1029 2335 1084 Deo
2381 1045 2569 1099 preces
2598 1028 2873 1097 persolvit.
2934 1028 3030 1084 Cui
3062 1025 3278 1096 propria
3301 1024 3488 1094 displi-

1905 1127 2034 1174 cent
2059 1119 2215 1184 vitia,
2254 1119 2422 1175 luctui
2458 1130 2513 1174 et
2562 1119 2818 1190 Iacrymis
2880 1127 3056 1175 vacat.
3104 1116 3358 1172 Charitas
3385 1130 3490 1171 non

1889 1209 2110 1289 judicat
2160 1212 2490 1280 proximum.
2554 1211 2820 1267 Patientia
2859 1227 2966 1266 non
2994 1209 3491 1279 meminitinjuria-

1905 1318 2046 1356 rum.
2091 1302 2190 1369 Qui
2229 1303 2393 1357 Deum
2423 1303 2623 1374 diligit,
2671 1304 2963 1359 vindictam
3003 1319 3107 1358 non
3142 1303 3368 1374 appetit.
3391 1290 3492 1368 Qui

1914 1393 2191 1449 silentium
2219 1404 2273 1449 et
2308 1395 2550 1463 quietem
2582 1396 2732 1460 colit,
2759 1397 2900 1465 quod
2933 1396 3031 1451 sibi
3063 1397 3242 1450 IIIIIIUS
3275 1396 3495 1451 obedia-

1909 1497 1996 1540 tur
2027 1501 2132 1540 non
2165 1489 2812 1543 comrnovetur.Animus
2831 1489 3164 1558 paupertatis
3192 1488 3488 1552 studiosus,

1907 1575 2169 1632 innocens
2197 1586 2298 1634 est.
2336 1579 2439 1645 Qui
2490 1581 2724 1649 prapriis
2775 1581 3028 1634 sensibus
3065 1580 3402 1644 dominatur,
3439 1580 3502 1633 iu.

1906 1682 2039 1735 pace
2067 1669 2230 1740 degit.
2271 1669 2370 1736 Qui
2425 1671 2574 1725 mitis
2627 1681 2732 1734 est,
2774 1673 2956 1726 omnia
2990 1673 3214 1742 perfert.
3248 1672 3350 1739 Qui
3389 1670 3493 1726 mir-

1906 1758 2162 1826 sericors,
2200 1760 2360 1814 facile
2401 1761 2652 1830 ignoscit.
2708 1759 2946 1828 Propria:
3003 1760 3294 1814 voluntatis
3324 1761 3496 1814 abneo

1905 1848 2054 1918 gatio
2086 1850 2411 1920 gignitme
2462 1851 2667 1915 omnia,
2721 1861 2774 1906 et
2803 1853 3001 1905 virtute
3063 1850 3282 1904 amabili
3342 1850 3493 1920 pacis

202 1942 375 2013 juriis
428 1943 726 2000 tolerandis
773 1945 944 2002 fortes
991 1960 1156 2018 atque
1206 1921 1522 2004 consuli-tes
1573 1921 1801 2002 exstite-
1834 1921 1878 1977 Β
1915 1942 2139 1998 vinculo
2171 1928 2492 2014 'conjungit.
2543 1943 2688 1998 Nihil
2754 1945 2806 1998 in
2870 1944 3127 1999 omnibus
3195 1942 3497 2012 Scripturis

218 2035 392 2090 runt?
412 2034 545 2091 Cum
589 2035 676 2092 illa
709 2037 825 2094 dies
853 2038 1154 2104 advenerit,
1181 2054 1285 2094 non
1313 2040 1419 2094 erit
1461 2039 1514 2093 in
1542 2045 1806 2109 cujusque

218 2137 489 2200 potestate
507 2129 636 2199 quid
667 2131 1011 2200 respondeat;
1047 2130 1143 2186 sed
1170 2130 1544 2200 unusquisque
1563 2138 1808 2200 resurget

211 2222 456 2292 propriis
493 2223 772 2294 operibus,
824 2224 941 2280 sive
970 2224 1127 2279 bonis
1180 2224 1296 2278 sive
1339 2222 1519 2286 malis,
1551 2232 1806 2291 tanquam

209 2315 563 2370 vestimentis
618 2315 859 2372 indutus.
921 2314 1098 2386 Opera
1159 2315 1454 2387 loquentur
1500 2316 1639 2386 ipsa,
1670 2316 1806 2370 etin

211 2403 339 2460 loco
361 2404 622 2475 cujusque
673 2406 990 2461 consistent.

297 2493 409 2552 VII.
450 2495 648 2552 Beatus
681 2496 772 2567 qui
804 2496 860 2552 in
898 2511 1020 2551 eam
1055 2511 1240 2552 curam
1270 2496 1557 2568 diligenter
1589 2499 1804 2554 incum-

214 2586 320 2653 bit,
355 2595 415 2642 ut
443 2596 609 2642 exuat
660 2603 824 2659 opera
860 2602 979 2655 qua:
1028 2588 1081 2643 in
1118 2590 1426 2659 gehennam
1484 2589 1804 2656 detrahunt,

218 2687 278 2734 et
308 2678 499 2734 induat
553 2678 643 2734 illa
694 2693 816 2749 quae
865 2679 1168 2748 perducunt
1225 2679 1280 2733 in
1312 2679 1532 2736 coelum.
1585 2679 1812 2735 Nantut

219 2769 522 2840 Apostolus
556 2770 664 2825 ait:
703 2768 771 2824 Et
809 2770 854 2824 si
904 2781 1112 2823 terrena
1153 2780 1334 2825 nostra
1367 2770 1626 2824 habitatio
1651 2771 1810 2839 hujus

218 2862 552 2916 tabernaculi
582 2861 920 2927 dissolvatur,
945 2860 1139 2914 scimus
1191 2877 1284 2914 nos
1316 2860 1692 2914 habitationem
1713 2860 1813 2914 ha-

219 2953 344 3009 bere
370 2953 586 3008 domum
612 2970 716 3009 non
770 2952 1134 3020 manufuctam
1163 2953 1217 3006 in
1269 2951 1415 3006 caelis
1450 2952 1516 3006 ὀ.
1553 2950 1696 3006 Nihil
1727 2962 1813 3007 est

223 3057 439 3116 tempus
459 3045 584 3100 vitae
606 3058 828 3112 nostra,
861 3056 1061 3101 etcum
1087 3045 1292 3100 venerit
1323 3045 1452 3099 hora
1481 3056 1685 3112 nostra,
1713 3060 1806 3099 ra-

225 3137 302 3193 tio
337 3152 367 3191 a
403 3137 562 3192 nobis
623 3137 822 3192 acriter
882 3136 1148 3206 exigetur.
1186 3134 1265 3191 Ne
1309 3134 1416 3190 sint
1452 3135 1615 3204 igitur
1638 3133 1806 3189 animi

222 3230 403 3285 nostri
446 3229 660 3285 remissi
693 3240 746 3284 et
778 3227 1051 3293 dissoluti,
1086 3227 1181 3284 sed
1212 3228 1362 3283 omni
1419 3227 1600 3282 studio
1631 3239 1696 3281 ac
1725 3226 1808 3280 di-

222 3319 448 3390 ligentia
481 3318 812 3384 laboremus,
840 3318 1267 3390 suppliciterque
1310 3318 1376 3371 ad
1428 3315 1522 3372 Dei
1566 3316 1814 3387 benigni-

233 3420 426 3478 tatem,
454 3421 514 3467 ut
543 3427 642 3468 nos
678 3412 916 3482 adjuvet,
977 3413 1195 3468 assidue
1245 3409 1641 3482 confugiamus.
1683 3409 1814 3466 Fra-

231 3503 407 3558 tribus
444 3504 644 3557 nostris
681 3518 747 3557 ne
797 3503 1121 3568 irascamur,
1174 3502 1315 3573 quod
1345 3517 1403 3556 rc
1434 3511 1528 3556 aut
1558 3516 1812 3557 sermone

226 3607 330 3648 nos
366 3593 623 3650 lteserint.
661 3595 813 3661 Quod
846 3596 890 3651 si
924 3595 1182 3664 operarii,
1218 3605 1270 3649 et
1300 3609 1426 3649 vasa
1463 3593 1662 3650 diaboli
1694 3610 1816 3650 esse

234 3689 618 3758 perrexerint,
675 3688 770 3744 Dei
814 3689 1213 3745 constituentur
1262 3691 1580 3756 adversarii,
1643 3691 1816 3746 donec

235 3781 627 3848 dissolvantur,
655 3789 710 3836 et
732 3796 762 3838 e
788 3781 962 3837 Stadio
1002 3780 1232 3853 fugiant.
1263 3781 1528 3840 Omnibus
1548 3783 1604 3838 in
1630 3783 1813 3849 rebus,

239 3873 445 3928 fratres
500 3873 831 3940 cbarissimi,
888 3875 1253 3931 humilitatem
1285 3885 1339 3930 et
1366 3877 1681 3946 patientiam
1707 3891 1817 3931 ant-

231 3965 569 4034 plectimini;
605 3974 662 4020 et
688 3979 904 4036 semper
938 3966 990 4021 in
1026 3981 1145 4022 eam
1180 3967 1566 4038 cogitationem
1605 3969 1817 4023 incum-

230 4058 366 4117 bite.
401 4066 458 4111 ut
480 4059 713 4128 propria:
741 4058 1004 4114 voluntati
1037 4059 1400 4125 renuntietis;
1443 4075 1565 4113 nam
1597 4058 1816 4130 propria

232 4148 486 4204 voluntas
522 4149 702 4219 perdit
745 4165 937 4207 omnes
993 4150 1245 4204 virtutes.
1309 4150 1410 4216 Qui
1461 4151 1818 4220 cogitationes

233 4255 365 4296 suas
399 4252 546 4297 recte
580 4240 817 4312 disponit
844 4257 910 4299 ac
942 4243 1257 4300 moderatur
1278 4282 1293 4308 ,
1347 4243 1619 4312 propriam
1649 4243 1808 4297 abnec

237 4341 332 4404 gat
394 4333 762 4403 voluntatem;
820 4345 875 4390 et
920 4335 1390 4390 mansuetudinem
1457 4333 1818 4405 amplectens,

235 4434 495 4494 tanquam
521 4441 550 4479 a
585 4425 819 4481 dracone
845 4425 978 4496 fugit
1023 4427 1090 4483 ab
1117 4425 1276 4486 omni,
1302 4425 1570 4481 discordia
1597 4435 1652 4481 et
1682 4441 1817 4481 con-

239 4514 501 4572 tentione.
531 4514 659 4572 Ilaec
687 4517 830 4572 enim
875 4526 1045 4572 totum
1102 4516 1320 4572 virtutis
1350 4516 1638 4572 azdificium
1671 4531 1826 4573 ever~

240 4605 329 4672 tit,
354 4617 409 4662 et
431 4609 614 4664 animo
642 4610 894 4665 tenebras
934 4609 1186 4676 offundit,
1220 4618 1278 4664 ut
1313 4609 1614 4666 honestatis
1639 4609 1815 4666 lucent
1855 4643 1898 4699 ο

235 4700 487 4770 aspicere
521 4711 772 4773 nequeat.
804 4703 885 4758 Ab
914 4704 1018 4759 hoc
1067 4703 1235 4774 igitur
1267 4703 1418 4770 vitio,
1444 4705 1589 4774 quod
1617 4718 1678 4760 se
1715 4703 1822 4758 vir-

237 4791 450 4847 tutibus
482 4793 722 4849 insinuat
781 4805 944 4866 atque
986 4796 1248 4866 implicat,
1304 4798 1477 4853 donec
1504 4812 1598 4852 eas
1624 4796 1822 4861 deleat,

235 4881 525 4939 declinato.
563 4884 776 4940 Etenim
804 4901 903 4942 nec
937 4886 1203 4942 Dominus
1225 4885 1384 4943 Iesus
1402 4887 1553 4958 prius
1581 4889 1828 4944 ascendit

236 4975 295 5029 in
329 4989 572 5042 crucem,
596 4995 757 5048 quam
803 4978 996 5035 Iudam
1029 4979 1330 5049 expulisset
1389 4995 1421 5034 e
1449 4980 1626 5035 medio
1656 4981 1824 5036 disci-

233 5066 508 5137 pulorum.
556 5068 671 5126 Nisi
722 5071 865 5125 enim
915 5071 1077 5127 homo
1131 5079 1328 5128 tetrum
1381 5072 1483 5128 hoc
1513 5073 1704 5127 vitium
1732 5088 1827 5129 cx-

235 5160 458 5231 scindit,
493 5180 598 5218 non
660 5177 840 5236 potest
871 5167 1136 5236 proficere
1179 5168 1474 5224 secundum
1513 5157 1718 5234 Deum;
1758 5184 1825 5223 ex

234 5267 306 5307 eo
329 5268 563 5324 namque
589 5256 728 5310 mala
752 5268 947 5313 cuncta
983 5259 1424 5328 proficiscuntur.
1470 5259 1572 5327 Qui
1605 5261 1708 5314 hoc
1738 5260 1821 5313 vi-

240 5345 316 5398 tio
355 5344 586 5414 laborat,
612 5361 831 5404 crucem
891 5364 1047 5404 suam
1093 5349 1239 5405 ferre
1272 5366 1377 5406 non
1439 5351 1570 5415 vult,
1608 5351 1826 5405 inanem

236 5436 465 5506 gloriam
491 5439 773 5508 sequitur;
811 5442 993 5496 omnia
1047 5443 1282 5513 denique
1337 5460 1460 5516 qua:
1517 5444 1658 5499 Deus
1688 5445 1823 5509 odit,

312 5590 360 5624 "
397 5594 437 5650 Il
485 5593 610 5651 Cor.
644 5612 700 5661 ν,
741 5597 790 5650 l.
884 5597 928 5629 ’ί
971 5595 1075 5650 Tit.
1112 5612 1148 5661 ι,
1181 5597 1237 5651 2.

317 5776 429 5846 (I5)
472 5776 756 5831 Interiora.
788 5775 974 5832 Nullus
1007 5778 1195 5834 dubito
1235 5778 1363 5846 quin
1416 5780 1696 5846 tegendum
1721 5779 1811 5845 sit,

243 5849 536 5904 anteriora.
568 5847 663 5904 llic
718 5850 859 5904 enim
910 5850 1131 5920 respicit
1163 5861 1350 5906 auctor
1379 5851 1445 5904 ad
1471 5850 1697 5921 Philipp.
1728 5867 1812 5915 ιιι,

1910 2035 2206 2105 perspicio,
2237 2037 2378 2105 quod
2402 2037 2578 2106 magis
2606 2037 2674 2091 ab
2701 2037 2919 2092 homine
2947 2037 3086 2092 Deus
3110 2035 3313 2104 exigat,
3332 2049 3493 2103 quam

1911 2137 1971 2182 ut
2003 2125 2255 2182 omnibus
2285 2127 2336 2180 in
2363 2127 2525 2184 rebus
2575 2127 2822 2182 humilict
2892 2143 2952 2182 se
3011 2127 3255 2196 proximo
3295 2141 3415 2192 suo,
3444 2137 3500 2180 et

1911 2220 2182 2290 propriam
2215 2219 2448 2289 abneget
2470 2219 2827 2284 voluntatem,
2868 2229 2922 2274 ct
2970 2220 3064 2274 Dei
3105 2234 3323 2288 semper
3344 2219 3499 2272 auxi—

1912 2311 2044 2366 lium
2078 2311 2352 2380 imploret,
2377 2320 2432 2365 ut
2455 2310 2642 2368 oculos
2669 2326 2798 2368 suos
2856 2310 3056 2366 excitet
3080 2325 3110 2364 a
3138 2325 3332 2367 somno
3355 2309 3498 2364 obli-

1919 2403 2086 2459 vionis
2141 2403 2284 2459 etab
2337 2417 2524 2459 errore
2576 2403 2928 2474 captivitatis.
2985 2402 3230 2458 Hominis
3293 2416 3484 2457 natura

1911 2496 2186 2554 mutabilis
2211 2505 2384 2562 est,et
2405 2497 2472 2553 ad
2501 2496 2700 2552 malum
2731 2510 2930 2564 prona;
2955 2495 3046 2550 Dei
3083 2510 3211 2550 vero
3231 2503 3314 2550 est
3333 2495 3498 2550 mise-

1919 2588 2050 2652 rcri,
2087 2598 2140 2642 et
2184 2588 2612 2642 imbecillitatem
2664 2598 2911 2642 nostram
2963 2588 3357 2654 corroborare;
3408 2587 3500 2641 Dei

1913 2696 2012 2736 nos
2036 2683 2102 2735 ad
2133 2695 2191 2736 se
2217 2691 2568 2745 convertere;
2600 2679 2692 2735 Dei
2724 2681 2878 2735 nobis
2907 2680 3136 2748 gratiam
3173 2679 3418 2748 elargiri,
3443 2688 3502 2732 ut

1913 2773 1960 2827 ei
1989 2773 2192 2844 gratias
2226 2788 2483 2840 agamus;
2516 2771 2609 2826 Dei
2635 2787 2734 2827 nos
2765 2770 3058 2826 defendere
3088 2780 3252 2840 atque
3285 2772 3500 2840 eripere

1912 2880 1944 2920 e
1978 2865 2226 2920 manibus
2265 2865 2646 2932 inimicorum;
2692 2863 2786 2919 Dei
2845 2863 3075 2934 denique
3109 2872 3189 2918 est
3245 2863 3418 2918 honor
3446 2871 3503 2918 et

1913 2957 2084 3026 gloria
2117 2957 2171 3011 in
2198 2957 2394 3014 saeula
2455 2957 2801 3013 smculornm.
2847 2955 3045 3010 Amen.
3079 2954 3498 3011 Contentiouem

1912 3064 2052 3106 vero
2091 3064 2212 3120 qua:
2245 3049 2485 3118 pariunt,
2518 3049 2637 3103 hzec
2659 3057 2786 3104 sunt
2813 3064 2830 3104 :
2870 3046 3294 3116 multiloquium,
3319 3053 3374 3100 et
3406 3060 3502 3101 cu-

1913 3143 2152 3207 riositas,
2181 3151 2238 3204 et
2265 3141 2528 3207 adulatio,
2560 3150 2614 3196 et
2645 3140 2981 3217 arrogantia,
3023 3149 3078 3195 et
3100 3140 3298 3210 linguae
3321 3135 3502 3208 dupli-

1915 3235 2072 3294 citas.
2105 3235 2301 3290 Anima
2336 3234 2482 3291 illius
2519 3233 2573 3290 in
2601 3248 2709 3304 quo
2761 3242 2890 3289 sunt
2941 3233 3076 3297 haec,
3110 3232 3368 3286 virtutum
3418 3238 3503 3284 est

1917 3343 2139 3398 expers.
2164 3327 2281 3384 Nisi
2338 3327 2466 3399 quis
2518 3341 2714 3396 tnagno
2743 3341 2866 3382 cum
2898 3327 3097 3381 sudore
3124 3322 3350 3392 singulis
3388 3322 3501 3376 vir-

1917 3422 2126 3479 tutibus
2153 3421 2487 3488 incubuerit,
2512 3420 2579 3476 ad
2609 3416 2985 3490 quietemFilii
3024 3417 3117 3472 Dei
3167 3431 3273 3471 non
3303 3415 3504 3484 poterit

1918 3517 2225 3587 pervenire.
2255 3515 2430 3571 Vitam
2489 3513 2655 3586 igitur
2681 3521 2944 3575 vestram,
2975 3509 3194 3574 fratres,
3227 3524 3296 3564 ne
3333 3506 3504 3578 negli-

1916 3607 2081 3677 gatis,
2125 3621 2300 3678 neque
2323 3621 2478 3662 mens
2507 3611 2689 3661 vestra
2722 3604 2778 3658 in
2838 3600 3059 3655 malitia:
3109 3600 3367 3671 operibus
3390 3608 3505 3652 tor-

1919 3706 2127 3768 pescat,
2162 3712 2229 3753 ne
2257 3705 2470 3766 tempus
2494 3695 2713 3751 deﬁciat
2763 3701 2889 3748 ante
2937 3706 3104 3763 qnam
3165 3691 3232 3746 ad
3254 3687 3375 3746 Filii
3410 3689 3502 3743 Dei

1917 3791 2157 3860 quietem
2190 3789 2465 3860 aspiretis,
2500 3803 2623 3859 quae
2656 3788 2710 3842 in
2746 3801 2812 3842 eo
2857 3786 2960 3842 sita
3008 3794 3095 3840 est
3118 3825 3133 3851 ,
3170 3793 3226 3838 ut
3251 3781 3505 3837 omnibus

1921 3883 1974 3937 in
2004 3882 2164 3938 rebus
2187 3881 2552 3938 humilitatem
2587 3887 2752 3951 atque
2779 3878 3152 3935 innocentiam
3175 3875 3506 3945 complecta-

1921 3975 2076 4038 mini,
2111 3983 2166 4030 et
2196 3973 2468 4031 neminem
2502 3972 2772 4033 oderitis;
2810 3984 2988 4039 neque
3037 3967 3130 4023 ulli
3167 3967 3241 4022 rei
3277 3966 3386 4022 Deo
3418 3965 3506 4020 in-

1923 4067 2052 4123 visae
2079 4066 2461 4137 acquiescatis,
2496 4066 2593 4120 sed
2626 4065 2695 4119 ab
2741 4063 2996 4118 omnibus
3031 4059 3271 4131 peccatis
3305 4058 3508 4113 abhor-

1924 4169 2126 4217 rentes.
2153 4159 2368 4215 cunctis
2419 4156 2639 4213 malitia:
2696 4154 2952 4223 operibus
2985 4151 3185 4207 mortui
3223 4150 3364 4206 sitis.
3413 4148 3506 4204 Sic

1922 4253 2065 4306 enim
2098 4251 2234 4305 Deus
2257 4251 2348 4322 qui
2373 4267 2475 4304 non
2508 4248 2759 4303 mentitur
2792 4243 2862 4310 ἰζ
2908 4245 3082 4300 aderit
3118 4241 3296 4304 nobis,
3327 4251 3381 4296 et
3417 4242 3505 4294 in-

1925 4342 2238 4396 firmitatem
2289 4348 2530 4396 nostram
2590 4336 2962 4394 misericordia
3006 4349 3102 4390 sua
3136 4331 3504 4388 confirmabit.

1926 4435 2116 4488 Amen.

2401 4521 2715 4580 ORATIO
2773 4519 3021 4576 XXIII.

2485 4614 2564 4669 De
2605 4612 2944 4684 perfectione.
3208 4675 3216 4683 ι

2000 4708 2040 4762 1.
2086 4705 2197 4760 Nisi
2221 4707 2342 4776 quis
2380 4705 2538 4760 fidem
2576 4706 2630 4758 in
2667 4703 2836 4758 Deum
2889 4701 3183 4772 possideat,
3209 4697 3506 4767 ntqttidam

1924 4818 1955 4856 e
1985 4801 2240 4856 I’atribus
2267 4801 2365 4866 ait,
2389 4809 2440 4853 et
2471 4797 2692 4854 assiduo
2718 4794 2838 4864 ejus
2888 4794 3081 4865 flagret
3134 4792 3420 4852 desiderio,
3457 4801 3509 4844 ct

1927 4893 2128 4948 nemini
2161 4899 2374 4958 noceat,
2438 4905 2537 4945 nec
2592 4889 2794 4944 malum
2826 4901 2928 4958 pro
2971 4887 3112 4940 malo
3136 4886 3346 4948 reddat,
3375 4884 3511 4938 allii-

1927 4994 2124 5055 gatque
2155 4997 2235 5048 se,
2263 4992 2319 5037 et
2351 4982 2739 5044 humilitatem,
2796 4989 2850 5036 ct
2885 4978 3217 5042 castitatem,
3242 4985 3296 5034 et
3323 4976 3511 5031 huma-

1929 5078 2150 5132 nitatem
2173 5075 2337 5141 colat,
2373 5074 2682 5143 mundoque
2733 5072 3024 5137 renuntiet,
3087 5079 3512 5136 mansuetusque

1927 5170 1997 5225 sit
2027 5180 2082 5225 ct
2110 5169 2347 5238 patiens,
2373 5167 2701 5236 assiduoque
2761 5165 2944 5220 cordis
2983 5164 3168 5216 labore
3201 5163 3366 5214 Deum
3396 5173 3511 5227 pre-

1927 5274 2102 5326 cetur,
2133 5272 2187 5316 et
2217 5275 2398 5315 veram
2425 5259 2751 5314 charitatcm
2807 5256 3188 5326 amplectatur,
3233 5266 3408 5320 neque
3443 5253 3510 5305 ad

1928 5371 1991 5409 ea
2022 5371 2142 5424 quia
2175 5364 2320 5408 retro
2344 5362 2490 5418 sunt,
2524 5352 2728 5417 redeat,
2755 5350 2848 5404 sed
2891 5347 2954 5402 ad
2987 5347 3248 5401 interiora
3280 5353 3507 5399 conten.

1930 5447 2022 5500 dat
2053 5445 2189 5515 (15),
2253 5458 2428 5513 neque
2487 5443 2642 5499 bonis
2692 5439 2948 5508 operibus
2975 5445 3030 5494 et
3065 5435 3351 5492 sacrificiis
3400 5433 3513 5489 suis

1925 5779 2015 5841 I3,
2048 5779 2134 5832 ubi
2158 5775 2413 5859 legimus,
2441 5778 2554 5840 τοῖς
2579 5775 2634 5828 δὲ
2677 5771 3166 5844 ἕμπροσθενΝυΙε.
3198 5769 3268 5825 ad
3295 5784 3357 5824 ea
3397 5783 3514 5839 qua

1932 5858 2056 5903 sunt
2086 5858 2290 5919 priora.
