3888 6284
452 430 584 488 1171

457 655 564 700 tem
588 645 804 716 assequi
850 659 956 700 non
1022 653 1202 715 potest
1237 663 1250 700 :
1282 653 1391 699 tam
1449 659 1610 700 acres
1639 643 2036 715 vigilantesque

458 749 586 791 sunt
615 736 850 791 hominis
879 737 1204 792 adversarii.
1233 736 1312 794 Ne
1338 747 1679 803 contemnas,
1714 737 1908 801 frater,
1941 751 2033 791 ne-

457 843 562 899 qne
590 828 828 900 negligas
879 829 1269 885 conscientiam
1322 839 1468 884 tuam
1494 869 1510 896 ,
1555 845 1731 902 neque
1791 830 1886 884 tibi
1923 829 2038 899 ipse

400 968 406 976 .
458 919 712 988 confidas,
756 921 1005 983 omnino.
1051 923 1298 992 quamvis
1337 922 1518 991 aliquo
1570 925 1622 978 in
1671 923 1845 992 pretio
1894 923 2038 994 apud

462 1001 628 1065 Deum
654 1026 776 1066 esse
802 1012 1060 1067 videaris.
1126 1010 1376 1082 Undique
1426 1013 1569 1068 enim
1615 1014 1680 1066 ab
1707 1012 2038 1068 adversariis

457 1101 792 1159 obsidemur.
821 1100 1053 1156 Afﬂictio
1091 1103 1428 1158 considerata
1459 1101 1760 1170 pneteritas
1790 1099 2039 1155 delctne-

457 1194 732 1266 gligentia:
784 1204 959 1250 notas.
1024 1193 1089 1249 Et
1152 1209 1410 1250 sensuum
1464 1195 1752 1264 castigatio
1802 1193 2037 1248 hostium

457 1286 780 1342 interiorum
813 1287 1126 1342 vulneribus
1158 1287 1426 1342 medetur.
1464 1287 1707 1341 Perfecta
1739 1285 2038 1341 secundum

457 1377 630 1432 Deum
678 1377 898 1434 dilectio
955 1379 1169 1433 occulta
1230 1379 1481 1434 hostibus
1534 1379 1758 1434 τρεὶςιίι.
1815 1375 2042 1432 Occulto

457 1469 726 1525 sanctitas
757 1470 989 1526 occultis
1027 1471 1187 1525 bellis
1214 1471 1482 1541 superatis
1522 1471 1587 1524 ad
1605 1467 1729 1524 Filii
1767 1469 1861 1524 Dei
1886 1469 2042 1538 quie-

459 1571 568 1617 tem
595 1561 866 1633 perducit.
891 1563 960 1617 Et
989 1564 1250 1618 sanctitas
1273 1562 1559 1617 tuanifesta
1585 1563 1812 1617 virtutes
1837 1573 2038 1617 servat.

459 1653 554 1710 Dei
576 1656 814 1738 cognitio
853 1654 1001 1719 facit,
1039 1663 1097 1710 ut
1151 1655 1216 1710 ad
1255 1671 1379 1709 cum
1437 1665 1680 1724 tempore
1728 1654 2044 1709 tentationis

458 1747 863 1817 confugiamus,
903 1749 1128 1818 ejustjne
1173 1748 1365 1802 muniti
1416 1747 1670 1816 praesidio
1731 1748 2043 1815 superiores

459 1840 655 1895 simus.
691 1840 790 1907 Qui
816 1840 1095 1895 laboribus
1140 1841 1256 1895 suis
1307 1839 1536 1894 minime
1579 1837 1821 1902 conlidit,
1851 1838 1899 1904 is
1949 1837 2040 1892 Dei

465 1929 641 2000 magis
670 1930 837 1983 sentit
859 1929 1140 1984 auxilium.
1179 1928 1278 1995 Qui
1302 1943 1367 1984 ex
1387 1929 1573 1984 animo
1593 1929 1682 1998 pie
1707 1928 1872 1982 Deum
1897 1943 2046 1996 qure-

460 2021 534 2076 rit
564 2021 619 2074 in
660 2022 912 2086 veritate,
943 2023 989 2076 is
1011 2031 1119 2076 stat
1141 2022 1193 2075 in
1230 2022 1462 2086 timore,
1496 2035 1563 2075 ne
1598 2019 1879 2089 displiceat
1913 2019 2041 2074 Deo.

462 2113 690 2181 Semper
713 2113 855 2167 enim
896 2128 923 2166 a
951 2113 1282 2168 conscientia
1313 2112 1648 2177 stimulatur,
1672 2111 1815 2181 quod
1865 2110 2042 2180 aliqua

461 2205 516 2258 in
549 2219 610 2260 re
636 2203 916 2260 defecerit.
953 2203 1049 2260 Ubi
1084 2214 1264 2260 autem
1298 2204 1572 2272 stimulus,
1633 2204 1706 2258 ibi
1737 2201 2042 2266 accusatio;

462 2296 556 2352 ubi
587 2297 884 2364 accusatio,
928 2311 1034 2351 non
1069 2305 1156 2351 est
1210 2296 1462 2352 libertas.
1505 2295 1658 2361 Quod
1692 2295 1737 2349 si
1787 2293 2048 2361 deinceps

462 2389 672 2445 orando
721 2387 1172 2444 animadverterit
1226 2402 1286 2443 se
1349 2387 1498 2442 nullo
1558 2387 1784 2441 malitia:
1826 2382 2046 2438 stimulo

464 2482 653 2552 pungi,
677 2489 787 2535 tum
821 2496 947 2536 vere
973 2480 1112 2535 liber
1129 2491 1234 2547 est,
1267 2491 1322 2535 ct
1353 2494 1417 2535 ex
1451 2478 1730 2534 voluntate
1745 2478 1838 2532 Dei
1873 2477 1924 2531 in
1957 2491 2046 2530 re-

463 2575 645 2644 quiem
669 2583 912 2628 sanctam
943 2573 1210 2626 introivit.

533 2664 598 2720 ll.
643 2665 700 2721 Si
739 2667 908 2722 bonos
931 2666 1142 2722 fruetus
1167 2666 1509 2736 perspexeris
1547 2680 1577 2720 a
1631 2664 1795 2722 nullis
1841 2666 2046 2722 inimici

463 2760 692 2816 zizaniis
712 2757 991 2820 sulIocari.
1026 2773 1198 2828 neque
1222 2768 1426 2823 tamen,
1453 2759 1704 2829 quamvis
1727 2773 1851 2813 cum
1875 2758 2050 2812 sensi-

462 2851 565 2908 bus
585 2852 822 2922 amplius
860 2866 964 2906 non
993 2866 1224 2921 pugnes,
1253 2852 1438 2906 hostes
1468 2851 1678 2906 malitia
1733 2866 1830 2907 sua
1856 2850 2046 2906 confisi

463 2944 716 3000 desinent
744 2959 1078 3016 oppugnare.
1111 2943 1176 2998 Et
1204 2944 1250 2999 si
1299 2945 1471 2998 nubes
1511 2942 1920 2998 tabernaculum
1951 2943 2050 2998 ob-

462 3035 761 3102 umbravit,
787 3050 968 3106 neque
990 3035 1070 3090 sol
1104 3036 1243 3091 ussit
1270 3043 1323 3090 te
1367 3050 1474 3105 per
1521 3034 1665 3090 diem
1711 3048 1888 3106 neque
1922 3034 2048 3088 luna

465 3141 564 3198 per
592 3135 804 3183 noctem
831 3145 850 3184 ι
887 3137 942 3183 et
971 3128 1221 3196 inventus
1248 3129 1298 3183 in
1330 3137 1381 3182 te
1407 3127 1573 3182 fuerit
1610 3127 1790 3183 omnis
1814 3140 2048 3197 appara-

1531 426 1808 484 PATRES
1845 425 2154 485 EGYPT"
2187 427 2471 488 SECULI‘
2500 429 2587 488 IV.

453 549 713 616 conﬁsus,
741 549 980 605 divinqu
1004 549 1248 620 quotidie
1291 547 1544 620 imploret
1573 549 1858 612 auxilium,
1889 549 2033 606 salu-
2061 558 2108 612 Α
2139 549 2262 606 aliis
2307 550 2509 606 mederi
2539 548 2755 615 studet,
2809 555 3139 619 prapostere
3186 548 3318 614 agit.

3601 430 3735 487 “7?.

3398 547 3733 618 Priusqtmm

2141 644 2286 698 enim
2315 642 2446 697 illud
2484 642 2849 713 aggrediatur,
2878 641 3038 695 debet
3081 651 3303 710 peccata
3331 657 3431 695 sua
3476 641 3736 714 lacrymis

2145 735 2578 808 abstergerezet
2619 733 2714 790 Dei
2758 733 3190 789 misericordiam
3233 732 3491 802 imploret
3531 745 3592 786 nt
3631 735 3735 788 sibi

2144 829 2410 900 ignoscat,
2441 835 2760 897 tantumque
2786 829 2998 883 roboris
3022 836 3076 882 et
3109 825 3446 882 fortitudinis
3466 826 3732 896 pradwat,

2142 931 2202 977 ut
2247 937 2526 992 nunquam
2568 923 2801 992 amplius
2832 921 2885 976 in
2925 921 3112 976 eadem
3151 921 3417 982 incurrat,
3455 930 3556 973 aut
3588 921 3734 972 illum

2142 1015 2228 1071 vel
2255 1015 2587 1087 cogitatione
2617 1013 2703 1070 vel
2733 1028 2988 1069 sermone
3011 1011 3093 1066 vel
3128 1011 3284 1066 factis
3309 1009 3578 1066 oﬂ‘end‘at.
3611 1010 3741 1064 Bea-

2145 1114 2232 1162 tus
2261 1107 2353 1177 qui
2382 1106 2457 1162 ita
2478 1120 2537 1162 se
2561 1107 2698 1176 gerit
2722 1105 2776 1160 in
2800 1104 3052 1160 veritate.
3077 1105 3179 1170 Qui
3197 1117 3324 1158 vere
3347 1103 3734 1173 paenitentiam

2145 1198 2279 1268 agit,
2311 1199 2362 1252 in
2397 1213 2462 1253 eo
2491 1213 2599 1253 non
2625 1196 2708 1252 est
2732 1206 3050 1269 occupatus,
3078 1207 3133 1251 ut
3165 1197 3478 1266 proximum
3505 1196 3733 1265 iudicet.

2147 1289 2292 1344 Satis
2320 1289 2464 1345 enim
2493 1303 2586 1344 sua
2619 1289 2815 1360 cuique
2850 1296 3069 1359 peccata
3099 1289 3298 1360 negotii
3333 1287 3610 1358 praebent,
3645 1304 3738 1342 nec

2146 1383 2378 1452 spatium
2410 1382 2745 1452 relinquunt,
2773 1381 2947 1437 aliena
2973 1390 3034 1437 ut
3061 1391 3236 1436 curet.
3263 1379 3367 1446 Qui
3404 1379 3613 1434 malum
3645 1395 3738 1444 pro

2147 1471 2291 1526 malo
2336 1471 2534 1538 reddit,
2576 1471 2764 1540 procul
2805 1471 2960 1525 abest
3005 1485 3034 1523 a
3081 1483 3204 1522 vera
3237 1467 3595 1537 pmuitentia.
3636 1465 3734 1532 Qui

2146 1565 2335 1632 gloria!
2361 1576 2553 1634 captus
2579 1563 2895 1634 cupiditate,
2917 1561 3102 1616 mundi
3138 1561 3370 1630 negotiis
3396 1559 3735 1628 implicatur,

2145 1671 2211 1712 ex
2238 1656 2420 1710 animo
2451 1670 2558 1710 non
2592 1655 2738 1724 luget
2765 1663 2984 1724 peccata
3012 1668 3132 1708 sua.
3166 1652 3266 1718 Qui
3296 1666 3442 1706 nunc
3464 1661 3564 1704 aut
3588 1650 3735 1705 illum

2147 1749 2369 1814 bonum,
2403 1757 2497 1802 aut
2527 1749 2728 1802 malum
2766 1745 3000 1802 alIirmat
3026 1760 3171 1808 esse,
3199 1744 3252 1798 in
3281 1745 3449 1799 corde
3478 1759 3582 1798 suo
3615 1759 3739 1797 con-

2151 1841 2424 1894 fundetur.
2460 1840 2594 1894 Dum
2622 1839 2765 1893 enim
2801 1853 2866 1893 ea
2901 1853 3020 1908 quze
3055 1847 3242 1893 nostra
3276 1851 3381 1889 non
3417 1847 3551 1890 sunt
3584 1835 3735 1888 voln-

2151 1946 2274 1987 mus
2301 1931 2568 2001 judicare,
2605 1931 2929 1998 decipimur,
2963 1941 3127 2000 atque
3153 1931 3228 1984 ita
3261 1929 3656 1994 distrahimur,
3689 1937 3738 1980 ut

2149 2025 2304 2080 nobis
2342 2041 2444 2080 non
2475 2033 2629 2079 vacet
2657 2035 2878 2094 peccata
2906 2035 3089 2078 nostra
3121 2037 3480 2093 cognoscere.

2220 2113 2309 2171 IV.
2353 2115 2409 2170 Si
2441 2117 2768 2172 contumelia
2797 2115 3023 2171 aﬂ'ectus
3056 2115 3380 2184 indignaris,
3407 2128 3601 2168 veram
3638 2128 3738 2166 non

2149 2209 2264 2277 agis
2307 2208 2700 2278 paenitentiam.
2734 2206 2792 2262 Si
2834 2208 2996 2262 rebus
3038 2206 3142 2261 tuis
3177 2207 3270 2261 tibi
3315 2206 3526 2274 ereptis
3572 2204 3738 2268 doles,

2149 2297 2241 2353 Dei
2278 2299 2440 2352 timor
2471 2315 2576 2354 non
2609 2307 2695 2353 est
2733 2299 2786 2352 in
2819 2308 2891 2354 te.
2927 2295 2983 2353 Si
3017 2297 3159 2368 quod
3195 2298 3245 2351 in
3281 2306 3333 2352 te
3367 2296 3578 2366 aliquis
3606 2295 3742 2349 falsa

2150 2391 2441 2445 contulerit
2475 2391 2832 2460 perturbaris,
2878 2391 3040 2445 timor
3080 2388 3175 2445 Dei
3219 2404 3326 2444 non
3361 2398 3450 2443 est
3487 2389 3545 2443 in
3578 2399 3656 2443 te.
3687 2386 3741 2441 Si

2151 2483 2335 2536 laudes
2359 2492 2480 2538 tuas
2501 2483 2732 2537 libenter
2751 2482 2930 2548 audis,
2955 2482 3117 2536 timor
3135 2479 3227 2536 Dei
3260 2496 3364 2534 non
3384 2490 3470 2535 est
3496 2481 3553 2534 in
3586 2490 3662 2534 te.
3689 2477 3742 2533 Si

2153 2576 2204 2630 in
2233 2576 2436 2630 mutuis
2465 2573 2812 2629 sermonibus
2841 2574 3008 2628 verba
3036 2583 3124 2628 tua
3157 2573 3396 2627 volueris
3417 2572 3741 2642 praevalere,

2155 2669 2316 2721 timor
2363 2666 2454 2721 Dei
2503 2681 2605 2722 non
2647 2676 2729 2720 est
2774 2665 2827 2720 in
2877 2674 2948 2719 te.
2991 2663 3049 2719 Si
3092 2663 3332 2718 dolueris
3377 2664 3528 2732 quod
3561 2678 3743 2718 seruio

2153 2768 2276 2812 tuus
2293 2766 2692 2822 contemnatur,
2715 2756 2880 2811 timor
2903 2756 2995 2810 Dei
3026 2771 3131 2811 non
3159 2767 3242 2811 est
3263 2754 3316 2810 in
3341 2765 3416 2812 te.
3445 2755 3578 2810 llaec
3598 2757 3741 2808 enim

2153 2849 2336 2904 omnia
2361 2847 2604 2904 indicant
2632 2858 2872 2904 veterem
2903 2848 3176 2904 hominem
3206 2846 3383 2902 adhuc
3401 2847 3619 2917 vigere,
3649 2862 3740 2902 ne,

2153 2957 2260 3012 quc
2285 2955 2404 2997 esse
2437 2941 2527 3010 qui
2559 2939 2708 2995 illum
2739 2950 3032 3010 expugnet,
3056 2955 3353 3010 verumque
3381 2948 3434 2995 et
3471 2940 3587 2995 Deo
3613 2955 3739 3010 gra-

2155 3046 2266 3090 tum
2319 3034 2521 3089 luctum
2573 3033 2952 3102 amplectatur.
3011 3032 3296 3102 Aperiendi
3357 3041 3489 3087 sunt
3543 3031 3740 3087 mentis

2153 3127 2319 3192 oculi,
2344 3136 2402 3181 ut
2432 3141 2532 3182 uos
2557 3126 2654 3195 ipsi
2679 3139 3093 3196 cognoscamus,
3127 3124 3478 3192 sciamusque
3506 3121 3604 3177 Dei
3638 3123 3732 3178 ini-

467 3197 556 3276 tus
585 3220 946 3286 tabernaculi,
1002 3231 1061 3275 ut
1087 3220 1318 3276 colloces
1354 3229 1409 3276 et
1460 3219 1737 3276 custodias
1773 3219 1905 3274 illud
1955 3233 2046 3274 se-
2073 3223 2118 3282 (ζ
2153 3197 2353 3274 micum
2375 3218 2656 3280 constitui,
2679 3218 2771 3287 qui
2794 3218 3072 3287 propriam
3098 3216 3347 3286 sequitur
3373 3214 3734 3268 voluntatem.

464 3313 702 3367 cundum
759 3311 1088 3368 voluntatem
1145 3313 1238 3367 Dei
1298 3310 1476 3383 (parta
1528 3310 1782 3365 nimirum
1814 3309 1912 3364 tibi
1952 3324 2052 3379 per

466 3405 637 3462 Deum
659 3413 743 3460 est
771 3403 1046 3474 victoria);
1081 3412 1135 3457 et
1161 3404 1278 3473 ipse
1308 3402 1720 3458 tabernaculum
1747 3402 2051 3458 obumbra-

466 3496 568 3562 bit,
599 3495 724 3564 quia
750 3495 867 3564 ipse
891 3493 1193 3562 est,etipse
1235 3494 1513 3563 prtecedit,
1555 3505 1607 3549 et
1627 3503 1785 3565 parat
1810 3495 2050 3550 ubicon-

465 3585 730 3640 stituatur
757 3582 892 3655 (Hi).
920 3583 1034 3638 Nisi
1056 3583 1200 3638 enim
1227 3584 1505 3652 praecipiat
1549 3584 1664 3652 ipse
1691 3598 1798 3654 quo
1829 3585 1884 3639 in
1931 3583 2052 3641 loco

469 3679 544 3734 sit
569 3679 964 3740 collocandum,
996 3693 1100 3732 non
1142 3687 1320 3747 potest
1353 3677 1678 3742 consistere,
1714 3687 1773 3731 ut
1802 3677 1879 3732 ait
1900 3675 2051 3732 Seri-

468 3779 648 3838 ptura.
671 3769 922 3839 Magnum
945 3769 1056 3837 jam
1095 3777 1178 3824 est
1228 3768 1552 3838 periculum,
1594 3769 1766 3824 donec
1797 3771 1963 3825 homo
1991 3783 2051 3823 se

468 3863 645 3932 ipsum
690 3861 920 3925 noverit,
965 3870 1020 3914 et
1061 3860 1217 3930 plane
1274 3861 1412 3915 sciat
1450 3863 1502 3915 in
1548 3875 1608 3915 se
1661 3876 1765 3915 non
1815 3875 1955 3925 esse,
1993 3869 2052 3914 ut

467 3952 538 4009 ab
572 3950 1039 4022 interpellantibus
1069 3961 1124 4005 et
1153 3951 1220 4005 ad
1260 3951 1601 4006 iracundiam
1638 3951 2042 4022 impellentibus

467 4046 746 4101 liberetur.
766 4043 989 4115 Oportet
1017 4044 1182 4115 igitur
1212 4053 1270 4098 ut
1313 4059 1434 4098 cum
1491 4044 1688 4100 timore
1719 4049 1785 4098 ad
1814 4045 1934 4114 ejus
1957 4045 2051 4100 be-

467 4137 788 4208 nignitatem
847 4135 1242 4206 confugiamus,
1291 4135 1618 4204 assidueque
1668 4137 2048 4190 memoria-re-

467 4240 718 4302 petamus
770 4229 940 4298 ipsius
999 4227 1283 4291 beneficia,
1312 4237 1366 4281 et
1408 4237 1653 4281 sanctam
1681 4227 2043 4282 humilitatem

465 4321 875 4392 amplectamur,
907 4335 1030 4390 qua:
1063 4319 1210 4375 nullo
1254 4335 1490 4391 unquam
1537 4331 1780 4389 tentpore
1807 4322 2049 4376 discedat

466 4429 496 4468 a
531 4413 695 4468 corde
727 4423 932 4478 nostro,
963 4427 1084 4482 qua:
1136 4421 1356 4480 peccata
1411 4421 1597 4466 nostra
1637 4413 1793 4468 nobis
1833 4426 2050 4481 semper

465 4514 593 4560 ante
625 4503 813 4560 oculos
852 4513 1138 4573 proponat,
1161 4513 1216 4556 et
1244 4505 1408 4567 bona,
1429 4505 1475 4558 si
1494 4519 1613 4573 quae
1636 4504 1688 4558 iu
1714 4504 1869 4558 nobis
1892 4513 2043 4570 sunt,

464 4604 666 4660 servet,
699 4605 753 4650 et
783 4596 849 4650 ad
886 4595 1048 4650 tinem
1073 4610 1246 4665 usque
1276 4604 1512 4663 tueatur,
1546 4595 1819 4666 faciatque
1851 4612 1918 4652 ne
1948 4612 2044 4652 no-

463 4691 548 4746 bis
571 4689 672 4760 ipsi
693 4689 1050 4745 conﬁdamus.

535 4782 622 4838 ΙΙΙ.
659 4781 926 4837 Czeterum
957 4781 1048 4852 qui
1087 4782 1390 4853 proximum
1418 4781 1644 4853 judicat,
1694 4791 1749 4837 et
1786 4783 2043 4839 irascitur
2075 4773 2081 4779 ’

460 4875 620 4930 fratri
658 4890 778 4941 suo,
809 4890 1042 4946 eumque
1071 4877 1373 4930 contemnit
1410 4892 1474 4930 ac
1503 4878 1755 4947 despicit,
1809 4886 1898 4930 aut
1930 4879 2040 4932 ira-

460 4971 640 5028 cunde
671 4971 853 5035 docet,
893 4977 987 5023 aut
1015 4969 1250 5038 cuipiam
1284 4970 1548 5035 detrahit,
1603 4987 1631 5025 a
1669 4971 2045 5026 misericordia

460 5078 566 5134 qua
618 5060 795 5117 sancti
839 5069 967 5116 sunt
1015 5062 1259 5132 praediti,
1295 5062 1500 5118 alienus
1538 5076 1654 5129 csr,
1701 5075 1757 5117 et
1809 5065 1877 5118 ab
1923 5065 2044 5119 aliis

462 5152 844 5224 praestantibus
865 5152 1179 5209 virtutibus.
1202 5153 1476 5224 Ejusmodi
1505 5155 1650 5210 enim
1677 5155 1804 5209 vitia
1829 5155 2043 5211 labores

462 5248 740 5302 hominum
785 5248 1044 5320 perdunt,
1090 5258 1148 5304 et
1193 5248 1402 5303 fructus
1448 5249 1618 5304 bonos
1645 5250 1944 5304 excutiunt.
1985 5250 2046 5305 Si

459 5339 585 5410 quis
610 5352 831 5411 peccata
877 5357 972 5396 sua
1005 5341 1188 5411 lugere
1228 5355 1287 5396 se
1318 5341 1466 5404 dicit,
1502 5357 1677 5412 neque
1703 5345 1771 5397 ab
1809 5343 1915 5398 illis
1950 5359 2038 5398 re-

460 5429 630 5497 cedit,
665 5431 714 5487 is
743 5445 804 5488 se
839 5431 1013 5502 ipsum
1043 5429 1265 5500 decipit.
1295 5431 1398 5496 Qui
1439 5433 1505 5484 ad
1534 5433 1773 5500 quietem
1810 5434 2040 5502 aspirat,

457 5536 639 5592 neque
704 5522 970 5580 sollicitus
1014 5532 1132 5589 est,
1165 5533 1223 5576 ut
1265 5523 1429 5577 animi
1471 5525 1630 5592 pellat
1673 5526 2042 5595 aegritudines,

458 5629 638 5672 crecus
673 5628 782 5684 est,
822 5625 878 5673 et
908 5626 1109 5673 sancta:
1139 5619 1393 5672 virtutum
1421 5618 1794 5675 acditicationis
1827 5619 2043 5690 imperi-

459 5718 568 5766 tus.
599 5710 727 5780 Qui,
755 5711 1065 5784 posthabita
1111 5720 1460 5783 peccatorum
1492 5727 1712 5770 suorum
1741 5715 2040 5781 curatione,

2154 3309 2210 3365 Si
2258 3311 2581 3366 custodieris
2613 3309 2867 3364 mandata
2899 3307 3016 3374 Dei,
3059 3316 3114 3362 et
3149 3322 3214 3361 ex
3247 3307 3420 3376 ipsius
3454 3306 3736 3361 voluntate

2154 3404 2420 3461 direxeris
2461 3418 2626 3470 opera
2677 3411 2803 3468 tua,
2855 3412 2912 3458 et
2956 3400 3415 3457 animadverteris
3463 3397 3732 3468 majestati

2153 3499 2270 3566 ejus
2302 3513 2398 3568 per
2444 3506 2495 3552 te
2524 3498 2739 3566 placere
2772 3511 2881 3559 non
2913 3509 3094 3566 posse.
3126 3504 3182 3549 et
3208 3503 3432 3563 peccata
3464 3503 3559 3547 tua
3596 3507 3732 3547 sem-

2155 3604 2250 3660 per
2280 3599 2407 3644 ante
2444 3587 2634 3643 oculos
2675 3585 2954 3651 habueris,
2988 3583 3232 3638 invenies
3263 3577 3728 3652 propugnaculum

2153 3683 2457 3752 oppositum
2484 3677 2796 3736 adversario
2828 3686 2940 3742 tuo,
2967 3675 3058 3745 qni
3083 3682 3137 3728 te
3167 3682 3393 3728 conatur
3423 3687 3522 3739 per
3549 3684 3730 3740 super-

2155 3773 2302 3828 biam
2332 3787 2438 3841 qua
2482 3771 2576 3826 tibi
2603 3769 2784 3838 justus
2810 3766 3068 3830 videaris,
3098 3778 3440 3836 expugnare;
3473 3773 3531 3818 et
3566 3762 3730 3818 aedili-

2154 3868 2297 3920 cium
2329 3863 2473 3934 quod
2517 3863 2748 3918 exstruit
2780 3859 3114 3930 poenitentia:
3143 3859 3321 3912 luctus
3353 3855 3726 3912 conservabis.

2157 3959 2308 4013 Tunc
2337 3969 2388 4012 te
2419 3955 2512 4011 tibi
2543 3965 2727 4011 notum
2757 3967 2880 4009 esse
2912 3952 3202 4022 intelliges,
3237 3961 3291 4006 et
3321 3951 3412 4005 ubi
3441 3950 3540 4012 sis,
3565 3960 3618 4003 et
3643 3963 3731 4004 cor

2157 4061 2308 4105 tuum
2336 4048 2830 4118 tauquamvictoria
2857 4055 3010 4117 parta
3037 4061 3141 4099 non
3165 4043 3472 4099 extolletur.
3496 4041 3729 4106 Etenim,

2155 4145 2261 4199 nisi
2299 4143 2460 4197 homo
2488 4143 2540 4195 in
2582 4139 2785 4209 judicio
2820 4137 3148 4204 constiterit,
3185 4145 3238 4190 et
3277 4135 3607 4190 sententiam
3639 4149 3732 4187 au-

2157 4235 2459 4298 diverit,et
2493 4231 2667 4287 locum
2712 4245 2868 4285 suum
2917 4229 3149 4291 noverit,
3202 4229 3346 4282 scire
3392 4241 3502 4281 non
3537 4233 3732 4295 potest,

2154 4337 2332 4381 ntrum
2387 4323 2496 4380 Deo
2551 4323 2788 4394 placeat,
2832 4335 3015 4375 necne.
3077 4318 3238 4372 Dolor
3291 4317 3382 4388 qui
3439 4324 3737 4372 secundum

2158 4421 2328 4475 Deum
2355 4433 2450 4474 cor
2474 4418 2684 4489 pungit,
2715 4430 2910 4471 sensus
2931 4415 2985 4469 in
3011 4411 3187 4468 oﬂicio
3217 4420 3396 4481 petest
3430 4410 3735 4475 continere,

2154 4523 2209 4566 et
2267 4512 2537 4566 sobrietas
2598 4519 2833 4564 mentem
2906 4506 3174 4574 integram
3230 4517 3579 4556 conservare.
3637 4501 3740 4556 Sed

2110 4569 2122 4609 )
2154 4606 2314 4659 homo
2356 4605 2458 4658 sibi
2501 4603 2615 4672 ipse
2645 4615 2749 4656 non
2793 4598 2950 4654 debet
3000 4611 3235 4666 unquam
3274 4595 3555 4648 conlidere
3579 4634 3595 4657 ,
3631 4595 3737 4648 imo

2156 4697 2344 4750 taudiu
2381 4694 2646 4748 sollicitus
2669 4706 2812 4756 esse,
2841 4690 2968 4744 dum
2997 4697 3081 4742 est
3110 4687 3163 4742 in
3189 4700 3439 4756 corpore.
3468 4683 3625 4740 Beati
3652 4686 3738 4752 qui

2153 4790 2269 4843 suis
2316 4802 2596 4856 nunquam
2643 4785 2899 4854 operibus
2936 4783 3130 4844 fidunt,
3168 4782 3261 4836 sed
3293 4793 3510 4848 semper
3559 4779 3737 4848 pavidi

2158 4880 2266 4934 Deo
2292 4895 2400 4935 non
2427 4879 2626 4933 audent
2645 4890 2959 4941 occurrere,
2985 4883 3040 4928 et
3064 4875 3281 4944 c0gnita
3309 4872 3429 4941 ejus
3451 4873 3742 4943 majestate

2155 4984 2211 5027 et
2246 4973 2457 5042 propria
2497 4971 2830 5033 infirmitate,
2864 4967 3128 5022 voluntati
3171 4965 3324 5035 ejus,
3351 4975 3410 5019 ut
3442 4966 3561 5034 ipse
3606 4967 3738 5028 vult,

2156 5068 2376 5120 student
2404 5067 2808 5134 obtemperare,
2843 5070 3008 5131 atque
3044 5063 3116 5115 ita
3157 5076 3217 5116 se
3262 5061 3408 5130 ipsos
3450 5061 3661 5130 lugent,
3692 5070 3742 5113 et

2153 5167 2381 5211 caeteros
2416 5170 2519 5209 non
2555 5154 2822 5224 iudicant,
2860 5153 3096 5208 sed‘Deo
3121 5153 3362 5207 ornuium
3394 5150 3570 5219 judici
3597 5153 3741 5221 judi-

2149 5250 2294 5306 ciqu
2328 5247 2724 5318 derelinquunt.
3207 5247 3214 5253 ’

2223 5342 2290 5397 ν.
2327 5343 2462 5397 Cum
2503 5342 2624 5409 quis
2658 5356 2719 5396 se
2752 5341 2926 5411 ipsum
2974 5340 3086 5394 Deo
3121 5349 3297 5394 totum
3334 5338 3632 5397 addixerit,
3687 5347 3739 5389 et

2151 5452 2214 5491 ex
2248 5437 2524 5492 voluntate
2548 5436 2666 5506 ejus
2698 5434 2973 5504 perfectus
2997 5433 3318 5500 decesserit,
3352 5441 3480 5486 tunc
3515 5432 3567 5485 in
3601 5432 3741 5485 libro

2153 5529 2449 5583 viventium
2476 5543 2536 5583 se
2573 5528 2837 5597 scriptum
2871 5526 3134 5592 inveniet,
3159 5535 3215 5580 et
3244 5523 3420 5596 angeli
3451 5524 3739 5579 testabnn-

2157 5630 2245 5676 tur
2292 5636 2416 5676 eum
2461 5619 2701 5676 sinistra:
2754 5620 3032 5688 principes
3071 5617 3337 5673 evasisse.
3380 5613 3538 5669 Tunc
3599 5614 3741 5668 inter

2159 5713 2347 5771 beatos
2390 5713 2614 5786 spiritus
2655 5713 2936 5769 consistet.
2967 5712 3040 5769 At
3067 5711 3196 5768 dum
3229 5709 3372 5781 viget
3408 5706 3642 5774 bellum,
3684 5703 3741 5760 in

533 5865 647 5938 (£6)
689 5865 874 5924 Parat.
912 5869 1089 5929 Malim
1143 5874 1381 5930 imperat.
1405 5872 1820 5933 Restitutioucm
1847 5876 2056 5942 suadet,
2092 5876 2233 5945 Quod
2265 5891 2386 5934 mox
2427 5875 2672 5947 sequitur
2706 5869 2996 5941 υνιτείρέαίο
