3888 6284
238 406 384 466 “73

1286 407 1344 462 S.
1385 404 1591 463 ISAIE
1629 400 1924 460 ABBATIS
1957 396 2378 458 ORATIONES.

2601 318 2720 342 .--.'

3362 394 3496 458 H’M

237 525 437 582 tiniore
489 533 735 580 versatur
775 525 972 591 homo;
1022 533 1078 580 et
1123 539 1166 580 si
1206 524 1367 580 hodie
1407 526 1594 592 vincit,
1644 526 1816 581 nescit
1848 533 1890 591 Α
1917 523 2190 580 concidat.
2221 523 2468 578 Charitas
2491 534 2622 577 vero
2654 535 2928 589 nunquam»
2953 517 3286 585 excidit,scd
3319 520 3505 574 omnia.

240 625 424 672 utrum
473 632 596 672 cras
631 617 872 672 victurus
919 618 1023 684 sit;
1067 617 1286 688 ancipiti
1336 618 1818 674 enim‘certamine

242 724 342 762 cor
387 720 472 763 est
513 723 864 780 suspensum.
897 709 1086 779 Atqui
1123 709 1234 780 jam
1269 709 1513 766 bravium
1552 710 1815 780 percepit,

243 800 569 870 tranquillus
600 810 705 866 est,
743 815 844 854 nec
872 801 1089 864 metuit,
1117 815 1372 868 quorsum
1407 809 1518 856 tres
1548 801 1650 856 illte
1689 817 1816 872 par-

246 897 330 942 tes
375 891 618 952 tendant,
657 904 780 958 qua:
812 888 922 958 jam
951 888 1004 942 in
1045 889 1156 944 Deo
1189 905 1310 944 cum
1346 904 1477 959 pace
1515 893 1818 960 conjuncta:

242 987 389 1043 sunt,
437 977 616 1032 anima
667 978 948 1043 nimirum,
991 989 1047 1034 et
1101 994 1321 1049 corpus,
1373 990 1429 1034 et
1470 981 1713 1050 spiritus,
1760 990 1820 1034 ut

240 1069 323 1122 ait
369 1067 658 1138 Apostolus
698 1071 766 1123 ".
813 1068 948 1124 Cum
983 1070 1128 1124 enim
1173 1071 1288 1126 haec
1332 1071 1434 1126 tria
1479 1087 1816 1142 per-opera-

247 1159 453 1214 tionem
495 1157 734 1228 Spiritus
775 1158 950 1214 sancti
982 1176 1145 1214 unum
1184 1161 1404 1230 fuerint,
1459 1161 1690 1230 amplius
1729 1177 1817 1216 se-

237 1247 387 1318 iungi
421 1257 715 1319 nequeunt.
741 1249 978 1306 Christus
1007 1251 1152 1306 enim
1179 1265 1418 1307 mortuus
1446 1263 1541 1317 est,
1564 1263 1610 1306 et
1643 1269 1819 1307 resar-

243 1345 401 1404 rexit,
438 1351 486 1394 et
515 1341 744 1410 amplius
795 1359 898 1397 non
939 1345 1194 1412 moritur;
1236 1363 1376 1400 mors
1411 1348 1490 1400 illi
1537 1349 1679 1402 ultra
1715 1365 1817 1402 non

241 1430 696 1498 douiinabitnr";
723 1446 844 1486 nam
876 1447 1022 1488 mors
1051 1435 1168 1504 ejus
1196 1435 1343 1491 salus
1365 1437 1520 1491 nobis
1547 1437 1686 1492 facta
1710 1446 1814 1492 est.

243 1519 307 1574 Et
349 1535 444 1588 per
474 1529 704 1575 mortem
729 1519 844 1587 ejus
867 1531 1149 1590 peccatum
1191 1523 1424 1580 deletum
1457 1535 1542 1581 est
1579 1526 1631 1580 in
1672 1541 1800 1595 per-

241 1618 489 1679 petuum.
529 1607 595 1664 Et
622 1612 949 1666 resurrectio
981 1614 1147 1682 ipsius
1177 1615 1281 1669 vita
1311 1615 1448 1670 facta
1478 1624 1562 1672 est
1589 1615 1818 1672 creden-

243 1699 389 1754 tibus
428 1700 480 1754 in
512 1716 657 1766 eum,
694 1713 751 1756 ut
785 1704 837 1756 in
870 1704 977 1758 Deo
1017 1705 1224 1771 vivant,
1255 1705 1554 1776 etjustitize
1581 1706 1816 1762 fructum

241 1789 494 1846 offerant.
533 1791 614 1846 Ne
657 1793 849 1848 vicisse
888 1804 939 1850 te
968 1806 1144 1865 putes,
1183 1796 1310 1850 dum
1355 1811 1580 1867 pugnas.
1615 1796 1818 1852 Militia

1917 625 2116 685 sperat,
2146 626 2193 670 et
2225 616 2412 680 credit,
2442 625 2491 670 et
2521 611 2743 669 sustinet
2774 613 2842 670 ’⁸.

1990 705 2098 762 VII.
2139 706 2184 762 0
2215 721 2375 775 quam
2404 705 2674 760 laboriosa
2700 711 2783 759 est
2811 702 2894 757 via
2925 701 3020 757 Dei
3048 702 3062 754 I
3088 701 3323 772 Angusta
3350 699 3501 753 enim

1917 805 2016 860 est,
2051 805 2104 850 ut
2138 795 2252 864 ipse
2284 796 2379 857 ait,
2409 804 2586 866 porta,
2615 803 2664 849 et
2699 805 2846 848 arcta
2881 800 2956 848 est
2984 793 3068 847 via
3098 792 3394 861 quwﬂucit
3417 791 3506 845 ad

1919 887 2098 951 vitam,
2134 897 2182 940 et
2239 887 2396 954 pauci
2426 897 2568 952 sunt,
2597 886 2687 954 qui
2725 885 2994 939 inveniunt
3021 901 3136 938 eam
3164 884 3232 938 ”.
3267 882 3376 937 Nos
3399 898 3500 936 au-

1918 978 2256 1033 tem-inertes
2279 987 2334 1031 et
2359 977 2536 1039 ignavi
2563 985 2619 1031 et
2646 975 3009 1046 voluptatibus
3038 975 3226 1038 dediti,
3259 973 3500 1043 quietem

1919 1069 1972 1123 in
2006 1085 2070 1124 eo
2099 1069 2258 1124 sitam
2296 1069 2565 1133 ducimus,
2600 1069 2740 1137 quod
2784 1070 2973 1138 jugum
3009 1067 3153 1121 illius
3186 1074 3495 1135 nongesta-

1919 1178 2040 1215 natis
2069 1162 2160 1231 qui
2211 1162 2346 1216 dixit
2377 1181 2389 1215 :
2431 1160 2618 1215 Tollite
2645 1161 2838 1231 jugum
2884 1175 3066 1213 meum
3098 1173 3255 1228 super
3290 1163 3496 1221 vos,“

1918 1251 2102 1307 discite
2131 1271 2162 1306 a
2187 1270 2292 1316 nte,
2325 1255 2450 1322 quia
2473 1253 2617 1306 mitis
2660 1267 2776 1306 sum
2799 1260 2847 1304 et
2883 1247 3104 1304 Itumilis
3122 1248 3378 1312 corde,“
3415 1248 3497 1301 irv-

1918 1343 2129 1396 venietis
2154 1343 2382 1411 requiem
2405 1342 2683 1395 animabus
2708 1341 2912 1395 vestris.
2938 1338 3297 1407 Jugurwenim
3321 1353 3497 1391 meum

1918 1449 2078 1489 suave
2107 1445 2203 1498 est,
2235 1445 2284 1488 et
2315 1451 2448 1488 onus
2484 1449 2654 1486 meum
2685 1433 2792 1486 lere
2825 1433 2894 1485 ⁸ο.
2919 1431 3050 1497 Quis
3089 1430 3306 1498 sapiens
3333 1443 3396 1483 ac
3429 1429 3498 1483 ti-

1920 1539 2075 1580 mens
2095 1523 2257 1579 Deum
2285 1541 2388 1579 non
2409 1523 2660 1578 omnibus
2682 1523 2888 1577 viribus
2910 1521 3211 1585 contendit,
3236 1527 3294 1575 nt
3317 1521 3497 1575 divina

1920 1616 2172 1670 mandata
2203 1616 2489 1678 custodiat,
2524 1623 2579 1670 et
2615 1623 2792 1668 tamen
2829 1629 2950 1668 cum
2985 1613 3165 1667 omnia
3200 1611 3408 1678 fecerit,
3439 1627 3500 1667 sc

1920 1707 2196 1778 indignum
2231 1707 2497 1776 agnoscit,
2541 1705 2635 1775 qui
2665 1705 2754 1759 Dei
2791 1719 2986 1758 nomen
3029 1704 3286 1759 invocet?
3314 1703 3499 1758 Domi-

1921 1814 2024 1854 nus
2072 1808 2256 1854 noster
2305 1797 2463 1854 Jesus
2492 1799 2747 1854 Christus
2790 1807 3009 1867 propter
3044 1811 3142 1850 nos
3194 1795 3370 1850 factus
3415 1805 3502 1850 est

239 1884 386 1936 enim
415 1893 492 1937 est
525 1885 629 1938 vita
662 1884 897 1940 hominis
933 1903 1092 1954 super
1121 1897 1317 1941 terram
1363 1888 1428 1942 ⁸⁸.
1465 1887 1590 1944 Sive
1631 1888 1812 1954 vigile-
1850 1888 1892 1943 Β
1921 1887 2103 1954 homo,
2133 1897 2191 1943 ut
2215 1887 2569 1958 aegritudines
2596 1896 2811 1941 nostras
2833 1895 3072 1950 curaret,
3105 1893 3165 1938 ut
3203 1883 3498 1939 secundum

241 1987 386 2034 suus.
418 1974 534 2027 sive
575 1974 932 2038 dortn'tamtts,
974 1991 1077 2030 non
1117 1986 1294 2032 cessat
1333 1991 1448 2032 nos
1477 1977 1820 2033 adversarius

241 2078 578 2132 oppugnare.
629 2063 730 2131 Qui
776 2064 830 2118 in
866 2067 1041 2120 stadio
1087 2076 1308 2144 pugnat,
1348 2069 1393 2123 si
1433 2069 1667 2138 prudens
1713 2076 1818 2133 est,

241 2162 369 2206 ante
424 2153 705 2208 vietoriam
762 2157 1090 2224 praeconium
1145 2173 1250 2212 non
1294 2165 1456 2214 cauit.
1506 2159 1821 2228 Imprudens

240 2252 450 2306 autem,
479 2253 534 2298 et
564 2244 610 2298 si
643 2245 811 2307 cadit,
853 2255 1027 2301 tamen
1063 2247 1361 2312 extollitur,
1387 2259 1440 2301 et
1475 2261 1532 2302 se
1563 2250 1819 2304 victorem

241 2335 558 2390 existimat.
594 2336 802 2393 Idcirco
857 2338 1152 2402 Dominus,
1194 2355 1316 2394 cum
1364 2341 1657 2409 discipulos
1695 2357 1823 2398 suos

247 2425 488 2480 mitteret
521 2426 586 2480 ad
619 2427 1016 2496 prazdicandmn
1051 2446 1064 2482 :
1101 2429 1399 2493 Neminem,
1437 2431 1630 2499 inquit,
1657 2433 1712 2485 in
1739 2433 1821 2485 via

242 2515 720 2580 salutareritisﬁn
747 2519 960 2572 (tantum
1000 2530 1172 2573 autem
1209 2537 1326 2573 cum
1361 2522 1705 2587 intraveritis,
1737 2541 1823 2578 sa-

243 2604 450 2671 lutate;
490 2618 534 2660 et
573 2608 619 2660 si
664 2608 736 2661 ibi
773 2609 928 2676 fuerit
962 2609 1110 2679 [ilius
1147 2613 1311 2678 pacis,
1353 2614 1495 2681 apud
1546 2630 1664 2668 eum
1704 2631 1820 2668 ma-

244 2707 360 2752 nete
391 2699 458 2752 ¹⁸.
491 2698 555 2752 Ει
590 2699 814 2756 Elismus
845 2703 912 2755 ad
943 2701 1113 2770 Giezi,
1146 2719 1268 2758 cum
1303 2720 1424 2758 eum
1457 2705 1725 2761 mitteret:
1761 2706 1822 2761 Si

245 2792 558 2854 occurrerit,
597 2793 789 2862 inquit,
830 2792 1142 2858 tib'i/mmo,
1186 2811 1249 2848 ne
1282 2797 1477 2849 salutes
1511 2814 1666 2862 eum;
1701 2809 1746 2850 et
1777 2801 1822 2852 si

241 2882 547 2940 salutaverit
579 2895 628 2937 te
665 2885 948 2954 quispiam,
989 2901 1050 2937 ne
1086 2887 1401 2952 respondeas
1435 2887 1514 2940 illi
1542 2888 1605 2941 “.
1638 2886 1824 2958 Neque

148 3039 158 3051 ι
246 2984 426 3028 tamen
461 2973 610 3029 Giezi
644 2989 871 3042 puerum
899 2975 1202 3032 suscitavit.
1236 2975 1304 3028 At
1329 2991 1449 3030 cum
1485 2979 1720 3033 venisset
1743 2979 1820 3032 vir

246 3065 372 3131 Dei,
409 3065 542 3119 vidit
587 3080 810 3135 puerum
851 3064 1126 3134 jacentem
1164 3065 1236 3144 in_
1267 3065 1479 3126 lectulo,
1525 3079 1580 3122 et
1628 3070 1823 3124 clausit

245 3157 444 3213 ostium
494 3172 656 3226 super
692 3170 771 3222 se,
803 3165 856 3211 et
903 3169 1066 3224 super
1100 3157 1282 3220 illum,
1317 3167 1373 3212 et
1425 3174 1546 3212 cum
1596 3162 1822 3231 singulis

1921 1980 2207 2047 spiritum,
2261 1994 2366 2034 non
2399 1979 2698 2034 secundum
2750 1993 2969 2032 carnem
3023 1976 3400 2038 ambulemus,
3445 1984 3502 2030 et

1922 2066 2104 2123 Patris
2134 2048 2460 2122 voluntatem
2498 2067 2652 2122 nobis
2682 2066 2954 2135 patefecit.
2988 2065 3054 2119 Et
3085 2064 3365 2134 discipulis
3386 2064 3502 2119 suis

1921 2155 2056 2211 dixit
2090 2177 2103 2212 :
2143 2155 2274 2212 Cum
2306 2158 2534 2226 feceritis
2573 2163 2750 2210 omnia
2781 2174 2898 2224 qua:
2931 2158 3181 2225 praecipio
3211 2157 3372 2222 vobis,
3413 2157 3500 2208 di-

1921 2247 2020 2300 cite
2041 2259 2062 2298 :
2091 2246 2242 2300 Servi
2272 2247 2489 2300 inutiles
2513 2262 2733 2309 sumus;
2770 2247 2955 2300 etenim
2983 2247 3120 2316 quod
3138 2246 3380 2300 debemus
3413 2245 3502 2314 [a-

1922 2350 2056 2396 cere,
2102 2335 2322 2403 ferimus
2354 2337 2420 2389 ".
2471 2336 2527 2391 Si
2555 2337 2676 2405 quis
2717 2337 2958 2406 viperam
3001 2345 3094 2389 aut
3133 2336 3501 2404 scorpionem,

1923 2433 2015 2476 aut
2045 2423 2245 2493 aliquid
2271 2424 2416 2478 aliud
2451 2425 2765 2494 pestiferum
2796 2425 3010 2489 viderit,
3051 2426 3243 2479 timore
3275 2435 3492 2493 perter-

1934 2515 2071 2568 ritus
2102 2515 2238 2586 fugit
2266 2533 2280 2568 :
2317 2527 2372 2572 et
2401 2517 2714 2585 imprudens
2741 2526 2903 2587 atque
2933 2517 3113 2572 iul'elis
3140 2517 3341 2580 anima,
3374 2531 3496 2570 cum

1925 2605 2200 2661 mortifera
2243 2616 2449 2672 cernat,
2486 2625 2588 2664 non
2623 2608 2759 2678 fugit
2800 2623 2972 2678 neque.
3001 2609 3227 2674 recedit,
3259 2609 3354 2662 sed
3391 2623 3487 2662 au-

1925 2701 2110 2752 dacter
2134 2714 2254 2752 cum
2283 2699 2388 2754 illis
2416 2710 2685 2756 versatur.
2715 2700 2838 2755 Ideo
2859 2700 3082 2764 sterilis,
3105 2709 3158 2754 et
3178 2699 3295 2754 sine
3321 2697 3497 2754 fructu

1926 2797 2136 2858 tempus
2167 2804 2325 2844 omne
2350 2791 2638 2846 consumit.

2466 2882 2723 2939 ORATIO
2763 2882 2955 2937 XXIV.

2461 2974 2534 3028 De
2562 2975 2966 3043 tranquillitate.

2007 3065 2059 3118 In
2100 3068 2362 3121 virtutum
2401 3066 2487 3120 via
2515 3075 2598 3120 est
2633 3065 2836 3134 lapsus,
2867 3075 2992 3120 sunt
3023 3065 3247 3131 inimici,
3276 3075 3361 3122 est
3390 3082 3504 3121 mus

1930 3157 2099 3222 talio,
2153 3166 2236 3212 est
2269 3157 2448 3225 copia,
2489 3166 2573 3211 est
2617 3157 2985 3218 mediocritas.
3024 3166 3109 3211 est
3155 3157 3365 3227 inopia,
3411 3166 3500 3236 est

244 3248 494 3302 sensibus
537 3247 818 3318 pugnavit,
863 3246 1308 3316 descendensque
1360 3247 1412 3301 in
1456 3250 1616 3304 domo
1657 3253 1822 3306 semel
1851 3244 1893 3302 C
1930 3250 2210 3313 mmstitia,
2252 3260 2335 3304 est
2363 3251 2636 3319 gaudium,
2665 3259 2748 3303 est
2775 3250 2938 3303 animi
2971 3249 3123 3304 labor
3148 3259 3203 3306 et
3225 3250 3494 3317 angustia,

244 3339 351 3394 huc
381 3349 541 3410 atque
577 3339 701 3394 illuc
728 3338 1115 3402 deambulavit,
1151 3347 1346 3393 etcum
1382 3340 1642 3395 calefacta
1677 3355 1824 3398 esset

243 3445 373 3484 caro
400 3431 572 3499 pueri,
615 3447 712 3501 per
742 3431 1074 3486 voluntatem
1113 3429 1348 3500 Spiritus
1377 3431 1468 3486 Dei
1498 3435 1667 3503 aperti
1697 3446 1824 3491 sunt

242 3518 383 3576 oculi
413 3519 550 3587 ejus.

319 3610 406 3664 VI.
449 3611 586 3679 Quid
619 3612 860 3668 dicemus
893 3628 994 3670 nos
1025 3614 1229 3678 miseri,
1267 3615 1357 3684 qui
1390 3615 1612 3684 gloriam
1640 3619 1820 3672 nmndi

245 3701 526 3774 diligimus
559 3704 732 3774 magis
774 3720 937 3773 quam
984 3706 1210 3776 gloriam
1246 3705 1378 3760 Dei?
1416 3707 1518 3774 Qui
1554 3722 1654 3763 nec
1687 3724 1823 3778 quo-

245 3798 408 3851 modo
448 3798 794 3865 pugnandum
827 3798 920 3861 sit,
956 3807 1051 3851 aut
1093 3797 1160 3852 ad
1200 3800 1442 3866 requiem
1495 3801 1824 3854 contenden-

249 3890 404 3951 dum,
425 3888 855 3953 consideramus,
875 3903 972 3943 nec
994 3889 1086 3944 Dei
1107 3889 1427 3959 patientiam
1454 3889 1820 3962 intelligimus,

247 3981 342 4052 qui
392 3995 513 4035 cum
561 3980 700 4036 bono
731 3981 911 4035 fructu
949 3982 1080 4037 sinit
1123 3983 1336 4038 zizania
1381 3999 1660 4051 crescere;
1723 4001 1824 4062 nec

251 4073 568 4143 priusquam
610 4073 697 4128 ille
757 4074 987 4128 creverit
1025 4073 1401 4144 perlectusque
1435 4077 1526 4140 sit,
1559 4079 1822 4148 permittit

248 4175 307 4218 ut
342 4165 550 4220 zizania
578 4165 918 4234 colligantur.
951 4165 1016 4219 Et
1036 4165 1183 4221 Giczi
1211 4167 1420 4223 itineris
1447 4185 1665 4224 cursum
1691 4186 1825 4227 cou-

249 4258 400 4323 ιδεμ,
428 4259 529 4314 sed
553 4269 731 4312 tamen
764 4273 867 4313 non
907 4259 1079 4328 potuit
1107 4274 1335 4328 puerum
1370 4262 1665 4328 suscitare,
1697 4265 1824 4332 quia

249 4353 439 4408 dilexit
467 4353 694 4423 gloriam
728 4355 1002 4409 hominum
1038 4355 1208 4426 magis
1236 4372 1396 4426 quam
1431 4355 1655 4424 gloriam
1703 4357 1821 4413 Dei.

249 4445 400 4500 Beati
433 4445 575 4501 oculi
607 4446 696 4515 qui
727 4460 849 4501 cum
883 4447 1188 4502 humilitate
1214 4449 1278 4502 ad
1311 4448 1475 4501 Deum
1503 4448 1822 4518 respiciunt,

247 4546 306 4592 ct
351 4535 565 4592 solliciti
617 4547 744 4592 sunt
778 4537 1046 4606 quomodo
1080 4549 1270 4594 curent
1319 4539 1540 4592 vulnera
1594 4555 1714 4604 sua,
1769 4551 1823 4596 et

249 4639 469 4698 peccata
517 4628 774 4700 lacrymis
810 4629 1037 4684 abluunt
1083 4645 1148 4685 ac
1188 4631 1398 4686 veniam
1436 4633 1819 4699 deprecantur.

252 4720 345 4774 \‘ae
386 4719 491 4776 illis
521 4719 613 4790 qui
647 4729 854 4790 tempus
886 4732 1231 4787 consumunt,
1265 4733 1565 4794 putantque
1603 4740 1661 4780 se
1703 4740 1827 4780 esse

249 4813 371 4868 sine
395 4814 656 4883 peccatis.
685 4822 740 4868 et
768 4815 1044 4884 propriam
1071 4815 1388 4869 conculcant
1412 4816 1827 4882 conscientiam,

251 4921 353 4962 nec
385 4906 573 4961 volunt
603 4905 976 4977 pmnitentiam
1014 4921 1192 4978 agere.
1229 4907 1477 4976 Agricola
1511 4907 1601 4975 qui
1639 4922 1829 4962 semen

251 5013 412 5052 suum
439 4997 596 5066 jacit,
626 4998 728 5052 nisi
769 4998 1056 5068 germinet,
1089 4998 1335 5069 queritur
1370 4999 1511 5068 quod
1551 5008 1830 5065 sumptum

250 5098 306 5143 et
357 5104 575 5158 operam
630 5090 941 5159 perdiderit.
980 5092 1069 5145 Sic
1118 5099 1173 5144 et
1232 5091 1392 5144 homo
1444 5090 1568 5144 licet
1625 5091 1833 5144 noverit

254 5182 508 5249 mysteria
551 5182 754 5246 omnia,
800 5192 852 5236 et
883 5196 1099 5236 omnem
1139 5182 1421 5236 scientiam
1457 5181 1526 5245 ³⁷,
1553 5191 1607 5234 ct
1643 5181 1830 5236 fecerit

253 5273 484 5329 virtutes
517 5274 714 5329 multas
744 5285 798 5329 ct
831 5275 1162 5339 curationes,
1196 5275 1470 5343 variisque
1499 5288 1559 5327 se
1580 5271 1829 5326 alllictio-

254 5365 415 5420 nibus
469 5345 750 5427 alfecerit.
804 5365 909 5420 nisi
961 5365 1242 5420 charitatis
1294 5364 1506 5418 fructus
1565 5363 1829 5432 aSpiciat,

1928 3349 2008 3393 est
2040 3341 2216 3408 quies,
2245 3351 2324 3395 est
2352 3343 2679 3410 progressio,
2709 3352 2792 3396 est
2818 3343 2919 3396 vis.
2959 3342 3062 3396 lter
3084 3343 3227 3396 enim
3263 3342 3497 3411 agimus,

1923 3434 2095 3486 donec
2135 3433 2200 3486 ad
2242 3435 2482 3510 requiem
2535 3436 2933 3503 perveniamus.
2982 3435 3371 3503 Tranquillitas
3402 3448 3503 3486 au-

1928 3533 2032 3578 tem
2063 3523 2129 3577 ab
2160 3523 2411 3577 omnilms
2432 3533 2510 3578 est
2538 3525 3035 3594 perturbationibus
3059 3541 3247 3586 vat-ua,
3278 3533 3333 3580 et
3358 3524 3503 3580 nulla

1925 3627 1984 3666 re
2019 3613 2240 3680 indiget.
2279 3611 2374 3666 Est
2399 3615 2543 3668 enim
2583 3615 2636 3668 in
2663 3616 2790 3679 Deo,
2824 3623 2879 3669 et
2921 3615 3062 3670 Deus
3088 3614 3139 3669 in
3175 3614 3284 3670 illa.
3315 3613 3497 3670 Inimi-

1925 3715 2018 3757 cos
2062 3718 2167 3758 non
2219 3703 2401 3768 habet,
2448 3705 2827 3773 non-lapsum,
2887 3721 2991 3760 non
3042 3705 3496 3773 incredulitatem,

1924 3806 2032 3845 non
2095 3794 2514 3861 perturbationis
2568 3795 2842 3860 laborem,
2894 3811 2998 3851 non
3051 3798 3126 3852 rei
3181 3797 3500 3868 cujusquam

1925 3884 2294 3953 cupiditatem.
2341 3887 2554 3958 Magna:
2589 3888 2822 3957 denique
2870 3898 3034 3958 atque
3079 3888 3506 3944 innumerabiles

1926 3986 2052 4031 sunt
2083 3978 2227 4032 illius
2271 3979 2446 4034 dotes.
2495 3981 2577 4034 Ab
2623 3981 2723 4034 hac
2753 3981 2940 4049 procul
2970 3980 3145 4044 abest,
3185 3981 3276 4050 qui
3323 3979 3506 4050 aliqua

1926 4067 2136 4123 laborat
2163 4070 2592 4140 perturbatione.
2639 4071 2762 4125 Ilaec
2797 4083 2879 4126 cst
2920 4071 3009 4126 illa
3043 4071 3310 4136 charitas,
3340 4087 3504 4142 quant

1928 4175 2028 4215 nos
2066 4160 2534 4217 Dominus-Iesus
2577 4162 2760 4216 docuit
2807 4162 3062 4216 omnibus
3099 4162 3380 4217 exhibere.
3422 4165 3505 4217 Ad

1929 4252 2068 4304 hanc
2110 4252 2341 4318 imperiti
2382 4251 2626 4305 nonnulli
2671 4262 2863 4320 putant
2909 4265 2970 4305 se
3000 4251 3339 4319 pervenisse,
3380 4265 3506 4306 cum

1927 4343 2106 4397 adhuc
2132 4341 2297 4394 animi
2324 4342 2525 4396 morbis
2549 4341 2899 4405 divexentur,
2913 4351 2968 4394 et
2997 4339 3241 4408 corporis
3272 4339 3508 4393 immun-

1928 4434 2060 4487 ditia
2089 4434 2364 4497 sordeam,
2391 4443 2443 4486 et
2476 4435 2545 4487 ab
2570 4433 2716 4486 omni
2747 4433 2946 4485 virtute
2985 4431 3093 4485 sint
3127 4429 3503 4486 remotissimi.

1932 4524 2202 4596 Ignoscite
2235 4525 2384 4588 mihi,
2420 4540 2603 4595 quaeso
2631 4539 2727 4594 per
2757 4523 2961 4578 Deum:
3003 4523 3086 4578 cui
3120 4523 3290 4592 gloria
3320 4523 3371 4578 in
3403 4538 3510 4578 ste-

1931 4616 2050 4669 cula
2081 4615 2422 4670 sweulorum.
2455 4619 2650 4670 Amen.

2484 4707 2740 4764 ORATIO
2775 4708 2940 4764 XXV.

2008 4798 2260 4868 Ejusdem
2291 4801 2361 4854 ad
2392 4797 2610 4854 Petrum
2643 4799 2878 4854 abbatem
2907 4797 3221 4866 discipulam
3260 4813 3436 4852 suum.

2001 4890 2040 4944 I.
2083 4889 2234 4955 Quod
2281 4889 2477 4944 scribis
2505 4889 2572 4943 ad
2608 4904 2716 4952 me.
2751 4897 2802 4944 te
2834 4889 2970 4944 velle
2999 4899 3344 4956 peccatorum
3385 4899 3538 4944 tuo-‘

1930 5000 2048 5038 rum
2091 4983 2465 5051 paenitentiam
2491 4999 2674 5054 agere,
2703 4984 2748 5038 si
2779 4985 2921 5038 Deus
2957 4994 3008 5037 te
3035 4984 3104 5037 ab
3133 4981 3292 5050 hujus
3322 4983 3505 5036 mundi

1931 5075 2296 5131 sollicitudine
2327 5075 2661 5140 liberaverit,
2697 5085 2844 5133 recte
2869 5077 3018 5131 dicis.
3050 5075 3194 5130 Fieri
3215 5074 3358 5128 enim
3392 5089 3500 5126 non

1933 5178 2130 5238 potest,
2163 5178 2220 5222 ut
2253 5183 2406 5222 mens
2442 5169 2623 5224 saeculi
2664 5169 2812 5225 curis
2855 5169 3106 5224 obvoluta
3135 5165 3246 5220 Deo
3277 5165 3506 5220 serviat.

1931 5259 2053 5313 Non
2081 5261 2315 5328 potestis,
2342 5260 2516 5329 inquit
2545 5261 2822 5325 Dominus,
2861 5261 2968 5314 Deo
3001 5259 3198 5312 servire
3239 5266 3286 5310 et
3328 5270 3499 5309 mam-

1929 5370 2098 5407 mona:
2129 5353 2194 5407 ”.
2234 5353 2337 5406 Per
2371 5369 2737 5408 mannnouam
2766 5354 2943 5407 omnia
2971 5351 3155 5405 mundi
3191 5349 3408 5418 negotia
3437 5349 3512 5402 δί-

256 5470 455 5523 magno
495 5454 634 5510 allici
676 5457 870 5512 timore
901 5456 1080 5510 debet.
1119 5456 1367 5525 Undique
1405 5454 1550 5509 enim
1583 5453 1829 5507 inimico-
1925 5446 2163 5514 sllilicalo
2191 5445 2321 5512 Qua!
2345 5445 2558 5514 quidem
2589 5447 2750 5500 Ιιοιιιο
2779 5445 2882 5498 ηῖεί
2910 5443 3211 5514 re|iqueril.
3247 5442 3356 5497 ί)εο
3383 5455 3508 5496 εθτο

256 5555 378 5598 rum
428 5542 734 5612 fraudibus,
789 5544 1003 5602 insidiis
1052 5553 1108 5599 et
1147 5545 1282 5600 dolis
1337 5551 1716 5614 oppugnatur,
1775 5552 1832 5595 ut

325 5718 376 5752 "
413 5717 433 5772 l
473 5721 665 5777 Thess.
693 5738 747 5782 v.
776 5723 866 5778 9.3.
933 5723 980 5754 “
1007 5722 1162 5776 Rom.
1195 5738 1266 5786 vi,
1291 5721 1344 5772 9.
1421 5721 1466 5752 ’⁷⁵
1488 5720 1587 5772 Joh
1642 5733 1736 5781 vn,
1765 5719 1815 5772 1.

255 5787 314 5844 2.
391 5791 437 5824 ⁸⁸
476 5793 604 5848 ibid.
640 5794 693 5856 8,
722 5796 771 5847 7.
850 5796 892 5824 ’θ
937 5793 1124 5848 Matth.
1178 5809 1273 5856 vti,
1315 5790 1398 5845 Η.

1894 5719 1939 5748 ’⁸
1982 5716 2108 5770 Luc.
2138 5733 2192 5781 κ,
2230 5717 2295 5778 ι.
2328 5716 2382 5770 5.
2458 5716 2504 5747 ’⁸
2541 5713 2603 5768 IV
2646 5713 2778 5782 ch.
2811 5728 2884 5773 tv,
2923 5712 3013 5767 29.

1477 5791 1521 5820 ³ο
1563 5787 1753 5843 Matth.
1803 5803 1878 5851 XI,
1913 5789 2004 5851 9.9,
2045 5789 2132 5841 50.

1930 5540 2045 5594 vire
2080 5556 2183 5596 non
2216 5550 2413 5610 potest.
2451 5539 2539 5595 Dei
2572 5541 2808 5595 servitus
2831 5539 3079 5607 requirit,
3115 5548 3172 5592 ut
3196 5537 3326 5592 dum
3357 5535 3504 5591 illum

3092 5712 3135 5743 ν
3171 5709 3188 5764 I
3225 5708 3352 5763 ’Ior.
3386 5718 3509 5775 xm,

2212 5787 2250 5818 ³³
2292 5796 2421 5841 an.
2453 5802 2585 5850 xvu,
2631 5780 2740 5845 1οζ
2792 5785 2836 5818 ³⁸
2872 5784 3060 5840 Matth.
3097 5780 3292 5848 “,24.
