3884 6278
449 393 588 450 1175

1548 391 1819 448 PATRES
1856 389 2162 447 EGYPTII
2201 390 2473 448 SECULI
2513 390 2601 446 IV.

3574 387 3690 443 11⁸16

447 507 702 573 colimus,
737 516 794 563 et
837 505 1148 575 adoramus,
1185 515 1240 564 et
1289 523 1598 578 precamur,
1631 519 1686 563 et
1729 509 2037 586 laudamus,
2071 526 2116 584 Α
2145 512 2360 564 trabunt
2393 510 2463 563 ⁸⁷.
2499 508 2623 564 Vult
2649 521 2778 579 ergo
2810 508 2980 571 Deus,
3004 517 3059 562 ιιι
3085 509 3151 562 ab
3177 505 3438 582 omnibus
3463 507 3693 573 quieipse

449 613 628 668 neque
659 598 922 654 malitiam
965 600 1017 654 in
1054 601 1258 662 animo,
1289 615 1461 669 neque
1491 601 1695 664 odium,
1731 615 1906 671 neque
1940 601 2026 653 in-

453 691 673 759 vidiam,
707 705 882 761 neque
903 700 1115 762 turpem
1143 693 1491 762 cupiditatem
1525 693 1875 747 retineamus.
1904 690 2026 746 [huc

453 783 596 837 enim
631 784 810 838 omnia
859 785 1074 838 miserae
1110 785 1302 840 anima:
1341 785 1592 839 tenebras
1629 783 1932 844 oil‘undunt,
1972 792 2030 837 ut

455 875 566 930 Deo
600 885 747 929 caste
787 876 994 930 servire
1026 890 1132 928 non
1182 875 1384 945 possit,
1417 883 1468 928 et
1507 875 1581 929 illi
1618 875 1672 928 in
1716 875 2030 929 abscondito

457 970 795 1025 benedicere.
831 971 956 1024 lltec
988 968 1142 1024 illam
1174 967 1499 1036 impediunt,
1527 967 1814 1035 quominus
1842 979 2034 1021 occur-

459 1068 545 1114 rat
579 1061 710 1126 Dco,
737 1069 936 1116 etcum
961 1060 1246 1114 charitatis
1267 1058 1549 1113 dulcedine
1578 1065 1632 1112 et
1662 1055 1841 1112 cordis
1861 1056 2034 1110 suavi-

459 1160 572 1206 tate
601 1151 750 1206 illum
779 1163 968 1207 sancte
990 1165 1057 1206 ex
1087 1150 1277 1204 animo
1309 1150 1651 1217 deprecetur,
1683 1156 1744 1202 ut
1768 1161 1828 1202 se
1861 1146 2031 1216 ipsam

459 1243 714 1298 illustret.
757 1245 885 1298 Haec
941 1249 1069 1298 sunt
1119 1242 1171 1296 in
1222 1255 1426 1307 causa,
1461 1240 1752 1310 quominus
1787 1238 2033 1308 proﬁciat

459 1335 753 1389 secundum
780 1335 966 1396 Deum,
993 1342 1049 1388 et
1079 1348 1269 1388 omnes
1309 1340 1551 1401 amputet
1578 1330 2031 1402 perturbationes.

459 1425 612 1491 Quod
636 1425 854 1494 quidem
893 1439 1106 1493 assequi
1143 1439 1247 1479 non
1283 1438 1590 1494 possumus,
1621 1423 1726 1478 nisi
1765 1423 1833 1476 ab
1859 1420 2036 1476 omni-

460 1518 561 1572 bus
590 1517 775 1572 mundi
818 1515 1272 1572 sollicitudinibus
1305 1515 1641 1569 recedamus.
1671 1513 1862 1567 Anima
1889 1512 2033 1566 enim

462 1610 595 1665 foris
623 1620 678 1664 et.
706 1610 853 1665 intus
879 1617 1240 1680 oppugnatur.
1269 1607 1426 1664 Foris
1448 1608 1516 1662 ab
1545 1606 1705 1675 hujus
1737 1603 1917 1660 smculi
1943 1618 2036 1658 oc-

460 1703 864 1772 cupationibus,
895 1712 953 1756 ut
974 1701 1188 1770 corpori
1215 1700 1552 1766 satisfaciat;
1583 1700 1728 1754 intus
1749 1712 1778 1752 a
1805 1697 2036 1766 propriis

460 1793 892 1864 segritudinibus,
940 1807 1059 1861 quae
1091 1802 1215 1846 sunt
1246 1791 1478 1846 inimica:
1515 1788 1752 1843 virtutis.
1795 1786 1904 1842 Has
1936 1801 2037 1842 au...

2146 603 2410 657 destruxit
2450 603 2500 655 in
2529 614 2757 670 corpore
2785 615 2907 665 suo,
2937 615 3161 668 qumque
3203 615 3304 653 nos
3339 597 3429 652 vel
3462 597 3601 651 intus
3626 598 3697 649 vel

2135 694 2266 748 foris
2307 693 2684 762 coinquinant,
2731 691 2886 747 liberi
2923 693 3116 746 simus.
3162 691 3399 754 Manere,
3437 689 3622 759 inquit,
3649 692 3693 742 in

2134 803 2236 853 me,
2275 796 2324 840 et
2353 803 2445 856 ego
2477 787 2532 840 in
2576 785 2718 839 vobis
2749 786 2816 839 ³⁸.
2855 784 3036 850 Vides,
3063 784 3254 849 frater,
3284 785 3566 853 quomodo
3587 783 3694 836 velit

2134 887 2192 932 ιιι
2228 893 2544 932 maneamus
2571 877 2623 930 in
2655 877 2774 948 ipso
2803 891 2898 945 per
2916 876 3056 930 bona
3081 891 3270 946 opera,
3297 883 3362 928 ut
3393 880 3514 944 ipse
3547 875 3594 928 in
3624 891 3696 930 uo-

2134 970 2216 1025 bis
2253 979 2465 1026 maneat
2490 983 2588 1039 per
2616 968 2983 1024 sanctitatem.

2205 1060 2291 1116 lll.
2347 1062 2416 1114 At
2464 1075 2598 1131 ego,
2641 1059 2783 1114 dicet
2833 1059 3062 1129 aliquis,
3105 1058 3158 1114 in
3209 1060 3330 1128 ipso
3383 1070 3577 1111 maneo
3617 1071 3697 1124 per

2133 1153 2422 1221 baptisma,
2451 1165 2612 1221 opera
2637 1159 2822 1204 autem
2848 1151 3112 1218 perlicere
3135 1165 3375 1219 nequeo.
3405 1149 3567 1213 Audi,
3600 1147 3694 1202 fra-

2138 1252 2219 1296 ter
2260 1241 2584 1297 cbarissime
2619 1258 2632 1295 :
2677 1240 2934 1310 Quisquis
2969 1240 3235 1310 baptisma
3279 1240 3549 1310 suscipit,
3589 1238 3695 1292 illud

2136 1333 2364 1397 suscipit
2389 1333 2453 1385 ad
2491 1331 2697 1399 peccati
2736 1330 3179 1386 destructionem.
3215 1328 3311 1382 Illi
3354 1329 3503 1382 enim
3539 1343 3695 1382 conse-

2134 1424 2268 1493 pulti
2299 1439 2479 1476 sumus
2518 1424 2574 1477 in
2612 1433 2850 1488 mortem,
2882 1431 2940 1476 ut
2971 1422 3144 1490 inquit
3190 1420 3506 1489 Apostolus,
3539 1428 3590 1471 ut
3615 1419 3694 1471 de-

2135 1527 2304 1570 struat
2338 1533 2526 1584 corpus
2565 1517 2786 1584 peccati,
2833 1515 2936 1568 hoc
2975 1523 3077 1578 est,
3123 1523 3179 1566 ut
3217 1521 3439 1582 peccato
3497 1511 3694 1579 amplius

2138 1623 2240 1660 non
2271 1609 2562 1661 serviamus
2591 1607 2658 1660 ³⁹.
2689 1605 2862 1660 Simul
2898 1620 3020 1661 cum
3051 1614 3276 1675 peccato
3309 1603 3560 1659 Christus
3599 1615 3694 1655 ma-

2140 1715 2268 1755 nere
2309 1715 2414 1753 non
2458 1707 2652 1768 potest.
2693 1697 3053 1764 Quamobrem
3080 1698 3128 1749 si
3162 1696 3216 1748 in
3252 1708 3304 1751 te
3345 1693 3586 1749 Christus
3612 1696 3691 1746 lm-

2140 1793 2292 1856 bitat,
2321 1800 2588 1861 peccatum
2627 1800 2894 1843 mortuum
2925 1799 3022 1854 est,
3061 1789 3278 1857 spiritus
3315 1797 3496 1840 autem
3520 1802 3606 1853 per
3621 1786 3693 1853 ju-

464 1893 572 1938 tem
608 1883 699 1936 illa
742 1897 843 1939 nec
868 1883 1054 1938 videre
1085 1890 1280 1951 potest,
1321 1895 1420 1936 nec
1449 1893 1674 1944 curare,
1706 1879 1810 1934 nisi
1852 1877 2039 1932 mundi

2150 1884 2333 1938 ltitiam
2377 1883 2496 1937 vivit
2544 1881 2613 1937 ‘°.
2657 1880 2789 1947 Quae
2832 1881 2994 1945 enim,
3038 1890 3097 1935 ut
3142 1881 3219 1935 ait
3264 1879 3577 1948 Apostolus,
3617 1881 3692 1929 sub

465 1974 695 2046 negotiis
737 1983 792 2028 et
823 1974 972 2028 curis
1005 1973 1286 2028 liberetur.
1323 1971 1531 2026 idcirco
1572 1969 1833 2024 Dominus
1880 1967 2036 2023 Jesus

461 2075 556 2118 eos
606 2071 767 2132 negat
806 2077 934 2118 suos
979 2076 1138 2132 posse
1174 2061 1466 2132 discipulos
1509 2075 1649 2124 esse,
1685 2060 1775 2129 qui
1810 2057 2038 2128 propria:

467 2169 571 2208 non
606 2155 916 2208 renuntiant
945 2153 1204 2208 voluntati
1236 2153 1302 2206 ³³.
1334 2152 1592 2209 Voluntas
1620 2153 1764 2206 enim
1803 2160 1911 2204 tam
1952 2150 2039 2202 in-

466 2245 634 2308 timis,
659 2257 822 2313 quam
847 2242 1090 2297 externis
1116 2242 1422 2297 actionibus
1443 2239 1771 2294 dominator.
1802 2238 1866 2292 Et
1894 2237 2036 2304 ideo,

465 2348 537 2390 ne
579 2341 816 2388 mentem
863 2331 1178 2398 interimat,
1221 2339 1282 2386 ut
1319 2330 1582 2386 Dominus
1634 2327 1911 2398 praecipit,
1954 2333 2040 2382 est

467 2422 806 2494 abneganda.
833 2421 984 2478 Mens
1011 2422 1156 2477 enim
1179 2422 1466 2485 occiditur,
1498 2435 1621 2476 cum
1643 2409 1823 2474 anima
1855 2417 2040 2473 mundi

475 2517 708 2584 negotiis
744 2525 800 2570 et
859 2514 1312 2571 sollicitudinibus
1354 2514 1646 2568 detinetur.
1702 2510 1854 2566 Tunc
1898 2509 2041 2564 enim

471 2607 822 2677 aegritudines
853 2607 999 2662 intus
1029 2606 1258 2662 saeviunt
1283 2615 1339 2660 et
1382 2590 1772 2675 pmpegantur.
1803 2602 1954 2668 Quod
1997 2600 2042 2657 si

469 2701 648 2775 anima
679 2700 890 2754 Domini
913 2698 1039 2754 Jesu
1071 2697 1250 2753 verbis
1273 2697 1680 2763 obtemperans,
1713 2707 1902 2750 omnes
1920 2707 2046 2748 suas

469 2790 734 2858 abiecerit
775 2789 1100 2854 voluntates,
1134 2788 1201 2843 ab
1227 2787 1480 2843 omnibus
1512 2784 1694 2841 steculi
1727 2785 1884 2839 istius
1913 2797 2045 2849 0pc-

475 2881 624 2934 ribus
643 2879 979 2934 abhorrebit.
999 2877 1152 2932 Tunc
1175 2891 1329 2933 mens
1351 2877 1586 2934 excitata
1609 2873 2044 2936 confirmabitur,

469 2977 526 3023 et
553 2983 744 3025 omnes
773 2983 802 3023 a
837 2983 897 3024 se
931 2967 1561 3042 depellet'ygritudines.
1593 2965 1941 3032 animamque
1969 2961 2049 3015 di—

472 3059 704 3129 ligenter
737 3058 1026 3122 custodiet,
1061 3072 1128 3111 ue
1163 3071 1352 3112 rursus
1383 3056 1450 3110 ad
1479 3054 1711 3124 pristina
1749 3065 1872 3108 sese
1923 3066 2051 3106 con-

470 3159 711 3214 vertens,
749 3149 801 3202 in
832 3161 1026 3202 manus
1056 3146 1258 3201 incidat
1288 3146 1653 3202 inimicorum.

2135 1975 2246 2029 viro
2290 1982 2365 2026 est
2417 1972 2623 2034 mulier,
2693 1972 2763 2036 ei,
2837 1971 2961 2023 dum
3010 1971 3156 2034 uiuit,
3202 1969 3431 2040 alligata
3480 1966 3691 2034 esttlege.

2140 2064 2292 2130 Quod
2327 2065 2373 2118 si
2410 2066 2492 2117 rir
2531 2075 2767 2116 mortuus
2810 2061 2990 2130 fuerit,
3025 2061 3340 2114 liberabitur
3383 2077 3416 2113 a
3444 2059 3550 2128 lege
3591 2057 3689 2110 uiri.

2141 2153 2326 2223 Itaque
2363 2156 2408 2206 si
2451 2155 2648 2207 vivente
2692 2153 2804 2206 viro
2841 2169 2959 2205 cum
2999 2151 3103 2204 alio
3140 2152 3323 2220 fuerit,
3366 2150 3596 2203 adultera
3621 2147 3693 2199 dr-

2141 2245 2463 2309 clnrabilur;
2495 2254 2546 2298 at
2587 2255 2792 2298 mortuo
2825 2245 2934 2298 viro
2965 2241 3274 2296 liberabitur
3309 2261 3342 2295 a
3375 2242 3504 2311 lege,
3527 2250 3580 2294 ut
3608 2255 3690 2291 non

2141 2339 2230 2407 sit'
2255 2337 2520 2404 adultera,
2551 2338 2599 2390 si
2627 2337 2784 2407 fuerit
2813 2352 2927 2389 cum
2952 2335 3056 2389 alio
3080 2337 3191 2388 viro
3221 2336 3291 2389 δ’.
3320 2334 3378 2389 Si
3410 2334 3529 2402 quis
3557 2331 3691 2401 igitur

2143 2429 2285 2484 scire
2318 2429 2471 2499 cupit.
2497 2438 2680 2482 utrum
2719 2428 2771 2481 in
2820 2440 2880 2482 se
2922 2426 3174 2480 Christus
3217 2426 3515 2487 inhabitet,
3557 2422 3603 2477 id
3637 2437 3689 2474 ex

2143 2521 2376 2593 propriis
2437 2515 2703 2592 intelligat
2761 2521 3205 2590 cogitationibus.
3268 2517 3516 2585 Quandiu
3572 2515 3689 2568 enim

2145 2612 2295 2666 cordi
2339 2621 2617 2682 peccatum
2655 2612 2905 2680 imperat,
2953 2610 3092 2664 Deus
3133 2610 3186 2663 in
3234 2623 3303 2664 eo
3347 2623 3453 2662 non
3493 2605 3693 2665 habitat,

2149 2717 2327 2771 neque
2368 2702 2590 2770 spiritus
2635 2701 2753 2770 ejus
2794 2699 2846 2753 in
2893 2699 2982 2754 illo
3020 2699 3262 2767 requiem
3317 2698 3537 2752 invenit.
3578 2697 3689 2747 Deus

2147 2795 2358 2850 habitat
2388 2795 2442 2848 in
2486 2793 2725 2857 homine,
2757 2792 2847 2861 qui
2896 2792 3036 2847 bona
3080 2791 3210 2846 facit
3238 2806 3440 2858 opera;
3482 2798 3530 2843 et
3561 2789 3688 2841 homo

2152 2886 2204 2940 in
2238 2885 2372 2947 Deo.
2409 2884 2565 2954 cujus
2611 2891 2698 2939 est
2746 2898 2842 2937 cor
2879 2883 3108 2938 liberum
3145 2899 3172 2936 a
3205 2892 3454 2952 peccato.
3487 2881 3581 2946 Qui
3609 2879 3686 2930 ad-

2151 2976 2324 3046 hwreti
2356 2976 2638 3039 meretrici,
2687 2973 2861 3043 inquit
2903 2974 3208 3044 Apostolus,
3255 2991 3424 3027 unum
3468 2987 3574 3025 cum
3614 2969 3687 3022 illa

2153 3084 2338 3136 corpus
2369 3068 2606 3137 efﬁcitur.
2657 3066 2724 3120 Et
2752 3067 2842 3136 qui
2884 3066 3115 3120 adltwret
3148 3063 3400 3127 Domino,
3437 3079 3562 3116 unus
3593 3074 3685 3112 cum

2155 3159 2248 3212 illo
2280 3158 2494 3228 spiritus
2516 3167 2589 3211 est
2619 3157 2688 3210 ”.
2715 3157 2818 3210 Per
2849 3155 3190 3210 meretricem
3222 3153 3539 3223 intelligitur
3559 3159 3687 3202 omne

547 3241 608 3300 ll.
646 3241 844 3295 Anima
874 3241 1019 3295 enim
1047 3238 1243 3293 similis
1267 3246 1352 3293 est
1378 3234 1792 3292 adolescentulis
1833 3233 2044 3308 degenti

2155 3206 2366 3302 vitium.
2404 3246 2463 3302 Si
2504 3247 2670 3315 igitur
2705 3245 2931 3298 liberata
2963 3243 3126 3297 fuerit
3165 3243 3373 3305 anima,
3404 3206 3466 3295 et
3493 3237 3688 3293 evaserit

473 3346 599 3387 cum
649 3331 768 3384 viro
809 3343 945 3392 suo,
991 3342 1112 3397 quae
1153 3327 1198 3382 si
1247 3326 1386 3380 forte
1422 3325 1506 3380 vir
1557 3338 1786 3394 peregre
1838 3315 2061 3389 abierit,

471 3437 704 3479 excusso
732 3422 947 3486 timore,
988 3434 1074 3473 res
1106 3417 1433 3474 domesticas
1466 3416 1707 3486 negligit.
1741 3417 1808 3469 At
1834 3415 1926 3472 illo
1959 3416 2055 3470 do-

476 3533 624 3574 mum
652 3531 899 3581 reverso,
928 3514 1112 3570 sedula
1151 3513 1220 3568 ad
1254 3512 1487 3569 oﬂicium
1532 3513 1695 3576 redit,
1735 3520 1790 3567 et
1826 3527 1948 3566 cum
1996 3511 2058 3564 ti-

476 3625 632 3666 more
668 3618 863 3666 cuncta
905 3623 972 3663 ex
1009 3608 1113 3662 virl
1152 3608 1432 3663 voluntate
1461 3607 1738 3676 disponit;
1773 3606 1889 3674 ipse
1924 3620 2054 3660 vero

476 3702 662 3756 domui
693 3716 806 3757 sua:
841 3699 1078 3756 consulit
1117 3699 1375 3755 omnibus
1417 3697 1470 3751 in
1505 3699 1668 3752 rebus
1706 3697 2050 3752 necessariis.

478 3794 573 3848 Sic
590 3802 646 3849 et
671 3807 822 3848 mens
849 3792 1085 3846 animam
1117 3789 1370 3845 observat
1394 3789 1627 3854 assidue,
1656 3797 1710 3844 et
1728 3787 1864 3843 bona
1893 3803 2053 3857 opera

479 3900 550 3938 ex
601 3883 693 3938 illa
734 3892 994 3953 tanquam
1043 3881 1179 3937 ﬁlios
1221 3881 1393 3951 gignit
1437 3888 1492 3935 et
1533 3879 1740 3944 nutrit;
1779 3887 1942 3948 atque
1980 3879 2053 3932 ita

479 3974 831 4041 conveniunt,
869 3980 928 4027 ut
971 3987 1066 4028 cor
1099 3987 1260 4060 ultum
1295 3967 1617 4027 efﬁciantur.
1662 3969 1856 4023 Anima
1889 3968 2062 4023 menti»

479 4075 538 4119 ut
573 4064 768 4119 mulier
799 4064 916 4117 viro
949 4061 1238 4130 subjicitur
1273 4079 1287 4116 :
1332 4060 1497 4125 Nam,
1541 4067 1602 4116 ut
1642 4061 1718 4114 ait
1743 4059 2052 4128 Apostolus,

477 4165 636 4226 caput
675 4154 913 4210 mulieris
941 4165 1018 4209 est
1061 4153 1140 4206 vir
1173 4153 1242 4206 “.
1283 4151 1350 4206 Et
1390 4165 1605 4205 rursum
1641 4169 1656 4206 :
1706 4149 1824 4216 Vir,
1859 4150 2054 4219 inquit,

479 4265 584 4302 non
612 4249 758 4303 debet
785 4247 956 4302 uelare
975 4253 1170 4314 caput;
1194 4245 1366 4314 imago
1388 4243 1525 4296 enim
1549 4251 1599 4296 et
1621 4241 1792 4312 gloria
1824 4241 1919 4296 Dei
1946 4252 2053 4305 est;

479 4339 672 4393 mulier
712 4347 888 4393 autem
936 4344 1013 4390 est
1055 4335 1158 4388 viri
1188 4333 1385 4404 gloria.
1437 4332 1560 4387 Non
1604 4334 1745 4386 enim
1777 4341 1850 4386 est
1885 4333 1965 4386 vir
1991 4348 2056 4386 ea:

477 4432 722 4496 muliere,
756 4430 846 4485 sed
881 4427 1074 4482 mulier
1105 4442 1170 4480 ea:
1198 4427 1326 4482 viro.
1356 4423 1565 4479 Etenim
1593 4440 1696 4478 non
1732 4433 1808 4479 est
1843 4432 2063 4481 creatus.

2155 3338 2332 3393 omnia
2380 3352 2500 3406 qua:
2533 3336 2605 3390 illi
2641 3337 2694 3390 in
2740 3338 2841 3390 hoc
2885 3349 3011 3390 aere
3047 3335 3429 3396 adversantur,
3460 3343 3574 3387 tunc
3599 3343 3697 3383 tua

2156 3437 2246 3484 net
2281 3429 2333 3483 in
2377 3428 2484 3482 Deo
2517 3437 2571 3480 et
2611 3427 2793 3480 haurit
2825 3427 2891 3482 de
2921 3426 3112 3495 spiritu
3157 3424 3299 3494 ejus,
3345 3434 3502 3492 atque
3531 3422 3593 3472 ita
3619 3418 3683 3468 di-

2155 3526 2299 3570 ctum
2347 3515 2476 3570 ii‘lud
2525 3516 2776 3584 impletur
2823 3534 2836 3569 :
2888 3514 2991 3579 Qui
3027 3515 3259 3569 adliceret
3307 3513 3544 3575 Domino,
3579 3523 3684 3561 unus

2154 3607 2367 3676 spiritus
2401 3616 2496 3660 est.
2547 3607 2611 3661 Et
2642 3607 2802 3661 discit
2835 3606 3103 3676 quomodo
3142 3619 3304 3659 orare
3366 3605 3565 3665 debeat,
3611 3598 3682 3650 atl-

2157 3714 2321 3754 orans
2353 3714 2473 3753 eum
2509 3699 2829 3762 assidue,et
2861 3698 3140 3752 adhmretts
3174 3697 3251 3750 illi
3292 3698 3415 3752 sine
3455 3691 3673 3749 intcrmis

2156 3791 2328 3845 sione.
2377 3789 2564 3844 Itidem
2592 3790 2707 3860 ipse
2749 3797 2936 3844 manet
2980 3791 3033 3844 in
3068 3803 3132 3843 ea
3177 3797 3232 3844 et
3259 3787 3558 3859 requiescit,
3586 3796 3675 3850 ape-

2158 3882 2304 3936 riens
2328 3891 2382 3935 et
2413 3881 2648 3951 largiens
2672 3882 2720 3936 ci
2758 3881 2994 3936 honores
3021 3889 3076 3934 et
3113 3894 3341 3933 munera
3375 3893 3466 3933 sua
3491 3872 3676 3930 incredi-

2157 3974 2331 4032 bilia:
2381 3981 2732 4040 regeneratur
2783 3971 2930 4027 enim
2962 3972 3030 4026 ab
3079 3970 3174 4026 illo
3219 3987 3318 4042 per
3372 3969 3611 4040 baptisma
3640 3971 3679 4018 et

2157 4065 2329 4120 sancti
2361 4063 2598 4133 Spiritus
2629 4063 2990 4130 infusionem.

2227 4159 2314 4213 lV.
2337 4159 2527 4222 Porro,
2569 4157 2658 4226 qui
2687 4168 2838 4210 natus
2876 4168 2948 4210 est
2981 4173 3044 4210 ea:
3081 4154 3211 4219 Deo,
3245 4164 3305 4210 ut.
3335 4155 3573 4223 scriptum
3599 4155 3679 4210 est.

2156 4268 2258 4306 non
2292 4259 2492 4317 peccat,
2538 4266 2628 4303 nec
2676 4251 2840 4319 tangit
2880 4266 2995 4302 eum
3032 4248 3200 4302 malus
3229 4249 3294 4302 “.
3339 4249 3456 4303 Nisi
3494 4238 3680 4299 converti

2155 4337 2383 4406 fueritis,
2413 4339 2586 4406 inquit
2619 4337 2753 4406 ipse,
2781 4347 2828 4390 et
2864 4337 3160 4406 efﬁciamini
3191 4339 3327 4391 sicut
3357 4335 3565 4407 paruuli,
3604 4343 3680 4382 nor

2156 4429 2419 4481 intrabitis
2451 4429 2506 4482 in
2556 4443 2770 4498 regnum
2805 4428 3051 4482 caelorum
3079 4427 3148 4483 “.
3195 4429 3348 4484 Sicut
3378 4429 3521 4482 modo
3557 4421 3680 4492 geni"

480 4523 566 4574 rir
591 4531 804 4591 propter
828 4520 1121 4584 mulierem,
1154 4519 1245 4571 sed
1265 4517 1455 4572 mulier
1479 4525 1689 4584 propter
1703 4515 1892 4569 virum.
1925 4513 2058 4569 Pro-
2091 4539 2134 4600 ι)
2165 4521 2413 4591 infantes,
2433 4522 2605 4592 inquit
2640 4521 2855 4579 Petrus.
2893 4522 3226 4584 rationabile,
3257 4539 3320 4577 ac
3358 4524 3466 4576 sine
3493 4518 3596 4571 dolo
3619 4517 3679 4566 lat

480 4622 658 4680 pterea
695 4609 887 4663 mulier
909 4609 1054 4663 debet
1086 4607 1258 4663 celare
1287 4617 1465 4673 caput,
1498 4616 1557 4667 et,
1584 4614 1796 4675 propter
1821 4605 2053 4674 angelos.

489 4705 858 4756 Verumtamen
899 4715 1060 4769 neque
1101 4697 1291 4751 mulier
1315 4698 1428 4750 sine
1464 4697 1607 4762 viro,
1640 4713 1802 4767 neque
1831 4697 1910 4750 uir
1942 4696 2056 4751 sine

482 4787 723 4853 muliere,
755 4788 811 4840 in
849 4787 1098 4841 Domino.
1141 4785 1292 4841 Sicut
1323 4784 1461 4839 enim
1490 4785 1679 4838 mulier
1709 4800 1774 4840 ea:
1814 4785 1947 4850 viro,
1977 4786 2054 4839 sic

439 4883 452 4895 ‘
479 4890 527 4932 ut
565 4879 648 4931 uir
675 4892 741 4932 ex
766 4876 1010 4942 muliere,
1055 4877 1232 4931 omnia
1261 4884 1436 4931 autem
1469 4892 1536 4930 ea:
1561 4873 1669 4930 Deo
1691 4876 1756 4930 ³⁸.
1785 4875 1918 4931 Cum
1948 4876 2052 4945 igi-

481 4981 572 5026 tur
605 4969 785 5025 anima
814 4968 979 5024 menti
1009 4977 1163 5038 paret
1196 4968 1249 5022 in
1294 4969 1544 5035 Domino,
1575 4978 1700 5024 tunc
1727 4967 1836 5023 Deo
1863 4984 2052 5039 preces

483 5061 760 5143 tundimus
806 5058 858 5113 in
913 5058 1206 5122 castitate,
1263 5069 1391 5113 tunc
1429 5058 1539 5113 Deo
1575 5059 1945 5114 benedicimus
1982 5072 2052 5114 ex

479 5152 649 5208 corde
680 5159 892 5212 sancto,
920 5158 1050 5204 tunc
1083 5149 1420 5204 illustramur
1449 5163 1479 5203 a
1510 5148 1642 5216 Deo,
1676 5159 1803 5204 tunc
1833 5149 1950 5204 veri
1974 5149 2050 5204 illi

487 5243 753 5297 etllcitnur
802 5242 1152 5304 adoratores,
1202 5254 1340 5310 quos
1402 5239 1545 5296 Deus
1590 5240 1838 5309 requirit.
1893 5240 2053 5296 Tales

476 5345 628 5392 sunt.
663 5335 729 5389 de
755 5335 952 5405 quibus
980 5335 1096 5405 ipse
1121 5332 1193 5388 ait
1218 5351 1234 5388 :
1267 5332 1583 5388 Inlta'bitabo
1612 5333 1668 5386 in
1694 5333 1770 5388 eis
1802 5341 1852 5388 et
1881 5333 2052 5387 inam-

475 5428 669 5481 bulabo
695 5427 763 5481 “.
789 5426 942 5483 Tunc
973 5427 1104 5482 illud
1133 5425 1385 5496 impletur
1415 5442 1431 5479 :
1463 5423 1522 5478 Si
1551 5425 1654 5478 duo
1677 5434 1900 5480 oestrum
1925 5441 2050 5480 con-

479 5519 757 5584 senserint,
785 5535 1107 5591 quacunque
1137 5521 1194 5573 in
1218 5518 1427 5574 nomine
1451 5533 1564 5572 meo
1593 5518 1854 5586 petierint,
1888 5520 2050 5587 impe-

2159 4615 2524 4686 concupiscite,
2577 4627 2632 4670 ut
2665 4632 2718 4671 tn
2770 4631 2881 4686 ipso
2933 4617 3179 4671 crescatis
3208 4617 3271 4671 ⁸⁸.
3315 4617 3552 4684 Quaenam
3584 4614 3678 4663 sunt

2161 4709 2386 4773 infantis
2426 4709 2627 4777 opera?
2657 4708 2836 4764 Infans
2868 4710 2911 4766 si
2964 4710 3303 4776 verberetur,
3347 4708 3527 4780 plorat.
3577 4701 3678 4755 Risu

2157 4800 2408 4868 agnoscit
2456 4800 2758 4856 arridentcs
2790 4801 2912 4857 sibi.
2964 4800 3204 4857 Alfectus
3249 4797 3554 4856 contumelia
3598 4805 3678 4844 non

2156 4892 2431 4947 irascitur.
2457 4891 2728 4947 Laudibus
2757 4908 2860 4951 non
2877 4893 3171 4949 extollitur.
3197 4892 3252 4948 Si
3285 4893 3397 4950 loco
3420 4891 3526 4960 ejus
3550 4886 3678 4939 alium

2159 4983 2456 5048 venereris,
2502 4974 2608 5036 non
2637 4982 2803 5038 dolet.
2838 4982 2896 5038 Si
2946 4998 3034 5039 res
3067 4983 3140 5037 illi
3177 4998 3303 5038 suas
3347 4981 3547 5050 eripias.
3595 4988 3676 5026 non

2160 5073 2428 5130 turbatur.
2463 5075 2517 5130 Si
2541 5076 2728 5146 paucis
2758 5077 2812 5129 in
2836 5075 2996 5133 rebus
3033 5077 3204 5136 haeres
3241 5075 3397 5131 fuerit
3427 5071 3675 5127 instittnus,

2161 5164 2383 5218 minime
2435 5175 2612 5222 curat.
2674 5165 2954 5221 Neminem
3017 5177 3178 5221 vocat
3232 5168 3283 5222 in
3313 5166 3569 5237 judicium.
3599 5155 3673 5206 Pro

2162 5256 2393 5312 fortunis
2419 5259 2538 5314 suis
2564 5273 2671 5314 non
2705 5259 3004 5316 contendit.
3033 5257 3311 5314 Neminem
3341 5258 3468 5313 odit.
3507 5251 3553 5306 Si
3575 5260 3672 5316 pan-

2159 5357 2256 5411 per
2281 5352 2384 5406 est,
2417 5359 2522 5400 non
2559 5355 2776 5401 taceret.
2809 5347 2865 5401 Si
2893 5347 3064 5412 diem,
3096 5363 3202 5402 non
3237 5347 3482 5417 superbit.
3507 5341 3553 5394 Si
3581 5349 3670 5388 mlt-

2158 5433 2346 5490 lierem
2365 5436 2530 5504 videt,
2551 5452 2655 5493 non
2677 5440 3032 5510 concupiscit.
3057 5439 3211 5495 Nulla
3237 5441 3312 5494 illi
3339 5449 3497 5506 neque
3522 5429 3666 5487 libido,

2163 5541 2337 5596 ηεαιιθ
2365 5527 2669 5588 sollicitudo
2700 5531 3031 5587 dominatur.
3065 5531 3341 5590 Neminem
3357 5530 3560 5601 judicat.
3584 5518 3664 5574 Nc-

548 5650 594 5680 ³³
617 5647 780 5731 _Luc.._
813 5664 925 5731 11v,
973 5650 1061 5705 26.
1127 5651 1184 5731 _”
1206 5650 1244 5731 ΑΙ
1274 5650 1518 5731 Coenum,
1563 5648 1618 5702 3.
1695 5648 1740 5680 "
1944 5651 2044 5731 .7_-_l

2194 5655 2237 5690 ³⁸
2279 5658 2317 5713 11
2363 5662 2488 5716 Cor.
2530 5679 2603 5727 vr,
2651 5664 2735 5716 l6.
2812 5665 2853 5696 ³⁷
2912 5664 3098 5720 Matth.
3131 5683 3286 5731 xvttt,
3322 5667 3402 5720 l9.
3470 5658 3658 5731 "10??

479 5719 706 5797 ενι-4η.
736 5717 780 5751 ³⁸
817 5719 1084 5797 llom._vt,
1201 5721 1279 5797 βᾌ
1331 5720 1376 5751 ⁶⁰
1412 5719 1567 5797 Bonl.
1599 5733 1716 5785 vm,
1775 5721 1860 5776 10.
1941 5721 1982 5755 ⁸⁸
2017 5722 2044 5778 1

2150 5748 2174 5782 ι.
2219 5744 2308 5797 t'tt,
2357 5735 2408 5787 ‘2.

481 5789 525 5826 “
560 5786 746 5849 Μειιιιια
795 5803 948 5849 mu.
985 5791 1036 5845 5.
1073 5786 1077 5787 ί
1120 5791 1162 5823 ⁸³
1202 5791 1390 5846 ll‘ctr.
1434 5804 1492 5853 tt,
1519 5787 1574 5844 2.

2484 5735 2525 5765 ⁵·
2575 5721 2601 5787 1
2637 5736 2758 5790 Cor.
2803 5750 2873 5802 vt,
2902 5737 3114 5803 l6,.l7‘.
3144 5721 3289 5809 ξδγὶ
3322 5735 3464 5793 Joan.
3500 5745 3550 5793 ν,
3593 5721 3657 5784 18.
