3888 6284
233 423 376 482 1177

1297 425 1357 481 S.
1397 422 1602 480 lSAIIE
1645 421 1937 479 ABBATIS
1987 422 2399 480 ORATIONES.

3362 421 3501 481 H78

238 538 857 610 nriniimperat.lnvidet
878 543 1101 596 nemini.
1131 541 1184 596 in
1223 541 1288 595 iis
1320 557 1439 611 quae
1469 543 1658 604 nescit,
1691 554 1810 596 sese
1837 545 1886 602 Λ
1914 543 1994 596 sic
2033 541 2352 598 allirmantis
2391 561 2403 597 :
2439 543 2789 608 Amen,amen
2814 542 2932 594 dico
2958 541 3121 605 vobis,
3152 540 3254 595 nisi
3273 541 3503 596 conversi

232 642 342 687 non
359 630 597 701 jactitat.
629 631 869 686 Proximi
912 630 1140 686 fortnam
1180 641 1273 685 aut
1302 630 1546 685 habitum
1582 646 1686 685 non
1729 632 1818 684 de-

232 723 395 779 ridet.
451 723 568 777 Non
618 734 839 780 exercet
882 723 992 778 ullo
1042 741 1164 778 cum
1205 725 1428 780 homine
1481 724 1814 779 inimicitias.

229 813 351 868 Non
379 815 618 869 simulat.
667 814 782 870 Non
811 815 1005 886 quaerit
1051 815 1235 869 mundi
1280 815 1590 883 dignitates.
1619 815 1820 869 Cumu-

233 905 420 960 landis
443 906 652 961 divitiis
690 922 792 962 non
828 908 1116 962 incumbit.
1150 906 1266 961 Non
1300 908 1477 976 diligit
1507 908 1815 961 avaritiam.

230 995 350 1050 Non
380 1007 466 1051 est
500 998 770 1067 pertinax.
809 997 926 1053 Non
979 998 1265 1068 litigiosus.
1305 998 1421 1054 Non
1479 999 1531 1052 iu
1576 999 1819 1054 docendo

229 1088 577 1142 ambitiosus.
649 1087 706 1142 Si
767 1097 1021 1155 exuatur,
1071 1103 1182 1143 non
1233 1098 1318 1142 est
1361 1087 1641 1142 sollicitus.
1701 1086 1817 1140 Non

229 1174 504 1231 tristatur.
557 1173 837 1244 Propriam
885 1190 990 1229 non
1045 1171 1290 1230 defendit
1325 1174 1676 1229 voluntatem.
1715 1173 1819 1228 Fa-

230 1281 377 1320 mem
411 1283 516 1321 non
563 1267 772 1322 metuit.
809 1265 1084 1322 Maleﬂcos
1110 1277 1166 1323 et
1203 1267 1538 1323 facinorosos
1573 1267 1818 1321 homines

231 1373 342 1412 non
373 1359 546 1413 timet.
583 1359 877 1430 Serpentes
905 1369 962 1414 et
991 1360 1134 1414 feras
1167 1375 1270 1414 non
1305 1359 1582 1414 formidat.
1621 1359 1675 1413 Si
1709 1360 1819 1413 bel-

229 1447 346 1502 lum
379 1449 614 1519 ingruat,
650 1465 753 1505 non
789 1451 1180 1520 perhorrescit.
1211 1451 1372 1506 Tales
1417 1460 1566 1511 sunt,
1600 1453 1665 1505 de
1705 1451 1822 1518 qui-

227 1536 336 1592 bus
362 1539 440 1592 ait
473 1538 732 1595 Dominus
761 1550 949 1595 noster
990 1539 1148 1596 Jesus
1182 1541 1432 1596 Christus
1471 1559 1485 1596 :
1535 1541 1657 1595 Nisi
1685 1557 1816 1594 con-

226 1631 368 1684 uersi
401 1631 630 1700 fueritis,
658 1641 707 1686 et
753 1633 1046 1702 eﬂiciamini
1075 1634 1210 1688 sicut
1246 1634 1473 1703 parvuli,
1499 1649 1602 1688 non
1645 1634 1816 1687 intra-

200 1723 358 1778 -bitis
379 1725 431 1778 in
454 1740 669 1793 regnum
698 1724 812 1779 Dei.

308 1813 369 1867 V.
404 1813 670 1868 Caeterum
705 1814 794 1869 ubi
848 1815 1026 1871 infans
1073 1817 1348 1887 paululum
1378 1817 1632 1880 creverit,
1661 1825 1715 1873 et
1759 1819 1812 1871 in

1919 634 2145 704 fueritis,
2175 645 2220 688 et
2251 635 2552 705 eﬁiciamini
2591 636 2724 688 sicut
2768 635 2992 702 parvuli,
3025 651 3127 687 non
3162 635 3427 688 intrabitis
3450 636 3504 687 in

1921 740 2135 794 regnum
2163 728 2274 783 Dei.
2301 728 2486 794 Qualis
2535 729 2648 782 haec
2681 727 2908 781 audiens
2943 730 3104 782 verba
3147 743 3253 783 non
3288 737 3502 782 contre-

1921 820 2281 875 miscat‘iAut
2311 820 2433 890 quis
2473 820 2714 890 sapiens,
2745 827 2798 873 et
2819 817 3013 872 salutis
3043 819 3239 872 animae
3269 834 3380 872 suae
3406 834 3504 873 cu-

1921 912 2077 983 pidus
2101 929 2204 968 non
2240 913 2493 982 projiciat
2526 925 2740 967 onmem
2793 925 2857 964 ex
2889 911 3071 964 animo
3115 925 3213 964 suo
3241 911 3503 966 adversus

1922 1004 2224 1073 proximum
2251 1002 2716 1075 indignationem?
2746 1003 2854 1057 Aut
2891 1004 3010 1071 quis
3035 1011 3283 1058 metuens
3311 1003 3502 1058 incen-

1921 1099 2069 1150 dium
2109 1098 2390 1166 gebennm,
2423 1097 2605 1150 odium
2634 1112 2738 1150 non
2767 1094 3000 1164 expellat
3034 1110 3065 1150 e
3089 1094 3255 1150 corde
3283 1109 3405 1159 suo,
3433 1109 3502 1151 ne

1918 1202 1948 1241 e
1982 1202 2148 1257 regno
2181 1186 2533 1240 deturbetur?
2563 1184 2796 1240 Verbum
2821 1184 2978 1240 nobis
3002 1184 3282 1253 proposuit
3309 1183 3504 1240 abbre-

1917 1275 2146 1338 viatmn,
2199 1274 2322 1330 Nisi
2358 1277 2613 1336 conversi,
2643 1276 2915 1345 inquiens,
2955 1275 3186 1342 fueritis,
3229 1284 3278 1328 et
3310 1273 3502 1344 reficia-

1919 1368 2197 1422 minisicut
2224 1368 2448 1436 parvuli,
2483 1385 2584 1421 non
2609 1367 2875 1420 intrabitis
2911 1367 2964 1418 in
2987 1383 3204 1434 regnum
3231 1365 3498 1420 caelorum.

1918 1459 2126 1513 Acerba
2163 1459 2429 1513 sententia
2463 1459 2605 1526 apud
2641 1459 2780 1523 illos,
2823 1458 2914 1527 qui
2957 1457 3186 1526 propriae
3221 1455 3502 1524 indulgent

1918 1549 2202 1611 voluntati,
2239 1550 2604 1618 uumdumque
2642 1548 2894 1616 diligunt,
2933 1561 3034 1601 nec
3095 1560 3288 1600 munus
3334 1559 3501 1614 agno-

1919 1652 2076 1696 scunt
2109 1641 2344 1711 Spiritus
2393 1642 2587 1704 sancti,
2621 1641 2710 1710 qui
2737 1654 2900 1708 super
2940 1655 3077 1708 quos
3110 1637 3340 1700 venerit,
3372 1636 3502 1691 facit

1917 1748 2013 1788 eos
2031 1734 2272 1787 omnium
2302 1733 2647 1802 iuiquitatunt
2682 1731 3024 1794 oblivisci,et
3045 1729 3201 1784 docet
3240 1729 3360 1783 illos
3382 1740 3502 1796 quae

1917 1841 2014 1879 sua
2040 1833 2186 1888 sunt,
2230 1840 2330 1895 pro
2375 1824 2452 1878 ira
2485 1823 2798 1885 lenitatem,
2829 1835 2926 1890 pro
2962 1818 3244 1874 inimicitia
3291 1830 3500 1886 pacem,

227 1916 299 1954 eo
329 1902 535 1956 malitia
567 1904 800 1973 emperit
849 1906 1116 1971 habitare,
1151 1921 1272 1960 eum
1303 1907 1593 1975 Apostolus
1618 1909 1812 1976 arguit,

1923 1935 2018 1989 pro
2050 1919 2396 1973 contentione
2434 1915 2820 1978 humilitatem,
2855 1912 3178 1968 charitatem
3229 1925 3324 1978 pro
3355 1907 3500 1967 odio.

231 1993 304 2048 Ut
335 1993 474 2062 jam,
507 1994 781 2063 inquiens,
822 2012 926 2050 non
954 1998 1120 2052 simus
1166 1998 1372 2066 parvuli
1413 1999 1744 2068 ﬂuctuantes,
1770 2008 1816 2051 et

225 2087 670 2156 circumferuntur
690 2090 832 2142 omni
858 2101 1008 2144 vento
1047 2091 1323 2154 doctrinae,
1362 2091 1417 2144 in
1458 2091 1690 2160 nequitia
1720 2093 1816 2144 Ito-

224 2180 450 2244 mintmt,
482 2180 537 2234 in
572 2179 794 2246 astutia,
823 2184 891 2235 ad
917 2169 1411 2237 circumventianem
1458 2187 1674 2238 erroris.
1725 2182 1819 2237 Ve-

223 2271 625 2326 ritatemautein
657 2273 907 2342 facientes
935 2277 989 2328 in
1025 2275 1303 2339 charitate,
1331 2291 1624 2330 crescamus
1649 2276 1703 2328 in
1727 2274 1818 2328 illo

220 2374 320 2431 per
338 2365 551 2431 'ontnia,
580 2365 670 2436 qui
694 2376 767 2419 est
789 2376 947 2435 caput
977 2365 1216 2422 Christus
1245 2365 1324 2432 “;
1375 2377 1430 2422 et
1463 2368 1588 2420 alibi
1621 2385 1634 2421 :
1673 2365 1820 2419 Tan-

218 2469 385 2523 quam
423 2457 676 2524 parvulis,
717 2457 912 2527 lnquit,
957 2460 1010 2513 in
1053 2457 1286 2523 Christo,
1336 2459 1418 2512 lac
1455 2459 1599 2513 vobis
1638 2468 1815 2527 potum

221 2545 369 2610 dedi,
398 2563 500 2600 non
527 2548 721 2614 cibum,
741 2551 970 2602 nondum
995 2551 1131 2604 enim
1153 2552 1435 2621 poteratis;
1463 2551 1551 2604 sed
1567 2567 1656 2603 nec
1681 2566 1818 2602 nunc

222 2635 436 2703 quidem
464 2638 696 2703 potestis,
729 2639 900 2691 adhuc
923 2640 1060 2693 enim
1094 2640 1332 2694 carnales
1361 2643 1485 2694 estis
1520 2641 1596 2705 ";
1634 2639 1820 2694 etalio

221 2723 280 2779 iu
311 2725 430 2781 loco
470 2745 482 2780 :
513 2728 746 2794 Quanto,
778 2730 1404 2800 inquit,temporehtvres
1427 2732 1676 2801 parvulus
1711 2743 1810 2794 est,

222 2818 360 2870 nihil
389 2818 562 2888 cli/fert
595 2837 626 2872 a
655 2837 826 2886 servo,
865 2839 983 2876 cum
1014 2823 1084 2876 sit
1132 2824 1377 2877 dominus
1421 2826 1695 2886 omnium;
1725 2824 1816 2876 sed

220 2909 320 2959 sub
353 2908 612 2963 tutoribus
653 2921 700 2964 et
731 2914 997 2968 actoribus
1047 2922 1146 2979 est,
1200 2931 1361 2984 usque
1385 2915 1454 2967 ad
1493 2914 1816 2982 prtvﬁnitnm

222 3006 425 3066 tempus
455 3015 488 3053 α
512 3012 684 3068 patre.
727 3000 816 3057 Sic
842 3013 889 3057 et
924 3019 1019 3059 nos
1049 3020 1166 3058 cum
1203 3021 1432 3060 essemus
1454 3005 1684 3074 parvuli,
1719 3005 1814 3058 sub

143 3097 160 3108 '
221 3087 486 3145 elementis
519 3095 703 3147 mundi
749 3111 958 3150 eramus
995 3099 1273 3152 servientes
1297 3098 1362 3150 ‘9.
1396 3097 1540 3153 Idem
1574 3113 1760 3153 rursus
1795 3114 1813 3152 :

222 3180 512 3250 Jurenilia,
567 3185 764 3254 inquit,
815 3187 1079 3242 desideria
1131 3189 1251 3259 fuge
1288 3189 1353 3242 δ’.
1393 3177 1599 3244 Docens
1629 3199 1808 3245 autem

225 3285 342 3334 nos,
371 3281 428 3325 ut
453 3273 716 3340 ejusmodi
742 3278 1019 3333 infantiam
1055 3282 1346 3334 evitemus:
1386 3280 1588 3345 Nolite,
1611 3281 1805 3352 inquit,

221 3365 374 3431 pueri
413 3367 542 3435 e/ﬁci
567 3368 826 3436 sensibus,
859 3373 950 3425 sed
978 3373 1190 3426 malitia
1234 3373 1438 3442 parvuli
1464 3383 1656 3439 estote;
1686 3391 1806 3428 sett-

224 3454 367 3509 sibus
399 3467 573 3512 autem
598 3460 814 3529 perfecti
838 3471 1000 3517 estote
1020 3465 1088 3518 ⁸ο.
1111 3464 1461 3518 Parvulorum
1488 3466 1649 3536 igitur
1670 3483 1808 3536 quos

226 3547 458 3616 requirit
506 3550 785 3617 Dominus,
826 3569 992 3624 opera
1054 3555 1370 3612 indicantur
1409 3556 1478 3611 ab
1523 3557 1803 3627 Apostolo.

224 3635 396 3693 Porro
436 3640 487 3694 iu
517 3641 624 3697 illis
646 3645 875 3700 verbis:
925 3646 1249 3716 Deponentes
1299 3665 1503 3704 omnem
1548 3651 1808 3705 malitiam

222 3738 274 3782 et
302 3745 508 3786 omnem
536 3735 737 3800 dolum,
763 3747 809 3790 et
839 3737 1222 3806 simulationes,
1257 3750 1306 3795 et
1347 3740 1592 3807 invidias,
1615 3756 1662 3797 et
1690 3757 1806 3795 om-

223 3837 314 3874 nes
353 3822 717 3892 detractiones,
749 3825 882 3879 sicut
931 3828 1084 3882 modo
1132 3829 1293 3898 geniti
1321 3813 1556 3900 infantes
1569 3831 1638 3895 ",
1674 3842 1803 3897 etc.,

227 3911 560 3980 intellexiSti,
592 3915 780 3982 frater,
820 3919 912 3988 qui
943 3919 1016 3974 sit
1042 3935 1238 3977 sensus
1270 3924 1560 3978 verborum
1595 3925 1807 3982 Domini

227 4004 398 4058 nostri
424 4002 574 4071 Jesu,
603 4023 725 4062 cum
759 4009 837 4063 ait
867 4023 883 4063 :
934 4011 1122 4077 Amen,
1169 4030 1320 4068 anten
1359 4017 1479 4069 dico
1506 4017 1668 4084 vobis,
1706 4018 1806 4072 nisi

223 4097 461 4148 conversi
486 4098 715 4168 fueritis,
747 4111 795 4156 et
833 4103 1130 4173 elficiamini
1163 4108 1297 4160 sicut
1333 4109 1563 4176 parvuli,
1596 4127 1698 4163 non
1728 4112 1810 4164 in-

222 4187 505 4244 trabitisin
544 4208 756 4263 regnum
808 4196 1076 4251 calorum.
1106 4198 1236 4264 Qua:
1283 4202 1498 4270 quidem
1544 4205 1709 4258 verba
1743 4221 1808 4261 eo

223 4281 486 4349 majorem
521 4293 780 4342 terrorem
829 4287 1084 4355 afferunt,
1141 4294 1396 4360 quoniant
1451 4296 1648 4365 duplici
1685 4313 1831 4351 cunt.

223 4372 585 4430 affirmatione
615 4387 742 4433 sunt
785 4381 1154 4449 pronuntiata.
1206 4382 1369 4438 Amen
1397 4384 1540 4439 enim
1571 4387 1809 4456 juvantis

221 4474 307 4520 est
339 4481 460 4522 vox.
495 4469 696 4524 Idcirco
727 4471 923 4528 Paulus
943 4475 1252 4542 apostolus:
1286 4475 1578 4544 Quoniam,
1607 4479 1803 4549 inquit,

1920 2010 2233 2079 patientiam
2260 2024 2357 2078 pro
2383 2007 2735 2062 contumelia.
2772 2003 3056 2076 Ejusmodi
3094 2009 3220 2057 sunt
3254 1999 3349 2066 illi,
3381 1997 3503 2068 qui-

1917 2101 2018 2154 bus
2044 2099 2267 2168 contigit
2288 2099 2638 2168 regeneratio.

1991 2190 2101 2246 VII.
2141 2191 2472 2246 Studeamus
2506 2191 2674 2260 igitur
2703 2189 2938 2244 evellere
2976 2203 3007 2243 e
3038 2187 3200 2242 corde
3231 2190 3418 2238 nostro
3445 2189 3502 2236 et

1919 2281 2136 2337 abolere
2157 2296 2275 2350 quae
2298 2279 2432 2334 dixit
2464 2294 2688 2349 magnus
2721 2277 3046 2347 Apostolus,
3087 2284 3144 2329 ιιι
3175 2273 3241 2328 ad
3290 2267 3500 2342 parvuli

1919 2389 2225 2430 mensuram
2279 2373 2580 2428 veniamus.
2635 2370 2736 2438 Qui
2789 2369 2935 2424 enim
2985 2383 3049 2422 ea
3107 2364 3503 2421 circumcidunt

1866 2495 1869 2498 ν
1917 2479 2080 2538 atque
2120 2474 2421 2535 amputant,
2462 2464 2515 2518 hi
2540 2478 2754 2531 ,rursus
2789 2463 2855 2516 ad
2898 2471 3141 2517 sanctam
3166 2467 3220 2511 et
3250 2471 3498 2527 magnam

1918 2572 2080 2630 atque
2119 2558 2414 2629 perfectam
2470 2564 2686 2611 aetatem
2727 2553 3070 2626 perveniunt.
3125 2551 3334 2606 Etenim
3377 2561 3498 2602 cum

1918 2653 1972 2706 in
2001 2651 2191 2705 faciem
2233 2649 2472 2718 ipsorum
2497 2647 2848 2711 insumasset,
2883 2645 3137 2712 Accipite.
3157 2641 3350 2710 inquit,
3379 2637 3502 2707 Spi-

1917 2742 2076 2793 ritum
2105 2749 2342 2793 sanctunt
2373 2737 2440 2803 ⁵³,
2478 2737 2729 2807 apparuit
2771 2737 2852 2791 eis
2883 2735 3036 2805 juxta
3061 2746 3209 2786 mare
3240 2729 3496 2794 Galilzeas,

1919 2828 2160 2893 Habetis,
2189 2828 2466 2896 inquiens,
2521 2825 2724 2895 aliquid
2753 2829 2891 2895 quod
2929 2820 3375 2877 ntanducetur”?
3397 2817 3501 2874 Per

1919 2920 2154 2990 Spiritus
2191 2916 2609 2974 insumationem
2651 2932 2746 2972 eos
2785 2930 2845 2970 se
2897 2915 3092 2969 fecisse
3139 2911 3390 2980 parvulos
3425 2909 3502 2964 si-

1916 3012 2208 3083 gniﬁcavit.
2261 3010 2420 3079 Atqui
2455 3025 2558 3063 non
2614 3017 2773 3064 erant
2806 3016 2964 3062 aetate
3015 3004 3246 3076 parvuli.
3292 3001 3500 3056 Rursus

1915 3105 2174 3172 scriptum
2208 3113 2292 3158 est
2319 3120 2330 3155 :
2378 3099 2512 3154 Ecce
2541 3117 2634 3169 ego
2666 3111 2712 3154 et
2743 3098 2973 3169 parvuli,
3005 3112 3134 3167 quos
3183 3095 3327 3148 dedit
3372 3092 3504 3146 mihi

1919 3195 2058 3249 Deus
2109 3195 2176 3247 ⁸³.
2240 3194 2505 3260 Quoniam
2559 3193 2723 3261 igitur
2779 3189 2928 3257 pueri
2988 3186 3504 3242 communicaverunt

1911 3291 2058 3344 carni
2090 3298 2137 3342 et
2168 3287 2436 3357 sanguini,
2468 3295 2516 3338 et
2543 3287 2651 3353 ipse
2681 3285 2883 3350 pariter
2923 3282 3095 3351 [actus
3137 3289 3210 3334 est
3243 3279 3502 3348 particeps

1911 3400 2112 3446 earum,
2161 3393 2215 3436 ut
2264 3398 2358 3447 per
2411 3391 2628 3435 mortem
2673 3359 2975 3431 destrueret
2994 3391 3114 3428 eum
3161 3372 3251 3443 qui
3282 3372 3502 3425 habebat

1909 3475 2092 3528 mortis
2116 3474 2415 3540 imperium,
2447 3473 2500 3526 id
2523 3481 2596 3526 est
2619 3469 2908 3533 diabolum,
2956 3477 3112 3535 atque
3135 3463 3259 3519 illos
3305 3463 3501 3516 libera-

1911 3579 1983 3622 ret
2019 3568 2086 3624 ⁸⁸.
2117 3567 2404 3634 Cujusnam
2441 3563 2624 3618 carnis
2650 3571 2704 3614 et
2735 3559 3016 3630 sanguinis
3053 3558 3230 3611 factus
3257 3563 3341 3608 est
3378 3566 3503 3620 par-

1911 3659 2080 3728 ticeps
2105 3658 2172 3713 ad
2202 3672 2393 3713 eorum
2441 3653 2875 3718 similitudinem,
2934 3649 3040 3703 nisi
3094 3648 3334 3708 illorum,
3401 3644 3495 3712 qui

1909 3751 2170 3805 malitiam
2185 3763 2399 3804 omnem
2417 3746 2748 3816 abjeccrant,
2767 3753 2820 3797 et
2833 3743 2897 3794 ad
2915 3735 3116 3797 sancta:
3133 3744 3500 3806 pervenerant

1910 3854 2220 3896 mensuram
2277 3837 2557 3893 infantize?
2589 3835 2653 3890 Et
2689 3834 2789 3904 ipsi
2844 3848 3030 3888 rursus
3063 3831 3197 3884 littnt
3239 3827 3490 3898 perfecti,

1910 3943 1969 3988 ut
1995 3933 2068 3986 ait
2094 3930 2405 3999 Apostolus,
2423 3930 2586 3984 donec
2602 3941 2941 3982 occurramus
2972 3939 3148 3977 omnes
3169 3923 3224 3975 in
3245 3921 3496 3974 unitatem

1910 4025 2032 4095 ﬁdei
2058 4022 2185 4076 Filii
2210 4022 2326 4086 Dei,
2353 4021 2406 4074 in
2429 4018 2597 4076 virum
2626 4019 2931 4088 perfectum,
2962 4016 3030 4069 ad
3050 4028 3344 4068 mensuram
3369 4020 3500 4064 teta-

1909 4119 1974 4170 tis
2007 4113 2346 4185 plenitudinis
2378 4112 2572 4166 Christi
2607 4113 2686 4175 '7;
2729 4118 2782 4164 et
2834 4123 3049 4162 rursum
3074 4121 3100 4163 .:
3148 4105 3494 4172 Augmentum

1910 4208 2144 4274 corporis
2172 4206 2330 4275 facite
2363 4205 2432 4257 ad
2453 4200 2855 4269 a'di/icationem
2883 4198 2998 4266 ejus
3046 4197 3100 4248 in
3131 4194 3389 4247 charitate
3426 4191 3493 4244 ⁸⁸.

1909 4298 1990 4351 Ad
2023 4312 2116 4351 eos
2136 4295 2226 4366 qui
2261 4302 2390 4349 sunt
2418 4291 2710 4362 ejusmodi,
2748 4289 2990 4356 loquitur
3018 4285 3256 4340 Joannes
3282 4289 3498 4350 aposto-

1911 4391 1993 4444 lus
2021 4408 2034 4442 :
2072 4387 2202 4443 "(eo
2225 4386 2417 4450 scribo,
2447 4385 2719 4454 inquiens,
2744 4382 2906 4445 vobis,
2934 4378 3112 4449 ﬁlioli,
3152 4376 3276 4444 quia
3304 4390 3495 4444 cogno-

1911 4482 2057 4536 eistis
2096 4497 2212 4534 eum
2239 4479 2327 4549 qui
2353 4487 2427 4531 est
2468 4481 2531 4530 ab
2553 4477 2724 4529 initio.
2765 4473 2964 4539 Scripsi
2990 4469 3150 4532 vobis,
3194 4468 3498 4521 adolescens

221 4558 482 4612 neminem
534 4559 736 4630 habuit,
801 4580 893 4633 per
947 4582 1098 4635 quem
1136 4566 1344 4634 juraret
1407 4571 1660 4641 majorem
1716 4589 1803 4640 se,
1838 4581 2006 4640 Dtes,
2063 4575 2187 4643 quia
2231 4571 2426 4626 vicistis
2469 4570 2665 4623 malum
2720 4569 2786 4620 δ’.
2831 4566 2992 4621 Vides
3023 4577 3116 4616 eos
3146 4560 3236 4630 qtti
3287 4558 3492 4613 malitia

221 4651 424 4716 iuravit
492 4671 585 4722 per
632 4657 1013 4727 semetipsum:
1059 4656 1184 4714 Nisi
1238 4661 1540 4719 benedicens
1595 4665 1807 4720 benedi-

223 4757 340 4794 catn
373 4745 439 4797 ".

305 4827 387 4886 Vl.
418 4831 542 4888 Haec
581 4835 744 4905 igitur
799 4838 1016 4896 assidue
1068 4855 1188 4895 eum
1237 4842 1432 4899 timore
1477 4853 1534 4899 et
1572 4853 1808 4903 tremore

227 4921 514 4991 diligenter
541 4927 968 4984 consideremus.
1002 4928 1228 4998 Quoties
1277 4933 1524 4990 diabolus
1555 4937 1806 4992 inimicus

224 5025 416 5068 noster
433 5017 691 5074 adversus
733 5021 1037 5090 proximum
1069 5036 1167 5076 nos
1200 5022 1526 5089 incitaverit,
1551 5035 1644 5081 aut
1672 5041 1805 5096 quo.

227 5106 329 5160 lies
365 5124 463 5179 nos
493 5110 686 5180 aliquis
711 5113 1034 5180 lacessierit,
1064 5125 1158 5169 attt
1186 5117 1514 5173 contumelia
1539 5119 1802 5183 all'ecerit,

215 5209 317 5252 aut
343 5201 496 5256 nobis
517 5204 840 5259 calumniam
871 5209 1151 5277 struxerit,
1185 5218 1280 5262 aut
1307 5209 1590 5278 proximus
1621 5210 1806 5265 nobis-

225 5305 348 5344 cum
412 5296 772 5360 contenderit,
837 5307 930 5351 aut
988 5299 1133 5354 dicto
1178 5300 1400 5354 audiens
1453 5315 1561 5355 non
1610 5299 1805 5366 fuerit;

223 5381 581 5448 quamobrem
617 5389 810 5439 acerba
843 5403 944 5442 nos
973 5387 1030 5442 in
1063 5403 1186 5444 eum
1215 5390 1317 5456 ira,
1359 5399 1452 5444 aut
1482 5390 1806 5459 indignatio,

224 5481 318 5524 aut
348 5473 530 5528 odium
567 5476 865 5542 adoriatur,
901 5487 961 5532 ut
1009 5480 1202 5534 anima:
1237 5483 1489 5546 tenebras
1535 5481 1808 5538 oﬂ'uudat:

223 5580 534 5622 sermonem
591 5564 808 5624 Domini
859 5572 1097 5628 nobisin
1128 5573 1445 5628 memoriam
1493 5591 1814 5633 revocetuus

295 5721 578 5793 “iEpltes.
617 5741 690 5790 tv,
725 5725 824 5793 li,
871 5727 959 5783 i5.

224 5787 320 5860 5"]
361 5787 506 5852 Pc'tr.
550 5812 610 5857 ll,
646 5787 694 5860 l,
725 5800 781 5853 ‘2.

233 5859 324 5930 ιι,
360 5861 444 5919 l5.

1073 5728 1116 5760 ⁸⁷
1151 5730 1312 5785 ICor.
1342 5747 1424 5793 ιιι,
1447 5731 1501 5795 2,
1533 5733 1588 5787 5.

858 5799 903 5830 "
933 5798 1092 5853 Ilebr.
1125 5816 1195 5857 Vl.
1226 5801 1312 5857 13.
1340 5802 1426 5856 H.

523 5867 569 5900 "
621 5869 817 5939 Ephes.
861 5885 936 5936 tv,
987 5869 1068 5924 l3.
1149 5871 1195 5904 ⁵⁸
1253 5875 1360 5928 ibid
1397 5873 1475 5928 ιο.

1697 5732 1744 5765 ⁸⁸
1771 5732 1888 5788 Gal.
1937 5750 2006 5800 tv,
2056 5735 2158 5791 1-5.

1502 5802 1716 5855 “Joau.
1751 5819 1839 5868 xx,
1873 5805 1963 5857 ‘22.

1556 5874 1600 5906 ⁵⁰
1626 5873 1644 5928 l
1669 5871 1823 5928 .loau.
1853 5889 1918 5941 tt,
1954 5875 2040 5930 ll.

1913 4666 2122 4738 parvuli
2167 4674 2314 4732 sunt,
2349 4665 2462 4718 lleri
2494 4670 2822 4734 pugnatores
2872 4659 3135 4711 adversus
3175 4651 3501 4708 inimicum?

1913 4759 2039 4829 Ejus
2071 4759 2213 4812 enim
2268 4767 2545 4808 armatura
2582 4767 2702 4822 qua:
2751 4759 2834 4806 est
2890 4747 3120 4810 malitia,
3161 4751 3286 4799 sunt.
3319 4741 3491 4796 exuti.

1911 4851 1975 4905 Et
2012 4849 2173 4904 iidem
2209 4857 2392 4917 patres
2425 4844 2682 4904 evadunt,
2710 4853 2763 4896 et
2802 4840 2868 4893 ad
2901 4836 3248 4909 perfectionis
3273 4847 3498 4898 mensu-

1908 4955 2026 4994 ram
2064 4936 2412 5009 perveniunt.
2469 4931 2736 5001 Quoniam
2789 4928 3206 4986 committuntur
3263 4925 3346 4978 eis
3383 4938 3495 4993 my-

1905 5029 2070 5086 Steria
2107 5039 2161 5081 et
2207 5025 2588 5088 revelationes,
2643 5021 2815 5075 donec
2856 5015 3200 5086 sapientiam,
3235 5021 3286 5066 et
3319 5010 3494 5064 unita-

1905 5131 2036 5186 tem,
2071 5131 2124 5175 et
2151 5120 2468 5184 bonitatem,
2505 5125 2560 5171 et
2593 5110 3084 5174 mansuetudinem,
3110 5116 3165 5161 et
3187 5104 3490 5160 castitatem

1904 5220 2286 5283 assequantur.
2321 5210 2389 5262 Hi
2425 5218 2548 5264 sunt
2571 5206 2664 5278 qui
2693 5205 2968 5260 Christum
2990 5203 3255 5255 honorant
3282 5195 3333 5249 in
3366 5208 3489 5248 cor-

1905 5318 2036 5374 pore
2071 5319 2190 5358 suo.

1984 5389 2117 5450 VIII.
2168 5396 2298 5462 Quae
2339 5409 2460 5448 cum
2511 5393 2585 5445 ita
2623 5391 2752 5453 sint,
2788 5387 2976 5450 frater,
3009 5392 3064 5438 et
3099 5393 3291 5451 magna
3322 5377 3492 5432 fames

1912 5498 2110 5542 terram
2136 5485 2383 5557 occupet,
2428 5483 2575 5538 omni
2600 5483 2777 5537 studio
2801 5476 3211 5540 contendamus,
3255 5486 3322 5527 ne
3361 5471 3490 5540 quid

1917 5581 2070 5636 nobis
2100 5579 2266 5648 desit;
2319 5577 2412 5634 sed
2458 5575 2757 5632 bonitatem
2805 5580 2859 5626 et
2907 5566 3277 5626 fortitudinem
3326 5572 3489 5633 atque

2932 5728 2978 5759 ⁵⁸
3011 5726 3025 5778 l
3075 5722 3202 5779 Cor.
3238 5733 3346 5780 xw.
3391 5717 3483 5772 9-0.

2272 5735 2316 5767 δ’
2344 5733 2387 5788 ll
2429 5733 2570 5787 Tim.
2624 5748 2686 5792 It,
2731 5729 2820 5784 2'2.

3149 5793 3196 5828 “
3222 5791 3391 5850 Hebr.
3419 5804 3492 5858 lt,

2039 5805 2082 5838 "
2114 5805 2241 5862 Luc.
2275 5819 2426 5872 xxiv,
2460 5805 2547 5859 Μ.
2625 5803 2670 5835 ⁵⁵
2702 5801 2802 5858 lsa.
2840 5815 2957 5867 vm,
2988 5799 3074 5854 18.
