3888 6284
421 346 547 409 ,179

1498 344 1772 400 PATBES
1808 341 2107 402 ιεςγινιειι
2150 340 2425 402 ΞᾹΞΟΙΞΙᾸ
2465 343 2553 399 Ν.

3543 345 3658 400 “80

408 465 770 524 constantiam
829 463 1198 535 postulemus,
1265 477 1334 519 ne
1393 463 1566 522 hostis
1619 467 1832 522 invidus
1888 479 1986 520 nos
2013 469 2062 525 Α
2088 465 2160 518 sit
2184 473 2388 520 natura:
2420 462 2772 521 contrarium.
2812 462 2911 520 Est
2938 463 3082 521 enim
3112 462 3308 518 anima:
3335 467 3534 515 natura
3558 478 3659 516 mu.

409 559 678 628 decipiat,
714 559 1162 626 persuadeatque,
1203 565 1262 610 ut
1318 557 1529 628 abiecto
1579 560 1784 626 pudore
1825 567 1987 628 alque

411 649 803 712 misericordia,
860 647 1066 718 ﬂagitia
1098 656 1154 702 et
1187 646 1390 703 scelera
1441 649 1810 704 admittamus.
1838 649 1990 703 Assi-

413 742 518 798 due
548 741 709 810 igitur
735 740 901 795 Deum
934 754 1057 794 cum
1093 737 1261 792 David
1309 739 1660 794 obsecrantes
1706 739 1988 794 dicamus:

414 831 650 902 Respice,
701 841 749 886 et
799 831 924 886 audi
972 846 1073 894 me,
1109 829 1331 885 Domine
1371 829 1508 885 Deus
1540 847 1704 885 meus.
1737 829 1994 886 lllumiua

413 922 590 978 oculos
620 938 783 987 meos,
838 938 900 976 ne
953 937 1183 992 unquam
1223 922 1550 976 obdormiam
1598 923 1653 976 in
1681 932 1883 988 morte;
1930 938 1994 978 ne

410 1015 620 1086 quando
636 1014 778 1068 dicat
802 1013 1048 1067 inimicus
1074 1029 1251 1066 meus:
1283 1011 1549 1067 Pra'uolui
1575 1012 1823 1066 adversus
1851 1029 1990 1068 eum.

415 1105 679 1170 Quoniam
709 1103 802 1172 qui
825 1102 1080 1156 tribulam
1111 1119 1211 1166 me,
1237 1103 1286 1156 si
1324 1104 1579 1169 cecidero,
1607 1104 1904 1174 gaudebunt
1925 1105 1996 1161 σθ.

416 1197 472 1250 Si
509 1197 672 1267 igitur
715 1210 813 1248 nos
868 1193 1040 1248 adorti
1078 1193 1304 1258 fuerint,
1352 1194 1674 1261 clamemus,
1702 1196 1943 1252 dicentes
1978 1213 1993 1250 :

418 1287 581 1352 Deus,
635 1286 752 1356 ’quis
779 1285 967 1340 similis
995 1287 1092 1340 erit
1143 1288 1240 1340 tibi
1274 1288 1300 1340 .9
1343 1304 1406 1340 ne
1441 1298 1636 1350 taceas,
1666 1305 1827 1358 neque
1851 1305 1997 1343 com-

415 1377 664 1446 pescaris,
721 1376 882 1432 Deus.
917 1376 1179 1442 Quoniam
1221 1393 1336 1432 ecce
1359 1379 1557 1432 inimici
1586 1379 1664 1431 tui
1686 1391 1998 1446 sonuerunt,

415 1479 466 1522 et
494 1469 582 1538 qui
602 1469 822 1523 oderunt
865 1477 935 1534 te,
986 1469 1287 1522 extulerunt
1321 1479 1497 1538 caput.
1548 1467 1721 1537 Super
1749 1470 1998 1539 populum

418 1567 566 1610 tuum
613 1557 843 1611 inierunt
900 1555 1204 1620 consilium,
1252 1564 1302 1609 et
1345 1554 1700 1624 cogitaverunt
1751 1556 1998 1609 adversus

417 1657 627 1702 sanctos
676 1656 812 1702 tuos.
868 1645 1175 1700 Dixerunt:
1217 1643 1418 1710 Venite,
1443 1653 1492 1698 et
1532 1645 1894 1713 disperdamus
1915 1662 2000 1698 eos

418 1742 483 1794 de
512 1747 684 1810 gente,
723 1749 908 1794 etnon
954 1749 1270 1792 memoretur
1317 1754 1500 1791 nomen
1545 1735 1718 1790 Israel
1748 1737 1885 1790 ultra
1930 1737 1997 1792 “.

2089 557 2286 624 labilis,
2313 567 2368 613 et
2401 557 2596 613 similis
2628 555 2793 624 ferro,
2811 559 2976 628 quod,
3009 558 3053 612 si
3076 555 3410 624 negligatur,
3439 554 3661 624 rubigine

2088 650 2444 716 consumitur,
2509 649 2632 717 igne
2685 657 2864 702 autem
2895 653 3209 709 ges-coctum
3275 653 3574 714 purgatur,
3613 653 3662 699 et

2091 740 2328 810 quandiu
2363 749 2543 794 manet
2567 739 2618 793 in
2642 739 2784 811 igne,
2815 739 2876 794 lit
2901 739 2952 794 ei
2981 739 3176 806 simile,
3207 752 3313 794 nec
3339 746 3522 806 petest
3551 735 3664 789 illud

2092 833 2377 902 quisquam
2413 832 2699 900 attingere,
2729 831 2987 901 quoniam
3023 830 3162 901 ignis
3193 840 3306 886 est.
3335 829 3530 884 Itidem
3559 828 3662 882 aui-

2095 940 2181 979 ma
2210 925 2340 979 dum
2371 935 2619 980 versatur
2639 933 2695 979 et
2741 924 2981 993 loquitur
3017 939 3138 979 cum
3174 917 3314 986 Deo,
3349 921 3492 992 ignis
3519 919 3663 975 elﬁci-

2103 1025 2220 1079 tur;
2257 1023 2312 1070 et
2343 1015 2613 1069 comburit
2640 1013 2890 1069 inimicos
2925 1029 3074 1080 suos,
3105 1013 3195 1084 qtti
3231 1027 3360 1067 eam
3406 1011 3661 1081 negligeuo

2098 1107 2186 1159 tiae
2221 1120 2412 1160 somno
2443 1103 2776 1172 consopitam
2808 1103 2986 1159 solent
3015 1102 3348 1173 opprimere.
3380 1100 3452 1157 Ut
3481 1101 3662 1153 ferrum

2097 1194 2281 1265 igitur,
2317 1193 2496 1247 anima
2551 1201 2864 1256 renovatur,
2894 1200 3192 1261 sanctaque
3217 1190 3478 1254 edicitur,
3511 1203 3662 1256 neque

2101 1286 2332 1355 amplius
2363 1285 2466 1338 ulla
2506 1285 2556 1338 iu
2593 1300 2648 1338 re
2678 1284 2832 1337 istius
2865 1282 3046 1336 mundi
3080 1281 3475 1350 corrumpitur,
3503 1279 3590 1332 sed
3620 1278 3660 1331 in

2101 1385 2248 1430 recta
2296 1385 2498 1429 natura.
2529 1389 2625 1428 sua
2671 1389 2830 1443 quam
2865 1374 3028 1426 habet
3064 1387 3092 1424 a
3144 1371 3278 1435 Deo,
3327 1369 3662 1438 cooquiesu’t.

2101 1468 2251 1535 Quod
2282 1465 2326 1522 si
2369 1483 2399 1521 a
2435 1477 2627 1522 natura
2657 1480 2753 1520 sua
2789 1463 3287 1532 recesserit,.perit.
3324 1460 3663 1527 Quemadmo-

2101 1559 2227 1612 dum
2249 1556 2392 1612 enim
2426 1555 2682 1611 animalia
2721 1554 3024 1616 terrestria,
3046 1553 3168 1606 siin
3203 1565 3351 1620 aqua
3371 1551 3665 1618 demergan-

2105 1662 2208 1715 tur,
2245 1651 2538 1717 intereunt,
2599 1649 2855 1719 quoniam
2905 1656 3032 1702 sunt
3089 1661 3121 1702 e
3186 1653 3386 1700 natura
3439 1654 3659 1707 terrena;

2102 1744 2278 1813 pisces
2302 1752 2480 1799 autem
2505 1745 2558 1797 in
2591 1752 2790 1797 terram
2809 1738 3054 1795 extracti.
3077 1738 3412 1804 moriuntur,
3435 1735 3661 1806 quoniam

419 1832 784 1899 Quamobrem
837 1830 1150 1902 supplicans
1488 1839 1679 1884 830010
1729 1830 1942 1884 dicebat
1980 1849 1993 1884 ζ
2029 1811 2074 1863 Β
2106 1811 2173 1892 gfx
2197 1851 2350 1904 aqum
2379 1843 2576 1890 natura
2609 1843 2765 1900 sunt;
2799 1833 3046 1888 volucres
3086 1847 3214 1886 vero
3254 1830 3312 1884 in
3348 1843 3477 1883 acre
3528 1825 3659 1896 quia.

422 1921 563 1976 Deus
594 1938 760 1988 meus,
782 1937 916 1990 pone
958 1937 1050 1975 eos
1071 1930 1126 1974 ut
1146 1932 1337 1986 rotam,
1367 1931 1414 1973 et
1451 1921 1587 1975 sicut
1614 1918 1861 1989 stipulam
1885 1930 2006 1974 ante

423 2012 613 2080 (aciem
664 2012 828 2064 uenti.
881 2009 1049 2080 Imple
1072 2009 1234 2078 facies
1267 2027 1445 2065 eorum
1485 2013 1792 2080 ignominia,
1818 2020 1865 2065 et
1919 2027 2010 2065 co-

431 2109 710 2170 gnoscant,
743 2101 865 2170 quia
895 2108 951 2152 tu
1000 2115 1053 2154 es
1083 2098 1220 2154 Deus
1271 2099 1414 2153 solus
1457 2100 1522 2152 ".
1577 2100 1712 2153 Ecce
1738 2099 2007 2166 quomodo

423 2192 515 2261 qui
544 2192 646 2246 lide
669 2191 858 2256 muniti
888 2200 1036 2256 sunt,
1062 2207 1159 2246 cor
1196 2207 1351 2246 suum
1370 2200 1582 2244 armant
1607 2191 1864 2246 adversus
1891 2190 1999 2244 ini-

421 2281 612 2345 micos,
646 2290 699 2334 et
725 2296 844 2336 sese
871 2281 1197 2336 conﬁrmant
1243 2283 1307 2334 ad
1350 2293 1592 2335 sanctam
1648 2292 1853 2349 petram
1899 2283 1990 2351 qui

426 2369 678 2426 Christus
709 2381 794 2426 est
813 2373 893 2437 ⁶³;
920 2381 977 2426 et
1006 2388 1126 2428 cum
1153 2373 1316 2426 animi
1345 2372 1678 2436 fortitudine,
1705 2372 2007 2427 Circumde-

421 2462 634 2528 derunt,
671 2463 943 2533 inquiunt,
972 2480 1052 2517 me
1083 2464 1218 2518 sicut
1254 2481 1396 2528 apes,
1442 2473 1491 2517 et
1532 2474 1842 2518 exarserunt
1871 2467 2004 2519 sicut

424 2554 559 2622 ignis
583 2555 636 2607 in
667 2555 866 2624 spinis;
888 2562 937 2608 et
965 2556 1019 2608 in
1049 2556 1256 2608 nomine
1291 2555 1521 2622 Domini,
1549 2556 1674 2625 quia
1704 2556 1846 2609 ultus
1889 2573 2006 2609 sum

423 2643 480 2697 in
514 2660 602 2697 eos
632 2645 700 2698 “.

502 2732 598 2790 IX.
630 2733 865 2791 Proinde
883 2738 928 2790 si
953 2735 1246 2790 viderimus
1275 2750 1370 2791 eos
1403 2736 1494 2806 qui
1520 2752 1619 2792 nos
1654 2737 1856 2790 malitia
1885 2751 2002 2799 sua,

429 2825 483 2881 id
517 2836 607 2884 est
636 2826 844 2892 acedia,
873 2825 1365 2891 circumdederunt,
1415 2835 1507 2880 aut
1560 2827 1832 2895 voluptate
1883 2828 2005 2881 aui-

425 2932 567 2971 mam
602 2926 842 2972 nostram
876 2917 1195 2984 dissolvere,
1232 2927 1323 2970 aut
1348 2918 1426 2970 ira
1464 2934 1560 2972 nos
1591 2919 1849 2974 adversus
1881 2933 2008 2988 pro-

424 3007 655 3072 simum,
716 3009 761 3063 si
813 3008 943 3076 quid
998 3023 1277 3079 perperam
1314 3010 1507 3078 egerit,
1562 3010 1862 3075 concitare,
1917 3019 2010 3064 aut

2107 1937 2288 1994 scunt,
2321 1929 2464 1997 quod
2510 1927 2555 1982 si
2606 1927 2658 1981 in
2711 1934 2908 1980 terram
2941 1923 3345 1985 descenderint,
3388 1921 3570 1974 timent
3610 1931 3663 1968 ne

2107 2019 2392 2088 capiantur
2425 2035 2441 2072 :
2468 2017 2547 2072 sic
2575 2027 2628 2072 et
2654 2017 2833 2070 anima
2866 2015 2961 2069 sia
2981 2015 3197 2086 propria
3229 2021 3430 2067 natura
3457 2007 3660 2062 deﬂexe-

2110 2112 2202 2173 rit,
2227 2111 2408 2164 statim
2449 2107 2796 2164 inte'rimitur.
2839 2107 3197 2174 Quamobrem
3222 2104 3320 2174 qui
3353 2103 3545 2156 divinis
3573 2100 3657 2152 illis

2111 2201 2430 2256 muneribus
2457 2199 2640 2254 donati
2673 2207 2821 2264 sunt,
2855 2197 3038 2251 mundi
3087 2197 3309 2250 fraudes
3332 2191 3557 2248 etdolos
3578 2204 3659 2243 re—

2111 2291 2423 2357 formidant,
2471 2291 2695 2360 ejusque
2742 2290 2953 2358 fugiunt
3003 2288 3481 2350 consuetudinem,
3526 2282 3670 2338 neitt

2112 2383 2329 2449 laqueos
2358 2392 2412 2437 et
2440 2392 2666 2436 mortem
2695 2381 2956 2437 incidant.

2182 2475 2270 2529 XI.
2299 2475 2446 2529 Talis
2475 2475 2672 2539 anima,
2701 2490 2766 2528 ne
2798 2476 2843 2528 si
2873 2475 3002 2528 Velit
3043 2473 3286 2540 quidem,
3321 2479 3491 2540 potest
3523 2480 3666 2521 mun-~

2110 2567 2235 2621 dum
2270 2567 2512 2636 diligere.
2538 2565 2782 2620 Meminit
2804 2565 2948 2620 enim
2979 2563 3156 2634 qualis
3186 2562 3375 2625 fuerit,
3399 2567 3668 2628 antequam,

2111 2663 2257 2710 esset
2287 2656 2340 2710 in
2375 2656 2519 2721 Deo;
2545 2664 2600 2709 et
2624 2655 2752 2723 quid
2780 2653 2884 2708 sibi
2921 2668 2989 2708 ex
3019 2652 3218 2706 mundo
3279 2649 3648 2718 contigerit,et

2111 2760 2271 2814 quam
2303 2745 2442 2798 male
2477 2743 2638 2797 luerit
2663 2743 2732 2798 ab
2775 2743 2892 2810 ipso
2928 2751 3175 2796 tractata.
3214 2736 3646 2807 Quemadmodum

2109 2837 2253 2891 enim
2279 2853 2399 2890 cum
2432 2837 2485 2890 in
2516 2837 2706 2890 urbem
2737 2851 2900 2906 quam
2940 2836 3267 2904 expugnarit
3302 2850 3392 2900 re;
3434 2829 3655 2886 inimicus

2112 2929 2464 2999 ingredietur,
2489 2929 2635 2983 cives
2666 2929 2860 2982 timore
2901 2927 3184 2983 conterriti
3225 2926 3404 2994 passis
3440 2922 3652 2977 manibus

2111 3020 2306 3074 vietori
2349 3034 2408 3074 se
2453 3019 2692 3085 dedunt;
2732 3028 2788 3072 at
2838 3019 2927 3074 ille
2979 3019 3162 3072 statim
3212 3017 3434 3085 deiectis
3464 3010 3650 3066 alterius
3709 3014 3720 3030 °

431 3098 621 3152 oculos
645 3109 860 3154 nostros
891 3102 956 3154 ad
983 3101 1306 3170 cupiendum
1338 3117 1625 3169 corporum
1656 3102 2007 3172 pulchritudi-
2033 3139 2078 3199 Ο
2115 3112 2254 3180 regis
2320 3111 2669 3178 imaginibus,
2739 3110 3053 3178 legibusque
3109 3107 3372 3174 sublatis,
3427 3103 3647 3174 imagines

428 3205 553 3244 nem
585 3207 948 3258 commovere,
983 3202 1076 3246 aut
1114 3194 1345 3262 proximi
1383 3194 1551 3248 nostri
1576 3209 1880 3249 sermonem
1914 3211 2004 3248 no-

427 3282 514 3337 bis
544 3292 801 3354 tanquam
828 3299 1094 3340 venenum
1137 3286 1397 3354 objicere,
1427 3296 1518 3342 aut
1549 3303 1648 3342 nos
1670 3288 1736 3341 ad
1772 3287 2001 3343 aliorum

426 3373 592 3427 verba
631 3375 900 3443 carpenda
927 3375 1199 3444 pellicere,
1225 3387 1318 3429 aut
1350 3379 1416 3430 ad
1443 3379 1700 3432 sereudas
1725 3379 1864 3432 inter
1893 3376 2000 3431 fra-

429 3472 542 3519 tres
588 3465 913 3532 discordias,
945 3467 1208 3532 dicentes,
1239 3468 1385 3523 hunc
1433 3484 1552 3523 esse
1581 3469 1804 3534 bonum,
1858 3469 2004 3523 illum

428 3568 560 3610 vero
595 3556 836 3612 malum:
886 3557 1166 3613 fraudibus
1217 3573 1404 3613 eorum
1455 3574 1521 3613 ne
1566 3561 2005 3627 succmnhamns,

431 3648 525 3701 sed
558 3647 732 3716 potius
771 3664 892 3702 cum
929 3647 1093 3702 David
1123 3665 1312 3719 magna
1356 3651 1519 3704 auirui
1549 3651 1865 3706 fortitudine
1891 3653 2008 3706 cla.

431 3749 640 3791 menius
670 3752 686 3790 :
728 3737 980 3790 Dominus
1009 3749 1267 3808 protector
1308 3740 1424 3795 rita:
1453 3758 1599 3796 mete.
1633 3741 1690 3795 Si
1719 3744 2007 3797 consistunt

431 3833 706 3886 adversum
739 3845 816 3882 me
835 3841 1028 3893 castra,
1062 3848 1165 3884 non
1189 3832 1382 3885 timebit
1410 3850 1500 3886 cor
1521 3851 1711 3888 nteant.
1750 3834 1808 3888 Si
1824 3851 2012 3889 exsur-

433 3930 522 3990 gat
547 3922 792 3974 adversus
821 3936 901 3974 me
927 3920 1189 3987 praelium,
1232 3923 1284 3974 in
1311 3925 1407 3975 hoc
1437 3939 1530 3992 ego
1571 3925 1810 3990 sperabo.
1838 3923 2010 3979 Unam

433 4011 558 4079 petii
586 4027 618 4064 a
646 4009 890 4075 Domino,
914 4011 1045 4064 lianc
1084 4012 1364 4081 requiram,
1394 4023 1447 4066 ut
1471 4014 1756 4068 inhabilem
1781 4015 1834 4068 in
1857 4017 2012 4069 domo

436 4099 648 4153 Domini
681 4095 920 4154 omnibus
972 4099 1150 4154 diebus
1203 4101 1325 4154 vita:
1357 4117 1518 4162 mete;
1561 4109 1619 4156 ut
1651 4101 1852 4154 videam
1885 4101 2014 4155 lazti-

436 4193 563 4245 tium
596 4191 833 4258 Domini,
866 4202 911 4246 et
935 4192 1135 4246 visitem
1164 4194 1411 4260 templum
1440 4203 1680 4248 sanctum
1703 4193 1837 4262 ejus.
1866 4194 2011 4260 Quo-

437 4282 813 4346 uiamprotexit
839 4299 952 4348 ine;
981 4293 1026 4337 et
1057 4299 1171 4338 ecce
1207 4301 1345 4339 nunc
1370 4286 1624 4339 exultavit
1651 4295 1808 4354 caput
1844 4301 2016 4339 meum

436 4389 594 4440 super
617 4374 854 4428 inimicos
877 4390 1015 4429 meos
1033 4375 1098 4429 ⁸⁸.
1133 4374 1258 4433 llrec
1287 4392 1472 4432 eorum
1489 4385 1614 4431 ειιιιι
1647 4377 1736 4446 qui
1781 4387 2012 4432 mentem

2109 3218 2253 3264 suas,
2277 3211 2330 3256 et
2359 3204 2502 3271 leges
2533 3217 2697 3255 novas
2741 3202 3063 3257 constituit:
3097 3202 3239 3270 quod
3275 3199 3322 3253 si
3359 3191 3651 3263 eiveslegiti-

2108 3310 2196 3348 mo
2230 3294 2338 3364 regi
2364 3293 2500 3348 clam
2533 3293 2925 3356 denuntiarint,
2973 3302 3030 3346 nt
3060 3293 3160 3348 sibi
3207 3291 3350 3345 ferat
3394 3285 3650 3344 auxilium.

2107 3397 2162 3441 et
2193 3388 2364 3442 iratus
2412 3387 2502 3441 ille
2550 3386 2812 3440 adversus
2871 3385 3081 3439 hostem
3116 3385 3417 3438 exercitum
3446 3374 3650 3437 duxerit,

2107 3479 2359 3547 civesque
2387 3493 2444 3533 re
2479 3477 2772 3542 intellecta,
2818 3477 2930 3547 regi
2978 3492 3076 3532 suo
3114 3485 3307 3546 portas
3335 3467 3642 3544 aperuerint;

2111 3571 2418 3641 ingrediens
2442 3569 2554 3639 ipse
2577 3579 2792 3638 captmn
2817 3570 3026 3634 hostem
3064 3566 3347 3630 interﬁcit,
3374 3568 3648 3626 statuasque

2120 3677 2248 3716 suas
2296 3671 2352 3715 et
2400 3661 2658 3731 pristinas
2691 3660 2856 3729 ,leges
2915 3659 3172 3726 restituit,
3212 3657 3357 3728 regis
3393 3643 3641 3709 adversarii

2113 3751 2312 3805 statuis
2333 3761 2387 3804 et
2411 3751 2616 3820 legibus
2650 3749 2856 3805 eversis
2878 3757 2931 3804 et
2953 3749 3249 3820 abrogatis.
3281 3746 3429 3802 Tunc
3460 3737 3642 3797 incredi-

2115 3843 2206 3898 bili
2226 3843 2416 3898 civitas
2439 3843 2674 3898 exsultat
2701 3841 2914 3912 gaudio.
2936 3841 3050 3895 Rex
3073 3849 3252 3896 autem
3271 3840 3327 3893 in
3355 3838 3438 3892 illa
3455 3830 3640 3890 habitat.

2115 3945 2168 3990 et
2194 3935 2271 3990 sic
2304 3950 2424 3990 eam
2465 3934 2659 3998 munit,
2691 3944 2749 3987 ut
2783 3947 2942 3987 nemo
2964 3933 3134 4001 possit
3157 3932 3388 4000 amplius
3410 3942 3468 3984 ea
3493 3920 3635 3994 potiri.

2118 4024 2183 4079 Et
2205 4025 2354 4080 cives
2404 4037 2531 4078 suos
2567 4023 2726 4077 docet
2765 4036 2915 4075 arma
2959 4029 3213 4083 tractare,
3246 4028 3308 4074 ιιι
3337 4015 3517 4072 ιιιιΙΙιιιιι
3541 4021 3639 4062 ηιθ-

2121 4125 2277 4170 luant
2307 4113 2698 4168 adversarium.
2721 4111 2811 4167 Sic
2830 4111 2994 4167 etiam
3025 4111 3205 4165 anima
3240 4118 3362 4180 post
3385 4107 3640 4164 suscellim”

2120 4205 2410 4275 baptisma,
2451 4219 2481 4258 a
2533 4203 2748 4258 diabolo
2786 4202 2889 4257 fuit
2929 4210 3258 4273 expugnata,
3297 4199 3384 4270 qui
3414 4208 3519 4251 eam
3563 4199 3636 4256 Ιπο

2120 4298 2337 4352 libidine
2406 4312 2507 4352 sua
2560 4297 2759 4352 evertit
2805 4305 2968 4364 atque
3008 4294 3260 4357 vastavit,
3296 4288 3635 4348 exturbatath

2119 4391 2230 4443 veri
2267 4389 2408 4459 regis
2442 4389 2694 4456 imagine,
2721 4403 2872 4440 suam
2917 4386 3115 4448 erexit,
3149 4383 3382 4452 fecitque
3406 4386 3458 4432 ut
3481 4373 3635 4427 misera

437 4478 468 4516 a
499 4467 726 4520 mortuis
749 4467 1008 4532 excitant,
1038 4483 1172 4536 quos
1193 4467 1487 4537 Apostolus
1520 4478 1721 4523 noctem
1751 4469 2006 4538 appellat:

2123 4480 2301 4532 anima
2329 4479 2508 4532 saeculi
2536 4479 2689 4532 istius
2713 4477 2860 4531 curis
2893 4486 2946 4530 et
2975 4473 3424 4530 sollicitudinibus
3449 4463 3640 4518 vacaret.

441 4553 566 4607 Non
587 4570 790 4620 sumus,
821 4557 1088 4625 inquiens,
1131 4559 1318 4622 noctis,
1343 4575 1432 4612 nec
1465 4560 1796 4612 tenebrarum
1823 4559 1890 4614 “.
1911 4557 2016 4613 Eos

439 4659 567 4700 vero
599 4647 688 4716 qui
725 4647 943 4703 desidia:
987 4651 1153 4706 dediti
1193 4667 1252 4706 se
1296 4651 1442 4721 ipsos
1501 4651 1796 4723 negligant,
1851 4668 2012 4706 coar-

440 4737 590 4807 guit:
624 4738 728 4803 Qui
770 4740 1058 4809 dormiunt,
1101 4743 1371 4810 inquiens,
1431 4756 1579 4799 nocte
1621 4741 1913 4808 dormiunt,
1967 4755 2016 4798 et

441 4830 530 4898 qui
574 4829 702 4884 ebrii
727 4842 869 4895 sunt,
896 4845 1041 4886 nocte
1072 4844 1191 4888 sunt
1231 4837 1359 4888 ebrii
1383 4836 1460 4900 “7;
1502 4849 1556 4889 et
1601 4852 1855 4892 rursum:
1898 4836 2019 4890 Dies

449 4922 657 4976 Domini
683 4934 934 4994 tanquam
966 4925 1052 4994 {ur
1092 4929 1280 4991 veniet,
1309 4937 1356 4981 et
1395 4946 1496 4982 non
1520 4931 1767 4999 effugient
1796 4930 1863 4995 ⁸⁸,
1897 4945 2026 5000 quo-

447 5015 591 5069 niam
623 5024 749 5069 sunt
781 5015 834 5069 in
861 5027 1036 5073 nocte.
1073 5019 1154 5073 Ad
1190 5019 1305 5074 illos
1323 5031 1524 5082 autem,
1554 5022 1642 5089 qui
1669 5031 1900 5076 mentem
1931 5035 2026 5075 ex-

445 5103 616 5160 citant
668 5121 698 5160 a
729 5108 894 5175 vitiis,
921 5124 1040 5179 qua:
1085 5121 1210 5164 sunt
1259 5126 1407 5165 nox:
1466 5110 1776 5177 Inducntes,
1833 5112 2026 5180 inquit,

446 5196 665 5252 loricam
693 5199 843 5268 ﬁdei,
882 5211 929 5255 et
954 5202 1246 5267 clturitatis,
1271 5213 1318 5256 et
1362 5203 1570 5272 galeam
1600 5205 1706 5271 spei
1733 5201 1920 5256 salutis
1957 5203 2026 5256 °’.

517 5289 588 5345 Χ.
639 5293 720 5346 Ab
775 5295 1029 5364 operibus
1079 5311 1208 5365 ergo
1263 5306 1600 5350 mortuorum
1635 5296 1936 5365 vigilemus,
1972 5304 2030 5349 et

447 5384 642 5440 auium
666 5385 950 5458 diligenter
1001 5404 1277 5457 vacemus,
1326 5403 1394 5443 ne
1432 5389 1560 5458 quid
1594 5403 1838 5459 agamus,
1890 5388 2031 5457 quod

2122 4579 2175 4625 et
2201 4569 2254 4622 iu
2279 4568 2530 4623 onmihus
2559 4567 2706 4621 vitiis
2734 4576 2786 4620 et
2827 4565 3060 4634 peccatis
3084 4563 3430 4617 volutaretur.
3481 4552 3634 4604 Verum

2119 4674 2470 4732 posteaquam
2503 4659 2673 4712 sancti
2713 4658 3000 4728 magnique
3034 4657 3179 4723 regis
3207 4653 3332 4709 Jesu
3359 4642 3535 4707 Christi
3563 4638 3634 4736 bc:

2124 4753 2358 4823 niguitas
2385 4768 2501 4806 eam
2541 4753 2608 4806 ad
2657 4752 3028 4818 pmuitentiam
3073 4749 3362 4811 revocavit,
3409 4743 3509 4796 leta
3547 4740 3631 4794 rex!

2127 4860 2224 4899 suo
2257 4844 2399 4898 fores
2434 4843 2663 4912 aperuit.
2687 4843 2862 4897 Atille
2890 4842 3172 4912 ingressus
3200 4833 3536 4894 adversarium
3559 4833 3633 4874 ex-

2130 4937 2282 5006 pulit,
2311 4945 2365 4989 et
2398 4945 2606 5003 turpem
2631 4933 2745 5002 ejus
2779 4934 3070 5003 imaginem
3109 4943 3274 5002 atque
3302 4925 3508 4985 nefarias
3533 4916 3641 5007 ιρις

2132 5025 2388 5090 abolevit,
2421 5026 2767 5093 animamque
2799 5026 2849 5078 in
2884 5025 3167 5094 pristinam
3203 5022 3484 5076 libertatem
3514 4997 3637 5101 vindi-

2130 5117 2269 5170 cavit
2296 5122 2382 5182 ;ct
2408 5130 2561 5168 suam
2595 5115 2647 5168 in
2677 5114 2765 5168 illa
2796 5125 3038 5168 sanctam
3072 5098 3634 5185 itiiagitiemiitstattfallfv

2131 5177 2347 5261 sanctas
2381 5207 2427 5260 ei
2467 5205 2610 5275 leges
2645 5206 2810 5270 dedit,
2844 5177 3230 5274 pugnandique
3257 5196 3482 5270 peritiam
3507 5177 3634 5238 tradi-

2133 5298 2234 5364 dit,
2260 5308 2313 5351 et
2345 5312 2538 5352 sensus
2576 5297 2719 5351 illius
2747 5312 2937 5352 omnes
2963 5293 3338 5356 comnmnivit,
3359 5301 3416 5343 ac
3440 5277 3632 5364 deinccpf

2134 5388 2189 5443 in
2222 5403 2288 5444 ea
2324 5389 2400 5442 uti
2453 5403 2550 5443 sua
2599 5387 2884 5458 requievit.
2935 5387 3076 5442 Fieri
3108 5385 3252 5439 enim
3284 5397 3380 5438 non
3411 5373 3566 5445 μοιεθιν
3592 5360 3632 5407 ui

522 5609 568 5641 ⁸⁸
599 5607 743 5667 Psal.
782 5626 878 5672 xtl,
909 5611 964 5676 ι,
997 5610 1051 5665 5.
1127 5609 1167 5641 ⁶¹
1206 5608 1347 5664 Psal.
1381 5624 1585 5671 tum,
1612 5575 1738 5662 2-3.“
1801 5608 1845 5639 “
1879 5609 2006 5663 ibid.

2112 5651 2124 5674 ν
2160 5609 2248 5664 17.
2327 5611 2373 5643 ⁸³
2404 5609 2422 5663 1
2458 5609 2582 5667 Cor.
2615 5625 2667 5678 χ,
2708 5611 2763 5666 4.
2841 5609 2887 5642 ⁸⁸
2923 5607 3066 5665 Psal.
3094 5622 3259 5674 cxvu,
3313 5603 3392 5660 η.
3456 5588 3492 5624 ⁸³
3521 5571 3627 5638 Ρδθι⁶
3674 5642 3683 5652 ,

450 5693 599 5747 xzvr,
631 5680 684 5747 i,
715 5681 768 5736 3.
846 5681 892 5713 "
916 5682 934 5736 l
959 5681 1152 5737 'I'hess.
1187 5695 1240 5748 v,
1269 5684 1322 5736 6.
1401 5681 1444 5714 "
1479 5681 1608 5736 ibid.
1634 5679 1688 5732 7.

1759 5679 1804 5712 ⁸⁸
1839 5681 1967 5735 ibid.
1988 5681 2046 5744 2.
2077 5681 2128 5734 ὗ.

2208 5683 2263 5713 θ
2287 5682 2418 5737 ibid.
2446 5681 2500 5734 8.
