3888 6284
252 456 389 517 1181

1313 454 1373 511 S.
1413 451 1622 510 ISAIIE
1664 442 1960 504 ABBATIS
1996 441 2412 501 ORATI'ONES.

3379 435 3522 494 1182

251 572 433 629 anima
475 567 816 642 ingrediatur
847 569 899 624 in
934 569 1174 641 requiem
1233 567 1353 624 Filii
1401 567 1513 629 Dei,
1569 564 1670 620 nisi
1716 561 1831 631 ejus
1860 560 1909 618 Α
1936 573 2060 612 care
2088 568 2276 612 contra
2299 555 2468 610 me".
2503 553 2582 608 Ac
2615 554 2815 608 docens
2851 565 2969 616 nos,
3011 562 3080 605 ne
3105 556 3524 604 contemnamus

252 664 547 733 imaginem
571 659 787 717 habeat.
813 659 1278 728 Quemadmodum
1313 659 1459 715 enim
1493 655 1672 712 nullus
1689 667 1835 710 mer-

250 765 407 811 cator
435 769 716 809 nummum
745 754 968 823 accipit,
1006 754 1060 809 i‘n
1089 768 1197 825 quo
1225 751 1371 822 regis
1405 751 1585 820 imago
1619 763 1726 804 non
1763 748 1834 803 sit

250 861 536 916 expressa,
584 859 760 914 neque
809 859 933 900 eum
987 843 1379 899 nummularius
1412 842 1626 912 probat,
1659 850 1835 909 neque

252 955 349 994 rex
383 940 436 992 in
467 953 623 993 suum
657 939 972 992 thesaurum
1022 935 1261 990 admittit
1300 950 1315 986 :
1353 931 1433 988 sic
1470 930 1676 997 janima,
1727 928 1833 983 nisi

251 1031 399 1099 regis
442 1029 620 1100 magni
668 1038 723 1084 et
756 1027 968 1083 Domini
1010 1027 1180 1083 nostri
1232 1024 1357 1082 Jesu
1418 1023 1621 1080 Christi
1656 1029 1837 1077 servet

253 1121 568 1192 imaginem,
611 1136 716 1176 non
767 1121 1028 1192 probatur
1067 1121 1135 1174 ab
1164 1119 1393 1190 angelis,
1430 1132 1604 1186 neque
1639 1114 1836 1169 admit-

254 1211 391 1266 titur
422 1211 490 1266 ab
513 1211 628 1281 ipso
653 1225 806 1282 rege:
837 1211 967 1276 quin
1001 1211 1180 1280 potius
1197 1209 1340 1264 audit
1376 1227 1390 1263 :
1427 1207 1707 1275 Quomodo
1730 1206 1836 1260 huc

253 1301 493 1367 intrasti,
525 1319 629 1354 non
657 1302 864 1356 habens
892 1300 1182 1371 imaginem
1227 1299 1450 1354 meam?

324 1390 439 1447 XII.
482 1391 650 1446 Porro
679 1392 932 1463 imaginis
993 1402 1120 1446 nota
1183 1393 1421 1446 charitas
1485 1399 1591 1444 est.
1632 1387 1700 1442 In
1735 1390 1837 1441 hoc

253 1481 412 1546 enim,
448 1481 640 1551 inquit,
671 1490 979 1552 cognoscent
1009 1499 1097 1537 vos
1132 1498 1270 1536 meos
1300 1497 1411 1537 esse
1455 1481 1759 1549 discipulos,
1792 1478 1840 1533 si

253 1571 549 1626 dilexeritis
584 1575 724 1626 inter
769 1590 860 1628 vos
882 1574 957 1630 ".
1011 1573 1078 1627 At
1136 1575 1374 1628 charitas
1419 1573 1536 1644 ejus
1569 1573 1623 1627 in
1679 1571 1844 1626 nobis

253 1677 376 1718 esse
429 1678 536 1718 non
580 1674 790 1734 potest,
827 1680 948 1720 cum
995 1666 1174 1719 anima
1222 1666 1292 1720 ita
1334 1665 1506 1719 divisa
1545 1665 1649 1732 sit,
1682 1673 1740 1718 ut
1784 1675 1840 1720 et

257 1755 423 1810 Deum
457 1765 685 1826 quierat,
721 1769 775 1811 et
811 1756 996 1828 diligat
1038 1773 1101 1812 ea
1141 1773 1260 1827 quae
1306 1758 1491 1812 mundi
1528 1767 1673 1812 sunt.
1711 1757 1838 1813 Ete-

254 1845 368 1900 nim
397 1848 853 1916 quemadmodum
899 1849 1136 1904 volucris
1173 1851 1329 1904 unica
1372 1853 1458 1905 ala
1506 1851 1688 1906 volare
1731 1867 1837 1907 non

1941 664 2036 704 eos
2063 650 2157 720 qui
2189 649 2379 703 dicunt
2405 664 2420 702 :
2450 646 2677 713 Quando
2715 645 3012 712 poterimus
3041 657 3136 698 eos
3162 641 3362 707 delere,
3390 655 3515 697 cum

1937 749 2047 795 tam
2091 739 2243 793 multi
2291 737 2444 793 sint?
2480 735 2604 790 Non
2648 735 2862 804 poteris,
2892 734 3087 803 inquit.
3118 731 3289 787 delere
3334 747 3421 786 eos
3460 731 3520 786 in

1936 848 2076 886 anno
2107 847 2234 896 uno,
2267 847 2330 884 ne
2353 829 2492 900 forte
2520 837 2664 882 terra
2692 826 2898 880 deserta
2924 823 3274 894 relinquatur,
3305 833 3352 876 et
3383 822 3518 875 mul-

1935 924 2237 993 tiplicemur
2256 921 2383 991 fera:
2405 931 2586 975 contra
2615 931 2685 982 te,
2701 918 2790 973 sed
2812 917 3090 983 paulatim,
3115 915 3279 968 donec
3303 927 3519 967 numero

1939 1018 2204 1087 augearis.
2244 1014 2311 1068 Et
2360 1014 2603 1068 dilatubit
2649 1011 2787 1066 Deus
2835 1011 3083 1065 terminos
3123 1007 3326 1062 suos".
3362 1005 3518 1073 Saepe

1937 1110 2101 1162 etiam
2135 1106 2390 1176 praecepit
2417 1106 2522 1161 illis
2556 1106 2720 1170 Deus,
2757 1105 2914 1167 Cave,
2951 1102 3222 1171 inquiens,
3253 1115 3314 1152 ne
3346 1095 3515 1167 foedus

1937 1200 2081 1253 ineas
2121 1213 2238 1249 cum
2275 1196 2612 1258 Cltananteis,
2644 1210 2773 1265 quos
2811 1210 2904 1263 ego
2939 1208 3051 1244 sum
3079 1189 3345 1244 deleturus
3379 1203 3410 1237 a
3441 1185 3521 1254 fc-

1936 1293 2013 1344 cie
2037 1302 2128 1343 tua
2145 1290 2212 1341 ⁷⁸.
2253 1288 2370 1342 Jam
2397 1303 2520 1342 cum
2554 1285 2711 1342 Jesus
2734 1286 2874 1340 filius
2904 1283 3051 1339 Nave
3084 1281 3337 1336 Hiericho
3365 1276 3518 1332 obsi-

1938 1383 2090 1436 deret
2131 1389 2189 1434 ut
2224 1379 2370 1434 illam
2421 1387 2710 1442 everteret,
2741 1377 3059 1440 Anatltema,
3101 1373 3296 1443 inquit,
3332 1370 3522 1424 consti-

1937 1487 2050 1530 tues
2079 1474 2253 1537 illam,
2282 1483 2328 1527 et
2361 1473 2540 1526 omnia
2571 1487 2689 1541 qua:
2716 1472 2769 1524 in
2814 1488 2872 1525 ea
2904 1478 3025 1523 sunt
3044 1468 3110 1523 ⁷⁸.
3145 1466 3212 1521 Et
3253 1480 3374 1520 cum
3404 1461 3521 1517 vel-

1939 1569 2012 1624 let
2046 1584 2262 1623 manum
2302 1582 2423 1622 cum
2455 1567 2612 1620 hoste
2639 1578 2950 1629 conserere,
2985 1577 3090 1616 non
3123 1558 3300 1629 potuit
3346 1554 3517 1611 Israel

1939 1663 2216 1725 resistere,
2252 1662 2346 1714 sed
2397 1659 2533 1730 fugit
2579 1673 2608 1711 a
2657 1657 2796 1710 facie
2841 1654 2980 1724 ejus,
3012 1661 3232 1722 propter
3264 1649 3516 1718 exiguum

1939 1754 2262 1817 anathema,
2307 1752 2446 1821 quod
2500 1750 2836 1817 surripuerat
2875 1747 3082 1820 Achati.
3128 1743 3196 1797 Et
3235 1741 3522 1811 procideus

1939 1846 2102 1900 Josue
2135 1845 2187 1899 in
2229 1844 2420 1898 faciem
2465 1857 2617 1895 suam
2665 1839 2918 1896 clamavit
2950 1837 3002 1890 iu
3049 1842 3342 1904 conspectu
3377 1830 3471 1886 Dei
3505 1847 3520 1883 :
3597 1844 3601 1848 ·

255 1945 457 2005 potest,
489 1939 567 1990 sic
597 1936 775 1990 anima
812 1937 999 2006 nequit
1027 1937 1078 1992 in
1111 1937 1278 1992 Deum
1309 1938 1580 2008 progredi,
1615 1941 1661 1991 sl
1699 1939 1838 1993 alte-
1873 1920 1914 1976 Β
1953 1937 2136 2002 Vertit,
2167 1935 2434 2005 inquiens,
2473 1932 2643 1987 Israel
2677 1943 2822 2000 terga
2851 1929 3079 1984 inimicis
3110 1925 3304 1980 suis”.
3330 1924 3396 1978 Et
3423 1935 3526 1995 ego

253 2043 313 2083 ra
353 2037 507 2097 parte
559 2027 624 2081 ad
669 2029 926 2097 mundum
980 2029 1220 2083 inclinet.
1264 2030 1331 2084 Et
1383 2032 1837 2100 quemadmodum

253 2121 432 2185 navis,
463 2121 508 2175 si
541 2121 669 2190 quid
698 2122 746 2175 ei
772 2121 1137 2176 necessarium
1175 2123 1332 2190 desit,
1361 2138 1458 2193 per
1483 2139 1631 2179 mare
1661 2133 1841 2180 trans-

252 2209 338 2265 ire
377 2226 483 2264 nou
516 2219 730 2279 potest:
755 2211 834 2265 sic
867 2212 1070 2276 anima,
1094 2213 1137 2266 si
1171 2213 1340 2267 virtus
1395 2214 1442 2268 ei
1471 2214 1647 2284 aliqua
1678 2215 1837 2280 desit,

252 2304 727 2374 perturbationum
783 2304 1006 2375 pelagus
1058 2321 1166 2360 non
1221 2315 1396 2374 potest
1450 2307 1718 2375 trajicere.
1775 2305 1840 2360 Et

251 2395 709 2465 quemadmodum
739 2407 919 2451 nauta:
940 2397 984 2451 si
1015 2397 1233 2468 pulchra
1261 2399 1604 2465 veStimenta,
1637 2409 1692 2454 et
1718 2400 1839 2454 chi-

252 2488 531 2554 rothecas,
567 2497 624 2544 et
662 2489 1034 2544 calceamenta
1082 2490 1282 2544 habent
1325 2490 1632 2557 muliebria,
1665 2491 1840 2548 otlicio

254 2595 358 2636 suo
386 2579 530 2652 fungi
557 2589 611 2635 et
651 2582 905 2651 navigare
932 2596 1035 2635 non
1067 2592 1313 2651 possunt,
1347 2583 1473 2652 quia
1511 2599 1735 2640 necesse
1757 2595 1841 2642 est

253 2680 320 2725 ut
351 2670 458 2725 siut
488 2671 720 2740 expediti
751 2688 766 2727 :
798 2672 877 2726 sic
911 2671 1092 2727 anima
1124 2673 1398 2742 improbas
1427 2675 1712 2744 spirituum
1747 2675 1842 2730 ad-

254 2759 625 2814 versariorum
665 2759 928 2829 procellas
957 2775 1216 2831 superare
1235 2778 1340 2817 non
1374 2766 1534 2831 valet,
1561 2766 1663 2821 nisi
1686 2782 1842 2820 mun-

254 2851 312 2905 di
354 2853 499 2907 curis
540 2863 596 2907 et
642 2852 1098 2909 sollicitudinibus
1136 2855 1208 2909 sit
1247 2871 1435 2911 vacua.
1480 2857 1546 2910 Et
1582 2859 1841 2926 quemad-

257 2943 476 3000 modum
514 2943 670 3000 miles
695 2961 819 3000 cum
855 2947 1104 3002 hostibus
1139 2947 1396 3018 principis
1434 2948 1515 3004 sui
1557 2949 1839 3004 conflictu-

253 3049 372 3099 rus,
406 3034 452 3089 si
489 3048 640 3090 arma
702 3036 980 3102 deficiant,
1049 3053 1154 3093 non
1204 3047 1385 3108 potest
1440 3039 1734 3094 resistere:
1767 3040 1838 3094 ita

253 3123 458 3179 Christi
493 3123 839 3193 adversariis,
883 3125 936 3180 id
977 3136 1084 3191 est,
1133 3127 1285 3182 vitiis
1319 3136 1373 3181 et
1419 3127 1841 3196 perturbationi-

1942 2027 2070 2096 quid
2102 2024 2334 2079 faciant?
2375 2024 2437 2077 Et
2471 2023 2608 2081 dixit
2652 2023 2700 2074 ei
2733 2021 2983 2090 princeps
3014 2017 3222 2072 militiae
3251 2013 3463 2070 Domini
3497 2029 3514 2068 :

1945 2121 2208 2186 Quoniam
2247 2127 2324 2172 est
2354 2119 2406 2171 in
2437 2126 2486 2171 te
2517 2117 2821 2180 anathema,
2850 2112 3053 2178 Israel,
3091 2127 3194 2165 non
3222 2110 3414 2179 poteris
3440 2121 3526 2163 rs-

1943 2218 2126 2268 sistere
2158 2212 2384 2266 inimicis
2421 2211 2523 2264 tuis
2546 2209 2612 2263 ⁸¹.
2651 2208 2719 2262 Et
2764 2222 2868 2260 non
2899 2203 3160 2273 processit
3191 2202 3244 2255 in
3279 2199 3522 2270 praelium

1943 2307 2116 2376 prius,
2153 2319 2314 2374 quam
2356 2319 2385 2357 e
2413 2303 2589 2356 medio
2622 2299 2834 2354 tolleret
2866 2297 3076 2350 Achan.
3116 2293 3196 2347 Ad
3232 2291 3345 2346 haec
3377 2289 3527 2346 vide-

1944 2413 2084 2461 mus,
2114 2396 2384 2466 quomodo
2422 2393 2636 2448 Saulem
2674 2404 2839 2461 regno
2861 2385 3178 2456 Spoliaverit
3208 2383 3371 2449 Deus,
3398 2395 3528 2453 pro-

1943 2500 2062 2561 pter
2089 2487 2374 2542 anathema
2406 2483 2547 2554 quod
2575 2490 2792 2551 ceperat
2814 2494 2882 2533 ex
2911 2475 3134 2531 Amalec
3151 2473 3220 2527 8’.

2011 2578 2152 2635 XIV.
2194 2577 2353 2645 Quid,
2406 2573 2548 2644 quod
2597 2573 2738 2626 Deus
2792 2583 2897 2624 non
2947 2566 3121 2621 audiit
3163 2561 3349 2628 Israel,
3398 2575 3524 2617 cum

1940 2673 2207 2727 Jonathas
2240 2671 2448 2724 hastam
2489 2665 2800 2720 intinxisset
2845 2661 2900 2714 in
2951 2656 3130 2720 melle,
3163 2668 3399 2724 eumque
3431 2654 3528 2708 ad-

1944 2764 2201 2819 movisset
2264 2760 2346 2814 ori
2415 2773 2514 2812 suo
2539 2757 2624 2810 3'?
2684 2753 3044 2810 Ecclesiastes
3104 2757 3367 2818 praeterea
3427 2745 3529 2801 do-

1942 2870 2096 2921 cens,
2139 2851 2381 2922 quolibet
2442 2849 2668 2904 minimo
2707 2847 2838 2900 vitio
2880 2845 3138 2899 virtutum
3174 2840 3347 2897 aciem
3377 2836 3529 2894 fran-

1942 2949 1993 3016 gi
2045 2947 2261 3002 dicebat
2296 2961 2312 3000 :
2348 2941 2548 2996 Musca:
2599 2940 2878 2993 morientes
2927 2935 3155 3006 perdunt
3203 2932 3528 2988 suavitatem

1941 3037 2278 3109 unguenti”.
2321 3035 2387 3090 Et
2436 3033 2733 3089 Ezechiel:
2767 3028 3113 3100 Quacitnque,
3177 3024 3376 3097 inquit,
3433 3022 3524 3077 die

1934 3133 2115 3201 justus
2147 3128 2416 3199 deﬂexerit
2439 3127 2502 3179 de
2535 3126 2616 3179 via
2633 3123 2860 3192 justitite
2884 3136 3014 3185 suta,
3040 3128 3089 3174 et
3120 3118 3306 3188 fecerit
3329 3115 3526 3185 iniqui-

254 3212 562 3314 bOus.hotno
605 3228 908 3314 repugnare
939 3230 1045 3270 non
1080 3215 1234 3280 valet,
1271 3218 1315 3272 si
1372 3219 1631 3272 virtutum
1672 3219 1839 3274 armis
1865 3255 1908 3314 ο
1941 3232 2120 3284 tatem,
2161 3235 2338 3273 omnes
2357 3217 2588 3287 justitia:
2615 3219 2728 3284 ejus
2767 3213 3048 3267 tradentur
3089 3209 3338 3265 oblivioni
3361 3207 3441 3275 3’;
3468 3215 3526 3264 et

254 3298 329 3354 sit
354 3299 664 3355 destitutus.
705 3300 770 3356 Et
798 3303 1256 3372 quemadmodum
1299 3305 1411 3378 (17)
1437 3307 1480 3361 si
1505 3321 1630 3375 pars
1661 3307 1835 3378 aliqua

254 3392 396 3446 muri
439 3392 725 3458 corruerit,
764 3394 948 3450 hostes
977 3397 1031 3451 in
1066 3398 1259 3453 urbem
1292 3413 1390 3468 per
1435 3399 1582 3456 illam
1626 3401 1836 3471 ingredi

257 3491 536 3552 poterunt,
561 3482 690 3539 licet
722 3494 891 3555 porta:
924 3487 1302 3542 custodiantur
1329 3507 1341 3542 :
1369 3490 1440 3544 ita
1487 3491 1531 3545 si
1562 3493 1685 3560 quis
1711 3492 1840 3547 aedi-

257 3572 367 3627 licii
409 3575 707 3644 spiritualis
750 3579 1150 3647 propugnacula
1203 3580 1382 3650 aliqua
1437 3594 1505 3636 ex
1550 3592 1702 3652 parte
1744 3597 1842 3653 per

255 3665 451 3721 vitium
497 3679 592 3723 aut
639 3668 901 3738 flagitium
950 3671 1164 3741 aliquod
1223 3673 1364 3728 sinat
1399 3689 1677 3739 corruere,
1713 3676 1841 3732 licet

258 3773 516 3815 sensuum
552 3773 742 3830 portas
778 3764 978 3834 alioqui
1015 3765 1304 3836 diligenter
1338 3769 1627 3832 custodiat,
1659 3778 1839 3825 tamen

256 3854 602 3910 adversarius
635 3855 880 3911 diabolus
909 3857 1227 3928 ingreditur,
1257 3868 1312 3913 et
1338 3861 1534 3914 evertit
1567 3861 1769 3917 omnia.

331 3943 468 3998 XIII.
511 3945 696 4016 Neque
725 3963 856 4002 vero
881 3949 994 4005 haec
1027 3949 1144 4019 ipse
1176 3951 1448 4021 contingo,
1481 3952 1576 4007 sed
1613 3953 1725 4023 ipsa
1757 3961 1840 4008 te-

259 4047 439 4093 statur
465 4037 643 4093 divina
674 4038 956 4111 Scriptura
985 4060 998 4096 :
1030 4041 1098 4095 Et
1135 4043 1269 4097 dixit
1303 4042 1443 4098 Deus
1477 4043 1592 4100 Noe
1619 4060 1637 4099 :
1666 4045 1735 4100 Te
1758 4064 1844 4102 so-

257 4128 366 4182 lum
404 4131 458 4183 in
497 4131 594 4184 hac
657 4135 993 4202 generatione
1037 4137 1143 4189 uidi
1192 4138 1402 4207 justum
1462 4149 1620 4210 atque
1669 4141 1842 4210 perfe-

259 4232 402 4275 ctum
427 4223 505 4287 7‘;
543 4223 777 4280 Abrahae
813 4240 938 4280 vero
971 4244 985 4282 :
1022 4228 1268 4292 Ambula,
1311 4231 1502 4299 inquit,
1531 4247 1710 4284 coram
1739 4249 1840 4298 me,

255 4322 305 4366 et
331 4323 442 4367 esto
486 4315 768 4384 perfectus,
811 4328 857 4370 et
897 4334 1088 4386 ponam
1135 4329 1344 4387 pactum
1381 4337 1552 4375 meum
1591 4333 1756 4377 tecum
1790 4327 1845 4379 in

255 4405 627 4472 sempiternum
650 4406 731 4472 7';
765 4415 822 4474 et
857 4405 1005 4460 Isaac
1036 4407 1359 4462 benedicens
1393 4407 1502 4462 lilio
1528 4423 1625 4463 suo
1652 4407 1847 4472 Jacob,

258 4495 425 4559 Deus,
454 4498 646 4568 inquit,
685 4515 827 4553 meus
861 4500 1157 4552 corroboret
1184 4509 1253 4564 te,
1285 4501 1447 4553 donec
1476 4502 1646 4570 possis
1671 4502 1844 4572 facere

1940 3307 2232 3380 Apostolus
2280 3325 2294 3362 :
2343 3305 2655 3369 Modicum,
2707 3301 2919 3374 inquit,
2984 3299 3301 3370 fermentum
3357 3304 3526 3352 totam

1940 3415 2171 3455 massam
2215 3398 2498 3466 corrumpit
2523 3397 2590 3450 ⁸⁸.
2641 3395 2880 3450 Ananias
2923 3403 3101 3449 autem
3146 3401 3202 3448 et
3257 3389 3525 3462 Sapphira

1943 3509 2080 3546 uxor
2103 3492 2242 3560 ejus,
2265 3504 2388 3545 cum
2426 3490 2769 3543 fraudassent
2810 3488 2878 3543 de
2907 3488 3081 3557 pretio
3101 3485 3218 3556 agri
3252 3484 3532 3540 mentien-

1942 3595 2044 3651 tes,
2075 3593 2295 3654 repente
2334 3581 2650 3637 ceciderunt
2687 3566 2813 3634 ante
2855 3580 3017 3650 pedes
3047 3577 3445 3648 apostolorum,
3469 3582 3526 3631 et

1941 3673 2372 3746 exspirarunt".
2409 3672 2464 3729 Si
2496 3671 2826 3743 quis,inquit
2855 3669 3114 3736 Jacobus,
3157 3678 3327 3723 totam
3351 3667 3516 3738 legem

1941 3768 2215 3823 servaverit
2245 3808 2260 3833 ,
2305 3766 2581 3835 offenderit
2650 3774 2828 3818 autem
2889 3763 2946 3816 in
3007 3777 3151 3827 uno,
3221 3760 3392 3829 factus
3449 3765 3528 3812 est

1945 3861 2174 3917 omnium
2201 3877 2319 3915 reus
2337 3859 2406 3918 ⁸⁸.
2438 3850 2706 3914 Admonet
2730 3870 2830 3913 nos
2855 3855 2998 3911 Deus
3017 3864 3076 3908 ut
3097 3853 3165 3908 ad
3195 3867 3254 3908 se
3274 3865 3371 3906 nos
3399 3865 3528 3905 con-

1943 3970 2264 4010 vertamus:
2300 3953 2368 4008 In
2405 3970 2508 4024 qua
2546 3952 2666 4014 die,
2716 3948 2970 4020 inquiens
3018 3961 3116 4016 per
3160 3941 3526 4003 Ezechiele"),

1944 4048 2252 4103 converterit
2304 4063 2358 4101 se
2395 4046 2588 4115 impius
2613 4053 2645 4097 α
2672 4043 2754 4096 via
2795 4039 3078 4107 impietatis
3109 4051 3241 4099 sua',
3273 4045 3320 4088 et
3349 4031 3534 4100 fecerit

1935 4140 2212 4210 justitiant
2243 4148 2290 4192 et
2320 4138 2612 4206 judicittm,
2638 4133 2978 4204 iuiquitatum
3007 4129 3119 4199 ejus
3151 4144 3251 4180 non
3281 4126 3530 4181 recorda—

1946 4233 2059 4295 bor,
2083 4233 2175 4285 sed
2196 4231 2299 4284 vita
2328 4231 2478 4283 vit-et.
2511 4228 2648 4292 Quia
2673 4224 2793 4279 nolo
2833 4231 3052 4276 mortem
3100 4217 3410 4287 peccatoris,
3434 4215 3527 4270 sed

1944 4326 2116 4393 potius
2146 4336 2200 4376 ut
2241 4331 2553 4382 revertatur,
2580 4329 2626 4372 et
2651 4318 2783 4372 vivat
2804 4315 2872 4370 '9.
2910 4312 3049 4366 Dicit
3075 4311 3329 4364 Dominus
3347 4307 3529 4364 Deus:

1946 4413 2340 4476 Convertimini,
2357 4417 2733 4466 convertentes.
2753 4405 2862 4461 Cur
2879 4404 3051 4458 interit
3071 4402 3257 4456 domus
3277 4396 3530 4454 Israel”?

1947 4507 2010 4562 Et
2067 4505 2324 4563 Ieremias
2360 4522 2373 4557 :
2410 4499 2813 4562 Convertimini,
2850 4495 3046 4565 inquit,
3084 4494 3153 4546 ad
3194 4508 3298 4555 me,
3339 4491 3533 4545 domus

256 4605 462 4643 onmem
504 4591 818 4645 voluntatem
873 4591 1068 4660 ejus".
1100 4592 1163 4646 Et
1203 4593 1256 4646 in
1299 4592 1550 4649 Nutueris
1581 4595 1840 4664 scriptum
1874 4607 1919 4661 1)
1952 4595 2144 4660 Israel,
2198 4604 2246 4647 et
2293 4593 2553 4662 propitius
2598 4607 2686 4644 ero
2738 4587 2904 4652 vobis,
2934 4585 3062 4638 dicit
3094 4581 3443 4648 Dominus";
3474 4587 3532 4636 et

256 4691 340 4736 est
371 4697 384 4733 :
419 4681 606 4737 Omnis
647 4684 735 4753 qui
763 4694 936 4738 uotum
975 4683 1127 4737 habet
1162 4699 1319 4754 super
1345 4701 1420 4748 se,
1454 4701 1508 4739 se
1543 4685 1712 4753 ipsum
1747 4701 1844 4737 cu-

256 4778 474 4842 stodiat,
518 4793 608 4830 nec
655 4779 830 4830 riuum
879 4775 1052 4842 bibat,
1094 4785 1184 4829 aut
1223 4790 1428 4829 ace:um
1458 4792 1522 4829 ea:
1565 4777 1705 4841 vino,
1752 4785 1842 4828 aut

257 4855 510 4946 quidquid
545 4872 801 4925 inebriare
855 4881 1042 4935 potest,
1074 4886 1234 4936 usque
1283 4871 1353 4922 ad
1393 4869 1603 4924 acinum
1638 4868 1839 4932 urar";

257 4975 316 5020 et
352 4965 404 5018 in
453 4963 909 5018 Deuterouomio:
943 4960 1000 5015 Si
1033 4964 1242 5026 exieris,
1271 4960 1466 5030 inquit,
1507 4963 1576 5014 ad
1611 4977 1843 5032 pugnam

256 5066 441 5110 contra
489 5056 819 5109 adversarios
859 5066 1000 5117 tuos,
1048 5055 1251 5109 custodi
1284 5062 1333 5106 te
1375 5055 1545 5122 ipsum
1595 5054 1658 5108 ab
1699 5055 1841 5108 omni

258 5165 492 5202 sermone
524 5159 569 5201 et
605 5164 754 5212 apere
788 5148 947 5212 malo,
973 5148 1137 5202 donec
1165 5147 1412 5201 tradatur
1443 5148 1688 5202 inimicus
1719 5158 1841 5200 tuus

261 5241 318 5292 in
348 5256 534 5294 manus
568 5249 688 5294 tuas
704 5241 774 5294 ⁷⁵.
811 5238 980 5294 Porro
1017 5256 1082 5294 ea:
1116 5241 1199 5294 Itis
1253 5251 1444 5309 septem
1474 5240 1713 5309 gentibus
1749 5256 1840 5294 ne-

259 5331 456 5386 minem
485 5335 698 5386 omnino
739 5335 1000 5402 captivum
1034 5335 1284 5402 seruabis,
1316 5350 1380 5388 ne
1409 5335 1595 5388 doceat
1643 5343 1692 5388 te
1720 5349 1842 5402 pec-

333 5487 380 5518 "
408 5485 566 5541 .loan.
601 5503 722 5550 χιιι,
756 5487 844 5543 55.
945 5488 989 5520 ⁷⁸
1018 5488 1154 5542 Gen.
1185 5504 1284 5548 vn.
1319 5487 1370 5540 1.

264 5571 426 5620 xxm,
451 5562 505 5612 9.
582 5559 630 5590 "
661 5561 814 5611 Deut.
849 5575 941 5625 xx,
970 5559 1160 5614 16-18.
1235 5559 1279 5590 ⁷⁷
1305 5560 1458 5612 Deut.
1491 5574 1588 5622 vn,
1615 5559 1706 5612 39..

258 5627 309 5699 ξ’
343 5627 358 5680 l
396 5629 527 5698 lleg.
557 5643 644 5699 xv,
671 5627 739 5683 15
771 5643 893 5699 sqq.
995 5628 1042 5660 ⁸³
1071 5629 1085 5682 I
1121 5628 1252 5697 Reg.
1287 5644 1398 5693 XIV,
1433 5628 1523 5683 57.

262 5696 440 5824 :‘sqéj.
482 5696 558 5732 '“
581 5697 699 5757 Jac.
732 5714 796 5765 tt,
817 5696 926 5755 ’t‘o.
1002 5699 1049 5731 "
1074 5696 1272 5755 Ezech.
1301 5715 1465 5765 xviii,
1493 5699 1688 5766 21-23,
1728 5700 1818 5756 32.

302 5807 424 5834 ’νο

1463 5488 1510 5520 τ’
1542 5487 1678 5544 Gen.
1721 5504 1858 5550 xvu.
1907 5491 1958 5546 1.

1491 5574 1588 5614 vtl.
1615 5559 1706 5612 39..
1786 5560 1833 5592 ⁷⁸
1857 5560 1986 5614 ibid.
2015 5559 2050 5611 2

1857 5577 1986 5613 IIII“.
2015 5577 2072 5611 Ζ.

1622 5577 1706 5612 z's.
1790 5577 1833 5592 συ
1857 5577 1986 5614 mnu.
2015 5577 2042 5611 2

1622 5629 1670 5661 “
1698 5629 1872 5685 Eccle.
1906 5646 1959 5693 ιι,
1990 5629 2042 5682 1.

1913 5701 1960 5733 ⁸ο
1989 5699 2186 5757 Ezech.
2223 5713 2419 5766 χχχιιι,
2457 5697 2545 5753 Il.

1951 4689 2091 4741 idem
2153 4702 2378 4740 rursus:
2434 4681 2693 4752 Nunquid
2724 4682 2816 4751 qui
2854 4680 3062 4741 cecidit,
3094 4695 3200 4732 non
3255 4674 3532 4744 resurget!

1946 4789 1996 4833 et
2025 4778 2115 4847 qui
2169 4793 2378 4830 aversus
2411 4788 2512 4838 est,
2544 4791 2650 4827 non
2678 4770 3000 4828 revertetur?
3032 4769 3210 4835 Quare
3231 4784 3352 4838 ergo
3382 4782 3532 4820 auer-

1949 4886 2039 4922 sus
2068 4877 2140 4922 est
2171 4868 2393 4936 populus
2418 4866 2514 4919 istc
2535 4863 2800 4918 aversione
2824 4860 3148 4914 contentiosa
3165 4859 3190 4911 Ρ
3225 4858 3533 4928 Appreltett-

1952 4965 2140 5016 derunt
2168 4961 2522 5022 mendacium,
2553 4967 2601 5011 et
2629 4955 2909 5010 noluerunt
2938 4953 3126 5006 reverti
3167 4955 3235 5005 ad
3277 4967 3378 5013 me,
3403 4949 3532 5003 dicit

1955 5056 2232 5108 Dominus.
2263 5051 2641 5107 Convertimini
2674 5051 2743 5103 ad
2784 5065 2889 5113 me,
2938 5056 2988 5102 et
3033 5064 3125 5117 ego
3163 5055 3436 5100 convertar
3462 5044 3532 5096 ad

1951 5164 2043 5201 vos
2063 5147 2149 5211 ";
2185 5155 2240 5201 et
2268 5143 2531 5199 Dominus
2559 5161 2574 5198 :
2601 5142 2662 5199 Si
2701 5141 3032 5206 dimiseritis,
3079 5139 3272 5208 inquit,
3308 5137 3532 5191 homini-

1951 5243 2042 5294 bus
2089 5247 2305 5308 peccata
2345 5253 2566 5302 eorum,
2607 5236 2834 5290 dimittet
2882 5244 2929 5286 et
2973 5233 3113 5287 vobis
3162 5227 3329 5282 Pater
3370 5237 3535 5280 uester

1951 5332 2170 5387 caelestis
2207 5340 2422 5400 peccata
2457 5338 2648 5386 uestra.
2675 5327 2829 5393 Quod
2855 5326 2899 5380 si
2925 5340 3028 5378 non
3068 5320 3400 5385 dimiseritis,
3441 5335 3533 5371 nec

3287 5476 3333 5508 "
3376 5475 3528 5530 Deut.

3209 5547 3252 5580 ³⁸
3281 5547 3410 5602 ibitl.
3443 5544 3530 5600 15.

3251 5618 3296 5650 ⁸⁷
3325 5619 3444 5672 Act.
3480 5629 3530 5682 ν,

3173 5689 3222 5724 ’³
3265 5685 3380 5746 Jer.
3409 5701 3532 5756 uti,

2062 5487 2107 5519 ⁷³
2133 5484 2267 5542 Gen.
2307 5499 2502 5548 xxviii,
2525 5485 2580 5540 ‘5.
2681 5482 2728 5514 ⁷⁸
2756 5480 2916 5536 Num.
2949 5495 3022 5544 vt,
3053 5479 3110 5545 Ξ,
3137 5479 3192 5533 3.

2187 5557 2232 5588 "’
2257 5555 2369 5611 Jos.
2401 5570 2476 5620 vt,
2502 5555 2592 5609 17.
2704 5552 2753 5584 ⁸⁸
2777 5551 2891 5606 .Ios.
2923 5567 3016 5617 vit,
3046 5551 3099 5605 8.

2121 5629 2168 5661 ⁸⁸
2194 5627 2389 5683 Ezech.
2421 5641 2577 5693 xviii,
2609 5624 2700 5679 24.
2797 5623 2843 5654 ⁸⁸
2869 5621 2989 5678 Gal.
3018 5639 3068 5684 v,
3103 5620 3157 5676 9.

2121 5700 2186 5756 :h.
2223 5713 2419 5760 χχχιιι,
2457 5697 2545 5753 Il.
2637 5695 2681 5728 "
2708 5692 2815 5750 Jer.
2851 5708 2934 5760 ιιι,
2985 5694 3074 5748 22.

338 5925 454 5997 (l7)
492 5925 559 5982 Et
617 5927 1078 5998 quemadmodum,
1137 5935 1242 5986 etc.
1278 5925 1465 5985 Grates
1519 5924 1662 5984 inira
1692 5927 1726 5982 l.
1761 5941 1835 5994 c.,
1883 5941 2002 5998 cap.
2043 5925 2137 5984 15.
