3888 6284
261 277 400 335 1185

1347 279 1404 334 S.
1449 275 1654 333 lSAlrE
1697 273 1994 332 ABBATIS
2030 277 2444 336 ORATIONES.

3367 289 3508 346 H86

259 401 418 446 notem
445 391 786 448 accedamus.
812 392 994 462 Neque
1021 393 1162 448 enim
1188 407 1369 449 :rncus
1393 407 1612 462 serpens
1640 392 1824 446 vulne-
1853 394 1900 450 Α
1926 390 2042 459 ejus
2084 391 2137 447 in
2180 408 2274 448 ore
2325 401 2511 448 nostro
2571 391 2864 448 dulcescat.
2895 390 3199 463 Disciplina:
3233 394 3403 465 ipsius
3421 397 3513 464 ju-

259 493 408 556 ratos
449 484 697 545 curabat,
731 483 834 538 nisu
864 500 953 553 qui
985 486 1040 538 ln
1075 500 1196 539 eum
1230 485 1594 555 respexissent
1610 483 1651 538 ⁸.
1679 483 1826 537 Mulli

254 574 400 628 enim
432 574 715 637 increduli,
757 582 1000 646 neglecto
1047 575 1139 630 Dei
1182 589 1453 641 sermone,
1485 569 1530 629 ia
1567 576 1832 645 serpenti-

255 665 356 720 bus
400 668 492 721 icti
544 669 934 731 moriebantur,
977 679 1035 723 ιιι
1060 678 1290 724 testatur
1315 669 1604 740 Apostolus
1634 687 1646 722 :
1675 671 1741 723 Et
1767 686 1830 724 ue

255 766 534 822 tentemus,
569 759 839 829 inquiens,
868 764 1183 825 eum,.sicut
1213 763 1290 815 illi
1325 772 1673 827 tentaverunt,
1709 772 1755 816 et
1796 779 1826 814 a

251 850 582 917 serpentibus
606 863 725 904 sunt
755 852 1012 922 interfecti
1031 854 1071 908 '.
1102 854 1314 918 Cernis,
1350 853 1540 918 frater,
1570 855 1672 910 hoc
1700 857 1828 909 item

256 949 498 1010 tempore
534 951 812 1010 serpentes
854 943 906 997 in
953 959 1140 999 eorum
1191 946 1446 1001 cordibus
1492 946 1692 1012 inesse,
1737 947 1829 1016 qui

255 1037 467 1085 tentare
504 1031 692 1086 volunt
720 1030 1004 1088 Dominum
1034 1033 1252 1090 Iesum?
1277 1036 1510 1103 Quinam
1542 1046 1668 1092 sunt
1697 1037 1827 1093 isti?

253 1123 333 1178 Illi
390 1126 645 1198 nimirum
701 1127 790 1196 qui
838 1127 1092 1181 mandata
1120 1127 1236 1196 ejus
1271 1129 1573 1198 requirunt,
1609 1144 1729 1183 cum
1768 1145 1830 1184 ea

254 1217 431 1272 nolint
459 1219 766 1273 observare.
801 1219 1055 1283 Accessit,
1081 1219 1278 1288 inquit,
1310 1219 1380 1272 ad
1401 1236 1516 1273 eum
1536 1237 1674 1274 unus
1699 1237 1726 1274 e
1755 1219 1830 1274 Ie-

250 1310 511 1378 gisperitis
541 1321 744 1366 tentans
783 1325 925 1376 eum,
949 1323 998 1366 et
1035 1312 1211 1366 dicens
1241 1327 1260 1367 :
1289 1312 1560 1382 Magister,
1586 1313 1724 1384 quod
1755 1324 1828 1368 est

250 1417 500 1472 magnum
532 1411 578 1456 et
603 1403 827 1471 primum
854 1407 1160 1456 utandatum
1183 1405 1234 1457 in
1261 1404 1414 1473 lege?
1443 1404 1542 1459 Cui
1565 1407 1827 1474 respondit

249 1491 408 1545 Jesus
436 1508 455 1547 :
486 1492 682 1562 Diliges
717 1492 995 1546 Dominum
1040 1493 1209 1551 Deum
1243 1504 1389 1548 tuum
1425 1513 1490 1550 ea:
1525 1505 1630 1550 toto
1675 1499 1831 1552 corde

250 1593 364 1650 tuo,
393 1599 457 1637 ea:
489 1594 596 1637 tota
631 1585 812 1638 anima
845 1593 958 1651 tua,
991 1595 1037 1639 et
1084 1586 1381 1654 proximum
1418 1597 1588 1653 tuum,
1621 1590 1752 1643 sicut
1781 1600 1832 1643 te

251 1676 443 1740 ipsum.
481 1673 548 1727 In
581 1676 661 1728 his
689 1676 890 1730 duobus
932 1679 1202 1743 prwceptis
1235 1679 1477 1732 universa
1515 1680 1600 1734 lex
1622 1683 1828 1747 pendet,

248 1779 296 1820 et
319 1766 582 1835 propheta:
602 1764 846 1820 “.Vides
866 1780 960 1820 eos
987 1767 1077 1836 qui
1102 1778 1350 1836 quaerunt
1377 1779 1432 1823 et
1463 1784 1566 1824 non
1598 1771 1824 1837 faciunt,
1865 1748 1907 1808 Β

253 1866 553 1912 tentatores
589 1857 846 1927 appellari
877 1857 1132 1926 quoniam
1181 1873 1330 1913 aeneo
1363 1861 1603 1930 serpenti
1639 1862 1827 1918 nolunt

254 1947 499 2011 credere,
521 1948 613 2017 qui
644 1955 820 2018 potest
849 1962 943 2002 eos
977 1961 1008 2001 ιι
1042 1948 1302 2016 pestifero
1329 1951 1527 2006 occulti
1555 1953 1826 2023 serpentis

251 2054 436 2094 morsu
470 2053 682 2094 curare.

325 2131 487 2187 XVII.
529 2132 636 2186 Cor
668 2132 828 2200 igitur
865 2141 1012 2187 tuum
1063 2134 1344 2197 conllrma,
1381 2145 1436 2190 et
1476 2151 1544 2191 ne
1575 2137 1820 2192 dixeris:

251 2223 534 2289 Quomodo
565 2238 784 2292 possum
821 2223 938 2292 ejus
966 2226 1215 2279 mandata
1243 2240 1481 2292 servare,
1505 2243 1626 2282 cum
1663 2228 1826 2284 homo

249 2321 504 2382 peccator
545 2313 684 2368 sim?
735 2312 835 2379 Qui
883 2311 1026 2367 enim
1079 2311 1358 2369 confessus
1410 2313 1575 2368 fuerit
1605 2324 1824 2383 peccata

251 2420 350 2458 sua
375 2419 506 2459 sese
535 2412 856 2458 convertens
883 2403 950 2456 ad
979 2401 1147 2456 Deum
1180 2416 1276 2470 per
1308 2402 1708 2472 paenitentiam,
1741 2418 1823 2459 re-

248 2494 617 2562 generabitur.
647 2491 796 2547 Sicut
824 2493 1143 2561 portavimus
1176 2492 1455 2562 imaginem
1491 2495 1703 2559 terreni,
1741 2495 1824 2548 in-

247 2585 368 2655 quit
392 2584 702 2654 Apostolus,
720 2593 985 2653 portemus
1018 2595 1064 2637 et
1096 2584 1372 2653 imaginem
1395 2585 1692 2640 catastis“.
1715 2585 1823 2640 Po-

255 2685 522 2743 testatem,
560 2687 619 2732 nt
648 2677 822 2742 vides,
859 2676 1004 2730 dedit
1037 2675 1238 2731 homini
1276 2676 1441 2740 Deus,
1474 2685 1532 2730 ut
1577 2692 1674 2746 per
1712 2691 1826 2747 pte-

253 2767 537 2822 nitentiam
571 2767 911 2831 immutetur,
940 2776 993 2820 et
1023 2776 1164 2821 totus
1199 2781 1294 2835 per
1318 2767 1463 2821 illam
1505 2783 1676 2823 novus
1709 2768 1824 2822 clli-

249 2861 448 2915 eiatnr.
477 2859 669 2925 Mater,
691 2862 815 2913 dum
835 2858 1012 2914 infans
1041 2869 1127 2914 est
1152 2860 1203 2914 in
1229 2860 1352 2914 sinu
1376 2874 1496 2923 suo,
1531 2860 1678 2914 illum
1707 2875 1824 2916 ser-

179 2963 188 2967 ·
251 2963 342 3007 vat
365 2953 434 3007 ab
465 2953 611 3008 omni
644 2951 805 3006 malo.
837 2952 895 3006 Si
933 2953 1098 3022 luget,
1137 2966 1426 3006 mammam
1465 2952 1687 3021 praebet.
1720 2952 1821 3006 Le-

249 3047 390 3100 viter
411 3045 664 3114 colaphos
689 3043 900 3113 infligit,
933 3053 993 3096 ut
1020 3057 1144 3097 cum
1179 3043 1374 3099 timore
1412 3043 1494 3098 lac
1523 3053 1700 3114 sngat,
1725 3058 1821 3099 nec
1848 3078 1894 3138 ο

249 3145 542 3192 contumax
569 3137 784 3192 evadat.
811 3135 1054 3192 Flentem
1095 3135 1372 3207 complexu
1399 3145 1453 3189 et
1477 3137 1668 3191 osculo
1693 3151 1825 3192 con-

249 3230 476 3284 ectatur.
507 3229 640 3283 Eum
678 3238 734 3283 nt
773 3243 887 3294 cor,
923 3239 980 3284 et
1012 3231 1219 3285 viscera
1253 3228 1491 3297 propria,
1547 3227 1718 3297 diligit
1771 3237 1826 3282 et

248 3321 418 3385 fovet,
470 3330 524 3376 et
569 3321 636 3374 ad
687 3321 926 3391 sugenda
961 3320 1129 3376 ubera
1172 3321 1388 3374 invitat.
1427 3319 1482 3374 Si
1515 3336 1705 3374 aurum
1737 3319 1823 3374 in-'

251 3415 412 3482 fanti,
435 3424 527 3468 aut
546 3422 849 3483 argentum,
879 3421 973 3466 aut
993 3412 1305 3480 margarita,
1333 3412 1651 3481 autquidvis
1680 3411 1823 3484 aliud

245 3507 586 3571 ostendatur,
625 3506 818 3575 aspicit
866 3504 954 3559 ille
1001 3504 1245 3574 quidem,
1277 3505 1370 3560 sed
1407 3505 1459 3558 in
1496 3503 1673 3558 sinum
1708 3519 1825 3557 ma-

249 3600 352 3656 tris
409 3599 620 3667 fugiens
670 3597 851 3652 omnia
905 3597 1223 3662 contemnit,
1258 3605 1316 3649 ut
1381 3609 1672 3649 mammam
1707 3593 1824 3664 ejus

187 3693 192 3702 “
247 3689 632 3762 accipiat.Non
659 3692 837 3760 arguit
857 3706 977 3745 eum
1007 3699 1161 3758 pater
1186 3690 1325 3759 quod
1355 3687 1486 3741 nihil
1510 3697 1655 3757 agat,
1682 3687 1842 3756 quod.

248 3799 308 3840 se
341 3785 410 3838 ad
445 3783 644 3838 bellum
678 3799 784 3838 non
810 3782 1080 3849 conferat,
1110 3791 1166 3837 et
1194 3790 1393 3852 pugnet
1424 3795 1547 3835 cum
1578 3782 1824 3834 adversa-

249 3877 365 3930 riis.
397 3876 659 3942 Quoniam
690 3885 774 3930 cst
804 3875 1082 3944 parvulus,
1119 3891 1223 3929 non
1270 3882 1478 3942 potest;
1521 3874 1685 3943 pedes
1724 3875 1822 3929 ha-

247 3970 339 4025 bet
366 3968 456 4024 ille
480 3970 716 4038 quidem,
739 3970 832 4023 sed
865 3967 970 4023 illis
999 3968 1151 4022 inniti
1183 3983 1288 4022 non
1315 3967 1480 4022 valet.
1512 3965 1704 4023 Manus
1726 3967 1823 4021 ha-

247 4061 360 4123 bet,
390 4061 488 4114 sed
535 4075 682 4113 arma
715 4049 903 4128 nequit
936 4066 1192 4112 tractare.
1225 4056 1505 4111 Patienter
1531 4063 1816 4126 exspectat

249 4165 447 4218 mater,
487 4161 545 4206 ιιι
601 4152 858 4221 paulatim
908 4158 1140 4206 crescat.
1176 4148 1280 4204 Ubi
1315 4149 1588 4218 paululum
1627 4149 1820 4213 crevit,

247 4247 292 4298 si
331 4244 473 4298 forte
522 4257 641 4297 cum
679 4243 786 4296 alio
829 4242 1023 4298 luctari
1060 4241 1247 4304 voluit,
1284 4242 1562 4307 victusque
1604 4239 1818 4302 cecidit,

250 4347 353 4386 non
384 4330 635 4386 irascitur
661 4339 834 4400 pater,
862 4332 1114 4401 quoniam
1147 4345 1346 4398 parvus
1376 4339 1481 4385 est.
1510 4331 1580 4382 At
1611 4345 1732 4383 cum
1769 4331 1820 4382 in

1934 499 2056 554 gum
2121 485 2446 549 subeamus,
2511 493 2569 539 ut
2623 485 2792 539 nostri
2845 499 3032 541 curam
3083 495 3257 555 gerat.
3285 487 3511 554 Quodsi

1932 590 2053 629 etin:
2098 576 2345 632 hostibus
2382 577 2582 632 nostris
2626 579 3080 647 pugnaverimus,
3123 587 3179 634 et
3221 578 3297 634 illi
3327 595 3427 636 nos
3453 590 3515 636 ut

1932 664 2182 733 parvulos
2209 665 2496 720 afﬂixerint
2524 684 2538 734 ;
2580 667 2851 737 ploremus
2879 668 2931 722 in
2979 670 3102 724 sinu
3148 667 3266 738 ejus
3290 710 3307 737 ,
3334 679 3395 725 ut
3419 671 3511 726 illa

1933 767 2139 827 patrem
2169 768 2418 814 nostrum
2454 761 2520 815 ad
2547 775 2642 816 eos
2665 761 2755 830 qui
2788 777 2886 817 nos
2916 771 3135 829 vexant,
3169 761 3512 820 ulciscendas

1932 849 2267 904 exhortatur.
2312 849 2538 905 Omnem
2587 851 2765 906 cordis
2806 851 2974 906 nostri
3011 851 3346 907 voluntatem
3390 868 3510 910 am-

1932 949 2210 1010 putemus,
2252 949 2308 995 et
2354 957 2453 996 nos
2495 957 2616 998 esse
2654 943 2973 1012 peregrinos
3015 957 3120 997 non
3165 944 3398 1014 pigebit,
3451 955 3513 1000 ut

1934 1046 2031 1087 nos
2063 1040 2320 1102 tanquam
2360 1033 2635 1088 Abraham
2668 1043 2846 1088 servet
2884 1044 3048 1104 atque
3087 1035 3358 1091 defendat.
3395 1035 3510 1090 Ma-

1933 1124 2091 1179 nibus
2120 1125 2241 1194 ejus
2289 1140 2387 1180 nos
2433 1136 2490 1180 ut
2539 1125 2706 1182 Jacob
2754 1126 3141 1195 subjiciamns,
3180 1135 3238 1180 ut
3288 1142 3316 1179 a
3356 1135 3512 1197 patre

1933 1227 2120 1270 nosne
2172 1215 2601 1272 benedictionem
2658 1219 3027 1288 impetremus.
3065 1217 3379 1273 Voluntates
3415 1235 3511 1273 no-

1933 1317 2077 1363 stras
2102 1309 2462 1379 abnegemus,
2497 1318 2556 1363 ut
2585 1308 2794 1379 Moyses
2817 1349 2833 1374 ,
2867 1311 2956 1380 qui
2993 1311 3094 1366 sub
3120 1309 3235 1376 ejus
3265 1310 3511 1381 perfugio

1932 1411 2178 1458 servatus
2205 1413 2290 1459 est
2335 1404 2596 1460 adversus
2642 1406 2760 1461 illos
2797 1406 2886 1474 qui
2917 1420 3038 1461 eum
3085 1406 3389 1460 interlicere
3416 1420 3512 1460 cu—

1937 1495 2178 1564 piebant.
2205 1495 2281 1552 Ne
2315 1508 2725 1553 contemnamus
2757 1498 2898 1552 illam
2920 1538 2934 1563 ,
2968 1511 3034 1552 ne
3065 1498 3242 1552 oderit
3275 1513 3372 1552 nos
3404 1497 3513 1552 sic-

1936 1597 1990 1641 ut
2039 1589 2202 1644 Esau.
2275 1591 2631 1646 Sanctitatem
2680 1591 2796 1660 ejus
2845 1591 3253 1655 custodiamus,
3311 1600 3370 1643 ut
3415 1605 3513 1645 nos

1934 1680 2136 1734 exaltet
2184 1681 2238 1735 in
2290 1693 2433 1737 terra
2471 1681 2815 1735 inimicorum
2853 1690 3182 1742 nostrorum.
3234 1679 3361 1733 Eam
3395 1689 3514 1733 tan-

1938 1785 2098 1840 quam
2158 1772 2619 1842 propugnaculum
2675 1781 2986 1836 teneamus,
3049 1781 3109 1824 ut
3161 1771 3318 1826 Jesus
3371 1771 3512 1825 lilius

1931 1859 2098 1925 Nave,
2141 1863 2230 1931 qui
2278 1876 2414 1932 puer
2466 1878 2498 1918 e
2546 1861 2893 1918 tabernaculo
2941 1877 3048 1917 non
3110 1863 3507 1932 egrediebatur.

1926 1952 2140 2007 laertia:
2182 1953 2360 2007 locum
2406 1954 2457 2008 in
2487 1955 2648 2009 corde
2682 1963 2867 2010 nostro
2898 1969 2964 2008 ne
2998 1953 3370 2022 relinquamus
3391 1991 3405 2016 ,
3445 1965 3513 2006 ne

1933 2044 2129 2112 spoliet
2164 2059 2264 2100 nos
2289 2054 2445 2099 terrae
2473 2045 2849 2114 promissionis
2879 2045 3213 2100 haereditate.
3247 2043 3511 2100 Omnibus

1931 2133 1983 2187 in
2019 2132 2178 2188 rebus
2219 2134 2576 2190 humilitatem
2617 2136 3032 2204 amplectamur,
3070 2145 3123 2188 ut
3160 2135 3513 2204 quemadmo-

1927 2225 2054 2280 dum
2084 2225 2270 2293 Caleb,
2309 2225 2677 2297 ingrediamur
2711 2227 2764 2280 in
2806 2236 3003 2282 terram
3031 2226 3284 2282 liuentem
3329 2225 3411 2282 lae
3457 2236 3513 2282 et

1927 2312 2056 2367 mel.
2112 2311 2256 2368 Nihil
2309 2315 2631 2383 perditionis
2679 2316 3150 2386 concupiscamus,
3205 2329 3272 2370 ne
3319 2331 3513 2386 perea-

1929 2417 2068 2466 mus,
2103 2413 2161 2458 ut
2207 2404 2436 2458 Acham.
2470 2404 2730 2459 Amemus
2757 2404 2876 2472 ejus
2913 2404 3193 2459 stimulum
3223 2405 3513 2459 conscien-

1930 2496 2036 2561 tiae,
2071 2495 2161 2564 qui
2200 2495 2347 2550 omni
2402 2497 2535 2551 hora
2586 2511 2684 2551 nos
2731 2497 2954 2561 excitet,
3005 2505 3062 2550 ut
3110 2506 3292 2551 servet
3329 2511 3427 2551 nos
3459 2498 3514 2552 in

1927 2596 2170 2656 tempore
2200 2588 2535 2654 tentationis,
2559 2590 3018 2658 quemadmodum
3058 2586 3265 2643 Rahah.
3294 2587 3349 2643 lu
3385 2590 3512 2644 nu!-

1927 2680 1980 2735 lo
2003 2679 2105 2734 cibi
2139 2695 2338 2749 genere
2377 2680 2515 2750 gulae
2570 2680 2978 2750 indulgeamus,
3027 2696 3095 2736 ne
3141 2682 3331 2752 perdat
3369 2697 3470 2737 nos
3495 2723 3512 2748 ,

1929 2780 1986 2824 ut
2017 2771 2154 2825 filios
2185 2770 2322 2825 lleli.
2369 2771 2658 2826 Servemus
2704 2783 2803 2825 nos
2837 2769 3079 2839 integros
3123 2771 3192 2826 ab
3231 2771 3378 2826 omni
3405 2773 3514 2826 ini-

1927 2862 2155 2933 quitate,
2191 2861 2350 2917 sicuti
2401 2861 2643 2934 Samuel,
2705 2861 2796 2930 qui
2847 2861 2995 2916 nullo
3039 2863 3392 2918 conscientia:
3415 2863 3515 2919 sti-

1927 2954 2073 3009 mulo
2099 2953 2456 3022 pangebatur,
2475 2953 2618 3022 quod
2639 2953 2764 3007 mali
2786 2953 3060 3021 quidpiam
3089 2953 3308 3009 fecisset
3331 2956 3515 3024 prosi-

1929 3061 2017 3101 mo
2069 3061 2187 3101 suo.
2243 3046 2581 3109 Careamus,
2635 3059 2703 3100 ne
2755 3045 2958 3098 malum
3016 3045 3264 3113 proximo
3316 3047 3514 3100 redda-

1933 3154 2075 3202 mus,
2104 3146 2160 3191 ιιι
2193 3151 2291 3193 nos
2333 3153 2362 3191 a
2397 3136 2540 3192 malo
2585 3136 2886 3202 custodiat,
2918 3136 3375 3205 quemadmodum
3404 3138 3514 3192 Da-

1931 3231 2039 3285 vid.
2067 3231 2149 3284 Ab
2175 3231 2322 3284 omni
2370 3229 2631 3298 jactantia
2680 3238 2843 3298 atque
2900 3228 3048 3283 inani
3104 3228 3518 3300 gloria‘tempe-

1929 3337 2132 3389 remus,
2166 3337 2231 3376 ne
2267 3321 2450 3392 ejiciat
2479 3335 2579 3376 nos
2623 3335 2655 3375 a
2695 3319 2834 3376 facie
2862 3321 3033 3389 patris
3079 3320 3290 3386 nostri,
3324 3330 3384 3376 ut
3405 3321 3517 3375 Ah-

1931 3414 2122 3468 salom.
2155 3413 2522 3468 Humilitatem
2565 3421 2619 3466 et
2657 3413 2980 3483 gravitatem
3012 3411 3260 3469 colamus
3281 3454 3296 3481 ,
3330 3421 3388 3468 ut
3419 3413 3517 3468 ha-

1929 3506 2054 3560 beat
2112 3520 2211 3560 nos
2264 3505 2467 3559 ultores
2518 3504 2780 3559 adversus
2826 3503 3078 3559 inimicos
3107 3503 3279 3574 patris
3311 3503 3515 3566 nostri,

1928 3596 2378 3665 quemadmodum
2413 3595 2779 3651 Salomonem.
2810 3596 2971 3652 Omni
3023 3597 3074 3651 in
3104 3611 3164 3651 re
3190 3608 3288 3649 nos
3320 3592 3515 3662 subjici

1927 3691 2276 3755 Studeamus,
2327 3688 2570 3745 membra
2621 3699 2806 3744 nostra
2848 3692 2916 3744 ah
2963 3687 3218 3744 omnibus
3259 3687 3517 3760 operibus

1931 3783 2159 3837 mortuis
2190 3782 2505 3837 cohibentes
2530 3822 2546 3849 ,
2574 3790 2634 3836 ut
2668 3796 2763 3836 cor
2801 3790 3082 3837 strenuum
3121 3781 3385 3837 adversus
3415 3780 3516 3835 ini-

1935 3875 2109 3930 micos
2162 3884 2380 3928 nostros
2424 3873 2802 3938 obtineamus,
2837 3873 2978 3928 sicut
3016 3873 3160 3929 Elias
3209 3871 3516 3929 Thesbites.

1931 3965 2010 4022 Ne
2043 3967 2214 4021 simus
2244 3966 2424 4036 cupidi
2453 3966 2764 4035 voluptatis,
2790 3980 2858 4020 ne
2885 3980 2982 4021 nos
3009 3965 3200 4035 perdat
3223 3974 3281 4020 ut
3303 3964 3516 4021 Achan.

1929 4057 2080 4112 Totis
2107 4059 2312 4112 virihus
2359 4057 2425 4110 ad
2478 4067 2706 4112 mortem
2760 4071 2932 4125 usque
2965 4058 3392 4117 contendamus,
3448 4071 3518 4110 ne

1932 4163 2178 4206 sanctam
2212 4151 2384 4220 ipsius
2442 4151 2753 4204 amittamus
2799 4148 3193 4213 ltaareditatem,
3229 4147 3308 4201 uti
3341 4145 3518 4201 Nabut

1927 4243 2237 4298 Jezraelita.
2281 4241 2608 4298 Obedieutes
2641 4243 2812 4302 simus
2857 4239 3105 4311 patrihus
3136 4240 3352 4296 nostris
3401 4241 3518 4310 spl-

1932 4333 2220 4387 ritnalibus
2239 4374 2252 4397 ,
2287 4332 2596 4387 voluntates
2625 4341 2844 4386 nostras
2874 4330 3124 4386 omnibus
3156 4329 3208 4383 in
3236 4329 3398 4384 rebus
3424 4329 3517 4384 ah-

249 4426 422 4479 virum
453 4425 708 4491 evaserit,
739 4423 856 4492 ejus
883 4433 1108 4493 apparet
1144 4423 1316 4476 virtus
1355 4431 1410 4474 et
1435 4422 1699 4485 studium,
1734 4436 1822 4489 pa-
1855 4443 1902 4499 ι)
1938 4433 2192 4493 negantes
2215 4464 2229 4489 ,
2267 4424 2438 4477 donec
2478 4422 2584 4477 illis
2619 4421 2995 4492 subjiciamur,
3042 4431 3098 4474 ut
3129 4420 3194 4474 ad
3226 4418 3404 4474 Elistei
3445 4420 3517 4474 si—

249 4518 350 4572 tris
375 4517 625 4571 inimicos
656 4516 1018 4584 persequitur.
1049 4515 1202 4567 Tunc
1239 4513 1313 4567 illi
1343 4523 1496 4582 pater
1519 4515 1699 4567 omnia
1727 4530 1823 4569 sua

246 4609 538 4663 committit
593 4618 649 4662 et
704 4609 896 4673 credit,
953 4608 1208 4678 quoniam
1275 4607 1417 4661 lilius
1468 4616 1568 4661 est.
1599 4606 1751 4673 Quod
1785 4609 1832 4662 si

245 4712 369 4771 post
397 4715 584 4755 omnes
620 4700 831 4756 labores
871 4714 1008 4768 quos
1055 4701 1106 4754 in
1152 4715 1220 4756 eo
1253 4700 1544 4755 educando
1575 4709 1832 4768 parentes

247 4795 602 4865 pertulerunt,
635 4795 805 4848 fames
849 4801 941 4847 aut
972 4793 1144 4862 pestis
1176 4802 1269 4846 aut
1299 4792 1500 4846 bellum
1540 4792 1829 4862 ingruerit,

245 4902 299 4943 et
327 4890 415 4944 ille
445 4898 692 4958 parentes
723 4890 958 4949 deserat,
985 4900 1164 4955 neque
1213 4899 1402 4939 eorum
1441 4886 1710 4939 senectuti
1735 4899 1832 4936 ve-

249 4984 308 5036 lit
339 4980 640 5041 consulere,
695 4979 786 5033 sed
837 4993 958 5033 cum
1005 4978 1243 5031 inimicis
1290 4978 1504 5030 illorum
1536 4976 1835 5030 amicitiam

247 5076 413 5135 ineat,
454 5082 579 5124 tunc
605 5069 805 5124 atnoris
855 5069 1028 5132 obliti,
1058 5071 1216 5122 domo
1239 5068 1404 5121 lilium
1433 5067 1707 5136 ingratum
1733 5067 1834 5135 eji-

245 5167 417 5228 ciunt,
444 5171 498 5218 et
527 5163 761 5229 spoliant
789 5161 1130 5216 haereditate.

322 5253 504 5309 XVIII.
553 5253 616 5306 Et
648 5267 745 5305 nos
777 5252 961 5321 igitur,
992 5251 1221 5316 fratres,
1263 5264 1479 5319 operam
1525 5250 1744 5315 demus,
1777 5259 1836 5304 ut

249 5350 300 5402 in
350 5347 680 5416 paenitentiae
726 5344 980 5413 praesidio
1025 5344 1429 5408 consistamus,
1465 5358 1834 5412 sugamusque

249 5440 331 5493 lac
358 5457 387 5493 e
411 5440 614 5493 sanctis
653 5438 770 5505 ejus
801 5437 1090 5503 uberibus,
1122 5446 1179 5489 ut
1223 5451 1320 5489 nos
1352 5436 1466 5504 ipsa
1521 5435 1728 5488 nutriat
1783 5445 1838 5488 et

250 5535 445 5589 foveat.
478 5535 671 5587 Omnia
717 5545 836 5600 quae
882 5539 1194 5595 cernuntur,
1240 5543 1613 5598 aspernemur,
1649 5539 1709 5582 ut
1751 5528 1832 5582 lac

1933 4515 2327 4580 militudinem,
2373 4529 2560 4569 eorum
2608 4513 2913 4568 benedictio
2956 4513 3235 4568 nobiscum
3277 4523 3515 4566 maneat.

1935 4607 2011 4662 Ne
2034 4609 2207 4662 simus
2233 4606 2380 4659 avari
2409 4620 2583 4675 neque
2628 4603 2938 4667 mendaces,
2977 4613 3034 4657 ut
3071 4603 3379 4658 hominibus
3403 4602 3519 4672 pla-

1931 4714 2181 4764 ceamus,
2239 4713 2306 4753 ne
2363 4714 2462 4752 nos
2516 4696 2962 4768 perterrefaciat,
3013 4702 3071 4748 ut
3125 4694 3298 4749 Giezi.
3363 4693 3519 4748 Viros

1933 4793 2051 4861 pios
2097 4791 2272 4860 magis
2317 4805 2480 4860 quam
2527 4789 2890 4857 nosmetipsos
2957 4786 3210 4841 omnibus
3251 4786 3306 4838 in
3357 4785 3519 4840 rebus

1942 4883 2248 4950 diligamus,
2286 4891 2344 4934 ut
2377 4896 2473 4935 nos
2511 4878 2966 4950 quemadmodum
3000 4875 3394 4932 Sunamitidem
3422 4875 3520 4928 be-

1940 4973 2174 5028 nedicat.
2215 4971 2502 5028 Peccatum
2527 4971 2595 5025 ad
2624 4979 2854 5025 mortem
2887 4984 3059 5039 usque
3078 4968 3206 5024 odio
3236 4981 3518 5035 persequa-

1937 5078 2082 5127 mur,
2109 5071 2166 5116 ut
2192 5064 2246 5116 in
2277 5063 2366 5116 die
2405 5063 2750 5116 necessitatis
2771 5063 2913 5116 sicut
2951 5059 3254 5115 Susannam
3286 5073 3383 5112 nos
3428 5056 3518 5110 ad-

1932 5157 2106 5226 juvet.
2155 5155 2318 5210 Varia
2363 5155 2610 5211 ciborum
2657 5169 2852 5223 genere
2899 5171 2967 5208 ne
3005 5154 3323 5222 cupiamus,
3353 5161 3412 5203 ut
3445 5148 3518 5202 illi

1939 5249 2036 5318 qui
2078 5249 2256 5303 cibum
2308 5246 2376 5301 de
2417 5262 2601 5310 mensa
2650 5244 3149 5301 Nabuchodonosilr
3211 5235 3545 5311 capiebant.L

1936 5342 2244 5398 Afllictioue
2275 5341 2628 5408 gaudeamus,
2666 5348 2724 5393 ut
2763 5338 3009 5392 Azarias.
3042 5335 3120 5390 Ne
3153 5335 3324 5388 simus
3356 5333 3519 5387 astuti

1938 5447 1995 5489 et
2047 5434 2295 5498 caliidi,.
2335 5433 2475 5487 sicut
2527 5430 2807 5500 Babylonii
2854 5435 3252 5482 murmurantes
3324 5435 3514 5485 contra

1941 5531 2150 5586 ﬁdeles.
2195 5527 2521 5598 Expleamus
2565 5523 2866 5581 ministeria
2915 5531 3130 5586 nostra,
3177 5528 3238 5574 ut
3291 5514 3522 5582 Daniel,

323 5692 344 5724 '
380 5691 536 5747 Num.
566 5706 680 5758 nt,
705 5693 759 5759 8,
785 5691 836 5749 9.
899 5693 920 5723 ’
951 5689 972 5745 ι
998 5687 1119 5746 Cor.
1153 5704 1203 5758 ιι,
1231 5689 1284 5745 9.
1366 5687 1793 5762 *°_Matth.§xxn,
1818 5687 2008 5756 53,40.
2091 5689 2130 5719 “
2160 5687 2329 5744 lCor.
2362 5701 2449 5750 xv,
2479 5683 2570 5764 49.
