3888 6284
466 230 602 288 118Ἶ

1564 222 1848 280 .PATBES
1882 220 2184 280 EGYPTI!
2223 220 2498 281 SECULI
2534 222 2601 278 IV

3592 219 3706 278 1188

409 328 422 343 ἶ
461 343 716 418 corporis
755 340 986 417 ignavia:
1018 355 1125 396 non
1173 337 1542 409 indulgentes,
1575 338 1833 407 quoniam
1866 336 2055 392 maluit
2082 343 2131 400 Α
2162 337 2373 392 Domini
2411 339 2602 408 spiritu
2633 337 2700 391 ".
2744 337 2902 392 Nunc
2945 345 3123 392 autem
3157 336 3387 392 videmus
3423 354 3509 408 per
3555 353 3706 407 spers-

466 440 643 506 mori,
675 454 837 508 quam
888 437 1198 506 relinquere
1239 431 1506 488 sacrificia
1542 447 1662 500 qua:
1693 431 1937 500 quotidie
1974 429 2054 485 fa-

467 532 670 586 ciebat.
711 529 856 584 Deus
889 527 1034 584 enim
1077 525 1229 579 fortis
1259 534 1378 588 est,
1417 538 1624 593 eosque
1675 538 1704 576 a
1744 520 2055 585 tentatioui-

466 619 568 674 bus
626 627 848 681 servat,
903 631 931 667 a
989 614 1187 682 quibus
1233 612 1492 680 diligitur.
1541 611 1820 677 Improbos
1871 619 2052 662 autem

467 712 664 782 perdit.
713 708 852 763 Justi
883 721 1010 762 vero
1059 706 1193 760 fides
1243 706 1294 759 in
1340 703 1553 770 Deum,
1607 702 1752 756 feras
1786 700 1962 756 reddit
1996 708 2053 753 ut

467 817 638 872 agnus
671 802 874 855 ovium.
923 797 1249 853 Benedictus
1291 797 1430 850 Deus
1463 793 1792 866 paenitentia:
1817 834 1832 859 ,
1875 802 1928 847 et
1954 792 2052 846 be-

473 893 721 947 nedictus
751 907 778 944 a
816 890 955 955 Deo,
984 890 1078 959 qui
1121 888 1494 958 paenitentiam
1535 887 1737 957 diligit,
1774 895 1828 942 et
1852 885 2050 940 collum

471 984 690 1052 subiicit
715 982 973 1037 voluntati
1001 981 1152 1049 ejus,
1210 980 1381 1034 donec
1430 979 1664 1049 desuper
1705 986 2054 1049 regeneretur

471 1090 536 1130 es
568 1074 845 1128 voluntate
878 1071 993 1126 Dei.

543 1164 683 1220 XIX.
731 1165 941 1234 Magna,
993 1163 1184 1226 frater,
1227 1176 1365 1232 aptis
1403 1169 1486 1216 est
1530 1159 1736 1215 homini
1773 1160 2051 1240 diligentia

488 1268 546 1311 et
590 1256 794 1323 judicio
830 1264 887 1309 et
918 1253 1213 1322 vigilantia,
1265 1261 1322 1306 ut
1359 1267 1578 1306 omnem
1623 1267 1779 1306 suam
1810 1253 2052 1322 repudiet

466 1347 821 1410 voluntatem,
857 1354 913 1400 et
953 1356 1101 1398 recte
1145 1342 1360 1398 incedat
1406 1343 1458 1395 in
1491 1341 1743 1396 omnibus
1767 1341 1870 1396 viis
1909 1342 2050 1406 suis,

467 1456 537 1496 ne
561 1441 816 1505 aberret,
847 1446 901 1492 et
935 1437 1142 1492 incidat
1179 1436 1232 1490 in
1267 1451 1460 1490 manus
1494 1435 1734 1490 hostium
1779 1437 2052 1504 poeniten-

470 1533 579 1588 tite.
613 1531 714 1599 Qui
764 1547 823 1586 se
850 1531 1058 1600 justum
1093 1529 1373 1584 existimat
1395 1567 1410 1592 ,
1446 1527 1593 1582 illam
1636 1528 1914 1583 interficit.
1949 1527 2051 1597 Qui

460 1625 672 1694 jndicat
699 1631 1038 1692 peccatores,
1065 1635 1184 1673 eam
1219 1620 1536 1674 insectatur.
1569 1618 1670 1686 Qui
1701 1620 1927 1689 despicit
1953 1634 2051 1674 ne-

2155 427 2263 482 lum
2293 428 2346 480 in
2380 429 2678 498 tenigmate,
2704 437 2834 481 tunc
2871 429 3156 483 videbimus
3184 430 3352 498 ipsum
3382 430 3520 498 facit.
3550 432 3612 482 ad
3635 429 3704 497 {a-

2155 520 2286 575 ciem
2313 519 2377 572 ⁸³.
2411 521 2772 586 Quamobrem
2791 521 2984 576 animae
3023 536 3142 590 quae
3170 535 3383 590 sponszc
3406 520 3546 575 illius
3573 521 3698 587 fiunt,

2157 612 2210 664 in
2254 611 2501 666 castitate
2545 626 2604 666 se
2638 612 2784 683 ipsas
2830 621 3088 680 tanquam
3128 613 3179 666 in
3232 612 3455 682 speculo
3490 624 3701 668 content-

2155 702 2394 772 plantur,
2435 717 2502 758 ne
2543 703 2684 759 forte
2712 704 2893 774 aliqua
2930 704 2984 758 in
3016 703 3166 757 vultu
3207 703 3418 759 macula
3471 704 3702 770 resideat,

2155 808 2260 863 qua
2290 793 2612 864 diSpIioeant
2638 810 2842 864 Sponso
2875 810 2998 850 suo.
3043 793 3247 861 Quaerit
3275 796 3424 850 enim
3453 797 3541 850 ille
3568 798 3703 867 virgi-

2157 899 2253 938 nes
2292 885 2502 940 animas
2553 897 2754 950 castas,
2797 897 2853 941 et
2904 889 3169 954 mundas,
3223 888 3426 942 nullam
3478 888 3704 946 habentes

2157 978 2443 1031 maculam.
2483 977 2536 1032 ld
2569 982 2708 1046 quod
2752 979 2820 1032 de
2861 978 3106 1034 Rebecca
3148 982 3408 1050 scriptum
3453 990 3562 1044 est,
3587 983 3704 1050 quod

2154 1070 2298 1140 virgo
2327 1081 2436 1125 erat
2459 1071 2681 1139 pulchra
2708 1071 2856 1124 valde
2885 1071 2950 1136 ¹⁶,
2984 1073 3243 1132 nesciens,
3273 1072 3472 1126 virum.
3519 1073 3580 1127 Et
3599 1072 3705 1128 Pre-

2155 1163 2315 1230 phcta
2335 1179 2353 1216 :
2376 1164 2736 1228 Adducentur,
2764 1163 2959 1233 inquit,
2987 1165 3206 1234 virgines
3226 1147 3528 1233 posicam;
3559 1168 3704 1232 prosi-

2153 1269 2255 1306 mo:
2296 1253 2411 1321 ejus
2439 1254 2771 1308 adducentur
2805 1256 2904 1308 tibi
2934 1256 3001 1310 ".
3035 1285 3092 1294 —
3144 1257 3508 1324 Adducentnr,
3551 1257 3704 1311 habita

2156 1345 2514 1401 humanitatis
2545 1347 2773 1403 ratione.
2835 1349 3145 1417 Proxima,
3198 1349 3322 1419 quia
3347 1348 3704 1421 conjungentur

2154 1437 2277 1506 ipsi.
2312 1438 2500 1493 Sancti
2548 1440 2692 1493 enim
2739 1438 3086 1508 baptismatis
3134 1443 3476 1511 regeneratio
3518 1454 3704 1498 renovat

2153 1545 2248 1585 eas
2295 1530 2361 1584 ab
2400 1532 2547 1585 omni
2590 1541 2881 1586 vetustate.
2924 1531 2993 1586 Et
3038 1534 3356 1602 poenitentia
3389 1535 3508 1591 illas
3529 1537 3703 1591 sancti-

2156 1623 2314 1689 ficat,
2345 1633 2400 1677 et
2448 1639 2613 1691 puras
2656 1611 2893 1692 virgines
2940 1625 3137 1682 reddit.
3173 1625 3366 1682 Totius
3409 1629 3546 1682 enim
3576 1621 3703 1682 vctu-

467 1692 756 1787 gligentes,
782 1729 907 1769 eam
947 1711 1216 1766 dissolvit.
1250 1710 1326 1765 De
1361 1711 1462 1766 hac
1501 1710 1554 1764 in
1579 1709 1888 1766 Proverbiis
1910 1711 2048 1766 scri-
2083 1692 2123 1747 Β
2152 1717 2312 1770 statis
2349 1715 2764 1771 obliviscuntur.
2810 1716 2975 1780 Audi,
3009 1718 3202 1787 inquit,
3235 1719 3352 1786 ﬁlia
3377 1761 3393 1786 ,
3439 1731 3484 1773 et
3518 1721 3638 1785 ride,
3663 1730 3700 1774 et

468 1819 617 1878 ptum
642 1814 725 1861 est
751 1824 768 1862 :
806 1803 997 1859 Omnes
1028 1805 1126 1858 via:
1160 1804 1275 1874 ejus
1318 1813 1509 1868 rectaz;
1543 1802 1718 1857 cibum
1749 1803 1919 1857 otiosa
1947 1819 2051 1856 non

467 1898 726 1963 comedit;
762 1896 1068 1952 vestimenta
1115 1894 1353 1964 duplicia
1406 1893 1531 1963 fecit
1574 1893 1686 1948 viro
1727 1908 1860 1954 suo;
1906 1893 2054 1961 facta

467 2000 546 2044 est
593 1987 728 2042 velut
787 1986 935 2040 navis
963 1985 1218 2040 institoris
1275 1985 1339 2038 de
1389 1984 1538 2054 longe
1586 1995 1801 2052 portans
1841 1985 2050 2039 divitias

465 2097 591 2136 suas
625 2080 688 2132 “.
713 2080 792 2133 Ex
834 2078 917 2132 his
965 2077 1144 2154 verbis
1188 2075 1333 2129 illaut
1374 2076 1798 2131 conside-remus.
1847 2075 2051 2129 Merca-

471 2183 558 2228 tor
587 2171 678 2242 qui
709 2185 898 2225 navem
927 2177 1145 2230 onerat.
1176 2158 1280 2222 non
1309 2183 1483 2236 genus
1517 2181 1681 2220 unum
1715 2166 1971 2221 mercium
1999 2167 2050 2219 in

468 2279 588 2318 eam
626 2262 871 2330 conjicit,
918 2260 1012 2315 sed
1052 2259 1232 2316 omnia
1279 2273 1346 2312 ex
1384 2257 1579 2327 quibus
1616 2273 1676 2312 se
1714 2256 2049 2312 lucraturuiu

468 2364 673 2425 sperat.
725 2353 882 2419 Quod
908 2352 952 2406 si
985 2365 1146 2420 quam
1173 2353 1445 2420 jacturam
1474 2348 1669 2404 fecisse
1693 2349 1908 2414 viderit,
1932 2362 2049 2402 eam

469 2463 577 2503 non
635 2445 897 2507 imitatur,
954 2447 1052 2497 sed
1101 2458 1196 2496 eos
1247 2442 1426 2511 potius
1476 2456 1612 2510 quos
1664 2440 2054 2494 animadvertit

469 2538 666 2593 divites
687 2536 946 2590 evasisse.
991 2532 1232 2597 lncolas,
1284 2541 1339 2587 et
1382 2546 1520 2601 quos
1572 2529 1796 2584 minime
1838 2529 2052 2585 invidos

469 2631 790 2693 arbitratur,
845 2638 1000 2697 rogat
1050 2627 1235 2696 quanti
1284 2637 1620 2695 unaquaeque
1677 2637 1765 2678 res
1805 2621 1911 2678 emi
1959 2631 2054 2676 aut

468 2722 628 2776 vendi
663 2719 853 2790 possit.
886 2717 1033 2771 Talis
1069 2725 1156 2772 est
1195 2715 1373 2768 anima
1400 2755 1417 2782 ,
1466 2729 1586 2784 quae
1636 2711 1748 2768 Deo
1783 2729 1905 2767 cum
1957 2711 2051 2766 la:-

475 2811 592 2866 titia
635 2799 794 2879 cupit
818 2821 1133 2864 occurrere.
1178 2805 1292 2860 Non
1335 2819 1440 2858 una
1477 2819 1536 2859 re
1584 2813 1792 2859 tantum
1827 2813 2054 2858 conten-

471 2915 523 2958 ta
553 2911 658 2968 est,
685 2901 780 2956 sed
815 2899 996 2955 omnia
1025 2907 1306 2967 comparat
1333 2912 1398 2952 ex
1445 2896 1640 2966 quibus
1690 2897 1901 2950 lucrum
1931 2910 2055 2965 spe-

2153 1807 2352 1860 inclina
2389 1823 2570 1860 aurem
2609 1818 2758 1861 tuam
2779 1847 2795 1874 ,
2832 1820 2877 1862 et
2904 1809 3205 1863 obliviscere
3233 1811 3417 1878 pepuli
3457 1811 3532 1864 tui
3559 1821 3601 1864 et
3622 1813 3700 1864 do—

2152 1915 2298 1952 mum
2332 1900 2500 1963 patris
2559 1901 2638 1954 tui
2667 1917 2686 1954 :
2715 1911 2762 1954 et
2796 1903 3120 1970 concupiscet
3145 1918 3234 1956 rea:
3254 1904 3477 1971 speciem
3506 1902 3695 1959 tuam“.

2153 1992 2222 2046 Et
2254 1993 2551 2060 suspicieut
2592 1991 2734 2045 illam
2773 2007 2964 2047 omnes
2994 1995 3221 2050 virtutes
3277 1997 3574 2063 caelorum,
3603 2009 3700 2064 pro-

2155 2094 2275 2154 pter
2312 2084 2662 2149 munditiam,
2693 2099 2800 2152 qua
2842 2099 2961 2139 eam
2996 2087 3310 2155 ptenitentia
3339 2087 3630 2154 decoravit,
3659 2095 3700 2142 et

2156 2196 2321 2235 unmu
2373 2195 2496 2234 cum
2544 2179 2663 2249 ipso
2717 2195 2914 2248 corpus
2963 2179 3108 2232 illam
3158 2179 3358 2235 effecit.
3418 2182 3482 2236 Et
3508 2181 3697 2236 diceat:

2155 2274 2288 2339 Quae
2331 2283 2408 2327 est
2469 2273 2600 2340 ista,
2650 2289 2768 2344 qua:
2818 2274 3055 2327 ascendit
3105 2274 3353 2329 dealbata
3411 2277 3540 2331 inter
3585 2275 3699 2345 ﬁlias

2152 2365 2270 2434 ejus
2303 2365 2382 2418 "i

2224 2454 2367 2509 XXI.
2409 2454 2672 2511 Omnibus
2733 2469 2863 2525 ergo
2924 2456 3132 2512 viribus
3195 2458 3611 2528 contendamus,
3657 2465 3700 2510 ut

2153 2546 2412 2614 paulatim
2444 2546 2644 2600 veteris
2667 2546 2903 2600 hominis
2941 2547 3183 2602 actiones
3215 2562 3512 2614 exuamus;
3541 2561 3696 2603 cavea-

2155 2651 2278 2689 mus
2312 2651 2341 2688 a
2383 2635 2544 2690 rebus
2588 2635 2842 2689 omnibus
2877 2635 3228 2704 perditionis,
3279 2635 3457 2692 donec
3502 2638 3698 2691 charitas

2153 2725 2270 2793 ejus
2298 2726 2365 2780 ad
2407 2741 2506 2780 nos
2550 2726 2760 2790 veniat,
2796 2734 2850 2780 et
2903 2741 2959 2784 a.
3001 2728 3156 2782 nobis
3199 2729 3416 2783 auferat
3453 2730 3694 2798 imaginem

2157 2816 2356 2872 terreni
2404 2825 2459 2871 et
2499 2823 2744 2872 sanctam
2804 2817 2922 2886 ejus
2957 2819 3246 2889 imaginem
3297 2821 3430 2890 ligat
3475 2820 3525 2874 in
3568 2819 3696 2873 corde

2157 2919 2368 2974 nostro,
2405 2915 2463 2961 ut
2494 2909 2612 2977 puri
2635 2919 2691 2963 et
2731 2909 2924 2977 integri
2966 2912 3035 2964 ab
3067 2910 3212 2964 omni
3256 2913 3466 2966 macula
3498 2927 3558 2965 eo
3581 2908 3694 2978 digni

471 3005 591 3060 rat;
631 3007 695 3048 ea
733 3006 864 3047 vero
909 2990 1114 3060 respuit
1138 3004 1258 3059 qua:
1305 2990 1564 3044 damnum
1605 2987 1834 3042 allatura
1879 2989 2054 3057 suspi-

2158 3000 2476 3055 elliciatnur.
2508 3000 2595 3066 Et,
2631 3002 2766 3054 sicut
2798 3004 3119 3070 portavimus
3181 3004 3464 3074 imaginem
3517 3001 3696 3063 terreni,

467 3098 645 3144 catur.
681 3085 836 3140 Nunc
867 3083 1056 3154 igitur,
1087 3083 1158 3136 mi
1193 3081 1382 3146 frater,
1413 3081 1631 3152 quando
1674 3081 1884 3138 Domini
1920 3079 2050 3135 Jesu

469 3186 746 3236 mercator
787 3173 1016 3231 effectus
1044 3189 1138 3239 es,
1188 3175 1256 3229 ab
1303 3173 1409 3228 illis
1449 3172 1721 3227 mercibus
1755 3187 1887 3227 cave
1935 3189 2055 3242 quan

469 3273 704 3327 afferunt
774 3269 1184 3326 detrimentum.
1259 3265 1573 3336 Cujusmodi
1629 3275 1763 3318 sunt
1823 3265 2052 3318 humana

472 3363 669 3434 gloria,
701 3360 980 3432 superbia,
1013 3358 1347 3428 arrogantia,
1366 3355 1649 3426 jactantia,
1679 3354 1906 3408 irritatio
1933 3369 2058 3424 pro-

473 3458 606 3513 ximi
634 3495 651 3522 ,
685 3451 1070 3510 maledicentia
1098 3466 1130 3517 ,‘
1168 3450 1396 3504 avaritia
1423 3487 1440 3516 ,
1495 3448 1787 3503 discordia.
1830 3445 1957 3501 llzec
2004 3456 2058 3500 et

472 3550 560 3606 his
587 3547 790 3604 similia
837 3544 1068 3600 Domino
1107 3541 1237 3598 Jesu
1281 3541 1497 3610 placere
1543 3556 1654 3596 non
1699 3549 1944 3610 possunt.
1981 3539 2058 3594 Te

473 3623 672 3710 ipsum,
704 3635 894 3699 frater,
933 3633 1222 3689 considera
1252 3632 1563 3702 diligenter,
1596 3646 1788 3686 sensus
1823 3641 1943 3686 tuos
1971 3647 2061 3686 ex-

471 3731 669 3801 pende,
703 3737 763 3782 ut
783 3728 951 3791 scias,
980 3725 1234 3795 quisnam
1274 3739 1340 3778 ex
1379 3723 1486 3778 illis
1529 3731 1624 3777 aut
1656 3721 1769 3778 Deo
1803 3731 1898 3777 aut
1933 3737 2059 3792 pec-

473 3831 600 3878 cato
658 3819 894 3875 fructum
944 3819 1113 3872 ferat:
1173 3825 1354 3870 utrum
1395 3814 1537 3870 oeuli
1576 3815 1651 3868 tui
1695 3816 1978 3890 rapiantur
2026 3830 2056 3868 a

473 3914 782 3984 voluptate:
817 3920 999 3966 utrum
1037 3911 1218 3980 lingua
1257 3909 1326 3964 sit
1355 3909 1425 3964 ad
1461 3909 1818 3978 petulantiam
1850 3923 2054 3979 prona;

475 4013 657 4058 utrum
691 4015 789 4056 cor
826 4009 975 4054 tuum
1023 3999 1274 4054 humana:
1322 3997 1506 4068 gloria:
1543 3997 1830 4053 dulcedine
1876 3997 2059 4066 capia-

477 4105 601 4162 tur;
648 4104 830 4149 utrum
856 4106 1018 4147 aures
1055 4090 1370 4146 adulatores
1401 4099 1457 4146 et
1501 4089 1795 4146 maledicos
1828 4089 2060 4147 libenter

475 4189 719 4245 audiant.
763 4187 892 4244 Haec
929 4186 1113 4241 omnia
1164 4186 1333 4242 menti
1367 4195 1494 4242 sunt
1524 4185 1886 4252 detrimento;
1931 4199 2056 4240 nam

477 4284 532 4340 in
562 4282 800 4338 Levitico
823 4281 1083 4350 scriptum
1111 4289 1194 4335 est
1225 4297 1240 4334 :
1287 4278 1376 4335 Sic
1407 4281 1566 4334 dicito
1599 4279 1776 4334 Aaron
1803 4295 1824 4334 :
1853 4278 1937 4334 Ne
1963 4279 2057 4333 οὐκ

2161 3101 2218 3146 ut
2236 3093 2409 3161 inquit
2429 3093 2742 3163 Apostolus,
2761 3103 3026 3163 portemus
3049 3104 3099 3148 et
3123 3095 3410 3164 imaginem
3431 3096 3626 3150 celestis
3641 3095 3691 3147 ".

2157 3183 2422 3251 Quoniam
2479 3186 2648 3254 probe
2712 3187 2860 3240 novit
2913 3187 3236 3256 Apostolus,
3305 3189 3563 3243 neminem
3604 3197 3697 3240 esse

2157 3277 2280 3331 sine
2330 3287 2590 3346 peccato,
2627 3291 2695 3332 ex
2743 3291 2851 3346 quo
2901 3277 3042 3330 facta
3098 3286 3181 3332 est
3232 3279 3608 3348 transgressio;
3651 3282 3693 3328 et

2158 3367 2536 3437 ptenitentiam
2572 3383 2712 3433 esse,
2733 3383 2853 3438 quae
2881 3369 3153 3422 hominem
3185 3370 3251 3424 ad
3283 3370 3543 3439 integram
3580 3366 3694 3420 ducit

2159 3461 2507 3529 puritatem:
2570 3460 2771 3515 idcirco
2842 3477 2941 3516 nos
3004 3470 3219 3526 monet,
3283 3473 3347 3517 ut
3403 3463 3693 3517 destruanuts

2158 3552 2425 3606 actionem
2459 3549 2577 3619 ejus
2621 3553 2710 3621 qui
2745 3567 2850 3607 non
2885 3553 3156 3618 obedivlt,
3199 3564 3256 3610 et
3307 3560 3561 3612 actionem
3601 3567 3692 3608 am-

2147 3643 2460 3712 plectamur
2493 3645 2702 3699 Domiui
2741 3647 2909 3700 nostri
2945 3645 3072 3702 Jesu
3104 3647 3330 3714 Christi,
3360 3653 3690 3717 obtemperan-

2160 3739 2239 3784 tes
2283 3731 2551 3786 maudatis
2581 3730 2755 3799 illius,
2799 3734 2890 3802 qui
2924 3735 3298 3790 misericordia
3348 3739 3590 3792 adductus
3621 3737 3692 3788 lio-

2160 3821 2322 3877 minis
2366 3824 2683 3878 servitutem
2727 3824 2889 3890 tulit,
2931 3836 2991 3880 ut
3020 3843 3144 3882 eum
3195 3829 3247 3882 in
3289 3828 3603 3886 reconditum
3629 3839 3694 3879 re-

2158 3914 2387 3969 duceret
2441 3918 2794 3985 paradisum,
2843 3927 2898 3973 et
2940 3929 3163 3976 sanctas
3207 3922 3282 3975 illi
3341 3937 3466 3978 suas
3505 3921 3690 3975 virtutes

2158 4019 2347 4060 omnes
2395 4004 2710 4076 largiretur,
2754 4008 3202 4080 permitteretque
3251 4014 3407 4068 vesci
3463 4011 3524 4067 de
3578 4010 3689 4079 ligno

2157 4095 2307 4162 vitae,
2346 4109 2466 4164 quae
2489 4105 2576 4151 est
2618 4111 2933 4152 sermonum
2961 4099 3078 4168 ejus
3101 4103 3342 4170 cognitio
3373 4112 3525 4172 atque
3549 4101 3692 4156 obser-

2159 4186 2336 4253 vatio;
2372 4202 2492 4256 qure
2524 4189 2576 4243 in
2609 4190 2795 4244 animo
2841 4191 3082 4246 ﬁdelium
3115 4209 3304 4262 pacem
3353 4195 3558 4258 inserit,
3600 4203 3690 4244 eos-

2160 4293 2266 4348 que
2304 4290 2483 4334 servat
2515 4282 2732 4337 assidue
2752 4321 2767 4345 ,
2813 4293 2868 4338 et
2902 4294 3054 4339 arcet
3087 4299 3250 4340 aures
3279 4301 3462 4341 eorum
3494 4285 3554 4339 ah
3575 4279 3689 4337 omni

477 4377 665 4432 tuleris
713 4379 780 4429 ad
809 4376 980 4429 altare
1014 4391 1185 4428 meum
1219 4389 1285 4428 ea:
1319 4373 1642 4428 animalibus
1675 4374 1886 4427 mundis
1919 4373 2058 4443 quod
2091 4397 2136 4452 ι)
2164 4383 2416 4425 sermone
2448 4371 2702 4427 draconis
2738 4372 2993 4444 improbi,
3027 4376 3080 4430 in
3119 4375 3563 4446 memoriamjllis
3587 4370 3693 4426 redi-

475 4468 742 4525 maculam
769 4468 958 4522 habent
977 4509 992 4532 ,
1031 4485 1093 4520 ne
1121 4469 1368 4522 moriaris
1392 4468 1456 4522 “.
1490 4467 1670 4521 Aaron
1716 4478 1950 4521 mentem
1980 4467 2056 4520 si-

476 4561 720 4633 gnificat.
766 4560 832 4614 Et
877 4559 1133 4630 quoniam
1181 4559 1434 4614 inimicus
1467 4573 1591 4614 eum
1637 4557 2058 4629 speciejustitiae

476 4650 962 4714 miscetmalitiam
998 4664 1178 4716 suam,
1212 4648 1335 4704 ideo
1363 4649 1565 4719 jussit,
1605 4657 1665 4704 ut
1712 4648 2054 4719 exploraret,

477 4753 768 4812 antequam
789 4741 1034 4806 oll'erret,
1081 4755 1149 4796 ne
1179 4751 1503 4797 moreretur.

550 4833 667 4888 XX.
716 4833 955 4902 Diligens
1002 4834 1120 4889 haec
1179 4833 1483 4902 exploratio
1523 4833 1736 4889 illorum
1785 4843 1909 4902 est,
1965 4835 2058 4904 qni

476 4941 606 4981 vere
635 4925 862 4997 diligunt
890 4925 1178 4980 Dominum
1214 4924 1400 4980 Jesum
1425 4965 1442 4992 ,
1475 4934 1529 4979 et
1555 4934 1781 4996 sperant
1818 4926 1872 4979 in
1911 4941 2056 4980 eum.

478 5015 683 5072 [lorum
731 5016 934 5080 anima,
961 5014 1105 5069 facta
1136 5026 1222 5071 est
1244 5029 1442 5085 sponsa
1479 5017 1770 5072 virtutibus
1805 5016 2060 5073 omnibus

477 5119 764 5173 exornata,
791 5122 914 5179 qua:
953 5107 1117 5165 habet
1144 5108 1422 5178 speculum
1463 5125 1642 5165 suum.
1685 5111 1844 5174 Nam,
1874 5120 1932 5164 ut
1978 5112 2062 5166 iu-

476 5204 593 5275 quit
635 5201 958 5274 Apostolus,
999 5198 1116 5256 Nos
1166 5217 1343 5256 omnes
1389 5202 1614 5256 revelata
1653 5203 1790 5271 {acie
1830 5203 2056 5273 gloriam

479 5294 575 5351 Dei
615 5293 775 5348 veluti
820 5292 1033 5364 speculo
1055 5293 1370 5364 referentes,
1414 5294 1469 5346 in
1503 5292 1736 5346 eamdem
1776 5293 2058 5362 imaginem

476 5384 926 5453 transformamur
951 5387 1015 5439 de
1039 5383 1280 5438 claritate
1315 5383 1372 5436 in
1398 5381 1715 5446 claritatem,
1749 5391 1999 5451 tanquam
2021 5398 2056 5435 a

554 5546 596 5579 “
626 5544 788 5600 Prov.
819 5560 970 5610 sui,
997 5543 1088 5610 ‘27,
1117 5543 1209 5609 2i,
1239 5542 1327 5597 16.
1405 5541 1450 5573 ¹²
1475 5541 1650 5596 Levit.
1679 5557 1816 5605 χχιι,
1842 5541 1928 5606 18,
1957 5541 2050 5596 20.

482 5614 572 5671 17.
649 5617 688 5647 ¹⁷
726 5615 868 5670 Psal.
906 5628 1048 5676 suv,
1080 5613 1168 5669 15.
1251 5613 1300 5647 ³⁸
1346 5613 1477 5668 ibid.
1516 5612 1615 5676 11,
1649 5612 1736 5668 12.

482 5684 687 5756 ηιμ,
721 5687 821 5755 15;
867 5701 970 5776 xx,
998 5684 1086 5740 l'l.
1164 5683 1211 5718 ⁸⁸
1239 5683 1398 5744 loan.
1430 5698 1525 5755 xx,
1557 5682 1620 5738 l7

1816 5613 1858 5684 ξ’
1892 5613 2050 5668 Catil.
2089 5627 2173 5680 ltt,
2328 5615 2374 5647 ”
2409 5617 2422 5668 Ι
2465 5618 2590 5673 Cor.
2620 5631 2709 5684 xv,
2743 5616 2833 5673 49,

1722 5683 1770 5716 ⁸³
1803 5681 1963 5740 Joau.
2000 5699 2144 5751 xvtt,
2179 5683 2272 5751 25,
2313 5685 2403 5742 ‘25.

2165 4477 2298 4533 gens
2323 4464 2576 4518 acerbam
2601 4466 2915 4522 servitutem
2940 4468 3177 4538 inquam
3201 4483 3300 4538 per
3322 4465 3688 4525 inobedientism

2166 4553 2480 4619 incidimus,
2517 4555 2921 4628 cobortansque
2955 4574 3075 4623 nos,
3118 4569 3178 4614 ut
3208 4561 3260 4615 ei
3289 4574 3497 4629 semper
3527 4554 3691 4627 gratias

2165 4659 2410 4715 agamus,
2459 4645 2552 4715 qui
2597 4648 2836 4715 pretioso
2877 4652 3140 4721 sanguine
3189 4665 3290 4706 suo
3335 4665 3432 4706 nos
3475 4644 3688 4707 redemit,

2166 4738 2350 4792 dolens
2377 4738 2429 4792 in
2461 4753 2628 4794 cruce
2664 4740 3087 4811 chirographum
3126 4753 3327 4796 nostra:
3364 4736 3612 4798 servitutis
3638 4733 3689 4796 ⁸⁸.

2162 4844 2370 4898 nosque
2397 4828 2502 4885 sibi
2535 4829 2733 4886 fratres
2756 4840 2814 4886 et
2841 4833 3046 4888 amicos
3073 4833 3354 4888 ascrihens
3385 4836 3457 4886 "z
3493 4829 3686 4900 quicum

2161 4923 2426 4990 Spiritum
2465 4938 2624 4978 suum
2677 4925 2731 4980 in
2778 4925 3047 4989 charitate
3073 4941 3238 4998 super
3284 4925 3558 4998 discipulos
3590 4931 3688 4976 suos

2160 5012 2441 5070 etl'udisset
2461 5053 2478 5079 ,
2507 5026 2564 5070 et
2607 5017 2822 5073 animos
2854 5033 3042 5073 eorum
3094 5029 3432 5086 recreasset,
3462 5010 3686 5073 Διεεηόο.

2163 5105 2360 5176 inquit,
2386 5108 2455 5161 ad
2487 5106 2704 5164 Patrem
2729 5125 2904 5164 meum
2939 5120 2988 5165 et
3024 5109 3241 5166 Patrem
3279 5122 3528 5172 vestrum,
3556 5105 3684 5159 Deum

2161 5215 2335 5254 meum
2373 5211 2422 5254 et
2465 5199 2635 5255 Deum
2667 5213 2893 5256 vestrum
2922 5203 2990 5256 ".
3030 5201 3198 5267 Volo,
3233 5201 3411 5266 Pater,
3438 5197 3588 5254 utubi
3612 5208 3684 5260 ego

2164 5307 2307 5358 sum,
2345 5302 2390 5346 et
2419 5292 2518 5362 ipsi
2548 5292 2655 5347 illic
2675 5295 2778 5347 sint
2809 5310 3033 5350 mecum.
3073 5293 3339 5361 Quoniam
3359 5289 3570 5348 dilexisti
3591 5302 3686 5346 eos»

2162 5382 2301 5438 sicut
2331 5394 2386 5437 tu
2416 5383 2651 5438 dilexisti
2684 5400 2764 5440 me
2786 5383 2855 5440 ".

2130 5542 2175 5575 "
2213 5541 2256 5597 ll
2287 5542 2416 5600 Cor.
2450 5561 2542 5611 ιιι,
2572 5544 2660 5603 18.
2738 5547 2781 5578 ⁸⁸
2808 5543 2971 5602 lCor.
3011 5561 3130 5610 χιιι,
3164 5545 3250 5600 12.
3336 5545 3376 5575 ¹⁶
3405 5542 3528 5611 Gen,
3563 5543 3684 5611 fixo

2927 5618 2968 5650 "
3012 5603 3282 5673 Coloss.n
3338 5615 3420 5669 11.
3491 5603 3662 5661 "3W"
