3884 6278
245 275 389 336 1ἱ89

1336 280 1393 337 S.
1431 281 1637 336 ISAIJE
1678 282 1973 336 ABBATIS
2009 284 2430 341 OIIA'I'IONES.

3381 303 3524 362 “90

335 397 496 452 XXII.
537 395 800 451 Cancrum
833 409 890 452 ut
916 393 1222 453 ostenderet
1253 414 1310 455 se
1356 417 1460 454 non
1493 402 1559 454 de
1591 402 1843 456 omnibus
1877 413 1915 464 Λ
1950 403 2156 458 habitet
2207 405 2460 488 ¹ειιῑισῖιιιε
2517 419 2757 464 sanctus.
2817 412 2881 467 Si
2931 431 3013 470 me
3057 416 3310 488 diligitis,
3355 422 3547 492 inquit

248 493 459 555 dicere,
488 493 582 544 sed
615 491 680 542 de
711 490 816 544 illis
850 492 940 559 qtti
981 493 1226 561 proprias
1272 504 1560 562 amputant
1589 494 1836 547 volunta-

244 593 354 649 tes,
399 593 454 638 et
504 593 705 636 sancite
749 583 916 652 ipsius
974 583 1238 638 voluntati
1292 595 1504 653 parcnt,
1561 597 1613 640 et
1656 589 1838 640 omnia

246 661 438 728 inundi
475 671 635 741 hujus
669 675 995 728 commercia
1039 689 1069 728 a
1105 691 1162 730 se
1209 676 1455 743 l't'jiClllIIl
1501 698 1512 732 :
1549 677 1719 747 Elegi,
1755 678 1840 732 itt-

241 763 379 832 quit,
409 779 494 816 eos
521 764 585 815 de
609 763 823 827 mundo,
860 773 1132 829 prOpIerea
1157 766 1266 818 odit
1295 782 1380 819 eos
1413 768 1661 834 mundus,
1687 783 1815 838 quo-

243 855 387 907 niam
413 855 477 906 ab
505 869 564 906 eo
597 871 698 906 non
720 864 842 908 sunt
875 855 941 909 ".
975 855 1077 922 Qui
1111 872 1173 911 ea
1207 873 1327 928 qua:
1357 861 1540 912 mundi
1569 869 1716 921 sunt,
1745 874 1832 913 re-

241 942 563 1012 liquerunt,
599 944 745 1011 digni
799 944 932 999 lacti
963 955 1090 1000 sunt
1115 987 1130 1014 ,
1173 949 1622 1018 quemadmodum
1656 952 1835 1016 vides,

241 1046 309 1089 ut
340 1036 550 1090 Domini
582 1033 710 1090 Jesu
740 1051 953 1105 sponsae
979 1038 1088 1092 sint
1112 1079 1127 1104 ,
1151 1049 1205 1093 ct
1237 1040 1288 1094 in
1316 1039 1433 1109 ejus
1462 1043 1692 1096 veritate
1723 1057 1838 1112 per-

239 1135 529 1180 maneant.
575 1124 800 1195 l’ropter
837 1127 934 1179 hoc
958 1167 972 1190 ,
1017 1127 1188 1196 inquit
1221 1129 1508 1197 Apostolus
1535 1169 1550 1195 _.
1584 1132 1836 1195 relinquet

242 1217 399 1271 homo
441 1227 642 1286 patrem
690 1227 737 1272 et
792 1227 1035 1282 matrem,
1077 1230 1127 1272 et
1170 1221 1454 1274 adhwrebit
1495 1224 1648 1276 uxori
1689 1240 1834 1285 sate,

239 1319 288 1362 et
331 1319 483 1363 erunt
518 1313 621 1362 duo
663 1311 717 1363 in
764 1326 920 1364 carne
961 1328 1086 1364 ttna.
1133 1309 1532 1366 Sacrameutum
1567 1315 1663 1369 hoc
1721 1334 1834 1370 ma-

241 1415 403 1470 gnum
433 1411 528 1455 est.
583 1400 694 1471 Ego
731 1411 908 1455 autem
957 1403 1073 1457 dico
1108 1404 1162 1457 in
1207 1401 1418 1459 Christo
1448 1416 1493 1458 et
1536 1406 1591 1460 in
1641 1406 1827 1460 Eccle-

244 1493 330 1544 sia
361 1492 431 1548 ¹⁶.
468 1491 612 1546 Idem
651 1493 941 1560 Apostolus
969 1505 1145 1564 gentes
1184 1495 1319 1548 dixit
1363 1511 1481 1551 esse
1535 1498 1829 1552 coha’redes

239 1590 294 1636 et
349 1585 750 1649 concorporales
808 1595 857 1637 et
897 1586 1294 1653 comparticipes
1350 1587 1714 1654 promissionis
1775 1589 1830 1642 in

240 1670 458 1728 Christo
505 1671 634 1727 Jesu
688 1690 784 1742 per
837 1675 1181 1744 Evangelium
1227 1676 1293 1730 ’⁷.
1349 1677 1451 1744 Qui
1492 1678 1637 1749 digni
1699 1679 1826 1734 lacti

1948 490 2246 559 Dominus,
2326 497 2581 552 mandatu
2629 517 2745 554 mea
2799 515 3016 559 serrate.
3065 505 3134 560 Et
3185 525 3276 579 ego
3338 490 3527 582 rogabo

1952 578 2162 634 Putrem
2191 623 2205 645 ,
2241 593 2288 636 et
2335 585 2502 639 mittet
2535 589 2676 642 vobis
2721 593 3046 659 paracletum
3099 578 3354 666 Spiritum
3397 578 3524 658 veri-

1946 673 2069 724 tntis
2098 673 2164 726 ³³.
2217 673 2279 728 Et
2317 677 2609 746 Apostolus
2643 704 2653 736 :
2699 681 2922 754 Nonne,
2967 687 3162 756 inquit,
3194 696 3526 763 cognoscitis,

1947 760 2085 830 quod
2113 760 2354 816 Christus
2383 766 2539 820 Jesus
2588 768 2796 824 habitat
2826 773 2880 827 in
2920 776 3102 829 vobis?
3135 769 3237 831 nisi
3277 779 3412 847 forte
3450 760 3523 838 re;
3589 786 3593 790 ’

1945 852 2094 918 probi
2135 857 2258 907 estis
2295 854 2358 911 “.
2399 857 2589 924 Vides,
2646 863 2954 930 quomodo,
3003 865 3106 920 nisi
3151 869 3274 938 quis
3317 870 3525 926 Domini

1947 943 2220 998 actionem
2255 945 2520 1012 imitetur,
2557 953 2819 1020 reprobus
2848 955 2991 1009 sitet
3025 970 3224 1026 sponsa
3258 961 3376 1031 ejus
3405 977 3523 1018 esse

1947 1037 2214 1104 nequeat?
2268 1036 2334 1092 Et
2386 1040 2622 1111 virgines
2655 1058 2846 1100 omnes
2876 1059 3204 1112 paraverunt
3254 1051 3522 1122 lampades

1946 1138 2094 1187 suas.
2146 1127 2241 1180 sed
2270 1142 2388 1196 qua:
2440 1145 2546 1184 non
2589 1130 2855 1188 habebant
2903 1149 3067 1204 opera
3119 1137 3278 1204 bona,
3318 1141 3522 1211 rejecta’

1946 1226 2073 1269 sunt
2103 1217 2168 1272 ³⁸.
2220 1215 2430 1289 Sagena
2474 1221 2636 1276 missa
2693 1223 2743 1277 in
2785 1240 2933 1280 mare
2967 1230 3312 1299 congregavit
3350 1241 3404 1284 et
3433 1232 3518 1285 iu-

1944 1305 2068 1358 tulit
2099 1306 2269 1362 honos
2309 1311 2484 1379 pisces
2532 1312 2584 1366 in
2633 1328 2856 1382 regnum
2887 1315 3146 1373 cmlorum
3183 1320 3249 1374 ".
3302 1319 3520 1377 Zizania

1942 1398 2102 1452 simul
2127 1415 2246 1454 cum
2278 1402 2460 1459 tritico
2483 1417 2772 1460 creverunt
2793 1446 2807 1471 ,
2840 1409 2935 1463 sed
2979 1423 3102 1464 cum
3140 1412 3331 1468 messis
3356 1414 3516 1470 adveo

1940 1492 2113 1545 uisset
2142 1493 2304 1560 ligata
2347 1507 2474 1550 sunt
2500 1507 2554 1551 et
2584 1498 2635 1552 iu
2677 1501 2854 1571 ignem
2888 1503 3130 1573 projecta
3165 1505 3232 1560 ³⁷.
3264 1504 3520 1563 Palmites

1940 1585 2028 1651 qui
2058 1582 2290 1639 fructum
2321 1601 2427 1642 non
2467 1589 2723 1653 tulerunt.
2751 1592 2802 1646 in
2832 1593 3007 1663 ignem
3046 1594 3265 1664 projecti
3293 1585 3418 1652 sunt
3449 1600 3518 1655 ³⁸.

1938 1673 2079 1729 Oves
2122 1675 2280 1730 simul
2317 1693 2437 1733 cmn
2475 1680 2642 1736 hazdis
2678 1685 3061 1752 pascebantur;
3103 1687 3195 1742 sed
3233 1703 3360 1743 oves
3401 1699 3517 1744 tan-

241 1774 394 1828 sunt,
426 1775 483 1818 ut
520 1765 629 1819 sint
658 1781 824 1818 ttnum
871 1781 1067 1835 corpus
1098 1782 1218 1820 cum
1258 1766 1398 1837 ipso.
1433 1768 1670 1837 Spiritus
1702 1785 1824 1824 san-

1942 1773 2052 1818 tum
2109 1783 2138 1819 a
2185 1766 2392 1824 dextris
2441 1773 2834 1841 constiterunt;
2901 1775 3036 1830 haedi
3071 1788 3249 1832 autem
3308 1795 3336 1832 a
3386 1780 3516 1834 siui-

242 1867 364 1912 ctus
395 1857 605 1912 habitat
649 1857 700 1911 in
733 1858 846 1922 eis,
889 1869 944 1912 et
977 1861 1088 1927 ipse
1123 1859 1363 1930 suggerit
1400 1859 1505 1914 illis
1539 1861 1752 1927 omnia,
1784 1871 1840 1917 et

241 1964 346 2020 pro
377 1948 482 2004 illis
515 1948 630 2018 ipse
655 1948 918 2004 sollicitus
953 1959 1060 2007 est.
1095 1950 1276 2021 Neque
1301 1951 1435 2006 enim
1467 1954 1725 2023 vos_estis,
1758 1955 1840 2008 in-

243 2041 388 2110 quit,
417 2041 507 2112 qui
548 2040 859 2110 loquimini,
900 2041 992 2095 sed
1040 2040 1274 2110 Spiritus
1304 2040 1488 2098 Patris
1522 2046 1702 2110 vestri,
1743 2047 1836 2114 qui

241 2132 480 2204 loquitur
509 2133 565 2187 in
592 2132 734 2188 vobis
759 2132 826 2189 '°.
861 2131 928 2187 Et
956 2133 1284 2200 Apostolus:
1316 2131 1600 2202 Quoniam,
1631 2137 1834 2206 inquit,

241 2225 393 2278 nobis
428 2223 670 2278 revelarit
719 2223 860 2278 Deus
902 2241 993 2292 per
1045 2225 1306 2293 Spiritum
1354 2241 1545 2279 suum:
1600 2226 1832 2294 Spiritus

240 2317 381 2370 enim
404 2317 578 2370 omnia
602 2324 891 2379 scrutatur,
911 2317 1067 2369 etiam
1095 2315 1359 2385 profunda
1384 2317 1500 2372 Dei.
1531 2316 1645 2371 Nos
1669 2320 1830 2385 enim,

241 2406 442 2476 inquit,
477 2415 701 2460 mentem
739 2405 938 2459 Christi
963 2407 1210 2462 habemus
1239 2409 1307 2461 ²⁹.
1347 2408 1628 2475 Quomodo
1667 2409 1833 2480 igitur

239 2496 449 2552 Christi
485 2505 669 2549 mente
705 2504 984 2565 peccatum
1017 2496 1234 2564 aliquod
1263 2497 1602 2567 cogitemus?
1631 2497 1832 2569 Myste-

240 2587 384 2641 rium
413 2587 539 2650 hoc,
579 2587 774 2652 frater,
802 2589 986 2641 animo
1015 2587 1402 2655 contemplare.

315 2676 501 2732 XXIII.
551 2677 742 2734 Omnia
789 2693 992 2748 genera
1049 2677 1365 2734 animalium
1423 2693 1544 2750 qua:
1599 2689 1724 2736 sunt
1774 2682 1825 2736 in

241 2781 414 2836 terra,
453 2786 573 2824 cum
627 2769 832 2835 simili,
870 2786 973 2824 non
1011 2785 1133 2824 cum
1185 2769 1400 2826 diverso
1444 2786 1643 2840 genere
1691 2788 1826 2828 con-

234 2864 444 2933 juncta,
478 2871 758 2931 generant,
789 2864 902 2918 sive
927 2861 1172 2930 jumenta
1203 2862 1334 2929 sint,
1365 2863 1478 2918 sive
1511 2862 1662 2931 lerat,
1712 2864 1825 2919 sive

238 2964 552 3024 serpentes,
592 2954 706 3010 sive
752 2953 1017 3010 volucres.
1064 2952 1356 3024 Propterea
1414 2953 1554 3010 Deus
1601 2954 1825 3009 adduxit

238 3045 422 3100 omnia
452 3046 517 3100 ad
556 3045 725 3099 Adam
748 3085 764 3110 ,
792 3054 852 3099 ut
890 3047 1100 3099 videret
1136 3059 1203 3098 au
1242 3045 1512 3100 inveniret
1544 3046 1684 3113 quod
1719 3045 1818 3100 sibi

1943 1857 2072 1910 stris
2109 1856 2176 1911 ".
2196 1857 2246 1914 Is
2275 1860 2366 1929 qui
2396 1863 2629 1916 seminat
2655 1865 2944 1921 seminavit
2986 1881 3169 1922 semen
3199 1885 3351 1923 suum
3371 1887 3399 1935 ;.
3423 1875 3518 1926 sed

1942 1947 2072 2003 illud
2100 1949 2270 2004 solum
2298 1953 2440 2021 quod
2472 1954 2669 2010 cecidit
2701 1955 2755 2010 in
2791 1967 2989 2013 terram
3025 1959 3248 2027 bonam,
3282 1959 3517 2018 fructum

1949 2041 2070 2094 tulit
2093 2041 2161 2095 ‘°.
2191 2043 2356 2098 Dedit
2385 2054 2666 2115 argentum
2692 2062 2847 2102 suum
2893 2051 3010 2104 sine
3035 2052 3394 2118 simulatione,
3424 2056 3517 2108 sed

1937 2147 2003 2186 eo
2042 2140 2223 2189 tamen
2270 2135 2484 2205 gavisus
2515 2145 2599 2192 est
2648 2137 2926 2208 duplicato
2953 2141 3023 2196 δι.
3065 2142 3249 2198 Vocati
3295 2144 3512 2198 fuerant

1938 2239 2129 2280 omnes
2153 2226 2217 2282 ad
2237 2213 2477 2297 nuptias,
2493 2230 2585 2284 sed
2602 2229 2690 2298 qui
2713 2245 2819 2285 non
2843 2232 3512 2306 habebatvestemnuptia-

1942 2330 2060 2370 rum
2087 2354 2102 2380 ,
2136 2315 2319 2385 jussus
2355 2328 2438 2374 est
2484 2321 2672 2392 projici
2716 2321 2767 2376 in
2809 2325 3060 2380 tenebras
3095 2327 3394 2382 exteriores
3435 2328 3505 2382 δ’.

1949 2406 2149 2463 Omnes
2194 2425 2254 2465 se
2297 2412 2519 2468 credere
2570 2414 2918 2482 proﬁtentur,
2963 2417 3056 2471 sed
3099 2419 3188 2486 qui
3222 2419 3359 2473 bona
3407 2435 3512 2474 non

1935 2500 2139 2555 habent
2182 2517 2370 2572 opera,
2427 2504 2724 2574 ejiciuntur
2786 2505 2974 2563 foras:
3038 2507 3319 2574 Quoniam.
3362 2512 3514 2567 multi

1930 2603 2052 2647 sunt
2084 2596 2270 2661 vocati,
2301 2597 2459 2662 pauci
2489 2613 2606 2650 vero
2631 2597 2784 2652 electi
2811 2598 2877 2654 δ’.

1997 2683 2185 2742 XXIV.
2214 2686 2568 2758 Exploremus
2589 2691 2968 2760 nosmetipsos,
3033 2691 3254 2758 fratres,
3276 2702 3330 2748 et
3349 2709 3512 2763 opera

1928 2786 2112 2830 nostra
2158 2779 2586 2848 perpendamus,
2649 2793 2937 2851 antequam
2988 2782 3064 2838 illi
3107 2785 3179 2839 sit
3219 2785 3433 2842 obviam
3480 2803 3512 2842 a

1927 2866 2081 2921 nobis
2109 2868 2479 2935 prodeundum
2507 2887 2522 2936 ;
2559 2884 2627 2925 ne
2658 2871 2826 2925 simus
2851 2886 2915 2927 ex
2945 2888 3128 2927 eorum
3155 2857 3398 2943 numero,
3419 2879 3511 2946 qui

1925 2952 2106 3006 carnis
2156 2952 2367 3009 faciunt
2399 2955 2746 3012 voluntatem.
2783 2957 3016 3028 Operam
3057 2962 3272 3029 demus,
3310 2974 3371 3018 ut
3417 2980 3511 3020 eas

1927 3042 2144 3098 divitias
2178 3057 2533 3114 assequamur
2555 3087 2570 3114 ,
2616 3063 2754 3116 quas
2789 3050 2841 3104 in
2875 3051 2960 3105 illa
3007 3055 3348 3110 necessitatis
3375 3056 3508 3113 hora

237 3147 389 3194 esset
439 3138 612 3194 simile
651 3139 716 3192 ³⁸.
756 3139 820 3192 Et
877 3137 1082 3192 nullum
1145 3152 1211 3192 ex
1261 3137 1512 3192 omnibus
1570 3139 1817 3204 invenit,
1849 3106 1894 3167 (ἶ
1925 3149 2111 3188 sumus
2135 3134 2428 3190 inventuri.
2459 3137 2564 3193 Eas
2592 3154 2711 3208 quae
2743 3142 2898 3197 nobis
2930 3144 3016 3197 hic
3047 3146 3356 3200 necessario
3381 3157 3506 3202 sunt

239 3230 496 3299 quoniam
543 3246 608 3285 ex
653 3232 772 3302 ejus
821 3240 1015 3285 natura
1085 3245 1190 3284 non
1237 3239 1372 3284 erat.
1419 3229 1572 3286 Tunc
1617 3231 1824 3300 accepit

237 3322 384 3377 Deus
413 3339 572 3378 unam
616 3338 647 3378 e
676 3323 846 3378 costis
871 3323 1008 3393 ejus,
1033 3333 1086 3377 et
1111 3321 1240 3377 fecit
1267 3323 1366 3392 ipsi
1388 3324 1651 3387 uxorem',
1685 3339 1822 3393 quo-

235 3413 386 3468 niam
440 3423 748 3483 sumpserat
802 3429 921 3467 eam
965 3428 996 3468 e
1051 3414 1169 3468 viro
1209 3429 1327 3468 suo.
1370 3413 1678 3484 Mysterium
1721 3417 1821 3470 hoc

236 3522 488 3577 megnum
517 3515 591 3561 est
625 3507 676 3560 in
729 3506 836 3561 illis
865 3507 955 3577 qui
1007 3507 1140 3560 liunt
1171 3521 1382 3576 sponsae
1415 3507 1612 3561 Christi
1641 3549 1656 3576 ,
1693 3508 1817 3577 quia

187 3659 210 3676 ο
235 3607 367 3654 sunt
390 3614 455 3654 ex
493 3597 609 3668 ejus
643 3597 945 3652 substantia
987 3613 1082 3668 per
1126 3601 1588 3668 regenerationem
1612 3637 1628 3663 ,
1668 3607 1722 3653 et
1753 3615 1818 3654 ex

235 3704 427 3746 sancto
450 3692 590 3745 illius
621 3702 746 3746 sunt
776 3707 1024 3761 corpore.
1063 3689 1198 3745 Nam
1228 3731 1243 3754 ,
1280 3703 1336 3745 ut
1373 3691 1668 3761 Apostolus
1689 3692 1762 3747 ait
1801 3710 1815 3746 :

237 3783 418 3840 Unum
457 3799 645 3852 corpus
675 3800 854 3837 sumus
903 3799 1078 3836 omnes
1113 3783 1168 3835 in
1202 3782 1448 3848 Christo;
1485 3783 1680 3852 singuli
1721 3801 1820 3837 au-

235 3883 340 3929 tem
367 3871 498 3927 alter
518 3873 734 3926 alterius
777 3872 1008 3925 membra
1040 3872 1118 3937 ³¹;
1160 3880 1215 3925 et
1242 3887 1450 3926 rursum
1490 3890 1504 3926 :
1533 3873 1816 3938 Quoniam,

236 3965 450 4035 inquit,
500 3965 732 4017 membra
777 3979 958 4017 sumus
1003 3965 1239 4031 corporis
1284 3964 1437 4031 eius,
1464 3981 1529 4018 ea:
1573 3967 1817 4020 carnibus

232 4058 351 4128 ejus
397 4067 447 4111 et
485 4072 551 4109 ea:
576 4057 778 4110 ossibus
801 4055 916 4124 ejus
943 4053 1011 4110 ³³.
1058 4056 1222 4112 Vides
1266 4057 1535 4126 quomodo
1565 4055 1695 4110 velit
1724 4057 1818 4111 ho-

234 4147 440 4202 minem
490 4161 612 4201 esse
656 4146 708 4200 in
763 4145 1048 4211 omnibus,
1111 4145 1564 4214 quemadmodum
1599 4143 1707 4198 Eva
1750 4163 1816 4201 ex

232 4236 430 4302 Adam,
460 4246 515 4291 et
538 4238 679 4290 sicut
705 4245 789 4292 est
817 4237 930 4306 ipse
955 4236 1007 4290 in
1035 4237 1317 4302 omnibus;
1361 4252 1483 4290 nam
1518 4237 1606 4306 qui
1637 4238 1817 4294 bruto-

234 4343 355 4381 rum
383 4328 556 4382 instar
579 4337 705 4382 sunt
744 4327 972 4382 rationis
1011 4336 1293 4396 expertes,
1320 4338 1418 4380 aut
1448 4329 1548 4382 sibi
1576 4329 1813 4384 vicissim

1928 3223 2310 3294 relinquendae,
2343 3236 2774 3285 contemnamus.
2803 3231 3226 3290 Consideremus
3263 3235 3381 3294 illos
3412 3241 3506 3309 qui

1923 3331 2135 3372 summo
2185 3319 2365 3373 studio
2407 3319 2624 3375 caducis
2656 3321 2774 3376 istis
2817 3323 3022 3379 divitiis
3052 3327 3392 3384 cumulandis
3425 3332 3495 3384 in-

1924 3407 2249 3472 cubuerunt,
2285 3411 2574 3478 quomodo,
2613 3410 2718 3465 illis
2750 3413 2976 3478 relictis,
3007 3415 3058 3469 in
3092 3417 3392 3486 gehennam
3425 3420 3504 3473 in-

1923 3498 2176 3564 ciderint,
2205 3500 2328 3570 quia
2363 3501 2568 3555 Domini
2603 3501 2726 3557 Iesu
2761 3506 2987 3576 vestigia
3039 3508 3190 3577 sequi
3244 3509 3505 3577 neglexe-

1921 3598 2067 3654 runt,
2119 3601 2178 3644 ut
2205 3591 2380 3660 digna:
2405 3593 2598 3648 tierent
2630 3595 2774 3652 illius
2795 3597 3323 3671 sponsae.Lacrymis
3341 3601 3505 3670 igitur

1921 3694 2104 3735 coram
2139 3680 2268 3746 Deo,
2289 3691 2343 3737 et
2370 3684 2582 3739 occulto
2610 3687 2792 3741 cordis
2823 3687 3007 3742 dolore
3031 3703 3095 3744 ac
3128 3690 3328 3760 gemitu
3355 3690 3504 3747 labo-

1926 3785 2130 3839 remus,
2161 3789 2228 3829 ne
2258 3776 2309 3828 in
2356 3775 2590 3833 dedecus
2630 3779 2871 3847 ipsorum
2912 3781 3232 3837 incidamus.
3288 3782 3503 3839 Etenim

1920 3862 1964 3918 si
2001 3872 2294 3934 tempestas
2339 3866 2391 3920 in
2422 3868 2556 3922 mari
2586 3869 2814 3936 oriatur,
2842 3879 2898 3926 et
2927 3871 3092 3925 multa
3127 3872 3336 3942 navigia
3377 3875 3494 3930 sub-

1921 3967 2275 4026 mergantur,
2321 3975 2430 4014 non
2469 3961 2746 4020 dicimus:
2790 3961 3055 4030 Quoniam
3087 3963 3162 4020 illi
3207 3966 3503 4036 perierunt,

1921 4064 2206 4119 pereamus
2229 4061 2285 4106 et
2315 4067 2436 4107 nos.
2485 4052 2626 4119 Quin
2659 4054 2824 4109 etiam
2871 4053 3003 4109 totis
3043 4056 3251 4111 viribus
3278 4069 3490 4112 conten-

1920 4143 2120 4208 dimus,
2147 4152 2200 4198 et
2233 4141 2340 4197 Deo
2357 4153 2481 4198 vota
2517 4144 2765 4209 facimus,
2786 4153 2844 4198 ut
2869 4145 3165 4202 incolumes
3188 4149 3501 4204 evadamus.

1923 4231 2062 4286 Vere
2094 4248 2310 4299 magna,
2345 4233 2566 4299 fratres,
2595 4235 2647 4288 in
2677 4234 2778 4290 hoc
2811 4235 2935 4289 vitae
2965 4236 3154 4306 pelago
3205 4247 3504 4308 tempestas

1919 4326 2111 4378 oborta
2139 4334 2242 4377 est.
2271 4323 2636 4380 Cohortemur
2681 4341 2782 4380 nos
2811 4329 2878 4381 ad
2925 4326 3184 4390 laborem,
3215 4336 3270 4383 et
3295 4328 3500 4384 clame-

233 4419 437 4490 aliquid
484 4421 839 4489 surripientes
887 4419 1122 4473 ferarum
1178 4419 1463 4473 avaritiam
1508 4419 1809 4486 imitantur,
1844 4439 1889 4503 ι)
1920 4430 2040 4469 mus
2068 4416 2134 4468 ad
2172 4414 2480 4482 Dominum,
2517 4431 2584 4472 ne
2631 4416 2880 4472 ﬂuctibus
2906 4417 3224 4474 obruamur.
3258 4418 3368 4475 Nisi
3401 4413 3502 4478 de-

233 4512 631 4568 autvolucrum
665 4510 1106 4570 inconstantiam,
1153 4517 1246 4562 aut
1284 4524 1545 4563 venenum
1587 4523 1812 4579 serpen-

233 4608 390 4670 tium,
416 4606 606 4660 hormn
628 4605 822 4658 animae
843 4618 1054 4674 sponsae
1074 4601 1278 4656 Christi
1301 4616 1421 4656 esse
1447 4617 1549 4654 non
1571 4610 1816 4670 possunt,

229 4697 490 4767 quoniam
525 4695 598 4751 illi
623 4703 750 4751 sunt
788 4695 1000 4748 actiOne
1037 4692 1354 4748 dissimiles.
1395 4691 1579 4756 Vides,
1626 4692 1816 4758 frater,

229 4789 506 4860 quomodo
531 4787 658 4842 velit
685 4787 955 4842 hominem
973 4785 1078 4841 sibi
1111 4799 1232 4840 esse
1261 4785 1516 4852 similem,
1553 4791 1612 4839 nt
1631 4785 1814 4839 anima

229 4881 352 4952 ejus
379 4879 448 4935 sit
481 4894 680 4951 sponsa
714 4878 903 4950 ipsius.
949 4876 1027 4932 Ex
1060 4877 1295 4946 propriis
1317 4877 1479 4947 igitur
1508 4875 1813 4932 actionibus

228 4975 476 5044 agnoscit
515 4974 693 5028 anima
731 4970 1069 5042 cognitiones
1097 4967 1208 5038 (20)
1240 4981 1401 5034 suas;
1429 4981 1555 5024 nam
1585 4967 1630 5021 si
1661 4975 1807 5023 recte

229 5065 363 5137 agit,
390 5065 624 5136 Spiritus
669 5073 890 5120 sanctus
923 5060 1134 5117 habitat
1158 5059 1212 5114 in
1245 5073 1330 5112 ea.
1369 5058 1623 5114 Actiones
1654 5059 1808 5113 bona:

232 5158 467 5212 reddunt
543 5156 780 5210 animam
862 5169 892 5207 a
960 5149 1464 5222 perturbationibus
1557 5148 1806 5204 liberam.

229 5242 402 5298 Porro
443 5242 560 5299 ﬁeri
591 5259 694 5298 non
729 5251 909 5314 potest
953 5252 1012 5296 ut
1047 5241 1101 5296 in
1143 5253 1206 5296 ea
1241 5254 1363 5310 qua:
1391 5238 1513 5294 talis
1543 5247 1664 5306 est,
1704 5254 1809 5294 non

303 5397 348 5428 ”
374 5393 532 5452 Ioan.
563 5411 652 5460 xv,
690 5396 777 5452 I9.
852 5397 901 5428 “
923 5395 1122 5465 Ephes.
1151 5409 1208 5465 7v,
1239 5394 1332 5458 3|,
1364 5393 1455 5448 δὲ.
1529 5394 1572 5465 ’ξ’
1601 5393 1981 5465 Ephes._ttt,6.
2047 5395 2093 5428 ³⁸
2119 5394 2310 5452 Matth.
2333 5414 2388 5462 x,
2419 5397 2512 5453 20.

614 5467 658 5499 ⁸³
692 5467 846 5521 Itom.
877 5462 980 5522 xu.
1013 5466 1068 5520 5.
1142 5464 1187 5495 ⁸⁸
1223 5465 1416 5532 Ephes.
1449 5479 1500 5528 v,
1550 5462 1659 5518 30.‘
1716 5463 1762 5496 ⁸³
1799 5462 1956 5518 Joan.
1992 5481 2104 5532 xlv,
2161 5468 2341 5522 l5-l7.

614 5536 770 5592 latth.
796 5551 932 5592 xttt.
967 5534 1058 5588 47.
1168 5534 1212 5567 ³⁷
1255 5535 1385 5588 ibid.
1412 5534 1484 5589 25
1512 5533 1601 5588 30.
1702 5534 1747 5566 ³⁸
1789 5532 1943 5589 Joan.
1986 5551 2089 5592 xv.
2147 5536 2200 5592 6.
2278 5537 2322 5570 "

1019 5550 1058 5588 t.
1168 5550 1206 5567 σο
1255 5550 1484 5589 tntu.zo
1512 5550 1601 5588 ou.
1702 5550 1747 5566 ὀ
1789 5550 1943 5589 toan.
1986 5551 2089 5599 xv,
2147 5550 2200 5592 ti.

1019 5605 1064 5636 δ’
1105 5602 1294 5659 Matth.
1351 5619 1486 5671 xxtt,
1516 5604 1706 5660 “~13.
1782 5606 1828 5637 ”
1864 5605 1997 5662 ibid.
2043 5607 2129 5662 Η.

232 5483 294 5534 ιι,
329 5467 514 5522 1921.

237 5539 288 5600 Ι,
320 5536 406 5590 I2.
501 5537 547 5569 ³⁸
577 5535 770 5592 Matth.
796 5551 891 5588 xttt
915 5575 932 5599 ,
967 5534 1058 5588 47.

229 5607 276 5641 ⁸⁸
307 5607 498 5663 Matth.
539 5622 667 5672 xxv,
694 5606 786 5674 2t,
826 5607 918 5661 23.

304 5729 420 5803 (20)
455 5728 814 5802 Cognitiones.
844 5727 1005 5786 Forte
1033 5728 1406 5799 cogitationes.

1168 5534 1212 5567 ³⁷
1255 5535 1385 5588 ibid.
1412 5534 1484 5589 25
1512 5533 1601 5588 30.

1922 4521 2186 4577 ponamus
2234 4522 2401 4562 onera
2453 4518 2831 4577 peccatorum,
2883 4524 3257 4580 exuamusque
3294 4525 3392 4568 nos
3431 4511 3503 4568 ab

1917 4599 2065 4653 omni
2090 4598 2480 4664 sollicitudine,
2507 4615 2571 4654 ex
2592 4601 2696 4655 hac
2720 4601 3023 4656 turbulenta
3053 4611 3369 4672 tempestate
3391 4619 3498 4660 non

1915 4707 2202 4764 possumus
2235 4692 2487 4748 evadere.
2520 4692 2731 4764 Moyses
2765 4709 2871 4750 non
2903 4694 3052 4764 prius
3095 4695 3296 4751 cecinit
3323 4697 3501 4752 canti-

1912 4800 2033 4839 cum
2079 4784 2335 4852 Domiuo,
2385 4800 2549 4855 quam
2581 4801 2729 4841 mare
2764 4785 3108 4854 trajecisset,
3163 4787 3496 4858 vidissetque

1911 4885 2138 4931 ntortcm
2171 4891 2359 4932 eorum
2386 4878 2478 4947 qui
2526 4877 2780 4934 volebant
2830 4877 2920 4932 Dei
2955 4878 3207 4949 populum
3237 4879 3289 4934 in
3325 4880 3499 4936 servi-

1916 4975 2028 5022 tute
2051 4968 2324 5024 detinere!
2367 4967 2518 5025 Tunc
2544 4969 2758 5025 demum
2785 4968 2921 5024 dixit
2951 4983 2966 5022 :
2997 4967 3279 5025 Cantemus
3303 4969 3496 5026 Domi-

1915 5073 1982 5111 no
2005 5071 2025 5112 :
2051 5058 2277 5128 gloriose
2295 5060 2435 5114 enim
2457 5060 2826 5130 magnificatus
2855 5069 2970 5126 est;
2993 5076 3183 5131 equum
3214 5069 3267 5116 et
3305 5077 3496 5116 ascen-

1914 5163 2084 5202 sorem
2115 5149 2334 5218 projecit
2371 5150 2424 5204 in
2448 5166 2594 5204 mare
2614 5149 2683 5206 “.

1988 5239 2156 5296 XXV.
2187 5240 2245 5298 Si
2274 5258 2428 5300 mens
2458 5241 2624 5312 igitur
2653 5243 2850 5302 anima
2877 5258 3074 5302 sensus
3107 5257 3139 5299 a
3172 5243 3358 5300 carnis
3399 5258 3494 5300 vo-

2591 5399 2679 5454 ²⁹1
2714 5398 2840 5456 Cor.
2878 5415 2941 5461 tt.
2983 5398 3071 5465 10,
3109 5398 3198 5454 I6.
3273 5398 3318 5430 “
3349 5397 3488 5454 Gen.

2442 5469 2488 5500 “
2527 5469 2570 5524 II
2623 5469 2749 5524 Cor.
2783 5485 2902 5538 χιιι,
2931 5468 2984 5524 5.
3022 5536 3061 5538 Α
3093 5468 3141 5501 ³³
3172 5466 3362 5523 Hatth.
3392 5484 3488 5532 xv,

2278 5537 2322 5570 "
2354 5538 2544 5593 Matth.
2577 5555 2702 5606 xxv,
2742 5539 2834 5598 33.
2889 5536 2896 5538 “
2929 5539 2978 5572 ⁸⁸
3014 5536 3205 5596 Matth.
3230 5553 3349 5606 xm,
3375 5538 3485 5595 5-8.

2230 5608 2278 5641 “
2307 5607 2422 5666 Exo
2444 5612 2479 5664 Ι.
2508 5624 2596 5675 xv,
2622 5610 2675 5666 l.
