3888 6284
438 233 576 292 1191

1565 215 1840 271 PATRES
1877 211 2175 290 ZEGYPTII
2217 213 2491 285 S/ECULl
2524 212 2615 270 ιν.

3563 218 3707 279 1192

448 345 660 398 luntate
682 334 1002 402 servaverit,
1033 325 1589 401 et'contemplationis
1614 331 1862 386 columna
1900 330 2018 384 ani-
2044 337 2089 393 Α
2119 338 2202 383 est
2229 328 2386 384 liber.
2442 327 2663 397 Aﬁligat
2713 328 2879 398 igitur
2905 343 3049 394 sese,
3079 331 3248 388 donec
3277 347 3305 386 a
3338 331 3450 387 Deo
3481 334 3704 389 miseri-

441 447 583 488 mam
613 433 680 486 ab
703 430 791 486 illa
826 425 1196 499 separaverit;
1227 433 1353 478 tunc
1381 422 1520 476 Deus
1546 422 1878 492 perspiciens
1908 421 2009 474 im-

441 523 764 593 probitatem
786 516 1249 590 perturbationum
1280 527 1400 583 qute
1424 512 1478 567 in
1500 513 1732 566 animam
1758 512 2014 579 impetum

443 615 708 669 facientes
751 624 944 666 sensus
987 607 1154 678 ipsius
1197 606 1248 660 in
1284 605 1521 676 peccatis
1550 614 1816 660 conantur
1847 603 2018 657 conti-

390 692 394 698 ’
442 720 594 768 nere,
631 702 796 758 menti
848 700 1064 756 assidue
1109 697 1428 766 supplicanti
1463 695 1566 751 fert
1621 695 1908 759 auxilium,
1963 702 2019 748 et

455 797 703 850 inimicos
728 793 846 862 ejus
871 805 1062 848 omnes
1090 791 1264 860 perdit
1286 805 1347 843 ac
1371 788 1533 842 delet.
1559 787 2016 853 Quemadmodum

442 889 576 942 dixit
615 897 668 942 et
696 886 861 957 Moysi
898 897 913 937 :
959 883 1096 949 Quid
1136 881 1332 935 clamas
1369 882 1436 933 ad
1479 879 1848 948 me?prtccipe
1889 877 2019 946 ﬁliis

444 978 635 1044 Israel,
661 985 718 1030 ut
737 975 962 1045 prompti
989 975 1262 1044 paratique
1289 973 1414 1027 sint.
1441 969 1517 1024 Tu
1542 981 1715 1024 autem
1738 971 1882 1039 virga
1905 984 2020 1038 qua:

440 1081 514 1124 est
545 1071 600 1123 in
629 1086 790 1123 manu
816 1079 930 1134 tua,
961 1078 1170 1135 percute
1197 1081 1362 1127 mare,
1411 1075 1457 1117 et
1499 1071 1693 1117 arescet
1714 1061 1782 1114 “.
1818 1061 2020 1116 Fidelis

440 1171 522 1216 est
558 1164 696 1215 Deus
731 1160 821 1228 qui
853 1159 1004 1213 nobis
1046 1160 1212 1213 etiam
1254 1155 1569 1226 Opituletur,
1601 1165 1660 1209 ut
1689 1154 1882 1226 Moysi,
1910 1155 2021 1208 eri-

443 1252 660 1320 piatque
713 1266 814 1303 nos
861 1264 891 1303 e
935 1248 1183 1302 manibus
1214 1245 1553 1300 inimicorum
1587 1252 1916 1307 nostrorum,
1960 1251 2018 1296 ut

441 1341 516 1394 illi
570 1341 837 1410 possimus
882 1352 1077 1393 canere
1119 1339 1387 1392 canticum
1425 1350 1646 1395 novum.
1682 1344 1737 1389 et
1781 1334 1966 1389 dicere
2000 1351 2012 1386 :

443 1429 725 1483 Cantemus
767 1428 990 1481 Domino
1015 1443 1033 1480 ε
1074 1427 1298 1496 gloriose
1342 1425 1477 1478 enim
1524 1423 1891 1494 magniﬁcatus
1923 1433 2020 1477 est.

440 1517 704 1570 Caeterum
761 1517 1029 1584 quomodo
1076 1515 1371 1581 poterimus
1427 1513 1539 1566 haec
1589 1512 1942 1579 pronuntiare
1974 1511 2018 1566 si

447 1608 689 1662 hostibus
709 1610 904 1661 nostris
934 1621 1239 1674 pareamus,
1267 1615 1320 1658 et
1350 1603 1626 1657 voluntate
1654 1602 1704 1655 in
1729 1599 2021 1671 Egyptqu

2117 421 2358 476 cordiam
2390 421 2663 490 impetret.
2689 422 2788 490 Qui
2816 433 3103 478 accusatur
3135 438 3164 476 a
3196 425 3359 480 corde
3403 441 3527 490 suo,
3567 443 3706 480 non-

2118 516 2242 568 dum
2279 512 2709 569 misericordiam
2744 514 3073 584 impetravit.
3121 515 3176 570 Si
3209 516 3288 570 vis
3314 516 3466 584 sequi
3519 517 3706 571 Domi-

2120 621 2246 660 num
2273 615 2517 683 nostrum
2537 605 2718 661 Iesum
2738 605 3037 670 Christum.
3065 621 3220 662 serva
3237 622 3539 662 sermonem
3560 609 3706 678 ejus.

2120 696 2176 750 Si
2209 707 2441 751 veterem
2466 696 2735 752 hominem
2762 698 2842 752 vis
2874 714 2993 752 cum
3029 698 3143 768 ipso
3170 701 3525 769 suSpendere,
3547 702 3710 757 abiis

2119 787 2211 857 qui
2259 802 2288 841 a
2345 801 2507 842 cruce
2565 797 2616 842 te
2671 797 2950 852 revocant,
2993 789 3156 844 debes
3201 790 3531 852 abhorrere;
3559 799 3624 843 et
3659 804 3709 847 te

2121 879 2294 947 ipsum
2319 878 2680 946 assuefacere,
2703 888 2757 933 ut
2789 896 2944 950 (equo
2971 881 3150 936 animo
3185 881 3350 949 feras,
3374 884 3419 937 si
3451 892 3708 938 cantem-

2122 971 2309 1037 naris;
2342 979 2397 1025 et
2425 970 2516 1040 qui
2557 982 2606 1026 te
2651 970 2895 1026 alliciunt
2923 973 3138 1042 injuria,
3174 973 3386 1044 diligas,
3425 984 3482 1029 et
3514 985 3569 1030 te
3603 974 3709 1032 illis

2121 1061 2376 1138 humilem
2430 1061 2690 1132 prmbeas.
2730 1072 2784 1118 et
2825 1063 2930 1118 tuis
2956 1064 3343 1133 cupiditatibus
3369 1065 3704 1127 domineris.

2121 1164 2282 1224 atque
2312 1154 2424 1210 oris
2458 1155 2730 1210 silentium
2767 1155 3062 1221 custodias,
3091 1158 3362 1212 neminem
3402 1159 3626 1227 judices
3657 1161 3708 1214 in

2121 1243 2280 1298 corde
2310 1254 2422 1301 tuo.
2456 1244 2557 1310 Qui
2600 1245 2834 1312 quietem
2865 1255 2921 1299 et
2949 1245 3219 1300 silentium
3262 1247 3409 1311 colit,
3449 1247 3709 1302 timorem

2122 1334 2314 1389 habeat
2344 1335 2446 1388 sibi
2477 1337 2814 1391 occurrentis
2863 1337 2977 1390 Dei.
3028 1336 3120 1390 Dei
3153 1337 3316 1391 timor
3351 1353 3455 1392 non
3504 1347 3598 1392 est
3654 1339 3706 1391 in

2123 1426 2236 1491 illo,
2277 1427 2367 1496 qui
2423 1437 2648 1497 peccato
2687 1429 3045 1500 obtemperat,
3086 1441 3141 1484 et
3171 1441 3295 1499 eget
3328 1430 3705 1488 misericordia

2123 1514 2240 1570 Dei.

2197 1605 2258 1660 ll.
2297 1605 2407 1662 lloc
2429 1623 2592 1677 grave
2620 1618 2703 1664 est
2732 1611 2872 1678 quod
2903 1609 3228 1678 probitatem
3261 1611 3314 1666 in
3357 1626 3470 1674 ore,
3496 1612 3708 1683 iniqui-

443 1708 812 1762 revertamur,
863 1697 1307 1764 concupiscentes
1344 1710 1404 1749 ea
1437 1709 1555 1762 quae
1596 1693 1724 1748 olim
1776 1693 2026 1748 comede-
2058 1679 2099 1734 Β
2130 1708 2291 1754 tatem
2333 1709 2387 1753 et
2430 1699 2684 1754 malitiam
2721 1701 2772 1755 in
2800 1701 2965 1756 corde
3005 1704 3267 1772 gerimus.
3315 1703 3430 1758 Nisi
3478 1679 3618 1774 quis.
3640 1706 3706 1759 ad

447 1789 659 1853 bamus,
687 1797 740 1841 et
774 1788 1068 1841 clamantes
1103 1785 1167 1839 ad
1196 1787 1374 1839 Aaron
1403 1801 1415 1838 :
1449 1783 1559 1838 Fac
1583 1783 1726 1842 nobis
1752 1783 1896 1847 deos,
1935 1782 2026 1850 qui

439 1882 737 1950 prazcedant
777 1891 822 1934 et
863 1881 1112 1933 reducant
1142 1894 1233 1932 nos
1273 1879 1325 1930 in
1353 1875 1745 1945 ZEgyptum“:
1789 1875 2025 1942 displicet

441 1976 578 2026 enim
623 1973 767 2025 nobis
808 1972 906 2025 iste
946 1971 1090 2024 cibus
1117 1968 1411 2040 spiritualis
1436 1968 1500 2021 ‘7.
1532 1965 1729 2020 Potens
1766 1973 1850 2019 est
1890 1965 2027 2018 Deus

444 2065 654 2118 mittere
674 2063 889 2132 Moysen
915 2064 980 2114 ad
1007 2076 1124 2126 nos,
1150 2060 1241 2129 qui
1269 2053 1515 2112 coutera‘t
1537 2057 1761 2112 vitulum
1781 2053 2027 2110 conﬂati-

442 2155 569 2219 lem,
594 2169 689 2223 per
717 2168 876 2222 quem
898 2153 964 2206 ad
995 2153 1127 2205 iram
1156 2164 1272 2204 eum
1307 2163 1685 2220 provocamus.
1717 2145 1916 2201 Potens
1945 2155 2028 2200 est

449 2248 591 2302 Deus
615 2248 706 2318 qui
738 2248 893 2302 nobis
924 2247 1148 2316 largitus
1175 2250 1258 2297 est
1300 2240 1636 2311 paenitentia:
1661 2238 1882 2300 donum,
1928 2251 2026 2289 nos

450 2341 644 2395 iterum
679 2339 745 2392 ad
776 2353 834 2392 se
867 2346 1210 2397 convertere.
1238 2345 1292 2388 et
1327 2331 1542 2403 Moysen
1584 2329 1932 2391 conﬁrmare,
1969 2338 2028 2382 ut

443 2447 542 2502 pro
576 2431 734 2485 nobis
763 2439 1011 2500 precetur
1032 2438 1087 2481 et
1113 2427 1256 2480 dicat
1289 2443 1302 2478 :
1347 2423 1405 2478 Si
1434 2424 1642 2492 quidem
1670 2421 1891 2474 dimittis
1921 2419 2025 2472 illis

443 2531 746 2592 peccatum,
768 2521 1006 2583 dimitte;
1030 2519 1112 2571 sin
1133 2519 1328 2579 minus,
1354 2515 1470 2568 dele
1494 2529 1572 2566 me
1598 2515 1660 2568 de
1683 2515 1819 2565 libro
1848 2513 2026 2565 viven-

444 2617 574 2667 tium
597 2613 664 2666 ⁸⁸.
695 2609 1084 2666 Corroborabit
1116 2617 1171 2663 et
1215 2606 1378 2661 Josue
1403 2608 1454 2660 in
1492 2614 1752 2674 tempore,
1781 2619 1888 2672 quo
1925 2604 2022 2657 de-

444 2705 658 2758 leantur
714 2708 918 2770 septem
952 2707 1173 2766 gentes,
1217 2697 1359 2751 utin
1401 2705 1599 2749 terram
1648 2693 2024 2763 promissionis

443 2808 543 2848 nos
579 2791 924 2856 iutroducat;
953 2797 1005 2843 et
1034 2789 1196 2842 Israel
1225 2787 1458 2856 accipiat
1511 2785 1882 2839 hazreditatem
1919 2785 2021 2837 ha-

444 2883 624 2936 bitans
669 2882 719 2934 in
755 2881 839 2934 illa
871 2877 1308 2934 commodissime
1349 2878 1400 2931 iu
1433 2875 1627 2930 saecula
1667 2875 2013 2939 saaculorum,

443 2976 636 3030 Amen.
668 2973 838 3040 Ipsius
865 2969 1072 3025 Domini
1105 2970 1274 3024 nostri
1307 2966 1433 3024 Jesu
1459 2967 1659 3023 Christi
1687 2975 1775 3022 est
1809 2966 2019 3021 lortitu-
2050 3009 2093 3068 ϐ

443 3067 533 3129 do,
567 3065 735 3134 ipsius
771 3073 851 3118 est
875 3061 1158 3126 auxilium,
1194 3061 1363 3130 ipsius
1393 3069 1473 3114 est
1510 3061 1806 3128 protectio,
1854 3057 2022 3127 ipsius

440 3167 526 3213 est
550 3157 840 3226 sapientia,
873 3155 1044 3224 ipsius
1079 3163 1164 3208 est
1192 3153 1458 3208 custodia.
1500 3153 1616 3220 Ipse
1649 3152 1703 3205 iu
1756 3151 1910 3205 nobis
1939 3159 2025 3204 est

444 3249 512 3301 ad
546 3249 770 3318 gloriam
795 3257 850 3302 et
873 3248 1140 3310 honorem
1180 3242 1484 3305 DciPatris.
1511 3253 1566 3298 et
1589 3242 1762 3296 sancti
1787 3240 2022 3310 Spiritus

443 3349 568 3394 ante
600 3338 793 3394 saecula
825 3337 1169 3393 saeculorum.
1208 3336 1405 3389 Amen.
1455 3333 1512 3388 Si
1563 3333 1679 3388 haec
1727 3329 1978 3400 intelligis
2003 3370 2019 3394 ,

445 3434 630 3496 l'rater,
661 3445 878 3498 Operam
903 3430 970 3483 da
1012 3437 1166 3482 ut‘ea
1210 3428 1489 3496 perlicias;
1526 3434 1582 3480 et
1602 3422 1865 3478 Dominus
1895 3436 2019 3491 pro-

445 3534 586 3592 te.ch
627 3532 678 3576 te
702 3524 753 3574 in
784 3522 914 3576 liora
940 3518 1272 3573 teutationis.
1297 3517 1491 3571 Amen.

994 3627 1250 3687 ORATIO
1288 3627 1477 3684 XXVI.

442 3727 591 3783 Beati
617 3725 776 3779 Isaia:
798 3725 999 3778 abbatis
1029 3724 1193 3786 dicta,
1217 3719 1552 3793 quwl’etrus
1577 3719 1738 3773 abbas
1780 3720 1986 3793 tliscipu
2003 3748 2018 3758 -

541 3798 622 3850 lus
645 3798 759 3864 ejus
786 3811 852 3848 ea:
875 3795 965 3848 illo
987 3794 1206 3861 accepit,
1228 3791 1283 3845 et
1317 3792 1497 3844 liberis
1522 3791 1925 3844 commendarit.

516 3891 556 3944 I.
591 3889 809 3943 Dicebat
837 3886 997 3940 Pater
1031 3902 1182 3942 meus
1215 3903 1228 3939 :
1264 3885 1443 3940 Fortis
1474 3893 1590 3939 esto
1625 3885 1680 3937 in
1738 3883 1821 3937 his
1850 3883 2019 3937 corri-

446 3982 633 4052 gendis
694 3995 815 4050 qua:
863 3979 1105 4049 indigent
1155 3977 1508 4032 correctione.
1575 3974 1758 4030 Animi
1811 3975 2018 4044 puritas

445 4088 629 4147 gratas
663 4075 774 4130 Deo
808 4073 983 4129 fundit
1029 4085 1236 4142 preces.
1273 4069 1370 4124 Dei
1399 4069 1558 4123 timor
1589 4077 1642 4121 et
1671 4067 1914 4136 angustia
1941 4067 2019 4120 la-

441 4171 547 4225 cile
594 4167 804 4223 veniam
847 4167 1134 4234 impetrant
1190 4173 1559 4232 peccatorum.
1598 4158 1867 4223 llominis,
1925 4159 2015 4227 qui

443 4261 662 4315 ultionis
713 4269 795 4314 est
842 4258 1095 4328 cupidus,
1145 4254 1411 4311 sacriﬁcia
1448 4264 1571 4308 sunt
1631 4267 1786 4306 vana.
1844 4251 2015 4321 Hujus

2128 1800 2354 1845 mortem
2374 1805 2543 1860 usque
2558 1791 2915 1858 contenderit,
2933 1802 3195 1862 utcorpus
3210 1808 3366 1849 suum
3389 1795 3492 1850 tale
3515 1799 3706 1850 reddat

2128 1879 2286 1950 quale
2315 1879 2412 1934 luit
2443 1880 2624 1935 dilecti
2655 1879 2800 1946 Iesu,
2831 1895 2935 1936 non
2965 1869 3202 1938 occurrit
3234 1884 3308 1938 illi
3337 1901 3458 1939 cum
3491 1886 3704 1948 latitia,

2126 1987 2228 2026 nec
2254 1973 2323 2025 ab
2350 1971 2544 2026 acerba
2593 1972 2858 2027 servitute
2905 1972 3184 2030 liberatur.
3232 1974 3496 2030 Dicebat:
3533 1976 3703 2032 Mise-

2127 2079 2266 2126 rere,
2319 2065 2598 2131 miserere,
2649 2065 2900 2132 quoniam
2943 2065 3145 2120 decidit
3202 2069 3380 2122 anima
3438 2084 3559 2123 mea
3597 2089 3614 2123 :
3652 2071 3702 2124 ia

2125 2153 2270 2222 quali
2306 2153 2539 2223 puritate
2567 2163 2748 2207 creata
2775 2152 2909 2206 fuit?
2945 2151 3002 2206 in
3039 2167 3142 2222 qua
3189 2156 3452 2210 servitute
3484 2157 3705 2214 detine-

2127 2242 2251 2297 tur?
2273 2244 2359 2296 cui
2393 2244 2614 2298 vanitati
2644 2244 2903 2298 obstricta
2927 2243 3050 2298 est?
3082 2245 3281 2302 llortor
3309 2255 3362 2300 te
3398 2247 3532 2318 (21),
3574 2251 3702 2303 dum

2125 2347 2186 2386 es
2215 2331 2266 2386 in
2290 2347 2532 2402 corpore,
2575 2349 2642 2388 ne
2671 2351 2766 2389 cor
2798 2347 2948 2390 tuum
2980 2337 3198 2392 liberes.
3233 2338 3703 2404 Quemadmodum

2123 2424 2265 2476 enim
2303 2422 2461 2478 homo
2504 2427 2617 2494 agri
2665 2426 2744 2480 sui
2778 2426 2984 2483 fructus
3019 2429 3250 2485 incertos
3300 2439 3472 2499 putat,
3525 2431 3702 2487 donec

2125 2529 2220 2568 eos
2249 2516 2300 2567 in
2335 2513 2530 2570 horrea
2561 2532 2657 2570 sua
2686 2518 3035 2574 condiderit:
3069 2521 3142 2575 ita
3175 2536 3312 2589 quos
3352 2536 3385 2577 e
3409 2521 3578 2577 corde
3611 2533 3701 2578 tuo

2125 2604 2332 2660 fructus
2353 2605 2428 2659 sis
2461 2617 2836 2674 percepturus,
2862 2607 3102 2663 incertus
3130 2623 3212 2675 es,
3263 2610 3432 2665 donec
3463 2612 3515 2664 iu
3561 2615 3703 2668 nari-

2124 2694 2225 2748 bus
2263 2694 2508 2764 spiritum
2543 2696 2710 2751 habes
2729 2695 2796 2750 δ’.
2833 2695 3300 2763 Quemadmodum
3339 2700 3503 2756 homo
3527 2715 3557 2754 a
3594 2718 3700 2772 quo

2128 2785 2260 2841 vitio
2292 2786 2361 2840 sit
2389 2788 2802 2856 oppugnandus,
2827 2788 2894 2840 ad
2920 2798 3222 2843 extremum
3257 2806 3426 2860 usque
3448 2793 3698 2860 spiritum

2125 2878 2264 2932 scire
2283 2893 2386 2932 non
2411 2885 2586 2946 potest
2616 2895 2630 2931 :
2676 2878 2746 2932 ita
2778 2877 3007 2933 liberare
3035 2893 3132 2934 cor
3156 2895 3310 2934 suum
3337 2885 3545 2952 nequit,
3572 2886 3697 2938 dum

2126 2967 2316 3036 spirat,
2351 2967 2443 3022 sed
2477 2967 2693 3022 assidue
2724 2966 2816 3039 Dei
2873 2966 3133 3020 auxilium
3186 2977 3240 3022 et
3272 2970 3698 3026 misericordiam

2126 3058 2284 3112 debet
2313 3057 2621 3126 implorare.
2675 3055 2905 3124 Qumsivi
2936 3072 3001 3111 ex
3031 3073 3095 3112 eo
3123 3058 3249 3127 quid
3295 3061 3370 3115 sit
3399 3061 3698 3127 humilitas,

2124 3159 2177 3204 et
2211 3152 2477 3218 quomodo
2513 3153 2904 3221 comparetur?
2936 3151 3232 3222 ReSpondit
3263 3170 3276 3204 :
3311 3151 3599 3208 liumilitas
3621 3166 3699 3210 est

2123 3239 2452 3303 ohedientia,
2485 3250 2539 3294 et
2587 3242 2820 3312 propria:
2846 3241 3139 3296 voluntatis
3167 3242 3477 3312 abnegatio.
3515 3243 3700 3299 [lumi-

2124 3330 2246 3385 litas
2289 3341 2374 3385 est
2419 3331 2660 3402 aﬁligere
2718 3347 2798 3396 se,
2854 3333 3035 3388 cordis
3076 3334 3362 3401 puritatem
3420 3335 3696 3404 amplecti,

2124 3425 2353 3495 proximi
2423 3425 2776 3481 contumelias
2828 3437 2882 3480 et
2937 3424 3162 3494 injurias
3217 3426 3450 3482 libenter
3529 3429 3691 3482 ferre.

2122 3518 2337 3579 Beatus,
2391 3517 2586 3587 inquit,
2627 3517 2718 3588 qui
2752 3532 2948 3571 novum
2983 3519 3153 3572 induit
3200 3519 3496 3584 hominem,
3545 3530 3694 3575 ante-

2123 3627 2282 3680 quam
2319 3610 2534 3666 Christo
2568 3620 2856 3664 occurrat:
2889 3607 3028 3663 Caro
3080 3612 3216 3663 enim
3259 3620 3306 3663 et
3347 3614 3596 3681 sanguis,
3642 3622 3718 3668 ut-

2123 3702 2199 3755 ait
2232 3701 2543 3770 Apostolus,
2591 3718 2804 3772 regnum
2835 3700 2928 3754 Dei
2961 3699 3230 3770 possidere
3261 3718 3362 3780 non
3395 3715 3614 3768 possunt
3629 3703 3689 3757 "°.

2129 3792 2271 3847 Idem
2304 3809 2316 3844 :
2361 3793 2494 3845 Dum
2528 3791 2717 3860 selum,
2757 3794 2950 3862 inquit,
3003 3805 3048 3846 et
3083 3794 3466 3849 contentionem
3500 3797 3694 3850 habetis

2120 3880 2258 3931 inter
2289 3895 2396 3942 cos,
2422 3895 2588 3933 nonne
2615 3880 2855 3934 carnales
2882 3883 3024 3946 estis,
3051 3893 3097 3935 et
3117 3885 3401 3936 secundum
3434 3885 3691 3938 hominem

2119 3971 2504 4024 cumulatis“?
2530 3971 2673 4034 Ideo,
2712 3972 2904 4042 inquit,
2934 3976 3011 4028 sic
3044 3974 3329 4045 alﬁigitnur
3355 3978 3420 4030 ah
3455 3979 3692 4032 inimicis

2122 4063 2356 4126 nostris,
2398 4063 2524 4130 quia
2571 4072 2788 4118 nostras
2829 4064 3173 4120 inﬁrmitates
3215 4065 3551 4136 ignoramus,
3602 4085 3692 4123 nec

2118 4155 2460 4210 considerate
2517 4154 2721 4210 luctum
2777 4156 3175 4227 amplectimur.
3235 4160 3494 4228 Aperiret
3554 4163 3692 4216 enim

2121 4247 2273 4302 nobis
2306 4256 2526 4316 peccata
2558 4257 2742 4302 nostra
2765 4289 2784 4313 ,
2833 4263 2951 4318 quae
2984 4249 3212 4318 quidem
3249 4253 3404 4306 nobis
3448 4253 3495 4307 si
3545 4254 3693 4323 plane

441 4353 701 4421 temporis
721 4349 826 4406 noli
859 4349 1140 4404 consilium
1174 4347 1547 4402 autrationem
1578 4359 1882 4413 requirere,
1913 4361 2012 4399 nec
2047 4344 2090 4399 D
2119 4350 2299 4394 essent
2319 4339 2552 4409 cognita,
2583 4337 2880 4395 deteriores
2902 4355 2998 4396 nos
3028 4341 3404 4399 meretricibus
3418 4345 3694 4400 existimao

445 4444 738 4513 requirenti
771 4442 865 4497 tibi
895 4440 1125 4496 conﬁde.
1162 4441 1227 4494 Et
1261 4454 1354 4495 cos
1393 4439 1611 4493 attende
1650 4442 1739 4507 qui
1787 4441 1926 4492 intra
1967 4447 2017 4491 te

443 4537 767 4604 loquuntur;
805 4542 859 4587 et
890 4532 1053 4587 Deum
1084 4547 1201 4596 ora,
1225 4541 1282 4585 ιιι
1311 4541 1363 4586 te
1397 4533 1590 4585 doceat
1619 4543 1780 4598 quem
1809 4545 1873 4584 ex
1909 4530 2015 4584 illis

441 4629 642 4683 debeas
685 4627 892 4680 audire.
930 4623 1074 4678 Cave
1119 4638 1187 4678 ne
1237 4623 1379 4677 aliud
1420 4623 1471 4675 iu
1519 4622 1723 4690 lingua,
1781 4621 1922 4675 aliud
1960 4624 2013 4676 in

440 4720 604 4775 corde
631 4728 933 4788 promptum
973 4715 1192 4770 habeas.
1226 4715 1324 4782 Qui
1364 4713 1585 4782 supplex
1618 4729 1678 4768 sc
1727 4711 2019 4782 prosternit

441 4821 567 4865 ante
599 4811 786 4871 Deum.
840 4819 895 4864 et
933 4808 1024 4876 qui
1052 4822 1174 4861 cum
1226 4804 1531 4859 humilitate
1561 4805 1812 4857 mandata
1846 4805 2016 4872 audit,

443 4902 766 4958 charitatem
797 4901 1125 4968 assequitur.
1153 4897 1398 4952 Charitas
1431 4905 1607 4950 autem
1647 4896 1776 4950 vitia
1810 4904 1864 4949 et
1898 4910 2018 4963 per-

444 4991 776 5046 turbationes
803 4989 1043 5057 expellit.
1077 4987 1176 5055 Qui
1210 5001 1270 5042 se
1300 4986 1471 5056 quieti
1505 4995 1560 5039 et
1584 4985 1805 5040 silentio
1833 4985 2016 5048 tradit,

443 5084 656 5138 assidue
705 5082 1015 5136 consideret
1045 5091 1224 5134 utrum
1271 5095 1366 5134 eos
1401 5078 1652 5144 eﬁ‘ugerit
1678 5077 2018 5132 adversarios

443 5176 655 5242 quinos
684 5175 735 5228 in
770 5188 894 5228 aere
923 5180 1253 5242 oppugnant,
1291 5178 1344 5224 et
1381 5173 1448 5224 ab
1497 5173 1578 5225 eis
1630 5169 1887 5223 liberatus
1920 5167 2015 5221 sit.

443 5267 687 5333 Quandiu
718 5265 858 5320 enim
891 5279 1078 5319 eorum
1114 5262 1358 5318 servituti
1414 5262 1688 5330 subjectus
1735 5267 1854 5323 est,
1905 5272 2012 5310 non

515 5422 559 5453 ⁸⁸
583 5421 749 5476 Exod.
791 5436 901 5478 xw.
934 5420 1021 5483 15,
1053 5420 1136 5474 lli.
1238 5421 1284 5452 “
1316 5417 1485 5473 Exod.
1521 5432 1692 5479 xxxii,
1727 5416 1779 5468 1.

443 5493 537 5545 ⁸⁸1
577 5494 702 5546 Cor.
735 5508 819 5557 xv,
849 5493 934 5547 50.
1013 5493 1055 5522 ⁶¹
1095 5490 1268 5546 lCor.
1307 5506 1389 5554 ιιι,
1438 5489 1491 5544 5.

1857 5413 1898 5444 ⁸⁷
1936 5410 2095 5466 Num.
2120 5425 2231 5475 xxi,
2263 5412 2316 5466 5.

2127 4445 2330 4485 remus.
2386 4429 2492 4484 Illa:
2550 4429 2694 4483 enim
2743 4429 2920 4499 palam
2958 4440 3222 4500 peccant,
3272 4434 3397 4502 quia
3453 4435 3695 4503 ignorant

2119 4521 2308 4575 Deum.
2339 4519 2450 4576 Nos
2478 4533 2657 4576 autem
2698 4522 2787 4591 qui
2836 4522 2924 4577 Dei
2958 4524 3314 4593 cognitionem
3355 4528 3692 4595 proﬁtemur,

2120 4622 2346 4684 peccato
2382 4622 2558 4666 tamen
2609 4612 2950 4668 inservimus.
2986 4614 3087 4680 Qui
3125 4615 3353 4670 sustinet
3399 4619 3692 4686 reprehen-

2122 4706 2352 4772 sionem,
2403 4715 2456 4758 et
2498 4705 2741 4775 proximo
2785 4704 3004 4772 subiicit
3043 4705 3368 4760 voluntatem
3425 4723 3581 4762 suam
3629 4723 3692 4762 no

2127 4795 2268 4851 Deus
2303 4797 2578 4851 inimicum
2613 4797 2664 4852 in
2695 4797 2927 4851 medium
2961 4797 3178 4866 prodire
3207 4799 3366 4860 sinat.
3398 4813 3458 4853 se
3489 4815 3692 4853 merce-

2125 4891 2334 4943 narium
2367 4889 2625 4944 ostendit.
2659 4887 2716 4942 Si
2749 4888 2888 4941 enim
2943 4888 3172 4960 ingenue
3202 4889 3267 4943 ad
3319 4888 3536 4943 Domini
3573 4889 3693 4956 Jesu

2117 4979 2281 5049 pedes
2337 4979 2458 5034 sese
2492 4978 2804 5047 subiiceret,
2855 4978 3098 5033 studeret
3151 4979 3382 5049 propriae
3430 4979 3692 5034 voluntati

2115 5072 2446 5134 renuntiare,
2486 5085 2552 5124 ne
2584 5072 2649 5124 ah
2669 5070 2886 5124 amabili
2916 5071 3146 5124 Domino
3172 5085 3268 5124 suo
3293 5069 3694 5139 sejungerctur.

2114 5164 2216 5229 Qui
2280 5164 2552 5234 propriam
2608 5164 2851 5232 sequitur
2882 5163 3236 5227 voluntatem,
3288 5177 3354 5217 ne
3386 5179 3512 5218 cum
3545 5162 3694 5216 bonis

2112 5253 2327 5325 quidem
2353 5243 2538 5325 pacem
2567 5255 2746 5320 habet,
2777 5263 3119 5326 contemptus
3149 5255 3292 5308 enim
3316 5263 3373 5308 et
3396 5254 3475 5308 ira
3496 5265 3547 5308 et
3581 5267 3683 5307 con

2395 5412 2437 5444 "’
2463 5411 2632 5467 Exod.
2670 5428 2841 5476 xxx",
2878 5385 2966 5476 5|,
2997 5409 3085 5465 δί.
3184 5409 3227 5442 δ’
3269 5407 3371 5464 Job
3423 5424 3597 5474 nm,
3635 5402 3688 5463 5.

515 5651 626 5718 (2|)
688 5649 882 5708 llortor
913 5664 961 5708 te
987 5682 1049 5692 -ο
1082 5651 1384 5718 implorare.
1427 5645 1610 5704 Graeca
1668 5641 1826 5714 hujus
1890 5640 1990 5698 loci
2028 5639 2193 5696 habes
2223 5639 2360 5694 infra
2390 5654 2502 5706 cap.
2535 5637 2619 5704 l9,
2662 5651 2726 5692 ex
2767 5635 2835 5692 iis
2865 5649 2982 5701 qua:
3017 5632 3183 5690 edidit
3217 5629 3500 5688 Pessinus.
