3888 6284
222 369 365 436 1195

1320 376 1380 433 s.
1423 377 1624 434 ISAUE
1662 377 1954 440 sanans
1991 368 2405 443 ORATIONES.

3347 402 3369 456 I
3385 399 3481 457 ’.94

218 486 393 541 tctttio
438 485 490 540 in
532 486 646 554 ejus
685 488 850 544 corde
878 490 1076 560 vigent.
1111 490 1210 559 Qui
1261 509 1318 550 se
1366 513 1557 553 curare
1616 510 1792 570 negat,
1827 507 1872 562 Α
1903 512 2001 556 lem
2028 514 2075 558 et
2096 503 2395 574 inﬁdelibus
2417 505 2547 560 nihil
2568 518 2642 562 est
2661 513 2931 576 mundum,
2955 515 3043 568 sed
3063 515 3482 586 iuquinatcestmt

213 576 350 644 quid
379 585 474 631 aut
503 577 760 647 loquatur
782 589 876 634 aut
911 583 1117 649 audiat,
1146 599 1292 640 caeco
1322 585 1516 644 similis
1559 600 1662 656 est,
1711 594 1802 662 qui

216 678 330 722 tam
360 669 524 734 intus,
557 683 720 738 quam
753 670 890 726 foris
921 673 1096 730 lumen
1131 692 1235 732 non
1262 679 1427 734 videt.
1453 681 1552 749 Qui
1587 685 1804 740 assidue

211 759 426 828 cogitat
454 769 676 830 peccata
709 777 829 826 sua,
863 763 1102 832 linguam
1139 782 1245 823 non
1294 770 1495 841 habet,
1537 788 1642 845 qua
1695 776 1801 831 ullo

211 851 284 904 de
313 852 532 906 homine
562 853 726 908 verba
758 853 942 914 faciat.

293 942 378 996 III.
413 943 545 1010 Qua:
591 947 774 1001 mundi
821 958 982 1013 sunt,
1038 960 1094 1005 et
1144 953 1312 1021 ipsam
1347 954 1507 1009 etiam
1556 960 1800 1028 corpouis

209 1037 456 1104 quietem
500 1037 624 1092 odio
671 1052 1032 1109 persequere,
1084 1045 1339 1113 quoniam
1381 1058 1613 1101 avocant
1652 1059 1703 1103 te
1733 1051 1799 1104 ab

208 1126 455 1182 amicitia
495 1127 611 1182 Dei.
655 1127 810 1183 Sicut
836 1131 927 1199 qui
958 1131 1121 1188 habet
1168 1134 1468 1200 inimicum,
1526 1153 1646 1191 cum
1707 1139 1797 1194 illo

207 1228 442 1289 pugnat,
487 1221 559 1272 ita
590 1234 688 1275 nos
742 1235 862 1276 cum
895 1237 1126 1292 corpore
1170 1235 1358 1282 nostro
1388 1228 1647 1283 debemus
1695 1245 1795 1300 pu-

205 1325 401 1381 gnare,
432 1324 608 1382 neque
631 1311 706 1366 illi
732 1312 904 1367 otium
931 1325 1022 1367 aut
1060 1317 1296 1384 quietem
1341 1308 1659 1376 concedere.
1693 1321 1792 1389 Qui

205 1402 382 1455 Deum
435 1411 603 1469 amat,
645 1403 1006 1473 cogitationes
1059 1422 1186 1462 suas
1241 1409 1402 1464 debet
1444 1414 1791 1481 expendere,

203 1502 393 1545 utrum
421 1506 488 1546 ex
526 1507 755 1563 corpore
784 1493 927 1560 sint,
973 1512 1162 1553 necne.
1202 1498 1453 1565 Quandin
1484 1503 1630 1557 enim
1677 1517 1792 1561 con

204 1581 360 1649 poris
409 1583 554 1637 curis
595 1583 886 1650 detinetur,
908 1578 1024 1642 non
1056 1597 1138 1643 est
1174 1605 1305 1659 pura
1341 1591 1432 1645 Dei
1464 1607 1678 1661 sponsa.
1707 1595 1792 1650 In-

209 1681 521 1742 terrogatus
575 1690 604 1728 a
660 1689 746 1729 me
803 1678 931 1747 qttid
989 1679 1091 1734 sibi
1166 1682 1324 1738 vellet
1383 1700 1445 1739 ea
1505 1689 1787 1755 precatio,

202 1762 584 1832 Sancti/iretur
612 1782 797 1821 nomen
827 1777 974 1822 tuum
1000 1771 1078 1825 "z
1118 1773 1422 1828 Perfectum
1451 1785 1555 1836 est.
1593 1778 1784 1848 inquit,

1904 611 2086 648 eorum
2132 605 2181 649 et
2221 613 2364 651 mens
2390 607 2437 651 et
2459 599 2852 655 conscientia“.
2887 603 2942 656 Si
2966 606 3107 659 enim
3132 622 3232 676 ego
3261 619 3483 666 sanctus

1905 699 2059 749 sum,
2100 687 2190 754 qui
2242 697 2365 740 sunt
2406 688 2496 742 isti
2544 689 2634 758 qui
2685 703 2978 760 operantur
3013 694 3076 761 in
3098 698 3220 752 me?
3254 697 3384 753 Cttm
3413 715 3480 756 ex

1907 777 1996 829 illo
2035 777 2387 856 qua-sissent,
2445 779 2570 847 quid
2608 790 2752 835 esset
2800 782 2960 837 timor
2999 782 3114 850 Dei,
3155 789 3477 856 I'CSIlOI'ldil:

1903 867 2091 921 Timor
2128 867 2218 920 Dei
2268 853 2386 922 nou.
2409 880 2491 924 est
2530 871 2581 924 in
2611 871 2703 926 illo
2736 874 2828 943 qui
2877 883 3031 944 paret
3069 853 3306 934 inimicis
3340 879 3475 946 ejus.

1905 959 2136 1013 Rursum
2173 960 2421 1027 quaesivi,
2451 977 2610 1031 quem
2652 964 2874 1020 duceret
2911 982 3033 1022 esse
3092 984 3306 1024 servum
3360 972 3474 1026 Dei.

1902 1047 1995 1102 Ille
2030 1048 2122 1104 Dei
2165 1065 2380 1116 servus,
2432 1053 2629 1122 inquit,
2672 1071 2778 1110 non
2819 1067 2904 1112 est
2930 1059 3346 1126 existimandus,
3383 1067 3476 1133 qui

1901 1141 2134 1208 propriis
2175 1143 2514 1212 obtemperat
2548 1146 2956 1214 cupiditatibus.
3011 1149 3108 1204 Cui
3155 1153 3300 1206 enim
3349 1155 3474 1222 quis

1900 1234 2160 1301 imperat,
2201 1235 2245 1289 is
2275 1236 2390 1305 ejus
2419 1246 2500 1291 est
2537 1237 2810 1295 dominus.
2856 1238 2952 1295 Hei
2984 1244 3138 1306 mihi,
3179 1243 3264 1298 hei
3304 1243 3469 1310 mihi,

1899 1325 2136 1391 dicebat,
2165 1327 2253 1395 qui
2292 1342 2397 1381 non
2429 1329 2608 1383 studui
2656 1346 2742 1385 me
2771 1346 2962 1400 purum
2999 1342 3052 1388 et
3077 1345 3320 1390 sanctum
3348 1337 3470 1391 red-

1896 1417 2041 1481 dere,
2073 1430 2131 1472 ut
2163 1419 2590 1474 misericordiam
2626 1423 2886 1494 consequi
2937 1439 3147 1492 possem
3177 1427 3191 1481 !
3231 1425 3344 1482 Heu
3388 1442 3472 1483 me

1898 1509 2176 1576 miserum,
2209 1509 2300 1580 qui
2342 1521 2399 1565 ut
2431 1525 2712 1582 regnarent
2751 1495 2872 1568 eum
2904 1515 3145 1581 Christo,
3180 1534 3326 1574 meos
3361 1519 3471 1574 ini-

1896 1601 2065 1656 mices
2092 1616 2348 1670 superare
2375 1618 2478 1656 non
2508 1607 2792 1659 contendi!
2831 1605 2943 1661 Heu
2975 1624 3058 1662 me
3086 1611 3468 1682 miserum,qui

1892 1705 1957 1745 ex
1992 1693 2211 1746 nomine
2236 1702 2328 1746 tuo
2352 1695 2612 1762 appellor,
2657 1697 2904 1762 Domine,
2937 1708 2989 1753 et
3018 1701 3195 1754 servio
3236 1702 3470 1758 inimicis

1895 1785 2038 1838 tuis!
2081 1783 2178 1839 Hei
2212 1785 2364 1850 mihi,
2405 1787 2490 1840 hei
2529 1789 2682 1854 mibi,
2728 1790 2850 1858 quia
2892 1806 3084 1847 vescor
3115 1794 3178 1848 iis
3208 1810 3325 1864 quae
3354 1794 3467 1850 Rex

201 1855 461 1920 quoniam
513 1856 607 1912 Dei
659 1873 854 1913 numen
907 1862 959 1915 in
995 1864 1150 1918 nobis
1181 1867 1515 1922 sanctificari
1548 1885 1653 1924 non
1689 1887 1784 1941 po-
1821 1858 1862 1912 Β
1893 1891 2045 1931 meus
2091 1878 2412 1945 detestatur,
2449 1890 2502 1935 et
2547 1880 2668 1936 ideo
2701 1897 2804 1936 non
2838 1885 3082 1941 medetur
3118 1887 3286 1942 mihi!
3333 1887 3466 1942 Cum

198 1953 330 2008 test,
368 1947 494 2000 dum
533 1947 917 2016 cupiditatibus
949 1952 1410 2024 obtemperamus.
1469 1957 1696 2016 Dicebat
1720 1979 1786 2017 ex

198 2046 444 2089 veterum
477 2037 697 2093 Patrum
722 2044 1024 2097 sententia:
1064 2045 1358 2103 Recessum
1396 2065 1517 2107 esse
1544 2056 1786 2124 corporis

200 2128 408 2195 fugam,
440 2139 496 2183 et
543 2133 734 2186 mortis
782 2135 1212 2192 meditationem.
1257 2136 1358 2195 Ubi
1390 2157 1497 2196 non
1529 2152 1613 2198 est
1656 2160 1782 2214 pax,

198 2219 400 2285 inquit,
432 2220 504 2274 ibi
535 2237 634 2278 nec
661 2222 821 2280 Deus.
855 2225 957 2292 Qui
988 2230 1166 2284 cernit
1202 2239 1421 2300 peccata
1449 2249 1567 2296 sua,
1597 2251 1783 2303 pacem

196 2309 463 2365 intuetur.
507 2310 736 2368 Peccala
774 2332 877 2370 non
935 2315 1084 2386 fugat
1139 2318 1312 2388 locus,
1352 2322 1445 2378 sed
1483 2325 1780 2382 humilitas.

201 2397 377 2454 David
407 2418 528 2456 cum
572 2404 624 2458 in
651 2406 899 2463 adulterii
928 2419 980 2464 et
1011 2409 1286 2468 homicidii
1335 2414 1541 2471 crimen
1568 2417 1784 2473 incidis-

193 2501 304 2557 set,
335 2509 500 2548 unum
554 2495 683 2551 illud
729 2497 834 2553 Deo
871 2510 1078 2569 gratum
1110 2506 1438 2560 sacrificium
1465 2509 1688 2576 invenit,
1729 2521 1783 2566 et

197 2583 325 2638 ideo
367 2585 544 2640 dixit:
578 2586 908 2657 Sacri/icium
937 2591 1042 2647 Deo
1085 2596 1302 2662 Spiritus
1355 2599 1779 2668 contribulalus;

191 2690 292 2728 cor
317 2678 601 2732 contritum
627 2691 674 2734 et
698 2681 1058 2749 humilialum,
1093 2685 1251 2754 Deus,
1304 2705 1406 2742 non
1435 2691 1689 2760 despicies
1708 2696 1778 2748 ⁸³.

191 2767 558 2838 Contemptus
604 2778 661 2826 et
709 2772 1011 2842 indignatio
1041 2787 1276 2832 mentem
1305 2785 1648 2848 perturbant,
1680 2800 1779 2840 nec

193 2859 525 2927 permittunt
548 2860 622 2915 illi
654 2863 746 2917 Dei
775 2862 959 2920 lumen
988 2867 1253 2935 aspicere.
1285 2868 1408 2926 Ilaec
1441 2871 1542 2925 tria
1578 2874 1630 2926 in
1671 2875 1779 2943 pri-

198 2949 306 3001 mis
331 2951 463 3004 vitia
497 2953 622 3008 totis
662 2955 868 3011 viribus
892 2956 1043 3028 fuge,
1072 2961 1380 3028 avaritiam,
1424 2965 1775 3022 ambitionem

195 3051 254 3093 et
314 3042 622 3113 ignaviam;
665 3060 784 3116 qua:
818 3044 862 3102 si
927 3050 1165 3105 animam
1205 3063 1490 3122 occupent,
1523 3066 1779 3113 evertunt

194 3130 369 3195 illam,
401 3149 500 3188 nec
531 3135 715 3191 sinunt
745 3138 1032 3207 prolicere.
1066 3140 1123 3196 Si
1158 3152 1209 3197 te
1241 3144 1292 3196 in
1315 3145 1509 3200 cellula
1539 3155 1628 3202 tua
1654 3163 1779 3203 con—

191 3223 469 3279 sidentem
499 3229 764 3297 cupiditas
791 3230 1071 3300 judicandi
1123 3232 1346 3290 fratrem
1392 3237 1671 3304 invaserit,
1707 3255 1774 3297 ex

188 3317 436 3384 peccatis
462 3318 566 3373 tuis
595 3320 722 3374 illud
745 3322 950 3390 judica,
986 3333 1077 3377 tua
1105 3340 1266 3394 quam
1307 3327 1447 3383 illius
1473 3337 1586 3384 tttm
1619 3331 1768 3400 plura

193 3419 312 3461 tum
346 3410 548 3478 majora
571 3427 692 3468 esse
723 3416 1097 3481 considerans,
1123 3429 1178 3472 et
1201 3433 1318 3488 quae
1342 3422 1480 3475 bona
1509 3423 1561 3476 in
1583 3433 1633 3479 te
1654 3438 1776 3481 esse

190 3511 362 3564 opera
385 3497 689 3569 arbitraris,
731 3517 795 3556 ea
823 3505 1037 3572 placere
1067 3505 1177 3562 Deo
1206 3522 1272 3562 ne
1300 3518 1478 3577 putes.
1505 3510 1772 3568 Firmiora

188 3588 341 3644 enim
371 3593 615 3661 corporis
647 3595 886 3650 membra
919 3613 1016 3667 pro
1043 3597 1434 3656 infirmioribus
1466 3613 1586 3657 sunt
1621 3604 1773 3658 solli-

190 3683 328 3748 cita,
362 3683 551 3754 eisque
583 3687 753 3742 donec
773 3690 1184 3759 convalescant,
1220 3705 1439 3766 propter
1478 3698 1774 3753 necessitu.

191 3773 379 3828 dinem
413 3791 518 3844 qua
559 3791 683 3832 cum
731 3780 834 3835 illis
885 3783 1173 3854 conjuncta
1199 3800 1344 3851 sunt,
1382 3791 1645 3844 serviunt.
1671 3790 1770 3857 Qui

190 3866 334 3920 duro
359 3877 484 3922 sunt
520 3871 702 3936 corde,
744 3887 1018 3943 nunquam
1050 3891 1305 3946 peccasse
1341 3893 1400 3936 se
1434 3879 1768 3936 existimant.

191 3956 438 4014 Ilumiles
463 3974 590 4014 vero
619 3963 845 4032 proximi
868 3965 1078 4035 culpam
1106 3968 1158 4022 in
1186 3984 1246 4024 se
1271 3970 1624 4028 transferunt.
1663 3973 1769 4028 Stt-

192 4049 400 4116 perbus
425 4051 478 4105 in
514 4053 698 4109 animo
721 4071 820 4110 suo
843 4059 1147 4128 sapientem
1174 4075 1234 4116 so
1257 4061 1490 4130 judicat,
1519 4075 1574 4119 ct
1603 4068 1772 4120 nemi-

191 4155 319 4194 nem
357 4157 592 4210 unquam
619 4144 926 4202 offendisse.
962 4149 1010 4206 Is
1034 4161 1214 4206 autem
1257 4154 1309 4208 in
1345 4169 1451 4223 quo
1478 4169 1560 4210 est
1611 4159 1774 4214 timor

194 4231 313 4296 Dei,
366 4234 632 4291 sollicitus
678 4247 781 4306 est,
820 4256 888 4295 ne
922 4257 1026 4311 qua
1067 4243 1169 4298 sibi
1209 4245 1380 4300 virtus
1407 4248 1566 4302 desit.
1611 4249 1666 4302 Si
1719 4250 1768 4302 itt

189 4322 388 4377 cellula
432 4333 522 4380 tua
573 4331 908 4397 consederis,
946 4343 1002 4387 et
1043 4349 1232 4403 preces
1292 4345 1411 4392 tuas
1463 4337 1514 4391 itt
1554 4339 1771 4394 silentio

188 4411 418 4478 foderis,
451 4427 507 4471 et
536 4431 631 4471 cor
664 4427 810 4474 tuum
862 4421 929 4475 ad
969 4421 1172 4492 aliquid
1203 4425 1351 4493 quod
1387 4425 1482 4480 Dei
1534 4441 1641 4479 non
1677 4428 1768 4494 sit,

1887 1984 2010 2023 eum
2031 1980 2288 2039 aegrotum
2316 1980 2370 2026 et
2403 1973 2594 2026 morbo
2623 1973 2776 2030 valde
2805 1975 3135 2033 laborantem
3157 1978 3464 2040 invisercm,

1886 2069 1942 2114 et
1982 2061 2320 2116 incommoda
2372 2063 2489 2130 ejus
2527 2062 2836 2120 valetudine
2893 2066 3129 2123 dolerem
3163 2085 3176 2122 :
3209 2069 3328 2136 Vix,
3379 2071 3465 2124 in-

1886 2151 2027 2218 quit,
2061 2151 2134 2204 ita
2162 2150 2349 2205 morbo
2386 2161 2611 2206 vexatus
2632 2192 2646 2214 ,
2678 2169 2897 2223 possunt
2929 2155 3069 2212 illius
3115 2161 3292 2213 acerbi
3323 2169 3465 2216 tem-

1886 2248 2035 2317 poris
2064 2247 2339 2301 recordari
2362 2264 2375 2312 ;
2405 2257 2610 2300 tantum
2639 2249 2812 2312 abest,
2843 2259 2898 2302 ut
2917 2249 3035 2320 ejus
3064 2266 3463 2309 memoresscm

1887 2337 2119 2403 futurus,
2148 2338 2191 2392 si
2226 2354 2353 2392 caro
2381 2339 2603 2394 valeret.
2629 2338 2760 2394 Cum
2791 2340 2934 2395 enim
2961 2341 3121 2406 valet,
3145 2345 3366 2413 pronior
3381 2356 3466 2400 est

1883 2430 1950 2485 ad
1973 2431 2307 2485 exercendae;
2331 2430 2642 2485 inimicitias
2663 2447 2788 2486 cum
2819 2433 2948 2489 Deo.
2981 2435 3159 2489 Arbor
3184 2451 3303 2505 qua:
3337 2437 3466 2492 irri-

1886 2532 2046 2592 gatur
2073 2536 2179 2575 non
2221 2523 2442 2585 arescit,
2473 2523 2564 2578 sed
2600 2515 2834 2576 fructum
2887 2522 3060 2578 affert.
3115 2525 3464 2584 Calamitatcs

1886 2612 2041 2666 nobis
2071 2622 2198 2668 sunt
2229 2613 2545 2682 adjumento
2569 2615 2635 2668 ad
2676 2614 3013 2669 observanda
3065 2619 3314 2672 mandata
3344 2619 3461 2678 Dei.

1887 2703 1983 2758 Ilei
2015 2705 2168 2767 mihi,
2204 2706 2285 2759 hci
2317 2706 2470 2772 mihi,
2502 2707 2592 2775 qui
2623 2705 2795 2762 habeo
2823 2719 2947 2762 ante
2967 2723 3052 2763 me
3081 2711 3458 2766 accusatores!

1884 2796 2167 2862 Quomodo
2214 2808 2403 2866 potem
2442 2812 2733 2853 occurrere
2771 2798 2997 2853 Domino
3029 2815 3148 2854 meo
3178 2811 3232 2856 et
3261 2803 3464 2858 sanctis

1881 2886 2019 2954 ejus,
2053 2902 2174 2942 cum
2206 2886 2411 2942 inimici
2443 2888 2546 2941 mei
2589 2887 2720 2942 mihi
2754 2903 2820 2944 ne
2850 2904 3012 2942 unum
3047 2891 3266 2959 quidem
3291 2908 3463 2948 mem-

1884 2977 2040 3031 brum
2095 2979 2363 3048 integrum
2429 2978 2798 3048 reliquerint?
2855 2979 3089 3047 Qutesivi
3141 2981 3268 3050 quid
3317 2993 3463 3038 esset

1884 3069 2086 3123 homini
2116 3069 2364 3124 solitario
2399 3071 2791 3124 necessarium.
2837 3069 2904 3125 Et
2936 3073 3308 3141 respondens:
3333 3073 3461 3129 Tria

1883 3169 2028 3225 sunt,
2068 3160 2264 3229 inquit,
2316 3159 2392 3213 illi
2421 3160 2759 3224 necessaria,
2792 3170 3083 3230 perpetuus
3111 3161 3293 3227 timor,
3320 3165 3462 3218 assi-

1880 3248 1982 3300 dua
2030 3249 2294 3316 precatio,
2341 3256 2395 3303 et
2422 3249 2681 3304 continua
2719 3251 2901 3305 cordis
2947 3251 3220 3306 custodia.
3253 3251 3462 3308 Cavete

1877 3338 2038 3393 debet
2071 3340 2242 3413 homo
2271 3338 2554 3394 solitudini
2587 3349 2643 3396 et
2671 3341 2843 3410 quieti
2880 3341 3120 3405 deditus,
3177 3357 3245 3396 ne
3294 3343 3459 3397 verba

1879 3429 2067 3483 audiat
2097 3429 2326 3484 inutilia.
2374 3428 2501 3485 Ilaec
2535 3431 2680 3485 enim
2733 3433 2970 3509 perdunt
3020 3432 3235 3488 labores
3265 3432 3454 3504 ipsius.

1876 3519 2075 3582 Abbas,
2111 3519 2304 3589 inquit,
2333 3519 2559 3590 Serapio
2585 3528 2809 3588 rogatus
2833 3535 2862 3574 a
2890 3522 3122 3590 quodam
3147 3537 3295 3588 sene,
3325 3538 3459 3592 qua-

1879 3609 1944 3664 lis
1983 3611 2083 3665 sibi
2125 3610 2240 3680 ipse
2265 3611 2564 3676 videretur,
2615 3613 2895 3682 respondit
2931 3612 3100 3666 mihi:
3137 3611 3345 3669 Similis
3371 3614 3458 3668 vi-

1876 3697 2007 3751 deor
2033 3696 2237 3751 homini
2279 3712 2443 3767 super
2481 3706 2632 3754 turre
2656 3698 2962 3762 exsistenti,
2993 3699 3086 3768 qui
3121 3700 3458 3772 nutu_signi-

1878 3789 2002 3842 licet
2040 3788 2446 3854 accedentibus,
2484 3803 2551 3844 ne
2590 3791 2740 3845 adse
2773 3791 3013 3846 veniant.
3058 3787 3126 3844 Et
3152 3806 3322 3846 senex
3364 3793 3456 3861 qui

1875 3878 2052 3934 simile
2084 3879 2258 3949 ipsum
2291 3880 2758 3949 interrogaverat,
2802 3882 2940 3936 dixit
2981 3881 3029 3936 ei
3058 3895 3073 3933 :
3108 3879 3239 3936 Mihi
3274 3890 3454 3936 autem

1879 3967 2064 4023 videor
2108 3968 2341 4034 homini,
2379 3971 2474 4038 qui
2520 3972 2982 4041 propugnaculum
3037 3970 3348 4037 mdificavit,
3406 3984 3460 4024 et

1878 4057 2066 4114 ferreis
2103 4060 2352 4116 vectibus
2403 4060 2531 4116 illud
2579 4063 2832 4125 munivit,
2886 4071 2945 4116 ut
2994 4063 3039 4117 si
3080 4063 3206 4132 quis
3235 4063 3454 4133 pulset,

1876 4163 1980 4203 non
2022 4149 2228 4214 audiat,
2267 4165 2445 4219 neque
2482 4150 2764 4219 intelligat,
2792 4151 2913 4220 quis
2941 4150 3032 4205 ille
3071 4155 3163 4214 sit,
3195 4160 3286 4204 aut
3311 4153 3457 4204 unde

1875 4243 2089 4306 veniat,
2117 4250 2214 4298 aut
2257 4243 2387 4314 quid
2435 4243 2586 4310 velit,
2645 4258 2821 4312 neque
2870 4252 3133 4312 appareat
3193 4243 3241 4297 ei
3298 4243 3452 4312 prius

1873 4348 2037 4402 quam
2071 4335 2335 4390 discedat.
2378 4333 2436 4388 Si
2465 4335 2588 4403 quis
2620 4334 2904 4388 Dominum
2937 4335 3130 4401 quaerit
3159 4349 3224 4388 ex
3249 4334 3450 4401 animo,

1874 4427 2214 4494 attenditque
2257 4425 2384 4488 sibi,
2429 4437 2530 4480 nec
2572 4425 2761 4480 tnundi
2801 4426 3032 4481 vinculis
3080 4425 3352 4496 illigatur,
3395 4437 3452 4481 et

189 4507 487 4574 inclinarit,
517 4511 676 4582 idque
698 4523 873 4568 tecum
909 4515 1023 4584 ipse
1064 4533 1168 4571 non
1198 4532 1321 4573 esse
1344 4527 1650 4588 peccatum,
1677 4520 1770 4574 sed
1803 4537 1852 4596 ι)
1876 4531 1970 4570 cor
1999 4530 2155 4571 suum
2188 4515 2451 4579 custodit,
2503 4523 2563 4568 ut
2603 4517 2722 4569 sine
2769 4513 3068 4572 offensione
3109 4516 3280 4585 possit
3326 4527 3452 4571 ante

187 4609 576 4677 cogitationem
598 4608 885 4676 reputaris,
914 4609 1198 4663 considera
1225 4625 1418 4679 preces
1435 4611 1598 4665 etiam
1625 4619 1766 4676 tuas,

185 4709 325 4763 quas
360 4696 411 4748 in
465 4693 682 4749 silentio
731 4693 934 4760 fundis,
985 4713 1090 4752 non
1125 4713 1248 4754 esse
1281 4713 1456 4755 veras.
1505 4699 1661 4767 Quod
1718 4701 1765 4755 si

186 4787 370 4840 cordis
411 4787 485 4840 tui
526 4787 854 4842 sacrificium
893 4789 1001 4843 Deo
1051 4790 1231 4845 credis
1287 4805 1409 4847 esse
1459 4804 1763 4860 acceptum,

184 4879 452 4933 (Olltﬁillde
504 4879 802 4949 simplicem
851 4881 979 4934 item
1025 4881 1205 4936 cordis
1229 4882 1609 4952 cogitationem
1645 4900 1765 4937 cmn

186 4968 391 5021 malitia
424 4967 763 5036 conjunctam
798 4969 890 5023 tibi
923 4969 1139 5023 crimini
1167 4973 1298 5024 verti
1334 4973 1473 5042 apud
1503 4972 1696 5028 Deum.

257 5054 344 5110 IV.
376 5055 474 5121 Qui
509 5056 630 5110 belli
667 5056 908 5126 tempore
939 5058 1199 5112 auxilium
1249 5075 1355 5113 non
1404 5061 1634 5128 invenit,
1667 5077 1766 5132 pa-

185 5164 302 5200 cem
324 5164 545 5215 sperare
569 5165 671 5202 non
704 5159 899 5218 potest.
927 5150 972 5203 Is
994 5151 1196 5204 frustra
1221 5149 1398 5216 docet,
1424 5152 1581 5222 cujus
1604 5169 1766 5223 opera

187 5249 314 5290 sunt
354 5241 616 5292 doctrina:
654 5242 950 5294 contraria.
989 5242 1063 5295 De
1092 5244 1475 5297 communione
1504 5246 1716 5298 dicebat
1748 5261 1760 5296 :

187 5333 282 5385 Ilei
320 5332 472 5397 mihi,
527 5333 614 5386 hei
665 5333 834 5387 mihi!
885 5335 941 5388 Si
999 5336 1342 5390 communico
1376 5350 1497 5389 cum
1535 5337 1766 5392 inimicis

189 5424 304 5488 Dei,
347 5439 468 5494 quae
509 5426 637 5478 mihi
688 5440 809 5479 cum
845 5425 957 5480 Deo
1016 5436 1191 5496 potest
1235 5443 1358 5483 esse
1415 5429 1767 5508 communio?

185 5513 373 5568 Nonne
407 5516 458 5569 itt
487 5513 747 5582 judicium
781 5525 834 5569 et
865 5517 1369 5573 condemnationem
1403 5534 1433 5573 a
1482 5534 1567 5574 me
1596 5521 1769 5574 susci-

186 5609 368 5677 pitur?
401 5607 595 5663 Omnia
622 5608 765 5663 enim
787 5612 982 5663 munda
1025 5611 1232 5664 mundis
1254 5624 1273 5662 :
1306 5611 1772 5682 coinquinatis-au-

257 5770 304 5798 "
347 5767 532 5820 Matth.
566 5786 638 5833 vt,
670 5770 722 5820 9.
801 5771 846 5801 ⁸³
870 5767 1010 5823 Psal.
1035 5787 1086 5837 1,,
1121 5771 1204 5826 I9.

390 5863 659 5922 PATML.
707 5866 819 5921 (in.
857 5865 971 5922 Χῐ..

1282 5769 1454 5823 l"'l'il.
1489 5785 1527 5836 ι,
1568 5769 1652 5823 15.
1714 5767 1760 5798 ⁸³
1807 5765 1972 5820 IPct.
2007 5783 2066 5828 tt,
2105 5767 2190 5820 II.

1875 4603 1970 4660 Dei
1998 4605 2237 4661 tribunal
2251 4605 2595 4682 consistere;
2628 4605 2674 4660 is
2703 4606 2770 4662 ab
2794 4621 2859 4662 eo
2886 4605 3356 4676 exaudituratque
3378 4607 3452 4661 di-

1873 4696 2072 4768 Iigitur.

2404 4785 2662 4845 ORATIO
2706 4787 2916 4844 XXVII.

2084 4879 2151 4933 In
2196 4882 2392 4935 dictum
2427 4880 2562 4934 illud
2591 4897 2610 4934 :
2639 4900 2658 4932 ‹
2704 4883 2925 4935 Attende
2968 4880 3059 4934 tibi
3079 4881 3123 4913 ⁸⁸
3153 4921 3166 4934 .
3200 4899 3218 4931 ι

1937 4972 1978 5026 Ι.
2002 4972 2233 5026 Attende
2267 4973 2360 5027 tibi
2400 4974 2711 5042 diligenter,
2755 4983 2812 5028 et
2848 4988 3041 5044 magna
3089 4989 3211 5029 cum
3250 4973 3446 5029 fiducia

1867 5063 2154 5120 considera
2189 5063 2474 5119 Dominum
2501 5074 2744 5120 nostrum
2782 5063 2964 5122 Jesum
3002 5065 3296 5132 Christum,
3320 5082 3445 5122 cunt

1868 5154 2009 5209 Deus
2039 5164 2185 5208 esset
2226 5163 2280 5208 et
2307 5153 2634 5210 ineffabilem
2667 5155 2893 5212 haberet
2934 5155 3162 5225 gloriam
3197 5166 3253 5211 et
3281 5157 3446 5225 maje-

1863 5253 2081 5308 stalem,
2134 5245 2407 5299 hominem
2469 5260 2567 5314 pro
2628 5247 2784 5301 nobis
2837 5261 2956 5303 esse
2997 5248 3216 5315 factum,
3277 5263 3446 5317 seque

1865 5337 2020 5392 nobis
2046 5337 2352 5406 exemplum
2396 5340 2758 5408 proposuisse,
2795 5349 2852 5392 ut
2885 5354 3178 5406 sequamur
3216 5342 3444 5412 vestigia

1865 5425 2082 5498 ejus‘".
2109 5426 2362 5483 Formam
2397 5429 2542 5484 enim
2582 5431 2725 5484 servi
2777 5431 3066 5499 accipiens,
3097 5434 3444 5487 vehementer

1865 5531 2027 5590 atque
2077 5521 2374 5576 incredibili
2414 5524 2573 5577 modo
2627 5521 2927 5577 humiliavit
2967 5524 3315 5588 semetipsum
3373 5525 3444 5590 ⁸⁸,

1866 5622 1921 5665 et
1951 5625 2150 5680 pauper
2181 5611 2408 5670 effectus
2455 5622 2558 5680 est,
2600 5613 3004 5684 multorumque
3038 5615 3362 5683 ignominias
3389 5625 3440 5670 et

2267 5768 2337 5799 ³⁸⁸
2375 5767 2505 5822 Tol).
2537 5785 2608 5834 Iv,
2651 5769 2733 5821 I5.
2811 5770 2857 5802 "‘
2890 5768 3120 5838 Philipp.
3157 5784 3216 5834 tt,
3240 5768 3291 5824 7.

3054 5862 3126 5920 38
