3888 6284
493 311 632 368 H95

1576 317 1847 375 PATRES
1884 316 2187 374 ᾹΞΟῩΡἹΊΙ
2229 319 2496 376 δίδωμι
2536 313 2626 373 ιν.

3582 319 3696 376 Ηόῧ

490 429 847 488 contumelias
891 431 1148 501 pertulit:
1183 441 1236 488 et
1284 433 1730 502 quemadmodum
1790 437 2051 505 scriptum
2085 441 2122 498 Α
2154 433 2372 501 Christi,
2422 436 2536 491 sive
2587 436 2637 490 in
2662 435 2788 501 vita,
2828 435 2942 491 sive
2979 436 3033 491 in
3076 446 3266 506 morte,
3293 438 3416 494 sive
3451 438 3501 492 in
3536 444 3696 508 quavis

491 529 575 575 est
607 541 619 575 :
656 520 938 591 Tanquam'
958 523 1064 574 ovis
1098 521 1168 574 ad
1195 522 1503 576 occisionem
1534 524 1721 579 ductus
1747 535 1842 590 est,
1870 537 1915 579 et
1941 538 2054 580 tan-

489 627 644 680 quam
667 629 834 681 agnus
856 628 1033 665 coram
1075 615 1318 668 tondente
1340 630 1393 668 se
1424 614 1705 681 obmutuit,
1737 626 1784 670 et
1809 633 1910 672 non
1937 635 2057 687 ape-

491 702 596 753 ruit
619 717 675 754 os
704 717 878 755 suum.
912 700 978 754 In
1008 700 1300 757 humilitate
1337 705 1450 772 ejus
1488 705 1753 775 judicium
1792 707 2056 762 sublatum

490 799 566 842 est
619 789 687 853 ³⁷,
733 803 788 844 et
819 801 1045 844 mortem
1099 791 1465 861 turpissimam
1518 808 1617 862 pro
1665 795 1821 849 nobis
1869 797 2052 851 subiit.

492 878 851 944 Quamobrem
897 889 954 933 et
993 895 1091 936 nos
1140 892 1362 952 propter
1396 885 1702 938 mandatum
1733 884 1847 952 ejus
1883 895 1932 940 et
1959 902 2058 957 pro

492 969 723 1037 peccatis
755 971 975 1036 nostris,
1029 971 1253 1040 patienti
1303 982 1460 1041 atque
1503 987 1657 1043 atquo
1697 975 1877 1027 animo
1915 975 2057 1030 ferre

491 1061 767 1127 debemus,
813 1062 860 1116 si
889 1065 1011 1131 quis
1043 1076 1140 1118 nos
1171 1063 1256 1117 vel
1287 1064 1410 1132 jure
1436 1065 1519 1119 vel
1561 1065 1752 1134 injuria
1783 1066 1926 1121 laedit
1966 1076 2059 1122 aut

491 1151 653 1208 allicit
680 1156 1028 1210 contumelia.
1057 1155 1124 1225 .Si
1157 1157 1276 1226 quis
1318 1158 1386 1212 ad
1419 1167 1646 1214 mortem
1677 1174 1844 1229 usque
1878 1175 2058 1230 perse-

490 1244 694 1312 quitur,
725 1252 976 1316 tanquam
1003 1261 1131 1302 oves
1181 1262 1280 1302 nos
1303 1261 1575 1316 geramus,
1609 1264 1712 1303 non
1745 1250 2058 1305 resistentes

490 1347 588 1390 nec
611 1336 1064 1400 contradicentes,
1093 1337 1186 1392 sed
1221 1338 1400 1406 potius
1423 1353 1542 1393 cum
1566 1339 1780 1394 silentio
1800 1350 1855 1395 et
1882 1340 2059 1395 humi-

487 1421 639 1476 litate
667 1438 765 1493 pro
810 1425 1044 1480 inimicis
1072 1435 1310 1481 orantes.

559 1514 628 1567 ll.
687 1515 914 1568 Attende
953 1515 1050 1570 tibi
1095 1516 1400 1587 diligenter,
1444 1525 1499 1571 et
1548 1531 1801 1587 magnum
1849 1517 2055 1572 lucrum

489 1605 760 1669 existima,
792 1606 1128 1675 salutemque
1156 1607 1349 1661 animae
1397 1617 1499 1662 tua:
1538 1608 1591 1661 in
1626 1622 1691 1662 co
1723 1609 1881 1662 sitam
1911 1610 2057 1664 arbi-

489 1703 656 1757 trare,
681 1693 724 1746 si
755 1694 1108 1748 contumelias
1124 1703 1176 1748 et
1201 1695 1524 1764 ignominias
1553 1705 1606 1751 et
1633 1697 2059 1766 Oppugnationes

2157 523 2464 580 aﬂlictione.
2492 523 2559 579 Et
2581 538 2793 594 semper
2823 540 3045 595 magnas
3079 526 3284 595 aliquas
3315 527 3584 585 terribiles
3603 541 3696 585 ter.-

2159 612 2389 668 tationes
2443 623 2498 667 et
2555 612 2869 668 alllictiones
2915 624 2970 669 et
3022 614 3357 670 calamitates
3407 625 3465 671 et
3503 629 3697 674 mortem

2157 711 2430 770 exspecta,
2462 718 2529 758 ne
2552 712 2604 757 te
2641 703 2963 773 imparatum
3003 703 3294 759 offendant.

2227 794 2359 850 Vlll.
2392 795 2626 850 Attende
2667 796 2762 850 tibi
2807 796 3113 866 diligenter,
3149 808 3209 851 ut
3247 807 3503 866 tanquam
3531 799 3701 868 ubique

2157 897 2395 953 praesens
2431 885 2501 939 sit
2539 883 2702 951 Deus,
2740 885 2871 940 nihil
2920 886 3102 942 facere
3158 887 3389 957 cogites,
3423 891 3560 958 quod
3602 891 3698 956 ejus

2159 976 2227 1029 sit
2254 975 2515 1030 voluntati
2535 979 2885 1032 contrarium.
2914 978 3177 1033 Omnibus
3214 981 3265 1032 in
3293 981 3456 1034 rebus
3482 985 3700 1050 quamvis

2160 1063 2420 1132 minimis,
2473 1080 2566 1120 seu
2604 1066 2730 1134 quid
2773 1067 2917 1137 loqui
2965 1069 3067 1134 vis,
3117 1082 3212 1122 seu
3259 1084 3443 1138 agere,
3484 1085 3573 1124 seu
3599 1085 3698 1126 cuin

2166 1153 2346 1222 aliquo
2401 1156 2598 1224 negotii
2632 1157 2906 1226 quidpiam
2943 1158 3284 1223 contrahere,
3316 1169 3412 1213 aut
3444 1160 3609 1214 cibum
3631 1177 3700 1214 ca-

2157 1256 2304 1311 pere,
2329 1253 2421 1299 aut
2445 1245 2648 1312 bibere,
2685 1257 2776 1302 aut
2797 1249 3038 1304 cubitum
3073 1251 3173 1319 ire,
3202 1260 3294 1307 aut
3319 1254 3605 1322 quidquam
3633 1269 3699 1326 ag-

2158 1333 2326 1400 gredi,
2353 1334 2505 1404 prius
2563 1338 2872 1404 considera,
2911 1349 3092 1397 utrum
3144 1342 3198 1397 id
3245 1357 3371 1398 cum
3408 1343 3499 1399 Dei
3543 1343 3700 1397 volun-

2159 1432 2272 1478 tate
2318 1427 2627 1492 conveniat,
2672 1440 2728 1483 et
2773 1430 2889 1498 ejus
2943 1447 3162 1489 causam
3221 1433 3517 1501 conﬁtere,
3568 1444 3700 1503 atque

2157 1515 2233 1569 ita
2284 1531 2393 1572 rem
2433 1519 2750 1590 aggredere,
2783 1532 2844 1578 ut
2896 1539 3089 1594 magna
3135 1525 3230 1580 tibi
3264 1525 3468 1582 liducia
3492 1526 3558 1581 sit
3586 1527 3699 1595 apud

2160 1607 2348 1662 Deum.

2238 1696 2328 1754 IX.
2360 1700 2591 1756 Attende
2629 1703 2724 1757 tibi
2767 1705 3075 1774 diligenter,
3106 1715 3168 1760 ut
3203 1707 3249 1762 si
3283 1706 3410 1776 quis
3463 1714 3514 1762 te
3551 1705 3698 1775 aliqua

489 1775 706 1854 propter
739 1785 1021 1840 Dominum
1069 1787 1336 1856 patienter
1382 1789 1550 1842 feras.
1595 1786 1725 1842 Illud
1764 1789 1967 1858 cogita,
2005 1798 2053 1844 te
2088 1779 2129 1833 Β
2159 1789 2216 1842 in
2280 1805 2338 1844 re
2394 1791 2700 1859 ollendcrit,
2724 1803 2778 1849 et
2828 1805 2881 1850 te
2913 1796 3068 1852 dolor
3119 1775 3433 1854 exstimulet
3468 1808 3558 1854 aut
3588 1799 3699 1854 indi-

489 1876 658 1930 multo
710 1878 957 1946 graviora
1009 1879 1204 1933 mereri
1260 1880 1520 1949 supplicia
1569 1890 1789 1951 propter
1838 1892 2055 1951 peccata

491 1978 600 2022 tua.
635 1966 702 2022 Et
746 1968 987 2022 beneficii
1041 1968 1162 2024 loco
1229 1984 1448 2023 numera
1499 1971 1638 2038 quod
1667 1971 1856 2040 dignus
1882 1971 2058 2026 factus

490 2059 586 2124 sis,
621 2058 712 2128 qui
744 2066 962 2127 propter
1015 2057 1179 2114 Deum
1230 2058 1505 2128 plectaris.
1539 2069 1596 2113 ut
1644 2060 1823 2130 aliquo
1863 2061 2054 2117 saltem

489 2149 648 2203 modo
680 2162 748 2202 ex
783 2147 966 2203 multis
1009 2147 1388 2204 alllictionihus
1417 2157 1471 2204 et
1499 2149 1710 2219 probris
1741 2149 1951 2205 Domini
1982 2153 2055 2206 tui

492 2239 786 2295 fmdissima
814 2240 1040 2295 ludibria
1083 2251 1136 2296 et
1167 2241 1437 2295 cruciatus
1467 2241 1842 2298 acerbissimos
1880 2244 2059 2299 imite-

493 2330 588 2383 ris.
627 2329 698 2382 Et
739 2331 952 2398 quoties
995 2328 1344 2399 allligentium
1392 2339 1443 2384 te
1482 2338 1644 2399 atque
1676 2331 2055 2386 insectantinm

492 2416 819 2479 recordaris,
857 2415 966 2470 noli
1013 2419 1288 2485 conqueri,
1315 2415 1406 2472 sed
1441 2419 1615 2486 potius
1640 2433 1707 2474 ex
1746 2419 1927 2475 animo
1960 2435 2057 2490 pro

488 2507 593 2562 illis
618 2521 738 2572 ora,
761 2515 819 2560 ut
856 2507 944 2575 qui
983 2507 1075 2560 tibi
1132 2507 1491 2561 maximorum
1534 2507 1794 2562 bonorum
1825 2509 1931 2563 sint
1966 2524 2060 2562 au-

483 2606 682 2652 οισι-οε.

557 2687 644 2743 lll.
681 2688 912 2744 Attende
949 2686 1044 2741 tibi
1092 2687 1398 2756 diligenter,
1453 2697 1512 2741 ut
1555 2695 1804 2758 tanquam
1851 2699 2053 2755 pestem

488 2790 543 2835 et
595 2788 819 2834 mortem
881 2786 1039 2847 atque
1092 2777 1364 2832 interitum
1415 2778 1642 2841 animae,
1688 2787 2055 2847 aeternumque

489 2869 808 2940 supplicium
872 2867 1045 2938 fugias
1098 2869 1308 2938 imperii
1355 2876 1410 2923 et
1451 2869 1630 2938 gloria:
1677 2879 1730 2924 et
1757 2869 1974 2925 honoris
2001 2881 2054 2926 et

488 2960 662 3016 laudis
690 2959 1056 3028 cupiditatem.
1085 2959 1148 3013 Et
1173 2973 1305 3014 cave
1326 2975 1392 3014 ne
1419 2969 1468 3013 te
1500 2960 1703 3029 aliquid
1737 2974 1855 3015 esse
1878 2974 2051 3030 putes,

489 3061 584 3104 aut
615 3051 814 3104 virtute
867 3049 1044 3118 aliqua
1105 3049 1410 3116 praeditum,
1443 3060 1533 3104 aut
1564 3061 1614 3104 te
1643 3049 1759 3104 aliis
1803 3051 1884 3106 vel
1911 3067 2050 3121 pra:-

488 3139 832 3204 stantiorem,
862 3139 944 3193 vel
970 3138 1133 3193 etiam
1163 3155 1367 3210 parem.
1395 3139 1459 3194 Et
1479 3154 1637 3195 omne
1673 3142 1919 3211 quamvis
1945 3143 2057 3197 exi-

489 3245 652 3300 guum
718 3231 899 3285 carnis
957 3231 1282 3288 desiderium
1353 3240 1408 3284 et
1462 3231 1792 3301 voluptatem
1847 3233 2059 3302 penitus

489 3321 764 3375 abscinde.
798 3319 984 3391 Neque
1011 3322 1328 3391 cujusquam
1372 3321 1605 3378 hominis
1636 3331 1807 3387 utere,
1834 3323 1935 3378 nisi
1963 3338 2059 3377 nc-

473 3412 716 3467 cessitas
745 3421 950 3480 urgeat,
978 3409 1365 3478 familiaritate,
1415 3426 1588 3480 neque
1617 3426 1810 3480 corpus
1835 3413 2056 3469 alterius

389 3573 396 3580 .
479 3501 721 3569 attinge,
773 3511 862 3556 aut
915 3501 1188 3572 quidpiam
1230 3502 1355 3557 licet
1388 3503 1680 3572 pauxillum
1717 3505 1806 3570 sit,
1837 3507 2058 3562 comede

491 3603 698 3663 praeter
755 3602 987 3662 tempus,
1028 3607 1096 3648 ne
1139 3593 1395 3662 paulatim
1435 3611 1502 3650 ex
1544 3597 1780 3652 minimis
1814 3598 1880 3652 ad
1907 3599 2057 3653 dete-

493 3686 640 3740 riora
671 3685 974 3756 prolabare.

557 3775 648 3830 ιγ.
674 3775 916 3830 Attende.
944 3776 1038 3832 tibi
1090 3777 1391 3848 diligenter,
1429 3788 1488 3834 ut
1518 3789 1570 3834 te
1619 3794 1747 3837 vere
1788 3791 1950 3852 atque
1987 3799 2054 3839 ex

491 3864 672 3918 animo
721 3862 1155 3926 Christianorum
1217 3867 1456 3920 omnium
1517 3866 1963 3936 abjectissimum,
2005 3882 2059 3927 et

491 3964 829 4022 peccatorem
879 3957 1170 4010 maximum
1230 3958 1526 4024 arbitrere,
1580 3971 1634 4015 et
1671 3962 1884 4018 animus
1937 3974 2060 4021 tuus

489 4051 702 4114 semper
731 4045 945 4101 lnunilis
967 4047 1057 4110 sit,
1088 4055 1143 4102 et
1173 4048 1229 4102 in
1261 4064 1493 4104 maerore
1522 4052 1844 4124 tristitiaque
1881 4070 2059 4112 verse-

492 4142 597 4185 tur.
630 4131 853 4202 Semper
880 4143 938 4189 ut
971 4133 1256 4204 imperitus
1304 4137 1657 4210 indignusque
1705 4153 1842 4208 tace,
1884 4161 2058 4216 neque

487 4237 720 4290 unquam
749 4224 969 4280 omnino
989 4264 1004 4289 ,
1037 4227 1138 4280 nisi
1173 4242 1392 4283 necesse
1425 4232 1515 4294 sit,
1538 4230 1776 4300 loquere.

559 4311 624 4366 ν.
669 4313 902 4368 Attende
953 4314 1044 4368 tibi
1073 4314 1390 4384 diligenter;
1435 4318 1576 4387 ignis
1613 4320 1700 4375 ille
1745 4332 2052 4393 perpetuus,

2161 1881 2368 1950 gnatio,
2401 1898 2470 1938 ne
2516 1883 2643 1953 quid
2677 1894 2872 1955 praeter
2903 1887 3068 1943 decus
3110 1887 3375 1958 loquaris,
3406 1890 3500 1945 sed
3530 1900 3696 1956 taceas,

2158 1973 2328 2029 donec
2361 1977 2606 2044 quiescat
2645 1992 2740 2032 cor
2770 1989 2940 2044 tuum,
2989 1995 3053 2036 ac
3088 1990 3200 2037 tum
3229 1983 3448 2037 demum
3500 1983 3698 2052 benigne

2161 2064 2383 2120 fratrem
2442 2069 2693 2134 admone,
2736 2080 2792 2125 et
2856 2071 3162 2128 cohortare.
3235 2073 3396 2142 Quod
3439 2077 3486 2130 si
3508 2089 3697 2130 necesse

2161 2154 2323 2209 fuerit
2375 2157 2596 2214 fratrem
2631 2162 3053 2230 reprehendere,
3101 2175 3152 2219 et
3189 2176 3242 2222 te
3288 2167 3371 2221 ira
3406 2178 3696 2222 commotum

2159 2246 2378 2312 videris,
2409 2257 2463 2302 et
2503 2265 2606 2304 non
2644 2252 2714 2306 tui
2747 2251 2924 2322 juris;
2980 2270 3108 2312 cave
3143 2272 3214 2313 ne
3246 2259 3376 2328 quid
3405 2259 3610 2314 omnino
3635 2258 3697 2312 lo-

2157 2341 2360 2409 quaris,
2419 2354 2484 2393 ne
2542 2351 2752 2396 crescat
2796 2345 3148 2413 perturbatio,
3191 2349 3284 2403 sed
3333 2365 3457 2405 cum
3496 2360 3546 2405 et
3581 2361 3626 2404 te
3656 2360 3698 2404 ct

2159 2429 2304 2483 illum
2332 2431 2545 2499 quietos
2608 2433 3035 2506 tranquillosque
3093 2438 3554 2508 animadverteris,
3605 2450 3695 2495 tnnt

2157 2520 2237 2573 sic
2263 2534 2384 2572 eum
2423 2520 2718 2591 alloquere,
2753 2533 2809 2577 ut
2859 2539 2966 2580 non
3006 2542 3252 2596 arguere,
3288 2533 3387 2584 scd
3424 2531 3560 2586 omni
3594 2547 3694 2585 cum

2156 2611 2460 2666 humilitate
2489 2627 2835 2670 commonere
2857 2617 3160 2684 proximum
3185 2621 3429 2676 videare.

2227 2699 2294 2753 Χ.
2329 2702 2561 2758 Attende
2617 2704 2712 2758 tibi
2761 2705 3063 2775 diligenter,
3089 2718 3148 2762 ut
3179 2711 3409 2783 singulis
3452 2710 3588 2767 horis
3611 2713 3692 2765 ali-

2157 2806 2320 2860 quam
2377 2794 2471 2848 tibi
2530 2794 2610 2850 vel
2662 2811 2729 2851 ex
2773 2808 2972 2864 morte,
3028 2800 3113 2854 vel
3164 2814 3231 2856 ex
3267 2804 3583 2867 calamitate,
3619 2815 3692 2858 aut

2157 2896 2351 2950 magno
2386 2884 2567 2954 aliquo
2594 2887 2833 2956 periculo
2860 2891 3210 2967 tentatipnem
3258 2893 3468 2950 instare
3497 2912 3592 2949 non
3613 2896 3690 2947 du-

2156 2972 2313 3026 bites.
2359 2972 2426 3028 Et
2479 2990 2599 3043 qua:
2651 2978 2984 3044 advenerint,
3017 2980 3138 3037 forti
3167 2997 3232 3038 ac
3270 2991 3492 3039 strenuo
3544 2985 3690 3038 animo

2083 3097 2126 3154 ο
2158 3062 2336 3132 perfer
2383 3052 2601 3133 omnia,
2645 3070 2996 3128 considerans
3052 3087 3177 3130 esse
3233 3077 3603 3142 necessarium,
3643 3087 3688 3130 ut

2160 3169 2256 3223 per
2292 3156 2487 3212 multas
2529 3157 2844 3218 all‘lictiones
2885 3169 2940 3217 et
2972 3179 3246 3222 erumnas
3281 3167 3688 3240 ingrediamurin

2160 3261 2383 3314 regnum
2409 3250 2669 3304 caelorum
2709 3253 2778 3308 ξ’.

2231 3335 2317 3390 XI.
2371 3339 2600 3396 Attende
2650 3344 2745 3398 tibi
2797 3344 3109 3417 diligenter,
3151 3361 3212 3405 ut
3250 3353 3396 3410 nulla
3435 3354 3487 3410 in
3512 3355 3689 3409 actione
3759 3414 3762 3418 ,

2159 3437 2252 3480 aut
2278 3439 2531 3484 sermone
2585 3441 2679 3486 aut
2728 3435 3074 3505 cogitatione,
3117 3440 3383 3498 voluntati
3427 3455 3512 3498 aut
3553 3443 3687 3512 quieti

2166 3527 2270 3572 tua:
2298 3521 2526 3585 servias,
2555 3526 2648 3578 sed
2673 3524 2932 3580 voluntati
2958 3526 3075 3594 Dei,
3102 3531 3315 3588 etiamsi
3357 3549 3568 3604 magnus
3591 3550 3687 3604 pro-

2168 3609 2377 3676 positus
2430 3611 2582 3669 labor
2631 3615 2896 3673 videatur.
2953 3619 3044 3674 Sic
3083 3622 3224 3676 enim
3268 3625 3503 3680 tenditur
3539 3626 3596 3679 ad
3621 3640 3688 3678 re-

2158 3714 2322 3768 gnum
2351 3703 2630 3760 caelorum.
2659 3706 2785 3761 Eam
2823 3709 2988 3777 igitur
3021 3714 3167 3767 omni
3221 3715 3469 3770 humanae
3494 3717 3687 3786 pruden-

2160 3789 2246 3841 tiae
2283 3797 2568 3860 antepone,
2594 3803 2647 3849 et
2671 3796 2890 3866 reliquis
2909 3801 3161 3856 omnibus
3182 3804 3455 3860 hominum
3486 3805 3686 3860 consiliis

2159 3880 2425 3936 utiliorem
2485 3885 2757 3950 existima,
2809 3885 2905 3941 Dei
2964 3904 3197 3958 namque
3267 3896 3570 3948 mandatum
3619 3902 3684 3946 est

2156 3982 2354 4024 aeterna
2381 3971 2509 4026 vita.
2538 3972 2604 4026 Et
2633 3975 2722 4043 qui
2749 3977 2916 4045 ipsum
2957 3982 3254 4050 exquirunt,
3287 4000 3390 4037 non
3428 3986 3684 4038 minuentur

2155 4059 2211 4112 in
2251 4063 2392 4114 omni
2415 4063 2545 4117 bona
2568 4064 2636 4118 “.

2232 4150 2343 4206 XII.
2383 4154 2614 4210 Attende
2658 4157 2752 4211 tibi
2797 4158 3103 4230 diligenter,
3137 4174 3194 4218 ut
3237 4165 3288 4218 in
3315 4176 3587 4237 conspectu
3611 4166 3681 4219 Dei

2154 4253 2368 4310 semper
2403 4244 2684 4309 exsistens,
2721 4249 2850 4302 nihil
2894 4251 2962 4305 ab
2988 4280 2990 4282 τ
3013 4253 3120 4307 ullo
3145 4254 3253 4310 alio
3297 4272 3500 4327 speres,
3523 4258 3603 4313 sed
3628 4256 3681 4309 ab

2155 4346 2263 4385 uno
2296 4332 2388 4386 illo
2436 4337 2613 4390 omnia
2667 4353 2786 4392 cum
2827 4339 2948 4399 fide.
2985 4343 3042 4397 Si
3082 4360 3185 4413 qua
3225 4361 3284 4402 re
3318 4351 3410 4404 tibi
3445 4365 3569 4420 opus
3598 4359 3681 4410 est.

486 4404 842 4508 sempiterna“
865 4404 1147 4506 supplicia,
1207 4415 1260 4459 et
1311 4408 1402 4477 qui
1431 4407 1549 4508 illic.
1581 4411 1819 4466 damnati
1848 4428 2045 4469 excru-
2081 4431 2124 4488 ι)
2156 4420 2318 4476 Deum
2347 4439 2590 4493 precare,
2622 4438 2680 4482 ut
2702 4443 2819 4485 eam
2844 4433 2963 4499 tibi,
2996 4435 3042 4489 si
3074 4404 3221 4502 velit,
3243 4404 3516 4497 concedai.
3543 4404 3680 4508 Quid;

488 4495 723 4558 iiantur,
785 4493 881 4548 tibi
958 4510 1168 4563 semper
1228 4506 1353 4551 autc
1429 4498 1615 4554 oculos
1667 4501 2044 4569 obversentur,

487 4593 645 4652 teque
670 4599 738 4638 ex
776 4598 962 4639 eorum
1015 4601 1238 4640 numero
1262 4603 1424 4642 unum
1461 4590 1639 4658 potius
1678 4607 1841 4661 quam
1869 4595 2050 4650 viven-

486 4671 615 4724 tium
645 4671 919 4728 existima.

555 4757 641 4812 Vl.
674 4760 900 4813 Attende
932 4758 1026 4814 tibi
1044 4760 1326 4830 diligenter
1359 4772 1412 4816 et
1437 4765 1740 4834 considera,
1764 4767 2046 4826 Dominum

482 4856 723 4903 nostrum
777 4846 957 4902 Jesum
999 4848 1275 4904 Christum
1312 4866 1409 4919 pro
1451 4855 1601 4909 nobis
1627 4867 1896 4913 mortuum
1930 4877 2050 4916 esse

478 4945 535 4990 et
572 4934 894 5002 surrexisse,
927 4953 1131 5006 nosque
1180 4943 1438 5010 sanguine
1473 4959 1569 4999 suo
1616 4948 1928 5016 redemisse,
1991 4966 2048 5009 ut

479 5027 582 5096 ipsi
637 5026 728 5081 tibi
776 5042 879 5082 non
929 5031 1158 5100 amplius
1195 5033 1367 5098 vivas,
1412 5036 1503 5090 sed
1563 5037 1787 5096 Domino
1811 5045 1901 5113 qui
1950 5060 2047 5114 pro

482 5118 635 5172 nobis
668 5127 910 5174 mortuus
953 5128 1041 5174 est
1088 5128 1142 5176 et
1179 5125 1413 5180 surrexit
1437 5125 1503 5181 ".
1551 5130 1738 5199 Cogita
1769 5134 1948 5202 igitur,
1995 5147 2046 5193 te

477 5222 692 5279 semper
728 5220 854 5266 ante
901 5211 1085 5268 oculos
1123 5213 1239 5284 ejus
1281 5219 1509 5285 versari,
1544 5230 1598 5276 et
1640 5237 1735 5277 cor
1763 5233 1910 5280 tuum
1949 5229 2044 5283 ob-

478 5314 652 5354 serva.

546 5389 660 5446 VII.
701 5389 935 5448 Attende
982 5394 1079 5449 tibi
1128 5388 1430 5468 diligenter,
1457 5409 1514 5454 ut
1557 5412 1802 5473 prompto
1829 5421 2042 5478 semper

473 5493 657 5537 animo
696 5495 888 5550 pareas
935 5487 1196 5544 voluntati
1238 5489 1333 5545 Dei
1361 5499 1416 5545 et
1459 5491 1670 5548 Domini
1715 5499 1883 5553 nostri
1915 5499 2040 5556 Jcsu

2155 4515 2281 4604 quid
2333 4515 2515 4581 habes,
2550 4518 2600 4571 id
2653 4534 2756 4576 non
2798 4522 2937 4589 aliis,
2968 4526 3058 4579 sed
3102 4527 3209 4582 Deo
3238 4541 3508 4604 acceptum
3549 4531 3680 4595 refer,

2153 4613 2205 4656 et
2239 4603 2309 4656 illi
2344 4607 2546 4673 gratias
2587 4621 2703 4678 age.
2733 4609 2788 4664 Si
2824 4627 2927 4680 qua
2957 4616 3048 4669 tibi
3093 4619 3309 4685 desunt,
3343 4603 3404 4677 ea
3433 4623 3496 4678 ab
3533 4623 3680 4677 homi-

2121 4694 2311 4754 _nibus
2341 4710 2408 4748 ne
2442 4709 2744 4767 exspectes,
2793 4718 2966 4773 neque
3001 4709 3066 4762 de
3104 4710 3209 4763 ullo
3241 4728 3580 4784 conquererc,
3605 4714 3677 4767 sed

2155 4783 2316 4839 alacri
2351 4786 2531 4841 animo
2559 4799 2613 4842 et
2657 4794 2944 4860 tranquillo
2976 4811 3170 4853 cuneta
3202 4783 3489 4870 sustineas,
3533 4815 3676 4859 tecum

2155 4871 2270 4940 ipse
2299 4873 2369 4926 ita
2397 4876 2639 4944 cogitans
2669 4893 2682 4929 :
2711 4880 2820 4950 Ego
2852 4883 3065 4950 quidem
3101 4898 3321 4959 prapter
3349 4903 3556 4962 peccata
3583 4907 3678 4946 mea

2148 4963 2328 5019 multis
2360 4979 2478 5019 sum
2545 4970 2739 5040 dignus
2790 4972 3172 5036 aﬂictionibus
3209 5001 3221 5036 :
3265 4996 3494 5040 attamen
3531 4988 3674 5050 Dem.

2144 5053 2189 5106 si
2216 5053 2362 5121 velit,
2389 5067 2563 5124 potest
2595 5063 2698 5116 mei
2729 5065 2993 5134 misereri,
3018 5079 3072 5126 et
3114 5087 3233 5141 qua:
3248 5088 3369 5131 sunt
3396 5079 3505 5133 usui
3530 5091 3676 5131 neces-

2144 5145 2285 5198 saria
2314 5185 2329 5211 ,
2389 5149 2518 5204 mihi
2565 5154 2996 5214 subministrare.
3059 5163 3172 5221 lloc
3214 5169 3393 5224 animo
3434 5171 3476 5225 si
3517 5169 3673 5236 fueris,

2143 5234 2446 5332 Deusnniliil
2474 5242 2564 5296 tibi
2613 5247 2752 5314 quod
2783 5253 3054 5320 expediat,
3083 5258 3274 5315 deesse
3312 5264 3552 5332 patietur.

2221 5325 2359 5383 xui.
2414 5331 2647 5390 Attende
2702 5338 2798 5393 tibi
2853 5342 3157 5415 diligenter,
3211 5360 3267 5405 ut
3313 5325 3443 5407 nihil
3489 5352 3671 5408 omnino

2149 5419 2434 5514 suscipias,
2460 5425 2560 5479 nisi
2593 5431 2735 5498 quod
2765 5433 2860 5488 tibi
2901 5442 3238 5505 persuaseris
3262 5443 3623 5514 justepartum.
3643 5457 3667 5494 a

2151 5506 2258 5564 Deo
2283 5517 2629 5582 suppeditari.
2662 5521 2792 5588 Quae
2824 5537 2949 5584 sunt
2997 5506 3282 5603 ejusmodi,
3319 5551 3379 5592 ea
3416 5506 3526 5593 cum
3561 5545 3668 5605 pm

539 5639 584 5674 σν
610 5641 713 5694 lsa.
759 5657 874 5709 Llll,
915 5646 967 5712 7,
1001 5647 1052 5701 8.
1128 5649 1174 5681 "
1205 5645 1246 5701 ll
1273 5645 1398 5703 Cor.
1426 5664 1476 5714 v,
1505 5649 1590 5705 l5.
1667 5651 1712 5684 "
1739 5653 1857 5708 Act.
1887 5657 2106 5723 xuv,2l.
2175 5661 2219 5694 “
2251 5663 2389 5720 Psal.
2418 5685 2603 5740 xxxiii,
2642 5675 2726 5730 ll.
