3884 6278
194 358 338 413 119⁸1

1299 356 1355 412 S.
1392 353 1600 412 ISAlxﬁ
1632 352 1924 410 ABBATIS
1958 350 2374 409 ORATIONES.

3335 353 3472 408 “98

198 471 467 541 suscipito
505 488 518 525 :
557 485 675 540 qum
721 485 848 525 vero
886 485 950 524 cx
1001 468 1307 538 iniquitate,
1367 480 1460 526 aut
1509 469 1647 525 bello
1696 479 1786 522 aut
1817 475 1860 532 Α
1892 467 2192 523 doctrinam
2242 468 2341 523 sibi
2401 468 2512 537 ipse
2568 467 2794 536 plaudit,
2827 483 2948 522 cum
2988 469 3270 525 contendit
3311 481 3364 525 et
3393 471 3472 525 al-

200 561 392 617 fraude
426 573 515 616 aut
541 561 883 618 simulatione
915 562 1156 632 profecta
1205 562 1574 634 perspexeris,
1598 577 1662 616 ea
1698 574 1782 615 re-

194 653 352 724 jicilo
379 663 431 708 et
469 654 768 724 repudiato.
811 654 1005 710 Melior
1039 657 1230 726 exigua
1252 672 1376 724 pars
1440 671 1558 709 cum
1599 655 1787 707 timore

200 744 323 806 Dei,
364 761 521 812 quam
560 745 792 815 ingentes
832 747 1068 800 thesauri
1102 762 1221 802 cum
1246 747 1519 817 iniquitate
1540 748 1607 800 “.

273 831 415 888 XIV.
453 836 687 890 Attende
733 836 827 890 tibi
881 835 1189 907 diligenter,
1218 845 1278 890 ut
1312 838 1457 892 omni
1501 839 1680 893 studio
1717 838 1789 892 si-

202 925 428 980 lentium
470 926 639 991 colas,
675 941 782 996 quo
831 927 1060 991 facilius,
1102 927 1211 984 Deo
1243 927 1556 996 adjuvante,
1583 929 1647 982 ad
1689 931 1788 983 vir-

207 1026 375 1070 tutem
435 1017 729 1071 contendas
759 1026 923 1088 atque
969 1018 1241 1088 proﬁcias.
1293 1017 1446 1086 Quod
1487 1019 1533 1074 si
1580 1030 1790 1090 tempus

206 1108 482 1174 inciderit,
512 1116 574 1163 ut
618 1109 924 1164 necessario
947 1108 1277 1179 loquendum
1323 1111 1418 1176 sit,
1452 1120 1544 1166 aut
1575 1123 1792 1181 praestet

207 1201 351 1270 loqui
384 1215 546 1270 quam
598 1211 798 1268 tacere,
833 1210 959 1256 tunc
982 1215 1045 1256 os
1093 1209 1239 1255 tuum
1279 1202 1532 1272 aperiens
1571 1218 1690 1258 cum
1721 1204 1790 1258 tia

208 1309 360 1349 more
384 1293 474 1348 Dei
499 1302 660 1364 atque
682 1301 941 1361 tremore,
961 1302 1037 1358 et,
1066 1294 1241 1363 capite
1265 1293 1523 1360 demisso,
1548 1295 1792 1350 modeste

208 1395 265 1439 et
293 1385 562 1440 submissa
595 1399 726 1438 voce
751 1385 911 1440 verba
944 1383 1130 1440 facito.
1179 1385 1236 1439 Si
1271 1395 1393 1440 cum
1447 1385 1632 1456 aliquo
1659 1400 1794 1441 con—

207 1491 427 1546 gressus
491 1475 682 1540 fueris,
717 1475 1004 1531 charitatis
1042 1477 1217 1546 gratia
1252 1489 1422 1546 pauca
1470 1475 1711 1546 loquere,
1741 1486 1796 1531 et

209 1563 463 1620 celeriter
515 1574 651 1620 tace.
697 1565 752 1620 Si
782 1563 951 1620 fueris
1008 1566 1400 1638 interrogatus,
1455 1575 1663 1622 tantum
1706 1582 1794 1622 re-

211 1658 440 1729 sponde,
481 1668 740 1727 quantum
770 1644 1464 1716 cobedientize'necessitas
1514 1667 1688 1730 coget,
1743 1668 1798 1714 et

213 1762 320 1802 non
350 1747 596 1816 amplius.
1378 1742 1387 1748 ’

1898 567 2152 620 tercatur,
2182 573 2304 611 cum
2354 558 2630 628 propriam
2671 559 2916 614 defendit
2954 561 3309 626 voluntatem,
3349 579 3470 616 cum

1895 662 1954 701 se
1979 648 2179 703 bonum
2199 659 2254 703 et
2278 650 2577 720 sapientem
2601 651 2896 718 existimat,
2925 667 3046 706 cum
3070 652 3292 707 fratrem
3317 668 3472 708 suum
3537 703 3540 706 .

1897 739 2200 808 improbum
2231 755 2294 795 ac
2325 741 2544 795 stultum
2579 751 2731 812 putat
2755 758 2817 798 ac
2847 744 3093 812 despicit.

1970 828 2030 882 ll.
2045 827 2137 884 Isti
2157 830 2534 894 malitiaerami
2552 842 2808 886 crescunt
2823 842 2877 887 et
2893 842 3262 904 pr0pagantur
3283 834 3336 888 in
3353 833 3478 887 Ini-

1899 935 1982 972 ma
2015 921 2210 976 misera
2251 921 2660 992 atqueinfelice,
2679 924 2849 979 donec
2877 939 2996 978 eam
3028 934 3325 993 separenta
3346 925 3476 980 Deo.

1901 1011 2020 1066 llicc
2036 1023 2160 1068 sunt
2175 1029 2340 1070 onera
2361 1014 2446 1069 illa
2461 1015 2802 1084 gravissima,
2818 1018 3014 1087 quibus
3026 1018 3194 1072 Adam
3211 1019 3478 1073 cervicem

1898 1104 2153 1168 subdidit,
2171 1121 2366 1161 cumex
2387 1107 2530 1172 ligno
2545 1107 2706 1162 vetito
2725 1108 2979 1164 comedit.
2999 1108 3120 1164 Haec
3132 1118 3277 1174 sunt,
3294 1126 3484 1179 quam-

1899 1194 2083 1249 obrem
2101 1198 2304 1251 dictum
2337 1209 2450 1253 est:
2473 1198 2774 1270 Languorcs
2804 1211 3011 1255 nostros
3024 1202 3132 1270 ipse
3155 1203 3294 1266 tulit,
3317 1214 3363 1256 et
3383 1204 3448 1255 do
3466 1232 3484 1244 -

1900 1285 2036 1339 lares
2052 1297 2257 1343 nostros
2271 1288 2380 1354 ipse
2389 1291 2615 1356 portavit
2632 1290 2698 1344 ⁸³.
2715 1289 2839 1346 Haec
2851 1303 2975 1346 sunt
2987 1308 3107 1362 quae
3123 1293 3377 1349 Dominus
3393 1310 3486 1350 no-

1901 1383 2013 1427 stcr
2030 1371 2188 1429 Jesus
2202 1374 2452 1433 Christus
2470 1377 2740 1434 interfecit
2757 1382 2808 1434 in
2828 1395 3006 1436 cruce.
3019 1381 3081 1437 lli
3099 1392 3220 1437 sunt
3242 1395 3391 1440 utres
3409 1383 3484 1439 illi

1901 1473 2133 1528 veteres,
2186 1466 2238 1522 in
2274 1483 2410 1537 quos
2440 1484 2543 1525 non
2593 1471 2894 1526 infunditur
2928 1473 3110 1528 vinum
3166 1491 3365 1531 novum
3413 1478 3482 1530 “.

1903 1554 2028 1610 Haec
2068 1567 2194 1612 sunt
2223 1559 2306 1612 illa
2356 1561 2566 1616 vincula
2591 1564 2788 1634 quibus
2837 1565 3078 1622 Lazarus
3119 1575 3235 1621 erat
3275 1567 3486 1639 obliga-

1905 1655 1989 1701 tus
2012 1648 2078 1703 ⁸⁸.
2115 1649 2202 1704 Isti
2227 1662 2352 1706 sunt
2384 1653 2456 1706 illi
2487 1655 2778 1721 daemones,
2807 1671 2942 1726 quos
2970 1657 3220 1712 Christus
3261 1659 3490 1716 immisit

1906 1737 1958 1791 in
1987 1754 2204 1810 gregem
2259 1757 2546 1811 porcorum
2579 1745 2644 1802 ⁸⁸.
2694 1746 2839 1803 Talis
2867 1757 2952 1802 est
3000 1747 3088 1804 ille
3126 1759 3278 1804 vetus
3305 1752 3486 1816 homo,

284 1837 403 1892 xv.
440 1840 670 1894 Attende
708 1840 800 1894 tibi
847 1841 1150 1913 diligenter,
1189 1855 1246 1895 ιιι
1285 1840 1738 1909 quemadmodum
1768 1856 1796 1894 a
1831 1840 1872 1894 Β
1904 1841 2065 1894 quem
2120 1830 2411 1899 Apostolus
2457 1835 2721 1903 praecipit.
2769 1844 2828 1888 ιιι
2874 1851 3135 1890 eruamus
3162 1853 3177 1902 ;
3205 1847 3489 1908 propterea

212 1928 436 1986 libidine
477 1941 764 1999 temperas,
813 1932 893 1987 sic
922 1933 1086 1988 etiam
1135 1932 1438 1993 oculorum,
1466 1942 1520 1986 et
1559 1933 1794 1996 aurium,

213 2025 272 2074 et
332 2028 508 2072 tactus
553 2019 811 2074 cohibeas
878 2019 1254 2090 cupiditatem.
1305 2019 1504 2075 Oculos
1538 2035 1797 2074 manuum

169 2155 176 2158 _
217 2117 431 2163 tuarum
462 2109 714 2178 operibus
741 2109 914 2165 solum
953 2109 1194 2177 intende,
1228 2117 1283 2164 et
1313 2125 1420 2166 non
1466 2111 1627 2166 rebus
1655 2110 1798 2176 aliis,

213 2198 321 2254 nisi
370 2200 665 2268 probabilis
719 2199 1012 2255 necessitas
1075 2201 1128 2255 id
1178 2201 1490 2271 postulabit.
1545 2201 1798 2257 Femina:

213 2304 352 2346 vero
376 2301 465 2345 aut
499 2292 643 2348 viros
670 2291 958 2358 formosos,
999 2292 1100 2348 nisi
1132 2308 1322 2364 magna
1351 2301 1575 2362 urgente
1607 2309 1799 2349 neces-

216 2381 400 2448 sitate,
456 2383 712 2451 respicias
763 2398 917 2438 cave.
962 2381 1092 2450 Quae
1140 2381 1206 2438 de
1251 2383 1372 2437 aliis
1419 2384 1691 2451 dicuntur,
1733 2399 1802 2440 ne

215 2487 380 2529 cures
420 2474 628 2528 audire.
655 2473 729 2530 Os
751 2484 920 2536 tuum,
949 2473 1052 2528 nisi
1077 2488 1299 2530 necesse
1333 2476 1425 2538 sit,
1455 2475 1590 2530 nihil
1615 2475 1798 2545 loqua-

216 2573 308 2619 tur
332 2565 572 2619 omnino.
607 2565 663 2619 Si
699 2565 814 2620 haec
835 2565 983 2619 utilia
1017 2580 1138 2621 esse
1168 2565 1576 2633 animadvertis,
1608 2567 1800 2632 frater,

216 2669 439 2724 operam
480 2655 569 2720 da,
600 2663 659 2708 ut
688 2669 749 2709 ea
784 2669 841 2709 re
887 2655 1002 2725 ipsa
1037 2655 1306 2724 perﬁcias,
1339 2666 1396 2710 ut
1436 2657 1488 2712 in
1519 2658 1651 2712 hora
1681 2667 1802 2714 ten-

221 2746 450 2801 tationis
477 2754 526 2800 te
549 2746 690 2801 Deus
713 2754 961 2816 protegat
988 2760 1053 2800 ac
1077 2755 1308 2800 tueatur.
1337 2747 1529 2802 Amen.

749 2834 1006 2891 ORATIO
1036 2835 1268 2892 XXVIII.

720 2926 797 2981 De
867 2923 1087 2982 Malitia:
1143 2929 1325 2982 ramis.

295 3017 337 3073 1.
362 3017 436 3072 De
471 3017 684 3072 malitiae
712 3019 875 3072 ramis
906 3019 1191 3073 dicendum
1220 3029 1327 3085 est,
1360 3030 1416 3074 ut
1452 3020 1636 3087 homo,
1675 3023 1802 3090 quid

225 3107 300 3163 sit
348 3108 554 3175 vitium,
595 3118 649 3162 et
689 3108 815 3178 quid
853 3123 912 3162 se
943 3124 971 3161 a
1006 3109 1113 3162 Deo
1151 3119 1385 3178 separet,
1437 3111 1717 3181 intelligat,
1750 3121 1806 3166 et

225 3199 344 3268 ejus
383 3189 641 3253 auxilium
685 3198 934 3268 imploret
979 3199 1243 3255 adversus
1294 3200 1500 3270 singula
1544 3202 1695 3267 vitia,
1727 3213 1802 3268 et,

227 3291 406 3344 divina
441 3287 726 3358 adiuvante
757 3289 1066 3356 clementia,
1100 3305 1162 3344 ea
1204 3289 1449 3361 proﬂiget
1474 3301 1527 3348 et
1551 3293 1802 3363 expellat.

234 3379 376 3434 Vitia
428 3389 564 3435 sunt-
599 3381 793 3436 anima:
825 3380 1065 3446 vulnera,
1111 3398 1231 3452 qua:
1275 3383 1562 3454 sejuugunt
1605 3386 1747 3441 illam
1777 3405 1806 3440 a

231 3472 362 3526 Deo.
398 3471 592 3526 Beatus
627 3471 734 3536 ille,
768 3472 857 3539 qui
906 3487 933 3525 a
977 3473 1121 3527 vitiis
1165 3474 1370 3545 integer
1417 3486 1470 3531 et
1510 3491 1675 3546 purus
1698 3487 1800 3543 est,

230 3561 356 3628 quia
390 3571 644 3630 tanquam
675 3561 793 3617 ovis
834 3563 1043 3616 ratione
1083 3561 1306 3631 przedita
1335 3576 1546 3634 gratum
1580 3565 1688 3622 Deo
1721 3584 1810 3621 sa-

247 3651 511 3707 criﬁcium
559 3651 838 3718 oﬂ'eretur,
873 3664 926 3708 et
956 3655 1246 3721 jucundam
1277 3655 1422 3709 illam
1471 3657 1679 3713 Domini
1719 3674 1810 3713 vo-

232 3756 352 3797 cem
375 3743 629 3799 exaudiet
660 3760 674 3796 :
701 3741 868 3814 Euge,
896 3761 1036 3799 serve
1062 3745 1191 3800 bone
1218 3757 1264 3800 et
1289 3746 1482 3816 ﬁdelis,
1505 3750 1633 3818 quia
1655 3766 1811 3815 super

230 3849 402 3901 pauca
432 3834 580 3902 fuisti
610 3833 803 3902 ﬁdelis,
835 3851 991 3904 super
1013 3837 1177 3890 multa
1206 3846 1255 3891 te
1289 3841 1604 3893 constituam
1628 3859 1648 3907 ;
1669 3844 1811 3897 intra

234 3925 292 3977 in
331 3925 581 3994 gaudium
617 3925 826 3980 Domini
877 3928 951 3978 tui
977 3926 1046 3981 ⁶¹.
1077 3926 1178 3993 Qui
1208 3936 1386 3983 autem
1423 3930 1607 3985 volunt
1631 3935 1810 3988 carnis

231 4031 346 4070 suae
361 4016 669 4073 voluntates
695 4020 938 4088 esplere,
966 4032 1138 4086 neque
1162 4034 1221 4074 se
1250 4021 1453 4076 sanctis
1481 4023 1810 4092 poenitentiae

235 4106 640 4162 medicamentis
668 4123 879 4174 curare,
929 4119 989 4163 ut
1019 4111 1203 4164 mundi
1249 4113 1534 4182 sanctique
1566 4114 1722 4177 fiant,
1756 4117 1808 4170 in

124 4234 141 4249 .
234 4199 369 4253 hora
421 4200 762 4255 necessitatis
819 4201 1076 4255 virtutum
1123 4201 1261 4256 stola
1298 4204 1635 4273 reperientur
1659 4207 1807 4273 nudi,

233 4301 291 4345 et
313 4291 664 4361 proiiciantur
689 4293 740 4346 in
787 4295 1037 4348 tenebras
1074 4293 1393 4360 exteriores,
1430 4295 1516 4350 ubi
1567 4296 1810 4354 diabolus

233 4393 320 4438 est
373 4383 512 4438 stula
568 4384 823 4439 vitiorum
865 4384 1105 4449 indutus,
1159 4400 1280 4454 qua:
1315 4394 1444 4441 sunt
1499 4386 1811 4455 fornicatio,

1903 1919 2038 1973 dixit
2065 1917 2238 1974 :Caro
2260 1932 2306 1972 et
2340 1925 2555 1992 sanguis
2582 1940 2797 1994 regnum
2827 1925 2924 1980 Dei
2942 1943 3044 1982 non
3066 1929 3484 1996 possidebunt";

1901 2019 1956 2062 et
1985 2025 2197 2064 rursum
2235 2030 2248 2065 :
2287 2011 2346 2068 Si
2388 2016 2671 2068 secundum
2718 2033 2930 2072 carnem
2986 2020 3243 2085 vixeritis,
3295 2023 3488 2076 morie.

1901 2100 2031 2154 mini
2060 2100 2124 2155 ⁸⁸.
2157 2102 2280 2158 Ista:
2331 2114 2456 2160 sunt
2514 2106 2616 2162 illa:
2655 2110 2824 2178 spina:
2853 2119 2908 2166 et
2932 2112 3138 2178 tribuli,
3181 2129 3319 2183 quos
3341 2125 3487 2170 terra

1903 2192 2123 2260 protulit
2145 2193 2340 2262 Adam,
2358 2207 2708 2269 posteaquam
2732 2199 2936 2269 ejectus
2963 2211 3097 2258 este
3120 2206 3392 2274 paradiso.
3415 2209 3488 2263 At

1903 2281 2103 2337 Christi
2136 2285 2328 2355 jugum
2384 2304 2540 2342 suave
2587 2301 2686 2355 est,
2736 2301 2782 2344 et
2817 2309 2950 2347 onus
2995 2295 3103 2349 leve
3147 2295 3226 2362 ⁶⁹;
3295 2312 3490 2368 nempe

1904 2377 2283 2442 mansuetudo,
2342 2379 2598 2445 castitas,
2650 2382 2862 2450 lenitas,
2932 2386 3168 2454 bonitas,
3231 2389 3486 2458 gaudium

1903 2463 2148 2530 spiritus,
2172 2466 2500 2521 abstinentia
2524 2470 2592 2523 ab
2617 2473 2870 2528 omnibus
2901 2475 3070 2539 vitiis,
3097 2477 3336 2532 cliaritas
3362 2492 3490 2549 erga

1903 2567 2113 2620 omnes,
2151 2569 2342 2612 sancta
2385 2560 2664 2627 discretio,
2700 2562 2832 2620 fides
2872 2567 3188 2629 immobilis,
3238 2568 3486 2624 affectio-

1907 2658 2037 2699 num
2065 2646 2333 2711 toleratio,
2367 2665 2394 2703 a
2429 2643 2629 2707 mundo
2668 2653 2955 2723 seiunctio,
3003 2659 3276 2728 cupiditas
3306 2675 3335 2713 a
3367 2674 3492 2715 cor-

1905 2749 2034 2803 pore
2065 2737 2398 2806 discedendi,
2441 2752 2496 2796 et
2527 2747 2847 2800 occurrendi
2896 2747 3124 2804 Domino
3167 2749 3294 2806 Jesu
3326 2751 3487 2807 Chri-

1906 2837 2012 2880 sto.
2052 2827 2176 2884 Hzec
2198 2841 2324 2886 sunt
2353 2847 2519 2887 onera
2568 2834 2658 2888 illa
2708 2836 2867 2901 levia,
2901 2854 3022 2908 quae
3055 2855 3152 2895 nos
3177 2842 3344 2912 jussit
3381 2843 3488 2898 Do-

1909 2917 2084 2973 minus
2111 2929 2342 2987 gestare.
2375 2920 2498 2977 lltcc
2524 2933 2608 2978 est
2644 2925 2732 2979 illa
2764 2927 2874 2993 via,
2910 2929 2976 2983 ad
3007 2943 3168 2998 quam
3207 2934 3380 2988 sancti
3431 2946 3488 2990 ut

1866 3027 1872 3032 ·
1910 3010 2273 3074 pervenirent,
2309 3019 2416 3066 tam
2453 3014 2650 3070 multos
2703 3015 2918 3072 labores
2955 3021 3310 3087 pertulerunt.
3360 3024 3487 3082 Haec

1910 3109 2035 3153 sunt
2062 3115 2180 3168 qua:
2212 3097 2375 3156 nemo
2401 3107 2660 3174 consequi
2687 3115 2889 3177 potest,
2919 3110 3021 3167 nisi
3048 3120 3286 3170 veterem
3313 3115 3489 3172 homi-

1912 3203 2031 3243 nem
2065 3193 2296 3259 exuerit,
2331 3204 2385 3249 et
2421 3195 2678 3252 liberatus
2709 3197 2891 3266 fuerit,
2929 3211 2980 3255 et
3018 3205 3322 3273 possederit
3353 3210 3488 3264 cha-

1913 3282 2166 3347 ritatem;
2205 3298 2324 3352 qua:
2350 3287 2564 3360 quidem
2615 3290 2854 3346 charitas
2890 3292 3165 3350 hominem
3201 3296 3394 3354 libetat
3420 3303 3488 3356 ab

1910 3375 2160 3428 omnibus
2188 3375 2335 3431 curis
2357 3385 2410 3432 et
2439 3379 2915 3439 sollicitudinibus.

1983 3463 2065 3519 Ill.
2098 3465 2283 3536 Neque
2308 3483 2436 3525 vero
2473 3471 2587 3526 ﬁeri
2641 3483 2836 3540 potest,
2877 3485 2936 3530 ut
2968 3478 3212 3536 charitas
3251 3482 3302 3537 in
3335 3485 3493 3541 nobis

1917 3553 2140 3620 habitet,
2168 3558 2406 3626 quandiu
2435 3559 2637 3630 aliquid
2683 3564 2864 3618 mundi
2898 3565 3194 3637 diligimus.
3233 3569 3361 3626 Non
3394 3589 3494 3642 po-

1915 3644 2086 3708 testis,
2133 3645 2330 3715 inquit,
2385 3649 2711 3719 mensanei
2738 3653 3018 3723 participes
3055 3673 3187 3723 esse,
3224 3672 3272 3714 et
3302 3678 3495 3718 mensa:

1914 3737 2296 3791 damoniorum
2323 3739 2370 3770 ⁷ο
2395 3757 2410 3806 ;
2436 3749 2490 3795 et
2511 3739 2677 3797 Isaias
2709 3759 2723 3796 :
2756 3744 2887 3810 Quis
2917 3750 3272 3819 annuntiabit,
3297 3755 3496 3824 inquit,

1917 3825 2058 3882 vobis
2105 3831 2278 3883 locum
2332 3836 2630 3890 a'ternunt?
2662 3834 2768 3900 Qui
2818 3839 3052 3894 ambulat
3093 3842 3150 3895 in
3185 3844 3422 3912 justitia,
3449 3859 3496 3902 et

1914 3917 2148 3986 loquitur
2173 3922 2311 3975 uiam
2362 3934 2593 3991 rectam;
2632 3929 2723 3996 qui
2756 3928 2866 3982 odit
2901 3930 3233 4001 iniquitatem
3275 3948 3323 3990 et
3355 3939 3498 4008 inju-

1912 4009 2133 4076 stitiam,
2159 4021 2206 4065 et
2225 4015 2414 4067 excutit
2442 4032 2630 4071 manus
2649 4034 2773 4072 suas
2809 4037 2840 4073 a
2863 4024 3197 4090 muneribus;
3227 4029 3317 4096 qui
3342 4047 3498 4086 aures

1913 4103 2144 4168 obturat,
2171 4121 2233 4158 ne
2276 4107 2459 4161 audiat
2491 4108 2758 4177 judicium
2815 4116 3132 4182 sanguinis;
3175 4120 3268 4187 qui
3293 4121 3494 4174 claudit

1915 4192 2116 4258 oculos,
2161 4205 2217 4248 ut
2267 4212 2370 4250 non
2415 4197 2590 4251 videat
2629 4199 3114 4263 iniquitatem:hic
3157 4205 3415 4262 habitabit
3440 4212 3497 4264 in

1914 4284 2117 4337 excelsa
2171 4286 2418 4354 spelunca
2480 4299 2641 4357 petrae
2679 4290 2870 4360 fortis;
2919 4295 3070 4362 panis
3108 4297 3156 4350 ei
3183 4297 3417 4365 dabitur,
3449 4313 3499 4356 et

1916 4391 2052 4441 aqua
2077 4377 2192 4445 ejus
2217 4378 2388 4445 fidelis
2410 4379 2478 4434 “.
2527 4379 2659 4436 Vide
2692 4383 2889 4450 quibus
2928 4385 3225 4444 honoribus
3267 4399 3320 4445 et
3360 4407 3501 4461 prte-

234 4475 524 4545 cupiditas,
554 4477 805 4542 avaritia,
855 4476 1139 4543 detractio,
1171 4477 1273 4543 ira,
1303 4479 1602 4544 emulatio,
1633 4481 1802 4538 inanis

1923 4469 2046 4523 miis
2097 4484 2192 4526 eos
2245 4471 2504 4528 Dominus
2531 4473 2602 4528 sit
2636 4473 2956 4544 all‘ecturus,
3007 4481 3097 4549 qui
3149 4488 3370 4538 strenue
3405 4502 3504 4555 pu-

233 4568 404 4637 gloria
435 4576 490 4623 et
529 4568 800 4638 superbia.
851 4567 917 4623 Hi
973 4579 1100 4624 sunt
1136 4569 1357 4624 malitiae
1402 4571 1565 4639 rami,
1601 4581 1656 4627 et
1686 4574 1806 4629 aliis

234 4658 440 4714 similes
479 4659 654 4724 multi,
691 4669 747 4713 ut
781 4659 1039 4729 ebrietas,
1072 4663 1314 4734 corporis
1357 4676 1604 4729 ornatus,
1637 4666 1800 4720 animi

231 4749 534 4816 distractio,
593 4750 808 4814 inertia,
866 4751 1205 4818 scurrilitas,
1254 4767 1534 4810 sermones
1574 4756 1807 4823 ridiculi,

234 4841 590 4911 impudentia,
622 4841 990 4908 cachinnatio,
1015 4843 1362 4899 conscientiae
1402 4845 1700 4914 despectio,
1731 4849 1812 4903 di-

233 4932 342 4986 vini
377 4933 564 5003 judicii
611 4934 956 5004 negligentia,
995 4935 1216 5001 invidia,
1267 4937 1633 5005 mendacium,
1674 4940 1810 4994 adu-

235 5027 389 5092 latio,
425 5026 622 5083 falsum
653 5028 1044 5094 testimonium,
1076 5028 1210 5086 falsa
1254 5031 1494 5086 scientiae
1526 5031 1812 5101 professio,

237 5117 467 5171 docendi
520 5118 832 5188 arrogantia
863 5159 879 5186 ,
943 5117 1079 5173 lucri
1138 5119 1436 5190 cupiditas,
1483 5117 1816 5188 desperatio,

231 5211 416 5265 odium
447 5213 701 5280 proximi,
737 5226 861 5266 cum
921 5225 984 5265 se
1019 5210 1192 5280 ipsum
1229 5211 1351 5280 quis
1395 5223 1499 5264 non
1529 5209 1816 5277 reprehen-

232 5303 332 5364 dit,
371 5318 492 5357 cum
549 5303 827 5357 hominum
879 5302 1106 5370 gloriam
1165 5301 1360 5372 diligit,
1397 5315 1520 5355 cum
1550 5298 1816 5355 delicatas

230 5395 417 5464 epulas
438 5394 655 5464 quaerit,
688 5410 808 5448 cum
833 5395 1078 5464 corporis
1100 5393 1423 5463 cupiditates
1446 5391 1812 5462 amplectitur,

235 5500 359 5540 cum
429 5485 827 5541 inconsiderate
880 5481 1326 5550 scandalizatur,
1392 5497 1514 5538 cum
1595 5489 1813 5552 propter

1919 4568 2086 4628 gnant
2116 4560 2168 4614 in
2201 4561 2304 4617 hoc
2346 4564 2540 4634 exiguo
2570 4565 2696 4621 vita:
2739 4569 3028 4638 curriculo,
3064 4578 3118 4628 et
3156 4587 3253 4641 per
3290 4577 3503 4643 patien-

1917 4655 2048 4704 tiam
2077 4659 2240 4721 atque
2271 4652 2614 4711 alllictiouem
2658 4660 2843 4712 mundi
2873 4664 3146 4718 sarcinam
3194 4668 3497 4723 excutiunt.

1909 4741 2099 4799 Cernis
2125 4748 2397 4815 quomodo
2438 4747 2581 4804 Deus
2629 4751 2849 4820 adjuvet
2902 4754 3118 4811 labores
3149 4769 3341 4812 eorum
3395 4762 3491 4830 qui

1913 4832 2160 4900 proprias
2187 4847 2474 4906 amputant
2501 4839 2830 4908 voluntates,
2854 4853 2909 4897 et
2930 4858 3122 4899 omnes
3145 4847 3213 4900 ab
3245 4846 3348 4902 illis
3379 4862 3496 4917 per-

1915 4925 2254 4982 turbationes
2287 4930 2522 4999 expellat
2547 4933 2637 4999 qui
2688 4934 3072 5003 cupiditatibus
3108 4941 3222 4992 suis
3259 4940 3495 4997 divinam

1919 5017 2251 5072 voluntatem
2296 5025 2672 5092 anteponunt?
2726 5025 2827 5091 Qui
2891 5037 3071 5083 autem
3132 5030 3502 5086 voluntatibus

1916 5107 2196 5179 indulgent
2259 5113 2394 5178 suis,
2438 5116 2684 5182 quamvis
2737 5118 2932 5186 spiritu
2987 5119 3271 5189 incipiant,
3314 5131 3499 5178 tamen

1915 5201 2042 5269 quia
2066 5201 2254 5256 volunt
2275 5217 2368 5258 eas
2384 5205 2630 5274 implere,
2657 5209 2905 5264 hostibus
2931 5211 3185 5266 resistere
3202 5224 3498 5281 nequeunt,

1913 5301 1969 5347 et
2004 5293 2057 5348 in
2086 5308 2254 5351 carne
2284 5297 2561 5365 desinunt,
2598 5314 2660 5354 ac
2689 5303 2923 5368 perdunt
2968 5301 3184 5358 labores
3215 5320 3362 5360 suos.
3389 5305 3498 5361 Ita-

1912 5403 2018 5458 que
2051 5388 2354 5446 detestatur
2379 5407 2474 5447 eos
2500 5391 2764 5449 Jeremias
2796 5396 3056 5464 propheta
3094 5409 3110 5449 :
3154 5396 3498 5466 Maledictns,

1913 5481 2111 5551 inquit,
2145 5484 2230 5554 qui
2255 5483 2382 5553 facit
2437 5501 2592 5554 opera
2622 5483 2836 5540 Domini
2881 5485 3202 5556 negligenter
3226 5489 3296 5543 ".
3337 5489 3499 5545 Vides

305 5641 348 5673 “
383 5639 538 5694 Prov.
565 5657 654 5703 xv,
687 5641 771 5695 I6.
797 5642 842 5674 θ’
877 5641 1065 5696 Matth.
1097 5656 1222 5696 xxv.
1251 5640 1342 5706 91,
1363 5640 1454 5694 23.
1534 5639 1579 5671 ⁸³
1603 5639 1702 5694 lsa.
1730 5653 1846 5708 LIII,
1873 5639 1927 5692 4.
2003 5639 2259 5693 “Matth.
2284 5642 2465 5706 tx,l7.
2545 5641 2589 5673 ⁶⁸
2610 5605 2767 5696 .Inan.
2815 5643 3001 5705 “.44.
3079 5643 3123 5674 “
3150 5642 3335 5698 Matth.
3372 5659 3496 5708 vm.

248 5712 429 5768 50-52.
507 5711 744 5768 "ICor.
792 5729 883 5780 xv,
921 5713 1008 5767 50.
1084 5711 1130 5742 ⁸⁸
1166 5711 1320 5767 Rom.
1367 5709 1594 5777 vm,I."i.
1672 5709 1716 5742 ”
1752 5707 1800 5763 M

1911 5727 1940 5764 ι.
1976 5725 2048 5777 ιιι,
2089 5711 2176 5765 50.
2253 5711 2299 5742 ⁷⁸
2346 5714 2361 5766 l
2408 5715 2530 5766 (Lor.
2567 5729 2620 5777 ι,
2677 5712 2766 5766 21.

232 5784 281 5816 η
313 5780 422 5837 Jcr.
459 5797 641 5836 sunt.
677 5780 764 5832 10.

2848 5715 2890 5746 ⁷⁸
2929 5715 3030 5770 lsa.
3076 5728 3270 5779 χχχιιι,
3319 5712 3500 5774 “~10.
