3884 6278
455 401 593 460 H99

1551 405 1824 460 PATRES
1863 401 2171 460 IEGYPTII
2217 401 2488 460 SIECULI
2528 398 2618 456 IV.

3579 405 3699 464 £200

453 523 726 596 quomodo
756 525 893 579 Deus
922 539 1013 578 eos
1038 539 1128 593 qm
1173 539 1226 578 in
1261 526 1594 581 servitutem
1633 527 1804 596 ipsius
1837 541 1896 581 se
1931 527 2029 582 de-
2059 536 2106 589 Α
2136 537 2254 578 nem
2281 522 2617 595 negligimus.
2654 521 2744 577 Va:
2774 522 2952 587 nobis,
2987 522 3076 594 qui
3106 523 3242 594 pigri
3262 524 3508 596 tardique
3534 542 3700 584 sumus

448 621 660 685 dicant,
693 627 747 673 et
784 629 961 672 tamen
995 617 1226 687 propria:
1268 617 1526 674 voluntati
1555 619 1888 688 deserviunt,
1931 637 2035 677 non

453 707 690 776 adjuvet,
721 710 814 764 sed
848 708 1062 762 deserat
1087 717 1142 760 et
1179 706 1354 761 tradat
1379 708 1432 761 in
1451 723 1642 763 manus
1673 709 2033 766 inimicorum:

442 815 522 854 ex
573 815 681 870 quo
723 799 782 853 tit
826 807 883 854 ut
919 799 1038 854 loco
1065 800 1288 855 honoris
1314 815 1474 870 quem
1511 802 1578 857 ab
1604 803 1914 857 hominibus
1941 817 2037 855 au-

442 901 754 961 cupantur,
797 891 850 945 in
887 891 1119 946 dedecus
1147 900 1201 946 et
1233 891 1584 963 ignominiam
1623 893 1883 953 incidant,
1908 893 2034 961 quia

452 981 696 1038 hostibus
730 997 836 1038 non
892 983 1234 1048 restiterunt,
1287 985 1460 1038 donec
1508 983 1649 1040 Deus
1681 983 1786 1040 illis
1833 985 1900 1040 ad
1943 1001 2036 1042 eos

453 1074 795 1144 superandos
850 1075 1112 1128 auxilium
1173 1075 1358 1130 ferret.
1415 1075 1606 1140 Porro,
1655 1076 1796 1131 sicut
1845 1092 2036 1132 omnes

443 1164 754 1234 Scriptura:
807 1174 1098 1232 testantur,
1148 1167 1311 1222 homo
1357 1183 1464 1222 non
1499 1168 1786 1223 exauditur
1830 1185 1858 1222 a
1897 1168 2032 1237 Deo,

450 1253 555 1308 nisi
590 1269 712 1308 eum
749 1263 868 1309 oret
919 1269 983 1309 ac
1033 1255 1373 1325 deprecetur.
1403 1256 1766 1322 Quamobrem
1813 1258 1880 1312 ad
1919 1257 2037 1325 ejus

451 1347 799 1402 clementiam
835 1362 959 1404 cum
983 1349 1132 1402 omni
1165 1347 1345 1404 studio
1372 1357 1428 1404 et
1470 1349 1728 1419 lacrymis
1765 1350 2034 1420 supplices

451 1440 795 1501 accedamus,
822 1437 1287 1509 subjiciamusque
1321 1455 1420 1494 nos
1437 1440 1693 1495 omnibus
1724 1441 2034 1496 hominibus

443 1540 672 1600 propter
705 1529 1012 1596 Dominum,
1043 1539 1098 1586 et
1173 1529 1430 1586 fratribus
1463 1531 1663 1587 nostris
1703 1539 1760 1586 ut
1802 1532 2034 1599 pruden-

451 1623 682 1677 tioribus
726 1635 826 1676 nos
855 1624 1260 1690 submitlamtts,
1293 1626 1490 1678 nemini
1533 1623 1730 1678 malum
1773 1639 1866 1692 pro
1895 1623 2032 1676 malo

449 1712 722 1768 reddente:
757 1706 828 1779 ’δέ
888 1728 1065 1782 neque
1121 1716 1262 1771 male
1306 1717 1372 1771 de
1425 1717 1606 1786 aliquo
1641 1719 1948 1788 cogitantes
1979 1716 2032 1770 itt

2137 615 2202 668 ad
2245 614 2406 680 bona,
2442 615 2672 685 prompti
2727 624 2917 670 autem
2974 625 3028 672 et
3076 616 3284 673 alacres
3338 620 3403 675 ad
3435 622 3593 678 mala.
3621 624 3702 678 Vc

2139 706 2317 769 nobis,
2339 706 2432 776 qui
2467 721 2665 776 corpus
2702 714 2948 762 nostrum
2971 721 3141 777 capax
3171 719 3385 765 aeterna:
3405 710 3541 767 lucis
3565 721 3700 770 tene-

2138 797 2252 852 bris
2281 798 2588 852 addiximus
2613 798 2982 868 sempiternis.
3037 799 3132 854 ναξ
3165 800 3342 865 nobis,
3393 803 3521 870 quia
3550 802 3701 859 Filius

2137 886 2373 942 hominis
2399 889 2489 957 qui
2516 896 2600 942 est
2628 886 2868 956 ejusdem
2899 890 3148 946 essentia:
3179 904 3301 944 cum
3318 891 3428 947 Deo
3456 901 3512 948 et
3536 893 3699 962 Patre,

2135 994 2235 1048 pro
2262 979 2420 1034 nobis
2447 979 2623 1035 factus
2651 981 2814 1036 homo
2844 997 2952 1036 non
3009 981 3172 1037 habet
3221 985 3362 1052 apud
3387 1001 3484 1038 nos
3505 985 3592 1041 ubi
3621 1003 3700 1042 ca-

2136 1080 2233 1140 put
2266 1072 2512 1138 reclinet,
2563 1087 2684 1126 cttm
2735 1073 2941 1143 vulpes,
2994 1074 3096 1128 hoc
3124 1082 3209 1129 est
3240 1076 3402 1131 astuti
3425 1085 3586 1146 atque
3608 1078 3698 1132 im-

2136 1161 2304 1234 probi-
2319 1162 2562 1230 spiritus,
2597 1177 2724 1217 suas
2750 1161 2932 1218 foveas
2963 1145 3021 1217 in
3037 1164 3194 1218 nobis
3213 1145 3593 1222 struxerint".
3621 1167 3700 1224 Va:

2137 1254 2311 1319 nobis,
2337 1255 2464 1324 quia
2491 1255 2622 1310 recti
2651 1256 2815 1310 corde
2841 1257 3053 1312 animas
3085 1271 3248 1327 puras
3277 1266 3334 1313 et
3366 1274 3589 1330 corpora
3614 1278 3699 1317 sua

2133 1353 2320 1399 sancta
2352 1356 2408 1400 et
2443 1346 2562 1401 sine
2588 1345 2798 1402 macula
2824 1346 3016 1401 sistent
3051 1360 3176 1402 ante
3196 1349 3470 1416 Iudicem;
3503 1368 3596 1408 nos
3611 1369 3696 1408 au-

2138 1446 2243 1490 tem
2279 1437 2516 1506 impuras
2542 1438 2754 1493 animas
2783 1448 2838 1494 et
2869 1438 3146 1494 immunda
3170 1453 3402 1510 corpora
3432 1441 3697 1509 habentes,

2133 1529 2322 1584 aeterni
2355 1529 2603 1601 supplicii
2637 1530 2961 1585 sententiam
2987 1531 3290 1587 audiemus.

2205 1619 2268 1677 ll.
2311 1621 2404 1676 Vae
2444 1621 2622 1687 nobis,
2678 1621 2794 1692 qui,
2837 1636 2960 1676 cum
3011 1623 3248 1676 omnium
3304 1621 3624 1680 dedecorum
3647 1634 3696 1680 et

2134 1710 2457 1782 ﬂagitiorum
2507 1713 2678 1767 simus
2735 1712 2999 1778 studiosi,
3047 1712 3307 1768 honorem
3380 1724 3438 1770 et
3493 1715 3696 1786 gloriam

448 1802 613 1858 corde
647 1813 854 1870 nostro,
888 1807 982 1860 sed
1011 1821 1107 1861 cor
1130 1823 1292 1862 unum
1322 1809 1492 1864 simus
1527 1824 1716 1864 omnes
1738 1820 1900 1879 atque
1926 1823 2032 1863 una
2135 1811 2450 1858 sanctorum
2511 1802 2842 1874 ﬂagitamus.
2883 1804 2975 1858 Va:
3029 1803 3206 1868 nobis,
3253 1806 3369 1874 qni,
3399 1823 3523 1862 cum
3563 1809 3697 1862 dam-

449 1911 651 1948 anima.

518 1985 607 2041 IV.
641 1986 794 2054 Quod
845 1993 1024 2042 autem
1072 1989 1139 2043 ad
1183 2003 1245 2043 ea
1300 1990 1531 2058 pertinet
1573 2005 1690 2057 quae
1735 2002 1860 2045 sunt
1911 2005 2032 2046 cor-

445 2079 565 2149 pori
590 2077 921 2144 necessaria,
951 2094 1225 2150 nunquam
1247 2081 1491 2135 dicamus
1521 2096 1536 2135 :
1567 2080 1684 2136 Hoc
1719 2097 1896 2137 meum
1925 2091 2028 2136 est.

443 2171 556 2228 Cor
588 2181 834 2226 nostrum
877 2172 1094 2226 assidue
1152 2171 1542 2239 custodiamus,
1573 2174 2031 2242 observemusque

446 2275 555 2331 quo
603 2275 724 2317 sese
783 2269 985 2325 Vertat,
1015 2275 1082 2315 ne
1125 2260 1462 2316 immundum
1503 2270 1596 2315 aut
1630 2263 1895 2332 impurum
1931 2261 2028 2315 ali-

442 2347 575 2417 quid
619 2349 840 2418 cogitet.
892 2347 1100 2418 Corpus
1131 2363 1162 2403 a
1202 2347 1499 2418 repletioue
1547 2365 1916 2416 coerceamus,
1963 2366 2030 2406 ne

447 2455 480 2493 a
514 2437 671 2494 nobis
695 2437 940 2506 pmprias
971 2438 1152 2506 exigat
1181 2440 1523 2509 cupiditates,
1558 2442 1650 2494 sed
1686 2441 1879 2496 anima:
1901 2443 2028 2496 sub-

440 2531 646 2598 jeCtum
713 2531 804 2592 sit,
867 2539 922 2585 et
968 2531 1147 2585 anima
1183 2532 1373 2597 tuenti,
1415 2543 1472 2585 ut
1523 2531 1613 2585 ﬁat
1642 2547 1836 2601 spoasa
1871 2548 2026 2602 pura,

443 2629 502 2675 et
538 2622 737 2676 munda
759 2621 829 2678 ab
851 2622 998 2676 omni
1032 2621 1262 2687 macula,
1293 2632 1554 2690 vocetque
1570 2639 1823 2689 sponsum
1849 2640 2028 2689 suum,

457 2711 668 2776 Veniat,
715 2713 986 2782 inquiens,
1037 2712 1262 2767 dilectus
1311 2729 1454 2768 meus
1495 2715 1548 2767 in
1595 2714 1805 2768 hortum
1850 2731 2026 2777 suum,

445 2812 495 2856 et
536 2801 772 2857 comedat
798 2803 1029 2872 [ructant
1058 2820 1333 2874 pontorum
1367 2822 1582 2859 suorum
1605 2806 1670 2864 ⁷⁸.
1713 2806 1768 2860 lu
1795 2810 1894 2862 ltoc
1915 2819 2031 2862 stu-

446 2893 592 2947 dium
623 2903 679 2950 et
708 2909 896 2949 curam
937 2896 1336 2959 incumbamus,
1370 2898 1584 2959 fratres,
1622 2907 1677 2951 ut
1707 2899 1805 2954 hac
1835 2900 2029 2954 tiducia

445 2984 676 3052 praediti,
725 2985 1009 3040 audiamus
1060 3001 1184 3040 eum
1231 2987 1498 3042 dicentem
1539 3006 1550 3042 :
1591 2987 1692 3042 Ubt
1737 3005 1828 3058 ego
1891 3006 2027 3057 sum,

445 3074 560 3129 volo
587 3084 641 3128 ut
673 3084 722 3127 et
739 3074 838 3144 ipsi
865 3074 991 3138 sint,
1017 3075 1266 3143 quoniam
1295 3077 1455 3130 dilexi
1489 3093 1574 3130 eos
1593 3081 2030 3147 quemadmodum

443 3165 675 3219 dilexisti
729 3181 828 3227 me,
887 3162 1071 3219 Pater.
1129 3165 1194 3218 Et
1256 3168 1393 3219 tuin
1438 3184 1540 3232 me,
1567 3179 1614 3220 et
1655 3184 1747 3236 ego
1777 3170 1829 3220 in
1857 3171 1930 3222 eis
1960 3168 2028 3221 ⁷⁵.

2063 1885 2104 1940 Β
2135 1895 2244 1949 nati
2284 1895 2456 1950 simus
2479 1904 2534 1950 et
2583 1895 2768 1951 multis
2807 1897 3044 1966 peccatis
3071 1897 3316 1963 obnoxii,
3369 1908 3618 1970 tanquam
3642 1898 3695 1954 li-

2134 1987 2249 2042 beri
2273 1995 2437 2056 atque
2488 1987 2731 2042 insontes
2783 1987 2836 2042 in
2893 1988 3072 2042 medio
3101 1999 3416 2043 sanctorum
3469 1999 3523 2044 et
3557 1991 3694 2044 inuo—

2133 2077 2372 2132 centium
2412 2091 2714 2132 versamur.
2746 2073 2841 2131 Vae
2873 2077 3049 2141 nobis,
3080 2077 3194 2146 qui,
3221 2092 3344 2133 cum
3374 2077 3548 2134 simus
3563 2091 3694 2133 erro-

2135 2167 2284 2223 ribus
2307 2168 2474 2238 pleni,
2508 2181 2603 2222 cos
2631 2166 2721 2235 qui
2760 2168 2916 2222 nobis
2967 2167 3139 2222 multo
3187 2168 3440 2224 meliores
3463 2179 3695 2238 praestan-

2133 2259 2413 2328 tioresque
2436 2267 2586 2324 sunt,
2618 2273 2904 2314 monemus
2929 2269 2984 2314 et
3009 2259 3361 2315 instituimus.
3416 2259 3507 2316 Vae
3534 2260 3691 2328 nobis,

2133 2349 2222 2415 qui
2246 2349 2452 2403 trabem
2497 2348 2762 2404 habentes
2825 2349 2878 2404 in
2927 2349 3106 2414 oculo,
3131 2365 3293 2420 quam
3329 2351 3576 2407 minimas
3598 2352 3691 2406 fra-

2135 2451 2273 2494 trum
2306 2441 2542 2496 festucas
2563 2451 2721 2496 acute
2761 2442 3035 2496 cernimus
3066 2449 3120 2496 et
3171 2442 3437 2499 iracunde
3466 2445 3688 2499 volumus

2133 2539 2407 2596 excutere,
2458 2540 2714 2601 tanquam
2768 2531 2900 2586 nihil
2946 2532 3000 2586 in
3063 2532 3217 2588 nobis
3263 2533 3335 2588 sit
3387 2534 3531 2604 quod
3555 2544 3689 2605 egeat

2134 2621 2551 2690 reprehensione
2579 2622 2644 2674 τ’.
2680 2621 2769 2676 Vat
2825 2621 2998 2688 nobis,
3055 2622 3182 2691 quia
3240 2624 3429 2692 gravia
3457 2621 3691 2676 fratribus

2131 2723 2300 2764 onera
2347 2719 2510 2779 atque
2563 2709 2921 2764 intolerabilia
2957 2710 3304 2779 imponimus,
3364 2727 3492 2767 cum
3517 2728 3574 2768 ea
3604 2725 3686 2766 nos

2133 2808 2391 2870 tanquam
2452 2812 2680 2868 corpore
2730 2800 3108 2856 imbecilliores
3158 2817 3228 2857 ne
3277 2803 3448 2872 digito
3495 2804 3687 2874 quidem

2134 2890 2360 2945 velimus
2387 2891 2659 2960 attingere
2685 2890 2758 2947 ⁸ο.
2790 2889 2880 2944 Vae
2926 2891 3101 2954 nobis,
3152 2893 3266 2961 qui,
3297 2907 3426 2947 cum
3456 2894 3623 2948 divina
3642 2901 3688 2946 et

2135 2983 2433 3036 monastica
2460 2982 2764 3036 ministeria
2794 2963 3128 3048 recusemus,
3163 2985 3298 3038 alios
3331 3001 3456 3055 quae
3489 2985 3589 3040 sint
3607 2999 3683 3038 ex-

2133 3069 2370 3124 colendae
2431 3070 2646 3124 virtutis
2690 3068 2882 3136 ollicia,
2931 3071 3125 3126 docere
3178 3086 3285 3125 non
3318 3073 3680 3128 erubescimus.

2141 3161 2230 3217 Va:
2289 3162 2478 3229 nobis,
2528 3163 2619 3232 qui
2662 3177 2764 3216 non
2821 3161 2994 3217 solum
3063 3172 3304 3218 veterum
3370 3175 3684 3235 peccatorum

444 3256 711 3311 Ostendat
772 3257 926 3310 nobis
960 3266 1146 3310 sancta
1177 3267 1230 3310 et
1265 3257 1507 3326 ejusdem
1538 3261 1788 3312 essentia:
1827 3274 1890 3311 ac
1917 3259 2033 3312 sine
2059 3259 2101 3316 C
2137 3251 2530 3318 obliviscimur,
2588 3252 2683 3307 sed
2744 3253 2982 3306 recentia
3045 3252 3314 3322 depellere
3364 3264 3420 3309 et
3463 3252 3684 3324 lacrytnis

444 3346 711 3415 principio
762 3347 1004 3401 Trinitas
1040 3348 1467 3401 misericordiam
1524 3365 1701 3414 suam,
1731 3359 1786 3402 ttt
1818 3351 2027 3403 veniam

439 3432 900 3490 et-retttissionem
953 3435 1288 3491 inveniamus
1323 3451 1445 3491 cum
1475 3437 1678 3492 sanctis
1704 3437 1821 3508 ejus
1847 3438 1899 3492 itt
1943 3439 2030 3493 die

437 3527 651 3597 judicii.
685 3525 952 3592 Quoniam
977 3527 1079 3596 ipsi
1102 3537 1183 3582 est
1213 3529 1381 3597 gloria
1413 3537 1468 3582 et
1500 3528 1808 3599 imperium,
1849 3529 1903 3583 iu
1930 3544 2028 3584 sa:-

443 3619 564 3673 cula
587 3618 926 3674 saeculorum.
953 3620 1146 3673 Amen.

981 3707 1239 3764 ORATIO
1303 3707 1496 3763 XXIX.

871 3799 1126 3868 Eiusdem
1182 3801 1600 3857 lamentationes.

517 3890 557 3944 I.
594 3890 685 3946 Va:
715 3891 892 3957 nobis,
939 3891 1031 3960 qui
1087 3892 1140 3945 in
1174 3893 1278 3946 hoc
1340 3893 1537 3961 exiguo
1573 3895 1695 3948 vitae
1733 3896 1909 3963 spatio
1937 3911 2027 3950 vo-

444 3981 637 4051 luptati
663 3981 829 4036 dediti
854 3995 1066 4046 sumus,
1103 3983 1220 4052 qui,
1255 3983 1528 4053 utiniquae
1586 3994 1637 4038 et
1663 3984 1812 4040 brevi
1845 3986 2026 4042 carnis

442 4070 728 4141 cupiditati
770 4069 1205 4136 satisfaciamus,
1245 4087 1342 4128 nos
1389 4074 1788 4141 iucundissimo
1828 4076 2028 4134 divinae

442 4165 627 4232 gloriae
653 4164 964 4234 spectaculo
1005 4165 1252 4236 indignos
1277 4167 1680 4223 constituimus.
1721 4169 1809 4224 Vae
1849 4172 2024 4237 nobis,

440 4258 569 4327 quia
597 4258 866 4329 corruptio
905 4259 1348 4328 incorruptionem
1402 4276 1506 4314 non
1553 4263 1833 4330 possidebit
1857 4263 1942 4328 ";
1972 4274 2028 4319 et

441 4364 561 4412 nos,
593 4349 998 4419 incorruptione
1019 4357 1347 4420 contempta,
1379 4353 1742 4422 corruptionis
1775 4355 2026 4425 cupidine

442 4441 675 4496 furimus
728 4449 782 4496 et
830 4441 1149 4496 insanimus.
1192 4439 1285 4496 Vae
1323 4441 1501 4507 nobis,
1527 4443 1619 4512 qui
1668 4458 1888 4499 carnem
1923 4459 2022 4498 no-

441 4543 634 4597 stram,
659 4547 776 4602 quae
804 4533 854 4586 in
887 4533 1223 4602 putredinem
1243 4541 1327 4588 est
1345 4533 1660 4589 resolvenda
1691 4543 1745 4590 et
1761 4537 2020 4591 vermium

440 4638 564 4680 esca
603 4621 804 4690 futura,
847 4624 901 4678 in
926 4625 1160 4694 peccatis
1191 4624 1435 4680 fovemus
1473 4635 1530 4680 et
1561 4627 1884 4692 entttritnus,
1921 4642 2020 4682 nec

440 4716 618 4785 ignem
675 4716 727 4770 in
791 4730 899 4785 quo
950 4732 1138 4771 sumus
1197 4725 1457 4786 perpetuo
1521 4717 1888 4782 excruciandi,
1921 4733 2019 4773 nec

439 4807 818 4878 vermem_qui
857 4822 1129 4876 nunquam
1183 4807 1402 4870 dormit,
1445 4807 1873 4861 extimescimus.
1928 4808 2020 4862 Vte

441 4897 620 4961 nobis,
677 4913 908 4967 quorum
965 4913 1163 4969 corpus
1223 4899 1581 4954 immunditiis
1605 4899 2016 4968 coinquinatum

440 4989 686 5043 homines
711 4989 781 5055 pii
804 4989 989 5044 colunt
1018 5000 1072 5043 et
1100 4990 1480 5044 deosculantur
1501 5031 1517 5056 ,
1562 5005 1685 5045 cum
1731 5000 1912 5046 tamen
1943 4991 2019 5045 si-

441 5096 560 5134 mus
583 5080 828 5150 sepulcra
857 5082 1105 5136 dealbata
1135 5082 1204 5144 ⁷⁷,
1237 5093 1292 5136 et
1343 5081 1684 5137 mortiferum
1733 5094 2015 5152 peccatum

440 5171 796 5226 redoleamus.
827 5168 916 5226 Vae
951 5169 1127 5234 nobis,
1160 5172 1251 5239 qui
1299 5185 1394 5240 per
1436 5170 1906 5240 intemperantiam
1962 5176 2018 5223 et

437 5261 660 5318 delicias
687 5261 968 5332 epularum
991 5276 1174 5317 semen
1200 5263 1250 5316 in
1290 5262 1446 5317 nobis
1470 5263 1817 5332 atlaugemus,
1853 5267 1908 5314 et
1938 5259 2017 5312 id-

437 5355 590 5412 circo
623 5357 690 5410 ad
735 5355 970 5412 nefarias
1035 5371 1323 5426 corporum
1381 5354 1663 5410 mistiones
1695 5353 2010 5409 incitamur.

438 5445 534 5506 Va:
560 5449 733 5516 nobis,
757 5452 850 5519 qui
883 5448 1269 5504 mortalitatem
1301 5463 1422 5503 cum
1472 5445 1882 5501 immortalitate
1910 5458 2015 5498 non

437 5562 833 5618 comparamus,
863 5557 917 5600 et
945 5546 1182 5601 divinam
1209 5561 1271 5600 ac
1302 5545 1702 5600 formidandam
1733 5541 2016 5599 rectitudi-

2133 3345 2346 3399 diluere
2373 3339 2720 3415 negligimus.
2761 3343 2850 3399 Va:
2877 3343 3055 3408 nobis,
3083 3345 3197 3414 qui,
3221 3361 3345 3400 cum
3387 3345 3481 3401 Dei
3513 3345 3683 3400 auxilio

2129 3437 2367 3508 etgratia
2395 3447 2540 3492 recte
2566 3438 2775 3494 vivendi
2797 3437 3138 3493 fundamenta
3161 3437 3475 3508 jeceritnus,
3497 3451 3684 3492 nuncea

2129 3544 2250 3598 qua:
2262 3529 2446 3584 carnis
2471 3540 2619 3595 sunt,
2642 3528 3087 3598 superstruimus.
3113 3524 3207 3581 Va:
3235 3528 3416 3595 nobis,
3450 3527 3535 3598 qui
3553 3525 3682 3580 malis

2135 3619 2567 3690 cogitationibus
2599 3621 2671 3673 ita
2724 3618 3074 3685 delectamur,
3107 3628 3164 3674 ut
3215 3627 3441 3689 peccata
3476 3633 3586 3688 quae
3613 3617 3684 3672 de

2133 3712 2435 3780 speximus,
2485 3712 2746 3766 memoria
2798 3720 3124 3781 repetamus.
3158 3708 3250 3765 Vae
3298 3712 3477 3775 nobis,
3521 3709 3599 3778 qui
3637 3707 3680 3759 in

2129 3804 2336 3859 edendo
2393 3803 2737 3873 bibendoque
2784 3818 2888 3859 non
2943 3803 3301 3874 praevidemus
3323 3803 3467 3874 quod
3499 3800 3680 3857 nobisa

2129 3893 2350 3963 crapula
2381 3891 2579 3947 bellum
2619 3893 2854 3947 oriatur.
2903 3890 2996 3946 Va:
3029 3891 3188 3946 nobis
3209 3930 3225 3956 ,
3255 3907 3394 3960 quos
3442 3889 3675 3950 diabolus,

2129 3981 2256 4036 dum
2283 3980 2520 4050 libidinis
2553 3981 2796 4050 suggerit
2850 3980 3107 4050 c0gitata,
3171 3979 3468 4048 imparatos
3497 3986 3547 4032 et
3572 3990 3677 4028 con—

2133 4070 2434 4126 sentientes
2457 4068 2700 4126 otIendit.
2733 4069 2824 4124 Vae
2853 4069 3032 4135 nobis,
3067 4067 3176 4137 qui,
3228 4067 3469 4138 neglecto
3506 4063 3676 4119 divina-

2131 4175 2247 4215 rum
2278 4175 2496 4230 precum
2539 4168 2593 4216 et
2621 4175 2788 4216 sacra:
2836 4160 3086 4215 lectionis
3141 4158 3344 4223 studio,
3375 4159 3430 4213 in
3469 4155 3607 4226 nugis
3629 4160 3674 4206 et

2129 4253 2290 4307 rebus
2322 4251 2602 4308 inutilibus
2659 4253 2775 4308 dies
2821 4261 3034 4306 nostros
3066 4250 3456 4306 consumimus.
3485 4246 3567 4302 Vat
3593 4257 3672 4299 no-

2127 4345 2231 4408 bis,
2258 4359 2486 4414 quorum
2510 4345 2644 4398 adeo
2674 4358 2814 4398 caeca
2839 4341 3166 4404 sunttorda,
3201 4349 3281 4405 ut,
3305 4342 3432 4394 dum
3461 4335 3672 4410 legendis

2126 4435 2364 4504 peceatis
2394 4435 2594 4490 nostris
2640 4435 2899 4490 debemus
2941 4434 3274 4495 incumbere,
3307 4430 3498 4486 inertia
3539 4437 3674 4496 atque

2128 4526 2239 4581 otio
2288 4531 2684 4596 torpescamus.
2728 4523 2819 4580 Va:
2849 4523 3026 4590 nobis,
3051 4524 3166 4592 qui,
3196 4537 3317 4576 cum
3347 4522 3484 4577 Deus
3532 4519 3670 4578 dicat,

2129 4615 2320 4669 Anima
2349 4632 2468 4685 qua:
2489 4615 2800 4684 peccaverit,
2819 4615 2935 4682 ipsa
2968 4613 3224 4666 morietur
3249 4611 3319 4676 ⁸⁸,
3344 4613 3459 4682 ejus
3491 4607 3673 4663 assidue

2126 4707 2401 4776 peccantis
2429 4706 2628 4760 nullam
2653 4719 2837 4760 curam
2866 4705 3125 4774 gerimus.

2196 4799 2283 4855 Ill.
2323 4797 2414 4852 Vae
2467 4797 2644 4864 nobis,
2695 4796 2789 4866 qui
2835 4808 3034 4865 corpus
3075 4802 3319 4848 nostrum
3369 4792 3435 4846 ad
3476 4794 3666 4860 peccata

2117 4889 2357 4960 proclive
2383 4888 2627 4943 ciborum
2651 4887 2802 4956 copia
2830 4894 2884 4940 et
2915 4885 3124 4940 deliciis
3149 4884 3217 4938 ad
3263 4883 3504 4953 impuras
3533 4875 3669 4944 cupi-

2113 4983 2312 5037 ditates
2333 4990 2388 5036 et
2411 4978 2717 5034 immundas
2736 4976 3090 5049 cogitationes
3117 4974 3462 5044 impellimus,
3507 4979 3558 5026 et
3585 4968 3668 5022 imo

2115 5074 2268 5142 probi
2293 5071 2463 5126 hostis
2483 5069 2660 5139 jacula
2695 5084 2791 5139 per
2831 5068 3018 5123 oculos
3052 5068 3107 5121 in
3142 5081 3237 5121 cor
3266 5063 3603 5122 admittimus,
3625 5065 3665 5108 el

2117 5183 2405 5241 corporum
2427 5175 2579 5223 tactu
2609 5166 2732 5236 equi
2764 5165 3005 5220 furentes
3040 5162 3318 5218 evadimus
3340 5200 3356 5226 ,
3404 5169 3568 5227 neque
3595 5150 3658 5206 di-

2123 5261 2346 5333 gnitatis
2411 5268 2631 5325 nostra),
2685 5272 2860 5328 neque
2909 5255 3094 5311 a'terni
3151 5250 3396 5322 supplicii
3433 5246 3664 5304 rationein

2125 5357 2288 5412 ullam
2310 5355 2594 5410 habemus.
2622 5349 2716 5406 Vat
2743 5350 2919 5414 nobis,
2985 5353 3079 5417 qui
3118 5345 3360 5415 corporis
3399 5338 3598 5397 morbos
3621 5340 3660 5431 ξι

2117 5447 2333 5505 dolores
2374 5456 2484 5504 tam
2521 5443 2675 5498 facile
2695 5441 2958 5498 sentimus
2984 5437 3073 5506 ;in
3127 5437 3320 5491 animae
3346 5441 3516 5488 autem
3541 5436 3669 5520 es“:

2117 5540 2394 5596 tudinibus
2427 5548 2485 5594 et
2544 5533 2858 5591 vulneribus
2881 5528 3221 5603 gravissimis
3277 5536 3517 5582 caremus
3541 5523 3662 5573 omni

505 5706 556 5740 "
589 5707 742 5761 Rom.
765 5723 861 5771 XII,
897 5708 981 5762 l7.
1058 5707 1104 5738 '"
1141 5707 1297 5761 Cant.
1327 5721 1377 5767 v,
1403 5705 1456 5758 l.
1531 5703 1576 5735 ⁷⁵
1602 5702 1756 5758 Joan.
1799 5715 1931 5765 xvtt,
1955 5699 2049 5771 24,
2079 5699 2170 5771 εξ.
2249 5697 2296 5771 τι
2333 5696 2352 5750 1
2383 5691 2726 5771 ϐοτᾳνλβο.
2802 5691 2846 5723 "
2875 5688 3064 5744 Matth.
3087 5701 3246 5754 xxttt,
3272 5684 3360 5738 27.
3433 5676 3481 5713 ’⁸
3497 5671 3659 5731 Matth

437 5798 555 5846 vui,
587 5779 680 5832 20.
754 5778 800 5810 "
838 5763 1026 5835 Matth.
1055 5793 1148 5843 νη,
1176 5779 1228 5842 3,
1257 5775 1309 5830 5.
1363 5763 1430 5808 ’⁸ο
1469 5773 1654 5828 Matth.
1706 5786 1860 5837 XXIII,
1891 5763 1945 5825 4.
2020 5771 2026 5800 ‘

2133 5768 2300 5824 Ezech.
2337 5780 2493 5832 xvut,
2513 5763 2569 5831 ι,
2585 5763 2675 5817 20.
