3888 6284
249 335 380 392 1201

1355 339 1410 394 S.
1455 340 1658 397 ISAIZE
1699 340 1989 401 ABBATIS
2026 345 2438 405 ORATIONES.

3383 357 3528 410 Η,ὓὲ

248 469 436 509 sensu.
466 447 560 507 Va:
586 453 764 517 nobis,
792 453 914 523 quia
949 453 1200 526 princeps
1253 455 1445 514 animae
1485 477 1610 531 pars
1651 463 1826 528 carni,
1858 466 1907 523 Α
1937 463 2371 536 incorruptisque
2396 466 2682 540 bonisnus
2719 468 3090 539 spoliavimus.
3121 470 3206 523 Va:
3228 473 3405 536 nobis,
3426 479 3518 543 qui

249 558 368 613 quae
392 543 586 598 ancilla
610 551 715 611 est,
755 544 962 605 servit,
1019 554 1074 600 et
1127 561 1252 615 pars
1311 551 1547 607 deterior
1608 555 1837 623 imperat

251 651 397 705 praes
413 636 657 700 tantiori,
688 651 881 707 nempe
908 639 1079 694 ambae
1109 641 1405 698 concordes
1437 654 1601 714 atque
1640 647 1835 702 unani-

251 744 368 784 mes
427 731 768 798 procreatori
822 745 922 786 suo
979 733 1224 788 serviunt
1270 733 1397 791 Deo.
1438 735 1528 790 Vae
1573 738 1750 801 nobis,
1787 741 1838 794 in

252 833 392 889 quos
428 829 652 888 peccata
693 821 848 874 malis
879 831 933 875 et
975 823 1266 880 immundis
1313 827 1736 896 cogitationibus
1756 833 1843 886 de-

268 909 631 976 bacchentur,
658 926 835 982 neque
861 927 958 967 nos
979 913 1122 970 inter
1144 915 1236 970 Dei
1272 917 1569 974 discessum
1593 931 1649 976 et
1677 923 1844 993 impu-

255 1015 439 1054 rorum
472 999 760 1070 spirituum
807 1017 1088 1058 accessum
1126 1006 1308 1059 sinunt
1367 1008 1695 1069 discernere.
1751 1011 1844 1068 Vae

255 1090 434 1157 nobis,
472 1091 564 1161 qui
599 1100 704 1146 tam
741 1092 892 1146 stulti
921 1108 1108 1150 sumus
1129 1104 1294 1165 atque
1336 1097 1721 1166 imprudentes.
1761 1111 1841 1168 ut,

258 1200 382 1239 cum
409 1183 597 1240 laudes
617 1194 928 1242 sanctorum
955 1203 1312 1258 aucupemur,
1373 1206 1535 1260 opera
1584 1203 1762 1250 tamen
1791 1205 1845 1250 et

258 1275 501 1332 actiones
529 1291 716 1332 eorum
751 1277 1000 1335 nolumus
1029 1281 1251 1336 imitari.
1298 1283 1390 1338 Vae
1432 1285 1606 1350 nobis,
1640 1287 1732 1357 qui
1760 1302 1846 1342 ne-

260 1385 367 1440 que
419 1386 698 1426 servorum
745 1381 985 1438 metum,
1020 1389 1194 1445 neque
1249 1378 1706 1434 mercenariorum
1731 1389 1846 1435 stu-

262 1461 435 1526 dium,
474 1475 648 1531 neque
677 1475 918 1516 amorem
951 1463 1179 1519 ﬁliorum
1214 1465 1269 1520 in
1328 1469 1677 1536 exquirendis
1711 1471 1847 1525 divi-

265 1555 350 1609 nis
384 1552 648 1608 mandatis
695 1554 1035 1610 exhibemus.
1089 1555 1183 1611 νει
1225 1557 1399 1626 nobis,
1444 1561 1561 1632 qui,
1588 1577 1708 1616 cum
1749 1578 1848 1633 pro

267 1644 506 1699 ineunda
535 1644 812 1698 hominum
847 1645 1022 1714 gratia
1065 1647 1197 1702 nihil
1221 1659 1313 1704 aut
1347 1650 1490 1721 loqui
1546 1660 1641 1710 aut
1671 1653 1848 1709 facere

265 1750 610 1803 recusemus,
642 1737 908 1807 justitiam
945 1738 1272 1810 negligimus
1301 1751 1355 1796 et
1389 1742 1725 1811 aequitatem.
1760 1746 1848 1801 Va:

1944 559 1996 612 in
2050 559 2329 613 hominum
2387 547 2680 628 conspectu
2709 573 2953 630 'peccare
3007 560 3331 629 metuimus;
3396 575 3522 619 ante

1942 651 2127 704 oculos
2157 659 2338 706 autem
2368 650 2580 706 occulta
2641 651 2914 706 cernentis
2948 651 3040 706 Dei
3105 651 3267 723 impia
3297 664 3521 723 agentes
3575 682 3580 688 -

1943 751 1998 796 et
2028 750 2314 811 peccantes
2371 757 2476 797 non
2523 742 3011 798 contremiscimus.
3066 741 3155 798 Va:
3191 744 3368 810 nobis,
3427 745 3521 814 qui

1943 848 2224 889 sermones
2259 842 2475 889 nostros
2507 848 2612 888 non
2643 833 2925 888 condimus
2961 834 3027 888 de
3057 834 3168 889 sale
3191 835 3393 902 divino,
3427 836 3520 890 sed

1943 925 2105 981 verba
2140 927 2345 981 inutilia
2382 936 2435 982 et
2485 927 2552 982 ab
2581 928 2727 982 omni
2790 928 3048 999 religione
3102 929 3274 984 aliena
3317 939 3522 984 temere

1947 1015 2239 1071 fundimus.
2273 1016 2364 1072 Vae
2399 1018 2574 1084 nobis,
2605 1031 2832 1086 quorum
2863 1019 3028 1073 animi
3051 1023 3519 1090 compunctionem

1947 1113 2168 1172 propter
2199 1120 2446 1162 somnum
2480 1116 2643 1177 atque
2678 1107 2938 1162 desidiam
2988 1119 3223 1164 nostram
3251 1109 3524 1165 daemones

1947 1195 2346 1264 deprmdantur.
2403 1195 2496 1252 Vae
2558 1198 2732 1262 nobis,
2802 1199 2914 1267 qui,
2973 1216 3092 1255 cum
3149 1201 3526 1270 reliquerin‘rus

1949 1287 2229 1354 mundum,
2260 1289 2508 1347 homines
2538 1291 2629 1359 qui
2700 1292 2751 1345 in
2787 1292 2984 1347 mumlo
3013 1292 3222 1358 vivunt,
3283 1294 3526 1361 peccatis

1947 1389 2003 1434 et
2034 1379 2177 1434 vitiis
2224 1395 2563 1450 superamus.
2617 1381 2704 1436 Vae
2737 1382 2927 1448 nobis,
2977 1383 3089 1452 qui,
3154 1398 3276 1439 cum
3312 1383 3525 1454 magnis

1957 1459 2467 1539 reprehensionibus
2502 1471 2860 1542 indigeamus,
2917 1487 3010 1528 eos
3043 1473 3136 1542 qui
3174 1475 3413 1529 minimis
3437 1489 3527 1528 ur—

1949 1568 2143 1628 gentur
2170 1558 2342 1624 vitiis,
2376 1559 2720 1615 acerbissime
2753 1560 3104 1630 castigamus.

2021 1649 2087 1704 V.
2125 1648 2219 1705 Vae
2251 1651 2426 1717 nobis,
2480 1653 2525 1706 si
2563 1651 2702 1707 Deus
2748 1667 2870 1716 nos,
2931 1660 3220 1723 antequam
3274 1655 3528 1709 emende-

1951 1757 2093 1805 mur,
2128 1743 2180 1797 in
2207 1743 2466 1814 judicium
2511 1745 2814 1799 adduxerit.
2856 1742 2946 1798 Va:
2981 1745 3153 1812 nobis,
3183 1746 3294 1814 qui,
3326 1750 3530 1801 ventris

265 1829 446 1888 nobis.
482 1843 618 1895 quos
649 1838 907 1884 aeternum
963 1831 1196 1886 dedecus
1242 1833 1375 1887 nihil
1429 1844 1628 1902 movet,
1683 1843 1738 1891 et
1765 1851 1849 1892 re-
1880 1817 1922 1872 Β
1954 1835 2124 1889 nostri
2144 1838 2330 1893 sordes
2354 1851 2459 1890 non
2498 1835 2925 1899 considerantes,
2953 1849 2982 1888 a
3012 1834 3236 1890 libidine
3259 1845 3314 1891 et
3344 1851 3533 1907 super-

265 1930 486 1990 spectus
513 1921 791 1976 hominum
823 1922 990 1978 etiam
1027 1924 1094 1999 aod
1127 1926 1462 1994 peccandum
1494 1927 1738 1998 impellit.
1760 1927 1850 1984 Vae

269 2013 452 2078 nobis,
474 2013 588 2083 qui,
615 2028 736 2068 cum
768 2028 798 2076 e
827 2015 1158 2084 pauperibus
1185 2026 1240 2071 et
1265 2017 1513 2074 obscuris
1531 2020 1635 2076 orti
1665 2036 1853 2091 paren-

275 2105 423 2161 tibus
451 2106 646 2169 sitnus,
679 2105 1044 2176 nosmetipsos
1072 2107 1413 2176 ignoramus;
1445 2118 1496 2164 et
1522 2111 1852 2180 paupertatis

267 2207 321 2250 et
345 2195 653 2264 ignominiae
708 2193 948 2250 studium
1005 2196 1256 2267 professi,
1307 2201 1441 2255 inter
1494 2202 1772 2271 opulentos
1799 2212 1855 2258 et

267 2287 447 2344 claros
473 2288 619 2344 viros
648 2290 926 2346 numerari
980 2291 1384 2347 contendimus.
1433 2293 1526 2349 Vas
1555 2293 1732 2358 nobis,
1761 2294 1852 2363 qui

270 2395 415 2435 nunc
450 2391 767 2452 paupertate
808 2383 982 2440 coacti
1059 2387 1473 2454 temperantiam
1547 2387 1600 2442 in
1655 2388 1856 2443 mundo

269 2472 702 2541 complectimur,
735 2490 878 2530 nunc
916 2485 1096 2531 autem
1119 2477 1185 2530 ad
1220 2475 1610 2533 abstinentiam
1652 2479 1854 2547 vocati,

271 2566 614 2621 saturitatem
645 2569 850 2624 ventris
909 2578 964 2624 et
1008 2568 1189 2623 carnis
1243 2573 1482 2640 requiem
1515 2587 1730 2628 summo
1750 2582 1859 2629 stu-

271 2657 364 2712 dio
399 2665 799 2714 consectamur.
843 2660 933 2716 Vae
955 2660 1136 2724 nobis,
1166 2660 1280 2731 qui,
1310 2676 1433 2716 cum
1470 2662 1643 2733 angeli
1679 2664 1745 2718 ad
1765 2677 1859 2719 eos

272 2749 366 2817 qui
398 2749 565 2804 Deum
605 2750 793 2806 timent
847 2767 967 2808 sese
1025 2753 1353 2824 adjungant,
1403 2763 1459 2810 et
1489 2754 1763 2810 daemones
1793 2755 1858 2809 ad

275 2839 399 2894 illos
453 2840 543 2909 qui
586 2840 756 2897 Deum
792 2853 1054 2912 spernunt
1123 2853 1176 2900 et
1226 2845 1480 2900 mandata
1519 2845 1638 2916 ejus
1694 2845 1860 2916 negli-

273 2941 432 3003 gunt,
455 2919 752 2998 accedant;
769 2950 866 2990 nos
896 2936 1144 2992 societati
1177 2937 1481 2993 daemonum
1514 2937 1858 2992 ascribimus.

281 3023 374 3079 Vas
400 3024 589 3093 “nobis,
631 3027 724 3096 qui
761 3027 1019 3083 divitibus
1062 3037 1117 3084 et
1156 3029 1466 3098 potentibus
1505 3028 1720 3099 placere
1741 3038 1859 3084 stu-

1950 1924 2036 1980 bia
2069 1940 2408 1994 superamur.
2445 1925 2537 1981 Va:
2567 1926 2739 1992 nobis,
2772 1927 2884 1996 qui,
2913 1941 3034 1981 cum
3062 1926 3278 1982 assidue
3305 1942 3531 1997 corpora

1952 2019 2132 2070 nostra
2166 2016 2323 2072 fmdis
2347 2018 2766 2087 cogitationibus
2824 2017 3186 2088 inquinemus,
3220 2033 3318 2073 nos
3349 2027 3528 2074 tamen

1952 2118 2006 2161 et
2039 2109 2223 2164 haberi
2252 2119 2469 2165 sanctos
2516 2111 2762 2166 volumus
2805 2120 2859 2165 ct
2919 2111 3197 2182 appellari.
3232 2108 3324 2166 Vae
3353 2111 3531 2174 nobis.

1953 2199 2042 2268 qui
2101 2200 2428 2255 vanitatibus
2481 2201 2880 2265 incumbentes,
2939 2215 3184 2271 pugnare
3231 2216 3353 2256 cum
3384 2200 3534 2257 vitiis

1953 2290 2345 2348 obliviscimur.
2407 2292 2498 2348 Vze
2543 2293 2719 2360 nobis,
2779 2294 2870 2364 qui
2920 2293 3008 2348 hic
3042 2294 3160 2350 sine
3203 2293 3396 2349 timore
3434 2309 3535 2349 nos

1935 2385 2196 2457 peccatis
2227 2385 2637 2455 obstringimus,
2667 2385 2923 2455 quoniam
2957 2385 3068 2442 illic
3097 2385 3353 2454 nosignis
3373 2395 3536 2440 aeter-

1957 2491 2059 2530 nus
2085 2475 2336 2545 excipiet,
2367 2485 2422 2530 et
2461 2475 2694 2532 tenebrae
2747 2477 3041 2533 exteriores
3062 2519 3076 2543 ,
3135 2487 3190 2532 et
3220 2478 3419 2532 vermis
3443 2477 3535 2547 qui

1959 2582 2066 2621 non
2099 2566 2317 2632 dormit,
2342 2575 2396 2622 et
2428 2565 2602 2622 luctus
2658 2577 2714 2622 et
2749 2567 2949 2622 stridor
2986 2568 3248 2632 dentium,
3273 2575 3329 2622 et
3354 2582 3536 2622 coram

1958 2659 2164 2729 angelis
2193 2669 2246 2715 et
2273 2661 2540 2716 creaturis
2564 2661 2816 2716 omnibus
2847 2660 3082 2716 dedecus
3124 2661 3535 2730 sempiternum.

1936 2750 2052 2807 .Vae
2085 2752 2262 2818 nobis,
2296 2768 2525 2824 quorum
2572 2753 2768 2808 animas
2800 2752 3139 2808 confusaevet
3166 2768 3193 2805 a
3221 2751 3543 2821 pmnitentia

1962 2845 2174 2910 alienas,
2232 2846 2285 2901 in
2352 2845 2754 2902 resurrectione
2792 2852 2846 2900 et
2877 2844 3151 2899 horrendo
3178 2843 3268 2897 illo
3298 2842 3538 2913 gentium

1961 2939 2202 2993 omnium
2256 2937 2481 3008 judicio,
2540 2936 2836 3008 assumptis
2884 2934 3204 3005 corporibus
3254 2934 3389 3000 suis,
3415 2947 3540 2988 cum

1963 3028 2089 3086 ﬂetu
2129 3040 2184 3085 et
2241 3028 2475 3085 stridore
2524 3029 2769 3096 dentium
2826 3027 2880 3081 in
2936 3025 3169 3097 gemitus
3195 3034 3250 3082 et
3277 3025 3454 3080 luctus
3485 3034 3542 3078 et

277 3115 490 3182 demus,
523 3131 785 3189 pauperes
826 3126 1006 3174 autem
1029 3128 1084 3174 et
1128 3121 1396 3190 supplices
1443 3129 1697 3190 tanquam
1758 3121 1862 3175 im-
1890 3147 1938 3210 ϐ
1969 3122 2242 3177 cruciatus
2282 3121 2643 3192 conjicientur
2664 3118 3044 3175 acerbissimos
3069 3133 3132 3173 ac
3159 3118 3539 3188 sempiternos.

277 3216 563 3276 portunam
599 3207 808 3262 turbam
831 3223 1167 3288 aversantur.
1211 3267 1217 3276 _

351 3297 443 3353 ιν.
485 3298 574 3353 Va:
609 3299 784 3359 nobis.
808 3301 900 3370 qui
926 3310 1031 3355 ιιοη
1093 3315 1162 3356 ex
1213 3302 1414 3357 virtute
1456 3302 1738 3370 homines,
1770 3303 1862 3358 sed

278 3406 344 3445 ex
384 3390 635 3460 Opinione
659 3391 961 3461 pendimus.
992 3390 1084 3447 Va:
1115 3393 1288 3460 nobis,
1321 3395 1410 3464 qui
1443 3410 1562 3464 quas
1605 3396 1749 3466 justa
1771 3395 1864 3451 bo-

280 3497 460 3551 naque
486 3481 614 3550 sint,
644 3482 948 3552 deﬁnimus,
978 3492 1033 3538 et
1076 3482 1386 3554 judicamus
1418 3496 1472 3542 et
1505 3488 1795 3550 docemus;
1834 3505 1860 3540 a

276 3575 438 3647 justis
466 3585 645 3632 autem
673 3585 728 3632 et
765 3576 918 3634 bonis
976 3578 1229 3647 operibus
1288 3578 1545 3635 absumus
1566 3595 1725 3650 quam
1751 3579 1861 3633 lon-

283 3669 524 3736 gissime.
557 3668 650 3723 Vae
687 3669 869 3735 nobis,
895 3670 987 3740 qui
1025 3678 1226 3726 terram
1249 3685 1279 3725 a
1299 3669 1470 3740 lappis
1493 3680 1548 3726 et
1565 3669 1780 3726 tribulis
1811 3681 1866 3724 et

281 3761 454 3830 spinis
481 3761 801 3831 exterisque
825 3762 1036 3833 frugum
1072 3763 1320 3832 pestibus
1342 3762 1634 3833 diligenter
1668 3777 1866 3832 purga-

284 3868 434 3920 mus,
459 3853 698 3908 animam
724 3862 904 3909 autem
935 3862 1179 3908 nostram
1211 3868 1240 3907 a
1280 3853 1464 3923 pravis
1488 3861 1540 3907 et
1575 3852 1866 3907 immundis

279 3931 728 4014 cogitationibus,
755 3958 876 4013 quae
897 3952 1116 4000 sanctos
1145 3945 1408 3999 virtutum
1457 3942 1668 3998 fructus
1695 3957 1862 3996 excu-

290 4038 430 4091 tiunt
455 4051 520 4093 ac
555 4037 812 4106 perdunt,
843 4037 934 4092 Dei
958 4037 1150 4092 timore
1184 4051 1414 4108 purgare
1446 4035 1864 4093 contemnimus.

295 4126 383 4182 Va:
407 4129 580 4194 nobis,
604 4128 700 4198 qui
725 4139 873 4183 tanta
899 4129 1261 4184 sollicitudine
1293 4129 1476 4183 tandiu
1529 4136 1866 4197 torquemur,

289 4229 349 4275 ut
375 4221 634 4275 caducum
658 4218 858 4290 aliquid
883 4221 1244 4290 percipiamus
1273 4235 1303 4275 e
1354 4228 1519 4282 terra,
1548 4219 1600 4272 in
1625 4229 1736 4287 qua
1778 4233 1871 4273 su-

290 4325 412 4365 mus
445 4310 684 4380 incapites
713 4325 778 4365 ac
829 4310 1134 4380 peregrini;
1181 4308 1440 4378 temporis
1490 4319 1672 4362 autem
1725 4307 1870 4363 illius

288 4415 396 4468 quo
423 4401 578 4456 nobis
610 4401 734 4456 hinc
757 4400 810 4454 in
856 4412 1169 4471 perpetuum
1215 4400 1322 4455 erit
1374 4401 1682 4455 necessario
1711 4400 1872 4456 demi-

1968 3216 2060 3271 Vae
2089 3213 2266 3278 nobis,
2296 3214 2386 3283 qui
2420 3213 2472 3268 in
2521 3215 2624 3269 isto
2677 3211 3130 3284 peregrinationis
3167 3210 3355 3266 exsilio
3397 3210 3544 3264 dete-

1965 3307 2187 3363 standas
2218 3308 2616 3364 oblectationes
2665 3314 3060 3368 consectamur.
3097 3313 3149 3356 et
3176 3301 3411 3373 paradisi
3445 3301 3542 3356 de-

1965 3398 2211 3454 liciarum
2241 3399 2417 3461 obliti,
2459 3398 2860 3454 contemnimus
2893 3409 3119 3465 regnum
3138 3392 3422 3450 ctelorum.
3448 3390 3552 3446 Vae

1967 3485 2142 3549 nobis,
2187 3486 2277 3554 qui
2329 3493 2550 3555 propter
2581 3484 2955 3540 crudelitatem
3010 3481 3188 3537 stultis
3247 3481 3549 3552 virginibus

1965 3575 2170 3632 similes
2200 3591 2418 3642 sumus,
2443 3587 2497 3632 et
2532 3576 2709 3630 oleum
2747 3590 2855 3645 quo
2885 3583 3086 3630 nostra:
3115 3573 3392 3643 lampades
3428 3571 3546 3626 illu-

1966 3677 2230 3733 strentur,
2283 3665 2548 3722 beneﬁcia
2600 3665 2653 3719 in
2698 3663 3004 3734 proximum
3062 3660 3410 3716 conferentes
3441 3674 3545 3714 non

1966 3758 2213 3812 emimus.
2277 3755 2366 3812 Vae
2398 3755 2573 3820 nobis,
2616 3755 2706 3824 qui
2739 3753 2926 3809 diebus
2957 3767 3022 3808 ac
3063 3751 3311 3807 noctibus
3331 3748 3548 3806 Christo

1966 3863 2154 3920 preces
2184 3848 2564 3919 persolvimus,
2603 3846 2845 3901 dicentes
2895 3861 2908 3896 :
2949 3841 3192 3904 Domine,
3226 3839 3446 3894 Domine
3465 3839 3546 3902 ⁸¹;

1966 3949 2020 3996 et
2057 3955 2119 3996 ea
2177 3955 2297 4009 quas
2337 3938 2496 3995 nobis
2546 3937 2808 4008 praecipit,
2866 3951 2970 3990 non
3027 3935 3402 3989 observamus.
3460 3929 3552 3984 Vae

1968 4033 2124 4098 mihi,
2149 4032 2241 4103 qui
2269 4030 2684 4088 lamentationes
2730 4029 2865 4084 istas
2901 4025 3210 4085 conscribo,
3249 4036 3423 4092 neque
3468 4020 3551 4074 ul-

1969 4127 2081 4182 lum
2110 4141 2253 4182 verae
2278 4125 2612 4196 pcenitentiae
2650 4123 2866 4193 signum
2909 4119 3157 4175 ostendo.
3200 4113 3288 4168 Vae
3315 4114 3420 4168 illis
3459 4115 3552 4182 qui

1971 4219 2092 4274 aliis
2147 4219 2412 4284 laborant,
2469 4225 2524 4272 et
2557 4215 2658 4272 sibi
2709 4215 2840 4284 ipsis
2885 4226 2987 4266 non
3038 4214 3286 4279 prosunt.
3327 4206 3419 4260 Vae
3455 4219 3551 4260 no-

1971 4310 2073 4373 bis,
2091 4310 2180 4378 qui
2208 4324 2328 4363 cum
2354 4307 2602 4362 assiduos
2625 4301 2967 4360 conscientiae
2997 4315 3094 4354 nos
3143 4295 3550 4367 reprehenden-

1975 4402 2046 4456 tis
2075 4399 2322 4455 stimulos
2361 4398 2680 4462 sentiamus,
2724 4409 2830 4449 non
2887 4390 3281 4456 erubescimus,
3328 4402 3431 4444 nec
3460 4401 3553 4442 ra-

289 4493 576 4562 grandum,
637 4492 838 4546 nullam
895 4493 1118 4548 mnnino
1167 4508 1353 4548 curam
1383 4493 1664 4564 suscipere
1686 4487 2172 4565 digna-Dtionem
2241 4489 2516 4544 actionum
2575 4493 2883 4540 nostrarum
2949 4481 3192 4538 omnium
3268 4476 3552 4539 reddituri,

292 4599 434 4638 mur.
471 4581 562 4636 Vae
591 4583 769 4647 nobis,
795 4585 911 4654 qui,
938 4599 1061 4638 cum
1089 4584 1156 4640 de
1197 4585 1343 4640 omni
1375 4585 1611 4652 actione,
1635 4585 1700 4640 de
1721 4587 1870 4640 omni

293 4676 458 4731 verbo
490 4676 686 4740 otioso,
723 4676 790 4732 de
811 4676 1067 4731 omnibus
1115 4677 1349 4746 denique
1402 4677 1666 4749 improbis
1697 4688 1752 4731 et
1782 4680 1875 4730 im-

295 4767 444 4835 puris
467 4766 889 4836 cogitationibus
939 4768 1207 4823 rationem
1236 4768 1500 4824 reddituri
1528 4771 1702 4824 simus
1729 4769 1873 4838 apud

291 4859 527 4929 jndicem
563 4859 993 4925 severissimum,
1017 4869 1196 4916 tamen
1228 4870 1487 4931 tanquam
1518 4860 1671 4916 liberi
1710 4861 1878 4916 simus

296 4951 485 5015 futuri,
533 4950 698 5006 nullis
749 4953 1034 5008 reddendis
1091 4953 1398 5008 rationibus
1426 4954 1667 5017 obnoxii,
1706 4961 1876 5007 totum

298 5043 426 5099 vita:
461 5053 663 5100 nostra;
699 5053 914 5114 tempus
940 5046 1057 5100 sine
1095 5045 1204 5100 ulla
1227 5047 1386 5114 hujus
1419 5047 1492 5101 rei
1520 5046 1884 5103 sollicitudine

303 5137 679 5206 transigimus.
714 5135 805 5193 Va
828 5139 1004 5203 nobis,
1033 5137 1160 5208 quia
1189 5154 1294 5193 non
1335 5137 1508 5192 soluat
1532 5138 1694 5209 impia
1715 5138 1880 5194 multa

301 5227 613 5296 nefarieque
657 5231 1013 5298 patravimus,
1069 5245 1253 5285 verum
1293 5231 1455 5285 etiam
1482 5244 1577 5300 per
1605 5231 1887 5286 increduli-

305 5329 467 5376 tatem
501 5319 594 5376 Dei
623 5321 885 5390 promissa
921 5322 1225 5392 sprevimus
1244 5331 1406 5392 atque
1431 5323 1880 5392 contempsimus.

309 5409 398 5467 Vae
437 5410 613 5476 nobis,
633 5411 747 5479 qui,
776 5411 940 5466 stulto
961 5411 1322 5482 corruptionis
1351 5411 1531 5466 studio
1562 5412 1725 5482 capti,
1757 5427 1878 5467 cum

305 5517 402 5573 per
426 5502 770 5572 Evangelium
799 5503 922 5558 vita:
946 5519 1228 5572 possemus
1274 5505 1486 5574 assequi
1527 5503 1882 5572 incorruptio-

307 5612 452 5663 nem,
481 5611 660 5652 rerum
689 5607 898 5652 terrena
911 5613 1026 5651 rum
1059 5611 1246 5655 amore
1271 5597 1625 5667 insanientes,
1665 5596 1881 5654 aeternis

377 5755 424 5788 ι’
466 5754 651 5810 ὶιίιιιιι.
687 5768 792 5815 νη..
826 5754 915 5811 21.

1980 4585 2076 4640 Dei
2104 4583 2364 4654 judicium
2397 4579 2771 4636 formidamus.
2798 4573 2893 4629 Var
2916 4573 3092 4638 nobis,
3112 4571 3230 4640 qui,
3277 4584 3398 4624 cum
3440 4576 3554 4620 tur-

1973 4668 2131 4747 pibus
2183 4673 2442 4744 operibus
2470 4670 2759 4733 feteamus,
2785 4665 3037 4721 laudibus
3059 4673 3236 4718 tamen
3274 4659 3552 4714 hominum

1977 4767 2296 4838 gaudemus.

2048 4857 2136 4912 Vl.
2179 4856 2467 4920 Vaenobis,
2515 4855 2629 4926 qni,
2679 4853 2840 4909 rebus
2875 4850 3128 4906 inanibus
3168 4848 3436 4919 occupati.
3479 4847 3556 4903 di-

1980 4953 2088 5007 vini
2119 4951 2328 5007 timoris
2356 4950 2757 5006 obliviscimur.
2792 4945 2882 5002 Va:
2909 4946 3085 5010 nobis,
3141 4957 3372 5013 quorum
3406 4955 3559 4996 mens

1981 5045 2162 5100 studio
2191 5042 2451 5099 vanitatis
2472 5041 2791 5098 obtunditur
2827 5049 2881 5095 et
2917 5037 3222 5092 hebetatur.
3259 5034 3350 5090 Vas
3383 5035 3570 5096 nobis,

1983 5136 2098 5203 qui,
2126 5150 2248 5191 cum
2305 5135 2396 5191 Dei
2460 5133 2719 5205 patientia
2774 5146 2872 5185 nos
2935 5130 3132 5185 toleret
3160 5137 3215 5182 et
3257 5135 3554 5194 exspectet.

1984 5244 2088 5284 non
2119 5236 2296 5282 tamen
2313 5226 2701 5295 resipiscimus,
2722 5238 2822 5279 nec
2848 5236 3041 5291 pravas
3071 5220 3316 5273 actiones
3345 5225 3561 5269 nostras

1988 5319 2355 5376 emendamus.
2387 5316 2478 5371 Va:
2500 5317 2674 5380 nobis,
2717 5315 2810 5385 qui
2864 5321 3211 5382 peccatorum
3251 5317 3560 5362 nostrorum

1990 5411 2044 5464 in
2080 5411 2367 5479 praesentia
2394 5422 2499 5460 non
2540 5405 2906 5468 meminimus,
2931 5401 3186 5471 quoniam
3233 5397 3391 5468 paulo
3418 5408 3558 5468 post,

1989 5516 2111 5556 cum
2142 5499 2320 5555 anima
2369 5499 2474 5552 erit
2496 5509 2730 5565 corpore
2773 5500 2958 5556 exuta,
2999 5491 3178 5545 omnia
3212 5503 3330 5559 qua:
3360 5487 3440 5543 vel
3474 5505 3559 5544 co-

1989 5594 2252 5666 gitatione
2317 5589 2399 5648 vel
2440 5589 2619 5646 verbis
2657 5588 2737 5641 vel
2788 5585 2944 5640 lactis
2988 5581 3330 5646 admisimus,
3372 5594 3562 5652 magna
