3888 6284
476 299 615 354 ιεοδ

1561 307 1836 367 PATRES
1877 312 2176 370 EGYPTII
2219 317 2491 376 SASCULI
2533 319 2626 375 IV.

3596 319 3711 377 12οί

471 428 595 468 (ιιιη
628 414 812 518 d‘olore
841 419 998 518 nobis
1035 421 1085 518 in
1151 436 1413 518 memoria
1465 427 1770 498 conscripta
1802 432 2046 502 perlege-
2076 463 2119 518 Α
2151 453 2245 504 per
2283 438 2458 499 ignem
2493 454 2654 508 super
2715 440 2877 494 maris
2910 440 3082 493 undas
3105 437 3419 494 ebullientis
3447 444 3534 492 est
3563 447 3711 492 trans-

474 520 611 561 mus.
653 504 745 561 Vm
773 508 946 574 nobis,
966 511 1056 578 qui
1091 528 1212 566 cum
1243 513 1532 582 Apostolus
1555 518 1727 574 dicat:
1757 521 1860 585 Qui
1892 539 2046 576 man-

471 595 631 650 ὀίεαι
663 613 851 666 panem
881 609 928 653 et
958 599 1085 653 bibit
1133 602 1348 659 calicem
1386 606 1600 660 Domini
1641 608 1874 679 indigne,
1901 610 2050 679 judi-

471 687 608 739 cium
637 688 736 741 sibi
772 689 1052 745 manducet
1104 704 1151 747 et
1179 693 1328 759 bibit,
1384 713 1486 750 non
1525 699 1828 768 dijudicans
1860 719 2046 772 corpus

473 775 685 831 Domini
718 778 787 844 ”,
807 782 1009 838 nostris
1040 783 1399 843 immunditiis
1433 790 1790 860 coinquinati,
1847 795 1913 848 ad
1942 807 2050 850 tre-

477 870 668 944 menda
697 881 750 925 et
789 872 1124 931 formidanda
1172 879 1261 934 Dei
1311 883 1591 952 mysteria,
1650 886 1860 940 veniam
1897 888 2050 943 nobis

477 960 577 1028 ipsi
607 977 796 1017 eorum
853 982 973 1036 quae
1033 973 1313 1027 nocturnis
1374 974 1850 1043 imaginationibus
1903 978 2050 1046 cogi-

477 1050 638 1104 tando
665 1050 888 1110 fecimus
920 1056 1241 1127 tribuentes,
1267 1062 1596 1118 accedimus.
1632 1063 1732 1131 Qui
1768 1065 1911 1120 enim
1948 1082 2051 1121 nec

477 1157 672 1212 puram
707 1146 869 1202 habet
921 1151 1328 1220 cegitationem,
1387 1169 1486 1211 nec
1510 1167 1690 1212 castos
1716 1160 1923 1225 oculos,
1953 1175 2052 1214 nec

473 1249 671 1304 corpus
703 1237 1096 1311 incorruptum,
1127 1258 1225 1298 nec
1263 1245 1500 1300 animam
1529 1249 1808 1314 mundam,
1841 1260 1895 1304 et
1916 1252 2052 1306 assi-

475 1329 565 1380 det
597 1327 728 1394 Deo,
768 1330 813 1385 is
856 1346 915 1385 se
959 1333 1145 1390 multis
1191 1350 1314 1390 cum
1365 1339 1545 1393 carnis
1596 1340 1888 1408 doloribus,
1939 1353 2049 1397 tum

476 1416 641 1470 animi
702 1421 1113 1490 egritudinibus
1171 1425 1463 1481 obnoxium
1527 1430 1722 1495 reddit,
1745 1440 1802 1486 et
1842 1446 1964 1486 mox
1998 1434 2049 1486 in

476 1517 710 1565 aeternos
741 1513 1017 1569 cruciatus
1063 1527 1119 1570 et
1159 1516 1480 1572 immensum
1524 1521 1762 1576 dedecus
1788 1522 2048 1578 incurret.

473 1600 560 1656 Me
600 1604 860 1660 miserum
897 1607 988 1675 qui
1023 1606 1138 1662 haec
1169 1610 1365 1663 acerbe
1389 1609 1696 1682 lacrymans
1728 1613 1928 1680 scribo,
1955 1628 2053 1668 nec

477 1704 656 1748 tamen
708 1710 764 1748 re
825 1697 936 1766 ipsa
984 1699 1355 1766 pasaitentiam
1412 1702 1727 1771 amplector.
1778 1703 2048 1766 lleimihi,

2150 529 2386 583 eundum
2419 571 2434 594 ,
2494 542 2548 583 ut
2583 532 2940 601 unusquisque
2999 541 3231 584 nostrum
3288 531 3349 582 in
3387 544 3491 582 suo
3527 544 3712 597 corpore

2149 622 2398 688 accipiat,
2424 633 2576 691 prout
2606 625 2762 692 gessit
2799 623 2907 678 sive
2933 625 3066 676 bona
3105 622 3209 675 sive
3233 621 3383 675 mala
3411 620 3485 677 “.
3521 618 3611 674 Va:
3635 636 3714 673 no-

2150 709 2253 772 bis,
2287 713 2378 781 qui
2413 713 2762 768 tenebrosum
2796 713 2926 768 illud
2960 723 3015 768 et
3043 713 3281 767 materia:
3322 726 3529 780 expers
3559 713 3712 766 incen-

2151 803 2320 871 dium,
2349 815 2717 875 aaternumque
2739 813 2904 875 atque
2950 820 3194 858 amarum
3225 803 3417 858 ﬂetum
3444 813 3502 858 et
3545 805 3710 858 strido-

2153 911 2265 949 rem
2307 897 2547 951 dentium
2577 913 2680 953 non
2708 897 3135 953 consideramus.
3166 895 3362 950 Ablato
3397 894 3543 948 enim
3581 895 3712 948 llam-

2153 1000 2252 1039 mze
2290 986 2576 1056 splendore
2624 987 2764 1042 Deus
2824 987 2877 1040 in
2930 986 3023 1039 illo
3065 986 3188 1055 igne
3236 984 3502 1051 relinquit
3549 984 3712 1038 utendi

2153 1076 2261 1129 vim
2285 1084 2341 1129 et
2368 1075 2779 1141 obscuritatem,
2804 1089 2912 1145 quo
2938 1074 3109 1144 magis
3146 1073 3292 1143 impii
3339 1081 3397 1128 et
3425 1083 3711 1142 peccatores

2151 1170 2550 1226 excrucientur.

2227 1258 2358 1317 Vlll.
2401 1259 2499 1315 Hei
2531 1260 2691 1326 mihi,
2723 1261 2920 1316 misera
2965 1258 3146 1314 anima
3196 1273 3340 1321 mea,
3369 1257 3623 1325 quoniam
3648 1270 3713 1309 as-

2153 1353 2340 1408 siduus
2385 1351 2540 1408 dolor
2592 1362 2648 1408 et
2695 1353 2970 1408 cruciatus
3011 1368 3106 1408 cor
3137 1366 3313 1407 meum
3346 1350 3553 1419 aﬂligit,
3602 1351 3706 1419 quia

2156 1442 2356 1496 malitia
2401 1443 2744 1512 prudentiam
2802 1443 3127 1507 imtnutavit,
3188 1441 3468 1510 corruptio
3499 1441 3710 1494 vit-itin-

2155 1535 2586 1603 corruptionem,
2638 1532 2976 1589 mendacium
3039 1535 3175 1588 texlt
3208 1533 3536 1594 veritatem,
3587 1545 3707 1583 mors

2154 1625 2262 1680 vita
2293 1624 2541 1695 superior
2565 1624 2689 1691 fuit;
2714 1635 2954 1688 terrena,
2994 1624 3230 1687 caduca,
3279 1624 3474 1680 brevia
3505 1620 3708 1676 cmlesti-

2156 1717 2275 1782 bus,
2306 1716 2581 1785 perpetuis
2613 1725 2670 1770 et
2701 1715 3046 1785 sempiternis
3076 1723 3200 1770 sunt
3239 1723 3602 1776 commutata;
3630 1713 3704 1766 ab-

475 1787 566 1878 qui
595 1801 720 1878 vera
762 1788 903 1850 dico,
961 1790 1057 1843 sed
1089 1791 1227 1846 bona
1287 1807 1392 1847 non
1447 1792 1610 1849 facio.
1658 1795 1750 1850 Hei
1788 1797 1938 1862 mihi,
1964 1799 2052 1864 qui

2160 1807 2294 1876 iecta
2325 1818 2381 1863 et
2405 1808 2528 1863 odio
2559 1809 2740 1878 digna,
2772 1823 2900 1862 vera
2921 1807 3123 1863 Christi
3168 1808 3447 1861 cliaritate
3485 1815 3538 1859 et
3566 1805 3707 1874 gravi-

477 1877 616 1930 bona
638 1877 824 1944 doceo,
866 1879 959 1934 sed
1010 1880 1149 1936 mala
1198 1882 1502 1937 committo.
1545 1881 1638 1938 νω
1681 1884 1786 1938 illis
1834 1884 1924 1954 qui
1963 1901 2054 1941 vo-

476 1967 702 2036 luptatis
733 1971 1002 2026 suavitate
1041 1973 1250 2027 dcliniti
1308 1984 1554 2044 peccant,
1586 1976 1846 2044 quoniam
1873 1978 1938 2031 ad
1961 1993 2054 2032 ex-

479 2069 712 2114 tremum
745 2061 928 2118 dolore
989 2063 1293 2120 afficientur
1338 2077 1394 2121 et
1436 2067 1733 2138 ignominia
1769 2069 2055 2140 sempiter-

479 2167 568 2204 na.
616 2148 705 2206 Vae
736 2151 841 2210 illis
873 2155 962 2223 qui
989 2154 1196 2224 lugent,
1225 2156 1317 2211 sed
1372 2170 1600 2225 peccare
1649 2171 1755 2212 non
1781 2159 2052 2225 desinunt,

479 2244 733 2311 quoniam
762 2246 877 2299 utili
910 2261 969 2300 se
997 2247 1138 2300 luctu
1175 2247 1431 2316 spoliant.

552 2335 662 2391 Vll.
711 2336 799 2393 Vae
851 2338 1165 2396 hominibus
1234 2340 1324 2411 qui
1374 2341 1680 2410 proximum
1731 2341 2052 2397 contumelia

478 2426 716 2482 adiciunt
753 2437 808 2486 et
829 2430 1144 2498 ignominia,
1171 2432 1425 2500 quoniam
1453 2447 1482 2485 a
1514 2431 1798 2486 cbaritatis
1822 2431 2055 2486 beatitu-

478 2519 605 2575 dine
637 2529 763 2576 sunt
789 2520 972 2576 alieni.
1029 2523 1120 2578 Va:
1176 2523 1392 2588 invidis,
1432 2523 1689 2593 quoniam
1741 2525 1927 2594 procul
1967 2525 2058 2577 ab-

477 2621 607 2667 sunt
639 2627 670 2666 a
711 2612 810 2669 Dei
874 2612 1229 2684 benignitate.
1286 2611 1379 2668 Va:
1415 2615 1520 2674 illis
1568 2617 1657 2684 qui
1716 2617 1933 2670 student
1967 2615 2057 2669 lto-

481 2703 719 2761 minibus
769 2703 1005 2775 placere,
1059 2705 1184 2774 quia
1236 2704 1346 2761 Deo
1386 2705 1597 2778 placere
1653 2721 1758 2761 non
1811 2717 2051 2776 possunt.

479 2793 574 2850 Vae
605 2796 711 2852 illis
733 2796 824 2866 qui
853 2811 1113 2866 personas
1147 2797 1426 2852 hominum
1466 2797 1780 2867 respiciunt,
1801 2790 2054 2868 quoniam

479 2905 506 2942 a
551 2886 641 2943 Dei
669 2887 894 2942 veritate
940 2888 1279 2945 deciderunt.
1323 2887 1413 2942 Vae
1459 2891 1728 2960 superbis,
1771 2890 1899 2960 quia
1932 2899 2058 2945 sunt

476 2990 728 3048 exparte
777 2979 977 3041 diaboli
1029 2981 1344 3039 desertoris.
1413 2979 1502 3036 γω
1559 2981 1664 3037 illis
1721 2983 1812 3052 qui
1888 2981 2054 3036 Deum

478 3087 583 3125 non
615 3071 824 3138 timent,
860 3071 984 3140 quia
1039 3071 1283 3142 pluribus
1334 3073 1573 3143 peccatis
1611 3072 2054 3144 implicabuntur,

471 3175 531 3222 et
564 3170 614 3218 in
655 3165 759 3219 hac
785 3135 946 3234 atque
971 3135 1158 3218 invalia
1196 3165 1301 3218 vita
1335 3135 1706 3234 -vapulabunt:
1749 3165 1840 3220 Va:
1880 3135 2054 3230 nobis,
2084 3135 2131 3198 θ

476 3258 568 3326 qui
597 3255 856 3326 pulicum,
918 3254 1252 3320 etlendium,
1310 3263 1366 3311 et
1420 3256 1808 3326 pediculorurn,
1854 3267 1908 3314 et
1943 3274 2059 3312 mu-

477 3363 718 3414 scarum,
749 3359 806 3405 et
827 3347 1080 3412 culicum,
1111 3357 1165 3402 et
1193 3363 1352 3418 apum
1403 3364 1617 3405 morsus
1655 3359 1816 3420 atque
1841 3349 2059 3406 aculeos

477 3439 623 3496 ferre
656 3454 761 3496 non
796 3454 1119 3510 possumus;
1148 3443 1218 3497 ob
1248 3442 1446 3512 ingenti
1497 3451 1676 3497 autem
1704 3445 1938 3497 dracone
1967 3443 2059 3511 qui

480 3532 664 3588 fauces
697 3533 998 3590 horrendas
1030 3535 1228 3604 aperit,
1261 3543 1318 3587 ut
1367 3548 1466 3589 nos
1513 3533 1734 3590 devoret
1787 3543 1842 3589 et
1871 3533 2061 3590 absor—

479 3627 633 3690 beat,
662 3625 1020 3695 omnibusque
1052 3624 1329 3695 pestiferis
1351 3627 1540 3682 mortis
1568 3625 1767 3681 aculeis
1793 3625 2056 3692 vulneret,

481 3732 583 3774 nec
609 3719 891 3772 studemus
945 3715 1229 3787 aufugere,
1275 3731 1374 3772 nec
1414 3716 1580 3771 ullum
1637 3718 1902 3772 adversus
1934 3731 2058 3772 eum

481 3809 834 3878 imploramus
860 3809 1142 3864 auxilium.
1179 3807 1273 3864 Vae
1301 3809 1477 3871 nobis,
1518 3823 1655 3878 quos
1692 3809 1938 3866 diabolus
1968 3824 2060 3865 vo-

482 3901 798 3970 luptatibus,
828 3908 886 3955 et
915 3899 1210 3962 doloribus,
1248 3909 1300 3953 et
1330 3900 1745 3955 uereSsitatibus
1765 3941 1781 3967 ,
1806 3909 1861 3954 et
1886 3901 2061 3956 omni-

481 3995 584 4050 bus
607 4008 725 4062 quae
757 3993 816 4047 in
841 3992 1042 4046 mundo
1100 4000 1246 4055 sunt,
1308 3990 1587 4046 fraudibus
1630 3991 1858 4061 decipit;
1895 4001 1948 4046 e:
1976 4002 2059 4046 ta-

485 4099 606 4140 men
638 4099 788 4140 nosa
820 4094 900 4138 tot
924 4083 1082 4138 malis
1138 4083 1391 4138 nolumus
1447 4082 1689 4136 liberari.
1749 4081 1838 4138 ναξ
1882 4083 2058 4150 nobis,

482 4179 598 4249 qui,
625 4192 746 4233 eum
780 4176 934 4236 multi
961 4185 1041 4231 tot
1080 4175 1195 4244 jam
1244 4190 1417 4231 annos
1449 4175 1522 4230 ab
1559 4174 1802 4235 Ecclesia
1847 4174 2062 4231 defece-

486 4271 612 4335 rint,
664 4280 720 4326 et
777 4267 1134 4324 orthodoxam
1195 4267 1357 4322 ﬁdem
1413 4275 1675 4321 conentur
1713 4265 2058 4332 labefactare,

484 4378 662 4420 tamen
696 4377 794 4418 nec
824 4362 1094 4433 lacrymas
1146 4359 1443 4424 fundimus,
1495 4374 1670 4430 neque
1704 4359 1868 4415 ullum
1893 4360 2062 4414 animi

482 4457 718 4513 dolorem
746 4457 1102 4520 ostendimus,
1135 4467 1235 4508 nec
1269 4466 1447 4508 mores
1487 4467 1552 4508 ac
1602 4451 1767 4506 vitam
1804 4451 2062 4506 emenda-

482 4564 626 4614 mus,
659 4557 717 4602 ut
746 4557 970 4617 peccata
1024 4545 1262 4617 peccatis
1308 4553 1363 4599 et
1422 4543 1852 4600 incredulitatem
1901 4543 2059 4599 malis

480 4642 736 4713 Operibus
773 4639 1134 4705 cumulantes,
1199 4636 1550 4695 acerbissima
1602 4635 1757 4691 nobis
1795 4635 2056 4705 supplicia

483 4736 535 4787 iu
567 4733 812 4803 gehenna
847 4744 1102 4800 paremus
1160 4742 1224 4783 ac
1264 4726 1614 4795 sempiterna.
1650 4724 1742 4779 Va:
1779 4725 1934 4780 nobis
1964 4725 2056 4794 qui

481 4822 962 4894 p0stcunscriptas
1009 4818 1441 4882 lamentationes,
1495 4826 1548 4870 et
1591 4815 1698 4870 [ine
1729 4814 1909 4870 mundi
1943 4815 2056 4886 jam

482 4917 827 4978 adventante,
865 4928 965 4968 nec
1018 4909 1414 4980 resipiscimus,
1454 4922 1628 4977 neque
1663 4921 1853 4962 eorum
1881 4921 2000 4976 quae
2027 4921 2056 4961 a

483 5005 715 5062 nobisin
773 5004 1134 5060 adolescentia
1181 5001 1471 5056 commissa
1515 5009 1644 5055 sunt
1677 4999 2056 5068 paenitentiam

485 5102 720 5173 agimus,
760 5099 854 5156 sed
886 5097 1096 5153 miserae
1120 5092 1384 5150 senectuti
1417 5091 1617 5159 majora
1645 5103 1699 5147 et
1728 5092 1976 5166 graviora
2005 5092 2058 5144 in

485 5196 604 5249 dies
637 5191 965 5262 imponimus
998 5203 1165 5244 onera
1188 5197 1560 5257 peccatorum.
1597 5187 1688 5241 Vae
1707 5185 2057 5253 nobis,quos,

485 5302 608 5343 cmn
633 5285 798 5339 variis
827 5295 1115 5352 corporum
1146 5280 1351 5335 morbis
1396 5280 1800 5338 erubescamus,
1833 5292 1936 5330 non
1964 5290 2061 5344 pu-

485 5382 576 5436 det
608 5378 836 5434 miseras
868 5376 1078 5431 animas
1107 5382 1321 5430 nostras
1367 5385 1420 5428 et
1449 5388 1737 5441 corporum
1767 5371 1982 5440 llagitiis
2010 5377 2067 5422 et

487 5471 726 5544 peccatis
776 5468 1093 5524 foedissimis
1146 5477 1430 5538 aegrotare.
1491 5467 1580 5522 Vm
1637 5463 1812 5530 nobis,
1867 5461 2064 5530 quibus

586 5629 632 5660 ⁸³
673 5629 690 5683 1
747 5628 872 5683 Cor.
916 5644 992 5689 χι,
1033 5625 1225 5680 27-29.
1314 5620 1383 5655 ’³⁸
1417 5621 1457 5676 ll
1495 5622 1620 5678 Cor.
1667 5637 1718 5683 v.
1770 5619 1852 5673 10.

1986 5618 2031 5649 ⁸⁵
2091 5615 2190 5671 Job
2236 5631 2348 5676 xlv,
2400 5616 2489 5672 9|.

2157 1907 2265 1953 tate
2286 1897 2524 1952 dulciora
2556 1908 2684 1953 sunt
2737 1899 2918 1952 habita
2964 1914 3037 1969 βο
3080 1897 3407 1968 jucundiora
3437 1898 3450 1951 !
3479 1896 3629 1950 Error
3650 1911 3702 1949 es

2156 1989 2340 2044 animo
2390 2003 2512 2044 meo
2549 1988 2756 2058 depulit
2787 1989 3100 2044 veritatem.
3141 1987 3397 2043 Dedecus
3425 1995 3479 2042 et
3504 1986 3701 2056 ignomi-

2156 2081 2300 2134 niam
2342 2093 2440 2149 pro
2489 2079 2634 2134 veris
2672 2078 2920 2134 laudibus
2961 2087 3015 2133 et
3042 2077 3210 2149 gloria
3257 2093 3380 2133 sum
3439 2074 3703 2146 amplexus.

2155 2171 2587 2226 Amaritudinem
2616 2185 2716 2239 pro
2751 2168 3035 2224 dulcedine
3063 2168 3371 2238 degustavi,
3427 2177 3576 2222 terra:
3604 2165 3704 2218 tuli-

2159 2264 2337 2330 ginem
2379 2277 2476 2332 pro
2505 2262 2768 2316 caelorum
2794 2274 2960 2330 regno
2993 2260 3176 2315 dilexi.
3206 2259 3467 2314 Inimicus
3502 2257 3563 2311 ab
3584 2256 3702 2310 onmi

2159 2370 2281 2409 vera
2347 2340 2746 2423 pulchritudine
2799 2352 3099 2406 abhorrens
3143 2350 3298 2408 cordi
3345 2363 3464 2404 meo
3491 2346 3702 2402 tenebras

2155 2444 2368 2509 otl‘udit,
2401 2453 2457 2498 et
2495 2440 2820 2513 cognitionis
2851 2441 3029 2495 lumen
3074 2439 3273 2495 delevit
3310 2453 3342 2493 e
3388 2445 3560 2493 mente
3586 2449 3700 2489 mea.

2159 2536 2270 2590 lleu
2305 2550 2392 2590 me
2422 2535 2678 2590 miserum
2729 2542 2786 2589 et
2820 2531 3118 2597 infelicem,
3163 2547 3327 2601 quem
3360 2530 3590 2586 diabolus
3611 2527 3699 2583 suis

2159 2628 2480 2699 implicitum
2507 2627 2712 2681 retibus
2733 2625 2877 2696 cepit
2912 2616 2977 2679 ac
3017 2624 3408 2693 supplantavit.
3435 2631 3489 2675 et
3531 2628 3699 2675 etanta

2158 2719 2491 2774 sublimitate
2517 2715 2734 2785 deiecit.
2764 2715 2825 2769 lu
2855 2729 3021 2771 cursu
3061 2714 3376 2768 confractus
3419 2711 3595 2767 cecidi.
3623 2707 3698 2760 γε.

2160 2810 2211 2864 ni
2249 2808 2468 2863 fuerunt
2494 2807 2722 2862 sudores
2751 2805 2879 2860 mei.
2919 2803 3051 2872 Quis
3085 2805 3260 2860 vicem
3310 2819 3481 2861 meam
3516 2816 3607 2855 non
3631 2799 3695 2852 lu-

2158 2898 2475 2971 geat?Quis
2510 2912 2596 2952 me
2631 2897 2881 2952 inanibus
2927 2905 3309 2967 consumptum
3337 2894 3594 2950 laboribus
3611 2905 3690 2945 non

2159 2991 2527 3050 lamentetur?
2553 2990 2687 3057 Quis
2731 3004 2818 3046 me
2869 2990 2923 3044 in
2975 2999 3133 3059 portu
3176 2989 3513 3060 naufragium
3535 2984 3694 3039 facien-

2163 3093 2268 3138 tem
2333 3097 2438 3137 nou
2493 3080 2864 3137 misericordia
2942 3081 3353 3150 prosequatur?
3416 3074 3693 3134 Miseremini

2162 3174 2281 3237 mei,
2305 3172 2623 3227 miseremini
2651 3171 2770 3235 mei,
2801 3169 2984 3225 saltem
3024 3187 3133 3234 vos,
3151 3171 3312 3224 amici
3340 3170 3439 3224 mei
3461 3169 3503 3200 ⁸⁸
3526 3184 3538 3220 :
3560 3164 3692 3217 ethe-

2163 3266 2406 3336 niguum,
2433 3265 2634 3335 quique
2659 3279 2689 3317 a
2726 3262 2893 3318 nullis
2932 3263 3167 3318 vincitur
3222 3262 3401 3328 malis,
3453 3258 3690 3316 Dominum

2163 3371 2342 3411 meum
2397 3354 2581 3411 Jesum
2627 3353 2908 3410 Christum
2941 3355 3216 3424 supplices
3267 3348 3626 3424 deprecamini,
3654 3344 3690 3399 si

2163 3447 2302 3502 torte
2337 3446 2708 3502 misericordia
2742 3446 3005 3500 adductus
3027 3444 3406 3500 densissimam
3437 3438 3609 3496 diaboli
3637 3435 3690 3488 ab

2161 3537 2307 3592 omni
2349 3535 2748 3606 pulchritudine
2784 3535 3130 3590 abhorrentis
3178 3535 3460 3606 caliginem
3496 3528 3689 3586 excutiat

2160 3643 2191 3682 e
2239 3637 2417 3684 mente
2454 3642 2597 3693 mea,
2639 3637 2697 3681 ut
2734 3641 2841 3696 quo
2887 3626 2941 3681 iu
2982 3626 3093 3680 luto
3138 3641 3349 3690 verser,
3391 3639 3485 3680 nec
3513 3631 3690 3688 surgere

2164 3735 2372 3783 curem,
2400 3720 2616 3772 tandem
2655 3718 2939 3787 aspiciam,
2972 3731 3041 3773 ne
3082 3717 3219 3774 forte
3248 3725 3565 3775 contractum
3595 3709 3688 3764 vita

2163 3825 2295 3865 mea:
2322 3819 2532 3878 tempus
2561 3825 2776 3866 omnem
2803 3809 2933 3864 mihi
2967 3824 3115 3880 Spem
3148 3810 3372 3866 adimat.
3393 3808 3497 3864 Non
3522 3813 3593 3860 est
3617 3803 3687 3852 d0-

2163 3902 2244 3957 lor
2271 3917 2433 3972 supra
2471 3902 2708 3956 dolorem
2739 3917 2938 3956 memn.
2968 3901 3086 3958 Non
3109 3912 3192 3958 est
3229 3901 3386 3973 plaga
3422 3892 3686 3962 similisph-

2162 4009 2241 4062 ειη
2266 4009 2415 4048 meae.
2434 3991 2549 4048 Non
2566 4004 2652 4048 est
2676 3994 2948 4050 cruciatus
2978 4008 3077 4063 par
3103 3995 3369 4050 cruciatui
3393 3989 3553 4046 cordis
3576 3983 3683 4037 mei:

2165 4084 2428 4150 Quoniam
2485 4084 2788 4161 iniquitates
2833 4102 2963 4140 mea:
3014 4101 3364 4155 supergressa
3406 4090 3517 4138 sunt
3566 4082 3682 4140 σαρκί

2165 4190 2338 4228 meum
2366 4173 2434 4228 ⁸⁵.
2471 4172 2707 4229 Vulnera
2744 4189 2861 4230 mea
2894 4190 2998 4229 non
3031 4183 3155 4228 sunt
3185 4173 3348 4243 gladii
3381 4171 3684 4227 vulneramrc

2165 4263 2365 4320 mortui
2397 4263 2499 4317 mei
2514 4271 2639 4318 sunt
2654 4263 2853 4318 mortui
2875 4265 2929 4318 iu
2955 4264 3094 4320 bello
3106 4265 3172 4317 l'7:
3198 4265 3291 4319 sed
3305 4262 3500 4334 sagitta:
3522 4251 3680 4311 inimici

2165 4364 2338 4411 acuta:
2368 4354 2547 4410 inlisae
2578 4364 2707 4410 sunt
2732 4355 2859 4410 mihi
2891 4355 2962 4420 ⁸⁸,
2997 4366 3051 4411 et
3078 4370 3254 4410 meum
3287 4354 3570 4410 interiorem
3595 4347 3667 4400 lio-

2093 4473 2138 4527 ι)
2169 4448 2368 4502 minem
2398 4457 2765 4503 exczecarunt.
2814 4447 2881 4502 Et
2916 4447 3114 4516 inﬁxus
3137 4464 3250 4502 sum
3286 4449 3341 4502 in
3367 4448 3482 4500 timo
3507 4436 3676 4506 pmfﬂ'

2170 4542 2249 4605 di,
2279 4553 2325 4594 et
2362 4557 2467 4594 non
2516 4549 2591 4594 est
2640 4540 2937 4594 substantia
2965 4541 3035 4593 ⁸⁸.
3095 4539 3278 4594 Timor
3303 4553 3445 4608 quem
3466 4529 3678 4588 timebam.

2159 4633 2327 4688 euenit
2354 4632 2480 4685 mihi
2511 4631 2593 4686 ἀς
2626 4641 2674 4684 et
2733 4631 2919 4685 umbra
2963 4633 3150 4686 mortis
3198 4631 3400 4700 operuit
3431 4622 3573 4680 me".
3604 4611 3678 4668 Hei

2165 4725 2325 4778 mibi!
2361 4721 2674 4784 Considera,
2714 4723 2892 4776 anima
2934 4737 3077 4787 mea,
3110 4731 3163 4777 et
3198 4722 3320 4777 vide
3350 4734 3460 4792 quae
3485 4720 3675 4785 prasen-

2164 4819 2242 4873 tia
2271 4826 2418 4880 sunt,
2452 4829 2615 4884 quam
2651 4814 2860 4885 fugacia
2917 4815 3051 4881 sint,
3098 4824 3154 4870 et
3182 4825 3381 4886 quanta
3410 4824 3530 4867 cum.
3557 4813 3676 4856 acer-

2167 4911 2336 4966 bitate
2363 4919 2418 4965 et
2469 4907 2658 4965 dolore
2706 4909 2815 4964 cito
2863 4916 3263 4978 pertranseaut,
3309 4917 3362 4963 et
3389 4908 3564 4974 quanto
3596 4890 3676 4943 sint

2163 4999 2411 5071 quatiam
2440 5001 2734 5054 adventant
2767 5008 2930 5068 atque
2957 4999 3173 5064 adsunt,
3214 4982 3672 5054 acerbioraCOSiur

2167 5095 2371 5158 anima,
2401 5109 2432 5148 e
2485 5093 2706 5164 quantis
2744 5092 2901 5148 bonis
2930 5093 3154 5148 excidas
3202 5102 3258 5148 et
3306 5097 3488 5162 quanta
3512 5092 3606 5149 spe.
3635 5078 3673 5120 ει

2167 5184 2389 5254 quantis
2423 5198 2546 5239 mox
2578 5183 2914 5238 cruciatibus
2937 5191 2991 5237 et
3038 5181 3319 5251 suppliciis
3346 5181 3393 5234 in
3415 5174 3671 5256 _perpe'“_""'

2169 5253 2440 5332 allicieris.
2495 5277 2638 5331 Ante
2676 5291 2837 5345 quam
2871 5273 3034 5344 igitur
3073 5288 3238 5343 super
3284 5253 3437 5342 eaput
3457 5275 3577 5319 tuum
3609 5253 3672 5345 lux

2172 5369 2574 5438 exstinguatur,
2608 5343 2834 5436 supplex
2881 5365 2949 5420 ad
3004 5364 3098 5420 Dei
3150 5343 3671 5419 clementiamaccede.

2169 5437 2606 5517 aterniiluminis
2635 5458 2946 5528 largitorem
2978 5457 3205 5514 obsecra
3263 5466 3315 5510 et
3363 5452 3604 5509 obtestare,
3630 5437 3671 5483 υι

2577 5616 2622 5674 8‘.
2678 5615 2814 5671 Psal.
2871 5629 3077 5679 xxxv",
3138 5611 3190 5666 5.
3294 5611 3335 5642 ⁸⁷
3372 5607 3459 5672 193.
3508 5607 3597 5660 μιν
3632 5583 3666 5633 9·

487 5699 534 5735 ⁸⁸
574 5699 713 5754 Psal.
765 5687 1062 5762 nutu-3.
1137 5697 1180 5726 ⁸⁹
1212 5695 1350 5750 l’sal.
1384 5709 1569 5748 wan.
1599 5694 1648 5745 5.
1727 5695 1770 5725 ⁹⁰
1809 5690 1910 5744 Job
1952 5689 2142 5759 "1,25.
2220 5687 2425 5753 "Psal.
2463 5687 2729 5750 ALIII,20.
