3888 6284
464 304 611 366 1201

1563 300 1837 358 PATHES
1872 299 2178 358 EGYPTII
2214 297 2485 356 SECULI
2527 296 2618 353 IV.

3582 295 3697 356 1203

539 419 628 477 Vl.
668 418 890 475 Custodi
929 427 981 474 te
1023 419 1195 491 ipsum
1225 432 1294 474 ne
1331 418 1623 489 captiveris
1649 420 1700 475 in
1731 421 1799 476 iis
1837 422 1889 476 in
1919 421 2041 492 qui-

2215 422 2307 487 ςν.
2330 417 2569 483 ⁴θύλαξον
2592 416 2812 469 σεαυτὸν
2825 413 2938 485 (24)
2962 413 3561 486 μὴἇίχμαλωτισθῆναι
3577 417 3644 478 εἰς
3666 417 3692 470 ἃ

471 514 572 567 bus
598 511 731 566 alias
760 510 1030 580 peccasti,
1072 524 1138 564 ne
1165 520 1384 581 peccata
1410 519 1592 566 vetera
1640 522 1967 569 renoventur
1992 513 2043 566 in

468 613 543 657 te.
571 604 705 657 Ama
734 601 1115 664 humilitatem,
1152 610 1207 656 et
1231 601 1321 656 illa
1360 612 1411 657 te
1454 611 1697 671 proteget
1728 619 1759 658 a
1804 605 2047 677 peccatis

470 694 599 747 tuis.
628 692 706 746 Da
744 706 841 747 eor
887 701 1038 745 tuum
1086 693 1154 746 ad
1194 692 1558 748 obedientium
1619 694 1863 763 patribus
1894 693 2001 748 tuis
2026 735 2042 760 ,

466 793 523 837 et
549 784 721 851 gratia
759 782 850 838 Dei
883 782 1150 838 habitabit
1186 783 1240 838 in
1282 792 1352 840 te.
1385 782 1463 840 Ne
1511 784 1588 839 sis
1631 785 1773 854 apud
1817 785 2046 854 teipsum

466 876 723 945 opinione
756 875 830 928 tui
865 876 1069 929 tumida
1109 876 1325 943 sapiens
1348 918 1366 943 ,
1413 891 1481 931 ne
1526 876 1733 931 incidas
1762 877 1816 931 in
1855 892 2046 933 manus

466 968 699 1022 hostium
730 976 968 1022 tuorum.
999 966 1262 1023 Assuel’ac
1295 968 1531 1037 linguam
1560 976 1703 1022 tuam
1729 969 1796 1023 ad
1821 968 2046 1039 loquen-

468 1058 592 1114 dum
620 1059 782 1112 verba
813 1069 1139 1112 consensum
1168 1056 1547 1127 signiﬁcantia,
1567 1063 1619 1110 et
1647 1056 1921 1113 humilitas
1946 1070 2045 1111 ve-

467 1148 581 1203 niet
623 1162 787 1218 super
834 1158 908 1202 te.
942 1145 1207 1202 Resideus
1240 1146 1294 1201 in
1330 1157 1422 1202 tua
1465 1146 1656 1202 cellula
1691 1148 1855 1202 trium
1899 1161 2045 1203 sem-

469 1254 567 1305 per
597 1238 784 1293 horum
812 1253 999 1293 curam
1033 1251 1199 1308 gere:
1246 1238 1448 1292 laboris
1495 1252 1772 1302 manuum,
1819 1239 2045 1294 medita-

472 1328 633 1384 tionis
683 1339 737 1383 et
786 1329 1069 1384 orationis.
1143 1328 1394 1396 Quotidie
1424 1339 1661 1399 reputa:
1706 1327 1859 1385 Hunc
1903 1330 2043 1385 diem

469 1422 730 1477 habemus
758 1421 826 1477 ad
866 1423 1196 1491 operandum
1249 1422 1303 1477 in
1356 1423 1460 1478 hoc
1505 1426 1725 1487 mundo,
1755 1440 1823 1478 an
1854 1425 2044 1479 crasti-

468 1527 599 1566 num
629 1513 913 1569 habiturus
939 1513 1066 1579 sim,
1094 1516 1299 1571 nescio.
1335 1513 1427 1571 Sic
1455 1514 1683 1581 faciens,
1712 1530 1822 1570 non
1855 1528 2043 1586 pecca-

463 1602 549 1658 bis
570 1604 623 1657 in
654 1605 843 1659 Deum.
1482 1668 1495 1671 _

544 1694 656 1749 νη.
698 1696 776 1751 Ne
824 1697 961 1769 gula;
1016 1697 1292 1768 indulgeas
1345 1698 1399 1754 in
1449 1697 1742 1753 refectione
1773 1737 1788 1763 ,
1822 1706 1883 1752 ut
1934 1688 2041 1751 non

2142 512 2409 582 ἥμαρτες,
2458 509 2542 562 ἵνα
2586 507 2662 579 μὴ
2702 506 3158 562 ἀωκαινισθῶσιν
3192 506 3247 560 ἐν
3286 506 3405 560 σοι’
3441 506 3697 575 ἁγάπησον

2141 601 2243 670 τὴν
2285 599 2635 662 ταπείνωσιν,
2694 598 2789 652 καὶ
2850 598 2988 668 αὐτή
3042 613 3102 650 σε
3147 595 3423 667 σκεπάσει
3463 595 3569 647 ἀπὸ
3609 594 3697 645 τῶν

2145 688 2427 760 ἁμαρτιῶν
2461 705 2574 742 σου·
2611 686 2700 751 δὸς
2730 687 2827 759 τὴν
2852 687 3079 758 καρδίαν
3110 702 3207 738 σου
3231 686 3312 748 εις
3334 683 3583 754 ὑπακοὴν
3618 700 3697 735 :1-

2142 781 2317 852 τέρων
2337 795 2452 839 σουσ
2488 779 2637 850 καὶὴ
2661 780 2821 850 χάρις
2851 778 2947 832 τοῦ
2980 777 3115 831 Θεοῦ
3149 778 3361 848 οἰκήσει
3404 777 3465 829 ἐν
3498 775 3597 827 σοί·
3636 776 3696 843 μὴ

2143 872 2249 945 ἔσῃ
2274 870 2427 942 παρά
2463 870 2675 941 σεαυτῷ
2700 869 2982 941 φρόνιμος,
3009 871 3096 923 ἶνα
3125 870 3201 940 μὴ
3238 867 3494 940 ἐμπέσῃς
3511 868 3585 929 είς
3603 871 3693 935 χεῖ-

2146 980 2245 1034 ρας
2268 962 2379 1017 τῶν
2403 960 2616 1035 ἐχθρῶν
2637 978 2750 1015 σου⁹
2782 960 2961 1014 ἓθισον
2991 960 3092 1030 τὴν
3117 958 3374 1028 γλῶσσάν
3409 974 3503 1011 σου
3544 957 3697 1010 λαλεῖν

2143 1053 2241 1125 τὴν
2268 1052 2633 1125 συγχώρησιν,
2660 1052 2754 1105 καὶ
2790 1054 2824 1121 ἡ
2853 1041 3179 1113 ταπείνωσις
3204 1046 3488 1102 ἐλεύσεται
3520 1049 3605 1102 ἐπὶ
3627 1049 3693 1102 es"

2144 1145 2457 1216 καθήμενος
2507 1146 2565 1197 ἐν
2617 1142 2696 1213 τῷ
2729 1140 2926 1210 κελλίῳ
2982 1156 3098 1203 σου,
3144 1138 3252 1193 τῶν
3307 1138 3478 1209 τριῶν
3522 1137 3697 1191 τούτων

2144 1237 2428 1308 φρόντισον
2479 1233 2752 1304 συνεχῶςο
2798 1231 2899 1285 τοῦ
2932 1230 3270 1303 ἐργοχείρου,
3313 1232 3418 1301 τῆς
3471 1229 3695 1301 μελέτης,

2144 1326 2236 1379 καὶ
2261 1324 2362 1394 τῆς
2398 1324 2581 1394 εὐχῆς·
2615 1320 2905 1392 λογίζουδέ
2925 1319 3049 1374 καθ’
3068 1321 3304 1393 ἡμέραν,
3357 1320 3441 1373 ὅτι
3472 1319 3576 1391 Τὴν
3616 1322 3696 1390 σή-

2147 1434 2312 1489 μερον
2345 1415 2542 1487 ἔχομεν
2582 1414 2812 1483 πονῆσαι
2860 1414 2941 1475 είς
2986 1411 3079 1466 τὸν
3112 1411 3319 1481 κόσμον
3362 1409 3548 1464 τοῦτον
3569 1425 3584 1440 ·
3615 1410 3696 1479 τὴν

2141 1509 2202 1563 δὲ
2244 1506 2469 1578 αὔριον,
2521 1505 2622 1559 οὐκ
2667 1500 2816 1558 οἷδα’
2869 1505 2965 1558 καὶ
3015 1502 3080 1556 οὐ
3134 1502 3210 1573 μὴ
3254 1502 3589 1572 ἀμαρτήσεις
3630 1502 3695 1562 εἰς

2143 1599 2299 1654 Θεόν.

2214 1691 2286 1743 Z'.
2326 1688 2418 1760 Μὴ
2434 1687 2526 1741 ἔσο
2539 1682 3132 1758 γαστρίμαργος(95)ἐν
3153 1681 3380 1755 βρώσει,
3399 1681 3570 1754 ἵναμὴ
3589 1683 3693 1736 ἀνα-

469 1798 800 1842 renoventur
827 1765 883 1842 in
926 1799 977 1844 te
1016 1765 1197 1859 priora
1233 1798 1320 1844 tua
1363 1799 1605 1859 peccata.
1642 1788 1720 1843 Ne
1748 1788 2042 1843 atuedicris

2151 1779 2495 1835 καινισθῶσιν
2533 1780 2591 1832 ἐν
2626 1778 2709 1832 σοὶ⁵
2753 1777 2823 1831 τά
2871 1775 3112 1847 πρότερά
3164 1792 3257 1829 σου
3317 1776 3693 1848 ἁμαρτήματασ

465 1878 519 1932 in
562 1879 746 1948 aliquo
784 1881 990 1944 labore,
1020 1890 1081 1935 ut
1105 1896 1211 1935 non
1238 1881 1490 1950 ingruant
1515 1882 1568 1934 in
1616 1888 1668 1935 te
1695 1881 2044 1934 vehementes

464 1969 695 2024 insultus
722 1970 948 2026 inimici.
970 1970 1088 2026 Vim
1120 1971 1258 2026 infer
1283 1972 1376 2026 tibi
1407 1971 1504 2042 ipsi
1538 1972 1606 2026 ad
1641 1980 1863 2026 strenue
1882 1985 2048 2040 agen-

464 2060 591 2111 dum
632 2059 683 2111 in
722 2059 1072 2115 meditatione
1121 2070 1244 2127 tua;
1295 2071 1351 2116 et
1392 2061 1576 2115 veniet
1627 2060 1683 2114 in
1729 2068 1791 2115 te
1829 2059 2047 2129 requies

465 2147 560 2203 Dei
595 2149 864 2204 velociter.
903 2148 1047 2220 Coge
1094 2160 1146 2206 te
1192 2151 1369 2220 ipsum
1408 2152 1473 2206 ad
1526 2150 1724 2212 multas
1764 2149 2046 2206 orationes

464 2252 590 2296 cum
631 2238 759 2294 netu
782 2280 798 2305 ,
834 2250 889 2295 et
922 2241 1062 2296 forte
1116 2242 1463 2298 miserebitur
1495 2242 1570 2297 tui
1604 2240 1768 2307 Deus,
1797 2250 1853 2296 et
1883 2251 2046 2295 exuet

466 2337 520 2382 te
553 2327 722 2382 veteri
746 2328 965 2383 homine
993 2338 1299 2399 peccatore.

537 2416 672 2471 Vill.
714 2417 912 2483 Labor,
956 2429 1012 2474 et
1062 2420 1403 2485 mendicitas,
1452 2428 1509 2475 et
1553 2418 1951 2491 peregrinatio,
1991 2429 2045 2474 et

466 2506 757 2563 tolerantia
790 2509 1070 2574 durorum,
1101 2520 1156 2565 et
1190 2509 1490 2575 silentium,
1534 2511 1750 2578 pariunt
1776 2508 2048 2565 humilita-

466 2606 598 2654 tem.
640 2597 932 2655 Humilitas
962 2609 1141 2655 autem
1196 2600 1429 2655 remittit
1470 2614 1632 2655 cunne
1668 2610 1979 2670 peccatum.

532 2773 637 2831 IX.
677 2773 736 2830 Si
776 2775 1063 2830 fornicatio
1104 2784 1158 2830 te
1199 2775 1501 2847 impugnat,
1553 2774 1733 2844 alilige
1771 2786 1823 2831 te
1869 2776 2043 2845 ipsum

464 2862 834 2919 indesinenter
862 2864 915 2918 in
950 2863 1154 2934 vigilia,
1196 2864 1249 2918 in
1292 2863 1437 2919 fame
1479 2873 1534 2919 et
1570 2864 1684 2930 siti,
1729 2864 1781 2917 in
1820 2863 2042 2918 humili-

465 2964 577 3010 tate
600 2956 667 3010 ad
692 2970 904 3010 omnes.
934 2954 992 3010 Si
1020 2970 1152 3011 vero
1180 2955 1528 3027 pulchritudo
1559 2956 1805 3024 corporis
1832 2963 1888 3010 et
1910 2955 2043 3010 ima-

462 3044 667 3116 ginatio
692 3045 986 3116 voluptatis
1030 3046 1086 3101 in
1137 3046 1336 3102 femina
1386 3046 1554 3101 trahit
1599 3059 1695 3100 cor
1729 3055 1907 3111 tuum,
1953 3059 2043 3101 re-

462 3134 691 3191 cordare
724 3136 914 3192 [eloris
946 3137 1174 3191 istorum
1193 3178 1211 3204 ,
1235 3146 1289 3192 et
1318 3137 1647 3205 requiesces.

535 3225 606 3280 Χ.
647 3225 766 3283 Noli
791 3268 807 3291 ,
842 3226 1034 3291 frater,
1068 3227 1310 3296 quandiu
1343 3225 1515 3281 fueris
1545 3227 1595 3281 in
1622 3225 1724 3280 hac
1754 3225 1880 3287 vita,
1913 3223 2043 3279 dare

466 3316 706 3386 requiem
736 3327 828 3371 tuo
854 3318 1093 3387 corpori,
1134 3330 1235 3372 nec
1276 3316 1520 3371 conﬁdas
1560 3316 1615 3370 in
1658 3326 1711 3372 te
1756 3315 1872 3386 ipso
1911 3313 1955 3370 si
1991 3324 2043 3370 te

462 3409 663 3466 videris
697 3404 984 3462 feriantem
1020 3422 1049 3460 a
1109 3422 1401 3478 pravorum
1442 3403 1732 3462 affectuum
1780 3404 2041 3473 tumultu;

463 3500 717 3558 cohibent
739 3500 884 3556 enim
912 3501 1021 3552 vim
1059 3513 1213 3553 suam
1243 3499 1513 3555 daemones
1553 3507 1676 3552 astu
1711 3497 1780 3553 ad
1809 3507 2041 3569 tempus,

465 3605 666 3651 etcum
714 3593 874 3647 homo
906 3591 1244 3661 negligenter
1268 3602 1495 3647 securus
1522 3589 1759 3647 studium
1804 3605 1915 3645 suae
1956 3605 2042 3645 sa-

464 3685 595 3740 lutis
637 3680 933 3748 remiserit,
985 3690 1211 3749 repente
1251 3680 1498 3735 insiliunt
1540 3680 1594 3735 in
1645 3680 1902 3736 miseram
1934 3678 2046 3735 ani-

467 3790 632 3839 mam,
668 3782 722 3828 et
752 3773 967 3842 rapiunt
993 3785 1112 3825 eam
1153 3780 1214 3824 ut
1258 3786 1553 3841 passerem.
1595 3769 1676 3826 Ac
1718 3771 1765 3826 si
1788 3785 1909 3825 eam
1948 3786 2042 3826 su-

465 3879 660 3938 perare
686 3863 818 3933 ipsis
842 3876 911 3916 ex
942 3870 1071 3916 voto
1101 3862 1412 3931 contigerit,
1445 3861 1510 3915 ad
1544 3875 1705 3916 omne
1741 3860 1889 3915 illam
1921 3874 2045 3931 pec-

468 3963 649 4011 catum
717 3950 1225 4007 immisericorditer
1280 3949 1558 4022 dejiciunt.
1622 3946 1858 4006 Stemus'
1884 3952 2046 4020 igitur

468 4042 524 4099 in
572 4040 671 4098 Dei
720 4039 933 4113 timore,
983 4049 1038 4095 et
1092 4040 1459 4096 custodiamus
1512 4054 1634 4108 nos,
1684 4050 2045 4111 exsequentes

467 4131 710 4205 perfecte
738 4140 931 4188 cuncta
970 4131 1235 4203 religiosae
1277 4142 1478 4189 nostra:
1524 4132 1824 4203 disciplina;
1851 4148 2043 4204 opera,

469 4233 526 4281 et
553 4235 870 4281 exercentes
900 4214 1349 4281 omnes—virtutes
1394 4226 1617 4281 idoneas
1659 4224 1908 4280 arcendae
1951 4227 2046 4280 ho—

469 4320 635 4375 stium
665 4314 1021 4386 improbitati.
1061 4315 1300 4387 Labores
1325 4316 1523 4388 quippe
1561 4332 1626 4372 ac
1665 4316 2043 4373 contentiones

2150 1872 2226 1942 μὴ
2255 1870 2557 1942 ἀκηδιάσῃς
2584 1869 2643 1924 ἐν
2662 1886 2766 1922 τινι
2805 1868 2976 1938 κόπῳ,
3007 1868 3097 1922 ἵνα
3123 1867 3200 1939 μὴ
3236 1868 3625 1939 είσπηδήσωσιν
3647 1871 3692 1922 ἐν

2148 1960 2234 2014 σοὶ
2264 1961 2322 2014 αἱ
2372 1959 2467 2014 τοῦ
2517 1958 2718 2031 ἐχθροῦ
2766 1960 3059 2029 ἐνέργειαι·
3111 1958 3266 2029 βίαζε
3298 1959 3522 2012 σεαυτὸν
3551 1961 3602 2011 ἐν
3638 1962 3691 2029 τῇ

2150 2052 2349 2125 μελέτῃ
2379 2069 2498 2116 σου,
2530 2051 2626 2104 καὶ
2657 2051 2779 2122 ἥξει
2800 2051 2858 2104 ἐν
2889 2051 2971 2105 σοὶ
2993 2051 3028 2121 ἡ
3055 2050 3366 2115 ἀνάπαυσις
3399 2051 3491 2105 τοῦ
3509 2050 3627 2105 θεοῦ
3646 2053 3691 2103 ἐν

2145 2142 2320 2211 τάχει·
2350 2140 2628 2209 ἀνάγκαζε
2659 2140 2885 2194 σεαυτὸν
2909 2140 2990 2199 είς
3012 2140 3215 2204 πολλὰς
3236 2141 3542 2213 προσευχὰς
3581 2141 3693 2212 μετὰ

2146 2232 2447 2303 κλαυθμοῦ,
2472 2232 2568 2286 καὶ
2603 2231 2732 2296 ἴσως
2758 2231 2969 2303 ἐλεήσει
3014 2248 3072 2284 σε
3112 2233 3142 2285 ὁ
3169 2230 3337 2296 Θεὸς,
3376 2231 3470 2285 καὶ
3510 2229 3690 2285 ἐκδόσει

2147 2340 2207 2376 σε
2237 2323 2328 2376 τὸν
2360 2322 2586 2376 παλαιὸν
2614 2322 2900 2393 ἄνθρωπον
2923 2324 3014 2376 τὸν
3037 2323 3441 2393 ἁμαρτάνοντα.

2216 2413 2375 2465 Η’.⁹υ
2409 2411 2575 2474 κόπος
2611 2411 2746 2481 (26).
2782 2412 2876 2465 καὶ
2915 2414 2949 2481 ἡ
3002 2411 3266 2480 πτωχεία,
3286 2412 3383 2463 καὶ
3408 2412 3441 2481 ἡ
3462 2408 3689 2475 ξενιτεία,

2145 2503 2239 2557 καὶ
2278 2505 2312 2574 ἡ
2350 2501 2724 2566 κακοπάθεια,
2768 2502 2864 2555 καὶ
2895 2502 2930 2573 ή
2963 2500 3174 2571 σιωπὴ,
3219 2501 3465 2554 τίκτουσι
3497 2501 3589 2570 τὴν
3616 2516 3689 2551 τα-

2146 2593 2403 2646 πείνωσιν
2421 2612 2433 2624 ·
2460 2593 2555 2646 καὶ
2590 2594 2631 2664 ἡ
2660 2593 2991 2657 ταπείνωσις
3032 2595 3311 2664 συγχωρεῖ
3339 2593 3513 2645 πᾶσαν
3547 2592 3690 2660 ἀμαρ-

2145 2683 2287 2739 τίαν.

2213 2776 2432 2830 Θ’.Ἒάν
2468 2778 2502 2848 ἡ
2534 2772 2888 2847 ⁴ιιορνεία(27)
2924 2774 3246 2846 σεπολεμεί,
3280 2773 3467 2844 θλίψον
3502 2772 3688 2825 σεαυτὸν

2144 2866 2509 2930 ἀδιαλείπτως
2533 2868 2591 2919 ἐν
2618 2864 2915 2936 ἀγρυπνίᾳ,
2950 2868 3008 2919 ἐν
3038 2867 3197 2936 πείνῃ
3219 2867 3318 2919 καὶ
3337 2865 3480 2937 δίψῃ.
3504 2866 3586 2918 καὶ
3610 2881 3684 2916 τα-

2145 2954 2401 3010 πεινώσει
2439 2956 2577 3027 πρὸς
2619 2956 2845 3018 πάντας·
2869 2954 2965 3009 ἐάν
2993 2954 3049 3008 δὲ
3094 2954 3292 3019 κάλλος
3314 2955 3549 3027 σώματος
3580 2951 3685 3022 ἕλκῃ

2143 3046 2242 3118 τὴν
2289 3046 2520 3118 καρδίαν
2578 3063 2696 3111 σου,
2743 3045 2777 3119 ἥ
2826 3044 2990 3118 ἡδονὴ
3014 3045 3298 3115 γυναικὸς,
3333 3045 3581 3118 μνήσθητι
3606 3042 3682 3107 τῆς

2068 3118 2110 3175 c
2143 3136 2405 3202 δυσωδίας
2437 3138 2659 3205 τούτων,
2696 3118 2791 3192 καὶ
2822 3137 3131 3211 ἀναπαύσῃ.

2217 3230 2272 3282 Ι’.
2294 3230 2388 3299 Μὴ
2430 3229 2665 3301 θελήσῃς
2689 3229 3061 3301 (28),ἀδελφέ,
3089 3230 3173 3299 ἐφ’
3201 3231 3329 3284 ὅσον
3354 3225 3419 3304 ᾖς
3433 3231 3487 3283 ὲν
3514 3227 3581 3298 τῷ
3605 3226 3685 3296 βίῳ

2142 3315 2337 3386 τούτῳ,
2366 3317 2551 3374 δοῦναι
2586 3318 2896 3375 ἀνάπαυσιν
2932 3319 3011 3391 τῷ
3068 3319 3283 3391 σώματί
3313 3338 3426 3375 σου·
3468 3318 3679 3391 μηδὲᾏτι-

2146 3409 2379 3483 στεύσῃς
2406 3410 2631 3464 σεαυτὸν
2658 3410 2753 3464 ἐὰν
2786 3410 2902 3485 ἴδῃς
2934 3413 3351 3484 ἀναπαυόμενον
3372 3413 3474 3468 ἀπὺ
3492 3412 3587 3465 τῶν
3603 3427 3681 3462 πα-

2146 3498 2274 3555 θῶν·
2301 3500 2436 3555 διότι
2462 3500 2766 3555 στέλλουσιν
2796 3503 3021 3566 ἑαυτοὺς
3058 3505 3106 3556 oi
3142 3502 3397 3575 δαίμονες
3422 3500 3680 3572 πανουργίᾳ

2145 3594 2281 3666 πρὸς
2308 3593 2521 3665 καιρὸν,
2548 3594 2641 3648 καὶ
2669 3592 2763 3647 ἐάν
2798 3594 2827 3647 ό
2858 3592 3144 3666 ἄνθρωπος
3172 3595 3424 3669 ἀμελήσῃ
3465 3594 3553 3665 τῆς
3580 3595 3678 3646 ἐαυ-

2143 3685 2238 3739 τοῦ
2270 3687 2567 3757 σωτηρίας,
2601 3686 2756 3755 ἀφνω
2779 3686 3110 3757 εἰσπηδῶσιν
3144 3691 3225 3752 είς
3253 3689 3356 3761 τὴν
3379 3688 3677 3754 ταλαίπωρον

2144 3775 2347 3847 ψυχὴν,
2375 3776 2471 3829 καὶ
2501 3774 2837 3847 ἁρπάζουσιν
2870 3778 3041 3848 αὐτὴν
3074 3778 3150 3841 ώς
3188 3779 3483 3853 στρουθίον,
3522 3776 3602 3829 καὶ
3626 3773 3677 3827 ἂν

2146 3867 2598 3940 ἐπικρατέστεροι
2639 3867 2809 3940 αὐτῆς
2851 3869 3144 3937 γένωνται,
3175 3871 3234 3923 ἐν
3269 3869 3430 3923 παντὶ
3471 3864 3676 3936 ἁμαρτήη

2152 3977 2287 4032 ματι
2310 3958 2659 4015 ταπεινοῦσιν
2682 3960 2852 4030 αὐτὴν
2885 3960 3284 4031 άνελεημόνωςο
3316 3958 3517 4030 στῶμεν
3543 3950 3618 4009 οὖν
3632 3954 3675 4003 ἐν

2147 4048 2296 4125 φόϐῳ
2326 4049 2463 4104 Θεοῦ
2504 4051 2599 4105 καὶ
2642 4049 2967 4121 φυλάξωμεν
2997 4051 3215 4118 αὐτοὺς,
3247 4047 3593 4108 ἐπιτελοῦντες
3628 4041 3677 4093 τὸ

2147 4142 2449 4216 πρακτικὸν
2477 4142 2655 4213 ἡμῶν,
2686 4144 2784 4197 καὶ
2802 4141 3158 4212 φυλάττοντες
3189 4143 3370 4207 πάσας
3396 4140 3488 4204 τάς
3513 4133 3675 4209 ἀρετὰς

2145 4234 2351 4298 αἵτινες
2382 4233 2652 4287 κωλύουσι
2683 4236 2782 4305 τὴν
2812 4234 3010 4289 κακίαν
3030 4234 3137 4288 τῶν
3157 4233 3387 4307 ἐχθρῶν
3416 4234 3493 4286 ὅτι
3524 4230 3567 4282 oi
3600 4225 3672 4280 x6~

2147 4342 2239 4381 ποι
2263 4325 2357 4380 καὶ
2377 4327 2425 4379 oi
2450 4325 2638 4396 μόχθοι
2659 4324 2752 4383 τοῦ
2778 4325 3008 4398 βραχέος
3046 4327 3240 4398 καιροῦ
3270 4327 3455 4380 τούτου
3476 4365 3490 4389 ,
3519 4322 3569 4375 οὗ
3596 4317 3671 4390 μό-

468 4408 650 4466 brevis
680 4404 840 4478 hujus
876 4406 1153 4477 temporis,
1183 4422 1293 4463 non
1323 4407 1483 4463 modo
1512 4417 1849 4479 praeservant
1877 4422 1977 4463 nos
2010 4422 2040 4462 a

2151 4432 2237 4472 νον
2273 4416 2631 4486 φυλάττουσιν
2665 4418 2812 4489 ἡμᾶς
2845 4418 2953 4477 ἀπὸ
2991 4417 3101 4472 τῶν
3129 4418 3421 4490 πονηριῶν,
3460 4412 3576 4470 ἀλλά
3599 4410 3672 4464 καὶ

470 4499 666 4569 culpis,
720 4501 814 4557 sed
857 4514 1086 4557 coronas
1131 4507 1445 4571 praeparant
1484 4498 1680 4555 animat
1722 4497 2042 4569 priusquam

2152 4506 2446 4577 στεφάνους
2482 4505 2864 4580 εὐτρεπίζουσι
2906 4512 2975 4581 τῇ
3018 4509 3185 4581 ψυχῇ,
3212 4509 3326 4583 πρὸ
3360 4507 3449 4562 τοῦ
3481 4502 3672 4571 ἐξελθεῖν

471 4590 787 4661 egrediatur
836 4604 868 4645 e
920 4604 1171 4660 corpore.
1229 4588 1507 4658 Quotquot
1559 4586 1822 4645 habemus
1870 4590 2046 4646 sancti

467 4681 807 4751 baptismatis
830 4680 1192 4751 signaculum,
1227 4682 1543 4738 studeamus
1579 4682 1887 4752 relinquere
1920 4698 2045 4752 pec-

468 4781 621 4860 cata.
638 4781 849 4839 nostra,
895 4781 955 4828 ut
992 4771 1333 4829 inveniamus
1389 4772 1815 4829 misericordiam
1864 4776 1917 4829 in
1954 4777 2042 4831 die

462 4861 677 4933 iudicii.
717 4861 1142 4929 Contendamus,
1187 4864 1559 4932 dilectissimi,
1599 4867 1854 4936 quoniam
1905 4876 2042 4922 tem~

469 4967 570 5023 pus
597 4967 767 5023 prope
794 4963 899 5009 est.
934 4952 1137 5012 Beatus
1170 4970 1300 5027 ergo
1329 4957 1419 5027 qui
1450 4957 1590 5012 hanc
1621 4971 1835 5028 semper
1862 4960 2043 5014 animo

467 5046 881 5103 sollicitudinem
914 5055 1096 5103 versat
1127 5046 1214 5105 die
1236 5050 1442 5120 pariter
1468 5063 1533 5105 ac
1571 5059 1755 5110 nocte.

535 5134 628 5193 XI.
669 5135 894 5208 Oportet
929 5137 1210 5210 appulsum
1248 5140 1374 5195 mali
1424 5141 1685 5198 daemonis
1724 5150 1970 5198 avertere
2008 5157 2040 5196 a

466 5226 631 5284 corde
668 5242 765 5298 per
806 5228 948 5299 piam
988 5229 1474 5286 contradictionem
1540 5240 1785 5299 tempore
1836 5233 2040 5286 oratio-

465 5320 571 5385 nis,
606 5333 674 5375 ne
701 5320 917 5390 quando
951 5321 1290 5390 reperiamur
1324 5318 1480 5375 labiis
1507 5320 1724 5390 quidem
1754 5320 2035 5392 alloquen-

466 5421 553 5470 tes
580 5411 770 5477 Deum,
817 5412 982 5467 corde
1015 5421 1196 5466 autem
1243 5411 1484 5467 absurda
1531 5410 1855 5489 cogitantes.
1916 5411 2037 5467 Non

534 5565 654 5702 ΞΜ)
678 5566 980 5631 “infer,
1006 5581 1062 5620 κ.
1097 5582 1146 5619 τ.
1174 5564 1225 5621 λ.
1255 5562 1334 5621 Et:
1362 5564 1514 5621 Orat.
1550 5581 1627 5628 rx,
1675 5579 1796 5635 cap.
1841 5566 1947 5621 let
1982 5564 2043 5623 2.

558 5637 653 5695 95)
685 5636 782 5702 Μὴ
806 5636 916 5692 ἔσο
936 5652 1143 5702 ταστρ.
1174 5636 1249 5691 Ex
1287 5638 1475 5692 eadem
1507 5636 1659 5690 Orat.
1688 5651 1762 5702 Ix,
1808 5636 1845 5692 l.
1877 5651 1925 5690 c.

558 5636 653 5695 95)
685 5636 782 5705 Μὴ
806 5636 916 5692 ἔσο
936 5652 1143 5706 γαστρ.
1174 5636 1249 5691 Ex
1287 5638 1475 5692 eadem
1507 5636 1762 5706 Oralttx,
1808 5636 1845 5692 l.
1877 5651 1925 5690 c.

540 5704 655 5777 (26)
705 5704 778 5763 Ὀ
800 5704 1007 5773 κόπος,
1048 5704 1103 5763 κ.
1132 5725 1182 5765 τ.
1230 5706 1281 5762 λ.
1324 5707 1400 5762 Ex
1426 5707 1612 5764 eadem
1646 5704 1801 5763 Orat.
1830 5707 1958 5774 tx,l.
1988 5721 2043 5764 c.

2150 4600 2260 4653 ἀπὸ
2285 4599 2379 4653 τοῦ
2408 4597 2679 4671 σώματος·
2708 4601 2823 4655 ὅσοι
2850 4600 3047 4673 ἔχομεν
3072 4603 3173 4673 τὴν
3213 4603 3310 4656 τοῦ
3341 4600 3488 4669 ἁγίου
3516 4591 3670 4668 βαπτί-

2151 4707 2355 4762 σματος
2393 4692 2692 4761 σφραγῖδα,
2740 4693 3133 4765 σπουδάσωμεν
3176 4692 3491 4763 καταλεῖψαι
3526 4690 3670 4758 ἁμαρ·

2147 4781 2268 4846 τίας
2317 4781 2494 4852 ἡμῶν,
2545 4784 2695 4847 ὅπως
2746 4783 2995 4855 εὕρωμεν
3040 4782 3185 4847 ἔλεος
3221 4784 3280 4836 ἐν
3322 4786 3386 4855 τῇ
3411 4779 3569 4852 ἡμέρᾳ
3593 4774 3667 4841 τῆς

2146 4872 2399 4944 κρίσεως·
2429 4872 2843 4945 ἀγωνισώμεθα,
2869 4875 3161 4946 ἀγαπητοὶ,
3187 4874 3267 4928 ὅτι
3297 4875 3326 4927 ό
3352 4871 3523 4944 καιρὸς
3542 4867 3666 4937 imu—

2150 4981 2233 5017 κε·
2273 4966 2540 5037 μακάριος
2571 4962 2664 5021 οὖν
2695 4968 2722 5019 ό
2747 4966 2884 5038 ἔχων
2908 4964 3008 5037 τὴν
3041 4965 3312 5038 μέριμναν
3340 4965 3524 5032 ταύτην
3560 4952 3665 5028 ἠμέ-

2149 5071 2250 5126 ρας
2282 5056 2511 5108 πάντοτε
2545 5055 2640 5108 καὶ
2660 5055 2868 5118 νυκτός.

2217 5144 2318 5198 IA'.
2342 5142 2461 5215 Χρὴ
2484 5143 2581 5214 τὴν
2607 5141 2907 5213 προσϐολὴν
2932 5141 3029 5195 τοῦ
3050 5156 3183 5211 πονη
3193 5133 3601 5210 ροῦ-ἀποτρέπειν
3616 5124 3663 5215 ἐκ

2144 5231 2241 5303 τῆς
2290 5214 2516 5305 καρδίας
2547 5233 2615 5285 δι’
2644 5231 2901 5295 εὐσεϐοῦς
2961 5229 3270 5299 ἀντιλογίας
3318 5227 3390 5298 τῷ
3416 5214 3660 5313 καιρςί)

2144 5323 2473 5395 προσευχῆς,
2494 5324 2700 5395 μήποτε
2722 5322 3031 5394 εὐρεθῶμεν
3060 5324 3170 5385 τοῖς
3183 5322 3280 5392 μὲν
3293 5309 3556 5392 χείλεσιτῷ
3570 5307 3660 5372 θεῷ

2146 5414 2687 5487 προσδιαλεγόμενοι,
2724 5417 2791 5485 τῇ
2825 5415 2881 5468 δὲ
2919 5413 3117 5485 καρδίᾳ
3151 5413 3327 5467 ἄτοπα
3360 5403 3655 5477 λογιζόμενοι·

2220 5567 2331 5633 (27)
2368 5567 2509 5622 Ἐὰν
2535 5569 2574 5635 ἡ
2602 5585 2777 5637 πορν.
2805 5568 2882 5624 Ex
2912 5567 3063 5621 Orat.
3087 5583 3223 5637 μνη.
3248 5580 3363 5634 cap.
3391 5561 3437 5615 7.

2220 5622 2333 5711 (23)
2368 5638 2463 5707 Μὴ
2499 5622 2712 5706 ocimi}.
2743 5640 2819 5695 Ex
2854 5622 3043 5694 eadem
3068 5622 3223 5692 Orat.
3249 5622 3380 5704 nit,
3407 5622 3573 5701 “p.8-
