3884 6278
249 244 427 327 {sua

1377 271 1434 326 S.
1478 271 1679 327 ISAkE
1720 272 2013 329 ABBATIS
2049 274 2459 331 PRECEPTA.

3400 269 3544 331 ηιε

248 389 349 443 ῡῦ
376 386 490 457 γάρ
516 385 868 457 προσδέχεται
889 389 917 441 ὁ
947 386 1079 452 Θεὸς
1105 388 1213 441 ἀπὸ
1236 389 1544 459 ήσυχαστοῦ
1572 388 1747 461 εὐχὴν
1769 389 1845 443 θοι

1963 393 2106 445 enim
2135 399 2378 462 acceptat
2404 390 2549 445 Deus
2576 391 2646 443 ab
2678 388 2897 444 homine
2923 384 3287 454 sacraequieti
3311 396 3538 440 vacante

250 482 421 553 λὼδη
460 483 552 535 καὶ
580 483 1079 553 καταφρονητικήψ
1108 483 1409 552 ’πανταχοῦ
1456 482 1563 555 γὰρ
1601 485 1634 553 ὴ
1666 484 1857 555 Γραφὴ

249 574 336 628 τὰ
375 574 478 644 τῆς
511 572 693 645 ψυχῆς
721 573 1050 645 αἰσθητήρια
1077 574 1505 645 διαμαρτύρεται
1543 575 1853 644 φυλάττειν·

250 663 370 717 ἐὰν
403 664 516 735 γὰρ
542 665 787 735 ὑποταγῇ
815 664 878 717 τὸ
903 664 1113 735 θέλημα
1153 664 1248 718 τοῦ
1303 665 1538 736 μοναχοῦ
1589 667 1668 737 τῷ
1708 668 1858 740 νόμῳ

249 756 366 808 τοῦ
412 753 573 819 Θεοῦ,
625 755 723 808 καὶ
756 754 899 809 κατά
926 754 1017 809 τὸν
1060 756 1223 827 νόμον
1260 756 1423 810 αὐτοῦ
1450 757 1757 831 κυϐερνήτῃ
1788 759 1857 813 τὰ

251 846 496 914 ὑπήκοα
542 844 728 907 αὐτοῦ,
779 845 961 910 πάσας
1008 846 1152 918 φημὶ
1181 848 1280 911 τὰς
1327 846 1564 917 ψυχικὰς
1590 851 1853 922 κινήσεις.

253 935 662 1008 κατεξαίρετον
689 936 746 989 δὲ
779 937 868 989 τὸν
897 938 1067 1008 θυμὸν
1096 938 1190 991 καὶ
1227 939 1326 1010 τὴν
1363 938 1659 1012 ἐπιθυμίαν
1701 940 1856 1008 (ταῦ-

251 1041 337 1078 τα
370 1024 481 1096 γὰρ
515 1024 732 1095 ὑπήκοα
760 1024 839 1095 τῷ
858 1024 1021 1096 λόγῳ)
1040 1040 1059 1058 ⁸
1078 1026 1276 1098 ἀρετὴν
1298 1027 1613 1097 εἰργάσατο,
1650 1030 1745 1082 καὶ
1776 1030 1856 1082 δι-

254 1115 569 1186 καιοσύνην
596 1115 839 1186 ἐποίησε
858 1118 956 1187 τὴν
976 1117 1073 1186 μὲν
1100 1116 1395 1187 ἐπιθυμίαν
1422 1118 1559 1190 πρὸς
1586 1119 1676 1171 τὸν
1700 1119 1854 1185 Θεὸν,

253 1206 367 1258 καὶ
392 1205 465 1258 τά
489 1204 652 1259 αὑτοῦ
687 1204 970 1277 θελήματα
991 1221 1006 1236 ⁶
1048 1208 1140 1262 τὸν
1162 1207 1218 1261 δὲ
1239 1208 1410 1278 θυμὸν
1434 1208 1578 1262 κατὰ
1611 1209 1706 1262 τοῦ
1739 1208 1855 1262 δια-

254 1294 434 1347 ϐόλου
466 1295 561 1348 καὶ
606 1295 708 1366 τῆς
737 1295 1045 1368 ἁμαρτίας⁸
1079 1297 1131 1350 τί
1160 1293 1254 1351 οὖν
1286 1299 1401 1351 ἔστι
1428 1297 1489 1350 τὸ
1527 1296 1859 1369 ζητούμενον

255 1385 496 1451 Eat-core;
532 1388 565 1457 ή
596 1387 811 1458 κρυπτὴ
836 1387 1055 1458 μελέτη.

342 1478 587 1532 ΠΒ.Ἐὰν
608 1474 676 1552 ᾗς
696 1478 1086 1549 ἀνθιστάμενος
1101 1480 1167 1551 τῇ
1197 1480 1368 1552 ἐχθρᾷ
1386 1521 1403 1545 ,
1433 1482 1529 1535 καὶ
1553 1479 1672 1554 ἴδῃς
1687 1481 1857 1552 αὐτὴν

258 1567 654 1639 ἀσθενήσασαν
696 1569 805 1623 ἀπὸ
839 1568 933 1622 σοῦ
972 1569 1068 1622 καὶ
1109 1564 1384 1639 φυγοῦσαν
1430 1572 1511 1633 εἰς
1542 1571 1610 1624 τά
1653 1571 1852 1635 ὀπίσω,

1957 482 2258 537 orationem
2286 480 2623 543 lutulentam,
2659 487 2715 535 et
2764 479 3087 535 iniseriam.
3129 476 3337 546 Ubique
3391 477 3536 530 enim

1960 570 2240 641 Scriptura
2280 570 2474 624 animae
2504 583 2698 624 sensus
2744 576 2803 622 ut
2853 567 3226 623 custodiamus
3260 573 3538 621 contesta-

1962 674 2066 727 tur,
2102 675 2227 715 nam
2269 661 2316 715 si
2344 659 2668 730 subjiciatur
2698 657 2949 713 voluntas
2980 656 3232 711 monachi
3265 655 3367 727 legi
3404 655 3496 709 Dei
3520 695 3535 717 .

1959 762 2014 808 et
2046 751 2344 808 secundum
2401 751 2575 822 legem
2627 749 2746 818 ejus
2789 748 3078 818 gubernet
3107 745 3349 815 subjecta
3394 746 3534 812 sibi,

1958 855 2168 908 omnes,
2195 840 2438 909 inquam,
2482 836 2743 893 animales
2776 837 3068 902 motiones,
3114 836 3408 904 praesertim
3443 850 3536 887 an.

1961 943 2066 986 tem
2095 933 2230 986 iram
2270 939 2326 986 et
2356 929 2870 1000 concupiscentiam,
2906 929 3022 982 haec
3070 928 3271 997 quippe
3309 926 3535 980 subsunt

1960 1023 2196 1089 rationi,
2219 1023 2477 1078 virtutem
2514 1028 2772 1090 operatur
2813 1030 2871 1074 et
2902 1018 3175 1089 justitiam
3202 1017 3368 1091 facit,
3407 1031 3540 1070 con-

1958 1112 2347 1183 cupiscentiam
2393 1110 2611 1180 quidem
2647 1109 2714 1165 ad
2765 1108 2936 1165 Deum
2973 1119 3028 1164 et
3074 1107 3191 1176 ejus
3234 1105 3536 1161 voluntates

1958 1188 2342 1260 desiderandas
2378 1210 2614 1266 vertens,
2646 1201 2781 1254 iram
2819 1207 3002 1254 autem
3031 1206 3221 1254 contra
3263 1196 3534 1251 diabolum

1959 1304 2015 1349 et
2044 1302 2325 1363 peceatum
2353 1291 2608 1347 incitans.
2635 1289 2774 1357 Quid
2804 1299 2984 1346 autem
3022 1289 3277 1358 deinceps
3312 1287 3538 1357 requiri-

1963 1383 2094 1439 tur?
2135 1381 2350 1437 occulta
2391 1380 2692 1436 meditatio.

2028 1470 2144 1527 XII.
2186 1471 2414 1540 Quando
2456 1485 2522 1527 ex
2573 1471 2807 1526 adverso
2861 1479 3013 1527 stans
3077 1478 3267 1526 contra
3320 1468 3535 1539 turbam

1956 1562 2215 1630 hostium,
2241 1562 2445 1618 videris
2473 1575 2594 1617 eam
2636 1575 2665 1614 a
2696 1570 2749 1617 te
2774 1552 3110 1617 debilitatam
3142 1570 3292 1615 retro
3329 1558 3535 1629 fugere,

260 1657 348 1729 μὴ
381 1660 524 1729 χαρῇ
560 1674 653 1710 σου
683 1658 718 1729 ἡ
742 1657 959 1726 καρδίαο
995 1658 1079 1711 ὃτι
1113 1660 1147 1730 ἡ
1186 1658 1355 1712 κακία
1380 1658 1491 1712 τῶν
1529 1660 1845 1729 πνευμάτων

1957 1668 2026 1708 ne
2058 1668 2155 1709 cor
2195 1662 2344 1707 tuum
2379 1653 2476 1709 des
2521 1652 2752 1717 latitia,
2800 1652 3055 1721 quoniam
3111 1650 3320 1706 malitia
3374 1650 3536 1718 spiri-

256 1723 469 1802 αὐτων-
489 1723 664 1807 ύτπίσω
691 1723 871 1803 αὑτων
896 1751 1063 1803 ἐστιν·
1093 1723 1440 1820 ἑτοιμάζουσι
1479 1752 1589 1823 γάρ
1618 1723 1845 1823 πύλεμον

1957 1754 2106 1799 tuum
2130 1744 2358 1799 istorum
2392 1753 2515 1813 post
2546 1746 2694 1814 ipsos
2730 1754 2833 1799 est.
2864 1742 3067 1798 Parant
3102 1742 3311 1798 scilicet
3333 1739 3536 1796 bellum

258 1841 490 1910 χείρονα
515 1835 610 1893 τοῦ
639 1839 879 1910 πρώτου·
911 1840 1005 1894 καὶ
1031 1842 1192 1895 ἐῶσιν
1225 1843 1387 1895 αὑτὸν
1415 1843 1590 1897 ὀπίσω
1614 1846 1715 1914 τῆς
1755 1845 1852 1896 πό-

258 1930 430 1994 λεως,
478 1931 572 1984 καὶ
601 1930 935 1984 ἐντέλλονται
968 1932 1041 2004 μὴ
1085 1933 1390 2005 κινηθῆναι·
1428 1936 1521 1988 καὶ
1564 1934 1661 1988 εὰν
1703 1934 1852 1987 ἀντι-

260 2022 405 2091 στῇς
441 2020 764 2074 ἀντιϐαίνων
808 2023 991 2085 αὐτοῖς
1012 2062 1026 2086 ,
1083 2023 1373 2092 φεύγουσιν
1411 2023 1523 2078 άπδ
1554 2024 1847 2096 προσώπου

261 2128 388 2164 σου·
418 2112 513 2164 καὶ
536 2110 632 2165 ἐὰν
655 2111 842 2183 ὑψωθῇ
874 2114 906 2183 ὴ
935 2113 1130 2183 καρδία
1164 2131 1258 2168 σου
1279 2116 1361 2168 ὃτι
1386 2114 1607 2185 ὲδίωξας
1629 2117 1846 2182 αὐτοὺς,

259 2199 365 2253 καὶ
397 2199 716 2272 καταλήψῃς
747 2201 847 2272 τὴν
877 2200 1054 2266 πόλιν,
1099 2204 1149 2255 οἰ
1195 2202 1294 2274 μὲν
1321 2203 1625 2275 ἐγείρονται
1653 2208 1719 2260 ὲκ
1739 2208 1848 2263 τῶν

260 2288 461 2357 ὀπίσω,
499 2292 549 2343 οί
585 2291 642 2345 δὲ
678 2291 925 2345 ἵστανται
958 2291 1287 2364 ἔμπροσθεν,
1321 2296 1416 2348 καί¹
1455 2294 1720 2350 τύπτουσι
1747 2298 1848 2370 τὴν

262 2379 612 2451 ταλαίπωρον
657 2381 833 2454 ψυχὴν
874 2384 935 2438 ὲν
985 2382 1134 2455 μέσῳ
1172 2384 1353 2438 αὐτῶν
1394 2385 1469 2458 μὴ
1501 2385 1730 2457 ἔχουσαν
1765 2388 1846 2444 ἔτι

261 2474 615 2545 καταφυγήν.

337 2735 439 2790 II".
457 2736 516 2788 'o
538 2707 989 2807 6t6d¢it¢h0gf<29)
1007 2736 1164 2808 ἡμῶν
1179 2737 1391 2809 Ἰησοῦς
1408 2741 1663 2810 Χριστὸς,
1686 2741 1845 2816 εἰδὼς

263 2825 362 2898 τὴν
395 2827 636 2897 μεγάλην
676 2826 786 2880 τῶν
828 2827 1038 2899 ἐχθρῶν
1071 2828 1232 2900 ἡμῶν
1253 2830 1711 2904 ἀνελεημοσύνην,
1748 2833 1843 2886 καὶ

262 2918 548 2990 οἰκτείρων
593 2917 654 2971 τὸ
697 2917 855 2986 γένος
894 2917 1003 2972 τῶν
1040 2917 1380 2992 ἀνθρώπων,
1435 2922 1740 2977 ἐνετείλατο
1780 2924 1841 2976 ἐν

262 3116 333 3172 σῃ
363 3100 516 3172 ὥρῳ
546 3100 629 3153 δτι
673 3100 774 3153 οὐκ
815 3099 991 3154 οἴδατε
1022 3101 1080 3154 ἐν
1113 3101 1242 3173 ποίᾳ
1267 3100 1387 3175 ὥρα
1407 3102 1654 3176 ὀλῃστὴς
1682 3104 1840 3177 ἔρχε-

271 3209 387 3247 ται·
424 3195 498 3265 μὴ
546 3209 676 3247 ποτε
722 3191 850 3266 ἔλθῃ
889 3193 984 3247 καὶ
1024 3193 1159 3267 εὕρῃ
1202 3196 1351 3266 ἡμᾶς
1373 3196 1779 3268 κοιμωμένους·
1818 3216 1837 3249 ι

265 3283 357 3338 καὶ
392 3283 553 3337 πάλιν
580 3284 747 3352 λέγει’
787 3301 806 3336 ι
844 3282 1079 3338 Βλέπετε
1129 3284 1204 3356 μὴ
1236 3285 1577 3358 βαρυνθῶσιν
1604 3289 1663 3342 αἰ
1705 3305 1842 3359 καρ-

264 3374 369 3431 δίαι
416 3373 572 3445 ὑμῶν
613 3375 673 3427 ὲν
705 3374 1037 3446 κραιπάλαις
1069 3376 1163 3429 καὶ
1205 3376 1396 3445 μέθαις
1424 3380 1520 3432 καὶ
1550 3379 1842 3453 μερίμναις

263 3466 544 3536 βιωτικαῖς
564 3504 579 3529 ,
619 3464 714 3519 καὶ
768 3464 1120 3520 ἐπελεύσεται
1168 3467 1297 3538 ὑμῖν
1347 3468 1501 3538 ἄφνω
1550 3471 1584 3542 ἡ
1630 3470 1766 3543 ὥρα.
1814 3490 1836 3524 t

265 3555 423 3627 Στῆθι
453 3550 547 3610 οὖν
578 3556 672 3608 ἐπὶ
696 3554 801 3626 τῆς
830 3557 1060 3628 καρδίας
1095 3572 1188 3611 σου
1227 3558 1511 3630 προσέχων
1537 3561 1608 3614 τά
1645 3561 1840 3633 αἰσθη-

271 3646 420 3717 dumb
448 3660 564 3699 cou-
592 3646 686 3698 καὶ
715 3643 811 3698 ἐὰν
839 3645 1132 3719 εἰρηνεύσῃ
1173 3647 1310 3717 μετὰ
1342 3647 1436 3701 σοῦ
1464 3650 1497 3720 ή
1535 3651 1724 3723 μνήμη
1743 3651 1837 3705 τοῦ

264 3733 416 3801 θεοῦ,
444 3734 886 3817 καταλαμϐάνεις
904 3737 1030 3800 τοὺς
1053 3736 1256 3808 λῃστὰς
1276 3740 1405 3805 τοὺς
1431 3741 1837 3808 ἀποσυλοῦντας

262 3828 448 3898 αύτήψ
481 3830 512 3882 ὁ
541 3828 650 3898 γὰρ
673 3827 1108 3900 άκριϐαζόμενος
1140 3830 1199 3884 ἐν
1230 3834 1343 3896 τοῖς
1378 3832 1678 3905 λογισμοῖς,
1725 3837 1840 3890 ἑπι-

268 3914 513 3987 τινώσκει
557 3917 683 3981 τοὺς
717 3916 971 3981 θέλοντας
1001 3919 1259 3976 εἰσελθεῖν
1297 3924 1392 3976 καὶ
1421 3926 1610 3994 μιᾶναι
1652 3926 1834 3981 αὐτόν*

264 4007 580 4082 ταράττουσι
624 4009 734 4081 γὰρ
784 4010 877 4063 τὸν
924 4009 1054 4064 νοῦν
1097 4012 1244 4076 ὅπως
1286 4014 1519 4086 γένηται
1562 4018 1838 4091 μετέωρος

262 4101 355 4159 καὶ
388 4102 575 4174 ἀργόςο
621 4104 671 4155 οἰ
708 4101 767 4155 δὲ
793 4104 1109 4174 ἐπιγνόντες
1142 4104 1242 4176 τὴν
1276 4107 1613 4179 πανουργίαν
1655 4111 1835 4165 αὐτῶν

268 4191 518 4263 ἀτάραχοι
553 4191 797 4263 μένουσι,
820 4191 1065 4263 δεόμενοι
1094 4191 1185 4246 τοῦ
1217 4195 1446 4266 Κυρίου.

329 4278 559 4336 1Δ’.Ἐάν
577 4283 612 4354 ἡ
629 4281 827 4354 καρδία
846 4298 939 4336 σου
958 4282 1229 4355 ῥὲμὸηται
1245 4323 1260 4348 ,
1294 4285 1388 4338 καὶ
1411 4285 1512 4339 οὐκ
1537 4281 1684 4350 οἶδας
1707 4287 1833 4354 ἄξαι

1952 1835 2133 1903 priore
2160 1835 2362 1901 acrius,
2399 1834 2718 1890 collocando
2760 1844 2967 1889 turmas
3016 1833 3070 1888 in
3122 1832 3337 1888 insidiis
3377 1840 3537 1887 extra

1951 1925 2247 1991 civitatem,
2282 1932 2339 1980 et
2363 1924 2606 1993 iubendo
2633 1925 2707 1981 ibi
2750 1939 2846 1980 eas
2874 1912 3121 1995 perstare
3149 1924 3421 1987 immotas,
3456 1930 3534 1986 ut,

1951 2015 2168 2071 interim
2210 2016 2545 2072 intentantes
2567 2014 2847 2081 insultum,
2877 2024 2934 2070 et
2974 2015 3049 2070 tui
3084 2029 3274 2069 rursus
3302 2027 3535 2069 occursu

1948 2107 2259 2176 fugientes,
2309 2120 2364 2163 te
2397 2108 2604 2165 fervide
2633 2108 2794 2178 primi
2838 2120 3124 2163 successus
3176 2105 3373 2160 lidueia
3415 2118 3537 2173 per-

1947 2207 2264 2267 sequentem
2320 2208 2473 2254 extra
2511 2197 2788 2254 civitatem
2833 2196 3055 2253 eliciant
3106 2196 3255 2250 ultra
3301 2194 3530 2250 insidias

1948 2280 2209 2340 latentes:
2242 2300 2352 2355 quo
2378 2303 2500 2343 cum
2534 2287 2847 2358 imprudens
2871 2285 3206 2355 perveneris,
3238 2292 3533 2352 exsurgent

1946 2371 2002 2427 in
2034 2380 2088 2428 te
2125 2387 2155 2428 a
2193 2383 2346 2446 tergo
2365 2357 2645 2432 .cobortes
2678 2376 3019 2441 insidiantes,
3050 2383 3107 2430 et
3143 2375 3210 2430 iis
3237 2375 3328 2445 qui
3368 2374 3533 2428 modo

1945 2463 2244 2535 fugiebant,
2299 2478 2524 2538 repente
2580 2466 2815 2522 frontem
2883 2465 3240 2527 vertentibus,
3296 2465 3535 2517 circum-

1946 2565 2106 2610 venta
2145 2557 2199 2611 in
2238 2558 2435 2622 medio,
2461 2567 2517 2614 et
2548 2558 2791 2628 undique
2839 2555 3091 2628 pulsata,
3128 2556 3310 2612 infelix
3354 2557 3533 2610 anima

1943 2661 2052 2717 quo
2072 2648 2350 2720 confugiat
2378 2663 2485 2703 non
2518 2650 2701 2705 habet.

2012 2738 2153 2794 χιιι.
2190 2740 2446 2811 Magister
2482 2749 2667 2798 noster
2698 2737 2857 2795 Jesus
2897 2739 3150 2797 Christus
3201 2740 3379 2796 sciens
3406 2753 3523 2793 mi-

1942 2846 2100 2901 gnam
2134 2833 2369 2887 hostium
2407 2840 2714 2888 nostrorum
2758 2831 3287 2897 immisericordiatn,
3321 2838 3378 2886 et
3427 2831 3531 2883 nti—

1905 2978 1913 2985 _
1944 2934 2139 2976 serans
2185 2935 2358 2991 genus
2408 2921 2729 2990 humanum,
2760 2923 3041 2979 mandavit
3088 2923 3140 2977 in
3166 2921 3533 2976 amaritudine

263 3009 621 3079 στρυφνότητι
658 3008 883 3079 καρδίας
903 3008 1100 3077 λέγων’
1131 3027 1151 3060 ι
1186 3009 1404 3063 Γίνεσθε
1423 3010 1628 3082 ἕτοιμοι
1658 3014 1716 3068 ἐν
1738 3014 1842 3068 πά-
1866 3046 1911 3109 c

1944 3008 2124 3064 cordis
2158 3009 2346 3066 dicens
2391 3027 2407 3066 :
2461 3027 2481 3062 ι
2508 3009 2697 3067 Estote
2729 3013 2904 3083 parati
2960 3012 3012 3065 in
3055 3011 3202 3066 omni
3250 3010 3379 3064 hora
3404 3011 3530 3078 quia

1945 3098 2169 3155 nescitis
2199 3113 2305 3169 qua
2333 3100 2467 3154 hora
2490 3100 2580 3155 fur
2601 3103 2769 3157 venit.
2797 3100 2876 3157 Ne
2899 3101 3039 3157 forte
3073 3101 3272 3164 veniat,
3301 3110 3356 3154 et
3382 3100 3533 3153 inve-

1944 3190 2062 3244 niat
2097 3203 2194 3245 vos
2216 3190 2549 3247 dormientes
2577 3193 2624 3224 "
2647 3208 2663 3260 ς
2688 3212 2708 3245 ι
2744 3201 2798 3247 et
2833 3208 3024 3249 rursus
3049 3192 3127 3247 ait
3156 3208 3171 3246 :
3204 3210 3224 3244 ι
3251 3191 3437 3247 Videte
3464 3206 3534 3245 ne

1943 3290 2242 3353 graventur
2264 3284 2429 3339 corda
2483 3293 2661 3340 vestra
2696 3285 2952 3357 crapulis,
2983 3295 3039 3340 et
3069 3283 3451 3346 ebrietatibus,
3477 3295 3532 3337 et

1943 3373 2088 3429 curis
2115 3373 2491 3440 saecularibus,
2520 3384 2576 3430 et
2620 3376 2970 3447 superveniet
3000 3375 3157 3431 vobis
3185 3382 3407 3444 repente
3434 3374 3532 3429 lio-

1944 3479 2005 3519 ra
2042 3465 2109 3520 ".
2133 3483 2153 3517 ι
2220 3463 2316 3520 Sta
2347 3465 2513 3535 igitur
2565 3481 2734 3537 super
2761 3482 2855 3523 cor
2886 3477 3061 3534 tuum,
3108 3466 3396 3522 attendens
3422 3464 3530 3518 tuis

1941 3556 2215 3622 sensibus,
2243 3564 2300 3611 et
2330 3556 2376 3612 si
2404 3571 2591 3625 pacem
2631 3568 2806 3613 tecum
2840 3558 3091 3614 habuerit
3123 3556 3382 3612 memoria
3408 3556 3524 3619 Dei,

1942 3646 2374 3715 comprehende:
2406 3644 2555 3701 fures
2587 3648 2962 3716 depraedantes
3019 3649 3212 3716 ipsam.
3251 3643 3353 3712 Qui
3380 3642 3525 3698 enim

1938 3747 2132 3792 exacte
2181 3737 2427 3807 invigilat
2477 3737 2917 3809 cogitationibus,
2978 3740 3298 3793 discernens
3327 3748 3528 3805 cogno-

1938 3828 2061 3894 scit,
2092 3843 2342 3897 quamam
2389 3844 2458 3885 ex
2517 3829 2584 3888 iis
2614 3830 2918 3899 ingressum
2965 3837 3170 3885 tentent
3198 3836 3257 3883 ut
3284 3827 3528 3898 polluant

1940 3920 2111 3988 ipsum
2148 3938 2162 3975 :
2189 3920 2415 3994 turbant
2436 3921 2583 3977 enim
2614 3931 2874 3990 mentem,
2902 3931 2963 3977 ut
2987 3921 3077 3976 illa
3106 3920 3193 3976 vel
3222 3919 3327 3974 alio
3351 3919 3528 3972 inten-

1939 4020 2016 4075 ta,
2051 4010 2136 4065 vel
2166 4012 2380 4067 desidia
2404 4013 2728 4079 constricta,
2762 4013 3011 4068 fraudem
3040 4026 3146 4066 non
3170 4010 3392 4066 sentiat.
3454 4010 3527 4063 At

1939 4102 2034 4172 qui
2058 4103 2319 4157 astutiam
2357 4103 2597 4173 ipsorum
2627 4115 2849 4171 norunt,
2874 4102 3255 4176 imperturbati
3281 4110 3526 4164 manent,

1935 4193 2277 4263 postulantes
2300 4209 2331 4249 a
2362 4193 2615 4252 Domino.

2005 4284 2146 4341 XIV.
2173 4285 2231 4341 Si
2285 4286 2465 4342 anima
2526 4297 2614 4342 tua
2645 4295 2893 4358 vagetur,
2945 4292 3003 4342 et
3051 4291 3106 4340 tu
3137 4284 3353 4341 nescias
3402 4298 3525 4340 eam

240 4370 441 4442 ⁸αὐτὴν,
472 4373 505 4443 ή
537 4372 735 4444 πρᾶξίς
768 4371 863 4426 σού
898 4375 1047 4427 ἐστιν
1071 4374 1105 4444 ἢ
1132 4373 1379 4440 θέλοντος
1410 4377 1503 4429 καὶ
1536 4376 1611 4449 μὴ
1648 4377 1831 4433 θέλον-

1955 4377 2233 4447 stringere,
2267 4379 2515 4448 operatio
2542 4388 2631 4434 tua
2663 4378 2898 4434 volentis
2928 4378 3195 4433 incertum
3235 4392 3304 4430 an
3336 4375 3523 4431 nolen-

269 4479 364 4528 τος,
398 4462 543 4519 ἓλκει
575 4463 747 4535 αὐτὴν
788 4466 868 4528 είς
913 4465 974 4517 τὸ
1021 4464 1348 4536 ῥέμϐεσθαι·
1390 4469 1439 4520 εἰ
1484 4467 1559 4539 μὴ
1592 4470 1701 4541 γὰρ
1733 4470 1833 4523 Γε-

266 4553 385 4608 δεὼν
414 4555 523 4626 (50)
558 4553 753 4608 ἐκλασε
780 4554 882 4617 τὰς
906 4554 1115 4627 ὑδρίας,
1138 4555 1238 4609 οὐκ
1269 4554 1335 4609 ἂν
1362 4550 1471 4609 εἶδε
1500 4556 1562 4610 τὸ
1587 4557 1701 4627 φῶς
1723 4557 1832 4612 τῶν

1936 4468 2025 4533 tis,
2066 4468 2239 4522 trahit
2281 4483 2400 4523 eam
2442 4470 2510 4525 ad
2569 4471 2895 4541 vagandum.
2957 4467 3070 4524 Nisi
3110 4469 3254 4523 enim
3302 4467 3518 4523 Gedcou

1941 4557 2300 4629 confregisset
2326 4559 2550 4631 bydrias
2574 4560 2641 4626 ”,
2697 4576 2802 4615 non
2836 4560 3060 4615 vidisset
3113 4559 3285 4614 lucem
3315 4559 3521 4628 lampa-

265 4644 569 4715 λαμπάδωνσ
619 4643 793 4709 οὕτως
839 4645 935 4700 ἐὰν
993 4644 1071 4716 μὴ
1122 4646 1410 4719 ἄνθρωπος
1443 4650 1830 4722 καταφρονήσῃ

1955 4649 2082 4703 lum.
2118 4648 2209 4706 Sic
2237 4650 2337 4705 nisi
2369 4650 2532 4706 homo
2580 4660 2893 4707 contemnat
2927 4665 3146 4721 corpus,
3177 4664 3281 4705 non
3314 4648 3520 4703 videbit

267 4734 348 4789 τοῦ
370 4734 637 4806 σώματος,
665 4737 765 4793 οὐκ
790 4735 856 4790 ἂν
885 4734 969 4807 ἴδῃ
991 4735 1053 4789 τὸ
1073 4735 1191 4807 φῶς
1217 4738 1316 4807 τῆς
1342 4738 1614 4809 θεότητος.

323 4829 635 4901 ῙΕ’.Ὦσπερ
664 4828 820 4892 πόλις
851 4829 964 4901 (5i)
986 4830 1371 4902 τετειχισμένη
1403 4830 1601 4902 ἔχουσα
1632 4830 1829 4903 μικρὸν

269 4919 343 4973 ιοῦ
360 4919 566 4990 τείχους
587 4921 1088 4991 κατεστραμμένον,
1110 4920 1204 4974 ἐὰν
1217 4918 1440 4975 θέλωσιν
1452 4923 1501 4975 οἰ
1523 4922 1705 4996 ἐχθροὶ
1718 4925 1831 4978 εἰσ-

264 5014 436 5077 ελθεῖν,
479 5013 807 5086 προσέχουσι
851 5013 911 5067 τὸ
960 5012 1440 5085 κατεστραμμένον
1484 5016 1571 5068 ἵνα
1619 5015 1685 5068 δι’
1730 5018 1827 5070 αὺ-

1932 4740 2115 4797 lumen
2142 4741 2467 4797 divinitatis.

2005 4832 2122 4888 XV.
2162 4834 2228 4889 L't
2257 4833 2496 4889 civitatis
2554 4830 2933 4900 circumseptis
2975 4829 3243 4886 mmnibus
3274 4817 3517 4884 si'muri

1931 4939 2056 4994 pars
2092 4925 2275 4996 aliqua
2303 4926 2477 4982 labem
2516 4924 2727 4987 fecerit,
2764 4926 2950 4978 hostes
3001 4936 3121 4975 eam
3145 4929 3518 4992 oppugnantes

1923 5020 2212 5072 attendunt
2246 5018 2313 5073 ad
2366 5018 2540 5075 labem
2599 5016 2745 5072 illam
2795 5024 2854 5069 ut
2906 5030 3004 5086 per
3043 5029 3164 5068 eam
3218 5014 3516 5067 introeant-
3614 5080 3617 5083 _

268 5106 340 5159 τοῦ
377 5104 658 5159 εἰσέλθωσι
695 5105 819 5178 (κᾶν
848 5104 958 5177 γὰρ
995 5107 1044 5159 οἰ
1080 5106 1320 5176 φύλακες
1347 5105 1500 5177 παρὰ
1527 5107 1628 5171 τὰς
1653 5106 1828 5172 πύλας

1955 5112 2185 5175 Quamvis
2227 5110 2374 5164 enim
2409 5110 2662 5166 custodes
2695 5108 2760 5162 ad
2788 5116 2973 5177 portas
3005 5114 3203 5176 prazsto
3251 5104 3380 5167 sint,
3412 5118 3507 5157 nec

265 5197 401 5257 εἰσὶν,
432 5193 499 5249 ού
521 5196 778 5250 δύνανται
807 5197 1123 5268 ἀντιστῆναι
1166 5199 1280 5261 τοῖς
1323 5196 1561 5269 ἐχθροῖς,
1601 5196 1697 5251 ἐὰν
1749 5197 1824 5270 μὴ

1962 5210 2126 5255 ueunt
2155 5202 2414 5257 resistere
2449 5200 2698 5256 hostibus
2734 5200 2838 5254 nisi
2879 5206 3166 5267 reparatur
3197 5197 3342 5265 quod
3365 5195 3518 5250 diru-

259 5287 565 5360 οὶκοδομηθῇ
597 5287 660 5341 τὸ
687 5286 1217 5359 κατεστραμμένων
1256 5285 1429 5352 οὕτως
1451 5288 1712 5343 ἀδύνατον
1743 5289 1824 5359 τῷ

1955 5307 2035 5345 um
2067 5302 2171 5347 est.
2210 5291 2303 5348 Sic
2335 5292 2638 5348 monachus
2676 5292 2762 5347 cui
2794 5289 2986 5345 vitium
3018 5283 3246 5359 aliquod
3275 5288 3515 5343 domina-

322 5445 365 5477 "
390 5443 523 5501 Luc.
567 5458 664 5509 xu,
694 5445 783 5501 39.
860 5445 908 5477 "
933 5444 1067 5501 Luc.
1108 5460 1220 5508 ut,
1258 5445 1349 5500 54.
1425 5445 1472 5477 ⁸⁸
1500 5444 1625 5502 Jud.
1669 5462 1765 5512 vn,
1800 5446 1890 5503 20.

323 5596 424 5667 liii)
458 5599 521 5654 Ὀ
548 5597 788 5670 διδάσκ.
819 5598 900 5653 Ex
933 5597 1106 5670 orat.
1127 5614 1257 5670 xvii,
1287 5614 1404 5670 cap.
1431 5599 1487 5657 9.

329 5670 430 5742 (30)
464 5672 531 5726 El
547 5669 635 5742 μὴ
660 5669 790 5740 γὰρ,
817 5687 871 5725 κ.
898 5686 949 5724 τ.
991 5668 1040 5723 λ.
1069 5669 1146 5726 Ex
1172 5669 1324 5726 Orat.
1356 5668 1468 5738 ενι,
1515 5686 1635 5743 cap.
1660 5671 1714 5729 5.

1998 5602 2390 5673 (3l)7"ao':rsp
2432 5602 2639 5672 πόλις,
2702 5617 2757 5655 κ.
2810 5616 2861 5656 τ.
2897 5597 2965 5671 ξλ.
3027 5597 3109 5658 Et
3163 5599 3313 5657 Orat.
3366 5615 3473 5655 xxv

1927 5672 2047 5744 cap.
2084 5672 2169 5729 12.
