3888 6284
1525 323 1804 381 PATRES
1843 327 2148 384 ᾸΞΟΥΡΤΠ
2191 333 2464 389 SECULI
2505 335 2593 389 IV.

421 411 527 466 tur,
559 406 957 472 quantumlibet
986 422 1233 480 conetur,
1255 431 1530 486 nunquam
1559 423 1625 476 ad
1653 424 2002 492 perfectionis

2105 428 2317 500 ἀσκητῇ
2348 430 2570 501 μοναχῷ
2606 431 2922 502 ἀντιστῆναι
2969 434 3081 496 τοῖς
3122 434 3337 504 ἐχθροῖς
3368 431 3562 491 αὐτοῦ.
3610 450 3702 485 κυ-

420 498 618 544 metam
649 498 956 566 pertingere
984 504 1201 571 poterit.

494 667 632 726 XVI.
666 671 1020 733 Perscrutare
1050 687 1104 736 te
1141 683 1338 751 ipsum,
1380 687 1564 751 frater.
1605 692 1849 760 quotidie
1912 709 2006 763 pe-

417 758 569 814 nitus
605 761 821 818 intuens
853 774 910 819 et
932 768 1223 834 pervidens
1251 787 1345 828 cor
1371 784 1546 842 tuum,
1572 758 1765 849 ecquid
1798 783 1850 836 in
1887 758 2004 852 ipso

417 850 674 905 vitiorum
729 854 801 908 sit
863 857 913 910 in
943 871 1235 930 conspectu
1292 864 1524 938 Dei;et‘
1547 869 1676 926 illud
1738 850 2002 945 quidquid

415 949 502 992 est
531 954 597 992 ex
633 940 752 1008 ipso
785 941 946 1012 ejice,
975 963 1041 1002 ne
1077 951 1202 1005 mali
1239 955 1455 1010 occasio
1489 957 1613 1014 inde
1640 940 1822 1016 veniat
1841 977 2005 1033 super

419 1040 491 1083 te.
521 1031 754 1088 Attende
786 1036 952 1106 igitur
974 1041 1128 1095 cordi
1163 1053 1278 1109 tuo,
1317 1056 1372 1101 et
1404 1047 1533 1118 vigil
1563 1050 1792 1106 observa
1820 1031 2003 1111 hostes

416 1125 558 1172 tuos.
595 1119 812 1176 Etenim
839 1127 1002 1180 astuti
1024 1139 1078 1182 et
1117 1131 1252 1186 vafri
1281 1137 1482 1191 suntin
1514 1140 1716 1195 malitia
1740 1143 2001 1212 ipsorum.

413 1208 492 1260 Ac
514 1207 672 1276 plane
707 1216 975 1279 persuade
1005 1221 1152 1275 cordi
1185 1231 1297 1290 tuo,
1331 1226 1434 1282 hoc
1453 1231 1597 1297 quod
1633 1207 1954 1290 mox'dicam
1983 1255 1997 1291 :

413 1292 530 1348 fleri
556 1313 660 1350 non
694 1315 852 1367 posse
877 1314 935 1358 ut
982 1309 1073 1375 qui
1117 1311 1254 1366 male
1279 1315 1394 1383 agit
1427 1292 1556 1388 δέοι
1582 1320 1739 1379 bene.
1775 1323 2003 1395 Propter

414 1382 514 1438 hoc
562 1385 743 1442 docuit
804 1408 902 1447 nos
947 1394 1201 1454 Salvator
1249 1415 1435 1460 noster
1460 1410 1704 1480 vigilare,
1763 1416 1997 1474 dicens:

416 1495 433 1524 ι
469 1478 708 1546 Angusta
753 1497 908 1551 porta
953 1498 1004 1542 et
1041 1501 1188 1546 arcta
1227 1495 1309 1549 via
1349 1507 1432 1552 est
1463 1478 1585 1569 qua:
1624 1505 1770 1561 ducit
1821 1510 1888 1563 ad
1920 1511 1989 1563 vi-

416 1579 521 1623 tam
546 1589 559 1637 ;
588 1583 642 1628 et
663 1575 820 1641 pauci
850 1587 976 1632 sunt
1005 1582 1094 1649 qui
1127 1584 1409 1642 inveniunt
1431 1604 1551 1646 eam
1579 1594 1648 1646 ".
1671 1614 1689 1646 ι

477 1745 643 1804 XVII.
698 1749 930 1809 Attende
959 1755 1124 1826 igitur
1166 1760 1282 1826 tibi,
1318 1777 1386 1819 ne
1409 1780 1515 1835 qua
1561 1771 1794 1838 perditio
1827 1773 1996 1830 abdu-

407 1852 496 1905 cat
530 1849 580 1894 te
634 1857 664 1894 a
699 1843 968 1902 charitate
1000 1848 1093 1904 Dei
1121 1868 1136 1916 ;
1195 1863 1250 1908 et
1275 1855 1494 1913 contine
1521 1876 1616 1916 cor
1647 1871 1818 1929 tuum,
1851 1877 1905 1922 ct
1929 1884 1994 1924 ne

411 1931 715 1988 attzedieris
737 1936 923 1992 dicens
959 1957 972 1994 :
1002 1940 1282 2007 Quomodo
1313 1964 1534 2018 possum
1569 1969 1663 2008 cor
1696 1963 1991 2029 custodire,

407 2034 529 2073 cum
561 2035 815 2090 peccator
852 2029 998 2082 sim?
1053 2031 1280 2097 Quando
1333 2041 1477 2094 enim
1525 2042 1801 2113 reliquerit
1834 2049 1994 2106 homo

407 2122 628 2179 peccata
657 2129 775 2181 sua,
804 2126 860 2172 et
907 2133 965 2173 se
993 2130 1323 2182 converterit
1349 2129 1416 2184 ad
1457 2132 1644 2200 Deum,
1677 2140 1993 2206 pmnitentia

402 2202 521 2270 ejus
558 2218 840 2278 regenerat
871 2211 1070 2284 ipsum,
1125 2227 1180 2272 et
1212 2228 1381 2277 totum
1425 2225 1478 2280 in
1541 2243 1735 2285 novam
1777 2243 1990 2290 creatu-

403 2307 519 2347 ram
549 2296 817 2354 immutat.

471 2383 658 2440 XVIII.
701 2389 871 2446 Debet
925 2399 1222 2456 monachus
1277 2415 1523 2471 perstare
1586 2421 1903 2467 constanter
1935 2415 1987 2470 in

399 2479 696 2532 certamine
729 2481 997 2550 religiosa:
1049 2493 1473 2563 exercitationis,
1501 2508 1556 2553 et
1581 2503 1862 2558 attendere
1888 2509 1988 2562 ob-

398 2568 682 2622 servandis
710 2569 997 2631 insultibus
1017 2580 1334 2648 adversarii,
1361 2597 1438 2652 et,
1476 2601 1534 2643 ut
1563 2593 1868 2662 nauclerus,
1891 2596 1988 2653 Ilu-

396 2666 523 2711 ctus
583 2664 935 2730 pertransire,
1011 2668 1380 2737 gubernaculo
1433 2679 1740 2748 obsequens
1791 2686 1988 2743 divina:

396 2750 606 2815 gratiae,
641 2759 1260 2825 nusquamdeclinando
1286 2781 1317 2819 a
1348 2768 1434 2824 via
1459 2781 1625 2828 recta.
1658 2773 1769 2832 Sibi
1805 2790 1986 2836 autem

398 2839 498 2894 soli
538 2845 843 2911 attendere,
878 2857 933 2902 et
967 2851 1019 2905 in
1077 2868 1210 2922 pace
1242 2858 1408 2913 animi
1435 2861 1603 2918 Deum
1630 2866 1850 2937 alloqui,
1897 2888 1988 2927 co-

397 2932 654 2999 gitatione
708 2938 1014 3010 indeflexa,
1083 2956 1138 3000 et
1191 2958 1373 3006 mente
1425 2967 1606 3009 rerum
1666 2968 1984 3020 ceterarum

397 3026 636 3080 omnium
665 3043 875 3086 secura.

469 3114 610 3170 XIX.
631 3115 831 3176 Hortor
857 3132 928 3189 te,
957 3140 1046 3192 ne,
1077 3130 1313 3198 quandiu
1333 3147 1394 3187 es
1417 3134 1471 3188 in
1499 3150 1744 3208 corpore,
1771 3143 1982 3202 relaxes

395 3219 490 3258 cor
525 3217 673 3262 tuum
703 3225 733 3264 a
760 3212 1124 3273 sollicitudine
1175 3219 1367 3278 salutis
1400 3234 1542 3294 tute;
1577 3239 1636 3284 ut
1659 3233 1806 3286 enim
1838 3238 1984 3306 agri-

395 3296 514 3351 cola
566 3313 673 3354 non
705 3312 885 3370 potest
912 3316 1116 3362 certam
1147 3311 1346 3369 habere
1386 3315 1638 3373 fiduciam
1667 3333 1982 3391 proventuri

395 3387 463 3440 ad
496 3386 708 3444 felicem
735 3393 938 3448 exitum
967 3395 1197 3464 fructus,
1233 3417 1394 3471 quem
1418 3405 1528 3475 jam
1557 3420 1743 3467 natum
1777 3416 1828 3469 iu
1853 3433 1984 3487 agro

395 3488 496 3528 suo
523 3475 711 3543 videt;
759 3495 866 3534 non
899 3484 1044 3539 enim
1079 3489 1180 3542 scit
1239 3492 1366 3560 quid
1399 3495 1446 3549 ei
1486 3509 1804 3560 eventurum
1857 3475 1982 3568 ante

397 3749 480 3804 sic
517 3752 679 3807 homo
716 3771 822 3810 non
854 3759 1014 3814 debet
1045 3779 1174 3817 cura
1225 3767 1439 3825 solvere
1487 3788 1581 3828 cor
1603 3791 1781 3844 suum,
1803 3787 1980 3850 quoad

398 3855 420 3891 ι
445 3839 670 3908 spiritus
713 3846 765 3898 in
798 3849 1021 3904 naribus
1072 3853 1190 3922 ejus
1221 3869 1304 3911 est
1335 3859 1400 3914 ".
1435 3879 1454 3912 ι
1516 3864 1595 3919 Ac
1647 3839 1790 3924 sicut
1818 3839 1980 3930 homo

393 3931 569 3998 quivis
599 3943 728 3991 ante
781 3953 1094 4010 supremum
1127 3947 1423 4005 anhelitum
1461 3964 1650 4012 tenere
1706 3975 1764 4015 se
1802 3964 1974 4032 ipsum

391 4023 580 4092 nequit
619 4027 744 4096 quin
796 4031 848 4084 in
901 4032 1118 4102 aliquod
1161 4027 1454 4109 aliquando
1484 4044 1698 4102 labatur
1736 4023 1923 4109 vitium
1957 4074 1972 4113 :

392 4112 466 4166 ita
497 4113 610 4180 [fas
635 4134 740 4175 non
773 4131 857 4178 est
888 4127 1154 4183 monacho
1209 4141 1334 4187 ante
1381 4135 1628 4193 ultimum
1677 4143 1972 4203 anhelitum

389 4219 512 4260 esse
545 4223 768 4277 prorsus
820 4230 1015 4274 securo
1041 4227 1458 4291 perseverantiae
1508 4245 1572 4285 ac
1594 4233 1784 4290 salutis
1840 4252 1970 4298 suae.

2110 521 2412 591 ριευομένῳ
2455 521 2558 574 ὑπὸ
2599 522 2802 586 πάθους
2841 523 3020 589 τινος,
3066 523 3186 578 οὐδὲ
3227 525 3454 579 δύναται
3500 523 3702 592 φθάσαι

2103 610 2185 672 εἰς
2213 609 2386 681 μέτρα
2409 612 2527 665 τελε
2537 613 2770 684 ιότητος.

2174 699 2292 764 ις’.
2324 699 2708 772 Ἐξερεύνησον
2726 701 2968 766 σεαυτὸν,
2989 703 3209 772 ἀδελφὲ,
3221 704 3342 758 καθ’
3361 704 3580 775 ἡμέραν
3605 721 3704 758 κα-

2103 789 2310 842 τανοῶν
2330 790 2430 863 τὴν
2460 792 2689 862 καρδίαν
2719 809 2836 859 σου,
2861 793 2914 845 τί
2945 795 3093 847 ἐστιν
3123 796 3180 848 ὲν
3206 796 3341 866 αὐτῇ
3366 794 3476 848 τῶν
3491 794 3698 856 παθῶν,

2103 877 2334 931 ἐνώπιον
2364 877 2461 932 τοῦ
2487 879 2644 933 Θεοῦ⁶
2691 881 2787 934 καὶ
2828 881 3134 954 ἀπόρριψον
3177 883 3286 935 ἀπὸ
3327 884 3428 954 τῆς
3470 883 3700 953 καρδίας

2105 983 2223 1035 σου,
2257 968 2344 1024 ἵνα
2377 970 2450 1040 μὴ
2476 970 2748 1043 πρόφασις
2779 972 2994 1044 πονηρά
3033 973 3160 1044 ἔλθῃ
3200 974 3292 1026 ἐπὶ
3322 974 3383 1026 σέ
3403 990 3418 1004 ·
3459 973 3700 1044 πρόσχες

2103 1055 2196 1114 οὖν
2229 1063 2296 1131 τῇ
2330 1061 2528 1134 καρδίᾳ
2572 1062 2686 1133 (52)
2729 1080 2844 1128 σου,
2894 1065 2990 1118 καὶ
3037 1066 3297 1138 γρηγόρει
3327 1068 3444 1128 τοῖς
3481 1065 3697 1136 ἐχθροῖς

2107 1167 2221 1204 σοιν
2258 1152 2354 1206 καὶ
2385 1153 2495 1224 γὰρ
2531 1155 2830 1226 πανοῦργοι
2882 1158 3018 1210 είσιν
3061 1161 3118 1211 ὲν
3159 1161 3225 1228 τῇ
3273 1159 3444 1228 κακίᾳ
3488 1157 3695 1210 αὐτῶν·

2105 1243 2200 1296 κα)⁵
2233 1243 2484 1315 πείσθητι
2528 1246 2587 1298 ὲν
2618 1249 2684 1317 τῇ
2713 1247 2915 1318 καρδίᾳ
2947 1265 3040 1301 σου
3073 1249 3165 1302 ἐπὶ
3196 1248 3275 1319 τῷ
3301 1249 3448 1320 λόγῳ
3494 1250 3695 1318 τούτῳ,

2102 1335 2183 1386 ὅτι
2211 1335 2472 1388 ἀδύνατον
2504 1335 2777 1407 ἀνθρώπῳ
2813 1339 3054 1392 ποιοῦντι
3085 1339 3231 1393 κακὰ
3269 1341 3496 1410 ποιῆσαι
3517 1340 3694 1393 καλά.

2101 1426 2202 1479 Διά
2229 1425 2390 1479 τοῦτο
2421 1426 2660 1491 ἐδίδαξεν
2685 1430 2833 1500 ἡμᾶς
2865 1431 2894 1482 ὁ
2937 1430 3127 1501 Σωτὴρ
3161 1430 3316 1501 ἡμῶν
3371 1433 3692 1502 γρηγορεῖν,

2101 1515 2293 1583 λέγων·
2325 1533 2344 1568 ι
2378 1515 2547 1588 Στενὴ
2597 1518 2629 1587 ή
2671 1517 2836 1588 πύλη,
2884 1519 2978 1572 καὶ
3029 1519 3362 1590 τεθλιμμένη
3490 1521 3612 1585 ὁδὸς
3652 1524 3685 1592 ἡ

2101 1606 2394 1675 ἀπάγουσα
2443 1607 2524 1670 είς
2559 1606 2659 1677 τὴν
2692 1607 2861 1679 ζωήνο
2905 1611 3001 1663 καὶ
3035 1610 3204 1678 ὀλίγοι
3253 1611 3389 1664 εἰσὶν
3432 1612 3483 1664 οἱ
3542 1613 3691 1683 εὐρὶο

2105 1713 2323 1760 σκοντες
2347 1699 2538 1770 αὑτήν.
2565 1717 2584 1750 ι

2029 1763 2070 1816 Β
2171 1790 2268 1842 IZ'.
2284 1763 2528 1860 Πρόσχες
2543 1785 2636 1846 οὖν
2650 1792 2871 1846 σεαυτὸν
2889 1791 3020 1864 (55),
3027 1794 3223 1864 μήπως
3237 1812 3288 1848 τι
3304 1795 3398 1867 τῆς
3417 1795 3694 1859 ἀπωλείας

2095 1880 2384 1952 ἀποστήσῃ
2413 1898 2475 1934 σε
2496 1882 2594 1952 τῆς
2624 1883 2848 1954 ἀγάπης
2895 1884 2990 1937 τοῦ
3037 1883 3193 1938 Θεοῦο
3228 1886 3323 1939 καὶ
3357 1890 3560 1957 κάτεχε
3591 1889 3689 1959 τὴν

2097 1969 2324 2040 καρδίαν
2355 1988 2476 2024 σουο
2509 1974 2605 2027 καὶ
2632 1973 2707 2045 μὴ
2737 1975 3038 2048 ἀκηδιάσῃς
3069 1975 3264 2044 λέγων·
3293 1977 3421 2040 Πῶς
3459 1979 3571 2048 ἔχω
3593 1979 3688 2031 αὖ·

2094 2061 2192 2132 τὴν
2238 2063 2493 2132 φυλάξαι,
2527 2067 2849 2138 ἁμαρτωλὸς
2903 2067 3189 2140 ἄνθρωπος
3236 2069 3348 2137 t‘bv;
3387 2071 3558 2125 Ὅταν
3582 2071 3689 2144 γὰρ

2094 2153 2398 2226 καταλείψῃ
2432 2156 2720 2228 ἄνθρωπος
2759 2158 2860 2222 τὰς
2905 2159 3178 2231 ἁμαρτίας
3219 2160 3384 2214 αὑτοῦ
3415 2163 3513 2215 καὶ
3569 2163 3688 2214 ἑπι-

2096 2243 2319 2313 στρέψει
2372 2245 2466 2297 ἐπὶ
2495 2246 2586 2299 τὸν
2624 2247 2777 2312 Θεὸν,
2811 2250 2845 2319 ή
2899 2249 3161 2320 μετάνοια
3205 2251 3370 2305 αὑτοῦ
3412 2255 3688 2323 άναγεννᾷ

2092 2333 2276 2398 αὑτὸν,
2311 2336 2406 2389 καὶ
2427 2337 2547 2390 ὅλον
2583 2341 2887 2392 καινοποιεῖ
2911 2341 3095 2395 αὐτόν.

2163 2425 2292 2495 1Η⁰π
2311 2427 2544 2496 Ὀφείλει
2570 2429 2598 2482 ὁ
2617 2429 2848 2499 μοναχὸς
2876 2431 3128 2503 κατέχειν
3161 2433 3253 2486 τδν
3272 2434 3373 2504 τῆς
3395 2436 3686 2508 ἀσκήσεας

2091 2519 2296 2587 ἀγῶνα,
2329 2521 2424 2574 καὶ
2455 2523 2746 2593 προσέχειν
2762 2524 3070 2595 προσϐολὰς
3098 2527 3191 2580 τοῦ
3216 2529 3540 2596 ἀντιπάλου,
3564 2535 3682 2596 καί,

2089 2609 2166 2672 ὼς
2193 2610 2560 2684 κυϐερνήτης,
2593 2613 2661 2666 τὰ
2689 2613 2911 2685 κύματα
2925 2615 3278 2684 διαϐιϐάζειν,
3308 2622 3686 2694 οἰακιζόμενος

2090 2698 2196 2751 ὑπὸ
2236 2699 2336 2770 τῆς
2369 2702 2612 2772 χάριτος,
2651 2704 2727 2774 μὴ
2779 2707 3266 2778 παρατρεπόμενος
3321 2710 3422 2779 τῆς
3469 2710 3682 2776 εὐθείας

2089 2788 2234 2853 ὁδοῦ,
2265 2793 2360 2844 καὶ
2380 2793 2559 2863 ἐαυτῷ
2581 2795 2728 2865 μόνῳ
2752 2797 3065 2868 προσέχειν,
3099 2799 3194 2853 καὶ
3209 2802 3267 2853 ὲν
3290 2802 3492 2873 ἡσυχίᾳ
3515 2820 3682 2874 προσ-

2089 2884 2297 2955 ομιλεῖν
2333 2885 2412 2957 τῷ
2465 2887 2586 2958 Θεῷ
2650 2888 2878 2960 ἀρρόπῳ
2909 2889 3176 2962 λογισμῷ,
3219 2893 3312 2945 καὶ
3365 2895 3680 2966 ἁπεριέργῳ

2088 2975 2196 3032 νοῖ.

2164 3153 2264 3208 ΙΘ’.
2298 3156 2608 3228 Παρακαλῶ
2630 3176 2688 3212 σε
2724 3161 2836 3230 (54)
2857 3162 2915 3213 ὲν
2940 3162 3050 3232 ὅσῳ
3079 3157 3145 3232 ᾖς
3173 3163 3232 3216 ἐν
3259 3162 3338 3234 τῷ
3354 3162 3586 3235 σώματι,
3607 3166 3679 3236 μὴ

2091 3243 2371 3318 ἀπολύσῃς
2406 3264 2499 3300 σου
2534 3247 2632 3319 τὴν
2669 3250 2896 3322 καρδίαν
2921 3268 2934 3283 ο
2995 3251 3186 3324 ὥσπερ
3215 3253 3325 3324 γάρ
3355 3256 3386 3307 ὅ
3435 3257 3678 3327 γεωργὸς

2090 3337 2149 3388 οὐ
2176 3335 2398 3390 δύναται
2422 3339 2739 3394 πεποιθέναι
2774 3342 2866 3395 ὲπί
2893 3359 2999 3396 τινι
3031 3343 3230 3414 καρπῷ
3257 3345 3425 3400 αὐτοῦ
3450 3349 3678 3418 ἀνερχο-

2093 3427 2242 3497 μένῳ
2267 3427 2325 3480 ὲν
2352 3428 2508 3499 ἀγρῷ
2559 3430 2724 3484 αὑτοῦ
2747 3448 2763 3464 ·
2795 3433 2857 3485 οὐ
2883 3433 2994 3505 γὰρ
3033 3429 3143 3488 οἶδε
3175 3434 3228 3488 τί
3260 3436 3410 3507 αὐτῷ
3443 3438 3676 3494 ἀποϐαί-

2091 3535 2192 3583 νει,
2221 3517 2350 3589 πρὶν
2381 3520 2760 3593 ὲγκλεισθῆναι
2787 3524 2846 3578 ὲν
2885 3527 2998 3589 τοῖς
3033 3525 3328 3598 θησαυροῖς
3351 3529 3516 3582 αὑτοῦ
3536 3547 3550 3560 ο
3591 3531 3678 3583 οὔ·

2089 3626 2197 3671 τως
2224 3610 2252 3662 ὁ
2276 3609 2564 3681 ἄνθρωπος
2595 3613 2696 3667 οὐκ
2727 3612 2842 3684 ἔχει
2885 3615 3154 3671 ἀπολῦσαι
3176 3617 3275 3688 τὴν
3303 3617 3553 3689 καρδίαν,
3593 3621 3676 3690 ἐφ’

1963 3708 1979 3747 :
2086 3700 2209 3754 ὅσον
2243 3720 2262 3753 ι
2294 3702 2406 3773 ἔχει
2441 3703 2608 3776 πνοὴν
2636 3705 2694 3758 ὲν
2723 3708 2787 3776 τῇ
2823 3707 2932 3777 ῥινὶ
2959 3707 3126 3760 αὐτοῦ
3147 3725 3159 3740 ο
3188 3726 3208 3761 ι
3249 3711 3343 3762 καὶ
3372 3709 3563 3782 ὥσπερ
3588 3710 3675 3765 ἀν-

2089 3792 2308 3864 θρωπος
2360 3797 2696 3868 ἀπαντήσειν
2753 3799 2949 3853 ἑαυτὸν
3008 3799 3114 3864 ἕως
3145 3800 3243 3870 τῆς
3279 3801 3520 3873 ἐσχάτης
3549 3804 3675 3855 ἀνα-

2087 3886 2276 3957 πνοῆς,
2315 3889 2410 3941 καὶ¹
2441 3887 2517 3960 μὴ
2551 3890 2777 3960 ποιῆσαι
2819 3890 2956 3956 ὅλως
2985 3893 3176 3957 πάθος,
3205 3894 3265 3946 οὐ
3293 3894 3554 3948 δύναταιο
3587 3895 3674 3947 οὖα

2083 3991 2194 4039 τως
2225 3977 2284 4030 οὐ
2341 3976 2564 4032 δυνατὸν
2599 3979 2678 4050 τῷ
2712 3981 2934 4053 μοναχῷ
2968 3983 3236 4038 ἀπολῦσαι
3266 3986 3367 4057 τὴν
3398 3984 3669 4058 [καρδίαν]

2083 4065 2274 4120 ἐαυτοῦ
2300 4067 2358 4120 ὲν
2385 4069 2496 4140 ὅσῳ
2523 4069 2636 4140 ἔχει
2691 4073 2993 4145 ἀναπνοήν·
3023 4074 3160 4129 ἀλλά
3210 4075 3317 4150 χρὴ
3345 4077 3510 4131 αὑτὸν
3537 4080 3670 4132 πάν-

2082 4172 2205 4209 τοτε
2241 4158 2478 4230 ἀναϐοᾷν
2535 4163 2672 4234 πρὸς
2709 4163 2842 4217 Θεὸν
2868 4164 2956 4219 διά
2979 4165 3078 4237 τὴν
3107 4167 3359 4240 βοήθειαν
3389 4167 3560 4225 αὑτοῦ
3581 4170 3668 4222 καὶ

2078 4248 2140 4301 τὸ
2173 4249 2340 4314 ἔλεος.

389 4301 494 4359 Sed
519 4316 727 4375 oportet
752 4311 923 4390 ipsum
949 4329 1164 4386 semper
1191 4319 1427 4404 clamare
1452 4327 1519 4381 ad
1546 4327 1733 4397 Deum,
1764 4331 2100 4404 implorando
2123 4345 2242 4415 ejus
2260 4347 2519 4403 auxilium
2547 4359 2601 4404 et
2628 4351 3083 4410 misericordiam.

447 4393 504 4450 ’π
525 4419 715 4478 Matth.
747 4441 840 4490 νη,
876 4428 960 4484 Η.
1036 4433 1086 4464 ’⁸
1116 4397 1415 4506 Job-xxv",
1449 4441 1507 4496 ὅ.

458 4541 569 4614 (52)
593 4546 865 4670 Hpc‘fos'zsc
895 4545 1010 4605 οὖν
1036 4551 1112 4621 τῇ
1140 4558 1372 4626 καρδίᾳ.
1449 4559 1524 4614 Ex
1586 4565 1776 4622 eadem
1814 4569 1966 4626 Orat.

465 4627 514 4670 v,
545 4628 662 4670 can.
765 4659 774 4668 .

385 4626 514 4673 xxv,
545 4628 662 4681 cap.
694 4626 774 4670 I5.

458 4682 571 4754 (55)
593 4686 865 4756 Πρόσχες
889 4687 1004 4746 οὗν
1029 4694 1285 4762 σεαυτῷ.
1325 4698 1402 4752 Ex
1438 4703 1626 4758 eadem
1657 4704 1813 4764 Orat.
1845 4724 1973 4778 xxv,

2086 4588 2203 4642 cap.
2230 4575 2326 4631 cit.

2142 4645 2256 4713 (54)
2280 4646 2634 4713 Παρακαλῶ,
2696 4667 2751 4704 κ.
2785 4669 2836 4704 τ.
2878 4651 2928 4706 λ.
2986 4651 3180 4714 Exstat
3245 4655 3335 4712 hic
3389 4657 3543 4714 locus
3603 4660 3652 4714 in

2085 4713 2236 4770 Orat.
2269 4731 2417 4780 xxvi,
2447 4733 2564 4788 cap.
2593 4718 2650 4774 2.

1250 4986 1794 5115 EJUSDEM
1848 4997 2351 5092 ABBATIS
2428 5005 2780 5100 ISAUE

1686 5158 2338 5244 FRAGMENTA.

1985 5303 2034 5362 Ι.

910 5414 1062 5483 Apud
1097 5416 1155 5472 S.
1182 5416 1442 5475 Joannem
1478 5423 1890 5513 Damasceuum,
1936 5432 2090 5492 Sacr.
2135 5435 2339 5492 Parati.
2402 5437 2537 5510 Opp.
2572 5452 2702 5500 tom.
2739 5441 2804 5510 II,
2845 5461 2968 5514 pag.
3004 5445 3128 5504 677.

449 5519 895 5594 Quandoquidem
929 5527 1092 5583 iidem
1128 5545 1288 5588 casus
1313 5536 1689 5604 peccatoribus
1719 5550 1774 5597 ct
1796 5544 1960 5610 justis

2152 5549 2304 5603 Ἐπεὶ
2339 5551 2725 5636 συμπτώματα
2759 5555 2872 5626 (55)
2899 5555 2965 5610 τὰ
2996 5557 3136 5612 αὑτά
3193 5562 3540 5636 ἁμαρτωλοῖς
3564 5569 3649 5622 καλ

381 5615 724 5686 contingunt,
772 5633 876 5674 non
918 5630 1006 5675 est
1037 5623 1481 5695 existimandum,
1535 5645 1727 5690 omnes
1774 5636 1866 5706 qui
1903 5639 1955 5693 in

2103 5641 2293 5706 ικαίοις
2347 5615 2658 5713 συμϐαίνει,
2713 5615 2789 5719 μθ]
2825 5615 3036 5716 πάντας
3081 5654 3207 5718 τοὺς
3241 5615 3649 5727 περιστατικοῖς

453 5729 567 5799 (55)
611 5733 774 5788 Ἐπεὶ
812 5753 1060 5809 cum.
1138 5741 1193 5796 In
1267 5743 1467 5803 I’arall.
1530 5749 1972 5822 Itupcfucaldinis
2012 5755 2370 5829 fragmentum
2401 5761 2542 5819 istud
2578 5765 2838 5822 triburtur
2879 5765 3180 5838 Didymoin
3217 5771 3448 5832 Isaiam.
