3888 6284
215 334 358 390 ιω
1233 347 1587 407 suemus
1636 350 2001 411 PONTICUS.
2043 385 2114 396 -
2151 353 2429 410 norma
3334 342 3476 400 1214

211 449 688 523 ύποὸαλλομένους
725 453 1028 527 ἡγούμεθα,
1090 458 1183 513 καὶ
1217 463 1645 537 παραλαϐούσης
1684 466 1796 536 (56)

1937 468 2258 524 dversitates
2319 468 2530 537 aliquas
2584 465 2890 530 inciderint,
2941 463 3009 519 ob
3070 461 3481 518 antecedentem

211 542 479 614 πονηρίας
505 545 985 618 ὑπομεμενηκέναι
1017 549 1085 604 τὰ
1118 553 1354 624 πονηρά.

1938 559 2316 630 mprobitatem
2351 557 2643 612 infortunia
2676 554 2940 622 ejusmodi
2967 552 3216 610 subiisse.
3293 622 3297 625 _

1802 673 1879 732 II.

1635 801 1777 855 Ibid.
1807 818 1927 872 pag.
1964 800 2089 856 721.

284 906 347 961 Ol
372 904 580 960 ἑαυτῶν
610 906 769 978 μόνον
801 907 963 964 ἕνεκα
992 911 1168 966 πάντα
1206 914 1560 986 πράττοντες,
1608 915 1801 984 φιλαυ-

1977 915 2080 981 Qui
2118 931 2212 972 sua
2245 915 2506 970 duntaxat
2551 914 2734 972 causai
2763 911 2943 968 omnia
2999 901 3247 980 faciunt,’
3275 913 3331 968 hi
3360 913 3486 982 phi-

208 998 336 1052 τίαν
359 997 421 1050 τὸ
449 997 707 1068 μέγιστον
754 1001 860 1054 τῶν
900 1002 1088 1056 κακῶν
1121 1005 1529 1076 ἐπιτηδεύουσιν
1551 1023 1564 1036 °
1597 1007 1625 1060 ὃ
1659 1011 1804 1062 ποιεῖ

1933 1007 2108 1071 antire,
2142 1007 2244 1061 hoc
2272 1015 2355 1061 est
2410 1006 2675 1060 malorum
2709 1005 2949 1059 omnium
2998 1003 3340 1072 gravissimo,
3370 1016 3487 1060 stu-

209 1087 277 1141 τδ
301 1087 554 1157 ἄμικτον,
589 1088 650 1142 τὸ
682 1088 1068 1164 ἀκοινώνητον,
1103 1093 1163 1147 τὸ
1183 1095 1392 1163 ἄφιλον,
1426 1095 1487 1148 τὸ
1517 1095 1721 1160 ἄδικον,
1741 1096 1803 1150 τὸ

1933 1097 2036 1151 lent
2069 1115 2082 1151 :
2115 1098 2257 1166 quod
2296 1097 2513 1165 quidem
2566 1094 2694 1150 illud
2735 1094 2914 1161 affert,
2975 1105 3093 1150 uta
3125 1095 3384 1152 societate
3434 1107 3490 1151 et

212 1177 432 1242 ἀσεϐές.
480 1178 584 1233 Τὸν
607 1180 717 1251 γὰρ
774 1181 1060 1252 ἄνθρωπον
1091 1186 1124 1256 ἡ
1186 1185 1349 1255 φύσις
1374 1189 1798 1253 κατεσκεύασεν,

1937 1185 2232 1240 ommercio
2255 1193 2416 1254 atque
2462 1184 2700 1239 amicitia
2739 1185 3007 1254 quispiam
3048 1184 3363 1251 abhorreat,
3405 1186 3490 1239 in-
3561 1189 3566 1196 '

212 1269 315 1340 οὐχ
337 1268 412 1333 ὡς
439 1269 508 1323 τὰ
536 1273 813 1341 μονωτικὰ
846 1272 1032 1346 θηρία,
1061 1276 1266 1341 ἀλλ’ὡς
1284 1278 1531 1348 ἀγελαῖα,
1562 1281 1656 1334 καὶ
1684 1281 1803 1334 σύν-

1933 1283 2153 1344 usteque
2177 1282 2232 1328 et
2269 1274 2432 1344 impie
2463 1289 2522 1329 se
2552 1283 2726 1344 gerat.
2780 1273 2982 1328 Natura
3009 1275 3153 1328 enim
3190 1273 3483 1340 hominem,

213 1377 377 1430 νομα,
407 1361 502 1415 καὶ
541 1363 833 1416 κοινωνικὰ
855 1380 868 1393 ·
904 1365 990 1417 ἵνα
1027 1366 1102 1437 μὴ
1141 1367 1320 1440 ἑαυτῷ
1354 1369 1500 1440 μόνῳ
1537 1369 1624 1440 ζῇ,
1669 1369 1806 1424 ἀλλὰ

1933 1380 2010 1420 [οη
2044 1364 2121 1421 uti
2155 1363 2396 1436 solivaga
2455 1361 2774 1431 animantia,
2815 1365 3076 1430 condidit,
3129 1365 3224 1420 sed
3275 1372 3333 1418 ut
3369 1378 3491 1435 gre-

216 1453 314 1505 καὶ
344 1453 511 1524 πατρὶ
541 1453 636 1507 καὶ.
679 1456 868 1526 μητρὶ,
898 1456 995 1509 καὶ
1027 1459 1295 1527 ἀδελφοῖς,
1327 1463 1421 1513 καὶ
1443 1462 1684 1529 γυναικὶ,
1712 1463 1805 1517 καὶ

1933 1455 2042 1521 ;alia
2066 1457 2552 1526 communibusque
2601 1458 2817 1526 pascuis
2847 1458 3083 1520 utentia;
3140 1465 3199 1510 ut
3239 1471 3343 1510 non
3377 1454 3480 1510 sibi

217 1543 458 1608 τέκνοις,
495 1545 589 1598 καὶ
622 1545 804 1611 ἄλλοις
833 1549 1145 1617 συγγενέσι,
1205 1552 1300 1604 καὶ
1325 1551 1499 1621 φίλοις
1525 1554 1618 1606 καὶ
1643 1553 1707 1624 δη
1717 1554 1810 1624 μό-

1933 1548 2009 1604 .οΙί
2044 1548 2211 1611 vivat,
2244 1561 2429 1601 verum
2486 1556 2542 1602 et
2568 1551 2709 1617 patri
2755 1557 2809 1603 et
2835 1547 3013 1613 matri,
3052 1555 3106 1602 et
3143 1546 3400 1602 fratribus
3427 1555 3483 1602 et

215 1653 362 1700 ταις,
396 1638 492 1692 καὶ
527 1637 794 1708 φιλέταις,
837 1641 932 1694 καὶ
970 1642 1209 1713 πατρίδι,
1252 1643 1347 1707 καὶ
1390 1623 1810 1714 ὁμοφύλοιςκαὶ

1933 1639 2064 1695 uxori
2102 1648 2155 1694 et
2186 1638 2371 1694 liberis
2397 1639 2626 1709 aliisque
2645 1640 2911 1709 cognatis,
2929 1647 2984 1691 et
3017 1637 3206 1692 amicis
3238 1645 3294 1691 et
3321 1651 3491 1706 popuo

218 1729 391 1782 πᾶσιν
445 1728 789 1801 ἀνθρὼποις’
840 1731 922 1785 ἔτι
983 1732 1167 1803 μέντοι
1212 1735 1454 1798 καὶτοῖς
1491 1735 1680 1808 μέρεσι
1713 1735 1806 1789 τοῦ

1933 1730 2116 1784 aribus
2150 1744 2214 1784 ac
2267 1728 2551 1784 tribulibus
2575 1728 2729 1803 suis;
2762 1729 3003 1797 itemque
3066 1727 3256 1796 patriae
3287 1736 3342 1781 et
3369 1741 3495 1794 pro-

219 1817 446 1882 παντὸς,
481 1821 574 1873 καὶ
604 1819 682 1891 τῷ
733 1820 840 1892 ὅλῳ
879 1821 1090 1893 κόσμῳ,
1126 1823 1222 1876 καὶ
1251 1823 1386 1877 πολὺ
1443 1824 1706 1897 πρότερον
1732 1825 1811 1896 τῷ

217 1908 342 1978 Θεῷ
374 1909 468 1962 κει)¹
512 1913 726 1982 ποιητῇ.
761 1913 855 1964 Δεῖ
885 1909 995 1979 γὰρ
1027 1905 1186 1978 εἶναι,
1221 1911 1274 1965 εῐ
1313 1929 1377 1982 γε
1410 1913 1546 1978 ὅλως
1578 1915 1694 1966 ἐστὶ
1725 1913 1812 1967 λο-
1842 1932 1844 1934 ⁷

218 1998 399 2066 γικδς,
431 2002 770 2067 κοινωνικὸν,
821 2001 1169 2073 φιλόκοσμον,
1223 2002 1490 2072 φιλόθεον,
1535 2005 1620 2058 ἵνα
1649 2005 1810 2077 γένη-

214 2107 308 2145 ται
337 2091 430 2144 καὶ
455 2089 728 2163 θεοφιλής.

1916 1821 2236 1878 vincialibus
2301 1821 2418 1877 suis
2449 1829 2506 1876 et
2539 1821 2789 1876 omnibus
2819 1819 3162 1885 hominibus;
3199 1827 3363 1887 atque
3411 1819 3495 1872 in-

1912 1927 2074 1983 super
2106 1913 2475 1968 universitatis
2504 1911 2748 1981 partibus
2805 1909 3009 1979 totique
3063 1908 3298 1973 mundo;
3341 1907 3496 1978 longe

1912 2013 2090 2059 autem
2119 2012 2246 2059 ante
2270 2003 2474 2067 omnia,
2525 2003 2633 2057 Deo
2669 2011 2724 2058 et
2766 2001 3024 2056 creatori.
3081 1999 3213 2054 Eum
3245 1999 3411 2066 enim,
3447 2000 3492 2054 si

1911 2097 2128 2162 quidem
2171 2096 2391 2150 omnino
2451 2094 2676 2149 rationis
2725 2103 2810 2149 est
2866 2093 3160 2165 particeps,
3219 2091 3496 2148 societatis

216 2179 524 2236 studiosum
548 2198 614 2239 ac
645 2184 827 2240 mundi
882 2183 1083 2255 Deique
1109 2193 1376 2240 amantem
1420 2201 1541 2242 esse
1562 2195 1795 2258 oportet,
1821 2195 1880 2242 ut
1902 2187 2012 2242 Deo
2035 2201 2249 2256 quoque
2269 2187 2464 2241 charus
2491 2183 2772 2241 elliciatur.

309 2293 423 2363 (36)
456 2297 761 2363 Παραλαᾶ
797 2296 890 2354 Sic
927 2298 1084 2366 edit.,
1111 2301 1202 2354 sed
1247 2299 1516 2369 interpres
1549 2300 1743 2370 legisse
1775 2303 1823 2356 vi

1933 2318 1991 2357 ur
2027 2301 2258 2372 προλαϐ.

257 2442 3493 2489 M

1447 2473 1479 2485 ν

1485 2622 1658 2665 ANNO
1700 2621 1932 2665 DOMINI
1977 2619 2249 2664 CCCXCIX

723 2765 1820 3008 EVAGRIUS
1941 2798 3018 2982 PONTICUS

1481 3093 1840 3154 SCITENSIS
1869 3094 2276 3154 MONACHUS.
2341 3111 2346 3116 '

713 3372 1228 3465 NOTITIA
1301 3369 1963 3464 HISTORICA
2037 3371 2185 3460 ET
2258 3371 2995 3463 LITTERABIA

879 3567 1201 3636 (GALLAND.,
1239 3565 1483 3621 Veterum
1526 3563 1757 3622 Patrum
1793 3565 2068 3634 Biblioth.,
2105 3579 2236 3625 tom.
2273 3565 2383 3633 VII,
2416 3566 2657 3637 Proleg.,
2691 3583 2743 3638 p.
2777 3567 2895 3639 xx.)

307 3792 351 3848 l.
383 3791 643 3858 Evagrius
673 3789 816 3843 circa
855 3785 1090 3843 medium
1119 3786 1304 3843 saeculi
1332 3803 1384 3842 tv
1409 3796 1589 3842 ortum
1627 3789 1816 3845 habuit
1843 3796 1886 3855 α
1919 3790 2016 3856 sis,
2058 3807 2076 3840 ι
2114 3785 2372 3841 Ponticus
2409 3804 2428 3837 ι
2467 3786 2664 3850 dictus,
2688 3784 2821 3840 viris
2848 3786 3136 3839 sanctitate
3173 3798 3235 3840 ac
3260 3785 3508 3841 doctrina

237 3887 429 3952 Iboris,
459 3898 579 3954 qua:
611 3882 849 3938 esturbs
880 3881 946 3936 ad
975 3880 1245 3936 Euxinum
1281 3880 1512 3935 Pontum
1541 3882 1665 3948 sita,
1691 3882 1822 3937 Gre-

234 3979 391 4051 gorio
440 3975 685 4047 Nysseno
725 3973 967 4044 ejusdem
1005 3971 1220 4044 Evagrii
1265 3971 1440 4027 amico
1468 3988 1577 4041 pne
1608 3976 1821 4030 cmteris

239 4078 537 4125 memorata
590 4067 674 4121 his
719 4065 900 4121 verbis
940 4065 1016 4136 (a)
1064 4083 1077 4119 :
1117 4063 1327 4136 Κώμης
1366 4065 1464 4137 τῆς
1497 4066 1621 4135 ἐμοὶ
1656 4083 1826 4137 προσ-

234 4161 502 4234 ηκούσης·
533 4191 603 4200 -
630 4159 743 4213 ἔστι
775 4176 860 4222 τις
891 4158 1122 4230 πολίχνη
1163 4159 1196 4229 ή
1229 4158 1449 4225 γείτων,
1483 4158 1688 4230 ’16ωρα
1721 4177 1822 4212 κα-

236 4254 422 4309 λοῦσιν
450 4253 640 4324 αὑτήν.
679 4269 697 4303 ι
735 4251 832 4306 Est
865 4250 930 4304 ad
964 4263 1049 4304 me
1084 4249 1358 4317 pertinens
1392 4249 1560 4306 vicus.
1595 4278 1667 4291 —
1709 4249 1823 4304 Non

236 4346 427 4418 procul
459 4345 612 4400 abest
637 4358 800 4414 parva
825 4341 1037 4405 civitas,
1065 4354 1228 4410 quam
1250 4339 1404 4394 lbora
1433 4351 1648 4395 vocant.
1681 4360 1700 4392 ι
1732 4339 1825 4396 Sic

238 4435 562 4492 vertendum
623 4433 808 4498 fuerit,
851 4431 992 4500 quod
1040 4430 1129 4484 alii
1178 4428 1408 4484 fortasse
1461 4431 1642 4486 minus
1677 4441 1827 4486 recte

244 4546 266 4582 ι
302 4529 508 4583 lberam
546 4544 566 4578 ι
601 4525 851 4580 reddunt.
885 4522 982 4577 Est
1017 4521 1159 4585 enim
1211 4536 1315 4577 vox
1347 4521 1553 4594 Ἴὸωρα
1596 4538 1824 4579 numero

241 4618 606 4675 multitudinis
653 4617 988 4687 accipienda,
1029 4624 1089 4670 ut
1129 4615 1298 4684 probe
1325 4615 1576 4669 'advertit
1613 4613 1682 4670 cl.
1721 4613 1827 4670 Le-

238 4710 494 4782 quienius
521 4708 618 4778 (b).
657 4707 838 4776 Atque
867 4705 1171 4777 huiusmodi
1195 4705 1355 4760 lectio
1395 4706 1725 4761 restituenda
1751 4707 1828 4759 vi-

239 4805 400 4859 detur
455 4800 698 4856 Palladio
747 4800 820 4869 (c)
857 4808 912 4854 et
962 4797 1266 4854 Sozomeuo
1317 4798 1422 4869 (ά),
1479 4799 1544 4853 de
1605 4811 1830 4854 auctore

240 4903 430 4948 nostro
451 4905 758 4946 sermonem
785 4888 1128 4952 habentibus,
1161 4889 1248 4944 ubi
1284 4903 1567 4958 perperam
1604 4887 1830 4961 Ἰϐήρων

241 4983 452 5047 πόλεως
490 4991 582 5036 aut
609 4980 854 5053 πολίτης,
882 4995 980 5050 pro
1024 4978 1260 5051 Ἰϐώρων
1287 4996 1346 5034 π.
1380 4980 1537 5035 hodie
1564 4979 1826 5051 legimus:

129 5099 140 5108 ~
239 5075 386 5144 quod
415 5073 632 5144 quidem
663 5089 836 5143 nuper
870 5081 991 5143 post
1019 5074 1155 5127 alios
1182 5072 1576 5142 Wesselingius
1604 5075 1687 5129 vir
1710 5090 1830 5130 eru-

1926 3875 2310 3952 praastantibus
2363 3889 2582 3944 operam
2629 3873 2797 3940 dedit,
2843 3873 3106 3942 Gregorio
3164 3872 3514 3930 Nazianzeno

1927 3973 2270 4045 potissimum
2327 3979 2660 4040 praeceptore
2703 3985 2856 4033 usus,
2901 3979 2962 4026 ut
3008 3970 3197 4026 scribit
3255 3970 3515 4026 Sozomeo

1927 4080 2030 4120 nus
2061 4063 2160 4135 (f).
2197 4061 2319 4117 Mox
2347 4076 2476 4117 vero
2513 4077 2541 4115 a
2574 4076 2767 4130 magno
2807 4061 3007 4115 Basilio
3051 4061 3281 4130 primum
3318 4062 3510 4125 lector,

1928 4154 2120 4210 deinde
2166 4153 2235 4208 ab
2272 4152 2390 4222 ejus
2439 4165 2698 4220 germano
2743 4150 2911 4204 fratre
2953 4149 3215 4220 Gregorio
3269 4149 3516 4221 Nysseno

1929 4248 2191 4302 diaconus
2243 4245 2547 4307 ordinatus,
2597 4243 2941 4311 postmodum
2982 4243 3033 4295 in
3081 4240 3324 4297 Ecclesia
3373 4240 3518 4296 Con-

1928 4335 2412 4407 stantinopolitana
2445 4334 2547 4389 sub
2577 4331 2852 4397 Nectario,
2888 4332 3258 4387 archidiaconi
3291 4347 3516 4388 munere

1929 4429 2148 4485 functus
2209 4426 2380 4482 fuisse
2433 4426 2668 4480 traditur
2701 4425 2800 4496 (9).
2839 4425 2912 4478 De
2952 4423 3244 4478 diaconatu
3296 4424 3514 4493 quidem

1931 4521 2148 4593 Evagrii
2187 4519 2334 4574 varia
2364 4530 2448 4574 est
2492 4517 2739 4573 Socratis
2768 4517 2843 4588 (Ιι)
2875 4525 2928 4570 et
2963 4514 3251 4570 Sozomeni
3293 4530 3518 4571 enarra-

1932 4614 2008 4669 tio
2036 4633 2051 4669 :
2078 4628 2288 4677 verum,
2332 4610 2549 4666 Valesio
2594 4609 2777 4680 judice
2819 4607 2903 4680 (ἱ),
2937 4607 3114 4677 potior
3161 4605 3381 4660 Palladii
3421 4622 3518 4663 au-

1930 4705 2178 4768 claritas,
2238 4704 2331 4774 qui
2381 4703 2596 4774 Evagrii
2634 4710 2783 4772 gesta
2841 4700 3010 4755 multo
3053 4698 3254 4754 certius
3291 4706 3519 4752 noverat

1931 4811 2095 4866 quam
2132 4793 2389 4849 Socrates
2434 4809 2498 4849 ac
2533 4793 2889 4849 Sozomenus.
2953 4791 3010 4846 ιιι
3063 4789 3308 4845 eamdem
3346 4787 3518 4844 ferme

1932 4889 2255 4944 sententiam
2289 4886 2669 4942 Tillemontius
2690 4884 2788 4956 (j).

2006 4976 2216 5035 interea
2259 4979 2518 5050 temporis
2557 4973 3022 5046 Constantinopoli
3057 4987 3225 5044 agens
3256 4971 3518 5041 Evagrio:

1935 5071 2146 5141 sibique
2172 5085 2366 5126 nomen
2392 5070 2642 5140 adeptus,
2671 5070 2725 5122 in
2756 5083 2921 5138 grave
2949 5065 3139 5122 incidit
3169 5065 3290 5119 vitae
3320 5062 3483 5116 discri

240 5138 388 5221 ditus
427 5138 710 5220 admonuit
741 5138 838 5235 ξε).
871 5138 1144 5233 Ἐνοκτίιιε
1186 5163 1370 5233 itaque
1419 5138 1553 5219 civis
1605 5163 1826 5220 lboren-
1861 5138 1904 5193 θ
1934 5138 2078 5229 men,
2115 5161 2256 5232 quod
2300 5161 2472 5218 fusius
2499 5138 2822 5216 describunt
2852 5158 3122 5213 Palladius
3152 5154 3225 5225 (It)
3250 5162 3304 5208 et
3343 5153 3514 5208 Sozo-

315 5296 392 5369 (a)
427 5294 794 5369 Gre‘gaNyss.‘
818 5294 969 5369 Orat.
1006 5310 1068 5369 tu
1114 5297 1174 5369 iu
1211 5311 1301 5369 xl:
1317 5294 1494 5369 _Mart.
1534 5312 1659 5366 opp.
1699 5308 1828 5354 tom.

244 5369 306 5434 ΙΙ,
327 5365 503 5437 pagg.
523 5365 651 5430 2H,
672 5365 822 5437 7212,
847 5367 978 5437 edit.
1005 5365 1174 5421 Paris.
1203 5365 1363 5422 1658.

341 5439 391 5502 b)
427 5433 812 5507 ilieiquienLOr.
838 5434 1038 5507 Qhrist.
1064 5445 1195 5491 tom.
1227 5437 1264 5499 Ι,
1293 5452 1410 5507 pag.
1445 5437 1571 5491 55!.

341 5440 391 5502 ὁ)
435 5440 692 5504 Lequien.
719 5440 812 5489 0r.
838 5440 1038 5491 Christ.
1064 5445 1195 5491 tom.
1227 5440 1264 5499 I,
1293 5452 1410 5507 pag.
1445 5440 1571 5491 551.

315 5440 388 5580 ξε)
425 5506 633 5580 ξυῑιειᾱ.
671 5505 814 5580 ligat.
853 5505 1163 5580 Laus._cap.
1194 5507 1286 5573 δϐ,
1313 5508 1628 5580 μυκηίυίο.

317 5575 398 5646 (d)
437 5575 655 5648 δοκοίη.
692 5575 836 5648 ﬂint.
867 5579 992 5648 σείει.
1026 5577 1118 5632 lib.
1152 5593 1225 5643 vr,
1259 5575 1377 5648 cap.
1407 5578 1496 5634 30.

319 5643 390 5722 (ε)
432 5645 673 5722 Wessel.
706 5643 876 5704 Veter.
928 5646 1077 5702 Itum.
1129 5648 1301 5704 itiner.
1329 5643 1409 5703 'ad
1455 5649 1685 5706 Ilierocl.
1719 5647 1818 5722 Sy-

249 5716 405 5786 peCd.
435 5731 555 5792 pag.
583 5716 675 5772 10!
691 5760 704 5774 .

2003 5293 2080 5364 (Ῑ)
2126 5291 2414 5364 ξυῑυιιιηι.
2451 5309 2502 5350 c.

2004 5361 2080 5436 (g)
2124 5361 2330 5436 Pallad.
2356 5363 2476 5436 l.__c.

2001 5428 2076 5504 (ἦ)
2108 5431 2336 5504 ῥύπτει.
2374 5432 2515 5504 Hist.
2544 5433 2681 5504 εισι.
2717 5432 2896 5496 lib.tv,
2922 5444 3042 5501 cap.
3073 5428 3164 5481 25.

2001 5501 2067 5574 (ι)
2107 5501 2284 5574 Vales.
2322 5503 2631 5574 adSozom.
2671 5503 2707 5558 l.
2733 5517 2783 5555 ο.

2105 5573 2317 5647 Tillcm.
2358 5573 2516 5628 Μέση.
2551 5575 2676 5630 eccl.
2722 5583 2852 5629 tom.
2887 5570 2956 5636 Χ,
2988 5583 3146 5642 pagg.
3177 5570 3282 5627 569
3312 5583 3363 5626 rt
3389 5573 3513 5639 ⁸194,

1930 5643 2039 5705 ιιοί.
2070 5647 2104 5700 2
2132 5661 2225 5698 sur
2248 5643 2468 5712 Evngre.

2001 5717 2075 5788 υς)
2108 5714 2314 5774 Pallad.
2345 5717 2380 5769 Ι.
2411 5730 2460 5772 c.
