3888 6284
477 289 618 345 1215

1587 308 1864 368 PATBES
1901 314 2206 374 IEGYPTII
2247 319 2521 381 SECULI
2559 323 2650 382 IV.

3621 333 3751 390 1216

477 422 664 462 ¹¹¹ο¹³υ³
699 408 798 479 (α)ο
831 411 996 483 Αιαυί
1039 416 1298 478 (“Vinium
1335 424 1666 496 admonitus,
1713 447 1780 487 ex
1825 449 1888 489 ea
1929 438 2060 494 urbe
2091 446 2134 503 Α
2166 451 2452 501 contextus
2483 446 2735 502 videlicet
2763 461 2830 503 es
2873 449 3240 518 compluribus
3264 452 3508 520 opusculi
3545 469 3750 523 preme-

477 497 778 523 .I:........a:..-..
831 517 885 523 -_
1154 509 1164 523 .
1490 519 1498 523 _
1673 522 1677 523 ν

473 497 795 567 digreditur,
829 517 892 558 ac
921 504 1350 580 Hierosolymam
1397 519 1528 585 petit
1570 536 1583 572 :
1630 522 1719 576 ubi
1761 538 1791 578 a
1823 525 2048 581 Melania

471 600 556 637 t-xt
576 597 754 655 eptus,
787 591 1055 660 religiosa:
1084 596 1244 666 hujus
1275 602 1516 660 mulieris
1546 607 1762 664 hortatu
1804 611 1856 666 in
1887 613 2052 686 Egy-

472 684 621 742 ptum
661 683 958 748 contendit,
999 685 1180 756 ibique
1208 696 1563 751 monasticum
1602 699 1907 759 institutum
1936 683 2052 759 ant-

469 764 655 829 piexus
683 777 784 831 est,
817 771 867 824 in
907 773 1222 834 Scetensem
1263 797 1502 841 eretnum
1548 792 1802 860 primum,
1855 796 2050 852 deinde

469 855 522 907 in
550 856 836 915 Celliorum
863 864 1078 922 deserta
1109 873 1388 957 secedens.
1414 877 1526 933 lllic
1553 895 1681 937 vero
1711 902 1731 934 ι
1769 885 2050 957 utriusque

466 945 688 1005 Macarii
723 952 1041 1025 discipulus,
1073 976 1194 1017 cum
1220 949 1380 1022 antea
1407 972 1588 1028 verbis
1613 975 1784 1031 solum
1813 980 2050 1048 philoso-

464 1043 662 1105 phatus
695 1055 859 1113 esset,
903 1050 972 1106 ab
1013 1053 1080 1108 iis
1123 1071 1288 1125 opere
1333 1062 1451 1130 ipso
1493 1043 1857 1140 philosophari
1910 1076 2048 1132 didi-

461 1130 558 1186 cit.
599 1149 619 1184 ι
661 1133 835 1193 Verba
870 1153 996 1197 sunt
1032 1142 1272 1206 Socratis
1299 1151 1373 1221 (ὁ)
1408 1130 1543 1225 ερῖιε
1586 1170 1641 1213 et
1674 1130 1804 1218 illud
1833 1130 2042 1222 me..-

463 1224 558 1280 rite
586 1229 840 1297 prodidit,
888 1237 954 1288 ad
997 1239 1370 1311 episcopatum
1419 1224 1628 1319 raptum
1668 1253 1961 1326 Evagrium
2010 1276 2042 1314 a

460 1314 758 1388 Theophila
809 1323 1190 1387 Alexandrina:
1243 1335 1394 1391 urbis
1436 1314 1693 1412 episeopo
1744 1314 2038 1416 aufugisse.

458 1408 628 1474 Quem
692 1416 930 1483 tandem,
966 1423 1175 1478 exactis
1224 1426 1276 1480 in
1323 1408 2040 1505 solitudine—septemdecim

455 1503 632 1568 annis,
666 1504 887 1564 ineunte
936 1513 1172 1585 vulgaris
1218 1532 1341 1575 certe
1380 1537 1524 1578 anno
1571 1503 1921 1593 599,':etatis
1951 1548 2041 1589 Liv

454 1608 768 1662 supremum
799 1599 938 1656 diem
969 1606 1188 1673 obiisse,
1221 1613 1354 1666 satis
1393 1628 1458 1668 ex
1495 1608 1737 1675 Palladio
1780 1622 2037 1696 intelligi-

2156 536 2334 590 dentis
2385 537 2692 606 capitibus,
2746 548 2902 608 prout
2957 543 3196 598 numeris
3249 545 3508 613 appositis
3554 547 3750 604 distin-

2156 634 2419 691 guttntur.
2453 626 2734 683 Postrema
2773 629 3008 701 denique
3039 632 3223 687 decem
3270 636 3445 702 capita
3487 652 3517 690 a
3569 638 3634 693 9t
3683 641 3748 693 ad

2157 716 2259 772 100
2313 718 2570 788 inscripta
2633 721 2848 794 Ῥήσεις
2924 725 3174 795 μοναχῶν
3249 727 3420 796 ἁγίων
3452 770 3468 796 ,
3550 733 3749 801 quibus

2151 807 2419 863 clauditur
2456 810 2597 864 idem
2645 811 2785 867 liber
2815 811 3115 879 Practicus,
3162 817 3349 870 eadem
3394 818 3574 874 ferme
3623 835 3748 877 sunt

2152 907 2317 966 atque
2349 901 2438 955 illa
2481 916 2601 971 qua:
2635 904 2778 960 κατὰ
2817 904 2965 972 λέξιν
3007 906 3173 961 refert
3233 907 3487 966 Socrates
3515 913 3633 982 '(o).
3671 914 3746 969 De

2151 989 2254 1043 hoc
2275 1005 2438 1058 opere
2468 994 2620 1062 plura
2653 995 2998 1053 doctissimus
3044 1001 3220 1054 editor
3253 1000 3328 1072 (ρ)
3357 1012 3408 1056 et
3439 1002 3742 1060 Tillemon-

2151 1079 2258 1135 tius
2299 1080 2414 1152 (q):
2471 1085 2726 1139 nonnulla
2782 1102 2998 1157 quoque
3045 1088 3376 1147 Fontaninus
3424 1093 3520 1162 (τ’),
3581 1111 3739 1165 quem

2149 1181 2329 1228 tamen
2407 1174 2804 1232 Cotelerianum
2866 1180 3070 1234 editum
3145 1183 3475 1251 prasteriisse
3547 1187 3746 1243 mirari

2146 1264 2313 1320 subit.

2217 1354 2352 1412 lluic
2415 1373 2580 1426 porro
2640 1361 2855 1431 Evagrii
2920 1365 3073 1434 operi
3136 1367 3364 1422 alterum
3416 1369 3744 1438 subjicitur,

2143 1447 2296 1514 cujus
2356 1449 2682 1521 inscriptio:
2721 1455 2844 1509 Τῶν
2890 1457 3030 1510 κατὰ
3086 1459 3334 1528 μοναχῶν
3387 1464 3739 1532 πραγμάτων

2141 1536 2209 1589 τὰ
2253 1537 2420 1606 αἴτια,
2463 1542 2558 1594 καὶ
2589 1543 2622 1614 ή
2649 1543 2771 1598 καθ’
2805 1546 3036 1616 ἡσυχίαν
3067 1547 3272 1603 τούτων
3321 1553 3656 1623 παράθεσις,
3689 1555 3737 1608 id

2141 1640 2243 1694 est,
2291 1629 2487 1686 Rerum
2526 1635 2920 1691 monachalium
2951 1640 3208 1706 rationes,
3255 1658 3548 1714 earumque
3585 1645 3736 1709 intra

455 1699 574 1739 Inus
615 1687 708 1757 (ε).
752 1690 824 1746 De
871 1707 976 1762 qua
1030 1702 1286 1769 temporis
1349 1705 1628 1765 notatione
1685 1687 2020 1775 Tillemontic

455 1775 769 1800 ηιηι.--.......ξ
809 1784 878 1800 -_I
955 1786 967 1800 ι
1143 1791 1193 1800 ...
1234 1793 1245 1800 .
1411 1797 1417 1800 .
1450 1797 1469 1800 ,.

2229 1687 2241 1694 .
2546 1687 2549 1688 ν
2590 1687 2596 1688 κ
2951 1687 3208 1706 mum--.
3256 1687 3546 1714 ν--η-η--ι-ν
3585 1687 3736 1709 1’·-’··

2143 1719 2364 1788 quietem
2417 1724 2696 1792 appositio.
2741 1725 2861 1793 Quo
2902 1741 2970 1783 ex
3021 1745 3206 1800 opere,
3263 1732 3433 1789 tacito
3490 1738 3736 1793 auctoris

451 1775 769 1834 edisserenti
799 1784 1059 1841 calculum
1088 1791 1374 1860 adjicimus
1401 1797 1504 1870 (d).

519 1865 586 1921 n.
643 1867 930 1941 Evagrium
980 1877 1226 1936 doctrina
1268 1865 1681 1949 celeberrimum
1733 1899 2028 1968 exstitisse,

453 1965 718 2014 testantur
755 1964 872 2034 ejus
907 1969 1105 2040 scripta
1145 1978 1417 2035 veteribus
1451 1985 1648 2050 passim
1685 1986 1922 2044 laudata.
1956 1964 2031 2047 De

449 2062 516 2101 co
543 2050 654 2105 haec
690 2053 1022 2116 Sozomenus
1050 2064 1119 2134 (ε)
1157 2081 1214 2118 :t
1242 2068 1338 2124 Vir
1359 2072 1551 2130 doctus
1586 2077 1637 2131 in
1673 2080 1880 2148 primis,
1915 2091 2026 2138 tum

448 2140 779 2240 intelligendi
808 2149 1085 2222 facultate,
1135 2167 1246 2214 tum
1290 2164 1500 2221 dicendi
1541 2140 1692 2237 copia
1735 2140 2024 2240 praeditus:

459 2228 772 2306 Ἐλλόγιμος
817 2239 978 2313 ἀνὴρ,
1037 2247 1228 2317 νοῆσαί
1280 2268 1340 2305 τε
1377 2253 1471 2306 καὶ
1515 2228 1750 2327 φράσαι.
1777 2228 2020 2328 δεινός.-)

444 2319 715 2394 Addilqne
763 2346 776 2381 :
823 2349 843 2380 ι
888 2333 943 2386 in
999 2337 1389 2408 distinguendis
1443 2319 1861 2416 cogitationibus
1907 2319 2026 2424 qua:

440 2421 536 2465 aut
570 2415 634 2467 ad
668 2417 921 2476 virtutem
947 2437 1038 2479 aut
1071 2429 1135 2482 atl
1173 2431 1360 2486 vitium
1393 2438 1698 2506 tenderent,
1737 2447 2025 2514 sagacissi-

444 2517 608 2558 mus:
640 2516 688 2560 et
725 2516 997 2578 quomodo
1035 2519 1139 2572 illa:
1171 2523 1386 2590 quidem
1411 2529 1747 2598 excolendas,
1779 2539 1892 2591 haec
1927 2554 2021 2594 ve-

443 2607 503 2644 ru
544 2600 795 2652 cavendm
824 2601 950 2671 sint,
977 2608 1259 2664 consultor
1288 2611 1532 2670 idoneus.
1578 2635 1598 2670 ι
1634 2620 1886 2678 Socrates
1923 2639 2020 2679 ve-

441 2696 504 2736 ro
538 2683 604 2752 (ί)
640 2702 654 2739 :
696 2703 714 2737 t
745 2686 954 2758 Libros,
992 2713 1010 2746 ι
1048 2699 1142 2764 ait,
1183 2718 1201 2751 ε
1229 2705 1550 2774 conscripsit
1575 2709 1840 2780 Evagrius
1869 2717 2021 2770 valde

441 2774 616 2829 utiles.
651 2807 717 2819 —-
747 2781 846 2846 Qui
882 2786 1097 2853 quidem
1139 2804 1299 2860 quam
1329 2795 1515 2851 eximii
1547 2800 1658 2854 sint
1682 2774 1736 2857 et
1776 2803 2016 2860 admira-

440 2859 584 2916 tione
612 2864 779 2933 digui,
806 2871 1049 2942 quisquis
1082 2859 1177 2932 eos
1205 2877 1420 2950 legerit,
1451 2884 1610 2943 facile
1649 2903 1958 2962 cognoscet.
1992 2915 2012 2950 ι

436 2948 575 3059 .llinc
598 2969 818 3039 sanctus
851 2961 1210 3039 Hieronymus
1235 2948 1308 3044 (ᾖ)
1341 2993 1354 3030 :
1394 2995 1413 3029 ‹
1452 2978 1620 3049 Hujus
1649 2948 2017 3059 (Evagriijliﬁ-

2136 1811 2371 1876 uoiniue,
2405 1813 2546 1868 haud
2579 1829 2749 1884 pauca
2775 1827 3052 1875 mutuatus
3093 1831 3178 1877 est
3204 1820 3527 1881 Theodorus
3568 1827 3736 1885 Edes-

2134 1913 2297 1954 seuus
2355 1901 2407 1956 in
2448 1905 2562 1958 suis
2618 1904 2879 1974 Capitulis
2923 1912 3170 1978 practicis
3223 1923 3455 1981 centum,
3502 1933 3632 1987 quae
3674 1921 3728 1974 in

2134 1989 2404 2046 Thesauro
2429 1995 2654 2049 ascetico
2686 1999 2958 2068 evulgav'rt
3001 2002 3260 2060 Pessinus
3307 2007 3409 2078 (ε).
3460 2007 3727 2077 Ejusdem

2130 2096 2347 2154 quoque
2373 2087 2552 2153 operis
2576 2087 2792 2160 Evagrii
2824 2102 2987 2162 caput
3013 2093 3046 2145 7
3076 2096 3259 2152 laudat
3282 2109 3511 2156 sanctus
3562 2101 3726 2160 Joan-

2130 2189 2226 2230 nes
2280 2175 2554 2234 Climacus
2592 2179 2700 2253 (t);
2751 2184 2968 2255 aliaque
3015 2200 3314 2245 occurrunt
3363 2191 3420 2247 in
3479 2194 3624 2250 Vitis
3670 2207 3724 2252 et

2127 2265 2614 2338 Apophthegmatis
2673 2269 2940 2343 Patrum,
2987 2285 3046 2331 ut
3103 2289 3387 2349 propterea
3437 2283 3508 2340 de
3548 2288 3728 2358 operis

2127 2356 2442 2414 sinceritate
2476 2361 2653 2418 nullus
2687 2363 2967 2422 dubitandi
3009 2368 3160 2424 locus
3197 2374 3458 2441 supersit.

2196 2445 2283 2500 lli.
2335 2447 2430 2504 llis
2472 2461 2652 2507 autem
2689 2453 2950 2512 hactenus
2998 2459 3284 2517 recensitis
3324 2461 3546 2533 Evagrii
3590 2481 3726 2536 opu-

2123 2537 2309 2605 sculis,
2345 2549 2454 2596 tres
2481 2543 2830 2614 insequentes
2859 2559 3047 2605 nostro
3078 2551 3332 2620 scriptori
3378 2555 3728 2613 vindicamus

2121 2641 2256 2696 quos
2281 2629 2421 2686 inter
2449 2636 2622 2690 sancti
2654 2635 2758 2692 Nili
2785 2639 3041 2707 opuscula
3091 2641 3258 2698 edidit
3297 2642 3596 2704 Suaresius
3625 2649 3720 2719 (ti).

2125 2738 2144 2770 ι
2173 2721 2397 2778 Constat
2449 2727 2616 2791 enim,
2664 2747 2684 2782 ι
2743 2729 2916 2802 inquit
2960 2733 3215 2790 laudatus
3272 2735 3582 2795 Cotelerius
3630 2745 3719 2814 (tv),

2125 2827 2143 2860 t
2173 2809 2458 2884 Evagrium
2501 2819 2826 2875 monachum
2853 2823 3018 2878 multa
3061 2824 3367 2895 scripsisse,
3413 2809 3724 2905 eorumque

2115 2903 2361 2970 quaedam
2412 2913 2523 2961 tum
2570 2907 2873 2980 fragmenta
2914 2922 2966 2969 et
3012 2915 3301 2974 citatioues
3355 2903 3624 2976 habemus
3667 2924 3720 2977 in

2117 2991 2308 3048 Codice
2326 2994 2669 3068 Regulamm,
2688 3001 2744 3056 in
2767 3001 2991 3060 Patrum
3011 3006 3150 3064 Vitis
3174 3018 3229 3064 et
3261 3010 3715 3083 Apophthegmao

601 3037 603 3039 ’
1056 3037 1065 3039 ἡ
1243 3037 1275 3044 ’⁷
1293 3037 1302 3043 ⁷
1533 3037 1550 3049 ⁷
1652 3037 1664 3055 ‘
1758 3037 1837 3057 ⁷σ”
1856 3037 1909 3059 ’⁷1
1951 3037 1986 3044 “’
2122 3037 2305 3048 “’“”’⁷“’
2326 3037 2546 3066 ⁵⁵⁹υ¹”⁹¹⁵¹
2562 3037 2669 3068 ⁵⁸⁸⁵⁸9
2689 3037 2744 3056 ⁸³⁸
2767 3037 2788 3056 ⁵
2810 3037 2884 3058 αι.
2903 3037 2991 3060 "lu
3024 3037 3045 3063 ν
3061 3037 3150 3064 Ιιιθ
3174 3037 3229 3064 ει
3261 3037 3715 3083 ημυμιιιιιεδιιιῑιο

437 3041 562 3170 ξηοῗ
595 3062 696 3170 pel:
719 3048 992 3170 (ῗξίθωξω
1021 3058 1332 3128 δτωθοδνθι
1361 3067 1753 3140 Ῑηιθτβτθιδηιθ
1785 3078 2014 3150 (Ιξεοίρυο
2039 3111 2082 3168 c
2117 3085 2279 3153 tibus,
2319 3088 2370 3142 in
2407 3088 2645 3159 Catenis,
2699 3094 2749 3148 in
2796 3095 2948 3152 libris
2994 3110 3405 3170 excerptorum,
3471 3105 3524 3159 in
3586 3105 3716 3160 The-

458 3148 488 3170 n
515 3151 630 3170 nm.
708 3157 736 3170 ..
787 3159 851 3170 ..η
953 3149 1125 3170 -.εηη
1174 3154 1220 3170 ν.
1289 3155 1302 3170 .
1450 3161 1462 3170 .
1545 3162 1575 3170 -
1652 3166 1701 3170 __

435 3131 488 3188 lo
515 3135 632 3205 ejus
659 3139 873 3209 Rufino,
909 3146 1128 3207 Latinos
1171 3154 1413 3226 plerique
1448 3131 1520 3216 in-
1539 3162 1832 3224 Occidente
1859 3131 2012 3228 lecti-

436 3237 569 3283 tant.
611 3249 629 3283 ι
661 3232 969 3296 Gennadius
1019 3243 1251 3314 denique
1287 3250 1365 3322 (It)
1405 3269 1418 3306 :
1465 3270 1484 3303 ι
1537 3254 1799 3327 Evagrius
1833 3277 2011 3319 mona-

436 3318 587 3384 chus,
611 3325 883 3382 —divina
936 3339 1098 3402 atque
1140 3318 1376 3395 humana
1419 3318 1720 3404 litteratura
1755 3351 2004 3426 insignis,

431 3415 742 3483 —scripsit
781 3421 946 3476 multa
977 3430 1258 3485 monachis
1297 3437 1622 3494 necessaria.
1665 3460 1685 3494 ι

502 3503 578 3558 Ex
621 3505 685 3561 iis
715 3523 843 3563 vero
886 3512 1100 3585 Evagrii
1145 3517 1448 3580 litterarum
1497 3531 1850 3592 monimentis
1886 3553 2006 3608 qua:

429 3608 741 3664 supersunt,
791 3603 918 3659 illud
975 3611 1207 3676 primum
1260 3623 1501 3675 occurrit
1557 3623 1636 3679 sic
1682 3627 2003 3700 inscriptum

428 3685 678 3779 illovotxb;
711 3692 743 3764 ἢ
780 3694 918 3767 Περὶ
967 3705 1295 3776 πρακτικῆς,
1331 3708 1382 3763 id
1415 3717 1522 3779 'est,
1573 3685 1868 3777 Monachus

427 3773 503 3827 De
540 3777 645 3830 vita
683 3785 855 3837 activa
895 3805 908 3840 τ
940 3794 1080 3856 quod
1126 3810 1193 3848 ex
1229 3798 1629 3867 antiquioribus
1672 3822 2006 3868 memoratur

425 3863 664 3923 Palladio
701 3871 786 3941 (ε),
824 3874 1035 3933 Socrati
1072 3881 1159 3953 ω,
1205 3863 1378 3956 atque
1395 3889 1674 3950 Gennadio
1698 3899 1769 3969 (με)
1804 3863 2002 3957 (ait;

424 3972 549 4026 et-ps
561 3973 685 4014 vero
708 3966 973 4031 sequioris
999 3974 1483 4048 mviscriptoribus,
1506 3985 1684 4043 Suida:
1702 3966 1874 4060 nec
1896 4011 2000 4049 non

426 4045 724 4149 .Nit'ephoro
745 4055 861 4128 (ut).
887 4059 1201 4128 Hujusmodi
1224 4045 1404 4127 autem
1429 4045 1562 4146 opus
1580 4045 1786 4149 primus
1803 4045 1837 4140 e

421 4136 534 4198 bris
565 4145 705 4200 eruit
743 4146 1040 4210 Cotelerius
1073 4157 1172 4230 (η),
1211 4177 1276 4216 ex
1314 4165 1467 4233 cujus
1509 4171 1653 4226 edito
1702 4178 1998 4248 exemplari

419 4241 661 4286 nOStrum
705 4235 1107 4310 descripsimus.
1143 4247 1437 4319 Epistolatn
1468 4261 1711 4317 continet
1752 4269 1820 4318 ad
1852 4235 1999 4323 Ana-

417 4323 621 4390 talium,
650 4341 767 4396 qua:
797 4342 879 4385 est
907 4337 1049 4391 velut
1075 4342 1318 4408 priefatio
1366 4348 1434 4402 ad
1467 4349 1660 4407 librum
1693 4352 1995 4416 Practictms

415 4422 470 4466 ct
494 4415 557 4469 ad
592 4415 912 4479 Gnosticum.
957 4425 1105 4484 llanc
1134 4448 1263 4489 vero
1296 4440 1574 4510 excipiunt
1607 4447 1783 4515 capita
1827 4450 1886 4505 7l
1927 4467 1989 4508 ex
2029 4441 2071 4498 ο

418 4520 519 4560 ms.
553 4507 738 4581 Regio,
774 4531 944 4585 eoque
988 4524 1195 4591 mutilo,
1229 4507 1536 4602 desumpta.
1582 4507 1727 4593 Pone
1753 4543 1995 4610 sequitur

417 4594 625 4667 integer
668 4599 803 4657 liber
831 4603 1110 4667 Practicus
1150 4627 1363 4674 centum
1396 4624 1664 4703 capitibus
1695 4640 1992 4701 constans;

486 4753 563 4823 (ιι)
602 4757 816 4815 Sozam.
848 4763 882 4817 Ι.
917 4782 966 4822 c.

484 4823 558 4892 (b)
600 4828 808 4885 Socrat.
852 4834 888 4886 Ι.
915 4851 962 4890 c.

593 4895 794 4979 Eallatl.
829 4903 966 4979 l._C.,
1000 4925 1118 4979 pag,
1156 4914 1313 4972 1015,

413 4966 812 5090 Ευεξίένέιηθηιο
873 4974 910 5026 ί·
960 4966 1011 5031 εί
1058 4966 1342 5055 ἷίθ
1393 5002 1446 5047 et
1497 4993 1622 5063 796,
1661 5006 1773 5052 not.
1819 4999 1850 5052 7
1899 5018 1990 5056 sur

485 5051 636 5106 mgre.

485 5107 555 5175 le)
597 5109 815 5168 Sczotn.
849 5114 883 5167 Ι.
917 5131 964 5172 c.

484 5177 553 5272 [(I')‘
593 5179 804 5272 ISlocrat.
841 5184 982 5272 "ist.
1013 5191 1138 5272 ceti.
1174 5193 1376 5272 lil_)._tv.
1413 5217 1530 5272 cap_
1559 5207 1652 5262 25,

413 5315 431 5375 Ι
482 5249 813 5389 ἕρϐηᾶᾟξὲι.
843 5258 1003 5327 epist.
1039 5263 1140 5316 155
1165 5269 1234 5318 ad
1259 5249 1652 5347 ciciitiiiig'sﬁ
1679 5277 1819 5362 Opp.
1852 5289 1984 5336 tom.

493 5389 556 5484 ζα)
586 5390 838 5484 genusid:
871 5398 964 5455 lib.
996 5403 1072 5456 De
1105 5405 1450 5484 tiir._i{luslr.,
1486 5428 1604 5484 cap.
1633 5416 1718 5471 ll.

504 5460 542 5542 ig
581 5460 785 5542 Pallad.
882 5485 933 5524 c.
967 5487 1089 5542 pag.
1129 5476 1280 5530 1012.

399 5581 404 5588 ,
477 5529 542 5600 (j)
580 5531 791 5589 Socrat.
819 5537 853 5591 1.
879 5556 927 5593 c.

500 5601 551 5666 It)
589 5602 828 5660 Gennad.
862 5609 896 5664 Ι.
927 5628 978 5667 c.

499 5671 540 5741 ι)
579 5671 726 5731 Suid.
771 5677 893 5733 Lex.
927 5696 1055 5745 tum.
1083 5686 1144 5755 ll,
1178 5706 1298 5762 pag.
1329 5694 1454 5761 482,
1483 5715 1526 5752 υ,
1562 5700 1866 5773 Μακάριος,

2115 3193 2273 3232 sauro
2298 3183 2522 3236 ascetico
2558 3185 2685 3240 etin
2724 3183 2949 3243 Scholiis
2971 3191 3040 3243 ad
3073 3191 3416 3259 Climacum;
3465 3213 3568 3252 nec
3605 3214 3721 3255 non

2113 3266 2256 3334 apud
2291 3268 2621 3338 Palladium,
2655 3275 2964 3346 Socratem,
2999 3279 3324 3350 Climacum,
3352 3285 3709 3354 Dorotheum,

2112 3355 2403 3416 Maximum
2435 3372 2492 3418 et
2533 3363 2930 3436 Nicephorum;
2985 3371 3224 3444 itemque
3270 3376 3323 3430 in
3372 3379 3714 3436 Damasceuo

2111 3447 2250 3505 Billii
2273 3461 2328 3506 et
2365 3453 2606 3513 Palladio
2650 3457 2971 3531 Bigotiano;
3019 3467 3114 3520 sed
3161 3465 3538 3526 difﬁcultatem
3570 3476 3712 3543 parit

2112 3555 2216 3596 non
2244 3543 2592 3615 mediocrem,
2633 3551 2777 3619 quod
2808 3551 2927 3608 fuse
2978 3557 3267 3624 probatum
3305 3570 3391 3616 est
3436 3577 3468 3616 a
3509 3565 3711 3632 doctis,

2106 3648 2381 3706 —nempe
2425 3640 2612 3696 eadem
2663 3657 2788 3697 cum
2835 3645 2888 3700 in
2935 3646 3088 3704 libris
3138 3650 3439 3721 impressis,
3494 3666 3609 3712 tum
3654 3660 3707 3713 in

2107 3728 2506 3797 exemplaribus
2530 3747 2692 3789 manu
2734 3739 2996 3801 exaratis,
3037 3741 3197 3796 modo
3242 3742 3498 3815 Evagrio,
3546 3751 3706 3804 modo

2107 3813 2226 3871 Nilo
2281 3820 2568 3890 assignari.
2597 3842 2618 3878 ι
2674 3824 2789 3882 Huc
2836 3842 3008 3898 usque
3051 3831 3132 3885 vir
3182 3813 3454 3891 eruditus.
3511 3835 3699 3908 Neque

2107 3905 2264 3963 aliter
2295 3909 2581 3968 Suaresius
2629 3915 2728 3988 (ξε),
2769 3919 2860 3988 qui
2901 3929 2954 3974 et
2999 3921 3125 3978 alibi
3175 3923 3376 3983 litteris
3412 3905 3697 3986 commen-

2105 3997 2346 4074 davitiy)
2378 4002 2734 4075 Holstcnium,
2791 4027 2840 4065 v.
2888 4012 2958 4068 cl.
3016 4013 3318 4089 harumque
3365 4035 3548 4077 rerum
3587 4025 3699 4079 cal-

2103 4087 2484 4161 lentissimum,
2515 4112 2584 4153 ex
2612 4099 2964 4172 inscriptione
3001 4111 3203 4166 vetusti
3231 4087 3450 4169 codicis
3504 4116 3699 4172 biblio-

2104 4182 2276 4240 thecae
2317 4184 2626 4247 Barberinte
2673 4191 2886 4253 libellos
2941 4209 3052 4256 tres
3095 4201 3162 4257 de
3216 4204 3412 4273 quibus
3464 4211 3695 4280 agimus,

2101 4271 2331 4347 Evagrio
2352 4294 2621 4349 asserere,
2655 4300 2793 4355 quos
2819 4302 3107 4361 propterea
3126 4294 3487 4354 Cotelerianis
3517 4303 3700 4366 subje-

2098 4365 2295 4426 cimus.
2321 4368 2461 4426 Sunt
2491 4384 2671 4430 autem
2697 4378 2960 4446 ejusmodi
2998 4401 3010 4438 :
3039 4383 3076 4450 l,
3108 4386 3399 4456 Κεφάλαια
3458 4390 3543 4460 λγ⁹
3575 4365 3696 4448 κᾷτ’

2097 4457 2440 4530 ἀκολουθίαν,
2476 4463 2666 4534 Capita
2693 4470 2762 4524 55
2778 4488 2874 4540 per
2900 4477 3098 4543 gradus
3121 4481 3378 4548 quosdam
3402 4457 3696 4553 congruen-

2099 4561 2176 4605 ter
2224 4553 2478 4622 disposita
2503 4573 2522 4612 :
2553 4557 2615 4624 ll,
2650 4561 3032 4635 Πνευματικαὶ
3066 4571 3283 4643 γνῶμαι
3322 4576 3469 4628 κατὰ
3511 4579 3691 4649 axes-

2097 4640 2282 4713 ὁητον,
2310 4644 2624 4714 Spirituales
2654 4659 2924 4711 sententia:
2953 4676 3045 4727 per
3072 4640 3407 4732 alphabetum
3443 4640 3688 4738 digesta,

2168 4794 2262 4880 (ut)
2286 4795 2717 4880 ’NicephLIIist.
2746 4807 2873 4880 εδει.
2907 4807 3104 4880 lib.__xr,
3136 4826 3292 4880 capp.
3328 4813 3418 4878 42,
3448 4817 3542 4872 45.

2097 4868 2245 4990 10ξὲι)
2283 4869 2455 4924 (Iotel.
2509 4871 2750 4928 Monum.
2785 4875 2930 4932 Eccl.
2982 4868 3253 4936 Gratoni.‘
3281 4881 3370 4950 Ill,
3399 4868 3560 4957 pagg.
3588 4887 3685 4942 68-

2191 5007 2239 5077 ο)
2281 5007 2491 5064 Socrat.
2523 5012 2557 5068 Ι.
2593 5029 2642 5070 c.

2191 5007 2239 5077 ο)
2281 5007 2491 5064 Socrat.
2523 5012 2557 5068 Ι.
2593 5029 2642 5070 c.

2166 5007 2244 5157 ἕρ)
2279 5078 2453 5157 ρρςει.
2491 5085 2605 5157 Ιτε.
2639 5100 2796 5155 pagg.
2829 5086 2932 5142 546
2963 5105 3080 5157 seq.

2164 5147 2238 5226 ςᾳ)
2273 5146 2493 5226 Iillem.
2521 5146 2652 5226 t._c.'
2677 5146 2832 5226 pagg.
2861 5159 2984 5222 584,
3020 5146 3146 5216 3'85.

2189 5223 2232 5285 r)
2271 5217 2522 5309 Fontth
2557 5217 2701 5278 Hist.
2747 5217 2921 5281 7itter.
2973 5217 3153 5301 Aquit.
3200 5233 3293 5286 lib.
3341 5251 3395 5300 v,
3448 5251 3570 5309 cap.
3619 5238 3670 5306 9,

2091 5285 2119 5358 §
2157 5285 2389 5365 43.9%.88-
2417 5291 2705 5365 519}qu-

2167 5358 2235 5440 (ξ)
2271 5357 2694 5440 Ρόεδὶηλξζνιεξξ
2708 5377 2869 5440 asset.
2901 5385 3060 5440 pagg.
3087 5370 3350 5427 545-403.

2161 5430 2234 5509 ςιλ
2264 5426 2419 5509 {eam
2467 5434 2627 5489 Clim.
2654 5434 2800 5491 Scal.
2833 5426 3037 5504 parad?
3057 5426 3208 5509 grad.
3237 5426 3323 5498 l4.

2185 5498 2240 5577 ιι)
2282 5499 2593 5577 Nihopusc.
2628 5520 2783 5577 pagg.
2819 5498 3077 5565 343-552:

2187 5573 2239 5646 υ)
2276 5569 2456 5646 ροιειζ
2499 5573 2537 5632 l.
2571 5569 2778 5646 ρίρᾶξ.
2813 5579 2936 5634 ΒΗ.

2273 5639 2491 5728 ξυραεεξες
2526 5646 2591 5700 ad
2613 5639 2936 5728 Nili'ppusc.
2975 5667 3130 5728 pagg.
3166 5655 3434 5716 διδ-626.

2159 5716 2234 5779 (y)
2275 5709 2350 5765 Id.
2377 5713 2506 5769 ibid.
2542 5730 2698 5789 pagg.
2736 5709 2833 5774 (ill
2874 5709 3026 5792 seqq.
