3884 6278
179 398 322 456 1217

1196 393 1562 464 ,ΕνΑοῐιιυδ
1600 391 1964 452 PONTICUS.
2007 425 2076 436 —
2114 391 2421 451 ΝΟἸΙΤΙΑ.

3311 393 3451 453 1218

176 531 305 588 quae
341 493 698 572 numerantur
724 515 818 570 25.
848 513 927 570 Ex
956 514 1041 570 his
1069 529 1198 571 vero
1224 531 1342 586 qua:
1375 526 1456 572 est
1497 517 1534 571 2
1576 517 1772 571 citatur
1797 532 1846 590 Α
1876 530 2000 570 num
2031 514 2198 571 fuisse
2245 515 2474 570 divisum
2507 531 2521 568 :
2554 533 2572 567 ι
2622 514 2817 585 quibus
2846 531 2912 573 ex
2960 516 3140 573 verbis
3185 527 3448 590 prteterea

174 617 432 665 asancto
465 607 672 662 Joanne
699 605 1031 661 Damasceno
1063 605 1159 677 (al.
1193 605 1278 664 lll.
1325 607 1458 662 Alite
1486 609 1768 662 sententia:
1871 614 2082 661 constat
2110 646 2124 668 .
2171 606 2496 676 scriptorem
2546 616 2787 661 nostrum
2847 605 2901 662 in
2948 623 3047 663 suo
3097 609 3450 666 Antirrhetico

169 715 303 772 quae
331 700 615 769 incipiunt,
643 697 811 771 Ἀρχὴ
841 697 1082 768 ἀγάπης,
1110 697 1438 767 Principium
1468 698 1762 764 charitatis,

1871 698 2116 769 nuspiam
2152 717 2170 749 ι
2201 699 2269 753 de
2297 697 2618 752 virtutibus»
2657 698 3028 754 disserendum
3055 700 3154 756 sibi
3181 703 3449 772 sumpsis-

171 801 414 861 suntque
446 804 671 845 numero
693 789 784 847 26.
819 787 1021 854 Harum
1061 799 1242 843 autem
1269 800 1602 859 postremam
1643 800 1766 842 tan-
1869 805 1944 854 se,
1979 791 2071 859 qui
2112 791 2369 845 nimirum
2411 809 2430 843 ι
2459 792 2713 846 vitiorum
2742 811 2761 843 ι
2795 792 3056 848 duntaxat
3105 813 3122 846 ι
3153 797 3447 867 suggestioo

173 899 343 955 quam
391 898 459 938 ex
490 881 728 952 Evagrio
762 882 1102 950 desumptam
1139 879 1334 934 recitat
1378 879 1518 934 idem
1569 880 1764 934 Dama-

173 991 379 1033 scenus
407 975 506 1048 (ὁ).
533 973 722 1044 Itaque
756 988 880 1028 cum
920 988 988 1028 ex
1028 973 1272 1028 codicum
1317 987 1448 1028 mss.
1492 971 1616 1036 fide,
1651 980 1761 1025 tum

165 1081 242 1122 ex
275 1061 522 1122 veterum
549 1063 870 1118 auctoritate
914 1072 1248 1130 compertum
1280 1061 1385 1128 sit,
1427 1061 1527 1116 hos
1556 1061 1762 1116 libellos

165 1154 349 1210 sancti
387 1152 491 1207 Nili
520 1152 791 1222 opusculis
817 1166 1100 1221 perperam
1130 1150 1298 1206 fuisse
1337 1151 1593 1218 intextos,
1626 1167 1761 1222 quos

168 1247 431 1302 nimirum
456 1244 577 1314 jure
603 1242 710 1300 sibi
737 1242 973 1298 vindicat
1007 1251 1192 1297 noster
1219 1240 1503 1313 Evagrius.

248 1337 337 1394 IV.
361 1336 482 1392 Jam
518 1351 646 1392 vero
684 1343 744 1389 ut
776 1334 980 1403 reliqua
1011 1332 1226 1403 Evagrii
1276 1331 1534 1404 opuscula
1571 1345 1757 1386 recen-

161 1446 298 1487 sere
323 1443 631 1499 pergamus,
655 1435 834 1482 exstat
858 1425 977 1495 ejus
1012 1443 1030 1475 ι
1059 1424 1440 1479 Antirrheticus
1467 1439 1530 1479 ex
1562 1424 1756 1481 divinis

164 1521 473 1591 Scripturis
499 1517 759 1574 collectus
800 1523 988 1571 contra
1018 1515 1290 1569 daemones
1335 1525 1661 1582 lentatores,
1703 1524 1758 1572 et

163 1615 229 1669 in
285 1622 407 1668 octo
454 1619 636 1682 partes
672 1607 876 1662 divisus
905 1605 1060 1678 juxta
1105 1620 1386 1661 numerum
1438 1615 1561 1661 octo
1606 1608 1755 1678 c0gi-

161 1705 459 1759 tationum.
491 1719 511 1754 ι
574 1697 752 1754 Verba
828 1707 954 1754 sunt
1003 1695 1245 1752 Socratis
1276 1715 1290 1752 :
1321 1696 1406 1752 cui
1459 1697 1755 1753 concinunt

165 1797 464 1862 Palladius,
503 1793 838 1861 Gennadius,
886 1791 1084 1847 Suidas
1123 1801 1178 1847 et
1209 1791 1547 1861 Nicephorus
1580 1791 1635 1845 ll.
1667 1806 1750 1848 cc.

165 1891 349 1960 Atque
373 1886 530 1956 hujus
559 1887 775 1956 quidem
822 1884 1008 1954 scripti
1038 1883 1497 1955 ἀποσπασμάτιον
1524 1898 1644 1939 esse
1672 1885 1744 1937 vi-

169 1981 331 2038 detur
363 1979 513 2044 illud,
561 1978 706 2049 quod
755 1977 809 2032 in
865 1975 1208 2032 bibliothecis
1253 1975 1474 2030 Patrum
1517 1984 1574 2030 et
1612 1975 1754 2029 inter

157 2087 336 2144 opera
377 2068 696 2126 Damasceni
719 2068 831 2138 jam
866 2067 956 2122 diu
993 2067 1238 2136 prodiit:
1271 2065 1328 2121 in
1376 2079 1442 2122 eo
1482 2064 1752 2135 siquidem

167 2164 318 2221 haud
378 2170 692 2231 coinparent
755 2159 1068 2215 testimonia
1131 2173 1163 2214 e
1218 2157 1392 2214 sacris
1457 2155 1752 2228 Scriptnris

165 2257 477 2324 desumpta,
508 2267 628 2321 quae
652 2251 799 2321 operi
829 2266 928 2306 suo
972 2251 1276 2306 intexuerat
1317 2255 1528 2312 auctor,
1572 2254 1630 2302 ut
1673 2255 1754 2302 te-

163 2357 384 2407 stantur
422 2355 630 2402 veteres
657 2345 948 2413 scriptores
975 2345 1134 2412 modo
1175 2340 1398 2394 laudati.
1448 2341 1524 2393 Ea
1559 2339 1752 2394 videli-

163 2449 258 2496 cet
284 2451 562 2495 sacrarum
590 2435 918 2490 Litterarum
955 2431 1070 2487 loca
1113 2430 1479 2502 praeterierint
1523 2429 1749 2495 librarii,

161 2530 395 2588 retentis
438 2526 807 2584 tantummodo
837 2523 1053 2596 Evagrii
1093 2523 1292 2588 verbis,
1335 2535 1456 2592 qua:
1495 2521 1753 2592 graphice

163 2635 367 2692 pravas
401 2618 680 2674 hominum
709 2614 1068 2686 cogitationes
1110 2612 1494 2682 depingebant.
1524 2611 1602 2666 lta
1627 2610 1753 2678 jure

167 2712 378 2782 optimo
419 2708 694 2765 censuisse
746 2706 1090 2763 existimatur
1117 2773 1122 2778 ί
1153 2702 1552 2760 eruditissimus
1594 2701 1753 2773 Bigo—

164 2807 299 2870 tius,
345 2802 436 2873 qui
474 2801 719 2856 Graecum
753 2798 912 2869 hujus
959 2805 1222 2852 tractatus
1257 2804 1464 2851 textum
1505 2809 1572 2851 ex
1603 2795 1752 2864 .duo-

165 2898 272 2950 bus
297 2893 572 2949 codicibus
595 2891 761 2961 regiis
795 2890 1131 2953 exseribens,
1173 2889 1458 2958 utriusque
1492 2903 1594 2944 ms.
1637 2889 1750 2944 col-

165 2987 374 3040 latione
416 2984 660 3038 instituta
696 2983 869 3051 ipsum
908 2982 960 3036 in
1013 2981 1611 3052 integrum'restituere
1655 2996 1752 3052 ag-

163 3091 384 3146 gressus
434 3084 557 3140 est,
605 3063 767 3143 atque
812 3089 956 3127 anno
1010 3073 1145 3128 1680
1199 3071 1423 3129 Parisiis
1472 3074 1524 3128 in
1571 3073 1746 3128 lucem

1870 897 1964 937 nes
1996 902 2015 936 ι
2057 881 2449 954 impugnandas
2474 893 2808 953 susceperat.
2840 885 2970 938 illud
3000 900 3214 955 quoque
3240 887 3452 943 accedit

1866 971 2154 1043 Evagrium
2200 973 2465 1042 ejusmodi
2502 976 2819 1044 epusculum
2877 995 2894 1028 ι
2919 976 3205 1032 Anatolio»
3239 978 3452 1035 inscri-

1863 1065 2052 1134 psisse,
2078 1066 2162 1120 cui
2190 1066 2438 1122 videlicet
2467 1067 2658 1120 librum
2688 1063 2990 1121 Practicum
3036 1082 3194 1124 antea
3232 1085 3446 1125 nuncu-

1861 1154 2219 1226 parat.Atqui
2251 1156 2455 1212 nullum
2481 1171 2546 1211 ex
2588 1158 2652 1212 iis
2697 1159 3107 1214 characteribus
3152 1161 3204 1214 in
3242 1160 3446 1230 Conﬂi-

1860 1255 1946 1301 σω
2001 1249 2250 1303 virtutum
2299 1259 2346 1303 et
2387 1250 2629 1304 vitiorum
2676 1251 3063 1318 conspicimus.
3118 1250 3251 1320 Ejus
3297 1252 3443 1307 enim

1859 1350 2065 1404 auctor,
2099 1343 2344 1412 quisquis
2377 1342 2563 1404 fuerit,
2611 1343 2664 1396 in
2700 1353 2884 1411 partes
2931 1355 3025 1398 aut
3061 1344 3333 1399 sectiones
3365 1344 3446 1398 vi-

1857 1431 1989 1499 ginti
2024 1433 2265 1502 quinque
2312 1448 2448 1502 Opus
2492 1448 2648 1487 suum
2696 1434 3013 1490 diSLinxisse
3057 1436 3440 1504 comperitur:

1863 1523 1916 1577 in
1942 1538 2168 1593 quarum
2197 1523 2426 1595 singulis
2450 1539 2554 1578 non
2586 1523 2760 1580 solum
2799 1543 2815 1576 ‹
2838 1525 2966 1580 vitia
2997 1543 3016 1577 ι
3059 1526 3321 1594 exagitat,
3349 1528 3446 1582 sed

1816 1679 1825 1687 ο
1865 1614 2030 1670 etiam
2082 1633 2102 1667 ι
2137 1616 2406 1671 virtutes)
2438 1614 2586 1670 vitiis
2612 1617 2887 1685 oppositas
2934 1617 3143 1672 edocet.
3201 1617 3284 1672 Ad
3327 1617 3446 1673 haec

1855 1707 2056 1762 nemini
2089 1707 2282 1764 librum
2315 1717 2679 1776 nuncupatum
2714 1709 2920 1764 videas.
2983 1708 3175 1764 Stilum
3210 1709 3447 1780 denique

1856 1799 2088 1856 clamare
2122 1801 2447 1870 scriptorem
2485 1799 2736 1855 Latinum
2771 1799 3062 1871 perspiciet
3097 1815 3250 1867 sane,
3295 1801 3445 1869 quis-

1857 1889 1979 1958 quis
2026 1904 2163 1959 opus
2209 1899 2416 1948 attente
2453 1891 2762 1962 perlegerit.
2821 1889 3010 1956 Qualia
3052 1904 3182 1945 vero
3231 1905 3445 1959 cunque

1855 1978 1962 2032 sint
2015 1993 2134 2049 qua:
2179 1995 2278 2051 pro
2328 1982 2571 2036 muneris
2611 1980 2786 2036 nostri
2832 1979 3040 2034 ratione
3097 1979 3446 2036 edisserenda

1853 2067 2128 2134 duximus,
2181 2082 2245 2123 ea
2288 2069 2505 2124 demum
2542 2069 2724 2124 omnia
2771 2068 2904 2123 viris
2961 2067 3189 2122 eruditis
3241 2068 3441 2136 dijudi-

1854 2159 2026 2214 canda
2057 2159 2440 2228 permittimus.

1926 2250 1990 2306 ν.
2027 2253 2198 2308 Porro
2232 2253 2446 2323 Evagrii
2499 2254 2850 2310 Antirrhetico
2898 2255 3034 2312 duos
3070 2254 3278 2310 libellos
3315 2253 3443 2308 sub-

1854 2343 2109 2410 didimus,
2136 2359 2270 2413 quos
2301 2345 2372 2399 ita
2399 2344 2582 2400 laudat
2610 2346 2862 2401 Socrates
2891 2348 2966 2416 (g)
2996 2365 3010 2402 :
3037 2345 3277 2418 Στιχηρὰ
3311 2345 3440 2401 δύοξ

1853 2432 1912 2488 ἒν
1936 2433 2074 2505 πρὸς
2097 2435 2223 2497 τοὺς
2242 2436 2300 2488 ἐν
2326 2435 2438 2498 τοῖς
2480 2435 2769 2499 κοινοὸίοις
2801 2437 2833 2507 ἢ
2867 2438 2926 2490 ὲν
2962 2439 3232 2502 συνοδὶαις
3273 2453 3445 2508 μοναυ-

1851 2524 2009 2595 χούςο
2041 2525 2136 2580 καὶ
2163 2525 2221 2579 ἓν
2259 2526 2397 2597 πρὸς
2415 2526 2516 2598 τὴν
2547 2527 2838 2599 παρθένον.
2892 2529 2948 2583 Id
2978 2539 3083 2595 est,
3122 2528 3331 2598 Valesio
3361 2530 3442 2584 in-

1856 2624 2134 2684 terprete:
2168 2633 2187 2667 (
2229 2616 2342 2670 Duo
2370 2617 2675 2671 carminum
2717 2618 2900 2685 libros,
2947 2619 3178 2674 alterum
3223 2619 3290 2673 ad
3330 2634 3443 2675 nio-

1853 2707 2059 2764 nachos
2082 2706 2177 2776 qui
2220 2707 2275 2762 in
2324 2709 2591 2764 ctenobiis
2641 2725 2736 2764 seu
2788 2710 3302 2782 congregationibus
3346 2713 3442 2765 de-

1853 2807 2007 2868 gunt,
2049 2800 2280 2854 alterum
2308 2801 2389 2853 ‘ad
2411 2800 2710 2872 'virginem.
2742 2821 2761 2855 ι
2826 2804 2899 2858 De
2950 2803 3035 2858 his
3074 2812 3253 2857 autem
3289 2802 3441 2857 libris

1851 2889 1966 2943 haec
1990 2889 2304 2942 summatim
2340 2887 2704 2961 Hieronymus
2736 2890 2813 2962 (lt)
2842 2909 2857 2946 :
2889 2909 2908 2942 ‹
2937 2891 3197 2962 Evagrius
3249 2891 3440 2947 Ponti-

1849 2996 1947 3036 cus
1994 2981 2212 3047 lberita,
2247 2999 2268 3034 ι
2318 2980 2436 3036 sive
2490 2981 2710 3048 lborita,
2772 2983 3006 3038 «scribit
3062 2984 3128 3037 ad
3179 2984 3436 3054 virgines.

1850 3073 2042 3130 scribit
2081 3073 2148 3129 ad
2181 3075 2495 3131 monachos.
2521 3093 2540 3126 ›
2577 3074 2890 3130 Gennadius
2939 3089 3065 3128 vero
3100 3091 3115 3130 :
3159 3094 3177 3126 ε
3207 3075 3442 3146 Compo-

163 3167 376 3229 elluxil.
402 3163 881 3261 .Palladiiltli‘alogo
908 3164 972 3218 de
1018 3162 1140 3216 Vita
1170 3160 1230 3217 S.
1267 3161 1492 3261 Joannis
1521 3162 1747 3234 Chryso-
1783 3201 1826 3261 ο
1859 3165 1988 3232 suit,
2013 3183 2032 3218 ι
2065 3165 2256 3236 inquit,
2297 3185 2316 3219 ι
2337 3176 2392 3221 et
2416 3166 2704 3222 cmnobitis
2740 3177 2795 3221 et
2839 3166 3102 3235 synoditis
3133 3167 3438 3222 doctrinam

162 3257 324 3310 stomi
350 3253 618 3324 adjectum
666 3251 757 3324 (c).
790 3252 975 3308 Graeca
1005 3266 1167 3322 porro
1203 3267 1269 3306 ex
1294 3251 1575 3322 Bigotiano
1613 3253 1756 3308 edito

164 3346 595 3416 descripsimus,
645 3344 886 3413 apposita
931 3331 1648 3413 vulgata‘interpretatione
1702 3344 1755 3399 in

165 3436 491 3490 Bibliotheca
526 3433 747 3488 Patrum
785 3432 1079 3490 Parisiensi
1132 3443 1406 3501 exstante;
1453 3448 1626 3504 neque
1665 3435 1756 3489 illa

164 3534 431 3597 praeterea
472 3525 776 3591 omisimus,
825 3538 944 3594 qua:
992 3525 1046 3578 in
1086 3537 1186 3579 suo
1219 3522 1513 3591 exemplari
1547 3523 1758 3594 legebat

165 3626 324 3672 vetus
367 3617 656 3686 interpres,
698 3616 812 3671 sive
846 3615 1094 3682 Ruﬁnus,
1143 3615 1258 3670 sive
1300 3613 1627 3681 Gennadius,
1687 3629 1753 3669 ex

164 3709 292 3764 aliis
330 3709 582 3774 fortasse,
631 3716 694 3763 ut
739 3708 953 3762 videtur
998 3706 1345 3763 Tillemontio
1379 3705 1480 3777 (Δ),
1537 3705 1750 3778 Evagrii

163 3799 636 3856 lucubrationibus
670 3799 918 3855 asceticis
951 3808 1229 3867 excerpta.

246 3897 318 3951 Et
352 3894 464 3949 haec
504 3891 720 3962 quidem
755 3891 823 3946 de
883 3890 1126 3945 auctoris
1171 3891 1341 3945 nostri
1404 3890 1752 3945 Antirrhetico

165 4008 294 4052 cum
337 3989 671 4045 eruditorum
723 3983 900 4053 vulgo.
937 3980 1248 4037 Holstcnius
1295 3991 1499 4048 tamen,
1551 3993 1611 4038 ut
1662 3997 1752 4038 re-

168 4088 280 4143 fert
329 4078 665 4136 Fontaninus
709 4089 779 4130 ex
826 4073 945 4145 ejus
987 4074 1131 4129 notis
1163 4088 1294 4129 mss.
1333 4073 1401 4128 ad
1440 4071 1750 4128 Bellarmini

165 4175 485 4243 Catalogum
526 4168 622 4240 (e),
653 4166 987 4224 existimavit
1028 4165 1389 4236 Evagrianum
1431 4165 1753 4218 Antirrlteti-

166 4285 293 4324 cum
319 4264 567 4322 eumdem
594 4274 718 4316 esse
747 4268 914 4328 atque
941 4257 1141 4326 librum
1188 4255 1267 4310 De
1297 4256 1538 4325 conﬂictu
1586 4257 1752 4310 virtu--

167 4373 282 4416 tum
315 4368 364 4412 et
393 4355 656 4418 vitiorum,
692 4350 896 4404 sanctis
926 4346 1180 4404 Ecclesiae
1207 4345 1538 4409 doctoribus,
1567 4343 1751 4412 Augu-

165 4453 335 4517 stino,
379 4444 685 4508 Ambrosio,
724 4440 890 4497 Leoni
952 4437 1177 4509 Magno,
1224 4433 1432 4490 lsidoro
1489 4447 1588 4488 nec
1645 4447 1748 4486 non

1858 3268 2038 3327 aptam
2071 3258 2198 3314 vita:
2222 3259 2524 3314 communis
2557 3276 2569 3311 :
2597 3267 2649 3312 et
2683 3258 2751 3311 ad
2792 3259 3029 3328 virgines
3048 3257 3157 3312 Deo
3195 3269 3440 3314 sacratas

1857 3349 2095 3405 libellum
2129 3358 2528 3420 competentem
2557 3337 2803 3419 religioni
2829 3358 2883 3404 et
2907 3351 3080 3405 sexui.
3112 3359 3130 3401 ἡ
3200 3349 3276 3405 De
3321 3352 3442 3420 qui-

1857 3439 1960 3493 bus
2016 3437 2227 3508 quidem
2285 3439 2494 3493 duobus
2559 3437 2773 3508 Evagrii
2829 3437 3024 3494 libellis
3091 3440 3441 3507 accipiendos

1858 3527 2092 3583 fortasse
2133 3527 2330 3584 Suidas
2352 3528 2440 3583 ubi
2473 3529 2547 3583 ait
2572 3527 2658 3598 (ἱ),
2685 3543 2808 3584 eum
2839 3528 3125 3598 scripsisse
3161 3529 3438 3600 ’Υπόμνη-

1859 3635 1937 3690 μοι
1966 3620 2045 3682 εἰς
2071 3618 2170 3682 τὰς
2197 3618 2501 3690 Παροιμίας
2541 3619 2907 3690 Σολομῶντος.
2945 3619 3042 3674 His
3085 3621 3228 3675 enim
3261 3623 3441 3677 verbis

1857 3708 2105 3765 Fabricio
2137 3710 2203 3781 (j)
2239 3719 2360 3779 post
2385 3709 2654 3765 Oudinum
2696 3710 2845 3765 visus
2873 3719 2960 3765 est
2996 3710 3440 3782 Lexicographus

1858 3800 2099 3856 innuisse
2135 3800 2370 3874 στιχηρὰ
2417 3799 2629 3857 Socrati
2687 3809 3018 3868 memorata,
3063 3802 3176 3857 sive
3221 3801 3441 3857 Senten-

1855 3891 2051 3946 tiarum
2079 3891 2249 3946 libros
2282 3892 2437 3958 duos,
2469 3905 2606 3961 quos
2644 3898 2836 3946 auctor
2877 3889 3183 3947 Salomonis
3209 3891 3440 3947 Prover-

1855 3981 1942 4036 bia
1969 3981 2210 4036 imitatus
2267 3995 2364 4052 per
2389 3989 2658 4036 commata
2713 3989 2771 4036 et
2833 3979 3050 4050 στίχους
3092 3981 3435 4050 conscripsit.

1856 4071 2175 4142 Huiusmodi
2208 4086 2338 4127 vero
2367 4070 2602 4142 στιχηρὰ
2638 4069 2888 4124 Rufinum
2923 4069 3079 4124 Latio
3118 4069 3438 4137 reddidisse,

1857 4167 1990 4220 satis
2017 4179 2085 4220 ex
2131 4163 2410 4220 Gennadio
2448 4163 2832 4231 intelligimus;
2883 4161 2975 4232 qui
3035 4161 3233 4216 litteris
3287 4175 3442 4218 com-

1855 4255 2131 4308 mendavit
2163 4253 2260 4323 (It),
2324 4253 2572 4308 eumdem
2607 4253 2979 4321 presbyterum
3031 4250 3434 4320 Aquileiensem

1859 4363 1878 4397 ι
1917 4343 2125 4400 Latinis
2154 4344 2465 4400 exhibuisse
2489 4362 2508 4396 ι
2548 4344 2686 4398 inter
2729 4353 2924 4398 cetera
2964 4340 3178 4410 Evagrii
3214 4351 3436 4396 senten-

1856 4439 1979 4492 tias.
2011 4437 2161 4504 Quas
2188 4436 2436 4491 videlicet
2474 4453 2493 4486 ι
2527 4435 2848 4499 sententias,
2873 4432 3160 4489 cmnobitis
3197 4441 3252 4487 et
3272 4447 3438 4502 syno-

165 4544 434 4612 Autperto
475 4537 762 4607 aliquando
803 4532 1122 4587 attribulum
1155 4527 1246 4601 (ί).
1285 4524 1422 4580 Mira
1467 4524 1627 4595 plane
1649 4523 1748 4578 Viri
1784 4531 1826 4586 D
1856 4530 2000 4597 ditis,
2026 4549 2045 4583 ι
2075 4543 2174 4584 nec
2201 4544 2306 4584 non
2358 4547 2377 4581 ι
2408 4527 2706 4597 virginibus
2750 4527 2862 4581 Deo
2905 4525 3134 4581 sacratis
3161 4545 3179 4577 ι
3241 4525 3438 4580 inscri-

167 4631 316 4688 docti
348 4627 613 4686 sententia
639 4643 656 4694 ;
686 4623 965 4694 magisque
997 4621 1216 4684 mirum,
1246 4616 1490 4672 eamdem
1520 4615 1592 4671 cl.
1619 4614 1756 4670 Fon-

172 4724 362 4781 t'anino
399 4720 637 4792 probari.
683 4716 984 4785 Quominus
1034 4726 1162 4767 vero
1213 4711 1498 4779 utriusque
1541 4707 1756 4778 placitis

169 4816 570 4875 adhaereamus,
605 4809 788 4865 obstat
812 4803 1153 4875 potissimum
1199 4799 1466 4856 Gennadii
1520 4797 1758 4852 auctori-

168 4918 281 4972 tas,
313 4901 606 4960 asserentis
641 4897 931 4968 Evagrium
983 4913 1002 4946 ι
1028 4895 1290 4948 adversus
1328 4899 1452 4947 octo
1480 4888 1754 4959 principa-

167 4995 307 5050 lium
360 4992 612 5048 vitiorum
677 4988 1052 5060 suggestiones
1095 5012 1164 5024 —-
1203 4992 1328 5038 octo
1385 4979 1758 5052 composuisse

169 5087 373 5151 libros;
405 5103 424 5136 ι
470 5083 604 5146 sive,
651 5089 710 5136 ut
739 5081 980 5150 loquitur
1008 5075 1282 5143 Socrates,
1310 5073 1463 5144 «ejus
1484 5073 1758 5128 Antirrhe-

168 5177 339 5232 ticum
370 5176 423 5230 in
463 5184 587 5230 octo
611 5181 794 5246 partes
810 5172 968 5241 juxta
992 5182 1278 5225 numerum
1319 5177 1442 5221 octo
1470 5165 1756 5234 cogitatio-

171 5327 328 5455 40ξι)
369 5327 523 5387 Joan.
575 5329 734 5384 Dam.
764 5327 914 5383 Sacr.
955 5324 1162 5379 Parall.
1190 5321 1326 5394 Opp.
1371 5333 1499 5377 tom.
1537 5319 1599 5387 ll,
1630 5336 1754 5393 pag.

253 5438 331 5540 (ὁ)
375 5470 455 5523 Id.
487 5469 612 5524 ibid.
647 5483 769 5538 pag.
801 5467 926 5523 507.

253 5541 326 5594 to)
363 5536 572 5594 Pallad.
608 5537 685 5593 De
713 5542 802 5592 vit.
829 5537 1014 5594 Clitus.
1050 5549 1205 5594 pass.
1240 5533 1486 5590 549-555

251 5541 326 5678 ξε)
363 5541 572 5620 Pallad.
608 5541 685 5593 De
713 5542 802 5592 vit.
829 5541 1014 5608 Chrys.
1050 5549 1205 5605 pagg.
1240 5541 1501 5590 549-555.

276 5611 333 5681 ά)
367 5608 586 5681 [ζιιιειη.
616 5608 652 5681 |_.
683 5624 732 5664 c.
767 5605 1054 5681 pagg._5_8‘5
1081 5621 1194 5674 seq.

277 5677 328 5759 ς)
363 5678 600 5759 fonta‘n.
634 5678 669 5730 l.
702 5695 751 5759 ο..
784 5677 905 5759 pag.
932 5677 1059 5752 519.

277 5682 328 5820 εἴ
367 5682 600 5759 Fontan.
634 5682 669 5730 Ι.
702 5695 751 5733 c.
784 5693 905 5748 pag.
932 5682 1059 5732 519.

167 5683 304 5875 mgf
320 5749 481 5886 sevqlél'.
519 5749 761 5820 Append.
791 5750 858 5804 ad
883 5756 1012 5803 tom.
1055 5744 1120 5803 Vl
1147 5761 1293 5820 'opp.
1323 5746 1381 5803 S.
1417 5745 1552 5814 Aug.
1596 5754 1753 5812 pagg.

320 5836 471 5886 seqq.

1861 4633 2004 4691 ptas,
2039 4621 2228 4676 eodem
2264 4619 2546 4675 Gennadio
2578 4627 2731 4682 teste,
2757 4630 2822 4671 ex
2855 4615 3300 4686 interpretatione
3326 4613 3438 4669 Ru-

1860 4713 1950 4766 fini
1983 4712 2140 4768 nobis
2168 4712 2402 4766 servavit
2430 4712 2481 4765 in
2512 4725 2610 4765 suo
2639 4708 2830 4764 Codice
2864 4707 3185 4778 Regularum
3214 4707 3280 4760 ab
3304 4706 3436 4760 Hol-

1857 4803 2031 4857 stenio
2055 4801 2308 4870 evulgato
2347 4801 2409 4873 (ι)
2455 4809 2676 4855 sanctus
2705 4797 3030 4853 Benedictus
3063 4797 3388 4852 Anianensis
3418 4813 3434 4852 :

1858 4893 2002 4948 unde
2036 4893 2154 4949 illas
2193 4908 2291 4948 nos
2336 4907 2552 4962 quoque
2594 4891 3015 4959 desumpsimus.
3055 4889 3323 4944 Caeterum
3369 4890 3436 4944 de

1857 4985 2152 5055 synoditis,
2211 4983 2303 5052 qui
2357 4993 2484 5040 sunt
2543 4983 2706 5038 iidem
2778 4982 2939 5051 plane
3008 4996 3071 5038 ac
3124 4980 3433 5047 cmnobitte,

1857 5077 2090 5148 Cangius
2117 5078 2228 5146 agit
2266 5077 2319 5131 in
2352 5087 2580 5145 utroque
2611 5074 2902 5130 Glossario.

1936 5166 2023 5221 Vl.
2063 5167 2344 5223 Postremo
2372 5167 2489 5222 loco
2537 5165 2774 5220 stitimns
2814 5164 3030 5233 Evagrii
3069 5163 3431 5232 fragmentum

1951 5326 2002 5396 9)
2046 5324 2261 5396 Spcrat.
2292 5324 2438 5396 Ιζὶει.
2467 5326 2592 5380 eccl.
2623 5326 2716 5396 lib.
2752 5340 2825 5386 tv,
2854 5338 2974 5396 cap.
3004 5321 3100 5377 25.

1953 5394 2008 5468 It)
2038 5395 2272 5468 iiiieron.
2304 5394 2476 5465 Epist.
2515 5397 2583 5468 ut!
2615 5395 2916 5468 Clesipltal.
2956 5409 3005 5447 c.

1953 5461 2000 5533 i)'
2030 5466 2182 5536 Sruid.
2214 5461 2361 5536 Leg.’
2383 5477 2512 5536 tom.
2541 5467 2580 5531 l,
2615 5482 2735 5536 pag.
2754 5461 2904 5536 358d,
2932 5479 2980 5516 υ.
3012 5461 3304 5536 Egypt-0;-

1949 5532 1999 5604 ἰ)
2037 5535 2254 5591 Fabric.
2283 5535 2426 5590 Bibl.
2452 5534 2544 5590 Gr.
2581 5532 2712 5589 tom'.
2754 5532 2885 5597 Vlll,
2925 5548 3044 5604 pag.
3064 5533 3190 5604 566.

1928 5602 2002 5677 (lt)
2041 5605 2286 5677 Gennad.
2320 5607 2412 5662 lib.
2443 5605 2520 5660 De
2545 5607 2644 5677 vir.
2676 5605 2874 5677 illustr.
2906 5602 3150 5677 cap'._i8.

1857 5641 2028 5804 “222’s
2041 5641 2292 5734 ἷιΐῖὲὶὲἓζ
2320 5641 2644 5749 "imiimi."
2672 5641 3193 5742 {timebiwitégiiu
3267 5681 3420 5740 pagg.
