3888 6284
489 325 627 382 lil9

1577 333 1851 394 PATRES
1891 336 2195 394 ᾹΞΟῩΡΤΙΙ
2237 341 2505 398 ΞᾹΞΟΗΙᾹ
2550 345 2636 398 IV.

3611 355 3744 411 £229

487 453 580 533 seu
613 439 852 533 :«holion
898 444 979 508 είς
1016 445 1078 498 τὺ
1125 445 1292 533 mm,
1348 444 1466 499 sive
1518 445 1596 501 De
1629 457 2063 520 tetragrammato
2094 458 2138 514 Α
2168 473 2285 524 quae
2322 457 2464 514 inter
2491 457 2665 514 sancti
2696 457 2799 514 Nili
2844 461 3101 529 opuscula
3133 469 3309 517 exstat
3351 463 3447 533 (Γ),
3490 469 3748 533 quemad-

490 527 586 582 l).'i
617 532 822 586 nomine
843 546 862 585 :
888 533 1030 601 quod
1065 532 1320 602 licet-jam
1364 535 1510 589 velut
1545 537 1828 607 scriptoris
1853 553 2062 610 anony-

489 619 562 673 mi
598 619 764 674 fetum
798 624 1027 678 ediderit
1053 623 1288 680 Joannes
1321 626 1514 682 Croius
1553 627 1667 698 (α),
1713 641 1932 700 propter
1967 646 2064 685 no-

491 725 611 764 men
640 719 816 767 tamen
846 713 1090 786 Evagrii,
1127 725 1181 770 et
1208 717 1333 785 quia
1365 720 1696 787 insigneesl,
1726 722 2065 776 emendatius

491 802 631 871 typis
662 802 902 857 mandari
933 807 1144 859 curavit
1165 806 1468 863 Cotelerins
1493 809 1604 880 (li):
1651 825 1718 864 ex
1748 810 1898 878 cujus
1920 811 2065 865 edito

489 901 766 960 propterea
802 892 929 948 illud
972 896 1059 950 hic
1089 911 1276 952 rursus
1321 899 1664 968 proferimus.
1711 901 1783 956 De
1815 914 1922 969 quo
1947 900 2066 968 qui-

488 985 608 1034 dem
650 983 855 1038 scholio
878 996 1074 1054 praeter
1098 1001 1159 1042 ea
1194 1003 1316 1060 qua:
1357 989 1636 1044 adnotavit
1677 991 1818 1046 idem
1855 992 1936 1045 vir
1965 993 2060 1044 do-

488 1082 606 1124 ctus
629 1072 721 1142 (c),
746 1076 992 1130 consulas
1023 1079 1254 1134 maxime
1281 1078 1439 1134 velim
1469 1078 1836 1134 Martianzeum
1855 1079 2064 1151 (d),qui

490 1164 556 1214 ad
593 1164 731 1218 idem
788 1165 999 1235 Evagrii
1062 1168 1306 1224 scholion
1362 1170 1742 1225 illustrandum
1791 1171 2065 1240 complura

494 1265 559 1304 ex
600 1253 882 1309 codicibus
918 1272 1050 1311 mss.
1099 1259 1440 1327 putissimum
1482 1261 1709 1331 profert,
1758 1261 1899 1317 lectu
1935 1276 2065 1317 sane

497 1340 834 1408 dignissima,
877 1346 1073 1400 exinde
1127 1363 1341 1417 quoque
1388 1351 1622 1421 repetita
1669 1353 1881 1408 erudito
1937 1352 2063 1406 Val-

493 1427 656 1481 larsio
679 1433 773 1481 (ei.

515 1432 656 1486 arsio
679 1433 773 1503 (e).

2172 545 2387 600 modum
2431 547 2609 600 minus
2661 557 2807 602 recte
2867 548 3247 606 existimarunt
3308 550 3614 607 Suaresius
3675 555 3750 625 (ς)

2169 648 2401 703 eumque
2438 645 2656 692 secutus
2711 635 2989 692 Fabricius
3029 637 3128 709 (In).
3177 638 3536 712 Compertum
3585 644 3751 715 siqui-

2171 729 2289 783 dem
2330 728 2592 785 habemus
2624 744 2798 799 neque
2827 729 3041 800 Evagrii
3085 745 3209 786 esse
3246 746 3425 801 neque
3461 731 3574 788 Nili
3608 733 3753 803 ejus-

2171 819 2314 874 modi
2349 819 2651 890 epistolam,
2689 823 2782 875 sed
2813 821 2990 891 magni
3026 821 3210 876 Basilii
3238 823 3325 892 (i),
3358 834 3565 892 estque
3601 840 3748 877 num.

2171 911 2225 974 8,
2270 911 2341 965 al.
2395 911 2517 966 141.
2566 912 2620 966 ld
2657 926 2784 966 vero
2831 912 2986 966 latuit
3031 911 3308 967 Maranum
3363 914 3751 970 doctissimum

2169 1001 2561 1058 Basilianarum
2624 1004 2972 1071 epistolarum
3023 1005 3310 1070 editorem,
3369 1004 3522 1074 quod
3577 1012 3752 1060 tamen

2172 1095 2305 1149 scite
2336 1095 2610 1164 perspexit
2639 1094 2941 1150 Cotelerius
2971 1094 3062 1166 (j).

2243 1184 2394 1250 Quod
2424 1195 2687 1253 superest,
2713 1184 2943 1239 libenter
2973 1183 3221 1254 equidem
3257 1184 3361 1238 hoc
3391 1182 3621 1240 demum
3654 1183 3756 1241 loci

2173 1288 2477 1328 sermonem
2512 1275 2905 1344 apologeticum
2939 1285 3318 1340 contexerem,
3370 1291 3481 1344 quo
3524 1291 3752 1333 accusa-

2176 1367 2348 1422 tiones
2395 1367 2522 1421 olim
2569 1367 2621 1422 in
2672 1367 2959 1436 Evagrium
3005 1375 3272 1437 congestae
3313 1365 3746 1436 depellerentur;

2171 1475 2380 1522 verum,
2429 1468 2626 1528 prazter
2675 1473 2836 1528 quam
2879 1458 3021 1528 quod
3077 1467 3255 1512 actum
3300 1473 3547 1528 agerem,
3601 1467 3750 1514 extra

563 1520 686 1576 Haec
739 1523 898 1578 habui
965 1526 1028 1580 de
1084 1531 1466 1599 superstitibus
1523 1532 1736 1602 Evagrii
1802 1533 2058 1602 operibus

2185 1520 2583 1606 :onrellos-mihi
2617 1520 2943 1616 praestitutus
2964 1547 3174 1620 longius
3198 1549 3380 1618 egredi
3419 1549 3574 1602 haud
3607 1548 3749 1604 licet.

491 1628 612 1679 «lure
671 1614 927 1669 dicerem.
985 1616 1167 1687 Neque
1213 1621 1358 1674 enim
1406 1621 1614 1675 auctori
1662 1630 1848 1676 nostro
1893 1623 2064 1676 ascri-
2107 1648 2115 1656 -

2171 1640 2342 1694 Adeat
2387 1640 2549 1709 igitur
2597 1640 2764 1694 lector
2812 1639 2913 1693 hac
2963 1639 3028 1692 de
3088 1651 3148 1692 re
3177 1645 3582 1706 pertractantes
3610 1639 3750 1692 viros

491 1703 665 1756 benila
695 1713 774 1759 est
823 1704 1062 1776 Epistola
1096 1711 1395 1780 dogmatica
1448 1712 1513 1767 de
1555 1724 1736 1767 sancta
1788 1711 2068 1780 Trinitate,

2185 1703 2616 1796 consultissimos,
2636 1727 3032 1783 Tillemontium
3052 1727 3126 1799 (Ic)
3148 1703 3202 1783 et
3217 1726 3586 1784 Foutaninum
3620 1727 3703 1796 (l).

563 1902 640 1976 (ιι)
683 1902 828 1976 Qroi.
863 1901 1108 1976 S_.-_;ecim._
1126 1907 1351 1976 conject.
1381 1922 1500 1976 pag.
1517 1906 1615 1976 A30.

565 1967 644 2053 go)
682 1971 1038 2053 _C_ote.l..ld_lem.
1062 1967 1317 2053 Eccl:_'(_1r.
1348 1967 1478 2030 tom:
1513 1974 1600 2041 lll,
1635 1992 1752 2048 pag.
1798 1975 1915 2032 H0.

565 2020 642 2128 iii
665 2020 957 2128 lii-3135'?
967 2020 1128 2128 ἑξεῖ
1139 2020 1406 2128 iiiis?-

565 2109 644 2177 (d)
665 2111 911 2164 Martian.
930 2109 994 2163 ad
1017 2109 1138 2181 opp.
1159 2113 1217 2166 S.
1239 2109 1456 2173 Hieron.
1482 2123 1610 2170 tom.
1631 2112 1697 2181 Il,
1716 2129 1870 2184 pagg.
1903 2113 2038 2169 269.

568 2179 636 2250 (ei
678 2177 905 2234 Vallars.
973 2197 1098 2250 opp.
1163 2182 1222 2237 S.
1282 2183 1503 2238 Hieron.
1563 2193 1692 2239 tom.
1757 2185 1849 2250 Ill,
1901 2199 2038 2250 pagg

495 2245 750 2301 689-700.

568 2315 634 2386 (Ῑ)
669 2315 773 2372 Nil.
805 2333 990 2386 opusc.
1022 2335 1176 2390 pagg.
1210 2321 1469 2387 358-576,
1497 2323 1627 2377 edit.
1664 2321 1884 2378 Suares.

1282 2183 1503 2238 Hieron.
1563 2193 1692 2239 tom.
1757 2183 1849 2250 Ill,
1901 2199 2058 2256 pagg.

2241 1903 2316 1970 (gl
2359 1903 2577 1961 Suares.
2620 1903 2685 1957 ad
2735 1904 2838 1959 Nili
2887 1921 3073 1974 opusc.
3127 1921 3285 2028 pagg.
3327 1905 3581 1963 διο-615
3633 1920 3744 1976 seq.

2243 1975 2320 2028 (It)
2356 1973 2569 2028 Fabric.
2613 1973 2749 2027 Bibl.
2778 1973 2871 2028 Gr.
2907 1986 3036 2028 tom.
3081 1977 3120 2027 V
3151 2017 3164 2028 .
3199 1993 3317 2028 nae.
3358 1978 3485 2028 566.

2265 1975 2320 2031 Ιι)
2356 1973 2569 2031 Fabric.
2613 1973 2749 2027 Bibl.
2778 1973 2871 2029 Gr.
2907 1973 3036 2030 tom.
3081 1973 3164 2039 Vl,
3199 1973 3317 2044 pag.
3358 1978 3485 2031 566.

2268 2046 2304 2115 i)
2348 2045 2505 2116 Dasil.
2538 2059 2660 2116 opp.
2695 2052 2824 2102 tom.
2855 2044 2939 2116 Ill,
2978 2061 3133 2116 pagg.
3167 2047 3346 2114 80-90,
3377 2049 3511 2102 edit.
3558 2051 3666 2105 BB.

2245 2113 2312 2183 (ἱ)
2352 2113 2524 2183 ροιθι.
2558 2114 2592 2166 Ι.
2625 2129 2675 2183 _c‘.
2707 2129 2824 2182 pag.
2857 2114 2960 2169 548
2993 2115 3045 2168 b.

2268 2180 2320 2254 Ir)
2349 2181 2576 2254 :l‘illem.
2611 2180 2929 2254 ρζέέηξεειί.
2963 2191 3096 2239 tom.
3128 2183 3197 2248 X,
3219 2200 3373 2254 pagg.
3408 2187 3682 2243 379-382.

2270 2249 2310 2321 ι)
2348 2249 2732 2331 Fontan._liist
2761 2252 2921 2308 litter.
2957 2254 3131 2325 Aquit.
3164 2249 3258 2310 lib.
3289 2249 3350 2312 νζ
3370 2271 3494 2325 cap.
3523 2259 3580 2323 9,
3606 2257 3665 2331 ᾗῇ
3690 2259 3741 2322 Ξ,

2178 2323 2232 2386 3,
2258 2319 2416 2391 pagg.
2457 2319 2712 2377 5i6-5l9.
3011 2319 3024 2325 ⁷
3259 2341 3270 2345 ·

2775 2517 3726 2538 -α-ῇμ-κ-...ι-...ν--ῇ

1016 2667 1844 2807 ΕΥΑΓΡΙΟΥ
1923 2670 2272 2804 ΤΟΥ
2341 2677 2551 2802 ΕΝ
2624 2677 3222 2804 ΣΚΙΤΕΙ.

1433 3065 1804 3182 EVAGlill
1857 3067 2331 3184 SCITENSIS
2403 3069 2814 3186 ll0NAClll

1060 3294 1476 3384 CAPITA
1553 3294 2128 3386 PBACTICA
2199 3295 2351 3384 AD
2427 3295 3185 3390 ANATOLIUM.

575 3681 709 3749 Quia
752 3693 920 3750 nuper
947 3693 977 3733 e
1017 3688 1199 3733 monte
1248 3687 1436 3734 sancto
1478 3679 1797 3749 signiﬁcasti
1847 3680 1977 3735 mihi
2006 3695 2072 3736 aa
2104 3687 2146 3743 (Γ.

502 3771 706 3826 Scetim
757 3767 1036 3830 residenti,
1067 3768 1386 3822 charissime
1418 3768 1587 3823 frater
1614 3772 1856 3838 Anatoli,
1887 3773 2072 3826 horta—

501 3873 696 3929 tusque
719 3873 798 3922 es,
826 3867 882 3911 ut
904 3857 1256 3927 symbolicum
1285 3860 1668 3914 monachorum
1692 3859 2070 3932 Egyptiorum

505 3949 747 4002 habitum
785 3947 880 4000 tibi
932 3960 1299 4016 exponerem;
1332 3961 1440 4002 non
1480 3947 1629 4015 enim
1663 3959 1866 4004 temere
1894 3961 1949 4005 et
1983 3967 2076 4007 su-

501 4052 769 4108 pervacue
799 4045 1106 4102 susceptum
1135 4037 1431 4092 arbitratus
1455 4053 1538 4104 es,
1563 4054 1684 4094 cum
1724 4041 1860 4096 adeo
1893 4043 2073 4100 diver-

502 4144 621 4184 sum
652 4130 720 4183 sit
751 4145 779 4181 a
816 4128 1038 4198 reliquis
1067 4130 1343 4184 hominum
1383 4131 1694 4198 habitibus;
1737 4148 1861 4205 age,
1893 4150 2013 4206 qua:
2039 4151 2070 4190 a

498 4220 702 4273 sanctis
745 4219 994 4274 Patribus
1025 4233 1091 4274 ea
1127 4221 1192 4276 de
1229 4235 1288 4276 re
1322 4225 1666 4292 accepimus,
1705 4225 2064 4292 proferamus.

498 4307 755 4363 Cucullus
783 4309 1032 4376 equidem
1063 4311 1277 4380 signum
1299 4319 1384 4366 est
1417 4312 1604 4381 gratia:
1635 4311 1726 4367 Dei
1761 4311 2069 4370 Servatoris

500 4396 691 4462 nosui,
725 4410 844 4464 qua:
884 4406 1086 4466 caput,
1119 4411 1305 4452 eorum
1337 4407 1544 4468 partem
1584 4401 1954 4471 principalem,
1989 4413 2069 4458 te-

495 4486 594 4554 git.
633 4495 689 4540 et
733 4486 785 4540 in
816 4485 1035 4542 Christo
1067 4486 1348 4542 infantiam
1396 4490 1683 4556 confovet,
1730 4502 1950 4561 propter
1974 4509 2068 4549 eos

500 4573 590 4640 qui
644 4587 858 4642 semper
899 4585 1164 4628 conantur
1203 4585 1484 4646 percutere
1531 4592 1594 4631 ac
1623 4578 1928 4634 vulnerare.
1965 4582 2065 4649 Qui

497 4675 628 4729 ergo
675 4660 824 4715 illum
855 4663 1034 4730 capite
1073 4673 1287 4731 gerunt,
1337 4667 1533 4720 virtute
1561 4683 1625 4721 ac
1657 4679 1922 4738 potestate
1955 4673 2066 4727 haec

499 4751 735 4818 psallunt
768 4771 782 4808 :
825 4771 844 4805 ι
897 4752 1011 4810 Nisi
1047 4753 1310 4811 Dominus
1342 4758 1692 4814 aediﬁcaverit
1738 4763 1978 4828 domum,
2013 4774 2068 4820 et

499 4843 816 4898 rustodierit
843 4843 1141 4910 civitatem,
1178 4846 1231 4901 in
1274 4863 1471 4904 vanum
1506 4849 1771 4907 laboravit
1805 4854 1894 4922 qui
1935 4857 2067 4911 aedi-

499 4930 644 4991 ﬁcat.
683 4940 738 4985 et
763 4933 854 5001 qui
885 4936 1159 4992 custodire
1188 4937 1378 4992 nititur
1404 4941 1444 4994 ¹.
1483 4959 1503 4994 ι
1530 4939 1848 5012 Huiusmodi
1879 4956 2060 5001 autem

2113 3534 2182 3549 ν.-

2263 3678 2476 3749 Ἐπειδή
2509 3697 2596 3750 μοι
2627 3681 2817 3754 πρώην
2837 3683 3146 3758 δεδήλωκας
3165 3691 3271 3744 ἀπὸ
3289 3693 3383 3746 τοῦ
3415 3697 3575 3765 ἁγίου
3603 3700 3745 3772 ὄρους

2179 3771 2249 3857 ὲν,
2271 3771 2337 3840 τῇ
2374 3770 2552 3823 Σκίτει
2587 3772 2954 3846 καθεζομένῳ,
2993 3779 3336 3836 ποθεινότατε
3368 3786 3569 3857 ἀδελφὲ
3608 3770 3743 3844 Ἀναο

2178 3854 2352 3920 τόλιε,
2398 3857 2584 3910 καὶτὸ
2631 3859 2957 3930 συμϐολικὸν
3003 3866 3188 3936 σχῆμα
3236 3869 3345 3924 τῶν
3394 3872 3454 3926 ἐν
3497 3854 3744 3948 Αἰγύπτῳ

2183 3947 2432 4016 μοναχῶν
2487 3949 2886 4022 σαφηνισθῆναί
2929 3970 3010 4008 σοι
3071 3961 3486 4030 παρεκάλεσας·
3546 3967 3604 4019 οὐ
3647 3971 3745 4041 γὰρ

2178 4035 2302 4103 εικῆ
2334 4037 2454 4090 οὐδὲ
2499 4040 2767 4109 παρέλκον
2801 4044 2932 4097 αὐτὸ
2972 4049 3280 4119 νενόμικας,
3317 4056 3592 4128 τοσαύτην
3619 4035 3746 4130 παρ-

2189 4125 2429 4197 αλλαγὴν
2464 4129 2584 4197 ἔχον
2635 4132 2786 4204 παρὰ
2818 4132 2887 4187 τὰ
2915 4135 3075 4190 λοιπὰ
3107 4142 3362 4211 σχήματα
3396 4147 3508 4200 τῶν
3547 4125 3745 4221 ανθρώ-

2180 4233 2296 4270 πων
2321 4232 2335 4248 ’
2368 4216 2522 4288 φέρε,
2547 4218 2647 4272 ὅσα
2680 4221 2830 4292 παρὰ
2846 4223 2954 4277 τῶν
2982 4225 3151 4296 ἁγίων
3177 4231 3438 4304 Πατέρων
3472 4239 3605 4308 περὶ
3631 4216 3744 4292 τοῦ.

2175 4323 2268 4361 του
2313 4309 2730 4382 μεμαθήκαμεν,
2781 4313 3204 4388 ὲξαγγείλωμεν.
3248 4321 3323 4376 Τὸ
3367 4324 3469 4394 μὲν
3523 4331 3744 4383 κουκού-

2175 4399 2286 4453 λιον
2301 4402 2377 4472 (l)
2405 4403 2669 4473 σύμϐολόν
2691 4407 2808 4459 ἐστι
2830 4407 2930 4477 τῆς
2955 4409 3177 4481 χάριτος
3196 4414 3291 4468 τοῦ
3315 4417 3574 4491 Σωτῆρος
3596 4423 3745 4493 ἡμῶν

2175 4489 2331 4556 Θεοῦ,
2380 4493 2758 4566 σκεπαζούσης
2786 4499 2966 4552 αὐτῶν
2993 4502 3054 4554 τὸ
3091 4504 3439 4574 ἡγεμονικὸν,
3459 4489 3574 4563 καὶ
3603 4489 3745 4584 περιο

2175 4577 2483 4652 θαλπούσης
2510 4583 2611 4654 τὴν
2636 4586 2694 4639 ὲν
2717 4589 2936 4660 Χριστῷ
2961 4595 3285 4664 νηπιότητα.
3317 4596 3407 4650 διὰ
3433 4601 3564 4666 τοὺς
3594 4577 3745 4674 ῥαπίο

2175 4671 2288 4734 ζειν
2320 4672 2405 4725 ἀεὶ
2442 4675 2536 4726 καὶ
2563 4677 2885 4747 τιτρώσκειν
2919 4682 3349 4754 ἐπιχειροῦντας.
3386 4689 3542 4743 Ὅσοι
3566 4671 3745 4750 ,τοίνυν

2174 4761 2268 4813 ἐπὶ
2300 4763 2396 4832 τῆς
2431 4766 2675 4838 κεφαλῆς
2713 4770 2939 4840 φέρουσι
2984 4773 3172 4841 τοῦτο,
3225 4777 3451 4850 δυνάμει
3487 4784 3744 4852 ψάλλουσι

2173 4852 2345 4945 ταυτα
2365 4869 2380 4885 ο
2419 4872 2438 4906 t
2483 4857 2607 4911 Ἐὰν
2637 4858 2710 4930 μὴ
2742 4861 2944 4933 Κύριος
2969 4867 3298 4942 οίκοδομήσῃ
3328 4866 3498 4933 οἷκον.
3530 4876 3625 4928 καὶ
3654 4895 3744 4945 φυ-

2173 4939 2308 5014 λάξῃ
2334 4945 2509 5010 πόλιν,
2539 4950 2618 5012 είς
2657 4951 2834 5023 μάτην
2859 4957 3153 5013 ἐκοπίασεν
3177 4939 3219 5026 ῥν
3248 4939 3569 5034 οίκοδομῶν.
3596 4939 3688 5019 καλ
3717 4968 3743 5018 ό

499 5032 683 5080 voces,
712 5018 1072 5074 humilitatem
1106 5021 1444 5092 ingenerant.
1472 5037 1528 5082 et
1556 5030 1836 5099 antiquum
1880 5048 2068 5104 super-

2185 5034 2468 5100 ρυλάσσειν
2501 5018 2861 5113 πειρώμενος.
2905 5064 2924 5097 ι
2971 5050 3036 5101 Ai
3065 5049 3123 5103 δὲ
3151 5019 3396 5105 τοιαῦται
3427 5018 3744 5122 συναιτι-

499 5109 598 5163 hia:
640 5109 837 5163 malum
885 5113 1150 5179 evellunt,
1187 5117 1327 5185 quod
1375 5118 1428 5172 in
1472 5128 1671 5175 terram
1716 5123 2070 5192 praecipitavit

2171 5129 2598 5220 ﬂetvotppoatiqu
2648 5134 2748 5196 μὲν
2789 5137 3140 5207 ἐμποιοῦσιν,
3170 5143 3451 5214 ἑκριζοῦσι
3492 5147 3552 5200 δὲ
3585 5151 3742 5220 ὑπερ-

499 5195 806 5254 Lucil‘erum
850 5202 942 5270 qui
983 5217 1140 5258 mane
1160 5205 1455 5265 oriebatur.
1488 5210 1640 5274 Quod
1668 5222 1846 5266 autem
1879 5228 2068 5270 manus

2185 5195 2400 5286 ’λφανίας
2423 5219 2498 5290 (2)
2530 5195 2591 5275 τὸ
2620 5195 2842 5295 ἀρχαῖον
2868 5228 3056 5292 κακὸν,
3088 5195 3148 5284 τέο
3173 5195 3739 5310 κατα1σεῖσανηείςζῖὲν

502 5291 674 5345 nudas
715 5291 949 5358 habent,
999 5294 1201 5350 iudicat
1249 5297 1417 5351 vitam
1456 5301 1658 5369 absque
1696 5301 1966 5374 hypocrisi
2013 5316 2068 5362 et

2185 5309 2271 5379 (ἦν
2313 5309 2402 5362 τὸν
2454 5291 2762 5386 Ἑωσφόρον
2782 5357 2796 5381 ,
2851 5317 2942 5370 τὸν
2980 5321 3126 5391 πρωϊ
3171 5324 3553 5381 ἀνατέλλοντα.

497 5378 866 5436 simulatione.
913 5383 1092 5440 Inanis
1139 5387 1282 5440 enim
1315 5388 1485 5457 gloria
1537 5391 1769 5447 virtutes
1813 5394 2067 5466 obtegere

495 5473 552 5519 et
585 5467 912 5524 obumbrare
943 5471 1106 5537 valet,
1133 5487 1253 5544 qua:
1275 5489 1489 5546 semper
1521 5477 1707 5535 laudes
1735 5483 1802 5538 ab
1833 5482 2067 5541 homini-

565 5558 580 5588 ¹
624 5557 767 5612 l‘sal.
809 5577 993 5630 cxxvt,
1028 5566 1077 5618 l.

566 5651 644 5720 (l)
689 5653 772 5707 Al.
814 5658 1180 5718 κουκούλλιον.

2173 5402 2558 5472 γεγυμνῶσθαι
2589 5406 2689 5470 τὰς
2732 5411 2938 5480 χεῖρας,
2969 5410 3029 5464 τὸ
3062 5413 3427 5488 ἀνυπόκριτον
3469 5419 3569 5490 τῆς
3598 5421 3736 5473 πολι-

2178 5493 2330 5556 τείας
2366 5495 2643 5566 ὲμφαίνει.
2680 5501 2838 5572 Δεινὴ
2875 5503 2984 5574 γὰρ
3013 5505 3046 5576 ἡ
3079 5508 3352 5574 κενοδοξία
3401 5513 3735 5583 συγκαλύψαι

2221 5678 2296 5749 (‘2)
2336 5678 2419 5734 Al.
2448 5680 2843 5755 ὑπερηφανίαν.
