3884 6278
149 370 176 418 1
189 367 290 419 2%!

850 358 1130 415 EVAGllll
1171 358 1444 414 PONTICI
1483 357 1728 415 CAPlTA
1775 357 2122 417 PRACTICA
2160 359 2253 414 AD
2291 359 2716 417 ANATOLIUM.

3281 363 3429 423 1222

151 480 252 534 aut!
288 476 581 533 συσκιάσαι
621 475 721 540 τὰς
750 475 975 546 ἀρετάς,
1010 476 1096 528 ἀεὶ
1123 475 1282 542 δόξας
1311 474 1412 539 τάς
1449 476 1601 547 παρὰ
1633 475 1740 528 τῶν

1867 493 1944 531 ms
1979 484 2203 546 captat,
2246 475 2515 547 lldemque
2560 477 2800 547 expellit.
2841 494 2861 530 ι
2911 479 3193 545 Quomodo
3232 496 3250 530 ο
3287 481 3431 535 enim

150 569 463 643 ἀνθρώπων
505 566 834 639 θηρεύουσα,
865 567 1092 637 καῖ’τὴν
1125 566 1310 620 πίστιν
1347 565 1747 620 ἀποδιώκουσα.

169 681 191 714 ι
226 661 352 724 Πῶς
388 677 411 714 ι
455 658 560 730 γὰρ
595 677 613 709 ι
646 656 898 721 δύνασθε,
932 676 950 708 ι
989 657 1145 728 φησὶ,
1183 675 1202 708 ι
1253 656 1564 721 πιστεῦσαι,
1595 656 1752 724 δόξαν

173 743 330 815 παρὰ
391 741 638 812 ἀλλήλων
705 739 1072 810 λαμϐάνοντες
1093 780 1108 803 ,
1160 740 1254 793 καὶ
1300 740 1398 811 τὴν
1444 740 1600 804 δόξαν
1654 739 1752 810 τὴν

165 834 324 906 παρὰ
350 832 447 886 τοῦ
492 833 654 904 μόνου
684 831 821 886 Θεοῦ
860 833 920 884 ού
967 831 1291 902 ζητοῦντεςς
1332 850 1351 884 ι
1400 835 1493 884 Δεῖ
1540 831 1649 902 γὰρ
1691 831 1754 885 τό

152 925 363 994 ἀγαθὸν
397 924 472 995 μὴ
502 923 569 976 δι’
600 924 809 994 ἕτερον,
839 922 975 975 ἀλλά
1001 923 1068 976 δι’
1098 923 1230 977 αὐτὸ
1263 923 1462 994 μᾶλλον
1497 919 1635 976 εἶναι
1670 925 1754 975 al-

157 1017 334 1088 ρετόν.
381 1016 442 1069 El
471 1015 579 1086 γάρ
612 1016 686 1086 μὴ
717 1014 875 1069 τοῦτο
905 1014 1108 1087 δοθείη,
1143 1016 1447 1087 φανήσεται
1482 1015 1542 1067 τὸ
1569 1013 1752 1068 κινοῦν

153 1110 189 1178 ἡ
201 1109 308 1176 μᾶς
334 1106 470 1175 πρὸς
498 1105 598 1176 τὴν
630 1105 895 1176 ἐργασίαν
931 1105 1022 1158 τοῦ
1060 1104 1247 1168 καλοῦ,
1285 1103 1465 1175 πολλῷ
1493 1103 1752 1175 τιμιώτεο

156 1215 257 1270 ρον
296 1195 542 1268 ὑπάρχον
579 1196 674 1249 τοῦ
713 1195 1003 1266 γινομένου
1026 1213 1038 1227 ·
1067 1197 1205 1267 ὅπερ
1236 1195 1345 1248 τῶν
1387 1195 1752 1250 ἀτοπωτάτων

155 1290 228 1341 ἂν
259 1288 369 1358 εἴη,
405 1286 542 1340 Θεοῦ
575 1304 628 1340 τι
658 1289 902 1358 κρεῖττον
929 1287 1131 1340 ἐννοεῖν
1163 1303 1222 1339 τε
1255 1287 1349 1340 καὶ
1379 1286 1577 1355 λέγειν.
1618 1287 1675 1341 '0
1695 1287 1754 1341 δὲ

152 1378 431 1442 ἀνάλαϐος
481 1377 647 1432 πάλιν
692 1380 721 1430 ό
769 1379 1132 1449 σταυροειδῶς
1195 1381 1310 1441 τοῖς
1355 1377 1528 1448 ὤμοις
1573 1378 1754 1433 αὐτῶν

129 1514 138 1516 ν.
155 1471 649 1543 περιπλεκόμενος,
687 1469 960 1540 σύμϐολον
1005 1469 1108 1540 τῆς
1134 1471 1215 1533 εἰς
1240 1470 1476 1542 Χριστόν
1512 1471 1630 1523 ἐστι
1665 1471 1755 1523 πί-

157 1581 335 1628 στεως
367 1562 862 1633 ἀναλαμϐανούσης
900 1564 1028 1626 τοὺς
1067 1565 1294 1633 πραεῖς,
1332 1562 1426 1615 καὶ
1461 1561 1751 1634 περιστελ-

154 1658 360 1730 λούσης
406 1659 493 1712 ἀεὶ
519 1657 587 1710 τά
617 1655 920 1721 κωλύοντα,
965 1656 1060 1709 καὶ
1085 1655 1186 1726 τὴν
1217 1655 1479 1727 ἐργασίαν
1505 1655 1754 1726 ἀνεμπό-

154 1751 341 1804 διστον
361 1751 547 1813 αὐτοῖς
577 1748 948 1821 παρεχούσης.
987 1749 1050 1802 Ἥ
1071 1749 1129 1801 δὲ
1145 1749 1290 1818 ζώνη
1315 1747 1753 1820 περισφίγγουσα

1861 586 1880 618 σ
1919 567 2162 634 potestis,
2201 585 2219 618 ι
2252 567 2448 635 inquit,
2485 583 2503 616 α
2544 567 2790 630 credere,
2817 566 2906 635 qui
2941 566 3168 636 gloriam
3203 570 3271 621 ab
3295 568 3438 623 invi~

1855 672 1976 714 cem
2027 659 2297 727 accipitis,
2336 667 2392 713 et
2418 657 2644 729 gloriam
2685 672 2806 726 qua:
2843 673 2869 709 a
2900 657 3161 713 solo'Deo
3196 668 3280 714 est
3328 675 3434 716 non

1854 751 2096 821 quaeritis
2125 751 2188 805 ’ἲ
2221 770 2242 802 ο
2283 750 2510 806 Scilicet
2539 758 2755 820 oportet
2793 751 3014 813 bonum,
3064 766 3168 804 non
3211 763 3438 820 propter

1854 844 1999 899 aliud
2032 844 2184 914 quid,
2213 844 2308 898 sed
2346 850 2568 912 propter
2603 856 2662 898 se
2701 843 2872 911 magis
2896 841 3042 912 eligi.
3071 842 3210 896 Nam
3251 843 3298 898 si
3333 846 3438 898 hoc

1857 947 1964 988 non
2003 932 2355 998 concedatur,
2396 933 2445 986 id
2475 933 2621 1002 quod
2655 947 2755 986 nos
2796 932 2862 985 ad
2905 932 3276 1001 operationem
3307 935 3434 988 boni

1855 1032 2054 1090 movet,
2090 1026 2317 1079 multum
2365 1025 2481 1094 ipso
2512 1025 2658 1078 facto
2698 1024 3042 1093 praestantius
3075 1038 3195 1078 esse
3223 1026 3437 1078 videbi-

1857 1124 1978 1182 tur;
2017 1115 2160 1185 qnod
2185 1115 2636 1170 absurdissimum
2662 1113 2846 1178 fuerit,
2877 1115 2919 1168 si
2949 1113 3149 1183 aliquid
3180 1115 3288 1169 Deo
3314 1130 3431 1170 me-

1861 1207 1969 1263 lius
2009 1207 2482 1278 pracstabiliusque
2529 1216 2779 1276 putemus
2813 1221 2876 1260 ac
2913 1206 3180 1260 dicamus.
3223 1205 3433 1262 Rursus

1860 1314 1993 1354 vero
2030 1298 2292 1354 analabus
2334 1313 2428 1352 seu
2470 1297 2751 1368 scapulare
2794 1295 3054 1351 humeros
3089 1311 3278 1351 eorum
3318 1297 3432 1351 cir-

1855 1391 2222 1461 cumplectens
2264 1387 2574 1458 habensque
2606 1388 2831 1459 liguram
2875 1387 3078 1450 crucis,
3125 1387 3429 1458 symbolum

1854 1491 1937 1538 est
1975 1482 2098 1536 lldei
2139 1497 2264 1552 erga
2294 1480 2601 1543 Christum,
2652 1494 2772 1549 quae
2806 1479 2964 1533 mites
2997 1479 3244 1548 suscipit,
3286 1493 3435 1532 sem-

1857 1588 2063 1644 perque
2106 1573 2292 1628 obices
2331 1580 2567 1636 coercet,
2611 1585 2675 1626 ac
2717 1571 3091 1640 operationem
3125 1571 3190 1625 iis
3225 1573 3437 1641 praebet

1855 1663 2003 1718 omni
2035 1662 2420 1732 impedimento
2448 1643 2693 1715 liberam.
2718 1660 2788 1712 At
2815 1675 2954 1715 zona
2982 1661 3096 1716 sive
3128 1661 3430 1731 cingulum,

1859 1769 2020 1808 renes
2049 1755 2292 1824 ipsorum
2333 1753 2739 1820 constringens,
2775 1766 2990 1807 omnem
3021 1752 3232 1820 repellit
3263 1753 3440 1821 impn-

158 1843 294 1905 τοὺς
336 1833 568 1913 νεφροὺς
603 1839 805 1898 αὐτῶν.
830 1837 1134 1893 ἀπωθεῖται
1178 1841 1360 1892 πᾶσαν
1391 1838 1754 1908 ἀκαθαρσίαν,

1867 1846 2100 1908 ritatem,
2151 1844 2361 1912 hocque
2403 1842 2690 1896 denuntiat
2727 1859 2742 1896 :
2780 1860 2800 1894 ε
2848 1842 3057 1898 Bonum
3103 1851 3186 1897 est
3230 1842 3437 1898 homini

157 1931 259 1986 καὶ
286 1931 443 1985 τοῦτο
481 1930 884 2004 παραγγέλλειο
927 1949 945 1982 ι
979 1931 1161 1984 Καλὸν
1189 1929 1462 2002 ἀνθρώπῳ
1495 1930 1752 1999 γυναικὸς

163 2025 243 2096 μὴ
274 2023 560 2079 ἅπτεσθαι.
607 2042 625 2074 ι
660 2023 772 2094 Τὴν
795 2023 850 2076 δὲ
883 2021 1140 2094 μηλωτὴν
1166 2021 1400 2092 ἔχουσιν,
1436 2023 1485 2075 οἱ
1521 2011 1750 2075 πάντοτέ

158 2115 263 2186 τὴν
283 2115 552 2186 νέκρωσιν
579 2113 674 2168 τοῦ
711 2113 888 2183 Ἰησοῦ
907 2114 965 2166 ἐν
989 2113 1066 2184 τῷ
1091 2112 1307 2183 σώματι
1338 2113 1748 2184 περιφέροντες,

160 2208 260 2261 καὶ
308 2205 603 2277 φιμοῦντες
655 2205 754 2277 μὲν
803 2205 983 2258 πάντα
1029 2205 1097 2258 τά
1140 2203 1230 2258 τοῦ
1279 2203 1532 2276 σώματος
1581 2205 1751 2273 ἄλογα

159 2297 336 2368 πάθη,
369 2298 469 2360 τάς
496 2297 554 2350 δὲ
590 2296 694 2367 τῆς
725 2295 904 2368 ψυχῆς
933 2295 1135 2360 κακίας
1162 2295 1423 2368 μετουσίᾳ
1459 2295 1550 2349 τοῦ
1585 2297 1750 2350 καλοῦ

164 2389 616 2462 περικόπτοντες,
658 2382 754 2443 καὶ
798 2389 990 2443 πενίαν
1019 2389 1118 2459 μὲν
1148 2388 1492 2458 ἀγαπῶντες,
1531 2389 1753 2442 πλεονε-

166 2473 293 2546 ξίαν
321 2478 377 2533 δὲ
419 2479 712 2549 φεύγοντες
758 2478 833 2542 ὡς
861 2478 1280 2551 εἰδωλολατρίας
1316 2480 1549 2552 μητέρα.
1598 2479 1662 2532 Ἦ
1693 2479 1752 2533 δὲ

164 2572 382 2645 ῥάϐδος,
414 2571 570 2639 ξύλον
603 2571 748 2643 ζωῆς
778 2573 914 2635 ἐστι,
946 2573 1081 2625 πᾶσι
1106 2574 1220 2636 τοῖς
1249 2572 1632 2643 ἀντεχομένοις
1657 2571 1754 2623 αὐο

158 2663 269 2733 τῆς
298 2663 394 2715 καὶ
430 2664 543 2726 τοῖς
583 2661 1022 2734 ἐπερειδομένοις
1062 2663 1152 2715 ἐπ’
1183 2662 1375 2734 αὐτὴν,
1406 2663 1480 2728 ὡς
1515 2663 1606 2716 ἐπὶ
1640 2661 1754 2716 Κύ-

165 2771 307 2824 ριον,
343 2753 614 2824 ἀσφαλής.
644 2753 753 2807 Καὶ
779 2753 986 2806 τούτων
1012 2752 1112 2824 μὲν
1148 2753 1418 2824 σύμϐολον
1449 2754 1525 2818 ὡς
1544 2755 1602 2807 ἐν
1630 2755 1752 2807 ἐπι-

159 2847 309 2914 τομῇ
334 2843 444 2897 τῶν
469 2844 813 2916 πραγμάτων
843 2843 902 2898 τὸ
925 2844 1146 2915 σχῆμα·
1170 2844 1240 2898 τά
1261 2845 1318 2898 δέ
1343 2847 1562 2917 ῥήματα
1581 2845 1755 2899 ταῦτά

161 2939 319 2990 ἐστιν
353 2936 389 2990 ἀ
449 2936 588 3009 πρὸς
631 2937 829 2999 αὐτοὺς
859 2936 946 2990 ἀεὶ
982 2936 1232 3006 λέγουσιν
1263 2936 1602 3007 οίΠατέρεςο
1642 2936 1753 3009 Τὴν

163 3029 379 3092 πίστιν,
431 3022 476 3083 ὧ
508 3028 696 3092 τέκνα,
735 3027 943 3098 βεϐαιοῖ
983 3028 1012 3080 ὁ
1047 3027 1211 3097 φόϐος
1257 3027 1287 3080 ό
1327 3026 1422 3080 τοῦ
1456 3026 1613 3094 Θεοῦ,
1658 3028 1754 3081 καὶ

158 3119 354 3174 τοῦτον
387 3117 548 3174 πάλιν
577 3118 898 3190 ἐγκράτεια,
942 3117 1150 3190 ταύτην
1177 3118 1236 3172 δέ
1279 3117 1475 3189 ἀκλινῆ
1509 3117 1753 3173 ποιοῦσιν

161 3208 414 3280 ὑπομονὴ
456 3211 552 3262 καὶ
597 3187 774 3274 ἐλπὶς,
823 3210 918 3278 ἀφ’
961 3202 1038 3262 ὧν
1089 3187 1337 3262 τίκτεται
1381 3187 1641 3275 ἀπάθεια,
1691 3203 1760 3280 ῆς
1787 3187 1830 3245 C

161 3301 388 3370 ἔκγονον
423 3301 456 3371 ἡ
483 3300 695 3372 ἀγάπη,
737 3301 928 3373 ἀγάπη
961 3301 1018 3355 δέ
1047 3300 1187 3374 θύρα
1216 3300 1472 3369 γνώσεως
1496 3301 1756 3372 φυσικῆς,

159 3390 234 3460 ἢν
280 3388 588 3460 διαδέχεται
631 3389 883 3459 θεολογία
938 3391 1034 3443 καὶ
1068 3392 1102 3462 η
1140 3389 1344 3461 ἐσχάτη
1393 3391 1759 3463 μακαριότης.

162 3483 279 3535 Καὶ
304 3482 434 3552 περὶ
466 3483 566 3554 μὲν
595 3481 690 3536 τοῦ
723 3485 1000 3554 σχήματος
1041 3479 1136 3534 τοῦ
1187 3480 1336 3554 ἱεροῦ
1366 3482 1462 3535 καὶ
1494 3483 1594 3553 τῆς
1618 3483 1766 3537 διδα-

164 3574 398 3639 σκαλίας
432 3574 542 3629 τῶν
573 3575 878 3646 γερόντων,
920 3573 1164 3626 τοσαῦτα
1195 3574 1327 3644 ἡμῖν
1365 3574 1458 3627 ἐπὶ
1498 3573 1592 3628 τοῦ
1622 3591 1762 3647 παρ-

159 3667 319 3729 όντος
357 3664 615 3738 εἰρήσθω.
650 3666 785 3735 Περὶ
835 3665 892 3718 δέ
925 3663 1017 3718 τοῦ
1051 3664 1166 3734 βίου
1213 3664 1309 3718 τοῦ
1354 3683 1415 3719 τε
1455 3663 1759 3736 πρακτικοῦ

164 3757 267 3810 καὶ
298 3755 393 3811 τοῦ
429 3755 734 3826 γνωστικοῦ
769 3758 888 3809 νυνὶ
915 3755 1274 3827 διηγούμεθα,
1310 3757 1409 3828 οὐχ
1448 3758 1549 3811 ὅσα
1581 3758 1759 3829 ἐωράι

163 3865 346 3919 καμεν
375 3848 409 3921 ἢ
457 3849 795 3919 ἠκούσαμεν,
831 3847 947 3901 ἀλλ’
983 3849 1085 3902 ὅσα
1127 3865 1209 3901 τοι
1245 3849 1339 3904 καὶ
1372 3849 1554 3913 ἀλλοις
1585 3851 1760 3903 εἰπεῖν

164 3941 302 4013 παρ’
329 3940 511 3995 αὐτῶν
543 3939 968 4012 μεμαθήκαμεν,
1001 3940 1197 3994 ἑκατὸν
1223 3941 1322 4011 μὲν
1344 3941 1662 4009 κεφαλαίοις
1691 3941 1760 3995 τὰ

164 4033 484 4106 πρακτικὰ,
519 4034 865 4104 πεντήκοντα
902 4034 959 4087 δὲ
1004 4033 1144 4104 πρὸς
1184 4037 1297 4098 τοῖς
1344 4034 1650 4101 ἑξακοσίοις
1690 4035 1760 4090 τά

163 4125 447 4195 γνωστικά
478 4125 935 4198 συντετμημένως
962 4126 1228 4190 διελόντες
1246 4144 1261 4158 ο
1291 4129 1385 4181 καὶ
1412 4128 1480 4182 τά
1509 4128 1607 4198 μὲν
1638 4130 1758 4200 ἐπιο

162 4214 496 4286 κρύψαντες,
542 4214 612 4268 τά
649 4215 707 4268 δὲ
749 4214 1168 4278 συσκιάσαντες,
1212 4215 1299 4270 ἵνα
1347 4217 1422 4288 μὴ
1463 4217 1642 4288 δῶμεν
1684 4217 1756 4271 τά

162 4301 302 4375 ἅγια
352 4309 465 4371 τοῖς
508 4306 671 4372 κυσὶ,
731 4306 869 4378 μηδέ
911 4306 1198 4378 βάλλωμεν
1239 4308 1367 4370 τοὺς
1412 4307 1757 4380 μαργαρίτας

163 4391 479 4471 ἔμπροσθεν
494 4398 605 4452 τῶν
635 4399 858 4471 χοίρων.
891 4400 1086 4453 Ἔσται
1109 4400 1164 4453 δὲ
1195 4398 1368 4454 ταῦτα
1394 4400 1616 4472 ἐμφανῆ
1647 4403 1759 4466 τοῖς

162 4493 248 4556 είς
272 4491 336 4545 τδ
363 4491 494 4545 αὐτὸ
527 4492 674 4562 ἴχνος
701 4491 886 4555 αὐτοῖς
919 4491 1274 4565 ἐμϐεϐηκόσι.

235 4579 315 4634 Δ’.
353 4582 781 4654 Χριστιανισμός
813 4583 932 4635 ἐστι
964 4583 1143 4653 δόγμα
1189 4582 1282 4636 τοῦ
1316 4581 1568 4654 Σωτῆρος
1598 4581 1756 4654 ἡμῶν

176 4673 357 4745 Ἰησοῦ
386 4672 645 4746 Χριστοῦ,
675 4676 740 4727 ἐκ
769 4675 1082 4747 πρακτικῆς
1110 4677 1206 4729 καὶ
1245 4677 1484 4746 φυσικῆς
1508 4675 1603 4728 καὶ
1641 4675 1758 4729 θεοι-

160 4764 396 4834 λογικῆς
441 4763 712 4829 συνεστώς
747 4764 846 4836 (5).

238 4857 314 4911 B'.
353 4856 611 4910 Βασιλεία
645 4855 892 4927 οὐρανῶν
927 4856 1078 4910 ἐστὶν
1129 4855 1369 4911 ἀπάθεια
1397 4857 1575 4928 ψυχῆς
1610 4856 1756 4928 μετὰ

160 4947 424 5018 γνώσεως
457 4947 567 5002 τῶν
591 4947 763 5001 όντων
794 4946 1051 5019 ἀληθοῦς.

236 5037 313 5092 I".
353 5036 613 5090 Βασιλεία
646 5035 781 5089 Θεοῦ
808 5038 924 5089 ἐστι
978 5035 1180 5106 γνῶσις
1208 5037 1306 5110 τῆς
1337 5037 1499 5106 άγίας
1527 5035 1757 5105 Τριάδος

161 5129 752 5200 συμπαρεκτεινομένη
782 5131 846 5201 τῇ
875 5129 1134 5183 συστάσει
1155 5128 1251 5182 τοῦ
1285 5128 1426 5194 νοὸς,
1461 5129 1557 5182 καὶ
1586 5129 1756 5200 ὑπερ-

161 5219 440 5275 ϐάλλουσα
472 5221 573 5291 τὴν
607 5219 922 5291 ἀφθαρσίαν
961 5218 1152 5275 αὑτοῦ.
1555 5216 1560 5220 ’

234 5315 312 5368 Δν.
345 5307 582 5376 Ὀὗτινός
618 5329 703 5376 τις
753 5314 875 5384 ἐρᾷ,
907 5311 1100 5366 τούτου
1127 5311 1222 5365 καὶ
1268 5309 1482 5380 ἐφίεται
1513 5309 1755 5376 πάντως,

160 5404 263 5459 καὶ
296 5397 358 5458 οὗ
387 5403 620 5474 ἐφίεται,
666 5402 859 5456 τούτου
899 5402 993 5455 καὶ
1034 5405 1218 5473 τυχεῖν
1247 5400 1609 5471 ἀγωνίζεται·
1660 5401 1758 5454 καὶ

159 5495 350 5568 πάσης
396 5496 496 5569 μὲν
523 5496 719 5568 ἡδονῆς
751 5494 1020 5567 ἐπιθυμία
1056 5495 1340 5568 κατάρχει,
1370 5493 1663 5566 ἐπιθυμίαν
1699 5493 1757 5548 δὲ

1861 1935 2144 1988 mulierem
2187 1947 2294 1986 non
2330 1940 2556 2002 tangere
2582 1933 2624 1988 ³.
2661 1949 2680 1983 ›
2717 1930 2889 1988 Porro
2924 1933 3172 1988 melotem
3201 1948 3294 1988 seu
3322 1935 3440 2003 pel-

1860 2027 1962 2080 lem
1989 2026 2202 2080 ovinam
2231 2033 2446 2094 gerunt,
2475 2024 2796 2094 quisemper
2818 2024 3286 2080 mortificationem
3309 2025 3440 2082 Jesu

1861 2120 1914 2173 in
1950 2132 2178 2186 corpore
2210 2132 2308 2171 suo
2338 2114 2732 2171 circumierunt
2757 2116 2781 2148 ⁸
2809 2132 2823 2169 :
2851 2125 2906 2169 et
2940 2125 3167 2171 cunctos
3192 2118 3439 2187 corporis

1862 2207 2088 2262 allectus
2118 2207 2318 2260 rationi
2345 2203 2614 2260 ‘adversos
2632 2203 2900 2275 obligant,
2929 2207 3123 2259 anima:
3155 2213 3335 2260 autem
3362 2207 3441 2260 vi-

1861 2299 1933 2352 tia
1969 2297 2385 2367 participatione
2412 2296 2536 2350 boni
2583 2304 2863 2361 resecant;
2897 2304 3010 2375 tum
3058 2305 3439 2365 paupertatem

1860 2388 2434 2461 dilignnt,"avaritiam
2456 2388 2686 2457 fugiunt,
2714 2397 2968 2457 tanquam
2996 2387 3314 2444 idololatrim
3337 2404 3444 2443 ma.

1866 2491 2028 2535 trem.
2069 2478 2234 2549 Virga
2265 2479 2516 2548 denique,
2548 2493 2640 2534 seu
2671 2479 2918 2543 baculus,
2948 2489 3030 2535 est
3060 2479 3262 2550 lignum
3293 2483 3440 2544 vitae,

1863 2555 2592 2638 cunctiS'eum‘tenentibus,
2627 2580 2680 2624 et
2707 2570 2953 2625 illi‘velut
2983 2570 3441 2638 Christoinnixis,

1874 2663 2064 2718 llrmus
2087 2678 2150 2718 ac
2181 2672 2348 2718 tutus.
2380 2662 2557 2718 [labes
2595 2661 2784 2731 paucis
2814 2676 3042 2731 quarum
3081 2677 3258 2716 rerum
3294 2678 3444 2734 sym-

1876 2757 2054 2811 bolum
2083 2756 2155 2811 sit
2193 2755 2441 2819 habitus;
2471 2755 2631 2809 verba
2664 2768 2794 2808 vero
2816 2755 2929 2808 haec
2954 2762 3081 2808 sunt
3107 2769 3223 2823 quac
3248 2754 3314 2808 ad
3349 2767 3445 2808 eos

1862 2865 2078 2919 semper
2118 2848 2400 2917 proferunt
2428 2845 2617 2902 Patres
2654 2865 2667 2900 :
2703 2845 2913 2912 Fidem,
2946 2861 2980 2902 0
3011 2846 3125 2912 lilii,
3160 2850 3446 2902 conlirmat

1864 2942 2029 2996 timor
2065 2940 2180 3004 Dei,
2219 2942 2470 3008 huncque
2516 2953 2708 2993 rursus
2735 2941 3090 3002 continentia,
3128 2954 3291 3009 quam
3342 2940 3446 2994 im-

1864 3044 2064 3089 motam
2091 3033 2321 3088 reddunt
2348 3031 2630 3085 tolerantia
2653 3041 2707 3086 et
2729 3045 2874 3100 spes,
2893 3046 2957 3085 ex
2986 3032 3182 3100 quibus
3205 3033 3444 3103 gignitur

1865 3123 2291 3195 impassibilita_s,
2342 3119 2497 3188 cujus
2531 3120 2746 3176 soboles
2790 3120 3057 3188 charitas;
3103 3131 3159 3175 at
3204 3123 3444 3177 charitas

1868 3220 2065 3274 ostium
2101 3224 2185 3270 est
2221 3214 2486 3269 naturalis
2518 3213 2873 3282 Cognitionis,
2904 3214 2990 3267 cui
3025 3213 3264 3267 succedit
3294 3213 3446 3267 theo-

1865 3308 2005 3377 logia
2036 3317 2090 3361 et
2117 3319 2370 3374 suprema
2402 3303 2705 3358 beatitudo.
2747 3302 2924 3372 Atque
2955 3303 3022 3357 de
3060 3303 3242 3357 habitu
3286 3318 3445 3358 sacro

1865 3400 2038 3468 deque
2065 3411 2252 3453 senum
2283 3396 2553 3460 doctrina,
2581 3395 2696 3450 hate
2716 3409 2745 3448 a
2777 3393 2935 3448 nobis
2965 3407 3108 3448 nunc
3135 3393 3279 3447 dicta
3310 3399 3444 3448 sint.

1865 3485 1941 3540 De
1970 3484 2078 3538 vita
2109 3491 2290 3537 autem
2322 3491 2433 3536 tum
2456 3482 2718 3553 practica,
2752 3492 2861 3536 tum
2895 3483 3159 3552 gnostica,
3206 3482 3311 3536 hoc
3331 3492 3438 3546 est,

1863 3584 1982 3640 qua:
2009 3571 2221 3624 actione
2242 3569 2326 3624 vel
2353 3570 2665 3639 cognitione
2694 3579 2928 3634 constat,
2950 3570 3061 3639 jam
3087 3570 3444 3634 disseramus,

1865 3679 1968 3718 non
2003 3672 2264 3731 quantum
2297 3661 2530 3716 vidimus
2574 3661 2657 3716 vel
2687 3660 3013 3727 audivimus,
3051 3662 3146 3716 sed
3181 3670 3444 3730 quantum

1862 3757 1930 3810 ab
1955 3755 2021 3808 iis
2047 3754 2334 3809 didicimus
2363 3753 2485 3808 aliis
2511 3768 2630 3808 esse
2649 3752 2880 3807 dicenda
2902 3768 2917 3818 ;
2941 3752 2998 3805 in
3030 3763 3244 3807 centum
3269 3753 3444 3822 capita

1864 3860 1950 3900 res
1979 3844 2045 3899 ad
2091 3845 2361 3901 actionem
2394 3844 2754 3914 pertinentes,
2807 3847 2860 3897 in
2902 3852 3158 3898 sexcenta
3193 3851 3246 3899 et
3284 3843 3444 3912 quin-

1861 3939 2121 4010 quaginta
2165 3953 2252 3993 res
2296 3939 2362 3991 ad
2397 3919 2760 4007 cognitionem
2804 3945 3136 4005 spectantes,
3187 3948 3440 4004 compen-

1863 4033 2012 4087 diose
2040 4031 2223 4102 partiti
2248 4045 2262 4096 ;
2294 4037 2348 4084 et
2378 4030 2486 4084 alia
2514 4014 2733 4099 quidem
2776 4027 3139 4091 occultantes,
3172 4026 3277 4080 alia
3299 4041 3446 4102 .vero

1861 4121 2147 4178 obscurius
2181 4128 2478 4192 ponentes;
2519 4135 2588 4174 ne
2618 4121 2810 4174 demus
2844 4128 3034 4172 sancta
3069 4117 3311 4182 canibus,
3350 4129 3446 4169 ne-

1862 4229 1968 4284 que
2000 4202 2279 4267 mittamus
2307 4212 2633 4281 margaritas
2658 4221 2784 4263 ante
2811 4221 3010 4278 porcos
3034 4209 3078 4273 σς
3111 4222 3230 4276 qua:
3262 4216 3441 4261 tamen

1863 4307 1931 4362 iis
1962 4314 2124 4361 erunt
2155 4313 2343 4374 aperta
2371 4303 2461 4374 qui
2493 4317 2679 4359 eorum
2713 4299 2994 4357 hominum
3023 4298 3264 4370 vestigiis
3287 4298 3444 4352 insti-

1862 4401 2046 4455 terint.

1937 4574 1977 4629 l.
2019 4570 2470 4628 Christianismus
2520 4577 2603 4624 est
2642 4569 2838 4639 dogma
2896 4566 3206 4623 Servatoris
3269 4566 3443 4620 nostri

1855 4667 1982 4724 Jesu
2013 4665 2238 4730 Christi,
2264 4679 2330 4718 ex
2359 4661 2623 4732 practica,
2645 4661 2870 4731 physica
2925 4668 2979 4714 et
3012 4656 3311 4726 theologica
3341 4665 3447 4710 tra-

1858 4760 2095 4816 ctatione
2125 4767 2399 4813 constans.

1927 4850 1992 4906 ll.
2029 4849 2276 4920 Regnum
2313 4852 2576 4904 ccelorum
2606 4854 2690 4900 est
2744 4842 2943 4896 animm
2985 4837 3442 4910 imperturbabili-

1862 4951 1966 5008 tas,
2001 4957 2122 4997 cum
2153 4954 2282 4994 vera
2310 4953 2492 4993 rerum
2521 4935 2848 5007 cognitione.

1945 5033 2031 5089 lll.
2075 5031 2320 5101 Regnum
2350 5028 2443 5083 Dei
2484 5033 2570 5081 est
2622 5023 2857 5095 cognitio
2897 5031 3100 5078 sanctre
3135 5020 3439 5086 Trinitatis,

1876 5135 2165 5182 coextensa
2202 5122 2403 5176 mentis
2440 5115 2838 5181 constitutioni,
2875 5115 3151 5186 ipsiusque
3192 5112 3442 5169 incorru-

1857 5219 2092 5289 ptionem
2125 5229 2480 5285 exsuperans.

1929 5307 2018 5362 ιν.
2085 5306 2241 5374 Quod
2298 5306 2423 5374 quis
2471 5310 2638 5370 amat,
2687 5303 2792 5357 hoc
2835 5307 2891 5354 et
2945 5295 3149 5366 appetit
3196 5304 3442 5362 prorsus,

1857 5400 2109 5469 quodque
2143 5397 2370 5468 appetit,
2421 5396 2526 5450 hoc
2564 5404 2621 5449 et
2655 5387 2879 5460 adipisci
2913 5383 3214 5443 contendit.
3267 5381 3442 5448 Atque

1867 5507 2085 5549 omnem
2124 5491 2454 5561 voluptatem
2502 5487 2656 5556 praeit
2703 5479 3072 5546 desiderium,
3119 5471 3445 5531 desiderium

237 5654 261 5686 ³
300 5650 458 5708 Joan.
501 5667 555 5718 v,
580 5651 670 5706 Η.
751 5649 817 5703 ⁸1
855 5650 981 5708 Cor.
1016 5667 1111 5718 ιιι,
1153 5650 1206 5706 1.
1275 5651 1298 5684 δ
1336 5650 1377 5706 ll
1414 5651 1540 5709 Cor.
1568 5665 1642 5716 tv,
1670 5648 1753 5705 10.

1893 5647 2086 5705 Matth.
2127 5663 2220 5714 vn,
2249 5647 2305 5704 6.

237 5809 318 5883 (‘5)
360 5809 444 5866 Al.
490 5807 764 5873 συνεστός.
