3884 6278
491 378 623 439 1223
654 429 659 437 .

1585 356 1862 416 PATRES
1898 350 2202 414 AEGYPTII
2241 352 2518 412 SAZCULI
2558 350 2647 410 IV.

3575 350 3732 407 ςίᾶἓί

482 493 610 535 vero
647 474 785 547 parit
813 482 1040 532 sensus;
1061 463 1206 536 quod
1232 461 1377 518 enim
1402 473 1595 515 sensus
1621 471 1816 528 expers
1845 463 1949 521 est,
1975 464 2060 510 est
2087 508 2089 513 ,

2209 454 2334 506 ῖκτει
2360 452 2644 522 αἴσθησις·
2673 449 2734 502 τὸ
2759 446 2868 518 γὰρ
2894 441 3204 518 αἰσθήσεως
3233 445 3482 518 ἄμοιρον,
3512 447 3607 498 καὶ
3639 455 3731 500 πα-

481 580 698 640 quoque
715 565 792 619 ab
819 560 1014 617 alI'eetu
1044 558 1300 612 liberum.

555 659 620 714 V.
665 657 800 714 Cum
843 650 1191 709 anachoretis
1221 661 1314 701 seu
1343 643 1606 700 solitariis
1633 641 1904 697 daemones
1937 640 2065 696 nudi

483 754 786 811 luctantur;
822 753 1015 800 contra
1044 755 1139 797 eos
1177 752 1305 793 vero
1333 737 1424 806 qui
1453 737 1506 789 in
1544 733 1810 788 emnobiis
1850 742 1903 787 et
1932 747 2067 786 eon-

486 841 741 897 veutibus
795 837 1057 892 virtutem
1091 840 1372 893 exercent,
1415 834 1627 881 armant
1664 823 1862 878 fratres
1901 823 2067 894 negli-

485 934 796 1004 gentiores;
831 928 1001 983 multo
1033 933 1213 980 autem
1245 923 1416 977 levius
1456 929 1538 976 est
1571 919 1840 990 posterius
1868 919 2067 973 bellum

484 1027 674 1095 priori,
704 1024 830 1092 quia
861 1019 1106 1075 invenire
1130 1031 1238 1072 non
1268 1014 1394 1070 licet
1423 1013 1476 1068 in
1511 1019 1656 1067 terra
1684 1013 1931 1065 homines
1957 1010 2070 1064 dae-

486 1114 738 1168 monibus
762 1110 1082 1174 atrociores,
1108 1107 1269 1176 quive
1290 1118 1504 1160 omnem
1531 1115 1719 1157 eorum
1748 1100 2072 1155 admiserint

485 1205 908 1272 malignitatem.

556 1291 646 1345 Vl.
690 1291 922 1345 Mentem
961 1295 1240 1343 errantem
1277 1285 1423 1340 sistit
1458 1282 1640 1346 lectio,
1671 1291 1726 1337 et
1775 1281 1979 1352 vigilia,
2020 1287 2075 1336 et

486 1385 692 1448 oratio;
725 1383 1078 1450 cupiditatem
1124 1391 1252 1431 vero
1283 1376 1584 1430 ferventem
1625 1373 1826 1428 sensim
1862 1373 2072 1428 exstin-

487 1476 604 1545 guit
631 1474 862 1535 esuries,
909 1480 964 1526 et
996 1470 1170 1533 labor,
1206 1477 1260 1521 et
1293 1465 1602 1521 solitudinis
1632 1479 1910 1528 secessus;
1953 1463 2073 1517 axi—

499 1581 646 1619 tnum
687 1572 870 1618 autem
911 1562 988 1614 ira
1034 1558 1412 1614 conturbatum
1459 1557 1613 1610 sedat
1653 1555 1974 1622 psalmodia,
2021 1562 2076 1605 et

489 1654 873 1725 longanimitas
900 1695 914 1718 ,
942 1661 998 1706 et
1042 1648 1445 1711 misericordia;
1489 1655 1649 1712 atque
1670 1645 1786 1699 haec
1822 1645 2076 1714 congruis

491 1745 826 1814 temporibus
857 1759 924 1798 ac
967 1739 1236 1796 mensuris
1271 1737 1533 1798 adhibita,
1575 1751 1695 1805 quae
1733 1736 1878 1792 enim
1924 1745 2074 1790 extra

2171 547 2299 609 οους
2329 544 2636 614 ἐλεύθερον.

2240 639 2316 691 Ε’.
2353 638 2480 699 Τοῖς
2515 635 2612 706 μὲν
2636 633 3022 704 ἀναχωρηταῖς
3052 633 3101 684 οί
3121 631 3379 700 δαίμονες
3409 630 3596 698 γυμνοὶ
3619 646 3738 700 προ-

2171 726 2517 786 σπαλαίουσι,
2553 726 2666 788 τοῖς
2709 723 2767 776 δέ
2827 724 2884 774 ἐν
2924 719 3212 783 κοινοϐίοις
3249 718 3281 788 ἢ
3315 719 3587 781 συνοδίαις
3620 735 3740 770 κατ-

2169 816 2560 889 εργαζομένοις
2599 815 2700 884 τὴν
2733 811 2936 884 ἀρετὴν
2959 851 2974 873 ,
3014 812 3140 873 τοὺς
3187 809 3591 879 ἁμελεστέρους
3647 809 3742 861 τῶν

2169 908 2414 978 ἀδελφῶν
2448 905 2829 975 ἐφοπλίζουσι·
2861 901 3042 972 πολλῷ
3069 901 3128 954 δὲ
3157 902 3488 973 κουφότερος
3521 902 3551 952 ό
3575 901 3744 952 δεύτε-

2173 1017 2266 1072 ρος
2325 998 2562 1068 πόλεμος
2609 996 2704 1050 τοῦ
2748 996 2990 1068 πρώτου,
3040 994 3108 1048 δι’
3136 995 3218 1046 ὅτι
3258 994 3360 1045 οὐκ
3397 992 3545 1046 ἐστιν
3578 993 3743 1062 εὑρεῖν

2172 1089 2262 1143 ἐπὶ
2312 1089 2411 1158 τῆς
2451 1087 2556 1156 γῆς
2605 1085 2924 1157 ἀνθρώπους
2973 1085 3331 1158 πικροτέρους
3378 1077 3667 1154 δαιμόνων,
3712 1084 3742 1150 ἢ

2172 1183 2356 1236 πᾶσαν
2386 1178 2567 1234 αὐτῶν
2599 1178 3026 1248 ὑποδεχομένους
3049 1178 3146 1249 τὴν
3176 1175 3537 1246 κακουργίαν.

2245 1274 2336 1338 εῖν.
2377 1269 2518 1324 Νοῦν
2565 1272 2662 1341 μὲν
2696 1268 3044 1341 πλανώμενον
3080 1269 3290 1338 ἵστησιν
3321 1267 3631 1335 ἀνάγνωσις
3662 1268 3743 1318 καὶ

2175 1362 2452 1434 ἀγρυπνία
2488 1363 2583 1416 καὶ
2614 1362 2925 1433 προσευχήο
2969 1359 3265 1430 ἐπιθυμίαν
3310 1359 3368 1412 δέ
3419 1359 3745 1428 φλεγομένην

2179 1453 2433 1523 μαραίνει
2470 1454 2629 1505 πεῖνα
2668 1452 2762 1504 καὶ
2803 1451 2972 1513 κόπος
3020 1450 3117 1505 καὶ
3159 1447 3541 1519 ἀναχώρησιςσ
3591 1447 3746 1518 θυμὸν

2184 1545 2239 1597 δὲ
2270 1543 2579 1597 καταπαύει
2596 1543 2915 1613 κυκώμενον
2938 1541 3249 1612 ψαλμῳδία,
3269 1541 3364 1594 καὶ
3382 1539 3744 1610 μακροθυμία,

2179 1636 2272 1688 καὶ
2303 1635 2480 1698 ἔλεοςο
2515 1636 2608 1690 καὶ
2633 1635 2808 1688 ταῦτα
2835 1637 2948 1697 τοῖς
2978 1635 3318 1704 προσήκουσι
3346 1633 3565 1702 χρόνοις
3592 1648 3651 1684 τε
3668 1633 3749 1684 καὶ

2183 1728 2403 1798 μέτροις
2430 1727 2712 1804 γινόμεναδ
2739 1726 2820 1779 Τὰ
2851 1727 2956 1795 γάρ
2981 1726 3185 1795 ἄκαιρα
3209 1725 3303 1776 καὶ
3325 1723 3569 1794 ἄμετρα,
3596 1724 3749 1790 ὀλιγο-

495 1806 707 1902 tempus
733 1840 788 1885 et
821 1831 1039 1884 modum
1069 1831 1224 1891 ﬁunt,
1253 1841 1443 1895 parum
1473 1825 1701 1888 durant;
1731 1839 1960 1893 qumque
1979 1840 2075 1894 pa-

2209 1817 2367 1886 po’vmt
2387 1833 2401 1847 ο
2429 1815 2498 1868 τὰ
2522 1815 2580 1869 δὲ
2611 1815 2975 1886 ὀλιγοχρόνια,
3015 1813 3256 1883 βλαϐερὰ
3293 1812 3496 1882 μᾶλλον
3534 1813 3629 1865 καὶ
3664 1813 3748 1864 οὐκ

496 1940 613 1978 rum
641 1923 857 1985 durant,
893 1922 1051 1976 noxia
1090 1923 1261 1991 magis
1291 1929 1440 1984 sunt,
1478 1935 1584 1974 non
1620 1920 1795 1974 utilia.

571 2013 680 2068 VII.
741 2014 964 2080 Quoties
1004 2013 1183 2066 varios
1233 2013 1382 2066 cibos
1413 2011 1619 2081 expetit
1648 2011 1829 2064 anima
1869 2017 2076 2073 nostra,

499 2107 659 2160 tnties
693 2105 746 2159 in
788 2118 926 2174 pane
958 2115 1013 2158 et
1047 2118 1187 2173 aqua
1218 2112 1553 2169 coarctetur,
1587 2110 1645 2155 ut
1685 2101 1893 2170 gratias
1921 2114 2082 2170 agere

497 2197 678 2252 discat
709 2195 795 2249 vel
825 2196 891 2249 de
926 2195 1039 2264 ipsa
1074 2195 1215 2248 nuda
1242 2194 1464 2249 buccea.
1505 2193 1740 2248 Satietas
1769 2192 1914 2247 enim
1945 2190 2084 2244 mul-

499 2287 710 2356 tiplices
741 2301 898 2340 escas
933 2285 1244 2350 desiderat;
1279 2285 1452 2342 fames
1486 2299 1636 2350 vero,
1671 2283 1826 2353 panis
1856 2283 2083 2339 satieta-

498 2385 604 2430 tem
636 2390 731 2445 pro
762 2375 1098 2430 beatitudine
1134 2374 1303 2428 ducit.

570 2552 704 2610 VIII.
747 2552 972 2606 Multum
1008 2551 1076 2605 ad
1109 2552 1524 2619 temperantiam
1558 2551 1818 2607 conducit
1853 2552 2082 2621 penuria

501 2658 656 2713 aquae
712 2661 725 2697 :
777 2643 940 2712 idque
988 2643 1082 2697 tibi
1119 2644 1478 2712 persuadeant
1528 2643 1756 2698 trecenti
1798 2642 1874 2696 illi
1913 2643 2085 2696 Israe-

500 2733 716 2788 litarum
756 2733 956 2787 milites
978 2733 1091 2802 qui,
1126 2731 1379 2788 Gedeone
1404 2735 1559 2796 duce,
1592 2731 1913 2787 Madianitas
1939 2732 2088 2786 devi-

501 2831 698 2878 cerunt
728 2823 796 2877 “.-

574 2910 665 2967 IX.
709 2910 862 2965 Sicut
893 2909 1058 2964 vitam
1087 2918 1140 2964 et
1186 2917 1417 2964 mortem
1454 2908 1616 2963 simul
1662 2909 1840 2964 eidem
1871 2906 2089 2962 contin-

503 3016 652 3074 gere,
669 3007 858 3056 contra
887 3014 1067 3054 rerum
1098 3009 1353 3053 naturam
1373 3008 1494 3065 est;
1522 2998 1594 3053 ita
1619 3000 1940 3054 cbaritatem
1964 3013 2088 3053 cum

2180 1908 2455 1978 ὠφέλιμα.

2253 2001 2328 2052 Ζ⁹.
2381 1996 2650 2067 Ὀπηνίκα
2671 1995 2943 2068 διαφόρων
2976 1997 3281 2067 βρωμάτων
3311 1996 3525 2064 ἐφίεται
3552 1993 3746 2064 ἡμῶνή

2180 2089 2366 2159 ψυχὴ,
2419 2086 2801 2159 τωτηνικαῦτα
2851 2088 2928 2157 (4)
2977 2089 3062 2140 ἐπ’
3111 2089 3262 2158 ἄρτῳ
3307 2085 3620 2139 στενούσθω
3669 2085 3749 2136 καὶ

2185 2179 2360 2241 ὕδατι,
2399 2178 2464 2231 ἵν’
2499 2179 2819 2250 εὐχάριστος
2849 2178 3067 2248 γένηται
3099 2179 3193 2231 καὶ
3223 2180 3308 2230 ἐπ’
3337 2178 3488 2249 αὐτῷ
3517 2176 3660 2247 ψιλῷ
3687 2178 3750 2246 τῷ

2183 2268 2396 2339 ψωμῷ·
2434 2267 2594 2338 κόρος
2637 2267 2749 2338 γὰρ
2797 2268 3058 2321 ποικίλων
3106 2267 3421 2336 ἐδεσμάτων
3483 2266 3751 2337 ἐπιθυμεῖ.

2183 2361 2342 2431 λιμὸς
2365 2359 2422 2413 δὲ
2452 2359 2542 2413 τὸν
2567 2359 2727 2430 κόρον
2765 2358 2861 2411 τοῦ
2895 2361 3060 2430 ἄρτου
3095 2358 3477 2430 μακαριότητα
3513 2354 3656 2411 εἶναι
3681 2375 3753 2409 vo-

2188 2454 2354 2524 μίξει.
3079 2450 3087 2457 ’

2257 2544 2339 2597 Η’.
2383 2544 2531 2597 Πάνυ
2578 2543 2715 2614 πρὸς
2762 2542 3118 2613 σωφροσύνην
3173 2541 3547 2611 συμϐάλλεται
3592 2543 3625 2612 ῆ
3674 2541 3753 2592 τοῦ

2188 2637 2376 2700 ὓδατος
2421 2636 2633 2690 ἔνδεια⁶
2674 2635 2768 2687 καὶ
2797 2632 3133 2686 πειθέτωσάν
3169 2649 3227 2684 σε
3275 2632 3379 2684 τῶν
3422 2631 3754 2702 Ἰσραηλιτῶν

2187 2729 2236 2780 οί
2293 2726 2432 2797 μετὰ
2482 2726 2686 2780 Γεδεὼν
2727 2724 3033 2795 τριακόσιοι
3083 2723 3182 2793 τὴν
3221 2721 3451 2792 Μαδιάμ
3493 2723 3753 2794 χειρωσά-

2192 2835 2364 2889 μενοι.

2259 2911 2336 2965 Θ’.
2358 2911 2444 2973 Ὠς
2479 2909 2624 2981 ζωὴν
2652 2909 2745 2963 καὶ
2769 2908 2998 2962 θάνατον
3035 2907 3152 2976 ἅμα
3183 2907 3458 2978 συμϐῆναι
3486 2906 3570 2976 τῷ
3609 2905 3756 2974 αὐτῷ,

2197 2998 2305 3051 τῶν
2330 2999 2431 3052 οὐκ
2463 2997 2829 3068 ἐνδεχομένων
2867 2998 3035 3061 ἐστὶν,
3062 2995 3234 3059 οὕτως
3263 2996 3485 3067 ἀγάπην
3533 2998 3757 3067 χρήμασι

506 3090 750 3161 pecuniis
782 3088 840 3143 in
869 3088 1125 3158 quapiam
1153 3089 1477 3155 consistere,
1515 3089 1634 3144 ﬁeri
1661 3091 1869 3159 nequit.
1910 3088 2089 3157 Siqui-

2209 3087 2540 3159 ςυνυπάρξαι
2585 3088 2714 3152 τινὶ,
2755 3088 2863 3142 τῶν
2901 3087 3180 3142 ἀδυνάτων
3214 3089 3384 3141 ἐστίν.
3427 3088 3758 3158 ’Δναιρετικὴ

506 3179 626 3231 dem
654 3179 893 3232 charitas
919 3193 1025 3231 non
1051 3176 1230 3231 solum
1256 3178 1610 3245 pecuniarum
1635 3179 1964 3234 destructrix
1987 3187 2091 3245 est,

506 3271 600 3324 sed
630 3277 682 3323 et
725 3270 891 3338 ipsius
923 3277 1122 3322 nostrte
1148 3267 1464 3337 temporalis
1492 3270 1637 3326 vitae.

582 3359 648 3416 X.
690 3360 791 3426 Qui
827 3359 1017 3431 etl‘ugit
1048 3369 1276 3414 cunctas
1307 3361 1495 3414 mundi
1527 3361 1858 3430 voluptates,
1925 3363 2098 3418 turris

510 3458 595 3504 est
633 3449 859 3504 daemoni
912 3447 1148 3503 tristitie
1190 3449 1488 3504 inaccessa.
1530 3450 1782 3506 Tristitia
1828 3451 1971 3508 enim
2017 3459 2102 3506 est

510 3543 747 3615 privatio
781 3541 1098 3612 voluptatis,
1142 3551 1240 3597 aut
1277 3543 1564 3612 praesentis
1607 3552 1703 3597 aut
1738 3553 2094 3612 exSpectatae.

512 3635 630 3689 Non
671 3648 956 3703 possumus
994 3643 1175 3689 autem
1218 3635 1363 3689 hunc
1402 3633 1685 3688 inimicum
1723 3632 2009 3703 repellere,
2055 3634 2100 3687 si

513 3725 581 3780 ad
611 3725 886 3794 quidpiam
907 3740 938 3780 e
958 3725 1126 3803 rebus
1153 3725 1390 3780 terrenis
1419 3723 1803 3779 retinuerimus
1825 3723 2096 3778 allectum.

515 3815 650 3869 Nam
688 3816 798 3871 illic
844 3815 1096 3884 laqueum
1140 3815 1332 3870 statuit
1383 3830 1447 3870 ae
1480 3815 1777 3870 tristitiam
1817 3825 2100 3884 operatur,

517 3919 624 3974 quo
658 3903 892 3957 maxime
925 3917 1023 3960 nos
1052 3905 1201 3958 videt
1225 3917 1548 3972 propensos.

593 3994 684 4049 XI.
728 3994 809 4048 Ira
841 3993 1092 4061 equidem
1124 4003 1178 4047 et
1205 3993 1389 4047 odium
1421 4002 1620 4062 augent
1662 3992 1931 4059 furorem;
1963 3993 2103 4049 elee-

535 4100 761 4156 mosyna
802 4098 934 4138 vero
962 4092 1017 4138 et
1043 4083 1399 4138 mansuetudo
1456 4082 1618 4136 etiam
1650 4091 1971 4152 praesentem
2003 4083 2104 4138 mi-

521 4185 714 4232 ιιιιιιιιι.
1771 4173 1774 4176 ’

588 4265 707 4320 XII.
750 4263 843 4318 Sol
873 4277 978 4318 non
1001 4262 1218 4318 occidat
1243 4275 1406 4332 super
1425 4261 1762 4316 iracundiam
1793 4270 2036 4317 nostram
2058 4263 2102 4328 ⁷,

524 4374 593 4413 ne
638 4365 798 4411 noctu
834 4355 1140 4410 insilientes
1166 4353 1439 4408 daemones
1483 4354 1724 4408 animam
1767 4361 2102 4420 exterreant,

2197 3178 2305 3250 γὰρ
2333 3179 2392 3231 οὐ
2441 3179 2601 3250 μόνον
2649 3179 2949 3249 χρημάτων
2979 3179 3011 3248 ἡ
3044 3178 3253 3249 ἀγάπη,
3289 3177 3421 3232 ἀλλὰ
3467 3179 3568 3231 καὶ
3610 3179 3760 3245 αὐτῆς

2207 3269 2361 3340 ἡμῶν
2400 3271 2498 3340 τῆς
2530 3269 2867 3340 προσκαίρου
2903 3266 3070 3337 ζωῆς.

2273 3363 2330 3414 1'.
2385 3361 2443 3412 ὐ
2476 3359 2690 3429 φεύγων
2730 3360 2910 3422 πάσας
2953 3359 3053 3421 τὰς
3096 3356 3368 3428 κοσμικὰς
3400 3357 3598 3428 ἡδονάς
3643 3357 3763 3424 πύρ-

2202 3466 2296 3518 γος
2313 3449 2445 3503 ἐστὶ
2474 3448 2553 3520 τῷ
2572 3449 2670 3519 τῆς
2695 3447 2873 3518 λύπης
2896 3447 3193 3518 ἀπρόσιτος
3218 3446 3452 3517 δαίμονι.
3477 3448 3642 3516 Λύπη
3672 3448 3760 3514 γὰρ

2204 3543 2320 3594 ἐστι
2372 3540 2626 3612 στέρησις
2658 3538 2942 3609 ἡδονῆς,ῆ
2992 3538 3273 3610 παρούσης
3323 3538 3357 3608 ἢ
3398 3536 3764 3610 προσδοκωμέ-

2204 3649 2324 3701 νης.
2386 3628 2674 3683 Ἀδύνατον
2721 3629 2776 3681 δέ
2814 3628 2904 3681 τὸν
2951 3628 3142 3700 ἐχθρὸν
3185 3628 3378 3683 τοῦτον
3431 3627 3760 3686 ἀπώσασθαι,

2207 3722 2343 3793 πρὸς
2377 3738 2429 3774 τι
2482 3720 2590 3773 τῶν
2637 3719 2894 3787 ἐπιγείων
2938 3719 3160 3790 ἔχοντας
3195 3720 3342 3790 ἡμᾶς
3381 3719 3758 3790 προσπάθειαν.

2219 3815 2364 3866 Ἐκεῖ
2393 3813 2500 3882 γὰρ
2536 3811 2718 3882 ἵστησι
2743 3793 3075 3883 τὴνδπαγίδα
3113 3812 3207 3864 καὶ
3232 3811 3330 3882 τὴν
3353 3810 3529 3881 λύπην
3561 3810 3762 3881 ἐργάζει

2207 3921 2316 3965 ται,
2350 3903 2484 3954 ὅπου
2515 3900 2702 3971 βλέπει
2741 3901 2973 3971 μάλιστα
3009 3899 3331 3962 νενευκότας
3363 3901 3530 3970 ἡμᾶς.

2280 3995 2382 4047 ΙΑ’.
2420 3993 2589 4064 Ὀργὴ
2615 3993 2712 4064 μὲν
2740 3993 2849 4062 γὰρ
2879 3992 2974 4046 καὶ
3005 3994 3160 4062 μῖσος
3197 3989 3350 4057 αὔξει
3388 3990 3591 4061 Θυμόν·
3627 3993 3762 4059 ἐλεη-

2213 4083 2417 4155 μοσύνη
2444 4083 2500 4135 δὲ
2530 4083 2624 4138 καὶ
2653 4086 2903 4154 πραΰτης
2936 4082 3030 4136 καὶ
3057 4082 3148 4134 τὸν
3173 4080 3304 4134 ὄντα
3343 4083 3508 4150 μειοῖ.

2298 4261 2400 4312 lB'.
2445 4260 2504 4312 ὐ
2537 4258 2688 4330 ἥλιος
2735 4257 2810 4329 μὴ
2841 4257 3105 4310 ἐπιδυέτω
3152 4255 3246 4310 ἐπὶ
3288 4255 3368 4327 τῷ
3418 4253 3764 4327 παροργισμῷ

2208 4351 2386 4422 ἡμῶν,
2415 4351 2502 4404 ἵνα
2527 4350 2602 4422 μὴ
2627 4349 2841 4421 νύκτωρ
2866 4349 3185 4412 ἐπιστάντες
3202 4351 3250 4402 oi
3273 4348 3527 4420 δαίμονες
3546 4347 3763 4416 ἐκφοϐή-

525 4449 964 4515 timidioremque
995 4445 1228 4500 reddant
1257 4453 1493 4500 mentem
1518 4445 1606 4499 die
1633 4447 1883 4516 sequenti
1918 4447 1984 4500 ad
2011 4461 2089 4516 pu-

2211 4461 2344 4496 σωσι
2373 4441 2472 4512 τὴν
2493 4442 2693 4512 ψυχὴν,
2723 4443 2819 4495 καὶ
2840 4441 3137 4511 δειλότερον
3163 4442 3431 4512 ποιήσωσι
3453 4442 3519 4511 τῇ
3551 4439 3765 4510 ἐπιούσῃ

524 4555 706 4612 gnam.
739 4539 951 4594 Etenim
983 4535 1262 4606 Iterrihilia
1286 4547 1522 4608 spectra,
1550 4553 1615 4593 ex
1644 4539 1809 4594 animi
1839 4540 1962 4594 irati
1997 4554 2112 4608 per-

527 4632 841 4686 turbatione
877 4629 1010 4684 oriri
1059 4631 1273 4698 solent;
1317 4629 1455 4685 nihil
1501 4638 1689 4685 autem
1733 4640 1817 4686 est
1850 4631 1992 4699 quod
2033 4630 2106 4684 ita

527 4733 768 4776 mentem
815 4721 882 4775 ad
919 4721 1284 4774 desertionem
1334 4720 1647 4791 compellat,
1689 4734 1854 4790 quam
1896 4720 2108 4775 animus

527 4814 606 4868 ira
639 4812 906 4868 turbatus.

600 4900 736 4954 XIII.
777 4900 912 4956 Cum
959 4899 1298 4956 occasionem
1339 4911 1496 4955 nacta
1536 4901 1730 4956 animae
1770 4911 1969 4958 nostra:
2015 4900 2101 4956 illa

527 5006 654 5062 pars
681 5006 786 5062 qua
829 4993 1114 5047 irascimur
1145 4993 1469 5048 conturbata
1501 4991 1663 5046 fuerit
1683 5031 1699 5058 ,
1746 5004 1872 5047 tunc
1902 4993 2103 5048 daemo—

531 5095 629 5136 nes
661 5095 934 5158 secessum
963 5082 1121 5137 nobis
1147 5091 1203 5136 ut
1227 5083 1428 5137 bonum
1459 5091 1775 5153 suggerunt,
1805 5096 1893 5148 ne,
1920 5081 2108 5136 solutis

545 5173 778 5228 tristitiae
808 5172 1009 5240 causis,
1039 5188 1138 5227 nos
1165 5188 1194 5228 a
1220 5172 1448 5226 tumultu
1476 5173 1787 5229 liberemus.
1817 5171 1949 5227 Cum
1980 5185 2107 5225 vero

531 5276 657 5330 pars
691 5277 797 5332 qua
825 5261 1262 5331 concupiscimus
1296 5261 1583 5330 exarserit,
1619 5271 1749 5316 tunc
1781 5274 1967 5315 rursus
2005 5273 2104 5313 nos

530 5353 810 5407 hominum
855 5362 1104 5408 amantes
1151 5351 1364 5408 ellicere
1408 5361 1698 5432 conantur,
1740 5353 2011 5422 durosque
2052 5357 2106 5404 et

613 5507 636 5538 ⁸
678 5505 850 5563 Indic.
881 5523 979 5574 vn,
1011 5506 1043 5562 5
1071 5523 1192 5579 sqq.
1273 5509 1292 5539 τ
1324 5507 1523 5578 Ephes.
1551 5521 1626 5574 iv,
1659 5504 1750 5560 26.

633 5663 686 5734 ω
730 5664 814 5718 Al.
851 5663 911 5716 τὸ
943 5663 1264 5734 τηνικαῦτα.

633 5665 686 5723 ω
730 5665 814 5718 Al.
851 5665 911 5716 τὸ
943 5665 1264 5734 τηνικαῦτα.

728 5735 810 5788 A‘l.
853 5736 1278 5806 ἐκταράσσηται.

2207 4533 2300 4586 τὸν
2323 4533 2448 4585 νοῦν
2471 4532 2608 4604 πρὸς
2629 4533 2720 4585 τὸν
2751 4531 3007 4603 πόλεμον.
3029 4532 3110 4584 Τά
3136 4531 3244 4603 γάρ
3271 4531 3478 4602 φοὸερά
3499 4531 3764 4600 φάσματα,

2208 4624 2273 4676 ὲκ
2301 4625 2401 4694 τῆς
2433 4624 2678 4694 ταραχῆς
2710 4623 2804 4676 τοῦ
2836 4623 3010 4694 θυμοῦ
3050 4623 3262 4692 πέφυκε
3308 4623 3586 4691 γίνεσθαι’
3630 4623 3766 4674 οὐδὲν

2207 4715 2263 4768 δὲ
2284 4713 2644 4785 λειποτάκτην
2670 4713 2844 4778 οὕτως
2875 4713 3003 4767 ἄλλο
3027 4715 3120 4766 τὸν
3142 4713 3266 4768 νούν
3286 4713 3678 4784 ἀπεργάζεται,
3707 4711 3767 4770 ὡς

2209 4805 2380 4876 θυμὸς
2421 4805 2850 4876 ταρασσόμενος.

2287 4896 2386 4949 ll".
2439 4896 2706 4966 Ὀπηνίκα
2747 4895 3070 4966 προφάσεως
3102 4896 3449 4964 ἐφαψάμενον
3473 4893 3532 4946 τὸ
3557 4889 3768 4961 Θυμικὸν

2211 4985 2370 5058 ἡμῶν
2419 4987 2584 5057 μέρος
2631 4987 2732 5058 τῆς
2764 4987 2942 5058 ψυχῆς
2993 4986 3362 5057 ἐκταράξηται
3392 4984 3490 5055 (5),
3529 4981 3609 5052 τῷ
3640 4997 3769 5050 τηνι-

2214 5077 2388 5132 καῦτα
2414 5077 2489 5148 (6)
2532 5078 2625 5131 καὶ
2654 5080 2704 5130 oi
2732 5078 2981 5149 δαίμονες
3023 5078 3125 5148 τὴν¹
3159 5076 3506 5147 ἀναχώρησιν
3547 5075 3676 5144 ἡμῖν
3706 5070 3768 5130 ὡς

2216 5170 2385 5241 καλὴν
2415 5169 2830 5234 ὑποϐάλλουσιν,
2862 5171 2949 5223 ἴνα
2989 5169 3064 5240 μὴ
3101 5167 3200 5232 τὰς
3247 5167 3430 5231 αίτίας
3475 5165 3573 5236 τῆς
3609 5163 3768 5229 λύπης

2212 5259 2494 5326 λύσαντες,
2554 5260 2800 5331 ταραχῆς
2863 5262 3089 5322 ἑαυτοὺς
3143 5257 3562 5330 ἀπαλλάξωμεν.
3617 5257 3768 5307 Ὅταν

2215 5350 2270 5404 δέ
2303 5350 2378 5422 (7)
2422 5352 2485 5428 τό
2527 5351 2922 5423 ἐπιθυμητικὸν
2960 5351 3415 5424 ἐκθερμαίνηται,
3465 5349 3584 5404 τότε
3626 5345 3768 5401 πάλιν

2295 5658 2373 5727 (6)
2414 5657 2499 5712 AI.
2525 5657 2586 5711 τὸ
2610 5657 2930 5729 τηνικαῦτα.

2240 5778 2248 5785 .
2295 5729 2369 5802 (7)
2401 5729 2486 5784 Al.
2517 5727 2724 5785 inserit.
2762 5727 2942 5783 πάλιν.
