3888 6284
156 343 300 402 1225

863 339 1142 399 EVAGRII
1180 338 1453 399 PONTICI
1488 341 1738 402 CAPITA
1769 341 2123 402 PRACTICA
2157 342 2252 399 AD
2283 340 2713 401 ANATOLIUM.

3265 345 3406 402 1226

153 457 567 528 φιλανθρώπους
624 456 768 526 ἡμᾶς
817 454 1250 525 ἀπεργάζονται,
1304 455 1576 524 σκληροὺς
1630 452 1724 509 καὶ

1838 463 2068 523 agrestes
2099 462 2438 522 nuncupant,
2470 463 2529 508 ut
2563 467 2854 523 corporum
2888 452 3156 510 desiderio
3199 455 3396 521 affecti,

150 550 377 622 ἀγρίους
417 546 851 613 ἀποκαλοῦντες,
884 547 973 600 ἵνα
1006 546 1274 616 σωμάτων
1299 545 1692 617 ἐπιθυμοῦντες
1711 584 1728 610 ,

151 639 403 710 σώμασιν
439 636 874 707 ἐντυγχάνωμεν.
909 631 1004 700 Οἷς
1041 636 1103 690 ού
1137 635 1419 691 πείθεσθαι
1447 637 1561 690 δεῖ’
1597 638 1730 708 μᾶλ-

149 729 244 784 λον
280 729 337 782 δὲ
366 729 427 780 τὸ
452 729 690 782 ἐναντίον
723 730 917 784 ποιεῖν.

223 821 320 873 1Δ’.
361 819 452 889 Μὴ
497 817 603 889 διῖις
629 819 820 873 ἑαυτὸν
849 818 927 890 τῷ
963 819 1062 888 τῆς
1085 818 1256 890 ὀργῆς
1283 819 1558 890 λογισμῷ,
1589 821 1729 874 κατὰ

155 912 386 966 διάνοιαν
420 909 500 980 τῷ
528 909 859 981 λελυπηκότι
913 910 1258 981 μαχόμενος·
1299 912 1420 982 μηδ’
1448 908 1516 965 αὗ
1543 912 1724 975 πάλιν,

144 999 228 1071 τῷ
257 1001 358 1071 τῆς
388 1001 664 1072 πορνείας,
697 1002 795 1055 ἐπὶ
814 1001 1062 1055 πλεῖστον
1104 1001 1196 1072 τὴν
1231 1001 1427 1073 ἡδονὴν
1461 1004 1729 1071 φανταζό-

147 1108 331 1162 μενος.
377 1091 452 1144 Τὸ
493 1091 590 1162 μὲν
625 1091 735 1162 γάρ
764 1094 1039 1145 ἐπισκοτεῖ
1069 1095 1135 1163 τῇ
1165 1092 1311 1162 ψυχῇ
1333 1132 1347 1156 ,
1390 1092 1451 1146 τὸ
1500 1093 1556 1146 δὲ
1591 1092 1729 1162 πρὸς

141 1182 249 1251 τὴν
274 1180 512 1252 κύρωσιν
553 1181 646 1236 τοῦ
689 1181 896 1244 πάθους
932 1181 1102 1253 αὐτὴν
1141 1182 1566 1253 προσκαλεῖται·
1597 1184 1728 1238 ὲκάο

142 1289 286 1343 τερα
322 1272 379 1325 δὲ
411 1272 505 1327 τὸν
529 1271 654 1327 νοῦν
681 1289 773 1326 σου
801 1272 1077 1344 ρυποῦντα
1113 1277 1286 1328 ποιεῖ⁹
1324 1276 1420 1328 καὶ
1455 1275 1606 1346 παρά
1633 1275 1726 1330 τὸν

142 1364 338 1435 καιρὸν
362 1365 462 1435 τῆς
482 1365 792 1434 προσευχῆς
810 1404 826 1429 ,
855 1367 923 1418 τὰ
949 1365 1142 1419 εἴδωλα
1176 1364 1602 1434 φανταζόμενος,
1631 1368 1726 1419 καὶ

143 1454 396 1526 καθαρὰν
423 1456 524 1526 τὴν
547 1455 710 1526 εὐχὴν
732 1455 809 1526 τῷ
825 1455 945 1526 Θεῷ
974 1457 1050 1527 μὴ
1083 1456 1429 1528 προσφέρων,
1457 1457 1620 1520 εὐθὺς
1647 1457 1726 1526 τῷ

79 1568 82 1571 ·
141 1549 244 1617 τῆς
271 1545 499 1616 ἀκηδίας
523 1545 736 1617 δαίμονι
760 1546 1129 1616 περιπίπτεις,
1157 1546 1304 1609 ὅστις
1333 1551 1567 1618 μάλιστα
1597 1550 1719 1610 ταῖς

139 1635 425 1700 τοιαύταις
459 1635 751 1706 ἑφόιλλεται
797 1636 1164 1690 καταστάσεσι
1191 1676 1205 1701 ,
1235 1637 1330 1689 κα)⁵
1374 1636 1530 1708 δίκην
1565 1637 1724 1698 κυνὸς

140 1727 397 1798 καθάπερ
428 1727 620 1798 νεκρὸν
653 1727 730 1797 (8)
763 1727 864 1797 τὴν
893 1727 1071 1800 ψυχὴν
1095 1727 1410 1806 διαρπάζει.

1833 545 1885 597 Ῑιι
1943 559 2170 613 corpora
2222 545 2545 600 incidamus.
2597 545 2864 601 Caeterum
2916 547 2981 601 iis
3031 549 3256 604 credere
3293 565 3402 605 non

1831 644 2062 704 Oportet,
2093 635 2226 705 quin
2248 636 2355 690 imo
2389 637 2720 692 contrarium
2749 636 2948 692 facere.

1901 813 2038 870 XIV.
2084 814 2163 870 Ne
2210 815 2497 870 tradideris
2537 816 2881 884 temetipsum
2919 816 3209 872 iracundia
3250 817 3396 888 cogi-

1829 906 2040 971 tationi,
2077 915 2256 961 mente
2281 921 2524 976 pugnans
2549 921 2671 961 cum
2705 920 2773 961 eo
2806 907 2898 975 qui
2931 916 2985 962 te
3034 909 3398 974 coutristavit,

1831 1011 2002 1068 neque
2032 999 2196 1052 etiam
2232 997 2643 1063 fornicationis,
2695 998 2901 1054 diutius
2938 999 3224 1068 voluptatis
3265 1001 3399 1055 ima-

1827 1091 1981 1159 gines
2007 1093 2304 1146 retinendo.
2329 1090 2460 1145 Illud
2487 1093 2629 1145 enim
2657 1095 2905 1146 tenebras
2926 1093 3121 1148 anima:
3145 1093 3394 1157 offundit,

1828 1181 1931 1235 hoc
1969 1195 2098 1236 vero
2147 1195 2265 1236 eam
2317 1192 2578 1250 provocat
2619 1183 2688 1238 ad
2735 1182 2850 1238 vitii
2886 1185 3292 1251 probationem;
3347 1197 3393 1239 et

1828 1277 2054 1337 utraque
2087 1280 2318 1324 mentem
2355 1280 2498 1325 tuam
2537 1272 2853 1328 sordidant:
2891 1288 3126 1343 cumque
3155 1282 3397 1343 tempore

1827 1361 2088 1416 oratiOnis
2130 1362 2419 1416 simulacra
2466 1364 2634 1419 fueris
2679 1366 3035 1436 imaginatus,
3069 1367 3176 1421 Deo
3209 1381 3398 1437 puram

1826 1466 2039 1519 precem
2074 1468 2180 1507 non
2211 1453 2442 1510 oﬂ‘ercns
2467 1495 2480 1520 ,
2526 1457 2719 1511 incidis
2760 1459 2946 1512 statim
2988 1459 3038 1511 in
3069 1460 3267 1513 accdiaa
3303 1475 3397 1513 seu

1828 1544 1967 1599 taedii
2008 1546 2340 1611 daemonem,
2373 1550 2460 1616 qui
2499 1551 2765 1618 prmcipue
2818 1552 2868 1604 in
2907 1553 3150 1608 homines
3205 1553 3256 1607 in
3296 1554 3395 1608 hu-

1819 1633 2053 1702 jusmodi
2095 1645 2238 1690 statu
2287 1638 2612 1693 constitutos
2666 1640 2872 1706 insilit,
2925 1651 2978 1696 et
3023 1644 3197 1696 instar
3247 1643 3400 1699 cauis

1825 1727 2058 1779 animam
2093 1728 2238 1781 velut
2268 1728 2548 1782 hinnulttm
2581 1731 2783 1800 diripit.

216 1818 318 1872 lE'.
356 1817 520 1880 Φύσις
557 1817 730 1887 θυμοῦ
750 1858 766 1884 ,
793 1818 854 1871 τὸ
880 1820 992 1882 τοῖς
1029 1802 1246 1890 δαίμοσι
1291 1819 1562 1890 μάχεσθαι
1585 1862 1598 1884 ,
1630 1823 1725 1877 καὶ

1900 1817 2012 1872 XV.
2056 1819 2156 1873 Ira:
2199 1829 2388 1873 natura
2435 1829 2550 1885 est,
2581 1837 2700 1876 cum
2753 1825 3083 1880 daemonibus
3124 1841 3398 1896 pugnare,

144 1907 288 1978 ὑπὲρ
326 1905 641 1978 ἡστινοσοῦν
673 1906 864 1977 ἡδονῆς
895 1907 1281 1975 ἀγωνίζεσθαι.
1313 1910 1513 1978 Διόπερ
1539 1913 1590 1964 oi
1627 1911 1726 1982 μὲν

139 1999 365 2068 ἄγγελοι
397 1998 496 2069 τὴν
525 1998 899 2069 πνευματικὴν
927 1999 1060 2069 ἡμῖν
1097 1999 1294 2071 ἡδονὴν
1327 2001 1724 2062 ὑποϐάλλοντες

140 2092 239 2144 καὶ
270 2091 370 2161 τὴν
403 2091 469 2143 ὲκ
495 2088 698 2161 ταύτης
722 2091 1129 2161 μακαριότητα,
1161 2091 1298 2162 πρὸς
1319 2092 1444 2156 τοὺς
1466 2092 1727 2163 δαίμονας

141 2183 234 2237 τὸν
267 2184 438 2255 θυμὸν
469 2182 664 2255 τρέψαι
693 2181 1130 2251 παρακαλοῦσινο
1165 2187 1363 2238 ἐκεῖνοι
1389 2185 1434 2237 δ’
1465 2181 1534 2239 αὖ
1566 2185 1726 2239 πάλιν

139 2274 283 2344 πρὸς
309 2275 407 2336 τὰς
438 2273 708 2344 κοσμικὰς
736 2272 1034 2344 ἐπιθυμίας
1067 2275 1319 2339 ἕλκοντες
1345 2277 1505 2346 ἡμῶν
1529 2276 1606 2346 (9)
1635 2276 1725 2330 τὸν

139 2365 338 2436 θυμὸν,
371 2364 519 2437 παρὰ
535 2364 694 2433 φύσιν
734 2367 999 2438 μάχεσθαι
1028 2369 1140 2432 τοῖς
1171 2367 1478 2439 ἀνθρώποις
1517 2368 1727 2439 βιάζον-

138 2474 256 2522 ται,
288 2455 378 2510 ἵνα
404 2455 704 2520 σκοτισθεὶς
727 2459 755 2510 ό
780 2457 904 2521 νοῦς
933 2459 1026 2511 κα)⁵
1053 2458 1154 2528 τῆς
1173 2457 1429 2527 γνώσεως
1453 2458 1722 2524 ἐκπεσὼν,

140 2547 409 2620 προδότης
436 2547 660 2618 γένηται
687 2548 795 2602 τῶν
819 2549 1053 2620 ἀρετῶν.

217 2638 332 2706 tq'.
373 2639 616 2710 Πρόσεχε
661 2639 875 2710 σεαυτῷ
900 2681 914 2704 ,
971 2641 1182 2709 μήποτε
1225 2639 1566 2712 φυγαδεύσῃς
1607 2641 1726 2694 τινὰ

137 2727 254 2782 τῶν
280 2728 528 2798 ἀδελφῶν
559 2728 953 2798 παροργισθεὶς
979 2728 1114 2798 (10),
1145 2729 1241 2782 καὶ
1261 2730 1362 2783 οὐκ
1397 2730 1639 2803 ἐκφεύξῃ
1668 2730 1726 2782 ὲν

136 2821 210 2890 τῇ
247 2819 358 2891 ζωῇ
388 2836 480 2872 σου
506 2820 598 2874 τὸν
627 2822 727 2893 τῆς
757 2821 934 2890 λύπης
960 2820 1210 2891 δαίμονα,
1235 2821 1389 2892 παρά
1421 2821 1511 2876 τὸν
1535 2822 1725 2894 καιρὸν

138 2913 243 2983 τῆς
280 2913 591 2984 προσευχῆς
629 2913 716 2966 ἀεί
747 2931 827 2966 σοι
859 2913 1069 2966 σκῶλον
1103 2913 1406 2983 γινόμενον.

216 3006 315 3063 IZ'.
355 3006 738 3076 Μνησικακίαν
771 3006 1026 3061 σδέννυσι
1051 3007 1201 3078 δῶρα
1221 3024 1236 3038 ο
1279 3008 1372 3060 καὶ
1403 3007 1635 3061 πειθέτω
1664 3024 1724 3062 σε

1826 1917 1882 1964 et
1927 1923 2092 1978 super
2149 1912 2390 1978 qualibet
2447 1913 2722 1983 voluptate
2774 1916 3073 1971 decertare.
3133 1918 3396 1985 Quocirca

1827 2001 1998 2070 angeli
2032 2004 2248 2071 quidem
2294 2003 2592 2072 spiritalem
2641 2007 2968 2074 voluptatem
3013 2010 3169 2063 nobis
3205 2024 3401 2078 sugge-

1829 2102 2008 2148 rentes
2038 2103 2093 2147 et
2119 2094 2505 2150 beatitudinem
2533 2111 2653 2165 qua}
2686 2112 2751 2151 ex
2779 2111 2839 2150 ea
2872 2101 3141 2166 provenit,
3173 2101 3396 2155 hortau-

1830 2193 1914 2236 tur
1935 2192 1992 2238 ut
2016 2185 2274 2239 adversus
2289 2185 2562 2242 daemones
2587 2188 2723 2241 iram
2743 2200 3054 2256 vertamus;
3082 2191 3154 2244 illi
3174 2200 3392 2255 contra,

1828 2274 1893 2327 ad
1922 2275 2193 2329 mundana
2228 2276 2492 2331 desideria
2532 2279 2808 2332 trahentes
2831 2317 2846 2342 ,
2881 2280 3119 2333 animum
3149 2289 3395 2336 nostrum

1828 2363 1906 2417 ira
1935 2365 2264 2419 concitatum
2294 2381 2535 2437 pugnare
2562 2383 2688 2424 cum
2723 2370 3037 2425 hominibus
3068 2379 3258 2426 contra
3293 2387 3394 2426 na-

1831 2463 2002 2508 turam
2043 2456 2408 2526 compellunt,
2455 2468 2513 2512 ut
2544 2459 2894 2514 obtenebrata
2946 2475 3098 2516 mens
3126 2477 3190 2516 ac
3236 2477 3267 2516 e
3304 2477 3396 2517 co-

1826 2547 2064 2614 gnitione
2091 2550 2366 2616 decidens,
2401 2551 2662 2606 virtutum
2688 2551 2954 2621 proditrix
2984 2552 3199 2608 evadat.

1899 2637 2035 2692 XVI.
2077 2640 2307 2695 Attende
2339 2641 2434 2694 tibi
2463 2641 2586 2710 ipsi,
2617 2657 2684 2696 ne
2714 2641 2878 2696 ullum
2903 2657 3138 2712 unquam
3169 2643 3395 2715 fugare-

1827 2731 1902 2782 ris
1930 2728 2181 2797 fratrem,
2227 2731 2305 2784 ira
2362 2740 2699 2796 commotus;
2745 2748 2847 2786 non
2892 2733 3037 2788 enim
3072 2735 3122 2789 in
3165 2736 3271 2788 vita
3309 2745 3399 2790 tua

1825 2818 2046 2887 effugies
2089 2819 2321 2875 tristitia:
2361 2821 2696 2884 dtcmonem,
2731 2821 2824 2876 sed
2858 2829 3100 2890 tempore
3137 2823 3399 2880 orationis

1829 2911 1920 2963 tibi
1952 2919 2210 2979 perpetuo
2237 2911 2343 2965 erit
2370 2911 2544 2965 instar
2569 2910 2899 2966 oll'ettdiculi.

1896 2999 2058 3054 XVII.
2117 2999 2570 3056 Recordationem
2622 2999 2833 3068 injuria:
2887 3002 3239 3071 exstinguunt
3282 3018 3399 3057 mu-

151 3095 350 3151 Ἰακὼϐ
378 3096 469 3150 τὸν
509 3097 682 3150 Ἠσαῦ
719 3097 946 3167 δόμασιν
994 3097 1240 3151 ὑπελθὼν
1282 3098 1417 3167 μετά
1459 3115 1721 3169 τετρακοο

1838 3105 1987 3154 nera;
2019 3098 2069 3144 ut
2104 3091 2340 3146 ostendit
2367 3089 2566 3156 Iacob,
2597 3091 2721 3145 dum
2763 3091 2902 3145 Esau
2927 3131 2942 3154 ,
2986 3094 3075 3162 qui
3110 3108 3230 3146 cum
3262 3109 3396 3163 qua-

141 3189 279 3242 σίων
310 3187 421 3258 (11)
459 3189 538 3251 εἰς
575 3187 878 3258 ἀπάντησιν
908 3186 1214 3254 ἐξελθόντα.
1263 3187 1404 3241 Ἀλλ’
1434 3189 1596 3260 ἡμεῖς
1631 3189 1725 3242 πέ-

1838 3179 2124 3249 dringentis
2159 3180 2213 3233 in
2259 3194 2544 3235 occursum
2584 3179 2829 3243 exierat,
2873 3180 3028 3235 donis
3059 3181 3302 3237 delinivit
3329 3184 3394 3238 δε

140 3294 301 3347 νητες
327 3277 479 3342 ὄντες
499 3317 515 3343 ,
544 3277 790 3350 τραπέζῃ
818 3279 916 3350 τὴν
943 3277 1129 3348 χρείαν
1156 3277 1557 3350 πληρώσωμεν.

213 3458 323 3511 ιη’.
367 3456 536 3510 Ὅταν
559 3456 632 3528 τῷ
660 3458 759 3528 τῆς
793 3457 1024 3528 άκηδίας
1060 3456 1448 3527 περιπέσωμεν
1476 3456 1722 3528 δαίμονι’,

136 3549 222 3618 τῷ
257 3547 370 3625 (l2)
398 3549 702 3619 τηνικαῦτα
740 3549 844 3618 τὴν
875 3547 1054 3619 ψυχὴν
1091 3549 1450 3618 μερίσαντες,
1483 3548 1583 3620 τὴν
1627 3547 1723 3617 μὲν

138 3640 592 3712 παρακαλοῦσαν,
623 3641 723 3712 τὴν
756 3641 813 3694 δὲ
855 3641 1351 3714 παρακαλουμένην
1387 3642 1720 3710 ποιήσωμεν.

137 3732 365 3795 ἐλπίδας
404 3731 614 3799 ἀγαθὰς
653 3733 864 3796 ἑαυτοῖς
901 3729 1326 3801 ύποσπείροντες
1350 3771 1364 3793 ,
1400 3729 1494 3782 καὶ
1537 3729 1597 3782 τὸ
1627 3730 1722 3782 τοῦ

139 3826 304 3894 ἁγίου
333 3825 499 3877 Δαυῒδ
536 3825 929 3894 κατεπᾴδοντες
951 3841 966 3856 ο
990 3838 1027 3876 ἰ
1068 3822 1226 3877 Ἱνατί
1257 3822 1554 3894 περίλυπος
1580 3815 1648 3884 εἴ,
1689 3822 1722 3890 ή

137 3915 290 3986 ψυχή
336 3931 462 3985 μου,
497 3914 591 3967 καὶ
633 3915 773 3968 ίνατί
813 3914 1108 3984 ταράσσεις
1142 3912 1252 3983 (15)
1306 3927 1406 3981 με;
1465 3910 1722 3962 Ἐλπισον

139 4007 239 4060 ἐπὶ
277 4007 370 4058 τὸν
397 4005 552 4069 Θεὸν,
605 4007 688 4059 ὅτι
734 4004 1198 4076 ὲξομολογήσομαι
1230 4002 1407 4074 αὐτῷ,
1459 4003 1723 4074 σωτήριον

136 4097 238 4150 τοῦ
271 4095 564 4167 προσώπου
597 4113 721 4166 μου,
753 4096 848 4150 καὶ
881 4096 992 4166 (Ii)
1019 4098 1047 4148 ό
1071 4096 1204 4158 Θεός
1232 4112 1354 4166 μου.
1384 4113 1402 4146 ι

217 4185 319 4240 ΙΘ’.
361 4187 436 4240 υύ
482 4187 564 4240 δεῖ
599 4187 740 4241 κατὰ
777 4187 868 4240 τὸν
900 4187 1092 4258 καιρὸν
1125 4188 1234 4239 τῶν
1268 4184 1593 4257 πειρασμῶν
1623 4201 1724 4237 κα-

139 4277 508 4348 ταλιμπάνειν
552 4277 649 4347 τὴν
679 4277 895 4344 κέλλαν,
944 4279 1244 4348 προφάσεις
1279 4275 1534 4343 εὐλόγους
1564 4273 1723 4344 δῆθεν

140 4365 538 4436 πλαττόμενον,
583 4365 698 4419 ἀλλ’
743 4365 951 4419 ἔνδοθεν
993 4366 1263 4437 καθῆσθαι
1291 4365 1401 4418 ’καὶ
1436 4364 1724 4433 ὑπομένειν

1829 3283 2016 3323 verunt
2051 3285 2182 3334 nos,
2213 3269 2306 3339 qui
2332 3285 2597 3338 pauperes
2626 3284 2835 3335 sumus,
2865 3285 2958 3338 per
2983 3285 3223 3327 mensam
3259 3273 3396 3328 iudi‘

1826 3360 2059 3428 gentiam
2087 3375 2371 3415 munerum
2404 3361 2767 3431 suppleamus.

1899 3449 2080 3504 XVIII.
2121 3450 2348 3517 Quando
2395 3451 2446 3504 in
2503 3451 2704 3506 accdia:
2758 3460 3056 3506 daemonem
3105 3453 3390 3510 incurreri-

1827 3554 1966 3603 mus,
2009 3551 2134 3595 tunc
2181 3540 2415 3595 animam
2448 3540 2670 3608 partiti,
2705 3557 2867 3596 unam
2921 3552 3127 3613 partem
3158 3548 3402 3602 excitan-

1828 3640 1956 3695 tem,
1991 3631 2152 3686 aliam
2186 3631 2474 3686 excitatam
2521 3631 2818 3697 faciamus,
2855 3633 3006 3690 bona
3045 3638 3164 3707 spci
3192 3637 3396 3694 semina

1828 3719 1983 3776 nobis
2007 3721 2386 3778 submittentcs
2407 3763 2420 3790 ,
2453 3723 2692 3792 illudque
2722 3726 2893 3781 sancti
2932 3726 3158 3784 Davidis
3191 3744 3288 3800 pro
3321 3731 3401 3786 le-

1827 3813 2065 3868 nintcnto
2094 3823 2386 3870 canentes:
2443 3831 2463 3866 t
2497 3815 2679 3882 Quare
2716 3818 2890 3874 tristis
2921 3834 3000 3885 es,
3031 3821 3213 3876 anima
3240 3835 3355 3877 mea
3381 3862 3396 3887 ,

1826 3914 1878 3959 et
1907 3920 2076 3975 quare
2103 3908 2392 3963 conturbas
2416 3909 2536 3964 me?
2553 3908 2720 3978 Spera
2747 3911 2800 3965 in
2834 3911 2964 3975 Deo,
2990 3914 3246 3981 quoniam
3273 3928 3402 3969 con-

1829 3995 2020 4051 fitebor
2043 3996 2141 4065 illi,
2169 3998 2405 4054 salutare
2433 3999 2610 4055 vultus
2647 4002 2772 4066 mei,
2812 4011 2867 4057 et
2911 4002 3052 4059 Deus
3079 4019 3232 4060 meus
3259 4006 3304 4059 ε’.
3337 4023 3359 4059 ι

1896 4174 2039 4231 XIX.
2095 4177 2214 4233 Non
2267 4188 2480 4248 oportet
2535 4177 2910 4248 ingruentibus
2973 4179 3396 4246 tentationibus,

1825 4267 2013 4322 cellam
2044 4269 2314 4331 deserere,
2351 4283 2543 4324 causas
2582 4269 2777 4322 rationi
2815 4279 3209 4325 consentaneas
3239 4271 3396 4328 vide-

1827 4354 1950 4410 licet
1993 4356 2479 4422 comminiscendo;
2529 4358 2656 4427 quin
2707 4359 2888 4428 potius
2935 4359 3074 4412 intra
3126 4357 3272 4413 illam
3315 4375 3402 4417 se—

141 4455 242 4507 καὶ
282 4454 532 4525 δέχεσθαι
569 4455 834 4522 γενναίως
873 4457 1000 4519 τοὺς
1040 4455 1440 4528 ἐπερχομένους
1479 4454 1725 4517 ἅπαντας

1838 4447 1976 4512 lere,
2005 4445 2254 4512 tolerare,
2280 4461 2342 4501 ac
2375 4447 2585 4503 fortiter
2617 4448 2852 4504 insultus
2877 4449 3130 4519 excipere
3157 4448 3398 4508 omnium

145 4545 274 4615 μὲν,
317 4543 611 4615 ἐξαιρέτως
654 4545 709 4598 δὲ
756 4546 847 4598 τὸν
879 4546 978 4615 τῆς
1022 4545 1251 4616 ἀκηδίας
1278 4545 1544 4614 δαίμονα,
1574 4544 1723 4606 ὅστις

142 4634 290 4704 ὑπὲρ
325 4635 533 4697 πάντας
583 4634 885 4705 βαρύτατος
929 4636 1024 4700 ὣν,
1062 4635 1442 4705 δοκιμωτάτην
1486 4631 1723 4704 μάλιστα

138 4726 248 4797 τὴν
279 4724 456 4796 ψυχὴν
502 4725 894 4796 ἀπεργάζεται.
938 4725 1013 4778 Τὸ
1051 4726 1156 4797 γὰρ
1189 4725 1409 4794 φεύγειν
1436 4725 1564 4788 τοὺς
1609 4721 1723 4793 (15)

139 4815 368 4882 ἀγῶνας
391 4815 483 4868 καὶ
507 4814 908 4886 περιίστασθαι,
934 4813 1159 4884 ἄτεχνον
1179 4813 1272 4866 τὸν
1291 4812 1415 4868 νοῦν
1435 4813 1530 4867 καὶ
1549 4811 1722 4865 δειλὸν

139 4907 242 4960 καὶ
265 4905 541 4977 δραπέτην
577 4905 840 4961 διδάσκει.

216 4997 302 5049 ιιι.
338 4995 586 5048 Χαλεπὸν
615 4996 897 5066 διαφυγεῖν
947 4996 1038 5049 τὸν
1083 4996 1183 5066 τῆς
1230 4995 1537 5061 κενοδοξίας
1579 4993 1724 5062 λογι·

142 5087 284 5158 σμόν
301 5104 316 5119 ·
349 5086 379 5139 ὃ
398 5087 508 5156 γὰρ
537 5090 708 5150 ποιεῖς
732 5089 812 5151 είς
833 5085 1151 5158 καθαίρεσιν
1180 5083 1369 5146 αὑτοῦ,
1400 5083 1558 5136 τοῦτο
1580 5084 1722 5154 ἀρχή

144 5195 233 5233 σοι
271 5177 576 5245 κενοδοξίας
610 5177 801 5248 ἑτέρας
841 5177 1186 5232 καθίσταται.
1218 5175 1294 5228 Οὐ
1339 5175 1502 5228 παντὶ
1546 5173 1604 5228 δὲ
1636 5174 1726 5228 λοι·

216 5333 242 5369 ⁸
279 5333 417 5392 Gen.
448 5350 622 5401 um,
652 5334 684 5390 6
710 5353 725 5402 ;
753 5349 944 5399 χχχιιι,
978 5335 1028 5401 1,
1058 5347 1178 5403 sqq.
1253 5337 1274 5369 ’
1311 5329 1452 5389 Psal.
1483 5346 1594 5398 xu,
1623 5330 1676 5397 6,
1700 5331 1754 5387 7.

242 5489 298 5574 ξι
343 5489 426 5574 al-
456 5488 671 5574 γεσράν-

240 5561 298 5627 9)
337 5559 420 5612 Al.
454 5559 621 5628 ἡμᾶς.

220 5627 335 5696 (l0)
375 5629 458 5681 Al.
478 5627 857 5696 παροργίσας.

220 5631 312 5694 (l0
375 5631 458 5681 ΑΙ.
503 5631 839 5696 παροργίσας

219 5701 267 5767 (l
287 5631 335 5769 Ι)
373 5697 459 5752 Al.
489 5698 839 5768 τριακοσίων.

357 5790 626 5852 Ρλτιιοι..
661 5796 701 5852 ις
717 5812 775 5850 ιι.
823 5788 949 5849 XL.

1827 4538 2042 4606 quidem
2073 4537 2409 4602 daemonum,
2456 4539 2722 4607 praecipue
2765 4547 2946 4595 tamen
2999 4539 3144 4598 illius
3183 4543 3273 4612 qui
3314 4555 3402 4600 est

1827 4627 2047 4693 acediae,
2073 4630 2165 4698 qui
2197 4635 2423 4685 cunctos
2447 4630 2732 4685 atrocitate
2758 4643 3046 4698 superans,
3079 4633 3402 4700 probatissi-

1829 4737 1971 4776 mam
2002 4715 2233 4777 maxime
2256 4721 2416 4778 elIicit
2449 4723 2705 4778 animam.
2745 4720 2879 4775 Nam
2918 4721 3044 4777 talia
3091 4726 3398 4782 certamina

1827 4813 2002 4868 vitare
2025 4828 2087 4868 ac
2117 4812 2322 4883 fugere,
2349 4823 2584 4870 mentem
2613 4813 2822 4880 edocet,
2853 4821 2912 4867 ut
2933 4813 3201 4886 imperita,
3232 4816 3400 4887 iners,

1831 4904 2018 4957 timida
2048 4912 2103 4958 et
2134 4903 2354 4975 fugitiva
2386 4905 2599 4961 evadat.

1901 4993 2022 5048 XX.
2062 4995 2228 5064 Egre
2251 4996 2408 5052 vitari
2436 5006 2614 5066 potest
2639 5013 2790 5053 vana:
2817 4999 3004 5070 gloria:
3030 5000 3221 5056 vitiosa
3253 5001 3398 5070 cogi-

1835 5083 2158 5152 tatio,quia'
2190 5083 2330 5152 quod
2379 5083 2433 5138 in
2485 5085 2902 5141 destructionem
2948 5085 3065 5154 ejus
3118 5085 3395 5154 designas,

1834 5173 1937 5230 hoc
1978 5173 2076 5230 tibi
2122 5173 2347 5230 alterius
2387 5175 2564 5231 inanis
2609 5176 2793 5246 gloria:
2833 5177 3048 5232 initium
3090 5175 3390 5232 conficitur.

1904 5483 2015 5550 (ta)
2055 5483 2139 5536 Al.
2165 5499 2280 5535 τοτ.

1929 5551 2016 5621 15)
2057 5553 2141 5606 ΑΙ.
2174 5567 2398 5621 συνταρ.

1937 5619 2019 5688 14)
2049 5623 2212 5675 Abest
2235 5622 2305 5675 ab
2337 5619 2410 5674 al.

1897 5688 2009 5759 (I5)
2051 5689 2132 5743 Al.
2161 5689 2325 5746 inser.
2361 5689 2663 5754 τοιούτους.

3092 5770 3169 5838 39
