3884 6278
528 281 666 338 εει-ι
1653 275 1928 334 ΡΑΤΒΙΞΘ
1961 275 2260 333 IEGYPTII
2299 272 2567 332 SECULI
2601 272 2688 330 IV.
3624 273 3726 331 1228

523 395 790 450 Caeterum
827 408 930 448 non
957 379 1107 448 emni
1140 405 1300 450 rectm
1328 391 1646 464 cogitationi
1678 405 1876 451 nostra:
1899 398 2057 450 adver

2199 393 2380 464 γισμῷ
2429 393 2585 464 ήμῶν
2618 387 2764 463 ὀρθῷ
2794 386 3161 444 ἐναντιοῦνται
3203 385 3255 439 οἱ
3304 383 3584 456 δαίμονες,
3622 387 3727 444 ἀλλὰ

525 497 718 542 santur
755 486 1050 547 daemones.
1084 496 1137 540 at
1161 488 1482 556 quibusdam
1532 489 1648 556 ipsa
1689 503 1904 558 quoque
1934 488 2059 542 vitia

2203 501 2312 538 τισι
2343 483 2438 538 καὶ
2467 483 2524 538 αί
2549 481 2736 536 κακίαι
2767 475 2950 546 αὗται,
2973 477 3095 532 καθ’
3113 476 3181 540 ἅς
3201 473 3601 546 περιποιώμεθα
3622 476 3723 549 (l6).

522 591 620 648 per
643 591 763 646 quae
789 576 1054 632 vincimus
1077 586 1240 647 atque
1275 576 1587 644 liberamur,
1617 577 1756 650 [aut]
1794 577 1990 648 quibus
2015 579 2098 632 iu—

526 668 759 722 licimur.

596 756 739 812 XXI.
800 757 901 823 Qui
941 758 1307 828 cognitionem
1347 760 1623 830 attigerit,
1671 770 1726 815 et
1775 759 2098 829 voluptatem

2273 745 2404 797 ΚΝ.
2458 742 2516 794 '0
2543 739 2796 810 γνώσεως
2837 739 3188 812 ἐφαψάμενος
3220 741 3314 794 καὶ⁵
3347 740 3450 811 τὴν
3478 740 3567 794 ἀπ’
3598 741 3729 809 αὐτῆς

523 859 644 913 quae
683 844 751 899 ab
793 858 856 898 ea
901 845 1079 912 prodit
1117 847 1484 915 decerpserit,
1532 863 1642 902 non
1684 847 1915 918 amplius
1953 863 2053 902 van

2205 832 2584 905 καρπούμενος
2624 832 2838 904 ἡδονὴν,
2886 832 3070 886 οὐκέτι
3098 832 3177 902 τῷ
3201 832 3300 902 τῆς
3326 831 3618 899 κενοδοξίας
3642 850 3730 884 πει-

524 935 709 1003 gluriae
732 936 962 990 dzemoni
985 936 1332 1006 obsequetur,
1363 937 1487 992 licet
1509 939 1558 992 ei
1584 940 1765 993 mundi
1801 939 2058 1010 voluptati

2207 924 2463 995 σθήσεται
2485 923 2721 994 δαίμονι,
2751 924 2932 987 πάσας
2955 923 3104 995 αὐτῷ
3126 924 3225 987 τὰς
3244 925 3439 995 ήδονὰς
3462 924 3551 977 τοῦ
3573 924 3735 995 κόσμου

524 1025 732 1080 oil‘urat.
763 1025 904 1091 Quid
938 1026 1082 1080 enim
1110 1067 1123 1090 ,
1157 1041 1373 1096 quaeso,
1411 1030 1780 1098 promissurus
1810 1040 1927 1097 est,
1961 1045 2058 1100 quo

2207 1015 2556 1084 προσάγοντι.
2593 1014 2658 1066 Τί
2700 1013 2809 1086 γὰρ
2845 1015 2911 1070 ἂν
2941 1016 3035 1068 καὶ
3063 1015 3352 1086 ὑπόσχοιτο
3399 1016 3576 1086 μεῖζον
3611 1032 3735 1068 πνευο

525 1117 818 1186 spiritalem
846 1118 1356 1182 contemplationem
1399 1121 1596 1175 habeat
1629 1121 1765 1176 infra
1799 1123 1891 1176 sc?
1919 1122 2059 1188 Quar

2210 1105 2444 1176 ματικῆς
2473 1104 2738 1175 θεωρίας;
2782 1107 2871 1158 Ἐν
2897 1107 3008 1177 ὅσῳ
3037 1107 3094 1159 δέ
3139 1108 3308 1177 ἐσμεν
3335 1107 3583 1175 γνώσεως
3615 1109 3739 1176 ἄγευ·

525 1210 611 1261 diu
639 1220 765 1261 vero
793 1223 898 1262 non
929 1209 1334 1277 degustavimus
1361 1213 1754 1283 cognitionem,
1785 1229 1847 1267 ea
1883 1225 2001 1282 qua;
2038 1229 2059 1266 τι

2209 1216 2343 1258 στοι,
2374 1198 2473 1270 τὴν
2501 1201 2813 1271 πρακτικὴν
2839 1199 3137 1271 προθύμως
3172 1201 3646 1272 ωτεργαζώμεθα,
3673 1202 3738 1254 τὸν

525 1298 687 1350 vitam
735 1298 966 1352 activam
1019 1299 1291 1368 pertinent
1332 1301 1588 1356 alacriter
1625 1319 1939 1373 operemur,
1977 1321 2059 1375 prc

2209 1291 2411 1343 σκοπὸν
2441 1290 2597 1362 ήμῶν
2639 1291 2948 1355 δεικνύντες
2983 1291 3123 1362 Θεῷ,
3160 1293 3244 1345 ὅτι
3270 1293 3450 1348 πάντα
3478 1293 3739 1363 πράττομεν

527 1389 759 1456 positum
791 1399 1038 1444 nostrum
1084 1391 1406 1446 exhibentes
1441 1393 1550 1446 Deo
1577 1434 1590 1458 ,
1625 1396 1769 1463 quod
1811 1397 1994 1450 omnia
2029 1397 2061 1449 l':

1510 1406 1550 1446 ιο
1577 1434 1590 1458 ,
1625 1396 1769 1463 quod
1811 1397 1994 1450 omnia
2029 1397 2107 1450 fa-
2207 1381 2308 1450 τῆς
2342 1380 2507 1433 αὑτοῦ
2541 1379 2795 1450 γνώσεως
2836 1381 3044 1435 ἕνεκεν·

524 1482 698 1532 cimus
730 1481 792 1533 ad
828 1481 992 1549 ipsius
1028 1483 1386 1554 cognitionem
1427 1491 1894 1554 consequendam.

600 1570 759 1625 XXII.
804 1571 1110 1627 Recordare
1146 1575 1344 1643 prioris
1388 1574 1512 1628 vitae
1555 1586 1658 1628 tua:
1689 1615 1703 1637 ,
1737 1576 2108 1644 antiquorum-

2279 1563 2407 1615 KB'.
2467 1561 2730 1632 Μέμνησο
2769 1559 2864 1614 τοῦ
2912 1560 3179 1632 προτέρου
3227 1578 3320 1615 σου
3376 1562 3492 1632 βίου
3536 1564 3621 1616 καὶ
3662 1563 3738 1614 τῶν

523 1676 630 1730 que
672 1661 1023 1728 delictorum,
1070 1673 1122 1716 et
1151 1704 1165 1726 ,
1203 1677 1310 1731 quo
1345 1672 1501 1733 pacto
1540 1662 1817 1719 aﬂectibus
1859 1666 2057 1719 deditus

2209 1653 2452 1722 ἀρχαίων
2476 1653 2963 1724 παραπτωμάτων,
2988 1653 3084 1707 καὶ
3109 1653 3229 1716 πῶς
3249 1654 3505 1724 ἐμπαθὴς
3530 1655 3616 1720 ὣν,
3637 1654 3738 1707 ἐλέει

527 1769 622 1822 per
673 1752 876 1808 (Iliristi
951 1755 1426 1818 misericordiam,
1483 1756 1548 1808 ad
1611 1755 2061 1823 itnpassibilitatel

2208 1742 2469 1813 Χριστοῦ,
2506 1742 2643 1814 πρὸς
2668 1741 2765 1812 τὴν
2795 1741 3066 1796 ἀπάθειαν
3108 1743 3517 1814 μεταϐέϐηκας,
3549 1743 3738 1804 καὶπῶς

528 1843 828 1905 transiisti;
869 1857 976 1912 quo
1013 1842 1326 1913 item’paeto
1353 1859 1384 1899 e
1413 1845 1610 1898 mundo
1636 1861 1878 1914 egressus
1900 1861 1979 1910 es,
2011 1861 2060 1912 (ιι

2206 1832 2366 1886 πάλιν
2399 1832 2622 1902 ἐξῆλθες
2648 1831 2742 1885 τοῦ
2789 1833 2995 1902 κόσμου
3021 1874 3035 1898 ,
3070 1833 3163 1886 τοῦ
3192 1833 3365 1887 πολλὰ
3398 1835 3491 1888 καὶ
3531 1833 3737 1895 πολλάκις

528 1933 666 1986 te-iu
715 1933 896 1988 multis
923 1949 986 1988 ac
1032 1948 1174 2004 saepe
1221 1934 1507 2002 dejeeerat.
1549 1935 1681 1990 Illud
1713 1951 1927 2005 quoque
1970 1940 2062 1991 mil

2206 1941 2264 1977 σε
2294 1923 2750 1988 ταπεινώσαντος.
2779 1927 3005 1995 Δόγισαι
3034 1925 3091 1978 δέ
3117 1942 3207 1995 μοι
3241 1927 3336 1979 καὶ
3361 1925 3535 1992 τοῦτο,
3562 1926 3636 1989 τίς
3662 1927 3738 1977 ὀὲν

528 2031 714 2088 reputa
738 2061 752 2084 ,
779 2022 900 2091 quis
926 2030 978 2076 te
1013 2023 1066 2076 in
1100 2037 1283 2078 eremo
1317 2026 1654 2092 servaverit,
1689 2027 1812 2094 quis
1835 2027 2062 2080 dannonc

2205 2017 2397 2087 ἐρήμῳ
2429 2015 2718 2085 φυλάσσων
2757 2032 2839 2080 σε,
2876 2017 2970 2070 καὶ
2992 2015 3076 2080 τίς
3109 2017 3138 2069 ὁ
3169 2015 3492 2100 ἀπελαύνων
3517 2019 3631 2079 τοὺς
3656 2015 3739 2068 δαί·

525 2110 768 2181 abegerit
811 2113 903 2182 qui
959 2113 1010 2166 in
1060 2123 1111 2169 te
1156 2113 1410 2170 dentibus
1449 2117 1562 2170 suis
1606 2116 1928 2171 stridebant.
1970 2117 2059 2172 Nai

2208 2124 2377 2178 μονας
2411 2106 2712 2178 βρύχοντας
2751 2107 2892 2161 κατά
2927 2105 3021 2160 σοῦ
3063 2106 3190 2172 τοὺς
3220 2107 3445 2172 ὀδόντας
3485 2107 3666 2162 αὐτῶν.
3698 2109 3740 2159 ΟΞ

524 2200 787 2269 ejusmodi
818 2203 1174 2272 cegitationes
1209 2204 1567 2261 humilitatem
1612 2207 1832 2272 indunt,
1865 2221 1967 2264 nec
2014 2222 2058 2263 St

2205 2197 2311 2270 γὰρ
2377 2198 2608 2253 τοιοῦτοι
2676 2197 2928 2268 λογισμοὶ
2992 2197 3494 2268 ταπεινοφροσύνην
3544 2197 3634 2268 μὲν
3673 2198 3739 2266 ἑμ-

526 2293 728 2361 perbize
758 2293 1057 2351 daemonem
1085 2295 1397 2352 admittunt.

2208 2289 2454 2355 ποιοῦσι,
2503 2289 2596 2342 τὸν
2641 2289 2697 2343 δὲ
2747 2289 2848 2358 τῆς
2891 2288 3268 2361 ὑπερηφανίας
3312 2288 3418 2342 οὐκ
3463 2289 3742 2357 εἰσδέχονται

2205 2380 2462 2454 δαίμονα.

1111 2469 1186 2524 De
1219 2470 1516 2539 affectibus.

2797 2470 2938 2539 Περί
2971 2469 3199 2525 παθῶν.

601 2556 785 2612 XXIII.
840 2559 1080 2627 Quorum
1131 2561 1448 2616 memoriam
1507 2573 1627 2616 cum
1677 2561 1872 2618 all'eciu
1917 2578 2103 2619 serva-

2275 2564 2403 2619 ΚΡ.
2445 2555 2544 2617 Ὧν
2581 2561 2680 2624 τὰς
2722 2562 2942 2633 μνήμας
2994 2560 3190 2630 ἔχομεν
3236 2558 3539 2630 ἐμπαθεῖς,
3583 2558 3743 2611 τούτων

530 2664 682 2712 ntus,
717 2651 905 2705 horum
938 2664 1026 2705 res
1055 2660 1211 2705 antea
1249 2665 1374 2706 cum
1405 2653 1816 2720 perturbatione
1862 2658 2064 2724 suscepi

2209 2653 2304 2708 xui.
2337 2652 2405 2706 τὰ
2438 2650 2741 2722 πράγματα
2783 2649 3047 2721 πρότερον
3095 2647 3232 2718 μετὰ
3284 2649 3494 2712 πάθους
3535 2647 3742 2711 ὑπεδεξά-

529 2756 678 2805 mus;
706 2749 761 2794 et
784 2740 902 2796 vice
933 2755 1108 2806 versa,
1132 2756 1266 2811 quas
1296 2756 1384 2796 res
1417 2757 1540 2797 cum
1565 2744 1733 2798 animi
1758 2747 2063 2815 perpessiou

2211 2743 2352 2814 μεθα
2371 2759 2384 2773 °
2416 2743 2512 2796 καὶ
2555 2732 2659 2796 ὅσα
2688 2740 2798 2794 τῶν
2827 2738 3172 2811 πραγμάτων
3207 2739 3372 2792 πάλιν
3418 2740 3552 2810 μετὰ
3585 2740 3742 2801 πάθους

527 2833 872 2902 suscipimus,
910 2833 1104 2888 harum
1133 2842 1187 2888 et
1215 2834 1536 2889 memoriam
1563 2834 1754 2891 aﬂ‘ectu
1779 2847 2061 2892 commota:

2209 2833 2604 2905 ὑποδεκόμεθα,
2632 2831 2836 2885 τούτων
2875 2830 2970 2884 καὶ
3005 2828 3105 2893 τὰς
3137 2830 3360 2900 μνήμας
3392 2831 3577 2900 ἕξομεν
3607 2833 3743 2900 ἐμπα-

529 2925 906 2980 retiuebimus.
953 2922 1104 2978 Unde
1142 2925 1236 2992 qui
1274 2924 1466 2979 vicerit
1497 2935 1782 2982 vexatorcs
1807 2927 2063 2983 daemone:

2209 2923 2342 2988 θεῖς.
2386 2922 2550 2976 Ὅθεν
2591 2923 2620 2975 ὁ
2665 2922 2894 2992 νικήσας
2935 2920 3062 2983 τοὺς
3109 2918 3472 2990 ἐνεργοῦντας
3506 2920 3743 2990 δαίμονας.

519 3034 591 3074 ea
617 3019 813 3088 quibus
842 3028 1066 3074 utuntur
1106 3019 1173 3072 ad
1204 3019 1506 3073 vexandum
1540 3027 1885 3086 contemnet;
1930 3030 2053 3075 mati

2210 3013 2316 3066 τῶν
2344 3013 2437 3066 ὑπ’
2484 3011 2664 3064 αὐτῶν
2706 3009 3114 3082 ἐνεργουμένων
3144 3013 3498 3080 καταφρονεῖ.
3543 3008 3638 3062 Τοῦ
3665 3007 3744 3077 γὰρ

521 3085 656 3164 ,riali
675 3108 818 3163 enim
854 3108 1009 3163 hoste
1035 3108 1410 3164 immaterialis
1437 3117 1520 3164 est
1545 3107 1843 3164 molestior.

2128 3085 2174 3146 ϐ
2207 3105 2394 3159 ἐνύλου
2428 3103 2682 3174 πολεμίου
2711 3103 2823 3173 (17)
2851 3105 2879 3156 ὁ
2901 3102 3061 3167 άῦλος
3088 3102 3493 3176 χαλεπώτερος.

600 3198 794 3255 XXIV.
835 3198 1042 3253 Animzn
1074 3197 1386 3270 passiones,
1422 3199 1490 3254 ab
1525 3199 1833 3256 hominibus
1866 3201 2108 3256 occasio-

2279 3195 2406 3248 ΚΝ.
2449 3195 2532 3248 Τὰ
2567 3195 2665 3265 μὲν
2702 3194 2802 3265 τῆς
2830 3193 3007 3264 ψυχῆς
3039 3193 3183 3266 πάθη
3203 3236 3217 3258 ,
3255 3197 3320 3248 ἐκ
3349 3197 3462 3250 τῶν
3495 3194 3744 3266 ἀνθρώπων

529 3304 652 3345 nem
681 3298 931 3354 sumunt;
963 3289 1208 3359 corporis
1234 3303 1385 3357 vero,
1419 3303 1448 3342 a
1480 3303 1743 3358 corpore:
1781 3301 1835 3345 et
1867 3291 1965 3346 has
1988 3307 2056 3359 qu

2209 3287 2318 3356 ἐχει
2342 3285 2441 3351 τὰς
2473 3285 2726 3357 ἀφορμάς
2745 3303 2760 3318 ο
2789 3287 2858 3339 τὰ
2878 3287 2935 3340 δέ
2957 3285 3052 3339 τοῦ
3084 3286 3357 3357 σώματος,
3392 3290 3458 3342 ἐκ
3483 3289 3572 3343 τοῦ
3598 3287 3743 3357 σώμα-

528 3380 650 3436 dem
694 3381 975 3449 corporis,
1027 3379 1286 3434 rescindit
1335 3375 1712 3447 continentia;
1761 3379 1882 3438 illas
1927 3389 2062 3436 autei

2209 3375 2328 3446 τοςῖ·
2381 3375 2476 3428 καὶ
2537 3376 2602 3429 τὰ
2660 3375 2771 3452 μὲν,
2808 3374 2903 3428 τοῦ
2961 3373 3211 3446 σώματος
3262 3376 3417 3447 πάθη
3471 3374 3743 3447 περικόπτει

527 3470 746 3536 animai,
775 3471 1016 3525 Charitas
1047 3469 1330 3540 spiritalis.

2206 3465 2522 3536 ἐγκράτεια,
2555 3465 2624 3518 τὰ
2661 3465 2717 3518 δὲ
2754 3465 2853 3537 τῆς
2879 3465 3078 3536 ψυχῆς,
3117 3465 3306 3538 ἀγάπη
3345 3468 3691 3538 πνευματική.

599 3559 767 3615 XXV.
809 3559 1088 3616 Daemones
1121 3561 1210 3630 qui
1253 3559 1535 3616 affectibus
1566 3563 1759 3618 animat
1790 3564 2104 3634 prasident,

2277 3557 2405 3610 KE'.
2464 3557 2528 3608 Οί
2583 3557 2682 3627 μὲν
2727 3557 2835 3610 τῶν
2881 3557 3125 3628 ψυχικῶν
3175 3559 3525 3630 προεστῶτες
3571 3557 3739 3619 παθῶν,

527 3651 596 3704 ιιι
623 3659 850 3705 mortem
885 3663 1057 3718 usque
1080 3659 1459 3718 perseverant;
1484 3649 1575 3719 qui
1601 3648 1884 3707 nil‘eetibus
1909 3667 2061 3721 corpc

2209 3650 2334 3718 ἄχρι
2359 3648 2588 3702 θανάτου
2620 3649 3158 3720 προσκαρτεροῦσιν
3207 3651 3258 3702 οί
3297 3649 3356 3702 δὲ
3409 3650 3519 3704 τῶν
3545 3663 3743 3719 σωματι·

527 3744 671 3807 reis,
701 3743 811 3798 cito
838 3741 1117 3798 recedunt.
1167 3743 1230 3796 Et
1260 3743 1346 3796 alii
1391 3743 1608 3811 quidem
1655 3744 1927 3799 dremones
1952 3784 1968 3808 ,
2001 3758 2061 3800 so

2209 3737 2339 3801 κῶν,
2381 3736 2573 3791 θᾶττον
2600 3737 2984 3809 ὑποχωροῦσι·
3017 3739 3112 3792 καὶ
3141 3741 3189 3792 οί
3233 3739 3329 3809 μὲν
3359 3739 3512 3793 ἄλλοι
3537 3739 3743 3808 δαίμονες

521 3831 722 3887 orienti
749 3839 840 3884 aut
866 3830 1132 3886 occidenti
1165 3829 1369 3884 similes
1404 3841 1557 3895 sunt,
1589 3846 1861 3900 unamque
1891 3843 2055 3886 tantm

2208 3830 2552 3883 ἀνατέλλοντι
2586 3830 2620 3900 ἢ
2657 3831 2864 3883 δύνοντι
2901 3829 2977 3902 τῷ
3013 3831 3148 3902 ήλίῳ
3182 3832 3455 3897 ἐοίκασιν,
3489 3832 3600 3894 ἑνός
3633 3844 3742 3888 tm;

523 3922 722 3976 animo:
775 3929 981 3991 partem
1047 3929 1375 3988 capessunt;
1427 3928 1480 3974 at
1539 3921 1873 3976 meridianus
1939 3932 2057 3976 total

2209 3920 2408 3991 μέρους
2433 3922 2529 3992 τῆς
2556 3921 2736 3992 ψυχῆς
2768 3923 3135 3993 ἐφαπτόμενοι
3160 3937 3174 3952 ⁸
3209 3924 3238 3976 ὁ
3286 3922 3344 3976 δὲ
3396 3917 3741 3995 μεσημϐρινὸς.

519 4011 813 4082 complecti
885 4010 1022 4066 solet
1086 4011 1322 4064 animam
1351 4048 1365 4075 ,
1421 4017 1476 4065 et
1545 4020 1779 4066 mentem
1844 4010 2053 4066 oii‘ocar

2207 4012 2334 4082 ὅλην
2365 4013 2791 4085 περιλαμϐάνειν
2819 4014 2976 4067 εἴωθε
3008 4014 3104 4084 τὴν
3135 4014 3332 4086 ψυχὴν,
3366 4017 3465 4069 καὶ
3499 4011 3741 4070 gummi-

525 4102 762 4160 Proinde
803 4101 974 4158 dulcis
1017 4109 1101 4156 est
1137 4102 1434 4156 mouastica
1459 4101 1700 4155 secessio
1735 4110 1857 4169 post
1883 4118 2059 4174 perpe:

2209 4121 2322 4173 γειν
2350 4103 2442 4157 τὸν
2471 4103 2619 4158 νοῦν.
2647 4103 2741 4157 Διὸ
2776 4103 3004 4172 γλυκεῖα
3043 4105 3076 4175 ή
3125 4104 3481 4178 ἀναχώρησις
3515 4103 3642 4176 μετὰ
3668 4100 3743 4168 τὴν

527 4197 740 4252 sionnm
770 4193 1116 4249 vacuitatem.
1163 4191 1316 4247 Tune
1360 4193 1508 4247 enim
1544 4193 1674 4248 solae
1715 4193 1981 4265 nudaeque
2013 4211 2061 4251 ει

2210 4193 2314 4247 τῶν
2343 4193 2532 4247 παθῶν
2565 4194 2816 4248 κένωσιν.
2849 4194 2981 4248 Τότε
3007 4194 3116 4265 γὰρ
3149 4196 3206 4250 αί
3238 4195 3455 4267 μνῆμαι
3487 4199 3637 4269 μόνον
3659 4190 3744 4263 (l8)

527 4294 751 4358 persuut
783 4283 1212 4348 recordationes;
1245 4298 1309 4338 ac
1353 4285 1420 4338 de
1460 4292 1660 4338 ea'tero
1693 4284 1835 4340 lucta
1886 4300 1992 4340 non
2037 4302 2061 4342 a

2211 4287 2312 4340 είσὶ
2337 4286 2526 4357 ψιλαίο
2558 4288 2653 4340 καὶ
2681 4288 2714 4359 ή
2751 4288 2918 4359 πάλη,
2944 4289 3006 4342 οὐ
3038 4289 3176 4358 πρὸς
3199 4289 3394 4358 ἀγῶνα
3417 4288 3619 4351 λοιπὸν,
3638 4284 3745 4341 ἀλλά

524 4388 800 4434 certamen
825 4416 842 4441 ,
871 4376 964 4432 sed
1010 4375 1079 4430 ad
1113 4375 1272 4430 lucta:
1299 4375 1804 4446 contemplationem
1835 4392 2058 4449 ιιι-ωροτε

2131 4411 2178 4468 D
2207 4378 2342 4449 πρὸς
2366 4378 2598 4449 θεωρίαν
2622 4379 2792 4451 αὐτῆς
2810 4420 2825 4446 ,
2862 4379 3272 4452 παρασκευάζει
3304 4379 3402 4434 τὸν
3426 4378 3662 4452 μοναχὸν.

524 4467 871 4523 monachum.

595 4557 785 4614 XXVI.
836 4557 1033 4614 Utrum
1075 4557 1330 4627 cogitatio
1367 4556 1596 4613 aﬂ'ectus
1626 4567 1881 4625 moveat,
1910 4560 1991 4616 vel
2022 4560 2104 4616 af-

2277 4563 2425 4630 KQ”.
2463 4563 2698 4636 Πότερον
2726 4565 2761 4635 ἡ
2801 4563 2980 4618 ἔννοια
3009 4563 3079 4617 τὰ
3104 4562 3251 4635 πάθη
3282 4563 3447 4629 κινεῖ,
3473 4563 3506 4634 ἢ
3539 4559 3605 4614 τὰ
3626 4555 3744 4622 πάθη

520 4649 697 4704 fectus
752 4656 1004 4704 moveant
1057 4647 1481 4716 cogitationem,
1550 4649 1938 4703 attendendum
1991 4661 2050 4705 es

2209 4655 2303 4726 τὴν
2333 4654 2563 4718 ἔννοιαν,
2595 4655 2947 4726 προσεκτέον.
2980 4655 3104 4708 Τισὶ
3127 4656 3225 4725 μὲν
3252 4655 3363 4726 γὰρ
3388 4655 3532 4719 ἔδοξε
3557 4653 3614 4706 τὸ
3635 4647 3743 4720 πρό-

518 4738 803 4795 Nonnullis
830 4740 1030 4809 quippe
1073 4739 1224 4808 prius
1263 4737 1496 4807 placuit,
1545 4736 1664 4792 aliis
1706 4740 1999 4807 posterius.

2210 4759 2382 4814 τερον,
2413 4745 2526 4797 τισὶ
2552 4743 2610 4797 δέ
2633 4743 2694 4796 τὸ
2721 4741 2994 4816 δεύτερον.
3037 4744 3174 4797 Ὑπὸ
3204 4744 3316 4800 τῶν
3344 4743 3641 4815 αἰσθήσεων
3669 4735 3744 4790 πέ-

515 4828 770 4887 sensibus
802 4829 1132 4883 commoveri
1180 4827 1405 4883 affectus
1436 4839 1868 4893 consueverunt;
1903 4831 1997 4900 qui

2209 4853 2344 4906 φυκε
2382 4835 2646 4891 κινεῖσθαι
2677 4837 2745 4889 τά
2775 4836 2925 4904 πάθη
2943 4851 2958 4867 ·
2986 4835 3080 4889 καὶ
3115 4835 3397 4907 παρούσης
3429 4835 3527 4906 μὲν
3557 4832 3743 4900 ἀγάπης

521 4917 734 4976 afuerit
788 4921 1040 4974 .cbaritas
1078 4929 1134 4974 et
1181 4920 1552 4984 continentia,
1605 4935 1710 4976 non
1745 4924 2055 4978 concitabnr

2208 4928 2298 4981 καὶ
2324 4927 2680 4998 ἐγκρατείας,
2723 4928 2784 4981 οὑ
2819 4927 3193 4999 κινηθήσεται.
3228 4927 3477 4996 ἀπούσης
3502 4925 3584 4989 δὲ,
3616 4936 3742 4988 κινη-

524 5021 631 5076 tur;
667 5020 898 5075 contra,
947 5009 992 5065 si
1037 5009 1293 5065 abfuerit.
1339 5010 1511 5067 Porro
1556 5011 1636 5066 ira
1688 5011 1933 5082 pluribus
1975 5028 2058 5085 egi

2208 5017 2444 5089 θήσεται.
2487 5020 2754 5074 Πλειόνων
2785 5019 2843 5074 δέ
2893 5019 3044 5091 παρὰ
3083 5021 3182 5091 τὴν
3224 5018 3520 5088 ἐπιθυμίαν
3547 5018 3575 5070 ό
3601 5011 3742 5082 θυμὸς

521 5099 929 5158 medicamentis
969 5115 1131 5170 quam
1176 5101 1485 5171 cupiditas:
1529 5112 1866 5172 quapropter
1901 5120 2055 5176 magn

2205 5109 2370 5164 δεῖται
2401 5111 2709 5182 φαρμάκων
2735 5128 2750 5143 ο
2782 5112 2877 5166 καὶ
2917 5112 3006 5166 διὰ
3033 5110 3213 5176 τοῦτο,
3247 5110 3459 5181 μεγάλη
3501 5102 3739 5177 λέγεταιή

517 5201 774 5249 censetur
793 5191 1051 5257 charitas,
1081 5191 1208 5261 quia
1237 5191 1330 5246 ira:
1359 5191 1571 5247 frenum
1611 5202 1714 5248 est.
1741 5192 1917 5264 Ipsam
1959 5209 2051 5250 san

2206 5201 2428 5273 ἀγάπη,
2477 5202 2559 5255 δτι
2602 5201 2818 5275 χαλινός
2863 5204 2982 5256 ἐστι
3025 5201 3119 5256 τοῦ
3165 5200 3362 5272 θυμοῦ.
3408 5198 3620 5267 Ταύτην
3664 5191 3740 5244 καὶ

517 5290 636 5338 ctus
662 5283 750 5339 ille
778 5282 952 5338 Moses
989 5297 1155 5356 agens
1189 5282 1256 5338 de
1283 5281 1448 5339 rebus
1479 5283 1839 5354 naturalibus,
1870 5287 2051 5356 symth

2205 5291 2400 5363 Μωσῆς
2436 5295 2642 5358 ἐκεῖνος
2673 5295 2702 5347 ὁ
2729 5296 2902 5364 ἅγιος,
2939 5295 3000 5351 ἐν
3022 5296 3135 5360 τοῖς
3156 5296 3405 5366 φυσικοῖς
3429 5281 3739 5364 συμϐολιιαῖς

516 5371 619 5430 lice
645 5373 1065 5444 ophiomschum
1088 5373 1389 5430 nominavit
1414 5371 1460 5406 ¹⁶
1629 5394 1632 5397 ·

1442 5373 1460 5406 ⁵
1629 5394 1632 5397 ·
2197 5381 2496 5456 ὀφιομάχον
2523 5385 2637 5457 (l9)
2669 5387 2976 5457 ὠνόμασεν.

589 5485 638 5521 ¹⁶
675 5487 845 5543 Levit.
881 5505 954 5554 xu,
981 5488 1082 5543 22.

584 5601 699 5737 (l6;
741 5600 823 5654 Al.
853 5598 1156 5669 ποιώμεθα.
1843 5589 1848 5598 ί

585 5665 672 5736 (l7
736 5670 822 5725 Al.
861 5669 1120 5737 πολέμου.

1843 5589 1848 5598 ‘
2271 5603 2384 5674 (is)
2424 5603 2506 5656 Al.
2537 5604 2730 5726 ἐιόναι.

2263 5673 2379 5737 μθ)
2413 5675 2497 5729 Al.
2570 5676 2730 5737 φιομά

585 5665 698 5737 (l7)
736 5670 822 5725 Al.
861 5665 1120 5739 πολέμου.

2263 5665 2379 5743 {l9}
2413 5675 2497 5729 Al.
2537 5665 2863 5746 ὁφιομάχην.
