  <div class='ocr_page' id='page_1' title='image "/cluster/home/n/w/nwhite01/storage/ocr_20150623/40/hvd.32044073501850/622.png"; bbox 0 0 3888 6284; ppageno 0'>
   <div class='ocr_carea' id='block_1_1' title="bbox 882 270 2721 335">
    <p class='ocr_par' dir='ltr' id='par_1_1' title="bbox 882 270 2721 335">
     <span class='ocr_line' id='line_1_1' title="bbox 882 270 2721 335; baseline -0.005 -1"><span class='ocrx_word' id='word_1_1' title='bbox 882 272 1162 335; x_wconf 75' lang='lat' dir='ltr'><strong>EVAGRII</strong></span> <span class='ocrx_word' id='word_1_2' title='bbox 1196 273 1470 335; x_wconf 73' lang='lat' dir='ltr'><strong>PONTIO!</strong></span> <span class='ocrx_word' id='word_1_3' title='bbox 1503 273 1753 332; x_wconf 81' lang='lat' dir='ltr'><strong>CAPITA</strong></span> <span class='ocrx_word' id='word_1_4' title='bbox 1789 271 2130 330; x_wconf 75' lang='lat' dir='ltr'><strong>PRACTICA</strong></span> <span class='ocrx_word' id='word_1_5' title='bbox 2175 272 2264 328; x_wconf 81' lang='lat' dir='ltr'><strong>AD</strong></span> <span class='ocrx_word' id='word_1_6' title='bbox 2298 270 2721 328; x_wconf 64' lang='lat' dir='ltr'><strong>ANATOLIUM.</strong></span> 
     </span>
    </p>
   </div>
   <div class='ocr_carea' id='block_1_2' title="bbox 3277 274 3416 331">
    <p class='ocr_par' dir='ltr' id='par_1_2' title="bbox 3277 274 3416 331">
     <span class='ocr_line' id='line_1_2' title="bbox 3277 274 3416 331; baseline 0.022 -3"><span class='ocrx_word' id='word_1_7' title='bbox 3277 274 3416 331; x_wconf 69' lang='lat'><strong>1230</strong></span> 
     </span>
    </p>
   </div>
   <div class='ocr_carea' id='block_1_3' title="bbox 250 387 1772 470">
    <p class='ocr_par' dir='ltr' id='par_1_3' title="bbox 250 395 1746 470">
     <span class='ocr_line' id='line_1_3' title="bbox 250 395 1746 470; baseline -0.004 -16"><span class='ocrx_word' id='word_1_8' title='bbox 250 401 377 454; x_wconf 82' lang='lat' dir='ltr'><strong>KZ&#39;.</strong></span> <span class='ocrx_word' id='word_1_9' title='bbox 418 397 562 470; x_wconf 81' lang='grc' dir='ltr'>Πρὸς</span> <span class='ocrx_word' id='word_1_10' title='bbox 605 397 704 469; x_wconf 86' lang='grc' dir='ltr'><strong>τήν</strong></span> <span class='ocrx_word' id='word_1_11' title='bbox 745 397 1150 468; x_wconf 75' lang='grc' dir='ltr'><strong>ἐπικρατοῦσαν</strong></span> <span class='ocrx_word' id='word_1_12' title='bbox 1179 397 1494 452; x_wconf 80' lang='grc' dir='ltr'>δυσσέϐειαν</span> <span class='ocrx_word' id='word_1_13' title='bbox 1529 395 1642 464; x_wconf 74' lang='grc'><strong>(20)</strong></span> <span class='ocrx_word' id='word_1_14' title='bbox 1689 395 1746 448; x_wconf 78' lang='grc' dir='ltr'>ὲν</span> 
     </span>
    </p>
   </div>
   <div class='ocr_carea' id='block_1_4' title="bbox 1885 387 3417 470">
    <p class='ocr_par' dir='ltr' id='par_1_4' title="bbox 1918 387 3417 462">
     <span class='ocr_line' id='line_1_4' title="bbox 1918 387 3417 462; baseline -0.003 -14"><span class='ocrx_word' id='word_1_15' title='bbox 1918 392 2132 448; x_wconf 74' lang='lat' dir='ltr'><strong>XXVII.</strong></span> <span class='ocrx_word' id='word_1_16' title='bbox 2171 392 2372 450; x_wconf 81' lang='lat' dir='ltr'><strong>Contra</strong></span> <span class='ocrx_word' id='word_1_17' title='bbox 2420 391 2752 462; x_wconf 83' lang='lat' dir='ltr'><strong>lmpietatem</strong></span> <span class='ocrx_word' id='word_1_18' title='bbox 2797 387 2941 462; x_wconf 84' lang='lat' dir='ltr'><strong>[seu]</strong></span> <span class='ocrx_word' id='word_1_19' title='bbox 2972 387 3194 444; x_wconf 80' lang='lat' dir='ltr'><strong>fetorem</strong></span> <span class='ocrx_word' id='word_1_20' title='bbox 3236 388 3328 458; x_wconf 88' lang='lat' dir='ltr'><strong>qui</strong></span> <span class='ocrx_word' id='word_1_21' title='bbox 3361 388 3417 445; x_wconf 89' lang='lat' dir='ltr'><strong>in</strong></span> 
     </span>
    </p>
   </div>
   <div class='ocr_carea' id='block_1_5' title="bbox 178 486 1750 559">
    <p class='ocr_par' dir='ltr' id='par_1_5' title="bbox 178 486 1750 559">
     <span class='ocr_line' id='line_1_5' title="bbox 178 486 1750 559; baseline -0.002 -18"><span class='ocrx_word' id='word_1_22' title='bbox 178 491 291 554; x_wconf 78' lang='grc' dir='ltr'>τοτε</span> <span class='ocrx_word' id='word_1_23' title='bbox 317 487 590 559; x_wconf 74' lang='grc' dir='ltr'>δαίμοσιν,</span> <span class='ocrx_word' id='word_1_24' title='bbox 621 487 811 541; x_wconf 85' lang='grc' dir='ltr'>είωθεν</span> <span class='ocrx_word' id='word_1_25' title='bbox 848 489 1187 542; x_wconf 85' lang='grc' dir='ltr'>ἀνάπτεσθαι</span> <span class='ocrx_word' id='word_1_26' title='bbox 1212 487 1349 559; x_wconf 77' lang='grc' dir='ltr'>πρὸς</span> <span class='ocrx_word' id='word_1_27' title='bbox 1396 486 1689 555; x_wconf 81' lang='grc' dir='ltr'>λογισμοὺς</span> <span class='ocrx_word' id='word_1_28' title='bbox 1715 486 1750 556; x_wconf 84' lang='grc' dir='ltr'><strong>ή</strong></span> 
     </span>
    </p>
   </div>
   <div class='ocr_carea' id='block_1_6' title="bbox 178 574 1752 651">
    <p class='ocr_par' dir='ltr' id='par_1_6' title="bbox 178 574 1752 651">
     <span class='ocr_line' id='line_1_6' title="bbox 178 574 1752 651; baseline -0.004 -18"><span class='ocrx_word' id='word_1_29' title='bbox 178 578 345 651; x_wconf 74' lang='grc' dir='ltr'>ψυχὴ,</span> <span class='ocrx_word' id='word_1_30' title='bbox 375 581 506 633; x_wconf 83' lang='grc' dir='ltr'>ὅταν</span> <span class='ocrx_word' id='word_1_31' title='bbox 546 579 724 632; x_wconf 83' lang='grc' dir='ltr'>αὐτῶν</span> <span class='ocrx_word' id='word_1_32' title='bbox 768 579 1095 648; x_wconf 74' lang='grc' dir='ltr'>ἐγγιζόντων</span> <span class='ocrx_word' id='word_1_33' title='bbox 1140 577 1635 650; x_wconf 77' lang='grc' dir='ltr'>ἀντιλαμϐάνηται,</span> <span class='ocrx_word' id='word_1_34' title='bbox 1675 574 1752 646; x_wconf 80' lang='grc' dir='ltr'><strong>τῷ</strong></span> 
     </span>
    </p>
   </div>
   <div class='ocr_carea' id='block_1_7' title="bbox 177 668 1351 742">
    <p class='ocr_par' dir='ltr' id='par_1_7' title="bbox 177 668 1351 742">
     <span class='ocr_line' id='line_1_7' title="bbox 177 668 1351 742; baseline -0.006 -16"><span class='ocrx_word' id='word_1_35' title='bbox 177 670 274 726; x_wconf 75' lang='grc' dir='ltr'><strong>τοῦ</strong></span> <span class='ocrx_word' id='word_1_36' title='bbox 303 668 758 742; x_wconf 60' lang='grc' dir='ltr'><strong>’παρενοχλοῦντος</strong></span> <span class='ocrx_word' id='word_1_37' title='bbox 792 670 952 724; x_wconf 82' lang='grc' dir='ltr'>πάθει</span> <span class='ocrx_word' id='word_1_38' title='bbox 980 670 1351 739; x_wconf 86' lang='grc' dir='ltr'>πεποιωμένη.</span> 
     </span>
    </p>
   </div>
   <div class='ocr_carea' id='block_1_8' title="bbox 805 784 1157 851">
    <p class='ocr_par' dir='ltr' id='par_1_8' title="bbox 805 784 1157 851">
     <span class='ocr_line' id='line_1_8' title="bbox 805 784 1157 851; baseline -0.003 -15"><span class='ocrx_word' id='word_1_39' title='bbox 805 784 820 802; x_wconf 87' lang='lat'><strong>&#39;</strong></span> <span class='ocrx_word' id='word_1_40' title='bbox 833 784 1028 851; x_wconf 78' lang='grc' dir='ltr'>Υποθῆ</span> <span class='ocrx_word' id='word_1_41' title='bbox 1035 799 1157 843; x_wconf 81' lang='grc' dir='ltr'>και.</span> 
     </span>
    </p>
   </div>
   <div class='ocr_carea' id='block_1_9' title="bbox 254 871 1756 946">
    <p class='ocr_par' dir='ltr' id='par_1_9' title="bbox 254 871 1756 946">
     <span class='ocr_line' id='line_1_9' title="bbox 254 871 1756 946; baseline -0.005 -16"><span class='ocrx_word' id='word_1_42' title='bbox 254 876 390 930; x_wconf 71' lang='grc' dir='ltr'>κη’.</span> <span class='ocrx_word' id='word_1_43' title='bbox 431 874 545 929; x_wconf 85' lang='grc' dir='ltr'><strong>Οὐκ</strong></span> <span class='ocrx_word' id='word_1_44' title='bbox 591 876 650 928; x_wconf 84' lang='grc' dir='ltr'>ὲν</span> <span class='ocrx_word' id='word_1_45' title='bbox 697 875 861 929; x_wconf 70' lang='grc' dir='ltr'>παντὶ</span> <span class='ocrx_word' id='word_1_46' title='bbox 902 875 1082 946; x_wconf 82' lang='grc' dir='ltr'>καιρῷ</span> <span class='ocrx_word' id='word_1_47' title='bbox 1121 873 1345 927; x_wconf 83' lang='grc' dir='ltr'>δυνατὸν</span> <span class='ocrx_word' id='word_1_48' title='bbox 1383 873 1624 926; x_wconf 78' lang='grc' dir='ltr'><strong>ἐκτελεῖν</strong></span> <span class='ocrx_word' id='word_1_49' title='bbox 1664 871 1756 923; x_wconf 78' lang='grc' dir='ltr'><strong>τὸν</strong></span> 
     </span>
    </p>
   </div>
   <div class='ocr_carea' id='block_1_10' title="bbox 184 965 1758 1040">
    <p class='ocr_par' dir='ltr' id='par_1_10' title="bbox 184 965 1758 1040">
     <span class='ocr_line' id='line_1_10' title="bbox 184 965 1758 1040; baseline -0.003 -19"><span class='ocrx_word' id='word_1_50' title='bbox 184 967 391 1040; x_wconf 84' lang='grc' dir='ltr'>συνήθη</span> <span class='ocrx_word' id='word_1_51' title='bbox 423 968 640 1032; x_wconf 84' lang='grc' dir='ltr'>κανόνα,</span> <span class='ocrx_word' id='word_1_52' title='bbox 670 966 956 1038; x_wconf 80' lang='grc' dir='ltr'>προσέχειν</span> <span class='ocrx_word' id='word_1_53' title='bbox 984 966 1041 1019; x_wconf 87' lang='grc' dir='ltr'>δὲ</span> <span class='ocrx_word' id='word_1_54' title='bbox 1070 966 1151 1018; x_wconf 88' lang='grc' dir='ltr'><strong>δεῖ</strong></span> <span class='ocrx_word' id='word_1_55' title='bbox 1194 966 1272 1037; x_wconf 83' lang='grc' dir='ltr'>τῷ</span> <span class='ocrx_word' id='word_1_56' title='bbox 1301 965 1508 1037; x_wconf 86' lang='grc' dir='ltr'>καιρῷ,</span> <span class='ocrx_word' id='word_1_57' title='bbox 1542 966 1636 1019; x_wconf 74' lang='grc' dir='ltr'>καὶ</span> <span class='ocrx_word' id='word_1_58' title='bbox 1660 965 1758 1028; x_wconf 89' lang='grc' dir='ltr'><strong>τάς</strong></span> 
     </span>
    </p>
   </div>
   <div class='ocr_carea' id='block_1_11' title="bbox 183 1055 1755 1128">
    <p class='ocr_par' dir='ltr' id='par_1_11' title="bbox 183 1055 1755 1128">
     <span class='ocr_line' id='line_1_11' title="bbox 183 1055 1755 1128; baseline -0.003 -17"><span class='ocrx_word' id='word_1_59' title='bbox 183 1057 537 1128; x_wconf 68' lang='grc' dir='ltr'>ἐνδεχομένας</span> <span class='ocrx_word' id='word_1_60' title='bbox 561 1055 777 1120; x_wconf 80' lang='grc' dir='ltr'>ἐντολάς</span> <span class='ocrx_word' id='word_1_61' title='bbox 795 1056 870 1119; x_wconf 83' lang='grc' dir='ltr'>ὡς</span> <span class='ocrx_word' id='word_1_62' title='bbox 889 1055 967 1108; x_wconf 78' lang='grc' dir='ltr'><strong>ένι</strong></span> <span class='ocrx_word' id='word_1_63' title='bbox 993 1055 1228 1126; x_wconf 85' lang='grc' dir='ltr'>μάλιστα</span> <span class='ocrx_word' id='word_1_64' title='bbox 1250 1055 1544 1127; x_wconf 76' lang='grc' dir='ltr'>πειρᾶσθαι</span> <span class='ocrx_word' id='word_1_65' title='bbox 1565 1056 1755 1108; x_wconf 84' lang='grc' dir='ltr'>ποιεῖν.</span> 
     </span>
    </p>
   </div>
   <div class='ocr_carea' id='block_1_12' title="bbox 184 1145 1760 1220">
    <p class='ocr_par' dir='ltr' id='par_1_12' title="bbox 184 1145 1760 1220">
     <span class='ocr_line' id='line_1_12' title="bbox 184 1145 1760 1220; baseline -0.003 -18"><span class='ocrx_word' id='word_1_66' title='bbox 184 1149 328 1213; x_wconf 83' lang='grc' dir='ltr'><strong>Τοὺς</strong></span> <span class='ocrx_word' id='word_1_67' title='bbox 383 1149 493 1220; x_wconf 83' lang='grc' dir='ltr'><strong>γάρ</strong></span> <span class='ocrx_word' id='word_1_68' title='bbox 547 1149 773 1219; x_wconf 79' lang='grc' dir='ltr'>καιροὺς</span> <span class='ocrx_word' id='word_1_69' title='bbox 827 1147 922 1200; x_wconf 76' lang='grc' dir='ltr'>καὶ</span> <span class='ocrx_word' id='word_1_70' title='bbox 970 1147 1126 1200; x_wconf 80' lang='grc' dir='ltr'>αὐτοὶ</span> <span class='ocrx_word' id='word_1_71' title='bbox 1174 1147 1301 1210; x_wconf 82' lang='grc' dir='ltr'>τοὺς</span> <span class='ocrx_word' id='word_1_72' title='bbox 1332 1146 1609 1210; x_wconf 83' lang='grc' dir='ltr'>τοιούτους</span> <span class='ocrx_word' id='word_1_73' title='bbox 1660 1145 1760 1198; x_wconf 82' lang='grc' dir='ltr'>οὐκ</span> 
     </span>
    </p>
   </div>
   <div class='ocr_carea' id='block_1_13' title="bbox 181 1233 1759 1307">
    <p class='ocr_par' dir='ltr' id='par_1_13' title="bbox 181 1233 1759 1307">
     <span class='ocr_line' id='line_1_13' title="bbox 181 1233 1759 1307; baseline -0.004 -15"><span class='ocrx_word' id='word_1_74' title='bbox 181 1236 471 1307; x_wconf 79' lang='grc' dir='ltr'>ἀγνοοῦσιν</span> <span class='ocrx_word' id='word_1_75' title='bbox 511 1238 560 1290; x_wconf 84' lang='grc' dir='ltr'>οἱ</span> <span class='ocrx_word' id='word_1_76' title='bbox 591 1236 858 1306; x_wconf 87' lang='grc' dir='ltr'>δαίμονες.</span> <span class='ocrx_word' id='word_1_77' title='bbox 896 1235 1061 1290; x_wconf 82' lang='grc' dir='ltr'>Ὅθεν</span> <span class='ocrx_word' id='word_1_78' title='bbox 1091 1233 1398 1305; x_wconf 77' lang='grc' dir='ltr'>κινούμενοι</span> <span class='ocrx_word' id='word_1_79' title='bbox 1425 1233 1548 1288; x_wconf 86' lang='grc' dir='ltr'>καθ’</span> <span class='ocrx_word' id='word_1_80' title='bbox 1580 1233 1759 1305; x_wconf 82' lang='grc' dir='ltr'>ἡμῶν,</span> 
     </span>
    </p>
   </div>
   <div class='ocr_carea' id='block_1_14' title="bbox 181 1323 1756 1401">
    <p class='ocr_par' dir='ltr' id='par_1_14' title="bbox 181 1323 1756 1401">
     <span class='ocr_line' id='line_1_14' title="bbox 181 1323 1756 1401; baseline -0.003 -19"><span class='ocrx_word' id='word_1_81' title='bbox 181 1329 256 1384; x_wconf 70' lang='grc' dir='ltr'>τὲ</span> <span class='ocrx_word' id='word_1_82' title='bbox 290 1328 390 1401; x_wconf 78' lang='grc' dir='ltr'>μὲν</span> <span class='ocrx_word' id='word_1_83' title='bbox 417 1328 616 1382; x_wconf 84' lang='grc' dir='ltr'>δυνατά</span> <span class='ocrx_word' id='word_1_84' title='bbox 641 1327 893 1396; x_wconf 81' lang='grc' dir='ltr'>γενέσθαι</span> <span class='ocrx_word' id='word_1_85' title='bbox 941 1327 1231 1389; x_wconf 82' lang='grc' dir='ltr'>κωλύουσι,</span> <span class='ocrx_word' id='word_1_86' title='bbox 1255 1327 1324 1380; x_wconf 79' lang='grc' dir='ltr'><strong>τά</strong></span> <span class='ocrx_word' id='word_1_87' title='bbox 1359 1326 1416 1379; x_wconf 80' lang='grc' dir='ltr'>δὲ</span> <span class='ocrx_word' id='word_1_88' title='bbox 1453 1326 1526 1397; x_wconf 88' lang='grc' dir='ltr'>μὴ</span> <span class='ocrx_word' id='word_1_89' title='bbox 1553 1323 1756 1378; x_wconf 87' lang='grc' dir='ltr'>δυνατά</span> 
     </span>
    </p>
   </div>
   <div class='ocr_carea' id='block_1_15' title="bbox 184 1413 1762 1490">
    <p class='ocr_par' dir='ltr' id='par_1_15' title="bbox 184 1413 1762 1490">
     <span class='ocr_line' id='line_1_15' title="bbox 184 1413 1762 1490; baseline -0.005 -16"><span class='ocrx_word' id='word_1_90' title='bbox 184 1419 460 1490; x_wconf 84' lang='grc' dir='ltr'>γενέσθαι,</span> <span class='ocrx_word' id='word_1_91' title='bbox 491 1419 748 1488; x_wconf 85' lang='grc' dir='ltr'>πράττειν</span> <span class='ocrx_word' id='word_1_92' title='bbox 778 1419 925 1490; x_wconf 79' lang='grc' dir='ltr'>ἡμᾶς</span> <span class='ocrx_word' id='word_1_93' title='bbox 954 1417 1456 1486; x_wconf 76' lang='grc' dir='ltr'>καταναγκάζουσι.</span> <span class='ocrx_word' id='word_1_94' title='bbox 1494 1416 1608 1470; x_wconf 72' lang='grc' dir='ltr'><strong>Καὶ</strong></span> <span class='ocrx_word' id='word_1_95' title='bbox 1651 1413 1762 1485; x_wconf 90' lang='grc' dir='ltr'>γὰρ</span> 
     </span>
    </p>
   </div>
   <div class='ocr_carea' id='block_1_16' title="bbox 184 1505 1760 1579">
    <p class='ocr_par' dir='ltr' id='par_1_16' title="bbox 184 1505 1760 1579">
     <span class='ocr_line' id='line_1_16' title="bbox 184 1505 1760 1579; baseline -0.005 -13"><span class='ocrx_word' id='word_1_96' title='bbox 184 1511 314 1575; x_wconf 78' lang='grc' dir='ltr'>τοὺς</span> <span class='ocrx_word' id='word_1_97' title='bbox 335 1510 708 1573; x_wconf 82' lang='grc' dir='ltr'>ἀσθενοῦντας,</span> <span class='ocrx_word' id='word_1_98' title='bbox 738 1510 1078 1579; x_wconf 73' lang='grc' dir='ltr'>εὐχαριστεῖν</span> <span class='ocrx_word' id='word_1_99' title='bbox 1108 1509 1206 1579; x_wconf 85' lang='grc' dir='ltr'>μὲν</span> <span class='ocrx_word' id='word_1_100' title='bbox 1233 1508 1324 1561; x_wconf 72' lang='grc' dir='ltr'><strong>ἐπὶ</strong></span> <span class='ocrx_word' id='word_1_101' title='bbox 1344 1510 1456 1570; x_wconf 89' lang='grc' dir='ltr'>τοῖς</span> <span class='ocrx_word' id='word_1_102' title='bbox 1481 1505 1760 1576; x_wconf 78' lang='grc' dir='ltr'>ἀλγηδόσι,</span> 
     </span>
    </p>
   </div>
   <div class='ocr_carea' id='block_1_17' title="bbox 185 1595 1759 1672">
    <p class='ocr_par' dir='ltr' id='par_1_17' title="bbox 185 1595 1759 1672">
     <span class='ocr_line' id='line_1_17' title="bbox 185 1595 1759 1672; baseline -0.005 -17"><span class='ocrx_word' id='word_1_103' title='bbox 185 1601 285 1655; x_wconf 71' lang='grc' dir='ltr'>καὶ</span> <span class='ocrx_word' id='word_1_104' title='bbox 311 1599 792 1672; x_wconf 73' lang='grc' dir='ltr'>μακροθυμεῖνὲπὶ</span> <span class='ocrx_word' id='word_1_105' title='bbox 815 1602 928 1663; x_wconf 87' lang='grc' dir='ltr'>τοῖς</span> <span class='ocrx_word' id='word_1_106' title='bbox 948 1598 1317 1670; x_wconf 83' lang='grc' dir='ltr'>ὑπηρετοῦσιν</span> <span class='ocrx_word' id='word_1_107' title='bbox 1331 1595 1759 1652; x_wconf 77' lang='grc' dir='ltr'>ἀποκωλύουσινο</span> 
     </span>
    </p>
   </div>
   <div class='ocr_carea' id='block_1_18' title="bbox 185 1685 1837 1794">
    <p class='ocr_par' dir='ltr' id='par_1_18' title="bbox 185 1685 1837 1794">
     <span class='ocr_line' id='line_1_18' title="bbox 185 1685 1837 1794; baseline -0.007 -46"><span class='ocrx_word' id='word_1_108' title='bbox 185 1692 508 1755; x_wconf 87' lang='grc' dir='ltr'>ἀτονοῦντας</span> <span class='ocrx_word' id='word_1_109' title='bbox 546 1690 603 1744; x_wconf 78' lang='grc' dir='ltr'>δὲ</span> <span class='ocrx_word' id='word_1_110' title='bbox 636 1689 817 1755; x_wconf 84' lang='grc' dir='ltr'>πάλιν,</span> <span class='ocrx_word' id='word_1_111' title='bbox 845 1688 1294 1794; x_wconf 68' lang='grc' dir='ltr'>ἐγκρατεύεσθαι,</span> <span class='ocrx_word' id='word_1_112' title='bbox 1324 1687 1421 1741; x_wconf 75' lang='grc' dir='ltr'>καὶ</span> <span class='ocrx_word' id='word_1_113' title='bbox 1453 1685 1763 1757; x_wconf 82' lang='grc' dir='ltr'>βεϐαρημέ-</span> <span class='ocrx_word' id='word_1_114' title='bbox 1795 1735 1837 1794; x_wconf 75' lang='grc' dir='ltr'>Β</span> 
     </span>
    </p>
   </div>
   <div class='ocr_carea' id='block_1_19' title="bbox 186 1777 1302 1849">
    <p class='ocr_par' dir='ltr' id='par_1_19' title="bbox 186 1777 1302 1849">
     <span class='ocr_line' id='line_1_19' title="bbox 186 1777 1302 1849; baseline -0.007 -11"><span class='ocrx_word' id='word_1_115' title='bbox 186 1799 335 1847; x_wconf 89' lang='grc' dir='ltr'>νους,</span> <span class='ocrx_word' id='word_1_116' title='bbox 366 1780 605 1843; x_wconf 81' lang='grc' dir='ltr'>ἑστῶτας</span> <span class='ocrx_word' id='word_1_117' title='bbox 631 1778 853 1846; x_wconf 82' lang='grc' dir='ltr'>ψάλλειν</span> <span class='ocrx_word' id='word_1_118' title='bbox 884 1777 1302 1849; x_wconf 82' lang='grc' dir='ltr'>προτρέπονται.</span> 
     </span>
    </p>
   </div>
   <div class='ocr_carea' id='block_1_20' title="bbox 260 1866 1765 1938">
    <p class='ocr_par' dir='ltr' id='par_1_20' title="bbox 260 1866 1765 1938">
     <span class='ocr_line' id='line_1_20' title="bbox 260 1866 1765 1938; baseline -0.007 -10"><span class='ocrx_word' id='word_1_119' title='bbox 260 1874 393 1928; x_wconf 81' lang='grc' dir='ltr'><strong>ΚΘ’.</strong></span> <span class='ocrx_word' id='word_1_120' title='bbox 443 1872 612 1925; x_wconf 87' lang='grc' dir='ltr'>Ὅταν</span> <span class='ocrx_word' id='word_1_121' title='bbox 656 1871 714 1922; x_wconf 80' lang='grc' dir='ltr'>ὲν</span> <span class='ocrx_word' id='word_1_122' title='bbox 755 1869 974 1923; x_wconf 86' lang='grc' dir='ltr'>πόλεσιν</span> <span class='ocrx_word' id='word_1_123' title='bbox 1019 1869 1053 1938; x_wconf 84' lang='grc' dir='ltr'>ἢ</span> <span class='ocrx_word' id='word_1_124' title='bbox 1093 1869 1151 1923; x_wconf 78' lang='grc' dir='ltr'>ὲν</span> <span class='ocrx_word' id='word_1_125' title='bbox 1189 1867 1401 1938; x_wconf 84' lang='grc' dir='ltr'>κώμαις</span> <span class='ocrx_word' id='word_1_126' title='bbox 1446 1868 1532 1919; x_wconf 75' lang='grc' dir='ltr'><strong>ἐπ’</strong></span> <span class='ocrx_word' id='word_1_127' title='bbox 1586 1866 1765 1935; x_wconf 81' lang='grc' dir='ltr'>ὀλίγον</span> 
     </span>
    </p>
   </div>
   <div class='ocr_carea' id='block_1_21' title="bbox 186 1957 1766 2034">
    <p class='ocr_par' dir='ltr' id='par_1_21' title="bbox 186 1957 1766 2034">
     <span class='ocr_line' id='line_1_21' title="bbox 186 1957 1766 2034; baseline -0.008 -13"><span class='ocrx_word' id='word_1_128' title='bbox 186 1961 625 2034; x_wconf 78' lang='grc' dir='ltr'>ἀναγκαζώμεθα</span> <span class='ocrx_word' id='word_1_129' title='bbox 650 1960 962 2031; x_wconf 78' lang='grc' dir='ltr'>διατρίϐειν,</span> <span class='ocrx_word' id='word_1_130' title='bbox 993 1959 1115 2012; x_wconf 87' lang='grc' dir='ltr'>τότε</span> <span class='ocrx_word' id='word_1_131' title='bbox 1151 1958 1384 2029; x_wconf 81' lang='grc' dir='ltr'>μάλιστα</span> <span class='ocrx_word' id='word_1_132' title='bbox 1415 1957 1766 2028; x_wconf 77' lang='grc' dir='ltr'>σφοδρότερον</span> 
     </span>
    </p>
   </div>
   <div class='ocr_carea' id='block_1_22' title="bbox 187 2050 1763 2127">
    <p class='ocr_par' dir='ltr' id='par_1_22' title="bbox 187 2050 1763 2127">
     <span class='ocr_line' id='line_1_22' title="bbox 187 2050 1763 2127; baseline -0.004 -18"><span class='ocrx_word' id='word_1_133' title='bbox 187 2056 292 2127; x_wconf 81' lang='grc' dir='ltr'>τῆς</span> <span class='ocrx_word' id='word_1_134' title='bbox 319 2052 644 2124; x_wconf 70' lang='grc' dir='ltr'>ἐγκρατείας</span> <span class='ocrx_word' id='word_1_135' title='bbox 673 2051 940 2124; x_wconf 69' lang='grc' dir='ltr'>ἐχόμενοι,</span> <span class='ocrx_word' id='word_1_136' title='bbox 966 2053 1078 2114; x_wconf 89' lang='grc' dir='ltr'>τοῖς</span> <span class='ocrx_word' id='word_1_137' title='bbox 1099 2053 1381 2121; x_wconf 85' lang='grc' dir='ltr'>κοσμικοῖς</span> <span class='ocrx_word' id='word_1_138' title='bbox 1408 2050 1763 2120; x_wconf 72' lang='grc' dir='ltr'>συνεσόμεθα,</span> 
     </span>
    </p>
   </div>
   <div class='ocr_carea' id='block_1_23' title="bbox 194 2129 1768 2217">
    <p class='ocr_par' dir='ltr' id='par_1_23' title="bbox 194 2129 1768 2217">
     <span class='ocr_line' id='line_1_23' title="bbox 194 2129 1768 2217; baseline -0.006 -17"><span class='ocrx_word' id='word_1_139' title='bbox 194 2147 406 2217; x_wconf 86' lang='grc' dir='ltr'>μήποτε</span> <span class='ocrx_word' id='word_1_140' title='bbox 436 2129 742 2214; x_wconf 74' lang='grc' dir='ltr'>παχυνθεὶξ</span> <span class='ocrx_word' id='word_1_141' title='bbox 767 2139 926 2211; x_wconf 80' lang='grc' dir='ltr'>ἡμῶν</span> <span class='ocrx_word' id='word_1_142' title='bbox 975 2141 1005 2192; x_wconf 86' lang='grc' dir='ltr'>ὁ</span> <span class='ocrx_word' id='word_1_143' title='bbox 1033 2138 1176 2204; x_wconf 86' lang='grc' dir='ltr'>νοῦς,</span> <span class='ocrx_word' id='word_1_144' title='bbox 1228 2138 1323 2192; x_wconf 76' lang='grc' dir='ltr'>καὶ</span> <span class='ocrx_word' id='word_1_145' title='bbox 1367 2139 1466 2209; x_wconf 83' lang='grc' dir='ltr'><strong>τῆς</strong></span> <span class='ocrx_word' id='word_1_146' title='bbox 1505 2138 1768 2208; x_wconf 80' lang='grc' dir='ltr'>συνήθους</span> 
     </span>
    </p>
   </div>
   <div class='ocr_carea' id='block_1_24' title="bbox 191 2229 1767 2307">
    <p class='ocr_par' dir='ltr' id='par_1_24' title="bbox 191 2229 1767 2307">
     <span class='ocr_line' id='line_1_24' title="bbox 191 2229 1767 2307; baseline -0.007 -16"><span class='ocrx_word' id='word_1_147' title='bbox 191 2235 508 2307; x_wconf 76' lang='grc' dir='ltr'>ἐπιμελείας</span> <span class='ocrx_word' id='word_1_148' title='bbox 533 2234 622 2287; x_wconf 84' lang='grc' dir='ltr'>διὰ</span> <span class='ocrx_word' id='word_1_149' title='bbox 647 2233 738 2287; x_wconf 82' lang='grc' dir='ltr'>τὸν</span> <span class='ocrx_word' id='word_1_150' title='bbox 767 2231 1008 2303; x_wconf 87' lang='grc' dir='ltr'>παρόντα</span> <span class='ocrx_word' id='word_1_151' title='bbox 1032 2229 1221 2300; x_wconf 81' lang='grc' dir='ltr'>καιρὸν</span> <span class='ocrx_word' id='word_1_152' title='bbox 1255 2229 1552 2299; x_wconf 74' lang='grc' dir='ltr'>στερηθεὶς,</span> <span class='ocrx_word' id='word_1_153' title='bbox 1587 2229 1767 2300; x_wconf 80' lang='grc' dir='ltr'>πράξῃ</span> 
     </span>
    </p>
   </div>
   <div class='ocr_carea' id='block_1_25' title="bbox 189 2318 1769 2392">
    <p class='ocr_par' dir='ltr' id='par_1_25' title="bbox 189 2318 1769 2392">
     <span class='ocr_line' id='line_1_25' title="bbox 189 2318 1769 2392; baseline -0.006 -12"><span class='ocrx_word' id='word_1_154' title='bbox 189 2345 245 2381; x_wconf 83' lang='grc' dir='ltr'><strong>τι</strong></span> <span class='ocrx_word' id='word_1_155' title='bbox 271 2327 380 2381; x_wconf 85' lang='grc' dir='ltr'><strong>τών</strong></span> <span class='ocrx_word' id='word_1_156' title='bbox 411 2325 746 2390; x_wconf 79' lang='grc' dir='ltr'>ἀϐουλήτων,</span> <span class='ocrx_word' id='word_1_157' title='bbox 774 2323 868 2376; x_wconf 72' lang='grc' dir='ltr'>καὶ</span> <span class='ocrx_word' id='word_1_158' title='bbox 895 2321 1122 2392; x_wconf 83' lang='grc' dir='ltr'>γένηται</span> <span class='ocrx_word' id='word_1_159' title='bbox 1150 2320 1347 2389; x_wconf 82' lang='grc' dir='ltr'>φυγὰς,</span> <span class='ocrx_word' id='word_1_160' title='bbox 1385 2318 1490 2371; x_wconf 78' lang='grc' dir='ltr'><strong>ὑπὸ</strong></span> <span class='ocrx_word' id='word_1_161' title='bbox 1516 2319 1625 2371; x_wconf 82' lang='grc' dir='ltr'>τῶν</span> <span class='ocrx_word' id='word_1_162' title='bbox 1649 2318 1769 2372; x_wconf 85' lang='grc' dir='ltr'>δαι-</span> 
     </span>
    </p>
   </div>
   <div class='ocr_carea' id='block_1_26' title="bbox 195 2415 1465 2488">
    <p class='ocr_par' dir='ltr' id='par_1_26' title="bbox 195 2415 1465 2488">
     <span class='ocr_line' id='line_1_26' title="bbox 195 2415 1465 2488; baseline -0.006 -17"><span class='ocrx_word' id='word_1_163' title='bbox 195 2417 374 2488; x_wconf 85' lang='grc' dir='ltr'>μόνων</span> <span class='ocrx_word' id='word_1_164' title='bbox 415 2415 756 2487; x_wconf 86' lang='grc' dir='ltr'>βαλλόμενος.</span> <span class='ocrx_word' id='word_1_165' title='bbox 1451 2444 1465 2464; x_wconf 82' lang='grc'><strong>.</strong></span> 
     </span>
    </p>
   </div>
   <div class='ocr_carea' id='block_1_27' title="bbox 265 2499 1770 2576">
    <p class='ocr_par' dir='ltr' id='par_1_27' title="bbox 265 2499 1770 2576">
     <span class='ocr_line' id='line_1_27' title="bbox 265 2499 1770 2576; baseline -0.01 -14"><span class='ocrx_word' id='word_1_166' title='bbox 265 2508 348 2562; x_wconf 85' lang='grc' dir='ltr'><strong>Λ’.</strong></span> <span class='ocrx_word' id='word_1_167' title='bbox 387 2508 462 2561; x_wconf 87' lang='grc' dir='ltr'><strong>Ού</strong></span> <span class='ocrx_word' id='word_1_168' title='bbox 500 2505 763 2576; x_wconf 83' lang='grc' dir='ltr'>πρότερον</span> <span class='ocrx_word' id='word_1_169' title='bbox 794 2501 1068 2575; x_wconf 79' lang='grc' dir='ltr'>προσεύξῃ</span> <span class='ocrx_word' id='word_1_170' title='bbox 1096 2499 1504 2571; x_wconf 83' lang='grc' dir='ltr'>πειραζόμενος,</span> <span class='ocrx_word' id='word_1_171' title='bbox 1537 2499 1666 2570; x_wconf 74' lang='grc' dir='ltr'>πρὶν</span> <span class='ocrx_word' id='word_1_172' title='bbox 1697 2502 1770 2566; x_wconf 65' lang='lat' dir='ltr'><strong>et-</strong></span> 
     </span>
    </p>
   </div>
   <div class='ocr_carea' id='block_1_28' title="bbox 192 2589 1772 2668">
    <p class='ocr_par' dir='ltr' id='par_1_28' title="bbox 192 2589 1772 2668">
     <span class='ocr_line' id='line_1_28' title="bbox 192 2589 1772 2668; baseline -0.006 -15"><span class='ocrx_word' id='word_1_173' title='bbox 192 2601 318 2653; x_wconf 81' lang='grc' dir='ltr'>πεῖν</span> <span class='ocrx_word' id='word_1_174' title='bbox 349 2614 470 2650; x_wconf 89' lang='grc' dir='ltr'>τινα</span> <span class='ocrx_word' id='word_1_175' title='bbox 502 2597 722 2668; x_wconf 79' lang='grc' dir='ltr'>ῥήματα</span> <span class='ocrx_word' id='word_1_176' title='bbox 747 2594 861 2664; x_wconf 84' lang='grc' dir='ltr'>μετ’</span> <span class='ocrx_word' id='word_1_177' title='bbox 893 2591 1062 2664; x_wconf 81' lang='grc' dir='ltr'>ὀργῆς</span> <span class='ocrx_word' id='word_1_178' title='bbox 1087 2592 1222 2662; x_wconf 84' lang='grc' dir='ltr'>πρὸς</span> <span class='ocrx_word' id='word_1_179' title='bbox 1242 2590 1332 2644; x_wconf 82' lang='grc' dir='ltr'>τὸν</span> <span class='ocrx_word' id='word_1_180' title='bbox 1357 2590 1626 2644; x_wconf 78' lang='grc' dir='ltr'>θλίϐοντα.</span> <span class='ocrx_word' id='word_1_181' title='bbox 1659 2589 1772 2660; x_wconf 73' lang='grc' dir='ltr'><strong>Τῆς</strong></span> 
     </span>
    </p>
   </div>
   <div class='ocr_carea' id='block_1_29' title="bbox 193 2679 1771 2758">
    <p class='ocr_par' dir='ltr' id='par_1_29' title="bbox 193 2679 1771 2758">
     <span class='ocr_line' id='line_1_29' title="bbox 193 2679 1771 2758; baseline -0.006 -17"><span class='ocrx_word' id='word_1_182' title='bbox 193 2688 308 2758; x_wconf 81' lang='grc' dir='ltr'>γὰρ</span> <span class='ocrx_word' id='word_1_183' title='bbox 337 2685 517 2757; x_wconf 83' lang='grc' dir='ltr'>ψυχῆς</span> <span class='ocrx_word' id='word_1_184' title='bbox 547 2701 639 2738; x_wconf 90' lang='grc' dir='ltr'><strong>σου</strong></span> <span class='ocrx_word' id='word_1_185' title='bbox 668 2682 1050 2753; x_wconf 83' lang='grc' dir='ltr'>πεποιωμένης</span> <span class='ocrx_word' id='word_1_186' title='bbox 1071 2683 1184 2744; x_wconf 88' lang='grc' dir='ltr'>τοῖς</span> <span class='ocrx_word' id='word_1_187' title='bbox 1210 2681 1506 2751; x_wconf 85' lang='grc' dir='ltr'>λογισμοῖς,</span> <span class='ocrx_word' id='word_1_188' title='bbox 1537 2679 1771 2750; x_wconf 77' lang='grc' dir='ltr'>συμϐαί-</span> 
     </span>
    </p>
   </div>
   <div class='ocr_carea' id='block_1_30' title="bbox 195 2768 1772 2848">
    <p class='ocr_par' dir='ltr' id='par_1_30' title="bbox 195 2768 1772 2848">
     <span class='ocr_line' id='line_1_30' title="bbox 195 2768 1772 2848; baseline -0.006 -16"><span class='ocrx_word' id='word_1_189' title='bbox 195 2795 278 2833; x_wconf 86' lang='grc' dir='ltr'><strong>νει</strong></span> <span class='ocrx_word' id='word_1_190' title='bbox 318 2777 454 2848; x_wconf 77' lang='grc' dir='ltr'>μηδὲ</span> <span class='ocrx_word' id='word_1_191' title='bbox 487 2773 733 2846; x_wconf 83' lang='grc' dir='ltr'>καθαρὰν</span> <span class='ocrx_word' id='word_1_192' title='bbox 764 2771 1015 2842; x_wconf 81' lang='grc' dir='ltr'>γενέσθαι</span> <span class='ocrx_word' id='word_1_193' title='bbox 1047 2771 1148 2842; x_wconf 82' lang='grc' dir='ltr'>τὴν</span> <span class='ocrx_word' id='word_1_194' title='bbox 1179 2770 1505 2840; x_wconf 90' lang='grc' dir='ltr'>προσευχήν.</span> <span class='ocrx_word' id='word_1_195' title='bbox 1555 2768 1679 2823; x_wconf 84' lang='grc' dir='ltr'>Ἐὰν</span> <span class='ocrx_word' id='word_1_196' title='bbox 1715 2769 1772 2822; x_wconf 80' lang='grc' dir='ltr'>δὲ</span> 
     </span>
    </p>
   </div>
   <div class='ocr_carea' id='block_1_31' title="bbox 200 2858 1774 2939">
    <p class='ocr_par' dir='ltr' id='par_1_31' title="bbox 200 2858 1774 2939">
     <span class='ocr_line' id='line_1_31' title="bbox 200 2858 1774 2939; baseline -0.005 -19"><span class='ocrx_word' id='word_1_197' title='bbox 200 2866 322 2939; x_wconf 82' lang='grc' dir='ltr'>μετ’</span> <span class='ocrx_word' id='word_1_198' title='bbox 363 2867 532 2937; x_wconf 84' lang='grc' dir='ltr'>ὀργῆς</span> <span class='ocrx_word' id='word_1_199' title='bbox 568 2865 724 2934; x_wconf 76' lang='grc' dir='ltr'>εἴπης</span> <span class='ocrx_word' id='word_1_200' title='bbox 753 2879 807 2916; x_wconf 87' lang='grc' dir='ltr'><strong>τι</strong></span> <span class='ocrx_word' id='word_1_201' title='bbox 859 2861 994 2929; x_wconf 85' lang='grc' dir='ltr'>πρὸς</span> <span class='ocrx_word' id='word_1_202' title='bbox 1038 2859 1268 2923; x_wconf 76' lang='grc' dir='ltr'>αὐτοὺς,</span> <span class='ocrx_word' id='word_1_203' title='bbox 1321 2859 1541 2928; x_wconf 86' lang='grc' dir='ltr'>συγχεῖς</span> <span class='ocrx_word' id='word_1_204' title='bbox 1575 2875 1636 2912; x_wconf 89' lang='grc' dir='ltr'><strong>τε</strong></span> <span class='ocrx_word' id='word_1_205' title='bbox 1680 2858 1774 2912; x_wconf 72' lang='grc' dir='ltr'>καὶ</span> 
     </span>
    </p>
   </div>
   <div class='ocr_carea' id='block_1_32' title="bbox 197 2947 1773 3026">
    <p class='ocr_par' dir='ltr' id='par_1_32' title="bbox 197 2947 1773 3026">
     <span class='ocr_line' id='line_1_32' title="bbox 197 2947 1773 3026; baseline -0.006 -15"><span class='ocrx_word' id='word_1_206' title='bbox 197 2956 536 3026; x_wconf 78' lang='grc' dir='ltr'>ὲξαφανίζεις</span> <span class='ocrx_word' id='word_1_207' title='bbox 556 2955 662 3008; x_wconf 87' lang='grc' dir='ltr'><strong>τών</strong></span> <span class='ocrx_word' id='word_1_208' title='bbox 682 2951 1070 3022; x_wconf 81' lang='grc' dir='ltr'>ἀντικειμένων</span> <span class='ocrx_word' id='word_1_209' title='bbox 1091 2949 1158 3003; x_wconf 89' lang='grc' dir='ltr'><strong>τά</strong></span> <span class='ocrx_word' id='word_1_210' title='bbox 1184 2949 1450 3020; x_wconf 79' lang='grc' dir='ltr'>νοήματα.</span> <span class='ocrx_word' id='word_1_211' title='bbox 1472 2947 1644 3001; x_wconf 85' lang='grc' dir='ltr'>Τοῦτο</span> <span class='ocrx_word' id='word_1_212' title='bbox 1666 2948 1773 3018; x_wconf 85' lang='grc' dir='ltr'>γὰρ</span> 
     </span>
    </p>
   </div>
   <div class='ocr_carea' id='block_1_33' title="bbox 1852 477 3420 547">
    <p class='ocr_par' dir='ltr' id='par_1_33' title="bbox 1852 477 3420 547">
     <span class='ocr_line' id='line_1_33' title="bbox 1852 477 3420 547; baseline -0.006 -8"><span class='ocrx_word' id='word_1_213' title='bbox 1852 485 2194 539; x_wconf 69' lang='lat' dir='ltr'><strong>daemonibus</strong></span> <span class='ocrx_word' id='word_1_214' title='bbox 2221 484 2450 547; x_wconf 92' lang='lat' dir='ltr'><strong>obtinet,</strong></span> <span class='ocrx_word' id='word_1_215' title='bbox 2475 481 2616 538; x_wconf 90' lang='lat' dir='ltr'><strong>solet</strong></span> <span class='ocrx_word' id='word_1_216' title='bbox 2643 482 2820 535; x_wconf 88' lang='lat' dir='ltr'><strong>anima</strong></span> <span class='ocrx_word' id='word_1_217' title='bbox 2847 479 3058 534; x_wconf 85' lang='lat' dir='ltr'><strong>incendi</strong></span> <span class='ocrx_word' id='word_1_218' title='bbox 3096 479 3163 533; x_wconf 89' lang='lat' dir='ltr'><strong>ad</strong></span> <span class='ocrx_word' id='word_1_219' title='bbox 3195 477 3420 545; x_wconf 86' lang='lat' dir='ltr'><strong>ratioci-</strong></span> 
     </span>
    </p>
   </div>
   <div class='ocr_carea' id='block_1_34' title="bbox 1852 567 3421 644">
    <p class='ocr_par' dir='ltr' id='par_1_34' title="bbox 1852 567 3421 644">
     <span class='ocr_line' id='line_1_34' title="bbox 1852 567 3421 644; baseline -0.005 -15"><span class='ocrx_word' id='word_1_220' title='bbox 1852 575 2120 639; x_wconf 89' lang='lat' dir='ltr'><strong>nationes,</strong></span> <span class='ocrx_word' id='word_1_221' title='bbox 2150 589 2272 629; x_wconf 90' lang='lat' dir='ltr'><strong>cum</strong></span> <span class='ocrx_word' id='word_1_222' title='bbox 2303 574 2435 644; x_wconf 88' lang='lat' dir='ltr'><strong>ipsis</strong></span> <span class='ocrx_word' id='word_1_223' title='bbox 2455 572 3010 643; x_wconf 81' lang='lat' dir='ltr'><strong>appropinquantibus</strong></span> <span class='ocrx_word' id='word_1_224' title='bbox 3031 579 3281 640; x_wconf 80' lang='lat' dir='ltr'><strong>suscepta</strong></span> <span class='ocrx_word' id='word_1_225' title='bbox 3312 567 3421 622; x_wconf 81' lang='lat' dir='ltr'><strong>lue-</strong></span> 
     </span>
    </p>
   </div>
   <div class='ocr_carea' id='block_1_35' title="bbox 1853 661 3114 730">
    <p class='ocr_par' dir='ltr' id='par_1_35' title="bbox 1853 661 3114 730">
     <span class='ocr_line' id='line_1_35' title="bbox 1853 661 3114 730; baseline -0.001 -13"><span class='ocrx_word' id='word_1_226' title='bbox 1853 665 1924 718; x_wconf 91' lang='lat' dir='ltr'><strong>rit</strong></span> <span class='ocrx_word' id='word_1_227' title='bbox 1960 665 2012 717; x_wconf 89' lang='lat' dir='ltr'><strong>in</strong></span> <span class='ocrx_word' id='word_1_228' title='bbox 2044 664 2324 729; x_wconf 76' lang='lat' dir='ltr'><strong>auxilium,</strong></span> <span class='ocrx_word' id='word_1_229' title='bbox 2353 665 2485 719; x_wconf 90' lang='lat' dir='ltr'><strong>vitio</strong></span> <span class='ocrx_word' id='word_1_230' title='bbox 2508 661 2846 717; x_wconf 90' lang='lat' dir='ltr'><strong>obturbantis</strong></span> <span class='ocrx_word' id='word_1_231' title='bbox 2873 675 3114 730; x_wconf 85' lang='lat' dir='ltr'><strong>aspersa.</strong></span> 
     </span>
    </p>
   </div>
   <div class='ocr_carea' id='block_1_36' title="bbox 2523 776 2746 831">
    <p class='ocr_par' dir='ltr' id='par_1_36' title="bbox 2523 776 2746 831">
     <span class='ocr_line' id='line_1_36' title="bbox 2523 776 2746 831; baseline -0.004 -2"><span class='ocrx_word' id='word_1_232' title='bbox 2523 776 2746 831; x_wconf 74' lang='lat' dir='ltr'><strong>Manilo.</strong></span> 
     </span>
    </p>
   </div>
   <div class='ocr_carea' id='block_1_37' title="bbox 1927 866 3424 935">
    <p class='ocr_par' dir='ltr' id='par_1_37' title="bbox 1927 866 3424 935">
     <span class='ocr_line' id='line_1_37' title="bbox 1927 866 3424 935; baseline 0 -14"><span class='ocrx_word' id='word_1_233' title='bbox 1927 866 2024 921; x_wconf 72' lang='lat' dir='ltr'><strong>XX</strong></span> <span class='ocrx_word' id='word_1_234' title='bbox 2038 866 2164 921; x_wconf 75' lang='lat' dir='ltr'><strong>\‘III.</strong></span> <span class='ocrx_word' id='word_1_235' title='bbox 2206 867 2318 921; x_wconf 83' lang='lat' dir='ltr'><strong>Non</strong></span> <span class='ocrx_word' id='word_1_236' title='bbox 2348 868 2493 922; x_wconf 89' lang='lat' dir='ltr'><strong>omni</strong></span> <span class='ocrx_word' id='word_1_237' title='bbox 2527 877 2766 935; x_wconf 88' lang='lat' dir='ltr'><strong>tempore</strong></span> <span class='ocrx_word' id='word_1_238' title='bbox 2794 881 3077 935; x_wconf 83' lang='lat' dir='ltr'><strong>possumus</strong></span> <span class='ocrx_word' id='word_1_239' title='bbox 3109 877 3424 925; x_wconf 82' lang='lat' dir='ltr'><strong>consuetam</strong></span> 
     </span>
    </p>
   </div>
   <div class='ocr_carea' id='block_1_38' title="bbox 1859 957 3426 1030">
    <p class='ocr_par' dir='ltr' id='par_1_38' title="bbox 1859 957 3426 1030">
     <span class='ocr_line' id='line_1_38' title="bbox 1859 957 3426 1030; baseline 0.001 -18"><span class='ocrx_word' id='word_1_240' title='bbox 1859 957 2098 1028; x_wconf 83' lang='lat' dir='ltr'><strong>regulam</strong></span> <span class='ocrx_word' id='word_1_241' title='bbox 2131 959 2391 1026; x_wconf 73' lang='lat' dir='ltr'><strong>perlicere</strong></span> <span class='ocrx_word' id='word_1_242' title='bbox 2412 996 2427 1021; x_wconf 95' lang='lat'><strong>,</strong></span> <span class='ocrx_word' id='word_1_243' title='bbox 2463 957 2555 1011; x_wconf 90' lang='lat' dir='ltr'><strong>sed</strong></span> <span class='ocrx_word' id='word_1_244' title='bbox 2591 957 2969 1012; x_wconf 89' lang='lat' dir='ltr'><strong>attendendum</strong></span> <span class='ocrx_word' id='word_1_245' title='bbox 2999 968 3082 1014; x_wconf 90' lang='lat' dir='ltr'><strong>est</strong></span> <span class='ocrx_word' id='word_1_246' title='bbox 3111 961 3426 1030; x_wconf 87' lang='lat' dir='ltr'><strong>opportuni-</strong></span> 
     </span>
    </p>
   </div>
   <div class='ocr_carea' id='block_1_39' title="bbox 1858 1048 3426 1120">
    <p class='ocr_par' dir='ltr' id='par_1_39' title="bbox 1858 1048 3426 1120">
     <span class='ocr_line' id='line_1_39' title="bbox 1858 1048 3426 1120; baseline 0.002 -17"><span class='ocrx_word' id='word_1_247' title='bbox 1858 1050 1994 1112; x_wconf 82' lang='lat' dir='ltr'><strong>tati,</strong></span> <span class='ocrx_word' id='word_1_248' title='bbox 2025 1060 2078 1102; x_wconf 90' lang='lat' dir='ltr'><strong>et</strong></span> <span class='ocrx_word' id='word_1_249' title='bbox 2125 1049 2378 1103; x_wconf 85' lang='lat' dir='ltr'><strong>mandata</strong></span> <span class='ocrx_word' id='word_1_250' title='bbox 2429 1048 2700 1118; x_wconf 83' lang='lat' dir='ltr'><strong>possibilia</strong></span> <span class='ocrx_word' id='word_1_251' title='bbox 2750 1050 3129 1104; x_wconf 89' lang='lat' dir='ltr'><strong>connitendum</strong></span> <span class='ocrx_word' id='word_1_252' title='bbox 3161 1066 3259 1120; x_wconf 87' lang='lat' dir='ltr'><strong>pro</strong></span> <span class='ocrx_word' id='word_1_253' title='bbox 3293 1052 3426 1106; x_wconf 86' lang='lat' dir='ltr'><strong>viri-</strong></span> 
     </span>
    </p>
   </div>
   <div class='ocr_carea' id='block_1_40' title="bbox 1858 1136 3425 1212">
    <p class='ocr_par' dir='ltr' id='par_1_40' title="bbox 1858 1136 3425 1212">
     <span class='ocr_line' id='line_1_40' title="bbox 1858 1136 3425 1212; baseline 0.004 -20"><span class='ocrx_word' id='word_1_254' title='bbox 1858 1137 1962 1192; x_wconf 87' lang='lat' dir='ltr'><strong>bus</strong></span> <span class='ocrx_word' id='word_1_255' title='bbox 2009 1140 2245 1208; x_wconf 89' lang='lat' dir='ltr'><strong>operari.</strong></span> <span class='ocrx_word' id='word_1_256' title='bbox 2301 1136 2436 1192; x_wconf 85' lang='lat' dir='ltr'><strong>Nam</strong></span> <span class='ocrx_word' id='word_1_257' title='bbox 2486 1139 2788 1204; x_wconf 87' lang='lat' dir='ltr'><strong>bujosmodl</strong></span> <span class='ocrx_word' id='word_1_258' title='bbox 2837 1149 3138 1210; x_wconf 87' lang='lat' dir='ltr'><strong>opportuna</strong></span> <span class='ocrx_word' id='word_1_259' title='bbox 3185 1151 3425 1212; x_wconf 88' lang='lat' dir='ltr'><strong>tempora</strong></span> 
     </span>
    </p>
   </div>
   <div class='ocr_carea' id='block_1_41' title="bbox 1862 1229 3429 1298">
    <p class='ocr_par' dir='ltr' id='par_1_41' title="bbox 1862 1229 3429 1298">
     <span class='ocr_line' id='line_1_41' title="bbox 1862 1229 3429 1298; baseline 0.004 -15"><span class='ocrx_word' id='word_1_260' title='bbox 1862 1244 1964 1284; x_wconf 86' lang='lat' dir='ltr'><strong>nec</strong></span> <span class='ocrx_word' id='word_1_261' title='bbox 1997 1230 2098 1298; x_wconf 89' lang='lat' dir='ltr'><strong>ipsi</strong></span> <span class='ocrx_word' id='word_1_262' title='bbox 2137 1229 2410 1284; x_wconf 68' lang='lat' dir='ltr'><strong>daemones</strong></span> <span class='ocrx_word' id='word_1_263' title='bbox 2453 1231 2723 1297; x_wconf 82' lang='lat' dir='ltr'><strong>ignorant.</strong></span> <span class='ocrx_word' id='word_1_264' title='bbox 2772 1229 2924 1286; x_wconf 85' lang='lat' dir='ltr'><strong>Unde</strong></span> <span class='ocrx_word' id='word_1_265' title='bbox 2957 1233 3212 1288; x_wconf 85' lang='lat' dir='ltr'><strong>commoti</strong></span> <span class='ocrx_word' id='word_1_266' title='bbox 3239 1242 3429 1290; x_wconf 89' lang='lat' dir='ltr'><strong>contra</strong></span> 
     </span>
    </p>
   </div>
   <div class='ocr_carea' id='block_1_42' title="bbox 1863 1321 3430 1397">
    <p class='ocr_par' dir='ltr' id='par_1_42' title="bbox 1863 1321 3430 1397">
     <span class='ocr_line' id='line_1_42' title="bbox 1863 1321 3430 1397; baseline 0.004 -21"><span class='ocrx_word' id='word_1_267' title='bbox 1863 1336 1981 1386; x_wconf 82' lang='lat' dir='ltr'><strong>nos,</strong></span> <span class='ocrx_word' id='word_1_268' title='bbox 2005 1336 2122 1391; x_wconf 73' lang='lat' dir='ltr'><strong>qua:</strong></span> <span class='ocrx_word' id='word_1_269' title='bbox 2150 1321 2262 1376; x_wconf 83' lang='lat' dir='ltr'><strong>ﬁeri</strong></span> <span class='ocrx_word' id='word_1_270' title='bbox 2295 1331 2520 1391; x_wconf 89' lang='lat' dir='ltr'><strong>possunt</strong></span> <span class='ocrx_word' id='word_1_271' title='bbox 2544 1323 2849 1392; x_wconf 81' lang='lat' dir='ltr'><strong>prohibent;</strong></span> <span class='ocrx_word' id='word_1_272' title='bbox 2881 1339 2999 1392; x_wconf 71' lang='lat' dir='ltr'><strong>qua:</strong></span> <span class='ocrx_word' id='word_1_273' title='bbox 3025 1324 3142 1380; x_wconf 86' lang='lat' dir='ltr'><strong>Iieri</strong></span> <span class='ocrx_word' id='word_1_274' title='bbox 3165 1341 3270 1382; x_wconf 90' lang='lat' dir='ltr'><strong>non</strong></span> <span class='ocrx_word' id='word_1_275' title='bbox 3302 1341 3430 1397; x_wconf 84' lang='lat' dir='ltr'><strong>pos-</strong></span> 
     </span>
    </p>
   </div>
   <div class='ocr_carea' id='block_1_43' title="bbox 1863 1414 3434 1485">
    <p class='ocr_par' dir='ltr' id='par_1_43' title="bbox 1863 1414 3434 1485">
     <span class='ocr_line' id='line_1_43' title="bbox 1863 1414 3434 1485; baseline 0.005 -19"><span class='ocrx_word' id='word_1_276' title='bbox 1863 1421 2010 1478; x_wconf 85' lang='lat' dir='ltr'><strong>sunt,</strong></span> <span class='ocrx_word' id='word_1_277' title='bbox 2043 1429 2202 1483; x_wconf 83' lang='lat' dir='ltr'><strong>agere</strong></span> <span class='ocrx_word' id='word_1_278' title='bbox 2241 1428 2340 1470; x_wconf 89' lang='lat' dir='ltr'><strong>nos</strong></span> <span class='ocrx_word' id='word_1_279' title='bbox 2365 1415 2710 1485; x_wconf 90' lang='lat' dir='ltr'><strong>compellunt.</strong></span> <span class='ocrx_word' id='word_1_280' title='bbox 2736 1414 2990 1485; x_wconf 69' lang='lat' dir='ltr'><strong>Egrotos</strong></span> <span class='ocrx_word' id='word_1_281' title='bbox 3009 1456 3023 1481; x_wconf 90' lang='lat'><strong>,</strong></span> <span class='ocrx_word' id='word_1_282' title='bbox 3054 1431 3122 1472; x_wconf 90' lang='lat' dir='ltr'><strong>ne</strong></span> <span class='ocrx_word' id='word_1_283' title='bbox 3152 1418 3205 1472; x_wconf 91' lang='lat' dir='ltr'><strong>in</strong></span> <span class='ocrx_word' id='word_1_284' title='bbox 3231 1418 3434 1474; x_wconf 81' lang='lat' dir='ltr'><strong>dolori-</strong></span> 
     </span>
    </p>
   </div>
   <div class='ocr_carea' id='block_1_44' title="bbox 1865 1504 3431 1576">
    <p class='ocr_par' dir='ltr' id='par_1_44' title="bbox 1865 1504 3431 1576">
     <span class='ocr_line' id='line_1_44' title="bbox 1865 1504 3431 1576; baseline 0.004 -18"><span class='ocrx_word' id='word_1_285' title='bbox 1865 1504 1964 1558; x_wconf 87' lang='lat' dir='ltr'><strong>bus</strong></span> <span class='ocrx_word' id='word_1_286' title='bbox 1997 1505 2104 1558; x_wconf 87' lang='lat' dir='ltr'><strong>Dco</strong></span> <span class='ocrx_word' id='word_1_287' title='bbox 2133 1505 2335 1572; x_wconf 83' lang='lat' dir='ltr'><strong>gratias</strong></span> <span class='ocrx_word' id='word_1_288' title='bbox 2375 1514 2557 1575; x_wconf 89' lang='lat' dir='ltr'><strong>agant,</strong></span> <span class='ocrx_word' id='word_1_289' title='bbox 2602 1513 2654 1559; x_wconf 87' lang='lat' dir='ltr'><strong>et</strong></span> <span class='ocrx_word' id='word_1_290' title='bbox 2683 1506 2959 1560; x_wconf 88' lang='lat' dir='ltr'><strong>ministros</strong></span> <span class='ocrx_word' id='word_1_291' title='bbox 2988 1507 3254 1576; x_wconf 89' lang='lat' dir='ltr'><strong>patienter</strong></span> <span class='ocrx_word' id='word_1_292' title='bbox 3295 1508 3431 1564; x_wconf 72' lang='lat' dir='ltr'><strong>tole—</strong></span> 
     </span>
    </p>
   </div>
   <div class='ocr_carea' id='block_1_45' title="bbox 1863 1596 3432 1666">
    <p class='ocr_par' dir='ltr' id='par_1_45' title="bbox 1863 1596 3432 1666">
     <span class='ocr_line' id='line_1_45' title="bbox 1863 1596 3432 1666; baseline 0.005 -17"><span class='ocrx_word' id='word_1_293' title='bbox 1863 1605 2018 1660; x_wconf 82' lang='lat' dir='ltr'><strong>rent,</strong></span> <span class='ocrx_word' id='word_1_294' title='bbox 2054 1597 2380 1666; x_wconf 79' lang='lat' dir='ltr'><strong>impediunt;</strong></span> <span class='ocrx_word' id='word_1_295' title='bbox 2414 1596 2793 1665; x_wconf 86' lang='lat' dir='ltr'><strong>consimilique</strong></span> <span class='ocrx_word' id='word_1_296' title='bbox 2841 1600 2997 1654; x_wconf 83' lang='lat' dir='ltr'><strong>modo</strong></span> <span class='ocrx_word' id='word_1_297' title='bbox 3041 1599 3326 1655; x_wconf 86' lang='lat' dir='ltr'><strong>hortantur</strong></span> <span class='ocrx_word' id='word_1_298' title='bbox 3362 1602 3432 1657; x_wconf 89' lang='lat' dir='ltr'><strong>ad</strong></span> 
     </span>
    </p>
   </div>
   <div class='ocr_carea' id='block_1_46' title="bbox 1865 1687 3432 1756">
    <p class='ocr_par' dir='ltr' id='par_1_46' title="bbox 1865 1687 3432 1756">
     <span class='ocr_line' id='line_1_46' title="bbox 1865 1687 3432 1756; baseline 0.006 -18"><span class='ocrx_word' id='word_1_299' title='bbox 1865 1687 2246 1741; x_wconf 86' lang='lat' dir='ltr'><strong>abstinentiam</strong></span> <span class='ocrx_word' id='word_1_300' title='bbox 2277 1689 2594 1752; x_wconf 84' lang='lat' dir='ltr'><strong>imbecillos,</strong></span> <span class='ocrx_word' id='word_1_301' title='bbox 2629 1699 2680 1742; x_wconf 91' lang='lat' dir='ltr'><strong>et</strong></span> <span class='ocrx_word' id='word_1_302' title='bbox 2711 1690 2774 1742; x_wconf 86' lang='lat' dir='ltr'><strong>ad</strong></span> <span class='ocrx_word' id='word_1_303' title='bbox 2806 1687 3140 1756; x_wconf 86' lang='lat' dir='ltr'><strong>psallendum</strong></span> <span class='ocrx_word' id='word_1_304' title='bbox 3165 1700 3349 1748; x_wconf 90' lang='lat' dir='ltr'><strong>erecto</strong></span> <span class='ocrx_word' id='word_1_305' title='bbox 3375 1691 3432 1748; x_wconf 89' lang='lat' dir='ltr'><strong>in</strong></span> 
     </span>
    </p>
   </div>
   <div class='ocr_carea' id='block_1_47' title="bbox 1867 1778 2926 1849">
    <p class='ocr_par' dir='ltr' id='par_1_47' title="bbox 1867 1778 2926 1849">
     <span class='ocr_line' id='line_1_47' title="bbox 1867 1778 2926 1849; baseline 0.001 -18"><span class='ocrx_word' id='word_1_306' title='bbox 1867 1778 2029 1846; x_wconf 90' lang='lat' dir='ltr'><strong>pedes</strong></span> <span class='ocrx_word' id='word_1_307' title='bbox 2057 1793 2283 1848; x_wconf 85' lang='lat' dir='ltr'><strong>corpore</strong></span> <span class='ocrx_word' id='word_1_308' title='bbox 2309 1793 2402 1833; x_wconf 89' lang='lat' dir='ltr'><strong>eos</strong></span> <span class='ocrx_word' id='word_1_309' title='bbox 2427 1778 2752 1849; x_wconf 82' lang='lat' dir='ltr'><strong>qui&#39;gravati</strong></span> <span class='ocrx_word' id='word_1_310' title='bbox 2781 1789 2926 1833; x_wconf 90' lang='lat' dir='ltr'><strong>sunt.</strong></span> 
     </span>
    </p>
   </div>
   <div class='ocr_carea' id='block_1_48' title="bbox 1937 1866 3435 1934">
    <p class='ocr_par' dir='ltr' id='par_1_48' title="bbox 1937 1866 3435 1934">
     <span class='ocr_line' id='line_1_48' title="bbox 1937 1866 3435 1934; baseline 0.005 -14"><span class='ocrx_word' id='word_1_311' title='bbox 1937 1866 2126 1922; x_wconf 77' lang='lat' dir='ltr'><strong>XXIX.</strong></span> <span class='ocrx_word' id='word_1_312' title='bbox 2155 1867 2373 1934; x_wconf 87' lang='lat' dir='ltr'><strong>Quoties</strong></span> <span class='ocrx_word' id='word_1_313' title='bbox 2403 1870 2454 1922; x_wconf 91' lang='lat' dir='ltr'><strong>in</strong></span> <span class='ocrx_word' id='word_1_314' title='bbox 2490 1869 2710 1922; x_wconf 90' lang='lat' dir='ltr'><strong>urbibus</strong></span> <span class='ocrx_word' id='word_1_315' title='bbox 2734 1877 2831 1922; x_wconf 91' lang='lat' dir='ltr'><strong>aut</strong></span> <span class='ocrx_word' id='word_1_316' title='bbox 2851 1869 2981 1925; x_wconf 86' lang='lat' dir='ltr'><strong>vicis</strong></span> <span class='ocrx_word' id='word_1_317' title='bbox 3011 1871 3077 1924; x_wconf 89' lang='lat' dir='ltr'><strong>ad</strong></span> <span class='ocrx_word' id='word_1_318' title='bbox 3109 1872 3271 1927; x_wconf 86' lang='lat' dir='ltr'><strong>breve</strong></span> <span class='ocrx_word' id='word_1_319' title='bbox 3300 1880 3435 1928; x_wconf 83' lang='lat' dir='ltr'><strong>tem-</strong></span> 
     </span>
    </p>
   </div>
   <div class='ocr_carea' id='block_1_49' title="bbox 1867 1961 3437 2030">
    <p class='ocr_par' dir='ltr' id='par_1_49' title="bbox 1867 1961 3437 2030">
     <span class='ocr_line' id='line_1_49' title="bbox 1867 1961 3437 2030; baseline 0.006 -20"><span class='ocrx_word' id='word_1_320' title='bbox 1867 1973 1966 2027; x_wconf 85' lang='lat' dir='ltr'><strong>pus</strong></span> <span class='ocrx_word' id='word_1_321' title='bbox 2011 1974 2229 2014; x_wconf 88' lang='lat' dir='ltr'><strong>manere</strong></span> <span class='ocrx_word' id='word_1_322' title='bbox 2280 1961 2554 2028; x_wconf 79' lang='lat' dir='ltr'><strong>cogimur,</strong></span> <span class='ocrx_word' id='word_1_323' title='bbox 2594 1971 2721 2014; x_wconf 91' lang='lat' dir='ltr'><strong>tunc</strong></span> <span class='ocrx_word' id='word_1_324' title='bbox 2774 1961 3043 2030; x_wconf 74' lang='lat' dir='ltr'><strong>praecipue</strong></span> <span class='ocrx_word' id='word_1_325' title='bbox 3092 1963 3437 2020; x_wconf 75' lang='lat' dir='ltr'><strong>continentia:</strong></span> 
     </span>
    </p>
   </div>
   <div class='ocr_carea' id='block_1_50' title="bbox 1869 2049 3437 2118">
    <p class='ocr_par' dir='ltr' id='par_1_50' title="bbox 1869 2049 3437 2118">
     <span class='ocr_line' id='line_1_50' title="bbox 1869 2049 3437 2118; baseline 0.003 -15"><span class='ocrx_word' id='word_1_326' title='bbox 1869 2049 2074 2104; x_wconf 84' lang='lat' dir='ltr'><strong>ﬁrmius</strong></span> <span class='ocrx_word' id='word_1_327' title='bbox 2123 2050 2496 2118; x_wconf 66' lang='lat' dir='ltr'><strong>adhaerentes,</strong></span> <span class='ocrx_word' id='word_1_328' title='bbox 2527 2069 2646 2108; x_wconf 90' lang='lat' dir='ltr'><strong>cum</strong></span> <span class='ocrx_word' id='word_1_329' title='bbox 2692 2052 3045 2107; x_wconf 67' lang='lat' dir='ltr'><strong>saecularibus</strong></span> <span class='ocrx_word' id='word_1_330' title='bbox 3091 2053 3437 2109; x_wconf 84' lang='lat' dir='ltr'><strong>conversabi-</strong></span> 
     </span>
    </p>
   </div>
   <div class='ocr_carea' id='block_1_51' title="bbox 1870 2141 3437 2214">
    <p class='ocr_par' dir='ltr' id='par_1_51' title="bbox 1870 2141 3437 2214">
     <span class='ocr_line' id='line_1_51' title="bbox 1870 2141 3437 2214; baseline 0.004 -22"><span class='ocrx_word' id='word_1_331' title='bbox 1870 2153 2018 2204; x_wconf 90' lang='lat' dir='ltr'><strong>mur;</strong></span> <span class='ocrx_word' id='word_1_332' title='bbox 2055 2153 2122 2214; x_wconf 82' lang='lat' dir='ltr'><strong>ne</strong></span> <span class='ocrx_word' id='word_1_333' title='bbox 2150 2153 2494 2194; x_wconf 84' lang='lat' dir='ltr'><strong>crassescens</strong></span> <span class='ocrx_word' id='word_1_334' title='bbox 2525 2156 2674 2195; x_wconf 88' lang='lat' dir='ltr'><strong>mens</strong></span> <span class='ocrx_word' id='word_1_335' title='bbox 2705 2151 2912 2206; x_wconf 84' lang='lat' dir='ltr'><strong>nostra,</strong></span> <span class='ocrx_word' id='word_1_336' title='bbox 2949 2152 3001 2197; x_wconf 90' lang='lat' dir='ltr'><strong>et</strong></span> <span class='ocrx_word' id='word_1_337' title='bbox 3029 2142 3182 2197; x_wconf 91' lang='lat' dir='ltr'><strong>solita</strong></span> <span class='ocrx_word' id='word_1_338' title='bbox 3213 2141 3437 2214; x_wconf 86' lang='lat' dir='ltr'><strong>diligen-</strong></span> 
     </span>
    </p>
   </div>
   <div class='ocr_carea' id='block_1_52' title="bbox 1871 2210 3438 2302">
    <p class='ocr_par' dir='ltr' id='par_1_52' title="bbox 1871 2210 3438 2302">
     <span class='ocr_line' id='line_1_52' title="bbox 1871 2210 3438 2302; baseline 0.004 -18"><span class='ocrx_word' id='word_1_339' title='bbox 1871 2230 1942 2284; x_wconf 78' lang='lat' dir='ltr'><strong>tia</strong></span> <span class='ocrx_word' id='word_1_340' title='bbox 1975 2231 2043 2284; x_wconf 88' lang='lat' dir='ltr'><strong>ob</strong></span> <span class='ocrx_word' id='word_1_341' title='bbox 2060 2210 2310 2299; x_wconf 49' lang='lat' dir='ltr'><strong>.pmsens</strong></span> <span class='ocrx_word' id='word_1_342' title='bbox 2338 2240 2547 2301; x_wconf 84' lang='lat' dir='ltr'><strong>tempus</strong></span> <span class='ocrx_word' id='word_1_343' title='bbox 2581 2233 2786 2302; x_wconf 86' lang='lat' dir='ltr'><strong>privata</strong></span> <span class='ocrx_word' id='word_1_344' title='bbox 2809 2273 2822 2298; x_wconf 93' lang='lat'><strong>,</strong></span> <span class='ocrx_word' id='word_1_345' title='bbox 2857 2233 3054 2302; x_wconf 87' lang='lat' dir='ltr'><strong>aliquid</strong></span> <span class='ocrx_word' id='word_1_346' title='bbox 3086 2243 3272 2288; x_wconf 87' lang='lat' dir='ltr'><strong>contra</strong></span> <span class='ocrx_word' id='word_1_347' title='bbox 3305 2210 3438 2289; x_wconf 71' lang='lat' dir='ltr'><strong>sen-</strong></span> 
     </span>
    </p>
   </div>
   <div class='ocr_carea' id='block_1_53' title="bbox 1873 2321 3440 2395">
    <p class='ocr_par' dir='ltr' id='par_1_53' title="bbox 1873 2321 3440 2395">
     <span class='ocr_line' id='line_1_53' title="bbox 1873 2321 3440 2395; baseline 0.006 -23"><span class='ocrx_word' id='word_1_348' title='bbox 1873 2321 2095 2374; x_wconf 84' lang='lat' dir='ltr'><strong>tentiam</strong></span> <span class='ocrx_word' id='word_1_349' title='bbox 2141 2335 2292 2375; x_wconf 85' lang='lat' dir='ltr'><strong>suam</strong></span> <span class='ocrx_word' id='word_1_350' title='bbox 2347 2321 2543 2389; x_wconf 79' lang='lat' dir='ltr'><strong>faciat,</strong></span> <span class='ocrx_word' id='word_1_351' title='bbox 2597 2324 2896 2395; x_wconf 85' lang='lat' dir='ltr'><strong>cvadatque</strong></span> <span class='ocrx_word' id='word_1_352' title='bbox 2946 2324 3206 2395; x_wconf 78' lang='lat' dir='ltr'><strong>fugitiva,</strong></span> <span class='ocrx_word' id='word_1_353' title='bbox 3241 2326 3369 2380; x_wconf 89' lang='lat' dir='ltr'><strong>dum</strong></span> <span class='ocrx_word' id='word_1_354' title='bbox 3409 2342 3440 2382; x_wconf 90' lang='lat' dir='ltr'><strong>a</strong></span> 
     </span>
    </p>
   </div>
   <div class='ocr_carea' id='block_1_54' title="bbox 1871 2410 2522 2480">
    <p class='ocr_par' dir='ltr' id='par_1_54' title="bbox 1871 2410 2522 2480">
     <span class='ocr_line' id='line_1_54' title="bbox 1871 2410 2522 2480; baseline 0.005 -17"><span class='ocrx_word' id='word_1_355' title='bbox 1871 2410 2201 2464; x_wconf 63' lang='lat' dir='ltr'><strong>daemonibus</strong></span> <span class='ocrx_word' id='word_1_356' title='bbox 2228 2411 2522 2480; x_wconf 87' lang='lat' dir='ltr'><strong>impetitur.</strong></span> 
     </span>
    </p>
   </div>
   <div class='ocr_carea' id='block_1_55' title="bbox 1946 2499 3442 2578">
    <p class='ocr_par' dir='ltr' id='par_1_55' title="bbox 1946 2499 3442 2578">
     <span class='ocr_line' id='line_1_55' title="bbox 1946 2499 3442 2578; baseline 0.005 -24"><span class='ocrx_word' id='word_1_357' title='bbox 1946 2499 2113 2554; x_wconf 78' lang='lat' dir='ltr'><strong>XXX.</strong></span> <span class='ocrx_word' id='word_1_358' title='bbox 2166 2499 2314 2557; x_wconf 88' lang='lat' dir='ltr'><strong>Inter</strong></span> <span class='ocrx_word' id='word_1_359' title='bbox 2350 2505 2672 2560; x_wconf 90' lang='lat' dir='ltr'><strong>tentationes</strong></span> <span class='ocrx_word' id='word_1_360' title='bbox 2710 2520 2814 2560; x_wconf 90' lang='lat' dir='ltr'><strong>non</strong></span> <span class='ocrx_word' id='word_1_361' title='bbox 2865 2506 3012 2574; x_wconf 89' lang='lat' dir='ltr'><strong>prius</strong></span> <span class='ocrx_word' id='word_1_362' title='bbox 3045 2507 3244 2572; x_wconf 88' lang='lat' dir='ltr'><strong>orabis,</strong></span> <span class='ocrx_word' id='word_1_363' title='bbox 3279 2522 3442 2578; x_wconf 87' lang='lat' dir='ltr'><strong>quam</strong></span> 
     </span>
    </p>
   </div>
   <div class='ocr_carea' id='block_1_56' title="bbox 1873 2593 3443 2666">
    <p class='ocr_par' dir='ltr' id='par_1_56' title="bbox 1873 2593 3443 2666">
     <span class='ocr_line' id='line_1_56' title="bbox 1873 2593 3443 2666; baseline 0.004 -20"><span class='ocrx_word' id='word_1_364' title='bbox 1873 2593 2128 2648; x_wconf 86' lang='lat' dir='ltr'><strong>nonnulla</strong></span> <span class='ocrx_word' id='word_1_365' title='bbox 2158 2594 2322 2649; x_wconf 86' lang='lat' dir='ltr'><strong>verba</strong></span> <span class='ocrx_word' id='word_1_366' title='bbox 2355 2594 2497 2650; x_wconf 90' lang='lat' dir='ltr'><strong>irato</strong></span> <span class='ocrx_word' id='word_1_367' title='bbox 2531 2595 2714 2650; x_wconf 84' lang='lat' dir='ltr'><strong>animo</strong></span> <span class='ocrx_word' id='word_1_368' title='bbox 2743 2597 3036 2666; x_wconf 89' lang='lat' dir='ltr'><strong>protuleris</strong></span> <span class='ocrx_word' id='word_1_369' title='bbox 3064 2599 3326 2653; x_wconf 89' lang='lat' dir='ltr'><strong>adversus</strong></span> <span class='ocrx_word' id='word_1_370' title='bbox 3354 2612 3443 2652; x_wconf 88' lang='lat' dir='ltr'><strong>ve-</strong></span> 
     </span>
    </p>
   </div>
   <div class='ocr_carea' id='block_1_57' title="bbox 1871 2684 3445 2757">
    <p class='ocr_par' dir='ltr' id='par_1_57' title="bbox 1871 2684 3445 2757">
     <span class='ocr_line' id='line_1_57' title="bbox 1871 2684 3445 2757; baseline 0.004 -20"><span class='ocrx_word' id='word_1_371' title='bbox 1871 2693 2141 2739; x_wconf 79' lang='lat' dir='ltr'><strong>xatorem.</strong></span> <span class='ocrx_word' id='word_1_372' title='bbox 2182 2684 2316 2740; x_wconf 89' lang='lat' dir='ltr'><strong>Cum</strong></span> <span class='ocrx_word' id='word_1_373' title='bbox 2344 2686 2487 2740; x_wconf 90' lang='lat' dir='ltr'><strong>enim</strong></span> <span class='ocrx_word' id='word_1_374' title='bbox 2517 2687 2693 2745; x_wconf 86' lang='lat' dir='ltr'><strong>anima</strong></span> <span class='ocrx_word' id='word_1_375' title='bbox 2726 2696 2814 2742; x_wconf 90' lang='lat' dir='ltr'><strong>tua</strong></span> <span class='ocrx_word' id='word_1_376' title='bbox 2850 2689 3269 2757; x_wconf 76' lang='lat' dir='ltr'><strong>cogitationibus</strong></span> <span class='ocrx_word' id='word_1_377' title='bbox 3299 2689 3445 2744; x_wconf 90' lang='lat' dir='ltr'><strong>velut</strong></span> 
     </span>
    </p>
   </div>
   <div class='ocr_carea' id='block_1_58' title="bbox 1873 2773 3440 2847">
    <p class='ocr_par' dir='ltr' id='par_1_58' title="bbox 1873 2773 3440 2847">
     <span class='ocr_line' id='line_1_58' title="bbox 1873 2773 3440 2847; baseline 0.003 -20"><span class='ocrx_word' id='word_1_378' title='bbox 1873 2773 2222 2842; x_wconf 84' lang='lat' dir='ltr'><strong>qualitatibus</strong></span> <span class='ocrx_word' id='word_1_379' title='bbox 2258 2776 2330 2830; x_wconf 87' lang='lat' dir='ltr'><strong>sit</strong></span> <span class='ocrx_word' id='word_1_380' title='bbox 2368 2774 2580 2842; x_wconf 87' lang='lat' dir='ltr'><strong>alIecta,</strong></span> <span class='ocrx_word' id='word_1_381' title='bbox 2618 2779 2890 2847; x_wconf 77' lang='lat' dir='ltr'><strong>continget</strong></span> <span class='ocrx_word' id='word_1_382' title='bbox 2933 2793 3031 2833; x_wconf 93' lang='lat' dir='ltr'><strong>nec</strong></span> <span class='ocrx_word' id='word_1_383' title='bbox 3064 2793 3254 2847; x_wconf 89' lang='lat' dir='ltr'><strong>puram</strong></span> <span class='ocrx_word' id='word_1_384' title='bbox 3291 2777 3440 2832; x_wconf 79' lang='lat' dir='ltr'><strong>fundi</strong></span> 
     </span>
    </p>
   </div>
   <div class='ocr_carea' id='block_1_59' title="bbox 1873 2869 3440 2938">
    <p class='ocr_par' dir='ltr' id='par_1_59' title="bbox 1873 2869 3440 2938">
     <span class='ocr_line' id='line_1_59' title="bbox 1873 2869 3440 2938; baseline 0.003 -15"><span class='ocrx_word' id='word_1_385' title='bbox 1873 2881 2106 2938; x_wconf 90' lang='lat' dir='ltr'><strong>precem.</strong></span> <span class='ocrx_word' id='word_1_386' title='bbox 2153 2869 2303 2936; x_wconf 87' lang='lat' dir='ltr'><strong>Quod</strong></span> <span class='ocrx_word' id='word_1_387' title='bbox 2333 2872 2376 2924; x_wconf 92' lang='lat' dir='ltr'><strong>si</strong></span> <span class='ocrx_word' id='word_1_388' title='bbox 2409 2872 2654 2926; x_wconf 90' lang='lat' dir='ltr'><strong>nonnihil</strong></span> <span class='ocrx_word' id='word_1_389' title='bbox 2694 2872 2760 2926; x_wconf 89' lang='lat' dir='ltr'><strong>ad</strong></span> <span class='ocrx_word' id='word_1_390' title='bbox 2794 2887 2888 2928; x_wconf 89' lang='lat' dir='ltr'><strong>eos</strong></span> <span class='ocrx_word' id='word_1_391' title='bbox 2917 2887 3038 2928; x_wconf 91' lang='lat' dir='ltr'><strong>cum</strong></span> <span class='ocrx_word' id='word_1_392' title='bbox 3077 2873 3156 2927; x_wconf 87' lang='lat' dir='ltr'><strong>ira</strong></span> <span class='ocrx_word' id='word_1_393' title='bbox 3199 2873 3400 2928; x_wconf 78' lang='lat' dir='ltr'><strong>dixeris</strong></span> <span class='ocrx_word' id='word_1_394' title='bbox 3423 2912 3440 2938; x_wconf 89' lang='lat'><strong>,</strong></span> 
     </span>
    </p>
   </div>
   <div class='ocr_carea' id='block_1_60' title="bbox 1875 2959 3438 3032">
    <p class='ocr_par' dir='ltr' id='par_1_60' title="bbox 1875 2959 3438 3032">
     <span class='ocr_line' id='line_1_60' title="bbox 1875 2959 3438 3032; baseline 0.003 -17"><span class='ocrx_word' id='word_1_395' title='bbox 1875 2959 2159 3016; x_wconf 82' lang='lat' dir='ltr'><strong>confundis</strong></span> <span class='ocrx_word' id='word_1_396' title='bbox 2196 2975 2260 3015; x_wconf 91' lang='lat' dir='ltr'><strong>ac</strong></span> <span class='ocrx_word' id='word_1_397' title='bbox 2306 2961 2542 3032; x_wconf 60' lang='lat' dir='ltr'><strong>dissipas</strong></span> <span class='ocrx_word' id='word_1_398' title='bbox 2586 2963 3021 3019; x_wconf 83' lang='lat' dir='ltr'><strong>adversariorum</strong></span> <span class='ocrx_word' id='word_1_399' title='bbox 3069 2965 3314 3020; x_wconf 87' lang='lat' dir='ltr'><strong>consilia.</strong></span> <span class='ocrx_word' id='word_1_400' title='bbox 3348 2963 3438 3020; x_wconf 55' lang='lat' dir='ltr'><strong>Si.</strong></span> 
     </span>
    </p>
   </div>
   <div class='ocr_carea' id='block_1_61' title="bbox 198 3038 1772 3126">
    <p class='ocr_par' dir='ltr' id='par_1_61' title="bbox 198 3038 1772 3118">
     <span class='ocr_line' id='line_1_61' title="bbox 198 3038 1772 3118; baseline -0.004 -20"><span class='ocrx_word' id='word_1_401' title='bbox 198 3049 237 3118; x_wconf 80' lang='grc' dir='ltr'>ἠ</span> <span class='ocrx_word' id='word_1_402' title='bbox 262 3048 400 3118; x_wconf 82' lang='grc' dir='ltr'>ὀργὴ</span> <span class='ocrx_word' id='word_1_403' title='bbox 431 3047 523 3101; x_wconf 70' lang='grc' dir='ltr'>καὶ</span> <span class='ocrx_word' id='word_1_404' title='bbox 547 3045 640 3098; x_wconf 68' lang='grc' dir='ltr'><strong>ἐπὶ</strong></span> <span class='ocrx_word' id='word_1_405' title='bbox 662 3043 767 3098; x_wconf 88' lang='grc' dir='ltr'><strong>τῶν</strong></span> <span class='ocrx_word' id='word_1_406' title='bbox 792 3040 1114 3114; x_wconf 84' lang='grc' dir='ltr'>κρειττόνων</span> <span class='ocrx_word' id='word_1_407' title='bbox 1141 3041 1426 3111; x_wconf 88' lang='grc' dir='ltr'>νοημάτων</span> <span class='ocrx_word' id='word_1_408' title='bbox 1447 3038 1772 3110; x_wconf 75' lang='grc' dir='ltr'>ἐργάζεσθαι</span> 
     </span>
    </p>
   </div>
   <div class='ocr_carea' id='block_1_62' title="bbox 1885 3038 3442 3126">
    <p class='ocr_par' dir='ltr' id='par_1_62' title="bbox 1885 3051 3442 3126">
     <span class='ocr_line' id='line_1_62' title="bbox 1885 3051 3442 3126; baseline 0.006 -23"><span class='ocrx_word' id='word_1_409' title='bbox 1885 3051 2092 3121; x_wconf 82' lang='lat' dir='ltr'><strong>quidem</strong></span> <span class='ocrx_word' id='word_1_410' title='bbox 2127 3052 2196 3106; x_wconf 87' lang='lat' dir='ltr'><strong>ita</strong></span> <span class='ocrx_word' id='word_1_411' title='bbox 2228 3061 2415 3108; x_wconf 87' lang='lat' dir='ltr'><strong>natura</strong></span> <span class='ocrx_word' id='word_1_412' title='bbox 2446 3063 2815 3121; x_wconf 85' lang='lat' dir='ltr'><strong>comparatum</strong></span> <span class='ocrx_word' id='word_1_413' title='bbox 2846 3063 2948 3119; x_wconf 89' lang='lat' dir='ltr'><strong>est,</strong></span> <span class='ocrx_word' id='word_1_414' title='bbox 2983 3063 3044 3108; x_wconf 91' lang='lat' dir='ltr'><strong>ut</strong></span> <span class='ocrx_word' id='word_1_415' title='bbox 3069 3055 3148 3108; x_wconf 88' lang='lat' dir='ltr'><strong>ira</strong></span> <span class='ocrx_word' id='word_1_416' title='bbox 3179 3057 3280 3110; x_wconf 88' lang='lat' dir='ltr'><strong>hoc</strong></span> <span class='ocrx_word' id='word_1_417' title='bbox 3304 3069 3442 3126; x_wconf 87' lang='lat' dir='ltr'><strong>quo-</strong></span> 
     </span>
    </p>
   </div>
   <div class='ocr_carea' id='block_1_63' title="bbox 200 3139 463 3208">
    <p class='ocr_par' dir='ltr' id='par_1_63' title="bbox 200 3139 463 3208">
     <span class='ocr_line' id='line_1_63' title="bbox 200 3139 463 3208; baseline -0.011 -13"><span class='ocrx_word' id='word_1_418' title='bbox 200 3139 463 3208; x_wconf 81' lang='grc' dir='ltr'>πέφυκεν.</span> 
     </span>
    </p>
   </div>
   <div class='ocr_carea' id='block_1_64' title="bbox 270 3220 1773 3295">
    <p class='ocr_par' dir='ltr' id='par_1_64' title="bbox 270 3220 1773 3295">
     <span class='ocr_line' id='line_1_64' title="bbox 270 3220 1773 3295; baseline -0.006 -13"><span class='ocrx_word' id='word_1_419' title='bbox 270 3228 398 3282; x_wconf 80' lang='lat' dir='ltr'><strong>AA’.</strong></span> <span class='ocrx_word' id='word_1_420' title='bbox 433 3229 502 3281; x_wconf 82' lang='grc' dir='ltr'>Εί</span> <span class='ocrx_word' id='word_1_421' title='bbox 522 3243 604 3289; x_wconf 90' lang='grc' dir='ltr'><strong>τις</strong></span> <span class='ocrx_word' id='word_1_422' title='bbox 639 3224 879 3295; x_wconf 82' lang='grc' dir='ltr'>βούλοιτο</span> <span class='ocrx_word' id='word_1_423' title='bbox 904 3225 1012 3278; x_wconf 85' lang='grc' dir='ltr'><strong>τῶν</strong></span> <span class='ocrx_word' id='word_1_424' title='bbox 1043 3221 1313 3294; x_wconf 81' lang='grc' dir='ltr'>μοναχῶν,</span> <span class='ocrx_word' id='word_1_425' title='bbox 1340 3220 1547 3293; x_wconf 82' lang='grc' dir='ltr'>ἀγρίων</span> <span class='ocrx_word' id='word_1_426' title='bbox 1577 3236 1773 3289; x_wconf 83' lang='grc' dir='ltr'>πειρα-</span> 
     </span>
    </p>
   </div>
   <div class='ocr_carea' id='block_1_65' title="bbox 204 3309 1774 3389">
    <p class='ocr_par' dir='ltr' id='par_1_65' title="bbox 204 3309 1774 3389">
     <span class='ocr_line' id='line_1_65' title="bbox 204 3309 1774 3389; baseline -0.008 -16"><span class='ocrx_word' id='word_1_427' title='bbox 204 3318 402 3389; x_wconf 83' lang='grc' dir='ltr'>σθῆναι</span> <span class='ocrx_word' id='word_1_428' title='bbox 425 3318 536 3386; x_wconf 70' lang='grc'><strong>(21)</strong></span> <span class='ocrx_word' id='word_1_429' title='bbox 565 3317 856 3386; x_wconf 76' lang='grc' dir='ltr'>δαιμόνων,</span> <span class='ocrx_word' id='word_1_430' title='bbox 885 3315 976 3368; x_wconf 65' lang='grc' dir='ltr'><strong>κα)⁸</strong></span> <span class='ocrx_word' id='word_1_431' title='bbox 998 3313 1099 3383; x_wconf 82' lang='grc' dir='ltr'>τῆς</span> <span class='ocrx_word' id='word_1_432' title='bbox 1120 3311 1300 3366; x_wconf 82' lang='grc' dir='ltr'>αὐτῶν</span> <span class='ocrx_word' id='word_1_433' title='bbox 1325 3313 1522 3380; x_wconf 87' lang='grc' dir='ltr'>τέχνης</span> <span class='ocrx_word' id='word_1_434' title='bbox 1543 3309 1654 3376; x_wconf 72' lang='grc' dir='ltr'>ἕξιν</span> <span class='ocrx_word' id='word_1_435' title='bbox 1676 3309 1774 3362; x_wconf 90' lang='grc' dir='ltr'>λα-</span> 
     </span>
    </p>
   </div>
   <div class='ocr_carea' id='block_1_66' title="bbox 204 3400 1777 3480">
    <p class='ocr_par' dir='ltr' id='par_1_66' title="bbox 204 3400 1777 3480">
     <span class='ocr_line' id='line_1_66' title="bbox 204 3400 1777 3480; baseline -0.007 -17"><span class='ocrx_word' id='word_1_436' title='bbox 204 3409 354 3473; x_wconf 74' lang='grc' dir='ltr'>ϐεῖν,</span> <span class='ocrx_word' id='word_1_437' title='bbox 387 3409 619 3480; x_wconf 86' lang='grc' dir='ltr'>τηρείτω</span> <span class='ocrx_word' id='word_1_438' title='bbox 658 3408 780 3470; x_wconf 79' lang='grc' dir='ltr'>τοὺς</span> <span class='ocrx_word' id='word_1_439' title='bbox 835 3405 1159 3476; x_wconf 79' lang='grc' dir='ltr'>λογισμοὺς,</span> <span class='ocrx_word' id='word_1_440' title='bbox 1209 3402 1305 3456; x_wconf 74' lang='grc' dir='ltr'>καὶ</span> <span class='ocrx_word' id='word_1_441' title='bbox 1354 3400 1454 3465; x_wconf 85' lang='grc' dir='ltr'>τὰς</span> <span class='ocrx_word' id='word_1_442' title='bbox 1498 3400 1777 3463; x_wconf 77' lang='grc' dir='ltr'>ἐπιτάσεις</span> 
     </span>
    </p>
   </div>
   <div class='ocr_carea' id='block_1_67' title="bbox 207 3490 1780 3575">
    <p class='ocr_par' dir='ltr' id='par_1_67' title="bbox 207 3490 1780 3575">
     <span class='ocr_line' id='line_1_67' title="bbox 207 3490 1780 3575; baseline -0.01 -18"><span class='ocrx_word' id='word_1_443' title='bbox 207 3501 554 3575; x_wconf 80' lang='grc' dir='ltr'>σημειοῦσθω</span> <span class='ocrx_word' id='word_1_444' title='bbox 581 3498 816 3564; x_wconf 86' lang='grc' dir='ltr'>τούτων,</span> <span class='ocrx_word' id='word_1_445' title='bbox 851 3498 944 3550; x_wconf 77' lang='grc' dir='ltr'>καὶ</span> <span class='ocrx_word' id='word_1_446' title='bbox 983 3495 1083 3558; x_wconf 88' lang='grc' dir='ltr'><strong>τὰς</strong></span> <span class='ocrx_word' id='word_1_447' title='bbox 1119 3494 1364 3557; x_wconf 85' lang='grc' dir='ltr'>ἀνέσεις,</span> <span class='ocrx_word' id='word_1_448' title='bbox 1399 3490 1618 3555; x_wconf 76' lang='grc' dir='ltr'>καὶτὰς</span> <span class='ocrx_word' id='word_1_449' title='bbox 1652 3507 1780 3561; x_wconf 88' lang='grc' dir='ltr'>μετ-</span> 
     </span>
    </p>
   </div>
   <div class='ocr_carea' id='block_1_68' title="bbox 203 3583 1780 3666">
    <p class='ocr_par' dir='ltr' id='par_1_68' title="bbox 203 3583 1780 3666">
     <span class='ocr_line' id='line_1_68' title="bbox 203 3583 1780 3666; baseline -0.008 -18"><span class='ocrx_word' id='word_1_450' title='bbox 203 3593 506 3666; x_wconf 84' lang='grc' dir='ltr'>εμπλοκάς,</span> <span class='ocrx_word' id='word_1_451' title='bbox 554 3591 799 3654; x_wconf 73' lang='grc' dir='ltr'>καὶτοὺς</span> <span class='ocrx_word' id='word_1_452' title='bbox 832 3587 1076 3659; x_wconf 87' lang='grc' dir='ltr'>χρόνους,</span> <span class='ocrx_word' id='word_1_453' title='bbox 1129 3587 1224 3640; x_wconf 75' lang='grc' dir='ltr'>καὶ</span> <span class='ocrx_word' id='word_1_454' title='bbox 1269 3586 1414 3648; x_wconf 90' lang='grc' dir='ltr'>τίνες</span> <span class='ocrx_word' id='word_1_455' title='bbox 1451 3585 1562 3641; x_wconf 84' lang='grc' dir='ltr'><strong>τῶν</strong></span> <span class='ocrx_word' id='word_1_456' title='bbox 1592 3583 1780 3653; x_wconf 86' lang='grc' dir='ltr'>δαιμό-</span> 
     </span>
    </p>
   </div>
   <div class='ocr_carea' id='block_1_69' title="bbox 203 3675 1779 3747">
    <p class='ocr_par' dir='ltr' id='par_1_69' title="bbox 203 3675 1779 3747">
     <span class='ocr_line' id='line_1_69' title="bbox 203 3675 1779 3747; baseline -0.009 -7"><span class='ocrx_word' id='word_1_457' title='bbox 203 3703 317 3740; x_wconf 90' lang='grc' dir='ltr'><strong>νων</strong></span> <span class='ocrx_word' id='word_1_458' title='bbox 343 3686 394 3739; x_wconf 80' lang='grc' dir='ltr'>οἱ</span> <span class='ocrx_word' id='word_1_459' title='bbox 426 3686 582 3738; x_wconf 87' lang='grc' dir='ltr'>τοῦτο</span> <span class='ocrx_word' id='word_1_460' title='bbox 612 3682 911 3745; x_wconf 82' lang='grc' dir='ltr'>ποιοῦντες,</span> <span class='ocrx_word' id='word_1_461' title='bbox 937 3681 1032 3735; x_wconf 76' lang='grc' dir='ltr'>καὶ</span> <span class='ocrx_word' id='word_1_462' title='bbox 1060 3681 1211 3742; x_wconf 85' lang='grc' dir='ltr'>ποῖος</span> <span class='ocrx_word' id='word_1_463' title='bbox 1235 3677 1376 3747; x_wconf 86' lang='grc' dir='ltr'>ποίῳ</span> <span class='ocrx_word' id='word_1_464' title='bbox 1400 3676 1616 3747; x_wconf 85' lang='grc' dir='ltr'>δαίμονι</span> <span class='ocrx_word' id='word_1_465' title='bbox 1647 3675 1779 3728; x_wconf 84' lang='grc' dir='ltr'>ἀκο-</span> 
     </span>
    </p>
   </div>
   <div class='ocr_carea' id='block_1_70' title="bbox 204 3762 1783 3842">
    <p class='ocr_par' dir='ltr' id='par_1_70' title="bbox 204 3762 1783 3842">
     <span class='ocr_line' id='line_1_70' title="bbox 204 3762 1783 3842; baseline -0.009 -11"><span class='ocrx_word' id='word_1_466' title='bbox 204 3776 410 3840; x_wconf 88' lang='grc' dir='ltr'>λουθεῖ,</span> <span class='ocrx_word' id='word_1_467' title='bbox 460 3776 556 3830; x_wconf 74' lang='grc' dir='ltr'>καὶ</span> <span class='ocrx_word' id='word_1_468' title='bbox 593 3775 676 3837; x_wconf 88' lang='grc' dir='ltr'><strong>τίς</strong></span> <span class='ocrx_word' id='word_1_469' title='bbox 707 3774 816 3827; x_wconf 83' lang='grc' dir='ltr'>τίνι</span> <span class='ocrx_word' id='word_1_470' title='bbox 860 3773 958 3842; x_wconf 82' lang='grc' dir='ltr'>οὐχ</span> <span class='ocrx_word' id='word_1_471' title='bbox 981 3771 1205 3833; x_wconf 77' lang='grc' dir='ltr'>ἕπεται,</span> <span class='ocrx_word' id='word_1_472' title='bbox 1236 3769 1330 3822; x_wconf 77' lang='grc' dir='ltr'>καὶ</span> <span class='ocrx_word' id='word_1_473' title='bbox 1360 3765 1591 3838; x_wconf 79' lang='grc' dir='ltr'>ζητείτω</span> <span class='ocrx_word' id='word_1_474' title='bbox 1631 3762 1783 3836; x_wconf 86' lang='grc' dir='ltr'><strong>παρά</strong></span> 
     </span>
    </p>
   </div>
   <div class='ocr_carea' id='block_1_71' title="bbox 208 3856 1784 3940">
    <p class='ocr_par' dir='ltr' id='par_1_71' title="bbox 208 3856 1784 3940">
     <span class='ocr_line' id='line_1_71' title="bbox 208 3856 1784 3940; baseline -0.01 -18"><span class='ocrx_word' id='word_1_475' title='bbox 208 3867 446 3940; x_wconf 86' lang='grc' dir='ltr'>Χριστοῦ</span> <span class='ocrx_word' id='word_1_476' title='bbox 476 3867 676 3920; x_wconf 88' lang='grc' dir='ltr'>τούτων</span> <span class='ocrx_word' id='word_1_477' title='bbox 708 3865 834 3928; x_wconf 76' lang='grc' dir='ltr'>τοὺς</span> <span class='ocrx_word' id='word_1_478' title='bbox 865 3862 1074 3930; x_wconf 83' lang='grc' dir='ltr'>λόγους.</span> <span class='ocrx_word' id='word_1_479' title='bbox 1109 3860 1258 3914; x_wconf 84' lang='grc' dir='ltr'>Πάνυ</span> <span class='ocrx_word' id='word_1_480' title='bbox 1291 3858 1400 3929; x_wconf 83' lang='grc' dir='ltr'>γὰρ</span> <span class='ocrx_word' id='word_1_481' title='bbox 1429 3856 1784 3928; x_wconf 79' lang='grc' dir='ltr'>χαλεπαίνου-</span> 
     </span>
    </p>
   </div>
   <div class='ocr_carea' id='block_1_72' title="bbox 212 3944 1782 4026">
    <p class='ocr_par' dir='ltr' id='par_1_72' title="bbox 212 3944 1782 4026">
     <span class='ocr_line' id='line_1_72' title="bbox 212 3944 1782 4026; baseline -0.01 -13"><span class='ocrx_word' id='word_1_482' title='bbox 212 3976 299 4014; x_wconf 90' lang='grc' dir='ltr'><strong>σιν</strong></span> <span class='ocrx_word' id='word_1_483' title='bbox 322 3959 413 4012; x_wconf 78' lang='grc' dir='ltr'><strong>ὲπὶ</strong></span> <span class='ocrx_word' id='word_1_484' title='bbox 434 3959 545 4022; x_wconf 85' lang='grc' dir='ltr'>τοῖς</span> <span class='ocrx_word' id='word_1_485' title='bbox 566 3953 908 4026; x_wconf 82' lang='grc' dir='ltr'>γνωστικώτε</span> <span class='ocrx_word' id='word_1_486' title='bbox 917 3968 1005 4023; x_wconf 88' lang='grc' dir='ltr'><strong>ρον</strong></span> <span class='ocrx_word' id='word_1_487' title='bbox 1026 3951 1124 4020; x_wconf 78' lang='grc' dir='ltr'>τὴν</span> <span class='ocrx_word' id='word_1_488' title='bbox 1151 3948 1354 4026; x_wconf 78' lang='grc' dir='ltr'>ἀρετὴν</span> <span class='ocrx_word' id='word_1_489' title='bbox 1381 3947 1494 4018; x_wconf 71' lang='grc'><strong>(22)</strong></span> <span class='ocrx_word' id='word_1_490' title='bbox 1518 3944 1782 4017; x_wconf 87' lang='grc' dir='ltr'>μετιοῦσι,</span> 
     </span>
    </p>
   </div>
   <div class='ocr_carea' id='block_1_73' title="bbox 212 4035 1781 4123">
    <p class='ocr_par' dir='ltr' id='par_1_73' title="bbox 212 4035 1781 4123">
     <span class='ocr_line' id='line_1_73' title="bbox 212 4035 1781 4123; baseline -0.01 -19"><span class='ocrx_word' id='word_1_491' title='bbox 212 4049 526 4123; x_wconf 76' lang='grc' dir='ltr'>βουλόμενοι</span> <span class='ocrx_word' id='word_1_492' title='bbox 551 4044 931 4111; x_wconf 81' lang='grc' dir='ltr'>κατατοξεύειν</span> <span class='ocrx_word' id='word_1_493' title='bbox 952 4045 1011 4098; x_wconf 79' lang='grc' dir='ltr'>ὲν</span> <span class='ocrx_word' id='word_1_494' title='bbox 1033 4041 1342 4112; x_wconf 83' lang='grc' dir='ltr'>σκοτομήνῃ</span> <span class='ocrx_word' id='word_1_495' title='bbox 1363 4038 1491 4102; x_wconf 81' lang='grc' dir='ltr'>τοὺς</span> <span class='ocrx_word' id='word_1_496' title='bbox 1515 4035 1691 4100; x_wconf 82' lang='grc' dir='ltr'>εύθεῖς</span> <span class='ocrx_word' id='word_1_497' title='bbox 1715 4037 1781 4106; x_wconf 80' lang='grc' dir='ltr'>τῇ</span> 
     </span>
    </p>
   </div>
   <div class='ocr_carea' id='block_1_74' title="bbox 211 4141 1785 4295">
    <p class='ocr_par' dir='ltr' id='par_1_74' title="bbox 211 4141 1785 4295">
     <span class='ocr_line' id='line_1_74' title="bbox 211 4141 1785 4295; baseline -0.011 -9"><span class='ocrx_word' id='word_1_498' title='bbox 459 4227 562 4282; x_wconf 80' lang='grc' dir='ltr'>Δύο</span> <span class='ocrx_word' id='word_1_499' title='bbox 600 4228 710 4282; x_wconf 83' lang='grc' dir='ltr'><strong>τῶν</strong></span> <span class='ocrx_word' id='word_1_500' title='bbox 741 4223 1009 4295; x_wconf 85' lang='grc' dir='ltr'>δαιμόνων</span> <span class='ocrx_word' id='word_1_501' title='bbox 1052 4221 1346 4290; x_wconf 81' lang='grc' dir='ltr'>ὀξυτάτους</span> <span class='ocrx_word' id='word_1_502' title='bbox 1390 4217 1785 4288; x_wconf 87' lang='grc' dir='ltr'>παρατηρήσας</span> 
     </span>
    </p>
   </div>
   <div class='ocr_carea' id='block_1_75' title="bbox 212 4307 1786 4396">
    <p class='ocr_par' dir='ltr' id='par_1_75' title="bbox 212 4307 1786 4396">
     <span class='ocr_line' id='line_1_75' title="bbox 212 4307 1786 4396; baseline -0.013 -17"><span class='ocrx_word' id='word_1_503' title='bbox 212 4323 488 4396; x_wconf 77' lang='grc' dir='ltr'>εὑρήσεις,</span> <span class='ocrx_word' id='word_1_504' title='bbox 519 4319 615 4374; x_wconf 66' lang='grc' dir='ltr'><strong>κα)⁵</strong></span> <span class='ocrx_word' id='word_1_505' title='bbox 648 4317 832 4389; x_wconf 80' lang='grc' dir='ltr'>σχεδὸν</span> <span class='ocrx_word' id='word_1_506' title='bbox 862 4316 960 4387; x_wconf 80' lang='grc' dir='ltr'><strong>τήν</strong></span> <span class='ocrx_word' id='word_1_507' title='bbox 987 4313 1200 4384; x_wconf 89' lang='grc' dir='ltr'>κίνησιν</span> <span class='ocrx_word' id='word_1_508' title='bbox 1225 4309 1319 4365; x_wconf 84' lang='grc' dir='ltr'><strong>τοῦ</strong></span> <span class='ocrx_word' id='word_1_509' title='bbox 1345 4309 1464 4374; x_wconf 81' lang='grc' dir='ltr'>νοὸς</span> <span class='ocrx_word' id='word_1_510' title='bbox 1493 4307 1652 4379; x_wconf 82' lang='grc' dir='ltr'>ἡμῶν</span> <span class='ocrx_word' id='word_1_511' title='bbox 1682 4324 1786 4360; x_wconf 83' lang='grc' dir='ltr'>πα-</span> 
     </span>
    </p>
   </div>
   <div class='ocr_carea' id='block_1_76' title="bbox 1875 3143 3158 3216">
    <p class='ocr_par' dir='ltr' id='par_1_76' title="bbox 1875 3143 3158 3216">
     <span class='ocr_line' id='line_1_76' title="bbox 1875 3143 3158 3216; baseline 0.004 -20"><span class='ocrx_word' id='word_1_512' title='bbox 1875 3157 1982 3214; x_wconf 84' lang='lat' dir='ltr'><strong>que</strong></span> <span class='ocrx_word' id='word_1_513' title='bbox 2008 3143 2258 3197; x_wconf 81' lang='lat' dir='ltr'><strong>conﬁciat</strong></span> <span class='ocrx_word' id='word_1_514' title='bbox 2291 3143 2346 3197; x_wconf 92' lang='lat' dir='ltr'><strong>in</strong></span> <span class='ocrx_word' id='word_1_515' title='bbox 2392 3143 2702 3199; x_wconf 87' lang='lat' dir='ltr'><strong>melioribus</strong></span> <span class='ocrx_word' id='word_1_516' title='bbox 2727 3145 3158 3216; x_wconf 76' lang='lat' dir='ltr'><strong>cogitationibus.</strong></span> 
     </span>
    </p>
   </div>
   <div class='ocr_carea' id='block_1_77' title="bbox 1951 3232 3448 3306">
    <p class='ocr_par' dir='ltr' id='par_1_77' title="bbox 1951 3232 3448 3306">
     <span class='ocr_line' id='line_1_77' title="bbox 1951 3232 3448 3306; baseline 0.003 -19"><span class='ocrx_word' id='word_1_517' title='bbox 1951 3232 2142 3289; x_wconf 80' lang='lat' dir='ltr'><strong>XXXI.</strong></span> <span class='ocrx_word' id='word_1_518' title='bbox 2185 3233 2242 3289; x_wconf 91' lang='lat' dir='ltr'><strong>Si</strong></span> <span class='ocrx_word' id='word_1_519' title='bbox 2279 3235 2402 3304; x_wconf 88' lang='lat' dir='ltr'><strong>quis</strong></span> <span class='ocrx_word' id='word_1_520' title='bbox 2433 3235 2727 3291; x_wconf 84' lang='lat' dir='ltr'><strong>monachus</strong></span> <span class='ocrx_word' id='word_1_521' title='bbox 2762 3236 3056 3306; x_wconf 87' lang='lat' dir='ltr'><strong>periculum</strong></span> <span class='ocrx_word' id='word_1_522' title='bbox 3102 3237 3280 3293; x_wconf 78' lang='lat' dir='ltr'><strong>facere</strong></span> <span class='ocrx_word' id='word_1_523' title='bbox 3313 3238 3448 3292; x_wconf 81' lang='lat' dir='ltr'><strong>velit</strong></span> 
     </span>
    </p>
   </div>
   <div class='ocr_carea' id='block_1_78' title="bbox 1878 3322 3445 3396">
    <p class='ocr_par' dir='ltr' id='par_1_78' title="bbox 1878 3322 3445 3396">
     <span class='ocr_line' id='line_1_78' title="bbox 1878 3322 3445 3396; baseline 0.003 -19"><span class='ocrx_word' id='word_1_524' title='bbox 1878 3325 1944 3377; x_wconf 88' lang='lat' dir='ltr'><strong>de</strong></span> <span class='ocrx_word' id='word_1_525' title='bbox 1973 3322 2104 3376; x_wconf 81' lang='lat' dir='ltr'><strong>feris</strong></span> <span class='ocrx_word' id='word_1_526' title='bbox 2143 3322 2477 3378; x_wconf 72' lang='lat' dir='ltr'><strong>daemonibus</strong></span> <span class='ocrx_word' id='word_1_527' title='bbox 2497 3361 2512 3387; x_wconf 92' lang='lat'><strong>,</strong></span> <span class='ocrx_word' id='word_1_528' title='bbox 2542 3336 2836 3392; x_wconf 88' lang='lat' dir='ltr'><strong>eorumque</strong></span> <span class='ocrx_word' id='word_1_529' title='bbox 2879 3325 3014 3380; x_wconf 88' lang='lat' dir='ltr'><strong>artis</strong></span> <span class='ocrx_word' id='word_1_530' title='bbox 3044 3340 3196 3380; x_wconf 90' lang='lat' dir='ltr'><strong>usum</strong></span> <span class='ocrx_word' id='word_1_531' title='bbox 3229 3339 3445 3396; x_wconf 81' lang='lat' dir='ltr'><strong>capere,</strong></span> 
     </span>
    </p>
   </div>
   <div class='ocr_carea' id='block_1_79' title="bbox 1877 3412 3445 3483">
    <p class='ocr_par' dir='ltr' id='par_1_79' title="bbox 1877 3412 3445 3483">
     <span class='ocr_line' id='line_1_79' title="bbox 1877 3412 3445 3483; baseline 0.002 -16"><span class='ocrx_word' id='word_1_532' title='bbox 1877 3412 2130 3468; x_wconf 81' lang='lat' dir='ltr'><strong>observet</strong></span> <span class='ocrx_word' id='word_1_533' title='bbox 2168 3412 2556 3483; x_wconf 85' lang='lat' dir='ltr'><strong>cogitationes,</strong></span> <span class='ocrx_word' id='word_1_534' title='bbox 2608 3428 2837 3483; x_wconf 89' lang='lat' dir='ltr'><strong>quarum</strong></span> <span class='ocrx_word' id='word_1_535' title='bbox 2894 3415 3226 3472; x_wconf 87' lang='lat' dir='ltr'><strong>intentiones</strong></span> <span class='ocrx_word' id='word_1_536' title='bbox 3274 3426 3445 3482; x_wconf 88' lang='lat' dir='ltr'><strong>notet,</strong></span> 
     </span>
    </p>
   </div>
   <div class='ocr_carea' id='block_1_80' title="bbox 1879 3501 3449 3574">
    <p class='ocr_par' dir='ltr' id='par_1_80' title="bbox 1879 3501 3449 3574">
     <span class='ocr_line' id='line_1_80' title="bbox 1879 3501 3449 3574; baseline 0.003 -18"><span class='ocrx_word' id='word_1_537' title='bbox 1879 3501 2261 3567; x_wconf 84' lang='lat' dir='ltr'><strong>remissiones,</strong></span> <span class='ocrx_word' id='word_1_538' title='bbox 2297 3501 2769 3570; x_wconf 90' lang='lat' dir='ltr'><strong>complicationes.</strong></span> <span class='ocrx_word' id='word_1_539' title='bbox 2819 3514 3083 3572; x_wconf 89' lang='lat' dir='ltr'><strong>tempora,</strong></span> <span class='ocrx_word' id='word_1_540' title='bbox 3127 3514 3184 3559; x_wconf 89' lang='lat' dir='ltr'><strong>et</strong></span> <span class='ocrx_word' id='word_1_541' title='bbox 3223 3505 3449 3574; x_wconf 89' lang='lat' dir='ltr'><strong>quinam</strong></span> 
     </span>
    </p>
   </div>
   <div class='ocr_carea' id='block_1_81' title="bbox 1880 3590 3450 3663">
    <p class='ocr_par' dir='ltr' id='par_1_81' title="bbox 1880 3590 3450 3663">
     <span class='ocr_line' id='line_1_81' title="bbox 1880 3590 3450 3663; baseline 0.003 -16"><span class='ocrx_word' id='word_1_542' title='bbox 1880 3592 2182 3647; x_wconf 83' lang='lat' dir='ltr'><strong>daemonum</strong></span> <span class='ocrx_word' id='word_1_543' title='bbox 2215 3591 2317 3646; x_wconf 82' lang='lat' dir='ltr'><strong>hoc</strong></span> <span class='ocrx_word' id='word_1_544' title='bbox 2359 3590 2586 3655; x_wconf 81' lang='lat' dir='ltr'><strong>faciant,</strong></span> <span class='ocrx_word' id='word_1_545' title='bbox 2619 3601 2730 3646; x_wconf 92' lang='lat' dir='ltr'><strong>tum</strong></span> <span class='ocrx_word' id='word_1_546' title='bbox 2775 3593 2951 3663; x_wconf 88' lang='lat' dir='ltr'><strong>qualis</strong></span> <span class='ocrx_word' id='word_1_547' title='bbox 2981 3594 3194 3663; x_wconf 89' lang='lat' dir='ltr'><strong>qualem</strong></span> <span class='ocrx_word' id='word_1_548' title='bbox 3244 3593 3450 3652; x_wconf 67' lang='lat' dir='ltr'><strong>daemo-</strong></span> 
     </span>
    </p>
   </div>
   <div class='ocr_carea' id='block_1_82' title="bbox 1881 3681 3449 3751">
    <p class='ocr_par' dir='ltr' id='par_1_82' title="bbox 1881 3681 3449 3751">
     <span class='ocr_line' id='line_1_82' title="bbox 1881 3681 3449 3751; baseline 0.002 -15"><span class='ocrx_word' id='word_1_549' title='bbox 1881 3695 2003 3736; x_wconf 90' lang='lat' dir='ltr'><strong>nem</strong></span> <span class='ocrx_word' id='word_1_550' title='bbox 2054 3689 2332 3750; x_wconf 87' lang='lat' dir='ltr'><strong>sequatur,</strong></span> <span class='ocrx_word' id='word_1_551' title='bbox 2378 3681 2500 3750; x_wconf 88' lang='lat' dir='ltr'><strong>quis</strong></span> <span class='ocrx_word' id='word_1_552' title='bbox 2541 3696 2670 3736; x_wconf 89' lang='lat' dir='ltr'><strong>vero</strong></span> <span class='ocrx_word' id='word_1_553' title='bbox 2721 3696 2880 3751; x_wconf 88' lang='lat' dir='ltr'><strong>quem</strong></span> <span class='ocrx_word' id='word_1_554' title='bbox 2935 3697 3042 3738; x_wconf 89' lang='lat' dir='ltr'><strong>non</strong></span> <span class='ocrx_word' id='word_1_555' title='bbox 3120 3683 3449 3751; x_wconf 85' lang='lat' dir='ltr'><strong>comitetur;</strong></span> 
     </span>
    </p>
   </div>
   <div class='ocr_carea' id='block_1_83' title="bbox 1889 3769 3449 3841">
    <p class='ocr_par' dir='ltr' id='par_1_83' title="bbox 1889 3769 3449 3841">
     <span class='ocr_line' id='line_1_83' title="bbox 1889 3769 3449 3841; baseline 0.003 -16"><span class='ocrx_word' id='word_1_556' title='bbox 1889 3780 2053 3841; x_wconf 91' lang='lat' dir='ltr'><strong>atque</strong></span> <span class='ocrx_word' id='word_1_557' title='bbox 2084 3784 2114 3824; x_wconf 91' lang='lat' dir='ltr'><strong>a</strong></span> <span class='ocrx_word' id='word_1_558' title='bbox 2142 3769 2362 3826; x_wconf 86' lang='lat' dir='ltr'><strong>Christo</strong></span> <span class='ocrx_word' id='word_1_559' title='bbox 2393 3771 2626 3840; x_wconf 87' lang='lat' dir='ltr'><strong>postulet</strong></span> <span class='ocrx_word' id='word_1_560' title='bbox 2659 3772 2852 3827; x_wconf 90' lang='lat' dir='ltr'><strong>borum</strong></span> <span class='ocrx_word' id='word_1_561' title='bbox 2883 3785 3077 3828; x_wconf 88' lang='lat' dir='ltr'><strong>causas</strong></span> <span class='ocrx_word' id='word_1_562' title='bbox 3107 3781 3163 3828; x_wconf 88' lang='lat' dir='ltr'><strong>et</strong></span> <span class='ocrx_word' id='word_1_563' title='bbox 3189 3774 3449 3830; x_wconf 84' lang='lat' dir='ltr'><strong>rationes.</strong></span> 
     </span>
    </p>
   </div>
   <div class='ocr_carea' id='block_1_84' title="bbox 1881 3859 3451 3936">
    <p class='ocr_par' dir='ltr' id='par_1_84' title="bbox 1881 3859 3451 3936">
     <span class='ocr_line' id='line_1_84' title="bbox 1881 3859 3451 3936; baseline 0 -20"><span class='ocrx_word' id='word_1_564' title='bbox 1881 3860 2184 3916; x_wconf 83' lang='lat' dir='ltr'><strong>Admodum</strong></span> <span class='ocrx_word' id='word_1_565' title='bbox 2207 3860 2350 3915; x_wconf 90' lang='lat' dir='ltr'><strong>enim</strong></span> <span class='ocrx_word' id='word_1_566' title='bbox 2369 3869 2686 3916; x_wconf 83' lang='lat' dir='ltr'><strong>succensent</strong></span> <span class='ocrx_word' id='word_1_567' title='bbox 2708 3859 2774 3916; x_wconf 90' lang='lat' dir='ltr'><strong>iis</strong></span> <span class='ocrx_word' id='word_1_568' title='bbox 2790 3861 2881 3932; x_wconf 89' lang='lat' dir='ltr'><strong>qui</strong></span> <span class='ocrx_word' id='word_1_569' title='bbox 2899 3861 3150 3916; x_wconf 89' lang='lat' dir='ltr'><strong>virtutem</strong></span> <span class='ocrx_word' id='word_1_570' title='bbox 3169 3861 3451 3936; x_wconf 68' lang='lat' dir='ltr'><strong>[activau]</strong></span> 
     </span>
    </p>
   </div>
   <div class='ocr_carea' id='block_1_85' title="bbox 1883 3951 3456 4027">
    <p class='ocr_par' dir='ltr' id='par_1_85' title="bbox 1883 3951 3456 4027">
     <span class='ocr_line' id='line_1_85' title="bbox 1883 3951 3456 4027; baseline 0.003 -19"><span class='ocrx_word' id='word_1_571' title='bbox 1883 3953 2130 4021; x_wconf 68' lang='grc' dir='ltr'>δοθειὶεο</span> <span class='ocrx_word' id='word_1_572' title='bbox 2167 3952 2339 4023; x_wconf 85' lang='lat' dir='ltr'><strong>magis</strong></span> <span class='ocrx_word' id='word_1_573' title='bbox 2375 3951 2533 4007; x_wconf 90' lang='lat' dir='ltr'><strong>modo</strong></span> <span class='ocrx_word' id='word_1_574' title='bbox 2574 3952 2847 4021; x_wconf 82' lang='lat' dir='ltr'><strong>excolunt,</strong></span> <span class='ocrx_word' id='word_1_575' title='bbox 2886 3953 3166 4024; x_wconf 80' lang='lat' dir='ltr'><strong>cupientes</strong></span> <span class='ocrx_word' id='word_1_576' title='bbox 3191 3956 3456 4027; x_wconf 83' lang='lat' dir='ltr'><strong>sagittare</strong></span> 
     </span>
    </p>
   </div>
   <div class='ocr_carea' id='block_1_86' title="bbox 1885 4044 2685 4101">
    <p class='ocr_par' dir='ltr' id='par_1_86' title="bbox 1885 4044 2685 4101">
     <span class='ocr_line' id='line_1_86' title="bbox 1885 4044 2685 4101; baseline -0.001 -2"><span class='ocrx_word' id='word_1_577' title='bbox 1885 4045 1940 4099; x_wconf 89' lang='lat' dir='ltr'><strong>in</strong></span> <span class='ocrx_word' id='word_1_578' title='bbox 1965 4044 2197 4100; x_wconf 89' lang='lat' dir='ltr'><strong>obscuro</strong></span> <span class='ocrx_word' id='word_1_579' title='bbox 2225 4054 2404 4100; x_wconf 87' lang='lat' dir='ltr'><strong>rectos</strong></span> <span class='ocrx_word' id='word_1_580' title='bbox 2428 4045 2592 4101; x_wconf 91' lang='lat' dir='ltr'><strong>corde</strong></span> <span class='ocrx_word' id='word_1_581' title='bbox 2621 4045 2685 4098; x_wconf 82' lang='lat'><strong>“.</strong></span> 
     </span>
    </p>
   </div>
   <div class='ocr_carea' id='block_1_87' title="bbox 1956 4219 3458 4278">
    <p class='ocr_par' dir='ltr' id='par_1_87' title="bbox 1956 4219 3458 4278">
     <span class='ocr_line' id='line_1_87' title="bbox 1956 4219 3458 4278; baseline 0.004 -5"><span class='ocrx_word' id='word_1_582' title='bbox 1956 4219 2173 4274; x_wconf 76' lang='lat' dir='ltr'><strong>XXXII.</strong></span> <span class='ocrx_word' id='word_1_583' title='bbox 2225 4219 2369 4275; x_wconf 86' lang='lat' dir='ltr'><strong>Duos</strong></span> <span class='ocrx_word' id='word_1_584' title='bbox 2407 4233 2440 4273; x_wconf 91' lang='lat' dir='ltr'><strong>e</strong></span> <span class='ocrx_word' id='word_1_585' title='bbox 2481 4219 2814 4275; x_wconf 65' lang='lat' dir='ltr'><strong>daemonibus</strong></span> <span class='ocrx_word' id='word_1_586' title='bbox 2855 4219 3226 4277; x_wconf 80' lang='lat' dir='ltr'><strong>velocissimos</strong></span> <span class='ocrx_word' id='word_1_587' title='bbox 3265 4221 3458 4278; x_wconf 85' lang='lat' dir='ltr'><strong>obser-</strong></span> 
     </span>
    </p>
   </div>
   <div class='ocr_carea' id='block_1_88' title="bbox 1889 4310 3458 4378">
    <p class='ocr_par' dir='ltr' id='par_1_88' title="bbox 1889 4310 3458 4378">
     <span class='ocr_line' id='line_1_88' title="bbox 1889 4310 3458 4378; baseline 0.004 -16"><span class='ocrx_word' id='word_1_588' title='bbox 1889 4313 2065 4365; x_wconf 84' lang='lat' dir='ltr'><strong>vando</strong></span> <span class='ocrx_word' id='word_1_589' title='bbox 2105 4310 2365 4378; x_wconf 87' lang='lat' dir='ltr'><strong>reperies,</strong></span> <span class='ocrx_word' id='word_1_590' title='bbox 2413 4317 2620 4364; x_wconf 91' lang='lat' dir='ltr'><strong>tantum</strong></span> <span class='ocrx_word' id='word_1_591' title='bbox 2678 4324 2784 4365; x_wconf 90' lang='lat' dir='ltr'><strong>non</strong></span> <span class='ocrx_word' id='word_1_592' title='bbox 2831 4311 2994 4365; x_wconf 88' lang='lat' dir='ltr'><strong>animi</strong></span> <span class='ocrx_word' id='word_1_593' title='bbox 3032 4311 3203 4367; x_wconf 87' lang='lat' dir='ltr'><strong>nostri</strong></span> <span class='ocrx_word' id='word_1_594' title='bbox 3251 4320 3458 4369; x_wconf 88' lang='lat' dir='ltr'><strong>motum</strong></span> 
     </span>
    </p>
   </div>
   <div class='ocr_carea' id='block_1_89' title="bbox 214 4389 1772 4488">
    <p class='ocr_par' dir='ltr' id='par_1_89' title="bbox 214 4389 1772 4488">
     <span class='ocr_line' id='line_1_89' title="bbox 214 4389 1772 4488; baseline -0.013 -19"><span class='ocrx_word' id='word_1_595' title='bbox 214 4389 604 4488; x_wconf 65' lang='grc' dir='ltr'>ρατρέχοντας,</span> <span class='ocrx_word' id='word_1_596' title='bbox 630 4408 722 4463; x_wconf 79' lang='grc' dir='ltr'>τὸν</span> <span class='ocrx_word' id='word_1_597' title='bbox 752 4407 981 4478; x_wconf 87' lang='grc' dir='ltr'>δαίμονα</span> <span class='ocrx_word' id='word_1_598' title='bbox 999 4403 1098 4474; x_wconf 78' lang='grc' dir='ltr'>τῆς</span> <span class='ocrx_word' id='word_1_599' title='bbox 1125 4400 1402 4471; x_wconf 87' lang='grc' dir='ltr'>πορνείας,</span> <span class='ocrx_word' id='word_1_600' title='bbox 1423 4399 1519 4453; x_wconf 85' lang='grc' dir='ltr'>καὶ</span> <span class='ocrx_word' id='word_1_601' title='bbox 1538 4396 1641 4488; x_wconf 26' lang='grc' dir='ltr'>τδν-</span> <span class='ocrx_word' id='word_1_602' title='bbox 1663 4413 1772 4488; x_wconf 83' lang='grc' dir='ltr'>συν‹</span> 
     </span>
    </p>
   </div>
   <div class='ocr_carea' id='block_1_90' title="bbox 1885 4389 3458 4488">
    <p class='ocr_par' dir='ltr' id='par_1_90' title="bbox 1889 4398 3458 4474">
     <span class='ocr_line' id='line_1_90' title="bbox 1889 4398 3458 4474; baseline 0.004 -20"><span class='ocrx_word' id='word_1_603' title='bbox 1889 4406 2370 4470; x_wconf 68' lang='lat' dir='ltr'><strong>praetercurrentes</strong></span> <span class='ocrx_word' id='word_1_604' title='bbox 2408 4416 2422 4453; x_wconf 89' lang='lat'>:</span> <span class='ocrx_word' id='word_1_605' title='bbox 2457 4398 2753 4454; x_wconf 63' lang='lat' dir='ltr'><strong>daemonem</strong></span> <span class='ocrx_word' id='word_1_606' title='bbox 2782 4399 3158 4457; x_wconf 79' lang='lat' dir='ltr'><strong>fornicationis</strong></span> <span class='ocrx_word' id='word_1_607' title='bbox 3181 4443 3197 4470; x_wconf 91' lang='lat'><strong>,</strong></span> <span class='ocrx_word' id='word_1_608' title='bbox 3225 4415 3458 4474; x_wconf 87' lang='lat' dir='ltr'><strong>eumque</strong></span> 
     </span>
    </p>
   </div>
   <div class='ocr_carea' id='block_1_91' title="bbox 213 4484 1789 4578">
    <p class='ocr_par' dir='ltr' id='par_1_91' title="bbox 213 4484 1789 4578">
     <span class='ocr_line' id='line_1_91' title="bbox 213 4484 1789 4578; baseline -0.015 -17"><span class='ocrx_word' id='word_1_609' title='bbox 213 4484 532 4578; x_wconf 75' lang='grc' dir='ltr'>αρπάζοντα</span> <span class='ocrx_word' id='word_1_610' title='bbox 583 4501 729 4572; x_wconf 73' lang='grc' dir='ltr'>ἡμᾶς</span> <span class='ocrx_word' id='word_1_611' title='bbox 779 4495 916 4568; x_wconf 80' lang='grc' dir='ltr'>πρὸς</span> <span class='ocrx_word' id='word_1_612' title='bbox 967 4493 1315 4564; x_wconf 81' lang='grc' dir='ltr'>βλασφημίαν</span> <span class='ocrx_word' id='word_1_613' title='bbox 1371 4488 1506 4561; x_wconf 75' lang='lat'><strong>(23).</strong></span> <span class='ocrx_word' id='word_1_614' title='bbox 1563 4484 1710 4578; x_wconf 56' lang='lat' dir='ltr'><strong>&quot;AM’</strong></span> <span class='ocrx_word' id='word_1_615' title='bbox 1759 4487 1789 4539; x_wconf 82' lang='grc' dir='ltr'><strong>ὁ</strong></span> 
     </span>
    </p>
   </div>
   <div class='ocr_carea' id='block_1_92' title="bbox 218 4579 1788 4670">
    <p class='ocr_par' dir='ltr' id='par_1_92' title="bbox 218 4579 1788 4670">
     <span class='ocr_line' id='line_1_92' title="bbox 218 4579 1788 4670; baseline -0.015 -16"><span class='ocrx_word' id='word_1_616' title='bbox 218 4599 321 4670; x_wconf 77' lang='grc' dir='ltr'>μὲν</span> <span class='ocrx_word' id='word_1_617' title='bbox 359 4595 609 4666; x_wconf 80' lang='grc' dir='ltr'>δεύτερος</span> <span class='ocrx_word' id='word_1_618' title='bbox 645 4591 792 4646; x_wconf 61' lang='lat' dir='ltr'><strong>tactv</strong></span> <span class='ocrx_word' id='word_1_619' title='bbox 837 4585 1228 4656; x_wconf 82' lang='grc' dir='ltr'>ὀλιγοχρόνιος,</span> <span class='ocrx_word' id='word_1_620' title='bbox 1264 4584 1294 4636; x_wconf 81' lang='grc' dir='ltr'><strong>ὁ</strong></span> <span class='ocrx_word' id='word_1_621' title='bbox 1330 4581 1390 4636; x_wconf 83' lang='grc' dir='ltr'>δὲ</span> <span class='ocrx_word' id='word_1_622' title='bbox 1435 4579 1698 4670; x_wconf 84' lang='grc' dir='ltr'>πρότερος</span> <span class='ocrx_word' id='word_1_623' title='bbox 1739 4579 1788 4632; x_wconf 86' lang='grc' dir='ltr'><strong>εί</strong></span> 
     </span>
    </p>
   </div>
   <div class='ocr_carea' id='block_1_93' title="bbox 219 4669 1787 4759">
    <p class='ocr_par' dir='ltr' id='par_1_93' title="bbox 219 4669 1787 4759">
     <span class='ocr_line' id='line_1_93' title="bbox 219 4669 1787 4759; baseline -0.018 -14"><span class='ocrx_word' id='word_1_624' title='bbox 219 4669 298 4759; x_wconf 81' lang='grc' dir='ltr'>μὴ</span> <span class='ocrx_word' id='word_1_625' title='bbox 330 4684 469 4757; x_wconf 88' lang='grc' dir='ltr'><strong>μετά</strong></span> <span class='ocrx_word' id='word_1_626' title='bbox 510 4683 716 4746; x_wconf 83' lang='grc' dir='ltr'>πάθους</span> <span class='ocrx_word' id='word_1_627' title='bbox 747 4676 923 4747; x_wconf 88' lang='grc' dir='ltr'>κινοίη</span> <span class='ocrx_word' id='word_1_628' title='bbox 955 4676 1083 4738; x_wconf 79' lang='grc' dir='ltr'>τοὺς</span> <span class='ocrx_word' id='word_1_629' title='bbox 1117 4671 1442 4744; x_wconf 80' lang='grc' dir='ltr'>λογισμοὺς,</span> <span class='ocrx_word' id='word_1_630' title='bbox 1478 4669 1580 4724; x_wconf 77' lang='grc' dir='ltr'>οὐκ</span> <span class='ocrx_word' id='word_1_631' title='bbox 1611 4669 1787 4740; x_wconf 72' lang='grc' dir='ltr'>εμπο-</span> 
     </span>
    </p>
   </div>
   <div class='ocr_carea' id='block_1_94' title="bbox 213 4759 1472 4846">
    <p class='ocr_par' dir='ltr' id='par_1_94' title="bbox 213 4759 1472 4846">
     <span class='ocr_line' id='line_1_94' title="bbox 213 4759 1472 4846; baseline -0.011 -14"><span class='ocrx_word' id='word_1_632' title='bbox 213 4779 352 4832; x_wconf 87' lang='grc' dir='ltr'>δίσει</span> <span class='ocrx_word' id='word_1_633' title='bbox 382 4777 516 4846; x_wconf 87' lang='grc' dir='ltr'>ήμῖν</span> <span class='ocrx_word' id='word_1_634' title='bbox 543 4773 678 4844; x_wconf 80' lang='grc' dir='ltr'>πρὸς</span> <span class='ocrx_word' id='word_1_635' title='bbox 703 4771 802 4842; x_wconf 77' lang='grc' dir='ltr'>τὴν</span> <span class='ocrx_word' id='word_1_636' title='bbox 827 4767 1028 4840; x_wconf 84' lang='grc' dir='ltr'>γνῶσιν</span> <span class='ocrx_word' id='word_1_637' title='bbox 1051 4763 1163 4836; x_wconf 74' lang='grc'><strong>(24)</strong></span> <span class='ocrx_word' id='word_1_638' title='bbox 1194 4761 1288 4816; x_wconf 77' lang='grc' dir='ltr'><strong>τοῦ</strong></span> <span class='ocrx_word' id='word_1_639' title='bbox 1314 4759 1472 4818; x_wconf 86' lang='grc' dir='ltr'>Θεοῦ.</span> 
     </span>
    </p>
   </div>
   <div class='ocr_carea' id='block_1_95' title="bbox 287 4849 1790 4936">
    <p class='ocr_par' dir='ltr' id='par_1_95' title="bbox 287 4849 1790 4936">
     <span class='ocr_line' id='line_1_95' title="bbox 287 4849 1790 4936; baseline -0.012 -15"><span class='ocrx_word' id='word_1_640' title='bbox 287 4867 412 4922; x_wconf 84' lang='lat' dir='ltr'><strong>AI&#39;.</strong></span> <span class='ocrx_word' id='word_1_641' title='bbox 451 4865 623 4936; x_wconf 84' lang='grc' dir='ltr'>Σῶμα</span> <span class='ocrx_word' id='word_1_642' title='bbox 670 4861 768 4934; x_wconf 67' lang='grc' dir='ltr'><strong>μιν</strong></span> <span class='ocrx_word' id='word_1_643' title='bbox 807 4859 1039 4931; x_wconf 88' lang='grc' dir='ltr'>χωρίσαι</span> <span class='ocrx_word' id='word_1_644' title='bbox 1087 4855 1302 4927; x_wconf 81' lang='grc' dir='ltr'>ψυχῆς,</span> <span class='ocrx_word' id='word_1_645' title='bbox 1351 4853 1513 4925; x_wconf 88' lang='grc' dir='ltr'>μόνου</span> <span class='ocrx_word' id='word_1_646' title='bbox 1542 4851 1661 4905; x_wconf 71' lang='grc' dir='ltr'>ἐστὶ</span> <span class='ocrx_word' id='word_1_647' title='bbox 1694 4849 1790 4904; x_wconf 89' lang='grc' dir='ltr'><strong>τοῦ</strong></span> 
     </span>
    </p>
   </div>
   <div class='ocr_carea' id='block_1_96' title="bbox 221 4939 1791 5030">
    <p class='ocr_par' dir='ltr' id='par_1_96' title="bbox 221 4939 1791 5030">
     <span class='ocr_line' id='line_1_96' title="bbox 221 4939 1791 5030; baseline -0.013 -16"><span class='ocrx_word' id='word_1_648' title='bbox 221 4958 606 5030; x_wconf 79' lang='grc' dir='ltr'>συνδήσαντοςο</span> <span class='ocrx_word' id='word_1_649' title='bbox 645 4952 823 5024; x_wconf 79' lang='grc' dir='ltr'>ψυχὴν</span> <span class='ocrx_word' id='word_1_650' title='bbox 849 4950 906 5004; x_wconf 79' lang='grc' dir='ltr'>δὲ</span> <span class='ocrx_word' id='word_1_651' title='bbox 935 4948 1044 5004; x_wconf 78' lang='grc' dir='ltr'>ἀπὸ</span> <span class='ocrx_word' id='word_1_652' title='bbox 1080 4945 1329 5018; x_wconf 87' lang='grc' dir='ltr'>σώματος</span> <span class='ocrx_word' id='word_1_653' title='bbox 1346 4983 1363 5011; x_wconf 96' lang='grc'><strong>,</strong></span> <span class='ocrx_word' id='word_1_654' title='bbox 1393 4943 1490 4998; x_wconf 74' lang='grc' dir='ltr'>καὶ</span> <span class='ocrx_word' id='word_1_655' title='bbox 1523 4939 1615 4996; x_wconf 87' lang='grc' dir='ltr'><strong>τοῦ</strong></span> <span class='ocrx_word' id='word_1_656' title='bbox 1641 4941 1791 5010; x_wconf 71' lang='grc' dir='ltr'>ἐφιε-</span> 
     </span>
    </p>
   </div>
   <div class='ocr_carea' id='block_1_97' title="bbox 223 5031 1791 5121">
    <p class='ocr_par' dir='ltr' id='par_1_97' title="bbox 223 5031 1791 5121">
     <span class='ocr_line' id='line_1_97' title="bbox 223 5031 1791 5121; baseline -0.011 -17"><span class='ocrx_word' id='word_1_657' title='bbox 223 5051 388 5121; x_wconf 77' lang='grc' dir='ltr'>μένου</span> <span class='ocrx_word' id='word_1_658' title='bbox 414 5050 510 5120; x_wconf 75' lang='grc' dir='ltr'>τῆς</span> <span class='ocrx_word' id='word_1_659' title='bbox 536 5045 756 5118; x_wconf 80' lang='grc' dir='ltr'>ἀρετῆς.</span> <span class='ocrx_word' id='word_1_660' title='bbox 789 5041 901 5114; x_wconf 78' lang='grc' dir='ltr'><strong>Τὴν</strong></span> <span class='ocrx_word' id='word_1_661' title='bbox 933 5035 1280 5110; x_wconf 85' lang='grc' dir='ltr'>ἀναχώρησιν</span> <span class='ocrx_word' id='word_1_662' title='bbox 1302 5075 1319 5102; x_wconf 95' lang='grc'><strong>,</strong></span> <span class='ocrx_word' id='word_1_663' title='bbox 1351 5033 1592 5121; x_wconf 74' lang='grc' dir='ltr'>μελέτην</span> <span class='ocrx_word' id='word_1_664' title='bbox 1623 5031 1791 5088; x_wconf 87' lang='grc' dir='ltr'>θανά-</span> 
     </span>
    </p>
   </div>
   <div class='ocr_carea' id='block_1_98' title="bbox 219 5120 1792 5206">
    <p class='ocr_par' dir='ltr' id='par_1_98' title="bbox 219 5120 1792 5206">
     <span class='ocr_line' id='line_1_98' title="bbox 219 5120 1792 5206; baseline -0.013 -13"><span class='ocrx_word' id='word_1_665' title='bbox 219 5120 316 5193; x_wconf 86' lang='grc' dir='ltr'><strong>του</strong></span> <span class='ocrx_word' id='word_1_666' title='bbox 347 5137 444 5192; x_wconf 72' lang='grc' dir='ltr'>καὶ</span> <span class='ocrx_word' id='word_1_667' title='bbox 481 5135 659 5206; x_wconf 79' lang='grc' dir='ltr'>φυγὴν</span> <span class='ocrx_word' id='word_1_668' title='bbox 685 5131 780 5186; x_wconf 88' lang='grc' dir='ltr'><strong>τοῦ</strong></span> <span class='ocrx_word' id='word_1_669' title='bbox 821 5129 1072 5201; x_wconf 85' lang='grc' dir='ltr'>σώματος</span> <span class='ocrx_word' id='word_1_670' title='bbox 1110 5127 1159 5180; x_wconf 83' lang='grc' dir='ltr'>οἱ</span> <span class='ocrx_word' id='word_1_671' title='bbox 1197 5122 1440 5194; x_wconf 87' lang='grc' dir='ltr'>Πατέρες</span> <span class='ocrx_word' id='word_1_672' title='bbox 1477 5120 1636 5193; x_wconf 79' lang='grc' dir='ltr'>ἡμῶν</span> <span class='ocrx_word' id='word_1_673' title='bbox 1671 5121 1792 5175; x_wconf 84' lang='grc' dir='ltr'>ὀνο-</span> 
     </span>
    </p>
   </div>
   <div class='ocr_carea' id='block_1_99' title="bbox 223 5229 509 5300">
    <p class='ocr_par' dir='ltr' id='par_1_99' title="bbox 223 5229 509 5300">
     <span class='ocr_line' id='line_1_99' title="bbox 223 5229 509 5300; baseline 0 -18"><span class='ocrx_word' id='word_1_674' title='bbox 223 5229 509 5300; x_wconf 78' lang='grc' dir='ltr'>μάζουσιν.</span> 
     </span>
    </p>
   </div>
   <div class='ocr_carea' id='block_1_100' title="bbox 299 5381 723 5449">
    <p class='ocr_par' dir='ltr' id='par_1_100' title="bbox 299 5381 723 5449">
     <span class='ocr_line' id='line_1_100' title="bbox 299 5381 723 5449; baseline -0.012 -10"><span class='ocrx_word' id='word_1_675' title='bbox 299 5385 342 5419; x_wconf 75' lang='grc'>³⁸</span> <span class='ocrx_word' id='word_1_676' title='bbox 373 5383 518 5441; x_wconf 87' lang='lat' dir='ltr'><strong>Psal.</strong></span> <span class='ocrx_word' id='word_1_677' title='bbox 560 5398 617 5449; x_wconf 74' lang='grc' dir='ltr'><strong>κ,</strong></span> <span class='ocrx_word' id='word_1_678' title='bbox 667 5381 723 5435; x_wconf 80' lang='lat'><strong>3.</strong></span> 
     </span>
    </p>
   </div>
   <div class='ocr_carea' id='block_1_101' title="bbox 319 5533 848 5606">
    <p class='ocr_par' dir='ltr' id='par_1_101' title="bbox 319 5533 848 5606">
     <span class='ocr_line' id='line_1_101' title="bbox 319 5533 848 5606; baseline -0.015 -12"><span class='ocrx_word' id='word_1_679' title='bbox 319 5537 414 5606; x_wconf 73' lang='grc'><strong>20)</strong></span> <span class='ocrx_word' id='word_1_680' title='bbox 453 5537 538 5592; x_wconf 77' lang='grc' dir='ltr'><strong>ΔΙ.</strong></span> <span class='ocrx_word' id='word_1_681' title='bbox 564 5533 848 5606; x_wconf 71' lang='grc' dir='ltr'>δυσωδίαν.</span> 
     </span>
    </p>
   </div>
   <div class='ocr_carea' id='block_1_102' title="bbox 321 5604 899 5676">
    <p class='ocr_par' dir='ltr' id='par_1_102' title="bbox 321 5604 899 5676">
     <span class='ocr_line' id='line_1_102' title="bbox 321 5604 899 5676; baseline -0.005 -14"><span class='ocrx_word' id='word_1_682' title='bbox 321 5604 413 5676; x_wconf 69' lang='lat' dir='ltr'><strong>2i)</strong></span> <span class='ocrx_word' id='word_1_683' title='bbox 442 5608 524 5661; x_wconf 84' lang='lat' dir='ltr'><strong>Al.</strong></span> <span class='ocrx_word' id='word_1_684' title='bbox 553 5604 899 5676; x_wconf 82' lang='grc' dir='ltr'>πειραθῆναι.</span> 
     </span>
    </p>
   </div>
   <div class='ocr_carea' id='block_1_103' title="bbox 303 5673 894 5742">
    <p class='ocr_par' dir='ltr' id='par_1_103' title="bbox 303 5673 894 5742">
     <span class='ocr_line' id='line_1_103' title="bbox 303 5673 894 5742; baseline -0.01 -9"><span class='ocrx_word' id='word_1_685' title='bbox 303 5673 418 5738; x_wconf 60' lang='grc'><strong>(22⁷)</strong></span> <span class='ocrx_word' id='word_1_686' title='bbox 455 5676 542 5732; x_wconf 77' lang='grc' dir='ltr'><strong>ΔΙ.</strong></span> <span class='ocrx_word' id='word_1_687' title='bbox 574 5673 894 5742; x_wconf 80' lang='grc' dir='ltr'>πρακτικήν.</span> 
     </span>
    </p>
   </div>
   <div class='ocr_carea' id='block_1_104' title="bbox 1894 4489 3458 4565">
    <p class='ocr_par' dir='ltr' id='par_1_104' title="bbox 1894 4489 3458 4565">
     <span class='ocr_line' id='line_1_104' title="bbox 1894 4489 3458 4565; baseline 0.006 -22"><span class='ocrx_word' id='word_1_688' title='bbox 1894 4489 1984 4560; x_wconf 87' lang='lat' dir='ltr'><strong>qui</strong></span> <span class='ocrx_word' id='word_1_689' title='bbox 2020 4503 2117 4545; x_wconf 91' lang='lat' dir='ltr'><strong>nos</strong></span> <span class='ocrx_word' id='word_1_690' title='bbox 2142 4489 2367 4558; x_wconf 89' lang='lat' dir='ltr'><strong>corripit</strong></span> <span class='ocrx_word' id='word_1_691' title='bbox 2395 4491 2463 4545; x_wconf 83' lang='lat' dir='ltr'><strong>ad</strong></span> <span class='ocrx_word' id='word_1_692' title='bbox 2500 4490 2888 4560; x_wconf 84' lang='lat' dir='ltr'><strong>blasphemiam</strong></span> <span class='ocrx_word' id='word_1_693' title='bbox 2918 4509 2935 4559; x_wconf 91' lang='lat'><strong>;</strong></span> <span class='ocrx_word' id='word_1_694' title='bbox 2971 4507 3158 4548; x_wconf 88' lang='lat' dir='ltr'><strong>verum</strong></span> <span class='ocrx_word' id='word_1_695' title='bbox 3186 4496 3458 4565; x_wconf 85' lang='lat' dir='ltr'><strong>posterior</strong></span> 
     </span>
    </p>
   </div>
   <div class='ocr_carea' id='block_1_105' title="bbox 1892 4578 3460 4650">
    <p class='ocr_par' dir='ltr' id='par_1_105' title="bbox 1892 4578 3460 4650">
     <span class='ocr_line' id='line_1_105' title="bbox 1892 4578 3460 4650; baseline 0.004 -14"><span class='ocrx_word' id='word_1_696' title='bbox 1892 4579 2074 4636; x_wconf 88' lang='lat' dir='ltr'><strong>brevis</strong></span> <span class='ocrx_word' id='word_1_697' title='bbox 2120 4587 2206 4635; x_wconf 88' lang='lat' dir='ltr'><strong>est</strong></span> <span class='ocrx_word' id='word_1_698' title='bbox 2251 4578 2537 4649; x_wconf 83' lang='lat' dir='ltr'><strong>temporis;</strong></span> <span class='ocrx_word' id='word_1_699' title='bbox 2573 4581 2724 4650; x_wconf 88' lang='lat' dir='ltr'><strong>prior</strong></span> <span class='ocrx_word' id='word_1_700' title='bbox 2767 4594 2928 4646; x_wconf 88' lang='lat' dir='ltr'><strong>vero,</strong></span> <span class='ocrx_word' id='word_1_701' title='bbox 2963 4582 3068 4638; x_wconf 79' lang='lat' dir='ltr'><strong>nisi</strong></span> <span class='ocrx_word' id='word_1_702' title='bbox 3099 4597 3224 4638; x_wconf 88' lang='lat' dir='ltr'><strong>cum</strong></span> <span class='ocrx_word' id='word_1_703' title='bbox 3261 4583 3460 4643; x_wconf 82' lang='lat' dir='ltr'><strong>aﬂ&#39;ectu</strong></span> 
     </span>
    </p>
   </div>
   <div class='ocr_carea' id='block_1_106' title="bbox 1894 4667 3462 4744">
    <p class='ocr_par' dir='ltr' id='par_1_106' title="bbox 1894 4667 3462 4744">
     <span class='ocr_line' id='line_1_106' title="bbox 1894 4667 3462 4744; baseline 0.007 -22"><span class='ocrx_word' id='word_1_704' title='bbox 1894 4669 2126 4724; x_wconf 88' lang='lat' dir='ltr'><strong>moverit</strong></span> <span class='ocrx_word' id='word_1_705' title='bbox 2158 4667 2537 4740; x_wconf 83' lang='lat' dir='ltr'><strong>cogitationes,</strong></span> <span class='ocrx_word' id='word_1_706' title='bbox 2568 4684 2676 4726; x_wconf 91' lang='lat' dir='ltr'><strong>non</strong></span> <span class='ocrx_word' id='word_1_707' title='bbox 2711 4671 2918 4727; x_wconf 87' lang='lat' dir='ltr'><strong>arcebit</strong></span> <span class='ocrx_word' id='word_1_708' title='bbox 2949 4685 3047 4728; x_wconf 83' lang='lat' dir='ltr'><strong>nos</strong></span> <span class='ocrx_word' id='word_1_709' title='bbox 3081 4687 3112 4727; x_wconf 91' lang='lat' dir='ltr'><strong>a</strong></span> <span class='ocrx_word' id='word_1_710' title='bbox 3148 4673 3462 4744; x_wconf 76' lang='lat' dir='ltr'><strong>cognitione</strong></span> 
     </span>
    </p>
   </div>
   <div class='ocr_carea' id='block_1_107' title="bbox 1896 4756 2010 4813">
    <p class='ocr_par' dir='ltr' id='par_1_107' title="bbox 1896 4756 2010 4813">
     <span class='ocr_line' id='line_1_107' title="bbox 1896 4756 2010 4813; baseline -0.018 0"><span class='ocrx_word' id='word_1_711' title='bbox 1896 4756 2010 4813; x_wconf 82' lang='lat' dir='ltr'><strong>Dei.</strong></span> 
     </span>
    </p>
   </div>
   <div class='ocr_carea' id='block_1_108' title="bbox 1964 4845 3464 4921">
    <p class='ocr_par' dir='ltr' id='par_1_108' title="bbox 1964 4845 3464 4921">
     <span class='ocr_line' id='line_1_108' title="bbox 1964 4845 3464 4921; baseline 0.005 -19"><span class='ocrx_word' id='word_1_712' title='bbox 1964 4845 2204 4904; x_wconf 77' lang='lat' dir='ltr'><strong>XXXIII.</strong></span> <span class='ocrx_word' id='word_1_713' title='bbox 2247 4845 2461 4920; x_wconf 80' lang='lat' dir='ltr'><strong>Corpus</strong></span> <span class='ocrx_word' id='word_1_714' title='bbox 2491 4848 2708 4920; x_wconf 87' lang='lat' dir='ltr'><strong>quidem</strong></span> <span class='ocrx_word' id='word_1_715' title='bbox 2735 4849 3022 4921; x_wconf 74' lang='lat' dir='ltr'><strong>seiungere</strong></span> <span class='ocrx_word' id='word_1_716' title='bbox 3056 4853 3124 4908; x_wconf 91' lang='lat' dir='ltr'><strong>ab</strong></span> <span class='ocrx_word' id='word_1_717' title='bbox 3161 4851 3365 4920; x_wconf 76' lang='lat' dir='ltr'><strong>anima,</strong></span> <span class='ocrx_word' id='word_1_718' title='bbox 3399 4853 3464 4909; x_wconf 63' lang='lat' dir='ltr'><strong>ilo</strong></span> 
     </span>
    </p>
   </div>
   <div class='ocr_carea' id='block_1_109' title="bbox 1899 4937 3449 5010">
    <p class='ocr_par' dir='ltr' id='par_1_109' title="bbox 1899 4937 3449 5010">
     <span class='ocr_line' id='line_1_109' title="bbox 1899 4937 3449 5010; baseline 0.004 -16"><span class='ocrx_word' id='word_1_719' title='bbox 1899 4937 2003 4995; x_wconf 89' lang='lat' dir='ltr'><strong>lius</strong></span> <span class='ocrx_word' id='word_1_720' title='bbox 2036 4939 2206 4994; x_wconf 86' lang='lat' dir='ltr'><strong>solius</strong></span> <span class='ocrx_word' id='word_1_721' title='bbox 2246 4947 2331 4996; x_wconf 77' lang='lat' dir='ltr'><strong>est</strong></span> <span class='ocrx_word' id='word_1_722' title='bbox 2367 4941 2458 5009; x_wconf 90' lang='lat' dir='ltr'><strong>qui</strong></span> <span class='ocrx_word' id='word_1_723' title='bbox 2492 4939 2794 5010; x_wconf 85' lang='lat' dir='ltr'><strong>colligavit,</strong></span> <span class='ocrx_word' id='word_1_724' title='bbox 2825 4941 3062 4998; x_wconf 89' lang='lat' dir='ltr'><strong>animam</strong></span> <span class='ocrx_word' id='word_1_725' title='bbox 3092 4957 3220 5000; x_wconf 87' lang='lat' dir='ltr'><strong>vero</strong></span> <span class='ocrx_word' id='word_1_726' title='bbox 3268 4959 3299 4998; x_wconf 93' lang='lat' dir='ltr'><strong>a</strong></span> <span class='ocrx_word' id='word_1_727' title='bbox 3341 4958 3449 5000; x_wconf 89' lang='lat' dir='ltr'><strong>cor-</strong></span> 
     </span>
    </p>
   </div>
   <div class='ocr_carea' id='block_1_110' title="bbox 1898 5030 3465 5103">
    <p class='ocr_par' dir='ltr' id='par_1_110' title="bbox 1898 5030 3465 5103">
     <span class='ocr_line' id='line_1_110' title="bbox 1898 5030 3465 5103; baseline -0.001 -17"><span class='ocrx_word' id='word_1_728' title='bbox 1898 5045 2049 5102; x_wconf 87' lang='lat' dir='ltr'><strong>pore,</strong></span> <span class='ocrx_word' id='word_1_729' title='bbox 2076 5030 2146 5086; x_wconf 91' lang='lat' dir='ltr'><strong>ad</strong></span> <span class='ocrx_word' id='word_1_730' title='bbox 2176 5045 2300 5086; x_wconf 87' lang='lat' dir='ltr'><strong>eum</strong></span> <span class='ocrx_word' id='word_1_731' title='bbox 2330 5044 2544 5101; x_wconf 87' lang='lat' dir='ltr'><strong>quoque</strong></span> <span class='ocrx_word' id='word_1_732' title='bbox 2567 5032 2800 5102; x_wconf 88' lang='lat' dir='ltr'><strong>pertinet</strong></span> <span class='ocrx_word' id='word_1_733' title='bbox 2825 5033 2916 5103; x_wconf 89' lang='lat' dir='ltr'><strong>qui</strong></span> <span class='ocrx_word' id='word_1_734' title='bbox 2954 5034 3170 5090; x_wconf 88' lang='lat' dir='ltr'><strong>virtutis</strong></span> <span class='ocrx_word' id='word_1_735' title='bbox 3196 5033 3465 5089; x_wconf 69' lang='lat' dir='ltr'><strong>desiderio</strong></span> 
     </span>
    </p>
   </div>
   <div class='ocr_carea' id='block_1_111' title="bbox 1902 5121 3460 5182">
    <p class='ocr_par' dir='ltr' id='par_1_111' title="bbox 1902 5121 3460 5182">
     <span class='ocr_line' id='line_1_111' title="bbox 1902 5121 3460 5182; baseline -0.001 -2"><span class='ocrx_word' id='word_1_736' title='bbox 1902 5132 2138 5180; x_wconf 78' lang='lat' dir='ltr'><strong>tenetur.</strong></span> <span class='ocrx_word' id='word_1_737' title='bbox 2169 5122 2480 5177; x_wconf 84' lang='lat' dir='ltr'><strong>Solitariam</strong></span> <span class='ocrx_word' id='word_1_738' title='bbox 2503 5124 2647 5180; x_wconf 89' lang='lat' dir='ltr'><strong>enim</strong></span> <span class='ocrx_word' id='word_1_739' title='bbox 2676 5126 2843 5180; x_wconf 88' lang='lat' dir='ltr'><strong>vitam</strong></span> <span class='ocrx_word' id='word_1_740' title='bbox 2875 5123 3066 5180; x_wconf 85' lang='lat' dir='ltr'><strong>Patres</strong></span> <span class='ocrx_word' id='word_1_741' title='bbox 3093 5123 3268 5182; x_wconf 84' lang='lat' dir='ltr'><strong>nostri</strong></span> <span class='ocrx_word' id='word_1_742' title='bbox 3297 5121 3460 5179; x_wconf 79' lang='lat' dir='ltr'><strong>modi-</strong></span> 
     </span>
    </p>
   </div>
   <div class='ocr_carea' id='block_1_112' title="bbox 1902 5213 3288 5286">
    <p class='ocr_par' dir='ltr' id='par_1_112' title="bbox 1902 5213 3288 5286">
     <span class='ocr_line' id='line_1_112' title="bbox 1902 5213 3288 5286; baseline -0.001 -18"><span class='ocrx_word' id='word_1_743' title='bbox 1902 5213 2158 5268; x_wconf 86' lang='lat' dir='ltr'><strong>tationem</strong></span> <span class='ocrx_word' id='word_1_744' title='bbox 2188 5214 2380 5269; x_wconf 90' lang='lat' dir='ltr'><strong>mortis</strong></span> <span class='ocrx_word' id='word_1_745' title='bbox 2407 5222 2462 5268; x_wconf 90' lang='lat' dir='ltr'><strong>et</strong></span> <span class='ocrx_word' id='word_1_746' title='bbox 2491 5214 2736 5286; x_wconf 84' lang='lat' dir='ltr'><strong>corporis</strong></span> <span class='ocrx_word' id='word_1_747' title='bbox 2769 5214 2952 5284; x_wconf 85' lang='lat' dir='ltr'><strong>l‘ugam</strong></span> <span class='ocrx_word' id='word_1_748' title='bbox 2987 5213 3288 5271; x_wconf 88' lang='lat' dir='ltr'><strong>nominant.</strong></span> 
     </span>
    </p>
   </div>
   <div class='ocr_carea' id='block_1_113' title="bbox 2001 5517 2540 5586">
    <p class='ocr_par' dir='ltr' id='par_1_113' title="bbox 2001 5517 2540 5586">
     <span class='ocr_line' id='line_1_113' title="bbox 2001 5517 2540 5586; baseline -0.004 -12"><span class='ocrx_word' id='word_1_749' title='bbox 2001 5518 2091 5586; x_wconf 72' lang='lat'><strong>25)</strong></span> <span class='ocrx_word' id='word_1_750' title='bbox 2120 5519 2204 5573; x_wconf 89' lang='lat' dir='ltr'><strong>Al.</strong></span> <span class='ocrx_word' id='word_1_751' title='bbox 2236 5517 2360 5575; x_wconf 84' lang='lat' dir='ltr'><strong>add.</strong></span> <span class='ocrx_word' id='word_1_752' title='bbox 2385 5518 2540 5572; x_wconf 89' lang='grc' dir='ltr'>Θεοῦ.</span> 
     </span>
    </p>
   </div>
   <div class='ocr_carea' id='block_1_114' title="bbox 1976 5523 2567 5661">
    <p class='ocr_par' dir='ltr' id='par_1_114' title="bbox 1976 5523 2567 5661">
     <span class='ocr_line' id='line_1_114' title="bbox 2001 5523 2540 5586; baseline -0.004 -12"><span class='ocrx_word' id='word_1_753' title='bbox 2001 5523 2091 5586; x_wconf 75' lang='lat'><strong>25)</strong></span> <span class='ocrx_word' id='word_1_754' title='bbox 2120 5523 2204 5573; x_wconf 88' lang='lat' dir='ltr'><strong>Al.</strong></span> <span class='ocrx_word' id='word_1_755' title='bbox 2236 5523 2360 5575; x_wconf 88' lang='lat' dir='ltr'><strong>add.</strong></span> <span class='ocrx_word' id='word_1_756' title='bbox 2385 5523 2540 5572; x_wconf 90' lang='grc' dir='ltr'>Θεοῦ.</span> 
     </span>
     <span class='ocr_line' id='line_1_115' title="bbox 1976 5523 2567 5661; baseline 0.005 -18"><span class='ocrx_word' id='word_1_757' title='bbox 1976 5523 2091 5661; x_wconf 48' lang='grc' dir='ltr'><strong>ἓν)</strong></span> <span class='ocrx_word' id='word_1_758' title='bbox 2128 5589 2211 5644; x_wconf 80' lang='lat' dir='ltr'><strong>Al.</strong></span> <span class='ocrx_word' id='word_1_759' title='bbox 2257 5589 2423 5647; x_wconf 87' lang='lat' dir='ltr'><strong>inser.</strong></span> <span class='ocrx_word' id='word_1_760' title='bbox 2447 5589 2567 5660; x_wconf 86' lang='grc' dir='ltr'>τήν.</span> 
     </span>
    </p>
   </div>
  </div>
