3888 6284
454 313 588 371 4251

1562 295 1834 353 PATRES
1873 291 2169 350 ᾸΞΕῩΡἸΊΙ
2210 288 2482 345 ΒΑΞΟΟΙᾸ
2525 286 2614 341 IV.

3577 279 3721 328 1m

529 421 770 480 XXXIV.
808 421 910 488 Qui
945 434 1164 475 carnem
1200 418 1342 472 male
1367 414 1664 477 enutriunt,
1695 411 1916 480 ejusque
1939 424 2026 464 cu-

2199 405 2321 460 AA'.
2364 405 2427 456 Οί
2460 401 2558 472 τὴν
2587 399 2779 470 σάρκας
2801 396 2983 457 κακῶς
3016 390 3414 462 διατρέφοντες,
3450 388 3547 440 καὶ
3585 390 3722 458 πρὸ.

459 532 573 572 ram
605 514 807 568 faciunt
836 512 890 567 in
936 504 1293 572 desideriis",
1325 507 1392 560 de
1417 504 1548 574 ipsis
1578 518 1658 568 se,
1693 518 1799 558 non
1826 501 1892 556 de
1919 499 2028 564 illa,

458 612 879 678 conquerantur.
935 601 1166 658 Norunt'
1199 611 1391 667 nempe
1443 594 1720 651 Creatoris
1771 591 2023 664 gratiam,

2131 513 2279 551 νοιαν
2324 494 2495 564 αὐτῆς
2536 494 2616 555 είς
2648 486 2940 557 ἐπιθυμίας
2975 482 3316 553 ποιούμενοι,
3359 478 3596 540 ἑαυτοὺς
3650 479 3726 549 μὴ

2132 587 2334 658 ταύτην
2358 581 2928 655 καταμεμφέσθωσαν.
2969 578 3144 629 Ἰσασι
3168 573 3276 644 γὰρ
3300 571 3400 641 τὴν
3428 571 3598 641 χάριν
3629 570 3726 622 τοῦ

460 660 784 770 ‘anima:
821 660 1447 764 impassibilitatem-per
1490 687 1595 741 hoc
1627 660 1823 752 corpus
1854 681 2033 750 adepti

2174 697 2205 749 η
2215 675 2496 748 μιουργοῦ,
2531 675 2583 728 oi
2618 673 2717 744 τὴν
2741 671 2844 740 τῆς
2872 667 3053 739 ψυχῆς
3081 664 3346 720 ἀπάθειαν
3368 662 3459 717 διὰ
3485 660 3587 715 τοῦ
3622 661 3732 714 σώ-

461 798 622 853 sunt,
655 797 711 842 et
749 797 929 840 rerum
961 778 1398 850 contemplationi
1431 775 1769 846 aliquantum
1824 771 2035 827 incum-

463 882 614 936 bunt.

850 989 927 1044 De
977 983 1411 1056 impauibilt'tatis
1457 979 1642 1050 signis.

535 1079 751 1138 XXXV.
806 1077 909 1134 Ubi
961 1091 1112 1133 mens
1161 1073 1390 1142 emperit
1428 1072 1632 1139 absque
1680 1064 2036 1120 distractione

461 1175 713 1246 precari,
771 1180 900 1225 tunc
939 1169 1087 1224 circa
1149 1174 1359 1235 partem
1415 1160 1610 1216 animae
1673 1159 2032 1217 irascentem,

462 1280 623 1321 omne
657 1271 818 1320 nocte
850 1261 1046 1330 dieque
1073 1255 1429 1314 committitur
1465 1250 1730 1322 praelium.

536 1433 774 1490 XXXVI.
833 1426 1332 1501 lmperturbatinnis
1363 1423 1623 1479 iudicium
1662 1426 1747 1474 est
1771 1457 1786 1480 ,
1822 1415 2036 1470 animus

465 1529 554 1597 qui
588 1523 774 1594 incipit
810 1534 1034 1576 eernere
1063 1516 1223 1586 iubar
1249 1529 1405 1570 suum
1427 1553 1442 1576 ,
1473 1521 1523 1566 et
1552 1516 1733 1563 manet
1758 1506 1825 1561 ad
1863 1502 2036 1559 somni

464 1596 675 1688 spectra
701 1610 1042 1682 tranquillus,
1073 1621 1265 1676 resque
1303 1600 1642 1672 aequabiliter
1681 1596 1894 1666 aspicit.

2137 783 2306 836 ματος
2330 763 2521 818 τούτου
2549 761 2905 832 κτησάμενοι,
2942 755 3038 810 καὶ
3066 757 3135 826 τῇ
3167 753 3275 807 τῶν
3305 752 3477 807 ὄντων
3517 751 3728 820 θεωρία

2135 855 2316 919 ποσῶς
2355 853 2759 915 ἐπιϐάλλοντες.

2345 965 2487 1034 Περὶ
2524 963 2644 1018 τῶν
2685 961 2798 1030 τῆς
2832 958 3126 1024 ἀπαθείας
3163 953 3508 1024 συμϐόλων.

2207 1057 2330 1113 AE'.
2375 1058 2544 1110 ’Ὅταν
2593 1057 2623 1108 ό
2668 1055 2794 1116 νοῦς
2834 1049 3268 1121 άπερισπάστοις
3322 1045 3438 1116 (25)
3493 1043 3732 1115 ἄρξηται

2140 1147 2408 1203 ποιεῖσθαι
2439 1145 2540 1210 τὰς
2574 1141 2916 1216 προσευχὰς,
2949 1140 3070 1194 τότε
3099 1139 3226 1211 περὶ
3252 1137 3314 1191 τὸ
3347 1136 3587 1206 θυμικὸν
3631 1137 3731 1205 μέ-

2061 1265 2064 1270 ·
2138 1257 2231 1312 ρος
2254 1239 2351 1309 τῆς
2372 1238 2573 1308 ψυχῆς,
2593 1235 2812 1304 νύκτωρ
2833 1233 2926 1285 καὶ
2951 1229 3266 1303 μεθημέραν
3288 1231 3317 1283 ό
3339 1229 3450 1291 πᾶς
3476 1227 3735 1282 συνίστα-

2139 1348 2225 1384 ται
2255 1330 2509 1400 πόλεμος.

2207 1417 2348 1486 ΑΕΓ.
2393 1415 2686 1478 Ἀπαθείας
2746 1413 3086 1483 τεκμήριον,
3137 1409 3258 1472 νοῦς
3306 1408 3622 1479 ἀρξάμενος
3671 1408 3732 1459 τὸ

2139 1511 2337 1562 οἰκεῖον
2367 1507 2568 1577 φέγγος
2596 1507 2750 1576 ὁρᾷν,
2771 1505 2865 1557 καὶ
2892 1503 3026 1574 πρὸς
3045 1503 3112 1556 τὰ
3132 1501 3249 1554 καθ’
3269 1499 3436 1552 ὕπνον
3458 1501 3729 1570 φάσματα

2108 1633 2112 1636 -
2139 1598 2404 1669 διαμένων
2449 1599 2651 1668 ἥσυχος
2670 1635 2686 1660 ,
2721 1595 2816 1649 καὶ
2846 1594 3006 1656 λείως
3035 1591 3148 1663 (26)
3180 1591 3392 1662 βλέπων
3435 1590 3508 1644 τὰ
3569 1592 3728 1661 πρά-

2139 1707 2173 1758 γ
2180 1707 2348 1760 ματα.

537 1785 799 1842 XXXVII.
835 1783 1077 1839 llobusta
1114 1783 1278 1835 “mens
1322 1785 1432 1840 est,
1482 1789 1602 1844 qua:
1637 1773 1772 1828 nihil
1802 1786 1833 1827 e
1877 1771 2036 1825 rebus

2180 1733 2329 1832 ι..ίὶΖῖ
2362 1777 2640 1849 ’Έρῤωται
2671 1772 2795 1837 νοῦς
2828 1771 2994 1844 μηδὲν
3023 1771 3131 1824 τῶν
3158 1769 3250 1823 τοῦ
3285 1768 3494 1839 κόσμου
3537 1733 3730 1821 τούτου

469 1880 651 1934 mundi
685 1875 846 1946 hujus
878 1882 1120 1942 tempore
1151 1868 1414 1925 orationis
1437 1866 1539 1921 sibi
1569 1871 1941 1934 repraesentat.

538 1965 827 2024 XXXVIII.
855 1963 1006 2020 Mens
1032 1976 1153 2032 quae
1183 1975 1286 2026 ope
1315 1957 1408 2013 Dei
1437 1956 1671 2011 activam
1700 1953 1865 2008 vitam
1891 1960 2040 2007 recte

470 2059 739 2122 excoluit,
773 2067 830 2112 et
860 2054 926 2109 ad
960 2051 1321 2124 cognitionem
1353 2061 1520 2119 prope
1559 2043 1820 2108 accessit,
1848 2056 2038 2112 parum

468 2162 560 2210 aut
595 2149 904 2205 nullatenus
933 2153 1138 2216 partem
1170 2141 1365 2197 anima:
1399 2135 1822 2193 irrationabilem
1854 2132 2040 2196 sentit,

467 2241 774 2314 cognitione
803 2220 1089 2293 sublimem
1118 2233 1290 2304 ipsam
1331 2229 1596 2301 rapiente,
1629 2241 1692 2281 ac
1722 2242 1751 2280 ιι
1782 2222 2046 2280 sensibili-

469 2339 572 2393 bus
607 2339 917 2403 separante.
1315 2395 1320 2401 ἡ

540 2423 786 2482 XXXIX.
834 2422 1028 2476 Anima
1084 2417 1434 2474 indolentiam
1491 2415 1724 2478 obtinet,
1771 2424 1876 2465 non
1925 2421 2046 2478 quae

471 2519 635 2573 rebus
663 2528 768 2569 non
804 2511 1056 2578 afﬁcitur,
1087 2509 1179 2564 sed
1209 2522 1330 2576 qua:
1360 2507 1425 2561 ad
1466 2519 1645 2560 rerum
1678 2501 1842 2558 etiam
1882 2498 2045 2554 remi-

472 2604 769 2664 niscentias
799 2601 1185 2672 imperturbata
1217 2605 1544 2670 perseverat.

542 2689 658 2744 XL.
706 2687 808 2754 Qui
837 2687 1114 2758 perfectus
1155 2695 1260 2751 est,
1299 2684 1514 2754 proprie
1562 2697 1666 2736 non
1699 2681 1897 2736 dicitur
1921 2694 2048 2734 con-

473 2783 672 2845 tinens,
691 2795 789 2835 nec
807 2778 897 2848 qui
925 2787 1074 2832 caret
1093 2775 1309 2838 aﬂectu,
1329 2773 1592 2839 tolerans;
1617 2771 2047 2841 quandoquidem

472 2871 650 2928 aﬂ‘euti
693 2869 985 2940 amictique
1023 2877 1104 2922 est
1152 2867 1458 2930 tolerantia,
1507 2875 1562 2920 et
1621 2851 1820 2918 turbati
1873 2861 2048 2916 couti-

474 2963 649 3021 neutia
661 3001 676 3016 .

541 3048 680 3107 XLI.
715 3037 980 3118 Maguum'
1001 3046 1215 3116 quidem
1260 3054 1342 3098 est
1387 3047 1505 3099 sine
1534 3041 1885 3097 distractione
1924 3054 2048 3095 ora-

475 3157 576 3207 re;
611 3139 702 3193 sed
733 3138 906 3205 majus
930 3145 1011 3191 est
1038 3133 1274 3205 psallere
1298 3133 1414 3188 sine
1445 3132 1816 3188 distractione.

546 3213 706 3284 XLII.
733 3227 834 3294 Qui
867 3225 1097 3280 virtutes
1126 3225 1179 3278 in
1213 3224 1505 3292 semetipso
1533 3222 1843 3289 collocavit,
1881 3221 2054 3290 iisque

477 3329 621 3377 totus
663 3318 981 3374 cummistus
1026 3323 1127 3380 est,
1173 3330 1279 3368 non
1316 3315 1547 3383 amplius
1597 3313 1730 3383 legis
1780 3311 2052 3375 meminit,

481 3413 560 3468 vel
602 3417 1013 3481 praeceptorum,
1042 3404 1126 3461 vel
1153 3403 1440 3475 supplicii;
1476 3404 1568 3459 sed
1607 3417 1670 3458 ea
1715 3403 1846 3459 dicit
1877 3411 1932 3458 et
1975 3402 2056 3455 fa-

479 3504 575 3571 cit,
607 3514 939 3572 quzecunque
975 3497 1214 3568 optimus
1245 3497 1488 3566 suggerit
1520 3494 1755 3550 habitus.

941 3611 1284 3668 Theoremata
1337 3614 1592 3679 practice.
1904 3667 1913 3672 _

552 3706 736 3763 XLIII.
780 3704 1088 3762 Damonica
1143 3702 1359 3758 cantica
1407 3699 1756 3768 cupiditatem
1811 3704 2054 3752 nostram

480 3800 650 3865 cient,
679 3797 1031 3864 animamque
1056 3793 1110 3848 in
1137 3792 1310 3846 {tedas
1336 3790 1747 3859 imaginationes
1776 3787 2052 3858 injiciunt;

484 3899 669 3946 contra
703 3886 892 3956 psalmi
922 3893 978 3938 et
1009 3883 1218 3954 hymni,
1247 3890 1303 3936 et
1335 3881 1548 3936 cantica
1580 3879 1867 3948 spiritalia,
1909 3891 2055 3934 sern-

487 3990 582 4050 per
632 3976 699 4031 ad
747 3971 1184 4029 recordationem
1217 3968 1436 4024 virtutis
1473 3977 1794 4038 provocant.
1844 3965 2057 4022 ferven-

488 4079 596 4124 tem
638 4066 878 4123 animum
909 4072 1155 4120 nostrum
1191 4059 1536 4131 refrigerant,
1567 4073 1633 4114 ac
1666 4058 1934 4115 desideria
1963 4073 2058 4114 ev

487 4159 788 4230 stinguunt.

558 4244 744 4304 XLIV.
773 4244 830 4301 Si
856 4244 1181 4300 luctatorum
1211 4250 1296 4298 est
1318 4240 1446 4296 elidi
1473 4250 1529 4296 et
1555 4239 1793 4296 vicissim
1824 4239 2060 4306 elidere,

493 4340 776 4396 uobiscum
803 4347 986 4392 autem
1017 4335 1295 4390 luctantur
1317 4333 1608 4399 daemones,
1639 4331 1738 4401 ipsi
1775 4345 1904 4401 ergo
1933 4340 2062 4386 atte-

494 4440 674 4488 rentes
698 4445 818 4494 uos,
847 4445 877 4482 a
903 4429 1059 4484 nobis
1084 4434 1270 4483 contra
1296 4433 1625 4481 atteruntur.
1659 4441 1678 4475 ι
1712 4423 2058 4492 Confringam
2091 4437 2136 4493 ι)
2163 4426 2272 4496 ἄρα

493 4522 638 4586 illos,
690 4539 712 4573 ι
750 4520 948 4587 inquit,
982 4533 1004 4568 ι
1057 4530 1157 4572 nec
1186 4524 1442 4586 poterunt
1488 4523 1635 4570 stare
1673 4514 1739 4568 ".
1791 4532 1811 4565 ι
1851 4513 1929 4568 Ae
1966 4514 2066 4568 ite-

495 4625 615 4668 rum
649 4627 666 4664 :
699 4627 719 4660 ι
769 4608 872 4675 Qui
903 4605 1154 4663 tribulaut
1196 4619 1282 4660 me
1310 4613 1366 4660 et
1398 4603 1602 4660 inimici
1631 4605 1754 4670 mei,
1788 4604 1887 4674 ipsi
1915 4603 2066 4659 inﬁr-

495 4700 622 4755 mati
656 4705 782 4753 sunt
811 4706 870 4752 et
899 4696 1212 4752 ceciderunt
1243 4694 1310 4750 “*.
1345 4713 1364 4746 ι

565 4786 724 4843 XLV.
759 4785 993 4855 Requies
1019 4799 1140 4841 cum
1175 4783 1438 4853 sapientia
1461 4823 1476 4851 ,
1511 4791 1567 4839 et
1595 4782 1745 4838 labor
1783 4798 1905 4838 cum
1940 4799 2068 4854 pru-

496 4880 677 4938 dentia
719 4875 1044 4944 coniunctus
1065 4888 1172 4933 est.
1213 4875 1332 4933 Non
1373 4877 1533 4932 datur
1557 4877 1700 4932 enim
1741 4877 2067 4946 sapientiam

495 4967 754 5038 consequi
791 4966 910 5023 sine
937 4965 1114 5031 bello,
1145 4980 1245 5021 uec
1282 4965 1410 5023 licet
1437 4965 1633 5022 bellum
1671 4967 1931 5036 praiclare
1972 4982 2068 5040 ge-

495 5073 616 5114 rere
667 5055 874 5124 absque
904 5055 1210 5125 prudentia.
1261 5054 1398 5110 Huic
1439 5069 1672 5125 namque
1720 5058 2069 5114 commissum

494 5155 604 5212 est,
636 5144 717 5200 uti
750 5143 1055 5199 daemonum
1083 5141 1307 5200 etierato
1334 5143 1516 5200 animo
1539 5144 1777 5210 resistat,
1809 5146 1934 5200 dum
1961 5148 2072 5202 aui-

504 5253 604 5293 mae
635 5234 921 5293 facultates
945 5233 1091 5303 cogit
1112 5233 1182 5290 ad
1230 5235 1570 5303 operatioues
1599 5243 1809 5291 natura:
1839 5238 2076 5292 consen-'

502 5339 726 5393 taneas,
757 5335 812 5382 et
835 5325 1115 5396 sapientia:
1153 5323 1294 5380 viam
1339 5334 1624 5396 praeparat.

571 5441 620 5476 "
652 5443 810 5500 Rom.
850 5456 971 5508 ιιιι,
1005 5441 1090 5497 14.
1167 5441 1211 5475 ⁸³
1239 5440 1379 5498 Psal.
1407 5458 1536 5510 xvtt,
1562 5442 1649 5498 59.

576 5558 689 5691 (25;
716 5558 798 5611 AI.
826 5557 1268 5644 ἀπερισπάστως.

576 5626 667 5688 (‘26
717 5627 802 5683 AI.
843 5626 1005 5691 λειος.

575 5626 688 5691 (26)
717 5627 802 5683 AI.
843 5626 1005 5692 λεῖος.

2143 1868 2294 1940 παρὰ
2319 1867 2414 1921 τὸν
2439 1865 2631 1936 καιρὸν
2663 1866 2763 1936 τῆς
2803 1861 3112 1935 προσευχῆς
3149 1860 3588 1931 φανταζόμενος.

2212 1961 2344 2013 AH'.
2391 1957 2534 2020 Νοῦς
2570 1956 2667 2010 σῦν
2699 1955 2818 2027 Θεῷ
2844 1952 3153 2025 πρακτικὴν
3195 1949 3554 2021 κατορθώσας
3577 1988 3594 2014 ,
3639 1949 3733 2003 καὶ

2143 2049 2529 2122 προσπελάσας
2561 2052 2627 2120 τῇ
2661 2047 2882 2118 γνώσει,
2932 2046 3112 2114 ὀλίγον
3139 2045 3174 2114 ἢ
3213 2043 3447 2108 ούδόλως
3480 2042 3581 2098 τοῦ
3611 2042 3734 2094 ἀλό-

2145 2159 2242 2212 γου
2279 2142 2479 2213 μέρους
2517 2141 2618 2210 τῆς
2653 2140 2833 2210 ψυχῆς
2875 2133 3262 2192 ἐπαισθάνεται
3285 2174 3301 2198 ,
3344 2134 3444 2205 τῆς
3477 2133 3734 2203 γνώσεως

2145 2233 2307 2287 αὑτὸν
2347 2230 2703 2302 άρπαζούσης
2745 2229 3058 2301 μετάρσιον,
3094 2229 3190 2283 καὶ
3239 2226 3584 2300 χωριζούσης
3629 2225 3736 2278 τῶν

2147 2321 2445 2393 αἰσθητῶν.

2215 2413 2340 2466 ΛΘ¹.
2386 2411 2682 2482 Ἀπάθειαν
2719 2410 2832 2482 ἔχει
2876 2410 3062 2481 ψυχὴ,
3103 2409 3202 2478 οὐχ
3243 2409 3277 2479 ή
3326 2406 3404 2476 μὴ
3452 2406 3735 2477 πάσχουσα

2147 2503 2284 2573 πρὸς
2309 2502 2378 2557 τὰ
2407 2505 2731 2574 πράγματα,
2767 2501 2881 2556 ἀλλ’
2910 2504 2944 2573 ἠ
2973 2502 3066 2555 καὶ
3096 2500 3234 2571 πρὸς
3263 2499 3362 2563 τὰς
3386 2499 3611 2570 μνήμας
3639 2498 3733 2553 αὑ-

2147 2592 2256 2644 τῶν
2289 2591 2563 2662 ἀτάραχος
2593 2591 2944 2662 διαμένουσα.

2218 2678 2306 2734 M'.
2363 2681 2420 2734 '0
2453 2681 2662 2745 τέλειος
2712 2683 2813 2735 ούκ
2862 2679 3257 2754 ἐγκρατεύεται
3279 2719 3294 2744 ,
3323 2681 3417 2734 καὶ
3460 2681 3487 2732 ὁ
3521 2679 3733 2748 ἀπαθὴς

2149 2774 2246 2842 οὐχ
2284 2773 2570 2842 ὑπομένει.
2607 2773 2764 2844 είπερ
2802 2773 2898 2827 τοῦ
2943 2774 3244 2844 πάσχοντος
3270 2775 3303 2843 ἡ
3339 2772 3609 2843 ὑπομονὴ,
3645 2773 3732 2824 καὶ

2150 2863 2245 2919 τοῦ
2279 2864 2607 2935 ὀχλουμένου
2644 2868 2678 2936 ἡ
2709 2866 3025 2936 ἐγκράτεια.

2227 3043 2366 3098 MA'.
2412 3044 2576 3113 Μέγα
2613 3045 2713 3116 μὲν
2743 3045 2804 3098 τὸ
2840 3044 3267 3116 ἀπερισπάστως
3313 3043 3731 3116 προσεύχεσθαι,

2158 3136 2340 3205 μεῖζον
2371 3136 2430 3188 δὲ
2459 3135 2554 3188 καὶ
2588 3135 2700 3206 (27)
2729 3137 2790 3188 τὸ
2821 3136 3044 3204 ψάλλειν
3071 3137 3524 3205 ἀπερισπάστως.

2227 3225 2358 3280 ΜΒ’.
2415 3226 2472 3279 '0
2521 3226 2617 3289 τὰς
2665 3227 2866 3297 ἀρετὰς
2915 3230 2972 3282 ἐν
3019 3227 3196 3298 ἐαυτῷ
3244 3225 3609 3298 καθιδρύσας,
3648 3224 3733 3277 καὶ

2154 3317 2378 3381 ταύταις
2407 3317 2528 3381 ὅλος
2557 3318 2914 3389 άνακραθεὶς,
2955 3321 3055 3373 ούκ
3090 3320 3171 3373 ἔτι
3204 3320 3479 3390 μέμνηται
3512 3320 3676 3387 νόμου
3703 3317 3732 3386 ἢ

2159 3406 2389 3460 ἐντολῶν
2421 3407 2454 3477 ἦ
2486 3407 2781 3472 κολάσεως,
2823 3408 2960 3462 ἀλλὰ
2997 3409 3172 3462 ταῦτα
3208 3409 3354 3478 λέγει
3387 3410 3481 3463 καὶ
3514 3409 3735 3480 πράττει

2158 3500 2326 3557 ὁπόσα
2360 3501 2393 3570 ή
2446 3500 2644 3571 ἀρίστη
2675 3500 2789 3567 ἕξις
2821 3498 3176 3570 ὑπαγορεύει.

2280 3639 2284 3643 ·
2590 3613 2944 3682 Θεωρήματα
3005 3611 3314 3680 apemtum.

2221 3703 2354 3757 MP.
2385 3706 2450 3758 AI
2494 3702 2591 3773 μὲν
2638 3702 3030 3772 δαιμωνιώδεις
3080 3699 3246 3770 ᾠδαὶ,
3294 3699 3393 3770 τὴν
3448 3699 3736 3770 ἐπιθυμίαν

2155 3794 2314 3866 ὴμῶν
2342 3793 2575 3856 κινοῦσι,
2603 3795 2694 3847 κα)⁸
2725 3795 2805 3856 είς
2833 3792 3066 3862 αἰσχρὰς
3095 3791 3194 3862 τὴν
3228 3791 3408 3861 ψυχὴν
3439 3792 3734 3860 φαντασίας

2157 3881 2520 3952 ἐμϐάλλουσιν
2541 3901 2556 3915 ·
2584 3884 2631 3935 oi
2671 3881 2726 3934 δὲ
2755 3880 2960 3951 ψαλμοὶ
2996 3882 3089 3933 καὶ
3118 3881 3166 3932 oi
3197 3878 3356 3949 ὕμνοι
3386 3881 3480 3931 καὶ
3507 3879 3565 3931 αἱ
3591 3896 3736 3932 πνευ·

2161 3973 2394 4040 ματικαὶ
2425 3971 2581 4042 ᾠδαὶ,
2625 3975 2705 4035 είς
2741 3975 2961 4040 μνήμην
2990 3971 3078 4024 ἀεὶ
3120 3970 3218 4039 τῆς
3259 3970 3464 4038 άρετῆς
3491 3970 3588 4021 τὸν
3620 3969 3738 4022 νοῦν

2161 4061 2594 4130 προκαλοῦνται,
2627 4061 2946 4132 περιζέοντα
2980 4061 3072 4116 τὸν
3101 4061 3272 4132 θυμὸν
3310 4060 3468 4132 ἡμῶν
3496 4061 3735 4130 καταψύ-

2159 4167 2364 4220 χοντες,
2394 4153 2490 4204 καὶ
2515 4151 2615 4215 τὰς
2654 4151 2949 4222 ἐπιθυμίας
2975 4152 3349 4223 μαραίνοντες.

2230 4244 2362 4297 ΜΔο.
2405 4243 2468 4295 Εἰ
2504 4244 2554 4295 οί
2598 4243 2918 4307 παλαίοντες
2954 4244 3012 4297 ἐν
3052 4243 3133 4314 τῷ
3164 4243 3442 4298 θλίϐεσθαι
3471 4245 3570 4298 καὶ
3593 4245 3735 4299 ἀντι-

2163 4332 2366 4386 θλίϐειν
2390 4332 2518 4397 eiei,
2541 4333 2832 4386 παλαίουσι
2857 4332 2913 4386 δὲ
2942 4333 3073 4404 ἡμῖν
3093 4335 3143 4386 οί
3165 4332 3437 4404 δαίμονες,
3467 4335 3567 4387 καὶ
3592 4333 3739 4387 αὐτοὶ

2354 4423 2627 4488 θλίΰοντες
2694 4426 2877 4495 ἡμᾶς,
2933 4425 3026 4495 ὑφ’
3097 4424 3254 4495 ἡμῶν
3327 4425 3738 4480 άντιθλίόονται.

2167 4533 2186 4567 ι
2210 4513 2478 4584 Ἐκθλίψω
2502 4514 2698 4578 αὐτοὺς
2722 4514 2859 4584 (28),
2887 4533 2906 4565 ι
2947 4515 3102 4586 φησὶ,
3127 4534 3146 4567 ι
3176 4516 3271 4569 καὶ
3293 4515 3354 4568 ού
3377 4517 3453 4587 μὴ
3481 4515 3742 4571 δύνωνται

2164 4605 2377 4676 στῆναι.
2447 4624 2467 4657 ι
2521 4605 2632 4659 Καὶ
2681 4605 2882 4659 πάλινο
2935 4625 2954 4657 ι
3016 4607 3080 4660 ΟΞ
3123 4605 3396 4668 θλίϐοντές
3429 4623 3496 4678 με
3546 4608 3643 4662 καὶ
3693 4609 3741 4661 cI

2162 4695 2347 4769 ἐχθροί
2381 4713 2505 4767 μου,
2542 4695 2697 4750 αὐτοὶ
2737 4696 3042 4767 ὴσθένησαν
3087 4697 3182 4751 καὶ
3220 4697 3434 4752 ἔπεσον.
3475 4716 3495 4750 ι

2228 4785 2360 4842 ME'.
2399 4786 2730 4851 Ἀνάπαυσις
2762 4788 2862 4858 μὲν
2881 4790 2946 4859 τῇ
2976 4791 3160 4858 σοφίᾳ,
3188 4788 3356 4852 κόπος
3374 4788 3434 4842 δὲ
3461 4792 3528 4859 τῇ
3551 4789 3742 4861 990W;-

2166 4893 2249 4931 σει
2301 4875 2674 4942 συνέζευκται.
2726 4879 2840 4934 Οὐκ
2877 4878 2994 4932 ἐστι
3042 4881 3152 4952 γὰρ
3202 4879 3395 4949 σοφίαν
3442 4879 3743 4950 κτήσασθαι

2164 4967 2295 5022 ἄνευ
2325 4967 2582 5038 πολέμου,
2624 4968 2719 5022 καὶ
2747 4968 2849 5022 οὐκ
2873 4968 2991 5023 ἐστι
3021 4969 3363 5040 κατορθῶσαι
3390 4969 3484 5022 τὸν
3513 4970 3743 5040 πόλεμον

2167 5058 2336 5130 χωρὶς
2380 5061 2715 5131 φρονήσεως.
2759 5059 2910 5131 Αὕτη
2937 5060 3046 5131 γὰρ
3080 5059 3440 5115 ἀνθίστασθαι
3470 5061 3552 5132 τῷ
3571 5061 3740 5132 θυμῷ,

2166 5149 2247 5219 τῷ
2269 5149 2376 5203 τῶν
2401 5149 2706 5221 δαιμόνων,
2739 5151 3126 5216 πεπίστευται,
3167 5152 3266 5216 τὰς
3303 5153 3405 5224 τῆς
3445 5152 3624 5224 ψυχῆς
3656 5153 3741 5206 δυ·-

2174 5239 2368 5309 νάμεις
2411 5241 2552 5294 κατὰ
2582 5240 2744 5310 φύσιν
2781 5245 3024 5314 ἐνεργεῖν
3061 5242 3472 5312 ἀναγκάζουσα,
3520 5244 3614 5298 καὶ
3648 5241 3742 5315 τὴν

2173 5329 2292 5384 ὁδὸν
2319 5331 2418 5402 τῆς
2447 5331 2636 5401 σοφίας
2659 5333 3186 5404 προευτρεπίζουσα.

1754 5441 1796 5473 ⁸⁸
1820 5440 1963 5499 Psal.
1991 5460 2138 5512 τινι,
2163 5446 2212 5502 2.

2255 5562 2362 5630 (27)
2399 5562 2482 5616 Al.
2516 5562 2575 5616 τι
2599 5563 2710 5618 καί.

2250 5631 2362 5697 (28)
2408 5633 2492 5687 At.
2531 5634 2694 5689 inscr.
2728 5633 2856 5700 γάρ.
