3884 6278
218 399 358 457 i933

927 397 1204 456 EVAC-Illl
1242 399 1516 459 PONTICI
1557 402 1806 460 CAPITA
1839 405 2181 466 PRACTICA
2218 407 2309 464 AD
2345 405 2762 466 ANATOLIUM.

3337 402 3470 460 123i

196 562 212 618 ὶ
287 518 438 585 MG”.
475 496 784 589 Πειρασμός
805 516 922 571 ἐστι
958 517 1226 588 μοναχοῦ,
1272 517 1529 590 λογισμὸς
1561 520 1652 575 διὰ
1695 521 1789 574 τοῦ

1964 522 2148 580 XLVI.
2195 524 2444 581 Tentatio
2471 524 2721 581 monachi
2763 529 2876 588 est,
2923 519 3180 592 cogitatio
3212 534 3310 589 per
3361 520 3471 572 ani-

219 607 521 680 παθητικοῦ
561 608 760 681 μέρους
789 607 890 680 τῆς
931 608 1113 680 ψυχῆς
1155 608 1363 674 ἀνασάς
1403 612 1498 664 καὶ
1531 611 1793 676 σκοτίζων

217 698 308 751 τὸν
335 697 481 755 νοῦν.

286 792 420 848 MZ'.
469 793 736 864 Ἀμαρτία
803 793 921 847 ἐστὶ
975 792 1244 864 μοναχοῦ,
1290 794 1324 864 ἡ
1365 793 1501 865 πρὸς
1538 793 1637 862 τὴν
1679 795 1779 866 ἀπ-

215 883 592 955 ηγορευμένην
617 869 808 955 ἡδονὴν
831 883 928 938 τοῦ
952 884 1210 955 λογισμοῦ
1237 885 1648 954 συγκατάθεσις.

289 975 432 1029 MH’.
464 975 721 1044 ¹Ἄγγελοι
769 975 868 1047 μὲν
904 975 1155 1046 χαίρουσι
1198 974 1528 1046 μειουμένης
1575 974 1791 1039 κακίας,

216 1064 470 1135 δαίμονες
511 1066 588 1131 δὲ,
627 1065 727 1135 τῆς
766 1066 985 1137 ἀρετῆς.
1029 1067 1092 1118 υἱ
1129 1065 1230 1135 μὲν
1279 1065 1390 1136 γάρ
1433 1068 1570 1120 εἰσιν
1614 1065 1795 1129 ἐλέους

218 1153 314 1207 καὶ
339 1153 560 1223 ἀγάπης
590 1155 917 1225 θεράποντες
935 1171 950 1185 ·
973 1155 1022 1207 οἱ
1050 1153 1106 1207 δὲ
1125 1155 1296 1225 ὀργῆς
1319 1155 1413 1209 καὶ
1461 1148 1652 1225 μίσους
1692 1155 1795 1207 ὑπ-

217 1243 388 1312 ήκοοι.
420 1242 532 1296 Καὶ
558 1244 607 1296 οἱ
637 1244 736 1313 μὲν
769 1243 1024 1314 πρότεροι
1057 1242 1473 1313 πλησιάζοντες,
1498 1260 1796 1314 πνευματιο

221 1335 322 1404 κῆς
352 1333 588 1406 θεωρίας
617 1337 765 1404 ἡμᾶς
790 1332 1113 1404 πληροῦσιν*
1142 1335 1193 1387 οί
1218 1335 1274 1388 δὲ
1300 1334 1542 1405 δεύτεροι
1564 1349 1796 1405 προσεγ-

219 1423 497 1490 γίζοντες,
531 1425 610 1488 εἰς
653 1421 886 1494 αἰσχράς
917 1421 1017 1493 τὴν
1047 1421 1225 1494 ψυχὴν
1252 1423 1552 1493 φαντασίας
1600 1420 1796 1492 ἐμϐάλ-

222 1529 422 1565 Αουσιν.

291 1601 424 1654 Μεθ’.
458 1603 524 1654 Al
557 1601 750 1671 ἀρεταὶ
782 1601 842 1654 οὐ
878 1600 976 1665 τὰς
1003 1600 1112 1656 τῶν
1153 1600 1422 1671 δαιμόνων
1450 1600 1628 1670 ὁρμὰς
1657 1600 1794 1654 ἀναο

221 1690 531 1754 κόπτουσιν,
565 1691 679 1745 ἀλλ’
712 1694 745 1763 ή
756 1693 861 1762 μᾶς
906 1690 1118 1756 ἀθὼους
1147 1691 1620 1760 διαφυλάττουσιν.

292 1781 374 1837 N'.
421 1783 705 1855 Πρακτικὴ
737 1783 890 1847 ἐστὶ,
937 1781 1157 1854 μέθοδος
1197 1781 1564 1854 πνευματικὴ,
1603 1780 1664 1834 τὸ
1700 1796 1795 1834 πα-

223 1871 442 1939 θητικὸν
489 1871 652 1941 μέρος
687 1871 786 1942 τῆς
811 1871 988 1942 ψυχῆς
1022 1871 1446 1944 ἐκκαθαίρουσα.

294 1963 425 2016 NA'.
455 1962 570 2016 Ούκ
597 1962 860 2034 ἀρκοῦσιν
885 1966 940 2017 αἱ
969 1963 1243 2035 ἐνέργειαι
1271 1963 1379 2017 τῶν
1411 1962 1640 2017 ἐντολῶν
1663 1961 1799 2032 πρὸς

221 2053 284 2107 τὸ
325 2053 546 2117 τελείως
585 2054 840 2108 ίάσασθαι
885 2053 983 2118 τάς
1025 2054 1286 2125 δυνάμεις
1329 2055 1429 2125 τῆς
1463 2053 1676 2124 ψυχῆς,
1703 2051 1798 2105 ἐὰν

226 2147 302 2216 μὴ
348 2146 443 2199 καὶ
493 2127 819 2215 κατάλληλοι
866 2144 1092 2209 ταύταις
1145 2144 1490 2211 διαδέξωνται
1535 2143 1630 2197 τὸν
1675 2140 1798 2196 νοῦν

222 2237 476 2308 θεωρίαι.
1335 2309 1340 2313 η

293 2329 420 2385 ΝΒ’.
473 2330 548 2383 Οὐ
599 2331 736 2383 πᾶσι
773 2330 871 2400 μέν
919 2329 1032 2391 τοῖς
1086 2327 1178 2380 ὑπ’
1233 2324 1480 2395 ἀγγέλων
1522 2325 1799 2394 λογισμοῖς

222 2418 354 2486 ἡμῖν
387 2414 809 2487 ἐμϐαλλομένοις
850 2415 1072 2469 δυνατὸν
1109 2414 1462 2484 ἀντιστῆναι,
1490 2413 1698 2476 πάντας
1744 2411 1799 2468 δὲ

220 2508 351 2570 τοὺς
391 2507 496 2559 ὑπὸ
543 2507 816 2578 δαιμόνων
861 2507 1154 2576 λογισμοὺς
1192 2505 1416 2560 δυνατὸν
1459 2503 1762 2575 ἀνατρέψαι
1783 2519 1798 2534 ο

223 2598 414 2650 ἕπεται
443 2597 499 2650 δὲ
523 2599 634 2660 τοῖς
665 2597 762 2668 μὲν
806 2597 1090 2668 προτέροις
1121 2596 1401 2666 λογισμοῖς
1433 2593 1681 2666 εἰρηνικὴ
1711 2609 1803 2646 κα-

223 2687 502 2751 τάστασις,
529 2690 640 2751 τοῖς
665 2687 722 2741 δέ
748 2685 1016 2758 δευτέροις
1047 2685 1453 2757 τεταραγμένη.

297 2777 423 2831 ΝΡ.
476 2777 768 2841 Ἀπαθείας
793 2777 1014 2845 ἔκγονον
1045 2775 1158 2847 (29)
1205 2776 1394 2847 ἀγάπη
1415 2789 1431 2805 ⁸
1465 2773 1704 2829 ἀπάθεια
1745 2771 1802 2824 δέ

223 2866 375 2920 ἐστιν
411 2865 567 2929 ἄνθος
601 2866 702 2936 τῆς
745 2867 1052 2938 πρακτικῆς
1072 2883 1085 2896 ’
1116 2865 1426 2937 πρακτικὴν
1458 2864 1515 2917 δέ
1557 2862 1804 2931 συνίστη-

229 2973 316 3009 σιν
349 2958 382 3026 ή
419 2957 651 3028 τήρησις
695 2955 804 3010 τῶν
833 2955 1063 3010 ἐντολῶν
1083 2973 1096 2987 ο
1121 2955 1328 3009 τούτων
1359 2953 1418 3007 δὲ
1443 2951 1617 3022 φύλαξ
1653 2954 1682 3005 6
1711 2949 1803 3019 <96-

227 3047 321 3110 6ος
344 3045 434 3100 τοῦ
459 3045 617 3110 Θεοῦ,
646 3046 794 3110 ὅστις
821 3046 1068 3117 γέννημα
1095 3045 1193 3115 τῆς
1214 3045 1381 3116 ὀρθῆς
1405 3045 1522 3096 ἐστι
1545 3042 1799 3103 πίστεως·

229 3135 408 3198 πίστις
445 3133 503 3188 δέ
538 3136 690 3188 ἐστιν
727 3133 1030 3188 ἐνδιάθετον
1062 3132 1288 3200 ἀγαθὸν,
1319 3134 1442 3202 ἥτις
1479 3129 1803 3201 ἐνυπάρχειν

229 3227 440 3295 πέφυκε
475 3227 573 3280 καὶ
609 3228 723 3290 τοίς
755 3224 982 3295 μηδέπω
1017 3223 1402 3277 πεπιστευκόσι
1430 3221 1561 3292 θεῷ.

300 3317 424 3370 ΝΔ’.
470 3317 678 3387 Ὠσπερ
715 3314 1012 3386 ἐνεργοῦσα
1047 3314 1136 3368 διὰ
1167 3313 1262 3367 τοῦ
1295 3313 1546 3384 σώματος
1576 3312 1804 3384 ἡψυχὴ,

227 3406 337 3461 τῶν
351 3406 720 3461 ἀσθενούντων
745 3405 920 3476 μελῶν
941 3405 1342 3460 ἐπαισθάνεται·
1375 3403 1548 3466 οὕτως
1568 3403 1807 3474 ἐνεργῶν

229 3497 376 3551 καὶὸ
409 3496 534 3560 νοῦς
576 3496 672 3568 τὴν
717 3496 925 3550 οἰκείαν
966 3495 1274 3566 ἐνέργειαν,
1310 3494 1407 3557 τάς
1447 3509 1506 3545 τε
1547 3492 1808 3561 δυνάμεις

228 3586 584 3657 ἐπιγινώσκει
623 3588 722 3651 τὰς
750 3586 944 3640 ἐαυτοῦ
969 3625 983 3652 ,
1022 3588 1118 3640 καὶ
1143 3585 1234 3639 διὰ
1273 3585 1371 3654 τῆς
1410 3581 1808 3654 ἐμποδιζούσης

227 3682 411 3752 αὐτῷ,
436 3682 535 3752 τὴν
569 3677 968 3750 θεραπευτικῆν
1011 3677 1202 3740 αὑταῖς
1241 3674 1352 3746 (50)
1401 3671 1620 3743 ἐντολὴν
1653 3675 1809 3741 ἐφευ-

270 3771 431 3825 ίσκει.
707 3823 712 3827 .

231 3788 431 3913 “ﬁt:
476 3859 533 3913 'o
575 3823 712 3922 vel");
745 3859 837 3914 τὸν
876 3855 1096 3929 ἐμπαθῆ
1141 3855 1375 3926 πόλεμον
1413 3853 1694 3926 πολεμῶν,
1744 3852 1806 3906 οὒ

231 3951 500 4022 θεωρήσει
525 3951 652 4012 τοὺς
681 3949 975 4019 λογισμοὺς
1003 3947 1116 4017 (51)
1144 3946 1240 4000 τοῦ
1279 3946 1518 4016 πολέμου
1540 3961 1555 3979 ·
1581 3944 1661 4014 τῷ
1698 3943 1809 4013 γὰρ

230 4038 289 4089 ἐν
315 4037 468 4089 νυκτὶ
504 4035 796 4106 μαχομένῳ
833 4034 1151 4105 προσέοικεν
1177 4051 1193 4068 ο
1223 4033 1490 4089 ἀπάθειαν
1520 4033 1578 4086 δὲ
1606 4033 1810 4104 κτησά-

236 4142 414 4195 μενος,
461 4125 659 4197 ῥᾳδίως
684 4124 1048 4194 ἐπιγνώσεται
1077 4125 1175 4189 τὰς
1207 4124 1487 4196 μεθοδείας
1506 4125 1615 4179 τῶν
1647 4123 1808 4177 πολε-

235 4235 397 4288 μιων.

307 4307 451 4374 NG’.
483 4309 662 4380 Πέρας
691 4309 791 4381 μὲν
844 4308 1175 4388 πρακτικῆς,
1215 4306 1428 4377 ἀγάπη,
1463 4305 1716 4375 γνώσεως
1752 4305 1808 4358 δὲ

237 4395 516 4466 θεολογία·
574 4399 740 4468 ἀρχαὶ
793 4398 851 4451 δὲ
883 4397 1182 4468 ἑκατέρων,
1240 4397 1426 4460 πίστις
1472 4397 1568 4448 καὶ
1602 4395 1806 4475 φυσικὴ

232 4487 454 4557 θεωρία.
501 4489 610 4541 Καὶ
640 4488 754 4542 ὅσοι
789 4488 890 4559 μὲν
921 4487 1030 4541 τῶν
1056 4487 1326 4558 δαιμόνων
1379 4485 1472 4539 τοῦ
1503 4482 1806 4555 παθητικοῦ

238 4579 443 4650 μέρους
470 4580 803 4648 ἐφάπτονται
843 4578 941 4650 τῆς
973 4577 1173 4648 ψυχῆς,
1211 4568 1358 4631 οὗτοι
1379 4576 1627 4644 λέγονται
1655 4576 1806 4628 ἀντι-

234 4668 452 4722 κεῖσθαι
480 4670 547 4739 τῇ
574 4669 850 4739 πρακτικῇ
875 4683 888 4697 ·
947 4666 1061 4720 ὅσοι
1103 4665 1147 4718 δ’
1182 4661 1250 4718 αὖ
1278 4663 1358 4734 τῷ
1400 4661 1691 4733 λογιστικῷ
1717 4661 1798 4714 δι-

233 4755 504 4827 οχλοῦσιν,
542 4757 727 4828 ἐχθροὶ
759 4757 938 4826 πάσης
985 4753 1241 4825 ἀληθείας
1291 4752 1664 4823 ὀνομάζονται,
1717 4752 1810 4805 καὶ

235 4845 468 4900 ἐναντίοι
492 4847 560 4915 τῇ
600 4845 823 4916 θεωρίᾳ.

308 5022 432 5076 NZ'.
479 5017 648 5076 Οὐδὲν
691 5020 800 5075 τῶν
835 5021 1205 5092 καθαιρόντων
1251 5019 1318 5074 τά
1374 5018 1620 5090 σώματα,
1687 5018 1807 5074 σύν-

234 5129 350 5164 εστι
406 5110 545 5182 μετὰ
591 5109 749 5164 τοῦτο
798 5113 911 5174 τοῖς
959 5109 1339 5182 καθαρθεῖσιν·
1393 5109 1450 5161 αί
1489 5109 1544 5160 δὲ
1595 5109 1807 5180 ἀρεταὶ,

233 5197 370 5267 ὁμοῦ
386 5213 446 5250 τε
479 5196 800 5269 καθαίρουσι
825 5199 924 5270 τὴν
955 5198 1152 5271 ψυχὴν,
1190 5197 1283 5254 καὶ
1309 5197 1644 5269 καθαρθείσῃ
1675 5216 1810 5270 συμ-

238 5289 674 5357 παραμένουσιν.

310 5377 442 5432 NH'.
485 5377 642 5432 Κατὰ
683 5377 845 5447 φύσιν
892 5378 1104 5451 ἐνεργεῖ
1133 5381 1323 5454 λογικὴ
1371 5381 1537 5452 ψυχὴ,
1591 5381 1719 5436 ὅταν
1756 5381 1814 5434 τὸ

240 5464 343 5537 μὲν
397 5467 788 5539 ἐπιθυμητικόν
849 5468 1016 5540 αὐτῆς
1057 5469 1219 5542 μέρος
1271 5472 1370 5542 τῆς
1420 5472 1619 5543 ἀρετῆς
1666 5472 1814 5542 ἐφίε-

315 5667 427 5736 (29)
458 5665 542 5724 Al.
575 5669 814 5739 ἔγγονον.

315 5741 332 5798 ί
343 5739 431 5794 5οὶ
470 5739 551 5793 Al.
592 5740 780 5803 αὐτῆς.

1896 629 1997 668 mae
2035 623 2241 685 partem
2281 615 2556 682 patibilem
2587 614 2910 676 ascendens,
2939 625 3003 666 ac
3044 618 3280 666 mentem
3323 612 3476 662 tene-

1894 704 2009 760 bris
2045 705 2345 761 obducens.

1966 793 2173 849 XLVII.
2215 795 2498 852 Peccatum
2525 805 2610 852 est
2637 793 2911 856 monachi,
2939 804 3238 850 consensus
3266 787 3476 862 cogita-

1897 886 2057 942 tionis
2081 888 2147 942 ad
2179 887 2422 942 illicitam
2460 887 2810 958 voluptatem.

1965 975 2193 1032 XLVIII.
2244 977 2433 1047 Angeli
2466 979 2734 1047 gaudent,
2787 975 3001 1046 quoties
3041 974 3232 1030 vitium
3267 972 3467 1027 minui-

1901 1073 2019 1131 tur;
2052 1067 2342 1133 daemones,
2384 1070 2595 1137 quoties
2633 1069 2822 1124 virtus.
2853 1067 2932 1122 Illi
2977 1067 3122 1122 enim
3156 1064 3468 1120 misericor-

1903 1157 2004 1212 diae
2031 1166 2085 1212 et
2115 1158 2402 1212 cbaritatis
2439 1169 2566 1214 sunt
2595 1157 2816 1224 famuli;
2861 1159 2912 1212 hi
2948 1172 3096 1224 vero,
3136 1157 3230 1211 ira:
3259 1169 3323 1210 ac
3359 1155 3467 1209 odii

1896 1251 2060 1304 servi.
2095 1249 2160 1304 Et
2191 1249 2352 1319 primi
2385 1251 2599 1319 qnidem
2635 1265 2759 1307 cum
2795 1250 3080 1315 accedunt,
3110 1247 3338 1326 spiritali
3369 1263 3468 1302 nos

1899 1337 2107 1406 replent
2153 1339 2642 1407 contemplatione;
2690 1340 2912 1396 secundi
2951 1350 3130 1394 autem
3177 1337 3303 1392 dum
3353 1351 3446 1405 ap-

1897 1429 2274 1498 propinquant,
2297 1431 2530 1486 animam
2562 1431 2612 1485 in
2645 1440 2828 1502 turpes
2847 1432 3144 1502 conjiciunt
3176 1431 3460 1500 imagines.

1970 1601 2155 1658 XLIX.
2207 1603 2445 1660 Virtutes
2481 1619 2582 1660 non
2629 1606 2844 1675 quidem
2894 1606 3122 1661 insultus
3170 1605 3470 1662 daemonum

1903 1691 2168 1755 inhibent,
2199 1693 2291 1747 sed
2321 1708 2419 1748 nos
2445 1691 2692 1750 innoxios
2716 1703 3058 1750 conservant.

1973 1781 2034 1836 L.
2065 1781 2309 1838 Practica
2337 1792 2440 1848 est,
2470 1785 2770 1854 spiritualis
2793 1786 3097 1850 methodus,
3125 1801 3247 1856 quae
3280 1786 3474 1841 animae

1906 1883 2110 1940 partem
2142 1872 2284 1927 circa
2318 1872 2542 1930 affectus
2572 1885 2875 1930 versantem
2909 1887 3190 1947 expurgat.

1979 1961 2062 2015 LI.
2113 1961 2229 2015 Non
2283 1961 2554 2018 suliiciunt
2595 1965 2844 2019 mandata
2888 1963 3098 2021 οπεοιυί
3150 1965 3368 2030 tradita,
3407 1967 3472 2020 ad

1906 2052 2140 2122 perfecte
2170 2054 2438 2109 sanandas
2482 2054 2676 2110 anima:
2707 2054 3010 2120 facultates,
3045 2057 3146 2112 nisi
3195 2065 3250 2111 ct
3277 2070 3474 2112 convo-

1907 2140 2118 2195 ttientes
2145 2139 2274 2210 ipsis
2303 2143 2785 2212 contemplationes
2822 2144 2991 2199 menti
3018 2145 3330 2201 succedant.

1982 2312 2086 2368 LII.
2129 2314 2242 2370 Non
2295 2317 2546 2370 omnibus
2598 2318 2813 2386 quidem
2868 2317 3279 2388 cogitationibus
3320 2317 3476 2373 nobis

1907 2419 2005 2473 per
2051 2406 2269 2475 angelos
2315 2408 2574 2464 immissis
2615 2410 2868 2464 resistere
2913 2409 3166 2478 possibile
3215 2418 3328 2474 est,
3377 2411 3472 2463 sed

1910 2493 2024 2548 ﬁeri
2057 2504 2232 2562 potest
2266 2505 2321 2549 ut
2357 2507 2580 2551 cunctas
2623 2512 2651 2551 a
2693 2498 3030 2553 daemonibus
3062 2506 3342 2568 suggestas
3377 2511 3472 2552 co-

1909 2587 2198 2656 gitationes
2234 2598 2578 2655 evertamus;
2625 2591 2871 2659 sequitur
2909 2599 3087 2646 autem
3124 2590 3330 2659 priores
3355 2587 3476 2644 illas

1908 2686 2128 2746 pacatus
2153 2686 2346 2744 status,
2374 2680 2699 2746 posteriores
2735 2681 3000 2736 turbatus.

1982 2765 2116 2820 LIII.
2158 2767 2613 2838 Impassibilitatis
2653 2769 2832 2839 proles
2858 2771 3132 2837 charitas;
3166 2781 3251 2828 est
3296 2784 3474 2830 autem

1912 2859 2311 2927 impassibilitas
2363 2861 2614 2927 practice)
2670 2860 2795 2922 llos.
2844 2870 2896 2914 et
2934 2863 3229 2929 practicam
3273 2867 3474 2918 conslié-

1913 2951 2011 3004 tuit
2053 2950 2361 3005 observatio
2408 2960 2828 3020 praeceptorum;
2874 2951 3064 3005 horum
3125 2961 3335 3017 custos,
3382 2955 3472 3008 Dei

1914 3040 2091 3105 timor,
2144 3041 2233 3110 qui
2282 3051 2443 3096 rectae
2495 3043 2614 3096 lidei
2658 3042 2797 3096 fctus
2843 3053 2945 3095 est.
3018 3043 3185 3098 Porro
3220 3045 3348 3098 fides
3394 3057 3478 3098 est

1913 3131 2180 3186 internum
2225 3133 2392 3186 animi
2427 3134 2659 3196 bonum,
2691 3145 2746 3188 et
2790 3134 2966 3188 inesse
2995 3135 3127 3189 solet
3169 3136 3233 3190 iis
3265 3146 3477 3204 queque

1909 3221 1999 3290 qui
2031 3222 2136 3276 Deo
2167 3223 2404 3278 nondum
2439 3224 2804 3279 crediderunt.

1977 3311 2108 3367 LIV.
2156 3312 2618 3378 Quemadmodum
2661 3316 2842 3368 anima
2883 3323 3238 3369 instrumento
3280 3331 3474 3384 corpo-

1908 3403 1981 3456 ris
2006 3416 2255 3470 operans.
2284 3404 2495 3458 infirma
2524 3406 2762 3460 membra
2793 3406 3044 3477 intelligit
3081 3425 3094 3460 .
3126 3407 3203 3461 sic
3247 3419 3298 3461 et
3330 3423 3478 3464 mens

1908 3493 2180 3562 proprium
2202 3507 2457 3550 exserens
2484 3494 2752 3562 eﬂ‘ectum,
2781 3511 2906 3551 suas
2949 3497 3286 3566 recognoscit
3313 3497 3478 3552 facul-

1910 3591 2071 3648 tates,
2116 3598 2179 3638 ae
2215 3599 2310 3653 per
2339 3599 2458 3639 eam
2503 3600 2621 3656 qua:
2662 3586 3048 3656 impedimento
3081 3589 3131 3643 ei
3183 3597 3300 3653 est,
3333 3591 3476 3658 quod
3558 3627 3564 3632 ι

1909 3672 2036 3740 ipsis
2067 3674 2351 3730 sanitatem
2389 3685 2640 3745 procurat
2675 3676 2949 3732 adinvenit
2979 3687 3328 3748 pneceptum.

1983 3851 2089 3905 LV.
2124 3852 2346 3907 Animus
2389 3853 2478 3922 qui
2509 3852 2649 3910 bello
2679 3864 2974 3925 occupatur
3019 3858 3326 3925 allectunm,
3356 3859 3477 3914 belli

1909 3955 2014 3995 non
2046 3941 2312 4009 spectabit
2356 3943 2612 3998 rationes.
2663 3943 2757 4000 Est
2790 3947 2932 4000 enim
2976 3948 3170 4004 similis
3217 3959 3478 4005 nocturno

1909 4032 2210 4102 pugnatori.
2246 4031 2381 4088 Cum
2422 4048 2550 4090 vero
2578 4045 2900 4092 consecutus
2925 4035 3086 4091 fuerit
3123 4038 3480 4107 imperturba-

1911 4123 2131 4188 tionem,
2162 4123 2318 4179 facile
2350 4124 2585 4180 hostium
2617 4137 2871 4195 agnoscet
2895 4126 3137 4184 insidias.

1979 4293 2115 4350 LVI.
2146 4296 2351 4352 Activze
2375 4297 2778 4355 exercitationis
2806 4299 3069 4356 terminus
3101 4311 3184 4356 est
3217 4303 3474 4369 citaritas,

1908 4387 2228 4457 cognitionis
2275 4401 2404 4443 vero
2442 4398 2618 4444 rectus
2659 4389 2726 4444 de
2764 4389 2874 4446 Deo
2911 4405 3132 4456 sermo;
3202 4393 3478 4449 ambarum

1912 4489 2090 4532 autem
2133 4479 2415 4549 principia,
2478 4479 2612 4536 ﬁdes
2654 4490 2709 4536 et
2764 4482 3028 4538 naturalis
3073 4484 3474 4553 contemplatio.

1913 4571 2110 4625 Adbzec
2151 4571 2243 4639 qui
2271 4571 2544 4627 daemones
2567 4586 2685 4626 eam
2708 4573 2898 4627 animas
2931 4583 3138 4642 partem
3167 4575 3480 4632 adoriuntur

1915 4675 2018 4729 qua
2046 4662 2539 4729 perturbationibus
2569 4660 2849 4727 aﬂicimur,
2898 4664 3153 4719 dicuntur
3181 4665 3255 4720 illi
3281 4667 3478 4736 opponi

1915 4749 2104 4804 activae
2135 4749 2292 4814 vitae;
2350 4749 2549 4806 atenim
2593 4750 2684 4819 qui
2719 4751 2855 4818 parti
2899 4752 3279 4809 ratiocinatrici
3317 4754 3480 4811 mole-

1915 4838 2073 4895 Stiam
2109 4837 2358 4904 alierum,
2393 4839 2570 4895 omnis
2604 4838 2846 4896 veritatis
2874 4839 3079 4897 Inimici
3113 4841 3478 4906 nominantur,

1916 4941 2076 5000 atque
2107 4930 2578 5001 contemplationis
2615 4930 2928 4988 adversarii.

1985 5019 2141 5077 LVII.
2160 5021 2302 5077 Nihil
2326 5036 2512 5078 eorum
2534 5035 2654 5092 quae
2679 5030 2913 5094 purgant
2957 5036 3206 5094 corpora,
3237 5033 3483 5080 remanet

1917 5121 2101 5182 postea
2139 5128 2262 5168 cum
2291 5113 2564 5183 purgatis;
2593 5120 2652 5166 at
2675 5112 2902 5170 virtutes
2929 5113 3090 5170 simul
3111 5122 3168 5170 et
3191 5113 3481 5181 purificant

1918 5201 2180 5267 animam,
2217 5211 2415 5256 etcum
2447 5199 2724 5270 purlticata
2757 5211 3186 5258 commorantur.

1991 5377 2165 5435 LVIII.
2194 5377 2496 5435 Secundum
2524 5387 2770 5434 naturam
2809 5351 3064 5448 operatur
3101 5377 3282 5434 anima
3314 5377 3476 5434 ratio-

1924 5471 2080 5537 nalis,
2111 5465 2327 5540 qitando
2355 5478 2466 5526 tum
2521 5483 2646 5540 pars
2684 5468 2825 5526 illius
2854 5483 2962 5539 qua
2986 5468 3337 5539 concupiscit,
3370 5474 3484 5525 vir-

1993 5673 2102 5746 (5t)
2131 5673 2213 5731 AI.
2252 5673 2462 5743 λόγους.
