3888 6284
466 434 604 490 ηδε
1559 425 1831 481 PATllES
1864 425 2161 482 IEGYPTII
2203 424 2474 481 SIECULI
2512 423 2596 478 IV.
3595 414 3728 472 I236

467 558 634 605 tntem
661 548 883 617 appetit,
931 555 1040 600 tum
1088 557 1214 613 pars
1263 557 1368 612 qua
1404 542 1679 606 irascitur,
1710 557 1807 611 pro
1853 543 2038 598 eadem

2170 560 2254 608 ἀι,
2285 543 2349 596 τδ
2395 542 2453 596 δὲ
2506 539 2735 611 θυμικὸν
2768 538 2910 608 ὑπὲρ
2954 535 3127 604 αὐτῆς
3171 530 3525 603 ἀγωνίζεται,
3567 529 3633 585 τὸ
3676 532 3734 588 δ

467 641 669 694 virtute
686 639 954 705 decertat,
986 645 1096 691 tum
1125 635 1357 705 denique
1385 649 1510 704 pars
1527 649 1632 701 qua
1662 635 2041 701 ratiocinatur,

2170 633 2454 703 ιογιστικδν
2483 631 2761 686 ἐπιϐάλλει
2786 632 2852 701 τῇ
2881 627 3086 700 θεωρίᾳ
3125 624 3231 678 τῶν
3260 622 3592 693 γεγονότων.

467 733 524 784 itt
559 741 934 784 creaturarum
965 724 1226 781 incumbit
1251 725 1782 795 contemplationem.

535 819 674 875 LIX.
709 819 811 887 Qui
869 818 923 874 In
967 817 1144 874 activo
1180 817 1442 872 exercitio
1471 794 1824 886 progressum
1875 815 2042 881 facit,

2215 813 2345 866 ΝΘ.
2391 812 2452 866 Ὀ
2507 809 2608 881 μὲν
2647 808 2974 896 προκόπτων
3013 802 3074 856 ἐν
3102 799 3422 896 πρακτικῇκ
3449 797 3564 896 τά-
3586 794 3734 896 πύθη

469 911 595 965 vitia
629 884 960 978 allectusque
1013 907 1319 972 imminuit;
1355 907 1449 977 'qui
1483 884 1674 962 autem
1713 907 1766 960 in
1804 916 2047 962 contem-

2170 901 2314 963 moi,
2337 899 2367 952 ό
2395 897 2452 950 δὲ
2475 897 2534 949 ἐν
2567 893 2793 966 θεωρίᾳ,
2842 889 2942 962 τὴν
2985 889 3288 958 ἀγνωσίαν·
3338 885 3435 978 καὶ
3489 884 3611 978 τῶν

472 1001 724 1068 platione,
773 973 1134 1070 ignorantiam
1162 1014 1177 1054 :
1207 1007 1262 1053 et
1308 973 1547 1067 priorum
1573 996 1789 1065 quidem
1818 995 1924 1050 erit
1950 995 2048 1049 ali-

2170 989 2358 1053 ταθῶν,
2419 987 2575 1041 ἔσται
2639 984 2773 1038 ποτὲ
2821 983 2921 1078 καὶ
2951 978 3128 1052 φθορά
3456 1013 3474 1040 ,
3507 975 3656 1078 ⁸τῆςν

471 1092 688 1161 quando
707 1057 965 1146 absoluta
991 1088 1292 1144 destructio
1308 1057 1338 1154 ’ς
1363 1087 1720 1159 ignorationis
1739 1099 1888 1154 vero,
1910 1085 2046 1141 alte-

2170 1077 2443 1147 ιγνωσίας,
2492 1075 2593 1146 τῆς
2635 1073 2733 1145 μὲν
2793 1067 2933 1125 εἶναι
2991 1069 3187 1139 πέρας,
3220 1065 3318 1136 τῆς
3352 1063 3411 1118 δὲ
3459 1063 3540 1134 μὴ
3603 1057 3739 1116 εἶναι

472 1183 587 1239 rius
612 1182 765 1237 aiunt
796 1183 959 1237 linem
988 1179 1124 1247 fore,
1157 1177 1382 1235 alterius
1403 1190 1764 1247 nequaquam.
2148 1185 2303 1238 φασι·
2695 1254 2702 1256 Α
2865 1253 2891 1256 _
3049 1249 3064 1256 _
3152 1247 3203 1256 __
3337 1247 3352 1256 _
3528 1243 3543 1256 ,
3673 1243 3703 1256 ,

541 1270 656 1327 LX.
681 1272 811 1338 Qua:
855 1270 910 1325 in
942 1285 1042 1324 usu
1075 1243 1200 1324 sunt
1229 1270 1368 1326 bona
1401 1277 1457 1323 et
1489 1243 1664 1332 imala,
1701 1265 1961 1322 virtutum
1993 1273 2050 1322 et.

2217 1257 2289 1312 Ξ’.
2325 1257 2406 1311 Τά
2460 1256 2615 1328 παρά
2655 1254 2758 1337 τὴν
2790 1253 2988 1324 χρῆσιν
3038 1247 3220 1317 ἀγαθά
3268 1247 3364 1300 καὶ
3403 1243 3598 1308 κακά,
3632 1243 3741 1297 τῶν

471 1335 726 1420 vitiorum
779 1373 906 1418 sunt
952 1361 1233 1418 ellicientia
1267 1377 1282 1416 :
1316 1359 1382 1415 ad
1419 1359 1757 1429 prudentiam
1793 1359 2048 1427 deinceps

2170 1349 2361 1422 ὶρετῶν
2407 1348 2502 1401 καὶ
2537 1347 2646 1400 τῶν
2681 1335 2890 1398 κακιῶν
2940 1341 3151 1411 γίνεται
3196 1336 3477 1407 ποιητικά.
3524 1335 3740 1404 Φρονη-

473 1465 681 1526 spectat
711 1455 778 1510 iis
808 1455 884 1510 uti
925 1456 992 1510 ad
1031 1464 1294 1522 utraque:
1987 1425 1997 1427 ἡ

2170 1456 2287 1504 τεως
2307 1439 2365 1493 δέ
2418 1439 2536 1491 ἐστι
2567 1434 2776 1501 λοιπὸν,
2809 1432 2871 1487 τὸ
2894 1430 3216 1523 ,χρήσασθαι
3248 1430 3461 1491 τούτοις
3485 1425 3630 1496 πρὸς
3652 1425 3741 1480 θά-

2148 1548 2306 1600 τερα.

548 1631 684 1687 ωιι.
740 1631 1009 1688 Caeterum
1067 1643 1188 1684 cum
1232 1628 1410 1682 anima
1462 1623 1932 1692 rationalis,juxta
1967 1639 2052 1678 sa-

2217 1619 2337 1674 ΞΔ⁹.
2368 1616 2674 1689 Τριμεροῦς
2696 1615 2754 1668 δέ
2784 1617 2884 1684 τῆς
2913 1611 3136 1681 λογικῆς
3184 1608 3361 1679 ψυχῆς
3391 1605 3565 1676 οὔσης
3603 1604 3740 1658 κατά

477 1723 715 1792 pientent
753 1731 996 1778 nostrum
1021 1726 1427 1789 praeceptorem,
1459 1715 1630 1771 tribus
1660 1715 1904 1786 partibus
1924 1730 2052 1770 con-

2170 1707 2239 1762 τὸν
2269 1707 2431 1777 σοφὸν
2457 1706 2615 1777 ἡμῶν
2641 1705 2985 1766 διδάσκαλον,
3020 1703 3150 1756 ὃταν
3182 1699 3280 1771 μὲν
3305 1700 3364 1751 ἐν
3391 1696 3476 1767 τῷ
3503 1695 3742 1792 λογιστιῗ

479 1825 608 1882 stet,
661 1815 705 1870 si
758 1815 930 1868 virtus
975 1809 1320 1881 occupaverit
1370 1817 1577 1878 partem
1615 1808 2046 1870 ratiocinantem,

2170 1797 2234 1870 ιῷ
2267 1799 2423 1870 μέρει
2449 1797 2673 1866 γένηται
2723 1799 2758 1868 ἡ
2809 1794 2999 1866 ἀρετὴ,
3057 1792 3300 1846 καλεῖται
3349 1787 3621 1882 φρόνησις
3651 1786 3742 1836 καὶ

478 1916 709 1961 vocatur
737 1903 1022 1974 prudentia
1080 1910 1138 1956 et
1191 1901 1541 1971 intelligentia
1573 1908 1623 1954 et
1658 1897 1962 1973 sapientia;
2007 1896 2053 1950 si

2170 1889 2372 1952 nivem;
2410 1889 2506 1942 καὶ
2541 1887 2702 1958 σοφία
2727 1903 2741 1917 ·
2773 1888 2902 1941 ὅταν
2928 1885 3064 1938 δὲέν
3091 1882 3171 1953 τῷ
3200 1875 3614 1950 ἐπιθυμητικῷ,
3643 1891 3740 1978 σιντ

477 1969 975 2067 concupiscentem,
1035 1969 1387 2063 temperantia
1413 2001 1469 2047 et
1508 1969 1748 2046 charitas
1791 1998 1846 2042 et
1879 1987 2053 2044 conti-

2170 1979 2396 2052 θροσύνη
2428 1980 2524 2033 καὶ
2578 1979 2764 2049 ἀγάπη
2815 1975 3259 2046 καιιγκράτειαο
3316 1972 3448 2072 δτοξν
3490 1969 3552 2022 δὲ
3583 1969 3645 2072 ξν
3671 1969 3754 2072 ‘5'.

482 2057 700 2150 nentia';
760 2085 805 2140 si
858 2057 1205 2149 irascentem,
1257 2082 1511 2138 fortitudo
1563 2092 1619 2137 et
1658 2080 1954 2152 patientia;
2008 2079 2054 2134 si

2170 2070 2392 2142 ὶυμικῷ,
2417 2069 2638 2140 ἀνδρεία
2669 2069 2762 2122 καὶ
2816 2067 3093 2137 ὑπομονήο
3144 2066 3202 2116 ἐν
3228 2061 3324 2134 ὅλῃ
3354 2059 3423 2160 ’δὲ
3468 2061 3536 2127 τῇ
3573 2057 3740 2160 ψυχῇ.

483 2182 652 2228 tttatu
695 2173 949 2237 animam,
982 2172 1214 2240 justitia.
1268 2171 1334 2225 Et
1379 2151 1679 2242 prudentia:
1717 2171 1934 2240 quidem
1973 2169 2054 2222 in—

2170 2161 2486 2231 Βικαιοσύνη.
2511 2159 2622 2212 Καὶ
2644 2159 2958 2229 φρονήσεως
2983 2155 3080 2226 μὲν
3110 2154 3290 2226 ἔργον,
3319 2151 3383 2242 τδ
3416 2151 3742 2242 στρατηγεῖν

479 2263 711 2325 cumbit,
768 2272 957 2316 contra
985 2238 1356 2317 adversaries
1380 2238 1698 2331 potestates
1737 2238 2053 2314 exercitum

2170 2253 2292 2322 πρὸς
2320 2252 2418 2315 τὰς
2446 2250 2826 2319 ἀντικειμένας
2857 2247 3134 2316 δυνάμεις,
3201 2243 3294 2296 καὶ
3317 2241 3426 2294 τῶν
3485 2239 3590 2309 μὲν
3611 2238 3742 2331 ἀρε-

487 2349 716 2412 ducere,
777 2350 1002 2406 virtutes
1055 2329 1419 2422 propugnare,
1461 2355 1776 2422 impugnare
1817 2351 1963 2414 vitia,
2005 2359 2059 2403 et

2170 2345 2264 2399 τῶν
2291 2343 2705 2412 ὑπερασπίςειν,
2739 2339 2876 2410 πρὸς
2907 2337 2985 2405 δὲ,
3013 2335 3114 2399 τὰς
3154 2334 3353 2396 κακίας
3399 2329 3743 2400 παρατάττε-

482 2456 604 2510 quae
640 2441 813 2496 media
840 2451 983 2506 sunt,
1009 2458 1107 2511 pro
1138 2453 1378 2513 tempore
1409 2445 1824 2507 administrare;
1857 2442 2022 2497 intelli

2170 2440 2304 2503 σθαι,
2331 2438 2401 2490 τὰ
2435 2437 2492 2490 δὲ
2541 2436 2684 2506 μέσα
2733 2431 2869 2504 πρὸς
2922 2433 3049 2494 τοὺς
3079 2429 3303 2500 καιροὺς
3333 2425 3556 2478 διοικεῖν
3580 2439 3591 2451 ν
3626 2437 3742 2473 σενι

483 2532 677 2601 gentia:
702 2546 828 2588 vero
855 2543 958 2597 est,
977 2543 1170 2588 cuncta
1201 2535 1552 2589 conducentia
1595 2550 1690 2590 nos
1719 2535 1786 2589 ad
1815 2535 2057 2604 praposi-

2170 2533 2329 2593 ἑσεως
2371 2530 2445 2591 δὲ,
2472 2528 2533 2580 τὸ
2562 2526 2740 2580 πάντα
2793 2523 2860 2577 τὰ
2916 2519 3273 2575 συντελοῦντα
3301 2519 3435 2588 ἡμῖν
3471 2514 3610 2584 πρὸς
3653 2511 3742 2570 τὸν

485 2633 621 2687 tum,
653 2632 776 2692 apte
803 2622 1120 2692 disponere;
1156 2634 1213 2677 at
1245 2623 1541 2691 sapientiae,
1577 2622 1925 2691 contemplari
1968 2637 2056 2675 ra-

484 2715 659 2769 tiones
691 2729 976 2784 corporum
1003 2725 1057 2770 et
1097 2730 1274 2768 rerum
1306 2715 1761 2782 incorporearum.
1788 2713 1906 2769 Jam
1925 2722 2058 2768 tem-

483 2803 742 2872 perantiae
769 2803 1014 2867 interest,
1060 2805 1303 2872 aspicere
1339 2804 1477 2858 citra
1530 2803 1778 2857 allectum
1829 2817 1913 2856 res
1939 2817 2058 2869 qua:

484 2894 540 2950 in
569 2895 724 2950 nobis
766 2895 1028 2964 imagines
1060 2896 1338 2950 concitant
1367 2895 1561 2948 rationi
1607 2894 1898 2957 adversas;
1929 2893 2061 2948 cha-

486 2985 666 3040 ritatis
690 2993 892 3049 autem,
927 2986 1075 3039 omni
1106 2985 1327 3054 imagini
1369 2985 1460 3039 Dei
1496 2985 1657 3037 talem
1694 2997 1752 3036 se
1777 2983 2057 3048 exhibere,

484 3077 700 3144 qualem
766 3077 880 3132 fere
928 3085 984 3130 et
1023 3084 1330 3146 prototypo,
1382 3076 1510 3129 licet
1539 3089 1631 3130 eas
1658 3084 1922 3129 conentur
1949 3073 2058 3127 dae-

487 3181 674 3223 tnones
707 3168 990 3236 inquinare
1011 3185 1024 3232 ;
1049 3166 1394 3221 continentia:
1425 3180 1570 3228 vero,
1601 3166 1904 3218 universam
1926 3161 2061 3232 gula:
2089 3198 2132 3254 ϐ

487 3259 814 3328 voluptatem
858 3260 977 3314 laete
1025 3258 1279 3326 abjicere.
1312 3257 1380 3310 At
1425 3257 1608 3312 hostes
1655 3253 1962 3309 nullatenus
1999 3252 2064 3306 ti-

488 3363 658 3414 mere,
711 3359 766 3406 et
817 3350 1072 3405 alacriter
1113 3347 1339 3404 molesta
1386 3347 1640 3410 tolerare,
1678 3344 1901 3400 eliectus
1940 3355 2067 3400 sunt

489 3443 764 3512 patientia:
805 3450 858 3496 et
893 3439 1242 3495 fortitudinis.
1276 3438 1516 3508 Denique
1563 3438 1630 3492 ad
1653 3436 1914 3505 justitiam
1938 3449 2063 3505 per—

491 3534 645 3596 tinet,
707 3539 1027 3588 concentum
1088 3541 1143 3584 et
1193 3529 1531 3585 harmoniam
1583 3529 1774 3582 animze
1827 3528 2061 3596 partium

490 3623 777 3678 conﬁcere.

560 3711 719 3766 LXII.
757 3714 986 3768 Fructus
1019 3713 1308 3775 seminum,
1338 3708 1596 3778 manipuli
1636 3717 1794 3775 sunt;
1827 3707 2060 3769 virtutis,

492 3804 728 3872 cognitio
762 3817 777 3853 :
816 3813 870 3856 et
918 3805 1058 3857 sicut
1110 3802 1317 3856 semina
1356 3800 1684 3854 comitantur
1715 3799 1963 3868 lacryma:
1997 3797 2060 3862 ⁸⁸,

493 3894 564 3946 ita
597 3891 898 3959 manipulos
935 3893 1204 3961 gaudium.

425 3981 446 3989 ⁵
561 3980 744 4036 LXIII.
777 3980 888 4036 Non
940 3981 1252 4050 deposuerit
1302 3982 1462 4035 homo
1512 3981 1912 4036 recordationes
1943 3979 2066 4035 ali‘e-

491 4079 677 4127 ctuum
709 4069 1026 4134 ell‘ectrices,
1062 4071 1152 4139 qui
1188 4069 1497 4139 cupiditatis
1535 4078 1590 4124 et
1620 4069 1712 4123 iraa
1739 4084 1926 4123 curam
1957 4083 2063 4124 non

492 4161 743 4230 gesserit,
788 4161 928 4215 illam
990 4159 1237 4228 jejuniis,
1277 4160 1490 4230 vigiliis,
1537 4161 2066 4216 liumicubatioaibus

493 4264 848 4313 consumens;
889 4251 1028 4304 lianc
1056 4249 1564 4320 mquanimitatibus,
1604 4249 1813 4319 injuriae
1841 4250 2065 4306 oblivio-

492 4341 652 4397 ttibus
682 4355 746 4395 ac
767 4340 1128 4410 eleemosynis
1155 4339 1433 4394 deliniens.
1466 4339 1542 4394 Ex
1572 4341 1656 4396 liis
1681 4341 1822 4395 enim
1857 4341 2066 4397 duobus

491 4431 770 4487 all'ecttbus
821 4441 1028 4489 cuncta:
1080 4432 1194 4487 l'ere
1233 4441 1484 4486 constant
1527 4431 1872 4486 dmnwniacze
1915 4432 2064 4502 cogi-

2161 2623 2381 2684 σκοπὸν,
2425 2618 2696 2690 ἁρμοδίως
2742 2616 3078 2686 οἰκονομεῖν·
3121 2613 3312 2680 σοφίας
3365 2608 3446 2669 δὲ,
3488 2607 3550 2659 τὸ
3609 2604 3742 2658 θεω-

2163 2717 2274 2784 ρεῖν
2302 2711 2491 2778 λόγους
2519 2707 2786 2778 σωμάτων
2811 2705 2907 2757 καὶ
2931 2702 3239 2771 ἀσωμάτων
3262 2716 3276 2730 ·
3303 2695 3664 2766 σωφροσύνης
3686 2693 3742 2745 δὲ

2161 2804 2340 2876 ἔργον,
2376 2803 2437 2856 τὸ
2477 2801 2694 2872 βλέπειν
2740 2797 2968 2860 ἀπαθῶς
3025 2795 3094 2847 τὰ
3147 2791 3486 2862 πράγματα,
3537 2787 3609 2838 τὰ
3656 2803 3740 2838 κι-

2162 2895 2356 2949 νοῦντα
2389 2895 2446 2947 ἐν
2495 2895 2626 2963 ἡμῖν
2653 2891 2954 2962 φαντασίας
2985 2887 3213 2954 ἀλόγους
3233 2899 3246 2913 ·
3309 2881 3536 2948 ἀγάπης
3571 2877 3650 2941 δὲ,
3681 2876 3741 2928 τὸ

2163 2985 2313 3056 πάσῃ
2343 2984 2508 3036 εἰκόνι
2549 2982 2641 3035 τοῦ
2681 2981 2817 3035 Θεοῦ
2849 2978 3104 3047 τοιαύτην
3139 2972 3335 3042 ἑαυτὴν
3385 2967 3738 3041 ἐμπαρέχειν,

2163 3077 2280 3129 οἵαν
2303 3074 2496 3144 καὶτῷ
2547 3072 2890 3143 πρωτοτύπῳ
2916 3069 3122 3140 σχεδὸν,
3166 3065 3270 3118 κᾶν
3313 3063 3547 3133 μιαίνειν
3578 3059 3740 3120 αὑτὰς

2165 3165 2514 3236 ἐπιχειρῶσιν
2561 3167 2610 3217 oi
2651 3163 2935 3233 δαίμονες·
2984 3155 3307 3228 ἐγκρατείας
3331 3152 3410 3215 δὲ,
3449 3152 3513 3203 τὸ
3565 3151 3741 3203 πᾶσαν

2166 3255 2357 3327 ἡδονὴν
2383 3256 2477 3308 τοῦ
2535 3255 2818 3324 φάρυγγος
2854 3250 2990 3322 μετὰ
3024 3247 3198 3319 χαρᾶς
3247 3241 3602 3296 ἀποσείεσθαι
3623 3256 3636 3269 ·
3668 3239 3740 3309 μὴ

2163 3346 2394 3400 δεδιέναι
2428 3346 2485 3398 δὲ
2517 3345 2642 3406 τοὺς
2679 3342 2990 3412 πολεμίους,
3039 3339 3133 3392 καὶ⁵
3164 3335 3460 3407 προθύμως
3484 3333 3740 3402 ἐγκαρτε-

2169 3440 2282 3508 ρεῖν
2328 3439 2442 3499 τοῖς
2496 3436 2707 3498 δεινοῖς,
2746 3433 2845 3500 τῆς
2909 3429 3187 3500 ὑπομονῆς
3232 3426 3326 3480 καὶ
3359 3425 3459 3494 τῆς
3495 3422 3740 3492 ἀνδρείας

2165 3529 2282 3582 ἐστί
2302 3547 2314 3560 ·
2343 3526 2690 3596 δικαιοσύνης
2721 3525 2798 3588 δὲ,
2853 3524 2914 3576 τὸ
2945 3520 3264 3592 συμφωνίαν
3287 3518 3411 3570 τινὰ
3446 3518 3542 3570 καὶ⁵
3578 3517 3740 3588 ἀρμοο

2164 3619 2281 3672 νίαν
2301 3618 2408 3671 τῶν
2434 3618 2538 3686 τῆς
2564 3616 2740 3686 ψυχῆς
2775 3613 2952 3685 μελῶν
2980 3611 3094 3681 (52)
3113 3607 3570 3679 κατεργάζεσθαι.

2235 3707 2353 3765 ΞΒθ.
2388 3707 2616 3779 Καρπὸς
2658 3705 2756 3776 μὲν
2781 3702 3134 3774 σπερμάτων,
3176 3700 3244 3753 τά
3279 3698 3588 3770 δράγματα,
3623 3698 3740 3765 ἀρεο

2165 3798 2270 3851 τῶν
2303 3797 2358 3850 δὲ
2387 3799 2421 3867 ὴ
2454 3796 2685 3866 γνῶσις·
2745 3794 2842 3847 καὶ
2870 3793 2946 3856 ὡς
2989 3793 3184 3844 ἕπεται
3209 3791 3321 3852 τοῖς
3345 3789 3630 3858 σπέρμασι
3651 3785 3738 3838 δά-

2167 3907 2328 3961 κρυα,
2357 3888 2500 3942 οὕτω
2525 3891 2639 3951 τοῖς
2671 3886 2986 3956 δράγμασιν
3018 3883 3050 3952 ἡ
3082 3880 3247 3952 χαρά.

2234 3982 2352 4035 El".
2388 3982 2502 4035 Οὐκ
2537 3979 2604 4034 ἂν
2631 3977 2886 4033 ἀπόθοιτο
2925 3977 3023 4040 τὰς
3051 3973 3317 4046 ἐμπαθεῖς
3353 3972 3573 4041 μνήμας
3599 3969 3627 4020 ό
3649 3968 3734 4033 ἂν·

2166 4070 2398 4142 θρωπος,
2433 4071 2506 4141 μὴ
2538 4069 2829 4141 ἐπιθυμίας
2853 4068 2948 4122 καὶ
2970 4064 3142 4136 θυμοῦ
3168 4063 3486 4135 ἐπιμέλειαν
3517 4060 3736 4131 ποιησά-

2168 4179 2348 4232 μενος,
2374 4162 2473 4232 τὴν
2527 4163 2625 4233 μὲν
2656 4161 2930 4232 νηστείαις
2950 4160 3044 4213 καὶ
3070 4156 3397 4227 ἀγρυπνίαις
3423 4154 3517 4206 καὶ
3542 4167 3738 4223 χαμευ-

2165 4254 2306 4317 νίαις
2339 4253 2747 4318 καταναλώσας,
2785 4251 2875 4306 τὸν
2906 4252 2964 4305 δὲ
2996 4247 3398 4321 μακροθυμίαις
3429 4245 3526 4298 καὶ
3575 4244 3738 4313 ἀμνη-

2167 4345 2444 4408 σικακίαις
2481 4345 2576 4398 καὶ
2623 4343 3014 4416 ἐλεημοσύναις
3046 4336 3469 4409 καθημερὼσας·
3505 4333 3604 4387 Ἐκ
3639 4333 3740 4403 γὰρ

2165 4435 2272 4490 τῶν
2301 4435 2394 4489 δύο
2422 4435 2624 4489 τούτων
2657 4435 2863 4499 παθῶν,
2920 4433 3120 4495 πάντες
3139 4431 3188 4484 ol
3215 4425 3589 4498 δαιμονιώδεις
3622 4439 3738 4493 σχεο

493 4521 748 4587 taliones,
772 4535 893 4589 quae
923 4528 1155 4575 mentem
1209 4519 1262 4574 in
1307 4521 1660 4588 perditionem
1689 4535 1754 4574 ac
1782 4522 2058 4576 interitum

2170 4525 2254 4579 δὸν
2295 4526 2639 4580 συνίστανται
2695 4525 2967 4597 λογισμοὶ,
2995 4525 3044 4577 oi
3098 4523 3191 4576 τὸν
3218 4520 3341 4573 νοῦν
3384 4517 3740 4589 ἐμϐάλλοντες

493 4611 845 4680 praecipitant.
915 4609 1059 4665 Fieri
1112 4623 1269 4677 porro
1319 4610 1505 4678 nequit
1567 4617 1624 4664 nt
1686 4621 1900 4680 superet
1942 4612 2064 4679 quis

495 4705 661 4760 hosce
711 4701 975 4767 allectus,
1030 4701 1132 4757 nisi
1200 4701 1348 4756 omni
1394 4716 1458 4755 ex
1506 4708 1656 4768 parte
1699 4702 1872 4764 cibos,
1905 4713 2060 4769 Opes,

493 4795 720 4862 gloriam
741 4793 1018 4862 despiciat,
1047 4793 1372 4863 insuperque
1401 4805 1596 4860 c0rpus
1630 4807 1809 4856 suum,
1843 4801 2064 4861 prapter

494 4885 615 4940 illos
646 4885 736 4952 qui
773 4893 1054 4952 percutere
1086 4883 1260 4952 ipsum
1291 4891 1498 4937 tentant
1539 4896 1928 4951 saepenumero.
1958 4882 2063 4938 Ne-

491 4989 644 5029 cesse
675 4974 838 5042 igitur
864 4975 1024 5042 plane
1060 4985 1144 5029 est
1182 4974 1378 5029 imitari
1415 4975 1661 5030 homines
1697 4975 1787 5043 qui
1818 4974 1871 5028 in
1925 4975 2059 5029 mari

494 5064 890 5135 periclitantur,
949 5075 1006 5120 et
1037 5075 1372 5120 armamenta
1429 5064 1650 5133 ejicinnt
1687 5075 1906 5137 propter
1951 5065 2059 5120 vim

492 5166 776 5212 ventorum
804 5166 858 5212 et
892 5157 1277 5228 insurgentium
1307 5157 1582 5212 (luctuum;
1617 5157 1810 5212 Verum
1864 5157 1951 5212 hic
1977 5158 2062 5213 di-

492 5247 724 5318 ligenter
748 5247 950 5303 attendi
971 5247 1150 5313 debet,
1188 5261 1254 5302 ne
1284 5248 1407 5302 dum
1435 5248 1703 5303 sarcinam
1727 5247 2060 5318 projicimus,

491 5337 613 5396 ideo
648 5339 933 5403 faciamus,
967 5347 1028 5394 ut
1068 5338 1135 5394 ab
1173 5339 1485 5395 hominibus
1537 5345 1886 5410 spectemur:
1935 5355 2058 5397 nam

567 5539 612 5573 ”
648 5538 788 5594 Psal.
818 5555 979 5604 cxxv,
1007 5540 1060 5593 θ.

565 5715 680 5783 (32)
707 5715 788 5771 Al.
820 5714 1018 5786 μερῶν.

568 5786 677 5848 (55)
708 5786 789 5840 Al.
819 5785 919 5846 m
928 5785 1131 5849 μάτων.

2165 4608 2248 4682 είς
2274 4617 2489 4690 ὄλεθρον
2531 4620 2624 4672 καὶ
2667 4618 2959 4673 ἀπώλειαν.
3003 4615 3286 4670 Ἀδύνατον
3322 4612 3377 4664 δὲ
3402 4611 3509 4664 τῶν
3558 4607 3739 4662 παθῶν

2166 4708 2369 4762 τούτων
2420 4710 2825 4781 περιγενέσθαι,
2865 4709 2940 4778 μὴ
2997 4705 3276 4766 παντελῶς
3316 4701 3624 4773 βρωμάτων
3651 4697 3739 4750 καὶ

2168 4800 2424 4869 πομάτων
2462 4799 2575 4870 (55)
2611 4800 2706 4854 καὶ
2737 4799 2892 4870 δόξης
2944 4796 3288 4868 ὑπεριδόντα,
3339 4793 3420 4845 ἔτι
3448 4791 3504 4843 δὲ
3537 4787 3738 4843 καὶτοῦ

2170 4892 2300 4946 ίδίου
2329 4891 2600 4962 σώματος,
2637 4891 2727 4946 διὰ
2756 4892 2884 4953 τοὺς
2933 4887 3183 4960 ῥαπίζειν
3220 4884 3382 4938 αὑτὸν
3409 4882 3522 4952 (54)
3549 4878 3741 4934 πολλά-

2167 4997 2255 5044 κις
2284 4980 2716 5050 ἐπιχειροῦντας.
2750 4981 2907 5035 Πᾶσα
2938 4973 3033 5032 οὖν
3059 4975 3274 5044 ἀνάγκη
3304 4970 3590 5044 μιμεῖσθαι
3621 4968 3739 5030 τοὺς

2167 5068 2572 5132 κινδυνεύοντας
2609 5070 2667 5122 ἐν
2709 5071 2774 5140 τῇ
2807 5067 3052 5139 θαλάσσῃ
3080 5066 3174 5119 καὶ
3208 5063 3316 5116 τῶν
3347 5060 3558 5115 σκευῶν
3590 5059 3739 5112 ἐκϐο-

2169 5160 2267 5231 λὴν
2292 5161 2664 5232 ποιουμένους,
2704 5160 2793 5214 διὰ
2849 5159 2946 5228 τὴν
2977 5159 3098 5229 βίαν
3122 5157 3230 5209 τῶν
3277 5154 3492 5224 ἀνέμων
3519 5153 3616 5206 καὶ
3639 5151 3739 5204 τῶν

2167 5251 2614 5325 ἐπανισταμένων
2641 5253 2920 5324 κυμάτων.
2964 5250 3100 5304 Ἀλλ’
3154 5245 3386 5302 ἐνταῦθα
3413 5240 3738 5314 πρφσεκτέον

2167 5343 2428 5414 ἀκριὸῶς,
2456 5343 2529 5415 μὴ
2574 5344 2802 5415 ἐκϐολὴν
2833 5341 3145 5414 ποιούμενοι
3171 5338 3297 5412 ,τῶν
3349 5335 3582 5402 σκευῶν,
3611 5329 3737 5402 πρὸς

2236 5715 2347 5789 (δι)
2375 5714 2429 5772 In
2454 5715 2570 5774 Nilo
2595 5715 2745 5772 αὐτό.
