3884 6278
192 348 330 406 ηδτ

883 344 1164 404 EVAGRII
1195 343 1473 406 PONTICI
1511 343 1769 405 CAPITA
1807 342 2160 409 PRACTICA
2199 343 2290 401 AD
2328 341 2753 402 ANATOLIUM.

3324 340 3463 398 1238
3554 384 3560 389 .

197 461 254 517 εδ
277 460 545 533 θεαθῆναι
580 458 693 523 τοῖς
733 458 1041 532 ἀνθρώποις
1067 462 1403 533 ποιήσωμεν.
1451 460 1603 514 Ἐπεὶ
1672 459 1785 514 άπ-

1907 459 2180 529 ὀοἱριιηιιε
2242 458 2542 514 mercedem
2597 463 2864 522 nostram,
2926 460 2980 509 et
3042 464 3238 509 novum
3291 449 3461 537 priori
3562 528 3577 537 κ

196 551 397 625 ἔχομεν
421 551 517 607 τδν
547 551 738 624 μισθὸν
758 552 991 618 ἑαυτῶν,
1022 555 1116 608 καὶ
1133 554 1260 609 ἄλλο
1285 552 1660 625 χαλεπώτερον
1689 551 1783 607 τοῦ

196 643 467 713 προτέρου
497 642 792 710 διαδέξεται
819 643 931 714 (55)
957 645 1105 715 ἡμᾶς
1133 643 1417 712 ναυάγιον,
1442 642 1538 697 τοῦ
1566 643 1669 714 τῆς
1701 659 1787 696 κε-

198 731 442 797 νοδοξίας
462 730 918 797 ἀντιπνεύσαντος
968 732 1243 802 δαίμονος.
1282 730 1374 785 Διὸ
1403 732 1553 785 καΥὸ
1580 729 1787 802 Κύριος

197 819 356 887 ἡμῶν
380 821 439 874 ὲν
462 821 579 883 τοῖς
604 818 957 886 Εὐαγγελίοις
983 819 1073 873 τὸν
1121 818 1462 891 κυϐερνήτην
1504 816 1631 873 νοῦν
1660 834 1788 871 παι-

200 905 371 960 δεύων
425 906 626 977 φησίν·
682 924 702 959 ι
735 905 1036 977 Προσέχετε
1092 907 1193 980 τὴν
1225 905 1593 979 ἐλεημοσύνην
1634 905 1790 977 ὑμῶν

209 994 284 1064 μὴ
311 996 486 1048 ποιεῖν
528 992 837 1066 ἔμπροσθεν
862 994 971 1048 τῶν
1022 994 1347 1067 ἀνθρώπιον,
1379 995 1516 1067 πρὸς
1568 994 1632 1049 τδ
1653 994 1782 1049 θεα·

206 1083 368 1154 θῆναι
392 1083 590 1148 αύτούς
621 1084 767 1155 (56)’
838 1085 888 1137 ει
918 1084 978 1139 δὲ
1040 1086 1205 1157 μήγε,
1270 1084 1461 1156 μισθὸν
1510 1084 1612 1139 οὐκ
1637 1083 1790 1155 ἔχετε

207 1174 360 1243 παρὰ
379 1173 456 1245 τῷ
479 1175 654 1245 Πατρὶ
677 1174 836 1246 ήμῶν
863 1176 977 1247 (3'1)
1003 1175 1083 1247 τῷ
1105 1177 1166 1231 ιν
1188 1178 1301 1240 τοῖς
1322 1176 1591 1249 οὐρανοῖς.
1615 1194 1635 1228 ι
1681 1174 1792 1229 Καὶ

208 1262 411 1318 πάλιν·
470 1264 680 1319 «Ὅταν
724 1264 1105 1336 προσεύχησθε
1167 1264 1315 1337 ('53),
1341 1284 1361 1317 ι
1407 1264 1592 1335 φησιν,
1647 1284 1665 1315 ι
1693 1263 1794 1317 οὐκ

208 1350 397 1405 ἔσεσθε
426 1351 615 1424 ῶσπερ
640 1354 692 1407 οί
720 1354 1013 1426 ὑποκριταὶ
1062 1353 1269 1409 ποιοῦσι
1306 1355 1440 1426 (59),
1480 1355 1564 1408 ὅτι
1610 1353 1795 1423 φιλοῦ-

213 1458 299 1495 σιν
334 1442 395 1496 ἐν
427 1444 550 1507 ταῖς
594 1446 938 1514 συναγωγαῖς
982 1445 1078 1499 καὶΙ
1121 1445 1180 1500 ὲν
1203 1448 1324 1509 ταῖς
1370 1445 1653 1509 πλατείαις
1680 1443 1794 1516 (ιο)

219 1532 454 1596 ἑστῶτες
474 1534 888 1621 προσεύχεσθαι,
918 1536 1068 1600 ὅπως
1097 1535 1308 1606 φανῶσι
1333 1537 1445 1599 τοῖς
1470 1533 1794 1607 ἀνθρώποις.

225 1622 400 1694 ’Δμὴν
422 1621 565 1691 λέγω
591 1624 723 1695 ὑμῖν
740 1641 754 1655 ·
783 1624 1044 1695 ἀπέχουσι
1069 1624 1163 1678 τὸν
1186 1624 1377 1695 μισθὸν
1406 1624 1610 1680 αὐτῶν.
1637 1625 1800 1700 mihi.

1890 523 2141 606 acerbius
2162 548 2394 618 excipiet
2426 562 2523 604 nos
2540 547 2905 618 naufragium,
2933 552 3120 601 contra
3151 523 3325 597 flante.
3351 541 3467 597 da:-

1887 653 2047 694 mone
2081 639 2258 694 inanis
2290 637 2493 708 glorire.
2552 636 2817 704 Quocirca
2853 633 3110 690 Dominus
3149 637 3335 687 noster
3362 646 3462 701 gu-

1885 727 2229 784 bernatorem
2276 729 2514 791 animum
2567 726 2864 782 erudiendo
2910 725 2965 779 in
3018 722 3321 793 Evangeliis
3347 721 3461 775 ait:

1895 833 1916 869 ι
1944 816 2217 872 Attendite
2241 830 2309 872 ne
2332 815 2730 885 eleemosynam
2775 822 3007 870 vestram
3044 812 3256 869 faciatis
3280 824 3466 875 coram

1887 906 2217 971 hominibus,
2244 914 2306 962 ut
2339 906 2629 963 videamini
2662 907 2729 961 ab
2752 905 2861 972 eis;
2892 904 3130 975 alioquin
3156 904 3460 958 mercedem

1889 1012 1995 1053 non
2038 997 2306 1053 habebitis
2353 999 2492 1067 apud
2540 995 2752 1052 Patrem
2805 1004 3064 1062 vestrum,
3096 997 3185 1065 qui
3220 996 3274 1049 in
3312 993 3467 1048 cmlis

1889 1088 2055 1158 esu“.
2083 1105 2104 1141 ι
2131 1086 2403 1142 Etiterum
2426 1103 2441 1141 :
2465 1106 2483 1140 ι
2511 1087 2642 1145 Cum
2664 1088 2881 1151 oratisn
2914 1086 3105 1156 inquit,
3137 1106 3154 1137 ι
3182 1100 3284 1139 non
3312 1083 3466 1139 eritis

1890 1178 2034 1234 sicut
2061 1178 2374 1249 hypocrita,
2403 1177 2529 1247 quia
2558 1186 2741 1231 amant
2778 1179 2831 1231 in
2879 1175 3163 1248 synagogis
3189 1185 3245 1229 et
3272 1173 3465 1244 plateis

1891 1278 2099 1325 stantes
2136 1284 2315 1334 orare,
2355 1277 2415 1323 ut
2466 1269 2751 1324 videantur
2790 1269 2858 1323 ab
2912 1267 3237 1323 hominibus.
3288 1265 3462 1320 Amen

1893 1359 2018 1415 dico
2068 1358 2243 1421 vobis,
2297 1366 2618 1428 receperunt
2664 1357 2965 1412 mercedem
3031 1368 3184 1409 suam
3236 1353 3307 1406 ".
3344 1371 3362 1404 ι
3401 1352 3465 1405 Et

1896 1464 2085 1506 rursus
2112 1450 2187 1505 ait
2216 1466 2233 1505 :
2263 1467 2285 1502 ι
2312 1449 2448 1504 Cum
2475 1457 2654 1502 autem
2683 1446 2971 1518 ieiunatis,
2989 1447 3155 1501 nolite
3176 1458 3298 1500 esse
3330 1443 3472 1498 sicut

1898 1539 2217 1612 hypocrita,
2248 1540 2434 1595 tristes
2465 1555 2481 1594 :
2521 1539 2887 1594 exterminant
2936 1539 3082 1592 enim
3118 1535 3284 1591 facies
3316 1548 3468 1597 suas,

1900 1637 1959 1683 ut
1984 1636 2281 1698 appareant
2337 1624 2651 1682 hominibus
2672 1625 2999 1696 iejuuantes.
3035 1625 3204 1678 Amen
3237 1621 3359 1676 dico
3379 1635 3474 1675 vo-

217 1713 379 1767 πάλιν
408 1712 555 1782 λέγει
573 1729 588 1744 ·
622 1731 641 1765 ι
670 1714 841 1769 Ὅταν
867 1714 925 1768 δὲ
948 1715 1265 1786 νηστεύητε,
1294 1715 1369 1787 μὴ
1398 1714 1587 1769 ἔσεσθε
1612 1716 1803 1789 ῶσπερ

1907 1720 2013 1784 bis,
2048 1729 2366 1789 receperunt
2402 1718 2704 1773 mercedem
2736 1731 2889 1773 suam
2915 1717 2981 1770 ιο.
3023 1735 3041 1769 ι
3078 1713 3184 1771 Sed
3231 1712 3475 1768 conside-

214 1803 267 1856 οἱ
302 1802 596 1875 ὑποκριταὶ
628 1803 975 1875 σκυθρωποί’
1003 1783 1333 1875 *ἀφανίζουσι
1524 1806 1594 1862 τὰ
1635 1783 1802 1880 πρόσ-

1910 1809 2132 1865 randutn
2169 1808 2269 1862 hoc
2296 1807 2349 1861 in
2384 1807 2500 1861 loco
2527 1815 2630 1871 est,
2666 1821 2774 1876 quo
2808 1814 2966 1876 pacto
2994 1806 3231 1860 medicus
3265 1804 3475 1857 anima-

216 1909 343 1947 ωπα
380 1891 583 1958 αὐτῶν,
624 1893 771 1956 ὅπως
796 1893 1008 1962 φανῶσι
1033 1896 1146 1958 τοῖς
1184 1894 1492 1965 ἀνθρώποις
1520 1894 1805 1967 νηστεύον-

1912 1914 2057 1965 rum,
2081 1914 2176 1969 per
2195 1898 2600 1969 cleemosynam
2621 1900 2755 1952 iram
2773 1903 2947 1962 curet,
2976 1911 3037 1950 ac
3065 1911 3159 1965 per
3180 1894 3478 1949 orationem

216 1999 328 2046 τις.
347 1983 517 2054 ’Δμὴν
549 1980 692 2051 λέγω
729 1984 889 2054 ὑμῖν·
911 1983 1177 2054 ἀπέχουσι
1201 1985 1294 2038 τὸν
1325 1985 1514 2056 μισθὸν
1557 1984 1756 2040 αὐτῶν.
1777 2001 1799 2039 a

1911 1997 2144 2043 mentem
2178 1987 2454 2054 emundet,
2476 1987 2800 2056 demumque
2832 1983 3206 2055 perjejunium
3234 1982 3473 2051 vigorem

233 2070 395 2127 ’Δλλὰ
426 2071 759 2142 προσεκτέον
817 2071 1053 2127 ἐνταῦθα
1106 2073 1186 2143 τῷ
1230 2073 1396 2146 ίατρῷ
1434 2073 1546 2127 τῶν
1589 2073 1800 2145 ψυχῶν,

1910 2076 2222 2149 cupiditatis
2265 2074 2515 2144 frangat;
2548 2091 2612 2131 ex
2658 2078 2855 2147 quibus
2888 2073 3223 2144 componitur
3260 2090 3279 2123 ι
3308 2083 3479 2125 novus

220 2163 341 2227 πῶς
364 2163 454 2217 διὰ
482 2163 582 2235 μὲν
611 2164 711 2234 τῆς
759 2163 1131 2236 ὲλεημοσύνης
1160 2165 1252 2218 τὸν
1287 2165 1456 2235 θυμὸν
1489 2165 1803 2238 θεραπεύει,

1909 2171 2091 2237 homo,
2124 2168 2214 2237 qui
2249 2176 2537 2223 renovatur
2576 2169 2869 2224 secundum
2898 2165 3183 2235 imaginem
3220 2165 3359 2231 ejus,
3384 2159 3478 2229 qui

221 2253 312 2307 διά
339 2253 397 2306 δὲ
430 2253 530 2324 τῆς
558 2255 867 2325 προσευχῆς
892 2254 985 2307 τὸν
1008 2254 1134 2307 νοῦν
1169 2254 1450 2326 καθαρίζει
1470 2270 1485 2285 ·
1517 2254 1611 2308 καὶ
1643 2254 1805 2309 πάλιν

1908 2260 2113 2316 creavit
2139 2259 2284 2314 illum
2316 2258 2389 2325 ¹⁹;
2429 2277 2448 2309 ι
2493 2258 2545 2311 in
2570 2272 2678 2327 quo
2709 2274 2731 2308 ι
2760 2272 2864 2312 ηοη
2920 2265 3003 2311 εει
3035 2272 3053 2306 ι
3081 2254 3151 2310 ob
3171 2251 3479 2321 impassibi-

221 2344 311 2398 διὰ
350 2345 449 2416 τῆς
484 2344 738 2415 νηστείας
781 2346 881 2417 τὴν
933 2344 1232 2416 ἐπιθυμίαν
1279 2347 1705 2416 καταμαραίνειι
1746 2345 1806 2413 ὲξ

1911 2348 2114 2404 litatem
2156 2367 2174 2399 4
2211 2346 2480 2401 masculus
2502 2355 2556 2401 et
2580 2346 2801 2410 femina,
2824 2362 2844 2398 ι
2871 2357 3043 2412 neque
3074 2351 3288 2412 propter
3310 2352 3474 2393 unam

222 2429 300 2489 ὧν
335 2434 648 2489 συνίσταται
681 2455 700 2488 ι
737 2439 766 2490 ὁ
795 2437 916 2501 νέος
964 2436 1269 2508 ἄνθρωπος,
1294 2438 1324 2489 ὁ
1350 2436 1808 2513 άναξαινούμενος

1914 2438 2072 2493 fidem
2100 2447 2156 2490 et
2201 2437 2515 2491 cliaritatem
2552 2454 2571 2487 ι
2611 2434 2825 2506 gentilis
2870 2442 2929 2501 et
2960 2432 3209 2496 ludens,
3245 2429 3485 2485 circum-

225 2524 347 2577 κατ⁸
394 2524 577 2578 εἰκόνα
597 2525 690 2578 τοῦ
724 2525 1008 2589 κτίσαντος
1037 2526 1199 2579 αὑτὸν
1220 2566 1236 2587 ,
1265 2545 1282 2576 ι
1320 2527 1377 2579 ὲν
1480 2545 1498 2576 ι
1528 2528 1627 2579 οὐκ
1659 2526 1760 2591 ἐνι,
1785 2546 1804 2580 ι

1915 2527 2047 2582 cisio
2074 2534 2129 2581 ct
2160 2527 2503 2596 prmpulium,
2558 2523 2823 2579 barbarus
2869 2532 2925 2579 et
2956 2521 3180 2593 Scytha,
3213 2533 3402 2576 servus
3430 2526 3487 2574 et

225 2614 316 2668 διὰ
342 2614 437 2685 τὴν
485 2615 774 2678 ἀπάθειαν,
802 2634 821 2666 ι
845 2616 1012 2687 ἄρσεν
1033 2617 1126 2670 καὶ
1178 2617 1332 2688 θῆλυ,
1364 2638 1383 2670 ι
1420 2618 1565 2682 οὐδὲ,
1597 2617 1688 2673 διὰ
1712 2618 1808 2691 τὴν

1921 2618 2094 2684 liber;
2124 2616 2217 2672 sed
2249 2616 2430 2670 omnia
2470 2625 2523 2670 et
2552 2617 2606 2670 in
2644 2614 2898 2670 omnibus
2919 2614 3169 2669 Christus
3194 2611 3263 2667 ¹’.
3301 2630 3323 2663 ι

230 2710 363 2779 μίαν
388 2710 568 2763 πίστιν
605 2710 699 2763 καὶ
727 2710 966 2781 ἀγάπην,
1003 2728 1022 2762 ι
1057 2710 1256 2782 Ἕλλην
1298 2713 1391 2765 καὶ
1426 2711 1695 2777 Ἰουδαῖος,
1738 2712 2009 2784 περιτομὴ
2048 2711 2144 2766 καὶ
2184 2710 2537 2782 ἀκροδυστία,
2585 2708 2858 2781 βάρϐαρος
2914 2708 3010 2761 καὶ
3083 2706 3197 2778 (41)
3246 2703 3491 2775 Σκύθης,

229 2799 419 2863 δοῦλος
444 2799 537 2853 καὶ
560 2798 862 2869 ἐλεύθερος,
912 2798 1049 2852 ἀλλὰ
1093 2800 1271 2854 πάντα
1321 2801 1417 2854 καὶ
1438 2802 1496 2854 ὲν
1524 2803 1660 2855 πᾶσι
1692 2802 1950 2873 Χριστός.
1984 2821 2005 2854 ι

302 2890 417 2946 ΞΜ.
463 2892 575 2962 (42)
603 2894 665 2946 υἱ
692 2892 990 2964 ἀκάθαρτοι
1025 2893 1274 2964 λογισμοὶ
1308 2894 1396 2947 διά
1417 2893 1486 2947 τά
1511 2894 1657 2965 πάθη
1689 2912 1808 2966 χρο-

1996 2893 2178 2949 LXIV.
2227 2895 2451 2962 Impera:
2483 2891 2839 2961 cogitationes
2871 2890 2996 2945 dum
3053 2891 3122 2946 ob
3168 2889 3388 2946 affectus
3433 2889 3489 2946 in

232 2980 471 3045 νίζοντες
498 2981 556 3034 ὲν
588 2982 741 3049 ἡμῖν,
774 2979 1072 3047 κατάγουσι
1100 2980 1193 3033 τὸν
1217 2979 1342 3034 νοῦν
1369 2982 1448 3039 είς
1475 2979 1695 3050 ὄλεθρον
1720 2981 1808 3035 καὶ

1923 2987 2079 3039 nobis
2127 2986 2218 3039 diu
2268 2993 2508 3046 manent,
2541 2995 2771 3047 mentem
2804 2984 2855 3036 iu
2888 2983 3162 3037 interitum
3209 2992 3264 3036 et
3313 2983 3492 3050 perdi-

231 3068 528 3124 άπώλειαν.
556 3070 767 3141 Ὠσπερ
799 3072 909 3141 γάρ
941 3069 1005 3123 τὸ
1033 3069 1210 3141 νόημα
1253 3069 1351 3123 τοῦ
1375 3070 1540 3138 ἄρτου
1575 3068 1808 3140 χρονίζει

1928 3074 2125 3128 tionem
2189 3075 2474 3129 deducunt.
2528 3072 2600 3128 Ut
2643 3074 2787 3126 enim
2819 3072 2965 3126 notio
3001 3056 3152 3140 panis
3185 3081 3493 3141 perseverat

236 3163 297 3213 ὲν
323 3160 403 3230 τῷ
446 3162 719 3227 πεινῶντι,
774 3161 863 3215 διά
905 3161 1005 3231 τὴν
1045 3164 1255 3223 πεῖναν,
1290 3161 1385 3214 καὶ
1423 3160 1484 3213 τὸ
1521 3159 1697 3232 νόημα
1724 3160 1808 3215 τοῦ

1921 3162 1974 3217 in
1998 3177 2063 3218 eo
2090 3164 2180 3235 qui
2212 3163 2402 3226 esurit,
2447 3170 2665 3231 propter
2708 3162 2929 3226 famem,
2965 3172 3019 3216 et
3050 3164 3197 3218 notio
3256 3178 3410 3232 aquae
3439 3162 3493 3217 in

239 3250 434 3314 ὓδατος
481 3252 540 3304 ὲν
567 3250 647 3321 τῷ
686 3250 929 3320 διψῶντι,
961 3249 1050 3304 διὰ
1099 3251 1199 3323 τὴν
1226 3249 1384 3319 δίψαν
1410 3266 1423 3280 ’
1458 3249 1602 3304 οὕτω
1632 3251 1727 3305 καὶ
1753 3249 1808 3303 τὰ

1922 3254 2154 3320 sitiente,
2215 3256 2284 3310 ob
2326 3254 2509 3310 sitim:
2569 3252 2643 3308 ita
2687 3253 2850 3307 etiam
2903 3252 3246 3322 pecuniarum
3282 3265 3497 3322 posses-

239 3342 488 3412 νοήματα
516 3340 623 3394 τῶν
648 3340 947 3411 χρημάτων
982 3340 1076 3393 καὶ
1106 3338 1401 3412 κτημάτων
1456 3340 1699 3413 χρονίζει
1735 3339 1808 3393 διό

1924 3348 2245 3415 slonumque
2298 3345 2546 3401 notiones
2590 3353 2912 3412 permanent
2968 3343 3212 3396 avaritia!
3266 3357 3416 3411 ergo,
3439 3350 3495 3396 et

240 3434 344 3503 τὴν
365 3432 701 3498 πλεονεξίαν,
740 3433 835 3487 καὶ
867 3432 938 3485 τά
981 3433 1226 3502 νοήματα
1265 3431 1373 3484 τῶν
1406 3430 1709 3503 βρωμάτων
1731 3430 1808 3484 κα¹

1925 3433 2173 3489 notiones
2221 3434 2485 3495 ciborum,
2518 3432 2864 3500 turpimuque
2890 3430 3250 3498 cogitaturum
3282 3443 3401 3498 qua:
3429 3444 3498 3482 cx

241 3526 354 3581 τῶν
373 3526 705 3598 τικτομένων
760 3525 1001 3596 αἰσχρῶν
1048 3523 1325 3594 λογισμῶν
1376 3525 1441 3577 ὲκ
1470 3523 1579 3576 τῶν
1604 3522 1808 3593 βρῶμά·

1926 3525 2152 3594 dapibus
2199 3524 2473 3589 oriuntur,
2531 3524 2619 3577 diu
2661 3531 2938 3576 remanent
2987 3519 3274 3573 affectuum
3308 3533 3500 3573 causa.

244 3635 376 3682 των,
432 3617 667 3689 χρονίζει
711 3615 800 3670 διὰ
849 3617 921 3670 τὰ
953 3614 1127 3686 πάθη·
1168 3613 1303 3667 ἀλλὰ
1354 3614 1447 3668 καὶ⁹
1475 3612 1701 3666 ἐπὶτῶν
1730 3612 1808 3683 τῆς

1930 3613 2036 3669 Sed
2069 3623 2123 3670 et
2175 3616 2226 3668 in
2264 3614 2680 3683 cogitationibus
2712 3627 2860 3666 vanae
2892 3611 3077 3682 gloriae
3106 3611 3343 3677 itemque
3377 3606 3502 3662 reli~

246 3706 551 3773 κενοδοξίας
580 3703 854 3776 λογισμῶν
888 3704 985 3758 καὶ¹
1034 3703 1126 3755 ἐπὶ
1158 3701 1266 3769 τῶν
1294 3701 1469 3754 ἄλλων
1520 3698 1827 3770 νοημάτων,

248 3794 451 3866 ὁμοίως
490 3792 951 3864 φανερωθήσεται.
990 3790 1105 3844 Οὐκ
1150 3789 1267 3842 ἔστι
1317 3787 1375 3841 δὲ
1408 3785 1533 3840 νοῦν
1575 3784 1831 3855 πνιγόμεο

250 3903 343 3940 νον
367 3884 471 3937 ὑπὸ
513 3883 622 3936 τῶν
655 3881 907 3936 τοιούτων
941 3879 1248 3950 νοημάτων,
1298 3878 1640 3948 παραστῆναι
1691 3873 1831 3945 Θεῷ,

253 3977 351 4030 καὶ
382 3975 474 4029 τὸν
506 3974 603 4046 τῆς
626 3972 971 4041 δικαιοσύνης
1017 3967 1387 4040 ἀναδήσασθαι
1421 3967 1700 4036 στέφανον.
1741 3965 1837 4018 Ἐκ

253 4066 460 4120 τούτων
492 4065 599 4137 γὰρ
629 4064 735 4117 τῶν
767 4060 1041 4133 λογισμῶν
1074 4058 1502 4129 κατασπώμενος
1534 4057 1629 4111 καὶ
1649 4059 1708 4110 ὲν
1726 4057 1837 4119 τοῖς

257 4155 612 4223 Εὐαγγελίοις
642 4156 848 4216 ἐκεῖνος
877 4154 907 4206 ὀ
939 4150 1248 4224 τρισάθλιος
1302 4148 1448 4211 νοῦς,
1485 4147 1546 4200 τὸ
1571 4148 1669 4216 τῆς
1697 4146 1835 4214 γνώ-

263 4262 401 4309 σεως
427 4243 520 4298 τοῦ
555 4243 688 4297 Θεοῦ
711 4244 933 4315 ἄριστον.
960 4242 1332 4313 παρῃτήσατο.
1363 4239 1474 4291 Καὶ
1523 4237 1684 4290 πάλιν
1710 4240 1739 4290 ὁ
1758 4236 1844 4289 δε-

1930 3706 2072 3778 quis,
2100 3704 2218 3776 pari
2265 3705 2427 3760 modo
2458 3703 2758 3774 apparebit.
2798 3702 2915 3758 Non
2963 3699 3279 3757 conceditur
3324 3705 3502 3752 autem

1934 3798 2096 3852 menti
2130 3796 2324 3851 talibus
2350 3795 2597 3863 cogitatis
2626 3792 2919 3854 suffocatur,
2964 3801 3021 3846 ut
3062 3789 3281 3845 assistat
3318 3801 3504 3842 coram

1936 3888 2066 3953 Deo,
2116 3884 2427 3954 acjustitia:
2469 3893 2706 3955 reportet
2735 3897 3010 3939 coronam.
3069 3881 3138 3934 lis
3169 3881 3367 3949 quippe
3411 3892 3503 3932 co-

1936 3978 2284 4049 gitationilms
2326 3978 2584 4032 distracta
2626 3975 2930 4030 miserrima
2985 3972 3069 4027 illa
3126 3972 3177 4025 in
3210 3968 3511 4039 Evangeliis

1939 4082 2110 4132 mens,
2149 4067 2472 4137 cognitionis
2515 4066 2616 4120 Dei
2664 4064 2945 4130 prandium
2997 4060 3266 4115 recusavit
3298 4058 3365 4110 ¹¹.
3395 4057 3508 4112 Ad—

1938 4160 2151 4227 lmcque
2178 4160 2267 4227 qui
2317 4157 2511 4228 ligatus
2554 4155 2653 4209 fuit
2690 4154 2939 4208 manibus
2976 4162 3031 4206 et
3064 4151 3308 4222 pedibus,
3348 4158 3511 4217 atque

1944 4253 1996 4305 in
2035 4251 2283 4303 tenebras
2313 4248 2615 4301 exteriores
2660 4244 2878 4307 missus,
2910 4258 2976 4298 ex
3022 4239 3321 4296 istiusmodi
3367 4239 3513 4308 cogi-

262 4335 565 4406 σμούμενος
597 4337 783 4406 χεῖρας
830 4334 925 4387 καί⁹
978 4332 1165 4395 πόδας,
1203 4330 1297 4384 καὶ
1327 4331 1406 4392 εἰς
1461 4328 1524 4380 τὸ
1574 4327 1808 4396 ὲξώτερο

1945 4338 2233 4393 tatiOnilms
2261 4347 2467 4389 vestem
2522 4334 2709 4389 [tabuit
2747 4343 3077 4396 contextam,
3106 4344 3264 4399 quem
3312 4341 3416 4382 non
3439 4327 3514 4381 di-

264 4428 453 4490 σκότος
485 4426 826 4497 βαλλόμενος,
847 4426 913 4478 ἐκ
931 4424 1135 4477 τούτων
1157 4421 1266 4474 τῶν
1290 4418 1563 4489 λογισμῶν
1583 4414 1691 4489 εἶχε
1709 4421 1808 4472 καθ

1907 4439 2109 4496 »ειιιιιη
2141 4439 2263 4480 esse
2317 4423 2512 4477 talibus
2556 4421 2781 4490 nuptiis,
2829 4422 2919 4488 qui
2960 4422 3246 4472 vocaverat
3277 4428 3515 4484 prouun-
3614 4486 3619 4491 ε

265 4517 576 4587 υφασμένον
618 4516 680 4569 τὸ
736 4515 959 4585 ἔνδυμα,
988 4514 1158 4582 ὅνπερ
1208 4512 1310 4563 οὐκ
1335 4508 1483 4574 ἄξιον
1510 4510 1619 4562 τῶν
1666 4508 1808 4562 τοιού

1947 4518 2118 4573 tiavit.
2168 4516 2374 4571 Idcirco
2430 4512 2598 4568 vestis
2643 4509 2896 4580 nuptialis
2937 4519 3055 4571 est,
3112 4504 3517 4575 impassibilitas

264 4626 376 4662 των
399 4607 591 4677 γάμων
641 4608 671 4661 ὁ
702 4606 936 4669 καλέσας
969 4605 1285 4675 ἀπεφήνατο
1316 4598 1477 4654 εἶναι.
1527 4600 1617 4652 Διὸ
1644 4598 1808 4670 ἔνδυμ

1948 4609 2141 4663 animm
2168 4605 2469 4670 rationalis,
2506 4619 2626 4673 quas
2652 4600 2836 4656 mundi
2866 4599 3187 4669 cupiditates
3209 4592 3516 4662 abnegavit.

268 4701 387 4752 ἐστι
419 4699 690 4770 γαμικὸν,
747 4697 984 4753 ἀπάθεια
1034 4695 1211 4766 ψυχῆς
1279 4692 1525 4761 λογικῆς,
1580 4691 1808 4761 κοσμικὰ

1950 4699 2217 4755 C:eterum
2257 4714 2379 4770 qua:
2413 4711 2575 4753 causa
2628 4694 2718 4762 sit,
2756 4699 2813 4746 ut
2842 4705 3019 4745 rerum
3051 4684 3387 4742 sensibilium
3418 4698 3518 4738 no-

269 4790 656 4862 ὰρνησαμένης
709 4789 1022 4860 ἐπιθυμίας.
1048 4787 1146 4850 Τίς
1194 4785 1251 4838 δὲ
1275 4786 1307 4856 ή
1337 4783 1486 4837 αἰτία
1513 4781 1607 4835 τοῦ
1626 4782 1696 4836 τά
1723 4782 1808 4851 νοή

1955 4792 2128 4845 tiones
2162 4831 2177 4856 ,
2229 4790 2466 4860 qttaudiu
2509 4787 2725 4849 durant,
2761 4784 3111 4849 cerrumpant
3134 4774 3518 4846 cognitionem,

275 4898 425 4954 ματα
444 4882 550 4937 τῶν
578 4882 849 4954 αἰσθητῶν
882 4880 1225 4954 πραγμάτοιν
1267 4875 1582 4948 χρονίζοντα
1608 4872 1808 4942 διαφθει

1954 4882 2010 4937 in
2033 4882 2296 4952 capitibus
2325 4880 2394 4936 de
2416 4877 2661 4935 oratione
2707 4875 2937 4929 dicetur.

242 4969 393 5050 ’pstv
420 4976 520 5048 τὴν
555 4977 783 5046 γνῶσιν,
810 4976 866 5029 ὲν
897 4977 1009 5038 τοῖς
1042 4972 1169 5044 περὶ
1199 4966 1506 5041 προσευχῆς
1539 4964 1853 5034 κεφαλαίοις

273 5067 597 5143 λεχθήσεται
619 5068 755 5139 (45).

353 5222 399 5256 ⁸⁸
431 5222 620 5278 Matth.
652 5236 724 5288 vr,
754 5222 805 5276 1.
885 5220 925 5253 ¹⁷
964 5218 1099 5275 ibid.
1118 5217 1174 5274 5.
1251 5216 1295 5249 “
1342 5214 1474 5272 ibid.
1513 5211 1598 5269 16.
1715 5210 1808 5267 ιι’(

1907 5224 1995 5266 iss.
2031 5226 2116 5275 ut,
2153 5212 2238 5276 to,
2280 5209 2366 5265 tl.
2477 5206 2522 5238 ¹⁰
2558 5204 2676 5261 Gal.
2714 5201 2907 5269 m,28.
3017 5202 3061 5234 ἰ
3094 5197 3281 5254 Matth.
3311 5207 3449 5259 xm,
3473 5190 3527 5258 5,

282 5292 483 5361 12,l5.

357 5444 475 5513 (35)
507 5443 589 5498 Ai.
616 5441 944 5513 διαδέξηται.

2307 5422 2530 5513 γωνίαις
2553 5422 2664 5476 τῶν
2688 5418 2979 5474 πλατειῶν.

382 5494 473 5570 sas
500 5494 829 5570 scaeas:

2037 5494 2151 5570 (Η)
2179 5499 2342 5570 Abest
2371 5495 2437 5548 ab
2460 5494 2531 5570 a_l_.

359 5502 475 5653 iiii
494 5502 829 5653 ἓὲίξὲεῖῖςῖἑῖί
936 5650 950 5653 -

2177 5502 2686 5653 ἓθθὲξξὲἕῗῖίάντες
2718 5558 2799 5615 δέ.
2853 5559 2859 5563 ’

358 5580 475 5720 ῗιίι)
494 5581 601 5637 Nil.
641 5580 816 5653 ὑμῶν.

386 5655 479 5724 58)
507 5653 592 5724 Al.
626 5650 1010 5724 προσεύχεσθε.

2040 5580 2154 5640 (42)
2177 5580 2260 5622 Al.
2279 5580 2664 5690 grxp.'ttav-ce«

2043 5639 2153 5711 (45)
2193 5637 2249 5692 ln
2330 5637 2398 5689 ilo
2428 5646 2664 5703 εερηται.

366 5719 480 5785 (39)
512 5719 684 5779 Abest
705 5737 736 5777 a
763 5719 901 5777 Nilo.
