3888 6284
467 338 601 396 Ιίὖθ

416 444 423 451 ’
526 450 685 506 LXV.
718 452 758 506 A
783 451 1114 507 daemonibus
1146 450 1400 506 immissa!
1446 450 1754 522 cogitationi
1789 434 1899 508 tuis
1925 466 2018 522 op.
2048 457 2090 512 Α

467 551 735 613 ponuntur
777 542 1156 612 cogitationes,
1200 555 1318 609 qua:
1350 552 1628 610 amputant
1661 557 1780 598 eam
1809 542 2026 625 quando

467 635 516 688 in
561 642 739 688 mente
766 634 1062 701 perdurat:
1097 631 1184 687 illa
1216 647 1332 701 quae
1383 634 1449 686 ab
1488 634 1692 702 angelis
1715 635 2023 704 suppedita-

466 736 573 789 tur,
614 723 701 777 illa
740 736 860 792 qua:
912 736 976 796 ex
1030 731 1215 778 nostra
1256 723 1530 777 voluntate
1558 724 1729 778 oritur
1755 726 1807 779 in
1838 724 2027 781 melius

466 810 849 880 propendente,
878 818 934 864 et
961 809 1048 865 illa
1076 825 1238 879 quam
1270 811 1499 866 humana
1530 821 1745 866 natura
1776 812 2024 883 largitur.

464 913 517 956 et
538 903 692 972 juxta
730 916 888 971 quam
912 902 1130 957 excitati
1180 902 1342 957 etiam
1379 904 1577 959 ethnici
1608 943 1623 969 ,
1647 905 1871 977 diligunt
1900 906 2028 961 libe-

465 1007 554 1048 ros
581 1007 730 1059 suos,
758 1007 822 1049 ac
850 1002 1103 1062 parentes
1132 1007 1260 1049 suos
1311 994 1598 1049 honorant.
1631 995 1844 1050 Atvero
1876 995 2027 1050 bona:

466 1079 774 1150 cogitationi
827 1081 931 1135 duo
963 1089 1168 1134 tantunt
1220 1079 1490 1136 obsistunt
1516 1083 1748 1152 cogitata
1785 1082 2026 1138 :dzemo-

465 1169 705 1235 niacum,
742 1169 994 1239 quodque
1032 1185 1060 1222 a
1097 1168 1473 1224 liheronosuo
1504 1170 1746 1239 procedit
1776 1170 2024 1236 arbitrio,

466 1260 553 1314 ubi
589 1261 655 1313 ad
713 1259 910 1313 malum
960 1258 1214 1315 declinat.
1250 1258 1380 1314 Nam
1432 1275 1497 1314 ex
1535 1270 1724 1315 natura
1774 1262 2028 1332 cogitatio

466 1347 609 1402 nulla
646 1347 784 1401 mala
837 1348 1130 1416 egreditur.
1184 1347 1319 1413 Quia
1363 1347 1629 1417 principio
1670 1348 1794 1401 ntali
1826 1349 2023 1403 conditi

466 1453 571 1493 uou
605 1438 838 1504 fuimus;
874 1438 1116 1506 quinimo
1164 1437 1360 1491 bonum
1386 1453 1566 1492 semen
1597 1439 1879 1494 seminavit
1924 1439 2028 1495 Do-

465 1529 642 1583 minus
691 1528 743 1581 iu
774 1543 904 1599 agro
934 1542 1030 1583 suo
1058 1529 1125 1579 ¹¹.
1184 1527 1367 1597 Neque
1400 1529 1544 1583 enim
1582 1530 1841 1600 quidquid
1891 1532 2026 1586 reci-

465 1631 591 1686 pere
618 1617 878 1681 valemus,
916 1617 1073 1685 lmjus
1118 1616 1273 1686 plane
1303 1617 1562 1672 habemus
1592 1629 1645 1672 et
1678 1618 2021 1686 facultatem;

464 1705 895 1773 quandoquidem
938 1707 1027 1775 qui
1084 1720 1189 1760 non
1247 1720 1367 1761 esse
1410 1722 1717 1775 possumus,
1749 1725 1853 1765 non
1893 1712 2029 1767 exsi-

465 1796 638 1851 stendi
671 1795 979 1851 facultatem
1010 1810 1113 1851 non
1160 1794 1455 1863 habemus;
1502 1811 1694 1867 nempe
1742 1797 2025 1856 facultates
2061 1784 2098 1837 ίῖ

464 1885 749 1955 qualitates
799 1898 951 1952 sunt;
993 1885 1134 1955 quod
1182 1897 1356 1941 autem
1398 1903 1503 1942 non
1533 1897 1635 1954 est,
1666 1891 1896 1959 qualitas
1920 1908 2023 1948 non

463 1984 563 2031 est.
592 1977 798 2031 Etenim
839 1976 941 2031 fuit
964 1991 1082 2032 cum
1113 1977 1310 2032 malitia
1343 1993 1447 2033 non
1475 1989 1641 2045 esset,
1665 1981 1876 2052 eritque
1901 1998 2023 2038 cum

467 2076 565 2117 nec
611 2064 737 2117 erit.
776 2061 1003 2119 Virtutis
1065 2072 1212 2119 certe
1269 2068 1474 2120 semina
1518 2067 1683 2123 deleri
1730 2080 2024 2141 nequeunt.

463 2157 606 2222 quod
639 2165 693 2208 et
742 2154 871 2209 mihi
918 2157 1105 2210 suadet
1157 2156 1307 2211 dives
1339 2158 1425 2212 ille
1456 2160 1815 2229 evangelicus,
1845 2163 1936 2233 qui
1970 2165 2025 2218 in

463 2243 676 2299 inferno
709 2247 1014 2313 damnatus,
1042 2247 1235 2304 fratres
1263 2249 1624 2306 miserebatur
1658 2252 1728 2318 ",
1760 2226 2024 2323 siquidem

462 2336 865 2393 commiseratio
885 2338 1306 2407 pulcherrimum
1339 2343 1554 2399 exsistit
1577 2342 1789 2401 virtutis
1818 2359 2023 2403 semen.

530 2425 715 2482 LXVI.
760 2427 1004 2484 Nonnulli
1061 2442 1186 2487 sunt
1232 2447 1293 2487 ex
1345 2435 1637 2490 immundis
1672 2437 2021 2505 daemonibus,

462 2516 555 2587 qui
598 2517 900 2586 legentibus
943 2535 1154 2589 semper
1180 2524 1436 2587 assident,
1469 2534 1834 2594 conanturque
1877 2542 2025 2583 men-

464 2617 572 2661 tem
603 2621 790 2662 eorum
833 2607 1101 2677 abripere,
1133 2622 1344 2682 sumpta
1377 2628 1750 2683 saepenumero
1778 2618 2025 2674 occasio-

464 2717 531 2756 ne
568 2714 637 2756 ετ
671 2702 801 2772 ipsis
828 2703 1022 2759 divinis
1058 2703 1377 2775 Scripturis,
1417 2716 1471 2763 et
1514 2708 1566 2763 in
1599 2722 1763 2778 prava
1795 2711 2026 2785 cogitata

463 2791 806 2849 desinentes:
839 2794 1104 2849 interdum
1137 2798 1298 2853 etiam
1337 2808 1523 2854 contra
1551 2815 1756 2857 morem
1792 2802 2027 2858 oscitare

466 2892 688 2951 cogunt,
744 2890 906 2955 atque
956 2885 1333 2954 gravissimum
1390 2902 1636 2942 somnum
1706 2890 2025 2955 immittunt,

463 2970 749 3037 plurimum
794 2986 822 3025 a
855 2983 1111 3030 consueto
1141 2975 1433 3041 diversum,
1477 2987 1530 3032 et
1566 2987 1624 3033 ut
1650 2980 1866 3050 quidam
1916 2982 2027 3038 frao

466 3072 604 3115 trum
657 3062 1035 3130 imaginatione
1074 3066 1332 3135 complexi
1379 3078 1527 3131 sunt,
1554 3068 1705 3138 juxta
1734 3075 2025 3143 oppositio-

465 3164 584 3204 nem
618 3151 913 3206 naturalem
948 3153 1266 3211 ineffabilem
1300 3175 1314 3210 :
1343 3158 1484 3228 quod
1509 3174 1610 3231 ego
1638 3177 1757 3217 cum
1789 3162 2032 3235 frequen-

466 3251 548 3295 ter
599 3241 999 3315 observassem,
1064 3249 1300 3316 comperi
1345 3267 1358 3303 :
1403 3262 1692 3321 capessunt
1746 3255 2032 3326 palpebras

466 3346 586 3387 cum
651 3341 766 3389 toto
817 3337 1010 3404 capite,
1081 3340 1238 3409 idque
1304 3344 1518 3412 proprio
1578 3360 1805 3415 corpore
1867 3348 2031 3420 frige-

466 3420 669 3475 factant
711 3440 723 3476 :
769 3423 1053 3480 admodum
1096 3429 1293 3499 quippe
1336 3432 1523 3503 frigida
1573 3445 1697 3489 sunt
1733 3436 2032 3493 datmonum

467 3525 714 3580 corpora.
756 3523 809 3570 et
835 3518 1088 3587 crystallo
1122 3520 1320 3590 similia
1353 3540 1367 3577 :
1399 3524 1538 3579 unde
1576 3533 1630 3581 et
1670 3535 1833 3596 caput
1869 3528 2034 3584 senti-

468 3615 587 3656 mus
633 3601 775 3657 velut
823 3618 853 3659 a
892 3607 1172 3664 cucurbita
1212 3611 1541 3667 medicorum
1591 3624 1877 3672 attractum
1912 3633 2033 3673 eum

468 3691 719 3748 stridore.
758 3692 870 3752 Hoc
906 3708 1084 3754 autem
1116 3699 1337 3766 faciunt,
1377 3713 1435 3758 ut
1466 3704 1685 3761 insitum
1724 3708 1910 3764 cranio
1945 3724 2035 3764 ca-

469 3782 634 3836 lorem
681 3786 747 3839 ad
798 3786 941 3857 ipsos
989 3805 1047 3844 se
1095 3794 1476 3861 pertrahendo,
1526 3798 1794 3867 palpebrae
1849 3809 2034 3868 postea

469 3886 563 3938 per
616 3872 896 3930 humorem
953 3892 1015 3933 ac
1050 3880 1220 3951 frigus
1250 3884 1521 3947 relaxatae,
1553 3887 1930 3944 circumﬂuunt
1968 3890 2035 3945 ad

469 3958 696 4027 pupillas
722 3962 1024 4019 oculorum.
1061 3965 1212 4036 Saepe
1236 3969 1400 4039 igitur
1432 3972 1523 4027 ubi
1561 3977 1910 4042 contrectari,
1932 3976 2037 4047 pal-

469 4050 664 4119 pebras
704 4063 892 4109 nactus
934 4070 1053 4109 sttm
1091 4056 1264 4113 instar
1302 4062 1539 4131 crystalli
1574 4075 1906 4134 compactas,
1950 4078 2033 4124 to-

473 4152 690 4211 tamque
721 4141 913 4199 faciem
945 4152 1170 4202 mortuze
1200 4147 1428 4204 similem
1467 4160 1523 4206 et
1552 4152 1855 4222 horridam;
1898 4166 2036 4212 atta-

472 4245 595 4285 men
642 4246 863 4288 somnus
906 4236 1168 4292 naturalis
1205 4252 1427 4309 corpora
1458 4243 1726 4307 calefacit,
1751 4261 2034 4303 sanorum-

472 4336 576 4389 que
603 4320 782 4376 vultus
822 4323 1021 4379 nitidos
1053 4325 1248 4391 reddit,
1282 4337 1343 4383 ut
1382 4329 1494 4398 ipsa
1529 4347 1743 4401 quoque
1776 4335 2035 4394 discimus

2057 3124 2098 3182 C

471 4411 824 4479 experientia.
866 4412 971 4468 Sed
1002 4414 1074 4470 illi
1102 4431 1166 4470 ex
1195 4433 1290 4473 ore
1325 4434 1427 4474 non
1464 4424 1782 4478 naturaliter
1808 4440 2032 4497 compn-
2066 4445 2111 4504 υ

473 4502 596 4565 site,
629 4510 683 4554 at
713 4503 934 4555 nimium
963 4504 1217 4572 distento,
1246 4510 1620 4568 oscitationem
1647 4514 1870 4582 faciunt,
1903 4528 2041 4575 atte-

473 4601 703 4646 nuautcs
748 4607 806 4647 se
854 4607 916 4648 ac
948 4595 1206 4651 interiora
1238 4600 1346 4656 oris
1374 4616 1720 4673 occupantes.
1759 4608 2039 4665 Verumta-

476 4696 594 4736 men
622 4681 901 4753 hucusque
946 4701 1042 4755 ego
1086 4689 1184 4742 hoc
1217 4706 1319 4747 non
1358 4692 1612 4761 intellexi,
1651 4698 1772 4753 licet
1804 4713 2042 4770 persaepe

473 4788 665 4840 passus
690 4775 829 4843 sint;
887 4787 970 4831 ast
1017 4789 1259 4835 sanetum
1301 4781 1593 4841 Macarium
1630 4790 1806 4844 audivi
1837 4792 1904 4848 de
1942 4792 2043 4849 hoc

474 4864 604 4920 mibi
634 4866 800 4936 loqui,
839 4878 1001 4939 atque
1033 4871 1097 4924 ad
1129 4873 1497 4941 probationem
1530 4877 1786 4935 aﬂ'ercbat
1812 4897 2042 4939 consue-

474 4957 712 5013 tudinem
740 4960 1107 5024 oscitautium,
1137 4978 1199 5016 ns
1229 4979 1382 5018 suum
1420 4969 1692 5024 muniendi
1723 4954 1876 5041 signo
1911 4990 2036 5029 eru-

474 5047 574 5112 cis,
595 5046 748 5116 juxta
779 5050 1120 5106 traditionem
1149 5054 1427 5123 antiquam
1456 5071 1733 5117 arcanam.
1769 5062 2036 5120 Caeterum

473 5139 589 5195 hac
626 5141 805 5197 omnia
835 5143 1090 5211 patimur,
1133 5147 1259 5215 quia
1309 5147 1521 5203 lectioni
1573 5167 1676 5207 non
1719 5157 2043 5214 attendimus

473 5226 782 5294 vigilanter,
814 5244 985 5296 neque
1018 5245 1283 5291 memores
1312 5250 1501 5293 sumus
1525 5248 1709 5296 sancta
1744 5242 1836 5298 Dei
1863 5245 2043 5303 viven-

473 5316 546 5374 tis
573 5315 783 5390 eloquia
813 5335 911 5376 nos
935 5320 1131 5392 legere.
1199 5360 1212 5373 .

545 5663 591 5697 “
627 5662 811 5719 Matth.
859 5679 979 5723 xm.
1011 5662 1102 5720 ει.
1171 5665 1218 5699 ³³
1254 5663 1385 5724 Luc.
1418 5667 1648 5733 “1,28.

1544 336 1817 395 PATRES
1842 336 2143 395 [EGYPTII
2184 333 2450 399 SECULI
2492 335 2582 392 IV.

3582 328 3723 385 me

2189 449 2308 504 EE’.
2357 448 2449 518 Τῷ
2496 443 2836 525 δαιμονιάεδει
2886 443 3135 516 λογισμῷ
3180 445 3327 514 τρεῖς
3376 441 3727 497 άντίκεενται

2125 540 2394 611 λογισμοὶ,
2424 538 2714 611 τέμνοντες
2739 538 2902 592 αὐτὸν
2932 538 2993 590 ὲν
3032 538 3099 607 τῇ
3121 536 3328 605 διανοίᾳ
3368 532 3726 603 χρονίζοντα,

2125 634 2153 685 ὃ
2192 648 2256 685 τε
2307 630 2616 700 άγγελικὸς,
2657 631 2751 685 καὶ
2800 633 2830 685 ό
2880 632 2947 683 ἐκ
2988 628 3091 699 τῆς
3124 625 3400 697 ἡμετέρας
3448 622 3729 694 προαιρέ-

2129 741 2265 787 σεως
2286 722 2557 795 ῥεπούσης
2582 722 2676 777 ἐπὶ
2700 723 2762 775 τὸ
2801 723 3069 792 κρεῖττον,
3092 716 3188 773 καὶ
3213 720 3242 771 ὸ
3278 718 3347 769 ὲκ
3370 715 3480 783 τῆς
3501 712 3732 783 ἀνθρω-

2128 812 2290 883 πίνης
2335 811 2715 882 άναδιδόμενος
2750 810 2990 879 φύσεως,
3029 807 3154 863 καθ’
3180 804 3587 875 ὃνκινούμενοι
3634 802 3731 855 καὶ

2126 901 2328 955 ἐθνικοὶ
2383 899 2638 969 ἀγαπῶσι
2660 899 2730 953 τὰ
2756 898 2863 952 ίόια
2886 898 3075 958 τέκνα,
3112 894 3209 949 καὶ
3231 894 3362 957 τοὺς
3393 892 3623 946 ἑαυτῶν
3648 906 3731 943 τι-

2132 990 2270 1061 μῶσι
2303 992 2500 1059 γονεῖς.
2539 989 2630 1060 Τῷ
2654 989 2711 1044 δὲ
2739 986 2932 1059 ἀγαθῷ
2972 985 3221 1056 λογισμῷ
3246 984 3342 1038 δύο
3369 984 3541 1053 μόνον
3571 981 3732 1034 ἀντί-

2127 1097 2333 1135 κεινται
2382 1080 2652 1152 λογισμοὶ,
2686 1080 2716 1135 ὃ
2758 1096 2820 1133 τε
2853 1075 3234 1147 δαιμονιώδης,
3282 1074 3383 1127 καὶ
3440 1073 3473 1125 ὁ
3524 1072 3596 1123 ἐκ
3624 1069 3731 1137 τῆς

2127 1168 2399 1241 ἡμετέρας
2419 1168 2791 1239 προαιρέσεως
2814 1163 3212 1235 ἀποκλινούσης
3261 1163 3358 1216 ἐπὶ
3386 1162 3454 1215 τὸ
3498 1163 3723 1230 χεῖρον.

2141 1262 2235 1315 Ἐκ
2253 1260 2310 1315 δὲ
2345 1260 2442 1332 τῆς
2475 1259 2690 1330 φύσεως
2713 1258 2891 1321 οὐδεὶς
2939 1257 3222 1327 ἐξέρχεται
3267 1252 3539 1323 λογισμὸς
3560 1266 3735 1318 πονη-

2132 1350 2241 1421 ρός.
2272 1350 2347 1404 Οὐ
2379 1349 2491 1421 γάρ
2515 1348 2773 1421 άπαρχῆς
2808 1347 3116 1417 γεγόναμεν
3147 1345 3397 1415 πονηροὶ,
3430 1342 3604 1413 εἴπερ
3637 1357 3736 1392 κα.-

2126 1440 2217 1494 λὸν
2244 1439 2466 1511 σπέρμα
2490 1439 2742 1512 ἔσπειρεν
2770 1440 2801 1491 ό
2824 1438 3033 1508 Κύριος
3071 1438 3132 1490 ὲν
3160 1434 3240 1505 τῷ
3270 1434 3385 1504 ίδὶῳ
3412 1431 3597 1504 ἀγρῷ.
3651 1431 3731 1484 Οὐ

2128 1530 2236 1601 γὰρ
2261 1529 2316 1583 εἴ
2364 1545 2508 1592 τινος
2530 1528 2769 1583 δεκτικοί
2800 1529 2992 1599 ἐσμεν,
3018 1526 3208 1580 τούτου
3239 1525 3455 1587 πάντως
3488 1522 3590 1574 καὶ
3624 1521 3730 1588 τὴν

2127 1620 2355 1690 δύναμιν
2383 1618 2616 1689 ἔχομεν’
2679 1618 2802 1671 ἐπεὶ
2829 1619 2924 1670 καὶ
2961 1617 3035 1687 μὴ
3089 1612 3228 1668 εἶναι
3276 1613 3597 1682 δυνάμενοι,
3628 1610 3728 1662 τοῦ

2133 1710 2206 1779 μὴ
2253 1707 2406 1772 ὄντος
2463 1709 2563 1763 οὐκ
2622 1708 2819 1778 ἔχομεν
2842 1707 3093 1776 δύναμιν,
3149 1705 3309 1773 εἴπερ
3341 1704 3396 1755 αἱ
3457 1701 3729 1770 δυνάμεις

2133 1797 2415 1866 ποιότητες
2444 1798 2573 1859 εἰσι,
2624 1796 2687 1850 τὸ
2739 1796 2796 1849 δὲ
2828 1796 2903 1866 μὴ
2931 1794 2994 1848 ὃν
3034 1795 3136 1848 οὐκ
3183 1792 3297 1845 ἐστι
3334 1791 3584 1860 ποιότης.
3613 1784 3730 1840 Ἦν

2132 1888 2239 1959 γάρ
2265 1890 2354 1942 ὅτε
2386 1890 2487 1942 οὐκ
2514 1884 2581 1959 ἦν
2607 1888 2796 1951 κακία,
2836 1887 2931 1941 καὶ
2960 1887 3114 1940 ἔσται
3144 1885 3234 1939 δτε
3253 1883 3355 1936 οὐκ
3387 1881 3568 1934 ἔσται.
3616 1880 3731 1932 Ἀνο

2132 1977 2426 2042 εξάλειπτα
2454 1978 2564 2049 γάρ
2605 1977 2675 2032 τά
2715 1976 3007 2047 σπέρματα
3040 1975 3140 2042 τῆς
3168 1973 3402 2045 ἀρετῆς·
3453 1970 3640 2023 πείθει
3666 1969 3727 2022 δέ

2136 2086 2201 2138 με
2222 2068 2322 2123 καὶ
2348 2070 2377 2122 ό
2410 2067 2664 2129 πλούσιος
2705 2068 2910 2129 ἐκεῖνος
2942 2066 3002 2118 ὲν
3026 2065 3137 2128 τοῖς
3169 2060 3555 2129 Εὐαγγελίοις,
3584 2058 3729 2112 κατά

2132 2159 2223 2213 τὸν
2251 2158 2383 2229 ᾅδην
2411 2159 2750 2229 κρινόμενος,
2786 2156 2882 2210 καὶ
2927 2154 3210 2226 οἰκτείρων
3257 2153 3387 2215 τοὺς
3428 2152 3725 2220 ἀδελφοὺς,

2132 2249 2189 2301 τὸ
2237 2248 2293 2300 δὲ
2321 2247 2514 2312 ἐλεεῖν,
2541 2247 2763 2317 σπέρμα
2788 2244 3046 2315 τυγχάνει
3064 2243 3125 2295 τὸ
3151 2241 3437 2295 κάλλιστον
3474 2240 3580 2309 τῆς
3604 2241 3729 2309 ἀρε⁸

2131 2355 2250 2400 της.

2166 2356 2333 2495 ηὲςῖι.
2366 2428 2486 2482 Εἰσί
2514 2443 2659 2489 τινες
2687 2426 2794 2479 τῶν
2824 2424 3148 2495 ἀκαθάρτων
3210 2422 3491 2493 δαίμονες,
3524 2422 3727 2483 οἵτινες

2133 2520 2218 2573 ἀεὶ
2246 2520 2356 2582 τοῖς
2382 2516 2817 2590 ἀναγινώσκουσι
2853 2514 3303 2587 προκαθέζονται,
3341 2515 3438 2566 καὶ
3466 2513 3563 2565 τὸν
3600 2514 3729 2567 νοῦν

2134 2609 2311 2663 αὐτῶν
2335 2607 2600 2679 ἁρπάζειν
2625 2604 2984 2677 ἐπιχειροῦσι,
3014 2604 3273 2667 πολλάκις
3292 2602 3388 2657 καὶ
3415 2603 3515 2656 ἀπ’
3538 2605 3727 2657 αὐτῶν

2134 2700 2240 2755 τῶν
2258 2699 2417 2753 θείων
2437 2697 2670 2769 Γραφῶν
2701 2696 3068 2768 λαμϐάνοντες
3093 2695 3369 2766 ἀφορμάς,
3402 2696 3497 2748 καὶ
3526 2696 3615 2758 είς
3637 2695 3725 2749 λο-

2134 2792 2367 2863 γισμοὺς
2396 2792 2669 2863 πονηροὺς
2687 2790 3104 2861 καταλήγοντες,
3124 2787 3303 2842 ἔστιδ’
3323 2790 3415 2842 ἅτε
3446 2788 3544 2841 καὶ
3571 2788 3723 2861 παρὰ

2132 2883 2231 2953 τὴν
2295 2881 2580 2953 συνήθειαν
2642 2881 2975 2952 χασμᾶσθαι⁹
3019 2879 3560 2949 καταναγκάζοντες,
3628 2882 3725 2933 καὶ

2135 2970 2300 3024 ὕπνον
2345 2970 2648 3042 βαρύτατον
2694 2970 3094 3034 ὲπιόάλλοντες,
3132 2969 3268 3023 πολὺ
3308 2968 3407 3021 τοῦ
3452 2969 3722 3039 συνήθους

2133 3062 2429 3134 ἀλλότριον
2467 3062 2543 3127 ὡς
2571 3062 2673 3133 μέν
2696 3079 2841 3127 τινες
2862 3061 2971 3141 τῷν
3000 3059 3244 3129 ἀδελφῶν
3272 3059 3719 3130 ἑφαντάσθησαν,

2133 3154 2275 3208 κατὰ
2301 3152 2535 3224 φυσικὴν
2554 3153 2824 3207 ἀντίθεσιν
2842 3155 3078 3224 άρῥητον
3095 3166 3111 3182 ’
3145 3150 3291 3205 οὕτω
3315 3150 3371 3203 δὲ
3392 3148 3509 3218 ἐγὼ
3538 3167 3725 3221 παρα⁶

2132 3248 2374 3318 τηρήσας
2396 3245 2675 3311 πολλάκις,
2696 3246 3020 3317 κατέμαθον·
3039 3244 3435 3315 Ἑφαπτόμενοι
3462 3245 3575 3297 τῶν
3609 3243 3724 3313 βλε-

2135 3336 2321 3408 φάρων
2350 3336 2444 3390 καὶ
2484 3335 2612 3405 ὅλης
2641 3336 2741 3406 τῆς
2768 3335 3031 3406 κεφαλῆς,
3058 3335 3153 3389 καὶ
3180 3334 3381 3405 ταύτην
3416 3334 3498 3405 τῷ
3526 3334 3720 3402 οἰκείῳ

2136 3425 2348 3497 σώματι
2378 3426 2807 3497 καταψύχοντες·
2839 3425 3023 3498 ψυχρὰ
3059 3426 3168 3498 γὰρ
3206 3426 3326 3479 λίαν
3357 3425 3429 3479 τὰ
3460 3426 3574 3480 τῶν
3609 3426 3723 3479 δαι-

2138 3514 2311 3585 μόνων
2354 3512 2617 3584 σὼματα,
2667 3515 2762 3568 καὶ
2809 3514 3129 3586 κρυστάλλῳ
3189 3513 3527 3583 παρεμφερῆ
3554 3528 3567 3541 ·
3596 3511 3724 3564 ὅθεν

2134 3605 2227 3659 καὶ
2256 3604 2331 3669 ὡς
2374 3604 2480 3659 ὑπὸ
2510 3604 2701 3668 σικύας
2736 3605 3106 3675 αἰσθανόμεθα
3147 3605 3246 3674 τῆς
3282 3603 3527 3674 κεφαλῆς
3561 3604 3719 3656 ἑλκο-

2138 3695 2306 3771 μένης
2334 3696 2473 3766 μετά
2509 3694 2765 3766 τρισμοῦ.
2796 3694 2966 3749 Τοῦτο
2996 3695 3055 3748 δὲ
3079 3694 3347 3759 ποιοῦσιν,
3378 3692 3467 3746 ἵνα
3501 3693 3603 3763 τὴν
3635 3693 3720 3744 ὲν-

2135 3785 2503 3857 αποκειμένην
2558 3785 2635 3856 τῷ
2691 3785 2899 3857 κρανίῳ
2941 3785 3251 3858 θερμότητα
3303 3784 3445 3855 πρὸς
3492 3785 3720 3845 ἑαυτοὺς

2136 3874 2530 3946 ἐπισπώμενοι,
2570 3875 2677 3930 ὑπὸ
2706 3876 2805 3945 τῆς
2833 3876 3130 3947 ὑγρότητος
3161 3875 3345 3929 λοιπὸν
3389 3876 3486 3928 καὶ
3511 3875 3719 3945 ψυχρό-

2134 3984 2293 4039 τητος
2316 3968 2652 4038 χαλασθέντα
2683 3968 2751 4022 τά
2781 3967 3046 4039 βλέφαρα,
3077 3970 3350 4040 περιρρυῇ
3381 3970 3505 4031 ταῖς
3526 3968 3719 4039 κόραις

2140 4057 2247 4110 τῶν
2278 4055 2590 4128 ὀφθαλμῶν.
2627 4057 2890 4121 Πολλάκις
2942 4056 3072 4126 γοῦν
3104 4058 3455 4128 ψηλαφήσας,
3487 4058 3716 4111 κατέλα-

2135 4149 2228 4203 ϐον
2259 4148 2414 4219 δίκην
2444 4148 2779 4222 κρυστάλλου
2824 4149 3109 4219 πεπηγότα
3136 4151 3219 4205 τά
3236 4150 3506 4222 βλέφαρα,
3534 4150 3636 4220 τὴν
3659 4148 3717 4201 δὲ

2135 4239 2256 4310 ωιιν
2288 4239 2697 4311 νενεκρωμένην
2739 4239 2868 4309 ὅλην
2901 4240 2999 4293 καὶ
3040 4240 3391 4311 φρίσσουσαν.
3459 4242 3653 4293 Καίτοι
3691 4241 3719 4290 ὁ

2137 4330 2362 4399 φυσικὸς
2399 4329 2565 4393 ὖπνος
2608 4328 2921 4400 θερμαίνειν
2970 4329 3069 4400 μὲν
3111 4330 3181 4383 τά
3216 4329 3444 4401 σώματα
3480 4331 3716 4398 πέφυκε,

2137 4421 2233 4473 καὶ
2256 4420 2364 4473 τῶν
2392 4418 2743 4487 ὑγιαινόντων
2791 4418 2890 4482 τὰς
2928 4419 3082 4488 ὄψεις
3123 4420 3367 4491 ἀνθηρᾶς
3401 4421 3716 4491 ἀπεργάζε-

2136 4524 2244 4573 ται,
2277 4508 2353 4571 tit;
2381 4507 2497 4561 ἔστι
2522 4507 2614 4561 καὶ
2637 4509 2731 4562 ἀπ’
2758 4506 2930 4577 αὐτῆς
2957 4508 3055 4579 τῆς
3082 4510 3277 4582 πείρας
3306 4510 3521 4579 μαθεῖν·
3546 4509 3646 4573 τάς
3663 4510 3718 4563 δὲ

2140 4597 2287 4671 παρὰ
2309 4598 2468 4667 φύσιν
2491 4600 2583 4653 καὶ
2603 4598 3013 4668 διατεταμένας,
3041 4602 3229 4672 χάσμα
3255 4601 3489 4667 ποιοῦσι,
3522 4602 3713 4655 λεπτύο

2139 4707 2318 4755 νοντες
2346 4691 2594 4754 ἑαυτοὺς,
2619 4694 2715 4747 καὶ
2744 4694 2854 4748 τῶν
2879 4694 3029 4748 ἔνδον
3055 4693 3152 4747 τοῦ
3178 4693 3445 4765 στόματος
3475 4694 3714 4762 ἑφαπτόσ

2142 4795 2310 4849 μενοι.
2355 4779 2511 4834 Ἀλλά
2540 4779 2698 4836 τοῦτο
2726 4770 2824 4854 μὲν
2860 4782 2972 4852 ἐγὼ
3008 4784 3173 4855 μέχρι
3213 4784 3315 4853 τῆς
3345 4785 3588 4856 σήμερον
3620 4784 3715 4837 οὖν

2139 4871 2356 4941 ἐνόησα,
2410 4872 2585 4927 καίτοι
2651 4874 2911 4940 πολλάκις
2972 4874 3107 4930 αὐτὸ
3170 4875 3474 4939 πεπονθώςθ
3519 4875 3620 4928 τοῦ
3662 4875 3711 4928 δὲ

2140 4961 2294 5031 ἁγίου
2326 4964 2613 5035 Μακαρίου
2655 4967 2863 5036 ἧκουσα
2904 4966 3063 5021 τοῦτό
3093 4984 3186 5038 μοι
3219 4965 3599 5036 λελαληκότος,
3627 4968 3713 5019 καὶ

2139 5056 2218 5116 εἰς
2250 5052 2524 5118 ἀπόδειξιν
2547 5055 2821 5126 φέροντος,
2852 5055 2945 5109 τοῦ
2985 5057 3306 5128 σφραγίζειν
3335 5056 3460 5118 τοὺς
3488 5071 3712 5125 χασμωο

2145 5141 2339 5213 μένους
2399 5144 2460 5197 τὸ
2514 5147 2711 5215 στόμα,
2771 5144 2912 5199 κατὰ
2972 5145 3207 5217 ἀρχαίαν
3258 5144 3560 5215 παράδοσιν
3614 5146 3712 5215 ap.

2140 5234 2320 5303 ρητον.
2362 5233 2548 5288 Ταῦτα
2578 5234 2636 5288 δὲ
2670 5234 2847 5290 πάντα
2891 5235 3197 5308 πάσχομεν,
3218 5235 3309 5290 διὰ
3343 5236 3404 5289 τὸ
3441 5234 3521 5307 μὴ
3548 5250 3709 5308 προσ-

2141 5324 2287 5393 έχειν
2343 5325 2621 5395 νηφόντως
2690 5328 2835 5397 ἡμᾶς
2899 5330 2964 5398 τῇ
3031 5326 3356 5396 ἀναγνώσει,
3428 5326 3563 5398 μηδὲ
3623 5341 3708 5397 μεο

2144 5414 2397 5483 μνῆσθαι,
2427 5417 2508 5470 ὅτι
2555 5416 2707 5485 λόγια
2757 5419 2885 5487 ἂγια
2930 5418 3065 5473 Θεοῦ
3117 5418 3316 5485 ζῶντος
3350 5414 3705 5487 ἀναγινώσκο-

2143 5521 2264 5575 μεν.
