3884 6278
106 448 113 453 ε
159 357 291 417 ιειι

805 354 1089 414 EVAGRH
1119 355 1393 416 PONTICI
1428 357 1681 417 CAPITA
1715 360 2057 422 PRACTICA
2092 365 2184 423 AD
2216 367 2641 429 ANATOLIUII.

3272 378 3410 439 1249.

148 530 153 535 _
230 474 347 529 ΞΖ’.
391 469 611 541 Ἐπειδὴ
654 470 713 526 δι
755 470 995 541 γίνονται
1033 472 1131 526 καὶ
1149 471 1390 544 διαδοχαὶ
1415 474 1524 530 τῶν
1549 476 1739 548 δαιμό-

1911 480 2114 538 LXVII.
2162 484 2427 552 Quoniam
2479 497 2660 543 autem
2696 496 2819 545 sunt
2851 496 2905 546 et
2941 489 3242 551 daemonum
3274 511 3399 554 δυο-ι

161 578 289 626 νων,
339 560 432 616 τοῦ
474 560 690 632 πρώτου
728 560 1006 617 κατά-τὸν
1031 562 1280 633 πόλεμον
1317 563 1735 637 ἀσθενήσαντος,

160 655 257 710 καὶ
280 654 343 708 τὸ
368 653 661 725 προσφιλὲς
688 652 838 725 αύτῷ
862 653 1033 718 πάθος
1060 654 1280 724 κινῆσαι
1319 654 1396 726 μὴ
1411 656 1736 729 δυναμένου,

159 746 360 810 ταύτας
417 745 926 817 παρατηρήσαντες,
971 745 1297 816 εύρίσκομεν
1332 745 1539 810 οὕτως*
1570 747 1739 802 Ὅταν

160 836 364 900 πάθους
394 835 537 899 τινὸς
575 836 634 888 ὲν
675 834 853 906 χρόνῳ
894 833 1076 905 πολλῷ
1123 834 1427 889 σπανίσωσι
1458 835 1732 908 λογισμοὶ,

163 927 257 980 καὶ
281 925 506 997 γένηται
525 924 789 995 αἰφνίδιος
809 923 998 979 τούτου
1022 925 1174 990 cem;
1196 926 1291 979 καὶ
1316 926 1551 997 κίνησις,
1581 926 1739 998 ἡμῶν

166 1017 431 1087 μηδεμίαν
468 1015 723 1088 ἀφορμὴν
759 1015 1070 1070 δεδωκότων
1102 1016 1162 1082 ἐξ
1190 1016 1468 1087 ἀμελείας,
1492 1017 1613 1071 τότε
1654 1033 1740 1086 γι-

161 1105 462 1177 νώσκομεν,
485 1106 568 1160 ὅτι
592 1105 968 1177 χαλεπώτερος
985 1107 1131 1177 ἡμᾶς
1160 1105 1255 1160 τοῦ
1278 1106 1543 1179 προτέρου
1572 1107 1739 1161 διεδέ-

164 1198 296 1265 ξατο
315 1198 549 1269 δαίμων,
575 1197 671 1251 καὶ
692 1196 783 1250 τὸν
812 1196 977 1250 τόπον
995 1194 1088 1249 τοῦ
1117 1194 1451 1265 πεφευγότος
1472 1189 1627 1259 οὗτος
1649 1213 1740 1266 τη-

167 1286 296 1357 ρῶν,
332 1287 509 1357 οἰκείᾳ
552 1284 788 1358 πονηρίᾳ
836 1283 1384 1355 προσανεπλήρωσεν.
1440 1284 1602 1338 Ἀλλά
1644 1284 1740 1339 καὶ

164 1368 319 1439 οὗτος
337 1375 437 1444 τῆς
455 1374 634 1445 ψυχῆς
653 1374 812 1445 ἡμῶν
834 1373 975 1427 πάνυ
997 1372 1234 1443 συνίησι,
1262 1370 1443 1441 πολλῷ
1464 1372 1741 1444 σφοδρότει

167 1485 258 1539 ρον
283 1465 436 1537 παρὰ
465 1467 565 1538 τὴν
593 1466 880 1537 συνήθειαν
903 1463 1326 1534 πολεμούμενος,
1356 1464 1450 1516 καὶ
1477 1463 1587 1515 τῶν
1609 1463 1738 1534 χθὲς

163 1560 258 1614 καὶ
293 1559 486 1630 τρίτην
519 1556 733 1627 ἡμέραν
770 1553 1047 1624 λογισμῶν
1080 1551 1294 1623 ἀθρόως
1341 1552 1736 1618 ἐκπεπτωκὼς,

166 1650 433 1722 μηδεμιᾶς
457 1646 657 1712 ἔξωθεν
683 1644 1144 1718 παρεμπεσούσης
1169 1642 1515 1713 προφάσεως.
1543 1643 1741 1712 Φευγέ-

162 1757 242 1793 τω
265 1738 444 1792 τοίνυν
480 1739 509 1791 ὁ
542 1735 666 1799 νοῦς
694 1735 867 1790 ταῦτα
892 1733 1161 1805 θεώμενος
1197 1733 1335 1804 πρὸς
1387 1734 1481 1787 τὸν
1508 1733 1735 1804 Κύριον,

164 1830 261 1901 τὴν
284 1827 718 1901 περικεφαλαίαν
753 1825 851 1899 τὴν
884 1824 1151 1895 σωτηρίου
1187 1824 1495 1896 δεξάμενος,
1527 1823 1737 1878 καὶτὸν
1769 1820 1809 1878 Β

165 1920 386 1991 θώρακα
427 1919 529 1989 τῆς
571 1913 915 1986 δικαιοσύνης
945 1913 1326 1985 ἐνδυσάμενος,
1367 1915 1464 1967 καὶ
1503 1914 1604 1985 τὴν
1633 1913 1740 1985 μά-

164 2028 363 2083 χαιραν
410 2008 758 2079 σπασάμενος
793 2004 889 2059 τοῦ
924 2003 1254 2075 πνεύματος,
1286 2005 1382 2058 καὶ
1423 2003 1516 2059 τὸν
1549 2004 1742 2078 θυρεὸν

165 2100 427 2169 κουφίσας
467 2098 568 2168 τῆς
619 2096 871 2161 πίστεως,
912 2094 1118 2163 λεγέτω
1153 2096 1235 2158 είς
1263 2094 1325 2147 τὸ
1368 2095 1564 2148 οἰκεῖον
1604 2094 1741 2165 μετὰ

163 2188 410 2259 δακρύων
433 2186 738 2256 ἀναϐλέψας
755 2184 1003 2256 οὐρανόνο
1032 2202 1050 2237 ι
1078 2182 1282 2255 Κύριε»
1300 2185 1524 2256 Χριστὲ,
1546 2204 1564 2236 ι
1585 2184 1742 2239 δύνα-

170 2298 259 2351 μις
288 2279 413 2350 ⁴ττίγς
453 2276 726 2349 σωτηρίας
762 2294 885 2348 μου,
915 2276 1094 2331 κλῖνον
1123 2276 1259 2347 πρός
1301 2294 1370 2347 με
1413 2276 1475 2331 τὸ
1501 2272 1595 2341 οὖς
1621 2294 1739 2339 σου,

164 2372 392 2441 τάχυνον
420 2369 511 2423 τοῦ
536 2368 815 2435 ἐξελέσθαι
848 2384 935 2439 με.
960 2366 1125 2422 Γενοῦ
1159 2384 1253 2438 μοι
1286 2368 1368 2432 είς
1401 2367 1536 2422 Θεὸν
1568 2368 1740 2439 ὕπερ-

166 2460 456 2531 ασπιστὴν,
497 2460 591 2515 καὶ
623 2461 703 2523 είς
726 2459 892 2513 τόπον
925 2457 1408 2528 (44).καταφυγῆς
1436 2457 1532 2511 τοῦ
1568 2458 1741 2511 σῶσαί

168 2570 254 2624 με.
294 2571 315 2603 s
344 2550 594 2605 Μάλιστα
628 2551 684 2603 δὲ
724 2550 1000 2622 νηστείαις
1030 2552 1126 2604 καὶ
1156 2549 1485 2621 ἀγρυπνίαις
1518 2549 1742 2603 στιλϐω-

167 2644 314 2698 σάτω
332 2642 429 2714 τὴν
457 2642 751 2713 μάχαιραν.
788 2643 877 2695 Ἐν
906 2641 1045 2696 ἑπτά
1065 2640 1174 2711 γάρ
1199 2641 1350 2704 ὅλαις
1370 2641 1609 2713 ἡμέραις
1638 2640 1744 2694 θλι-

122 2746 128 2750 ”
166 2738 390 2809 ϐήσεται
427 2734 843 2808 πολεμούμενος,
876 2735 971 2788 καὶ
998 2734 1323 2805 βαλλόμενος
1350 2735 1462 2796 τοῖς
1488 2750 1742 2805 πεπυρω-

170 2827 350 2897 μένοις
396 2826 575 2897 βέλεσι
613 2826 709 2879 τοῦ
752 2824 1022 2896 Πονηροῦ,
1068 2824 1160 2879 καὶ
1197 2823 1335 2894 μετὰ
1380 2823 1479 2894 τὴν
1508 2823 1743 2895 ἑϐδόμην

168 2915 433 2985 γνώσεται
490 2916 653 2970 αὑτὸν
704 2916 890 2986 ὅμοιον
949 2914 1069 2969 κατ’
1115 2912 1294 2982 ὀλίγον
1344 2910 1422 2983 τῷ
1467 2912 1742 2984 διδαχθέν-

169 3025 219 3060 τι
257 3006 372 3077 (45)
406 3005 716 3077 γενόμενον,
750 3007 845 3059 καὶ
886 3004 1268 3075 παραμένοντα
1312 3001 1496 3056 λοιπὸν
1538 3004 1597 3056 ἐν
1637 3004 1742 3075 ὅλῳ

169 3098 416 3170 ἐνιαυτῷ,
457 3098 527 3152 τὰ
568 3098 737 3152 πολλὰ
772 3097 1206 3169 τιτρωσκόμενον
1244 3096 1443 3166 μᾶλλον
1487 3096 1631 3168 ἥπερ
1657 3113 1741 3149 τι-

171 3156 503 3262 τρώσκοντα,
538 3189 732 3259 μέχρις
758 3189 826 3243 ἂν
855 3156 950 3242 καὶ
977 3188 1006 3241 ὁ
1024 3156 1212 3241 τοῦτον
1242 3156 1622 3258 διαδεχόμενος
1647 3204 1748 3240 πα-
1771 3156 1815 3214 c

1839 571 2139 637 cessiones,
2165 574 2381 643 quando
2412 575 2619 646 primus
2650 577 2705 633 in
2732 577 2873 633 bello
2904 579 3107 645 deticit.
3140 597 3241 638 nec
3269 584 3407 642 ami-

1836 675 1960 717 cum
1989 662 2240 720 affectum
2280 680 2622 723 commovere
2650 668 2829 737 valet;
2869 670 2956 727 his
2987 671 3292 729 observatis
3314 691 3410 735 pre-

1838 754 2076 822 perimus
2102 757 2171 812 ad
2200 756 2345 813 hunc
2379 759 2593 812 modum
2618 774 2633 811 :
2660 773 2782 814 cum
2809 759 3036 830 alicujus
3062 761 3285 818 allectus
3316 780 3411 835 per

1839 843 2062 900 multum
2115 855 2326 918 tempus
2374 863 2510 905 rarae
2558 848 2891 905 incurrerint
2943 852 3324 921 cogitationes,
3363 856 3410 909 si

1840 935 2023 990 subito
2053 938 2333 1008 contingat
2359 938 2507 993 illum
2534 939 2744 995 fervere
2772 955 2837 997 ac
2866 943 3093 1005 moveri,
3118 956 3217 998 nec
3251 943 3411 998 ullam

1836 1038 1905 1079 ex
1954 1025 2277 1097 negligentia
2321 1028 2711 1097 praebuerimus
2738 1030 3117 1097 occasionem;
3147 1018 3275 1087 tunc
3320 1047 3413 1088 co-
3504 1098 3509 1105 ,

1837 1115 2167 1182 gnoscimus,
2216 1115 2514 1171 dremonem
2559 1117 2725 1187 priori
2778 1118 3142 1173 molestiorem
3190 1134 3411 1176 succes-

1837 1203 1974 1258 sisse
2005 1213 2062 1260 et
2089 1206 2385 1261 accessisse
2415 1207 2481 1261 ad
2510 1221 2629 1275 nos,
2664 1207 2756 1277 qui
2795 1206 3051 1277 fugientis
3079 1208 3255 1265 locum
3295 1222 3413 1264 sero

1840 1306 1994 1358 rans,
2033 1309 2130 1349 sua
2179 1297 2383 1351 malitia
2429 1298 2717 1368 supplevit.
2779 1298 3086 1367 Quinetiam
3129 1301 3216 1355 hic
3262 1314 3412 1356 sunt-

1840 1398 1982 1437 mam
2038 1384 2202 1441 habet
2255 1388 2449 1443 animte
2499 1398 2701 1445 nostra:
2755 1390 3027 1455 notitiam,
3059 1391 3202 1460 quod
3246 1390 3414 1446 multo

1840 1474 2212 1531 vehementius
2252 1487 2449 1546 praeter
2493 1480 2936 1535 consuetudinem
2967 1489 3327 1552 oppugnetur,
3357 1489 3415 1537 et

1838 1580 1866 1618 a
1905 1566 2329 1635 cogitationibus
2362 1569 2475 1623 heri
2516 1569 2710 1638 dieque
2740 1570 2999 1627 anteriori
3030 1572 3297 1641 suggestis
3331 1584 3412 1626 re—

1839 1665 1996 1720 pente
2015 1657 2300 1725 exciderit,
2330 1657 2475 1711 nulla
2507 1666 2687 1712 tamen
2708 1657 2995 1729 ingruente
3023 1660 3261 1715 exterius
3284 1673 3413 1714 cau-

1838 1756 1918 1797 sa.
1947 1743 2235 1814 Confugiat
2262 1761 2393 1815 ergo
2424 1746 2491 1801 ad
2526 1746 2833 1813 Dominum,
2863 1748 3077 1817 quoties
3118 1748 3237 1803 haec
3260 1748 3411 1805 vidc—

1841 1834 1909 1888 rit
1966 1848 2139 1898 mens,
2169 1836 2375 1906 galeam
2425 1836 2616 1893 salutis
2662 1847 2924 1902 assumat,
2954 1846 3010 1893 et
3049 1837 3234 1893 induta
3284 1836 3414 1894 lori-

1841 1938 1903 1977 ca
1926 1922 2177 1991 iustitiae,
2204 1926 2439 1995 gladium
2462 1926 2687 1995 spiritus
2713 1927 2972 1991 educens,
2999 1934 3264 1997 scutoque
3289 1926 3411 1983 lidei

1840 2011 2067 2067 allevato
2095 2014 2162 2079 “,
2192 2024 2474 2083 postquam
2509 2015 2561 2068 in
2600 2032 2755 2070 suum
2781 2031 2903 2071 cum
2940 2016 3194 2088 lacrymis
3224 2030 3413 2085 suspe-

1842 2104 1985 2159 xerit
2033 2104 2251 2170 cazlnm,
2305 2106 2443 2160 dicat
2490 2123 2505 2161 :
2540 2123 2562 2159 α
2596 2107 2822 2162 Domine
2878 2127 2896 2160 ι
2925 2106 3157 2172 Christe,
3191 2124 3209 2157 ε
3245 2105 3415 2162 virtus

1842 2194 2037 2248 salutis
2062 2209 2193 2250 mea:
2213 2195 2281 2259 ⁸⁸,
2313 2196 2511 2250 inclina
2545 2197 2611 2250 ad
2643 2211 2728 2250 me
2753 2210 2940 2252 aurem
2975 2206 3146 2261 tuam,
3171 2196 3414 2251 accelera

1844 2292 1902 2339 ut
1933 2298 2095 2340 eruas
2122 2300 2226 2340 me.
2251 2286 2381 2341 Esto
2418 2287 2544 2340 mihi
2575 2287 2625 2341 in
2652 2288 2818 2341 Deum
2860 2296 3237 2355 protectorem,
3269 2295 3324 2340 et
3358 2286 3410 2340 in

1843 2377 2020 2433 locum
2057 2376 2270 2448 refugii,
2309 2385 2369 2431 ut
2400 2376 2605 2431 salvum
2642 2391 2727 2431 me
2761 2375 2929 2431 facias
2963 2377 3031 2429 ⁸⁸.
3072 2395 3091 2427 ι
3135 2375 3438 2445 Praecipue.

1840 2482 1969 2523 vero
2011 2467 2231 2537 jejnniis
2268 2476 2431 2536 atque
2471 2466 2667 2536 vigiliis
2710 2465 2947 2536 gladium
2986 2466 3191 2521 micare
3227 2465 3413 2522 faciat.

1843 2556 2122 2626 Siquidem
2178 2567 2384 2626 septem
2437 2556 2658 2625 integris
2700 2556 2892 2612 diebus
2927 2555 3069 2611 bello
3106 2563 3402 2624 premetur,

1841 2647 2119 2718 igneisque
2171 2646 2497 2716 Nequissimi
2558 2645 2676 2701 telis
2736 2646 3125 2714 impetetur";
3180 2654 3238 2700 at
3296 2653 3418 2714 post

1841 2740 1984 2792 diem
2021 2740 2308 2808 septimum
2339 2746 2630 2800 cognoscet
2660 2738 2869 2793 daemon
2897 2751 2957 2793 se
2976 2736 3236 2807 paulatim
3263 2736 3415 2792 simi-

1844 2829 1945 2882 lem
1977 2828 2094 2883 ﬁeri
2122 2828 2453 2884 antecessori
2489 2844 2609 2893 suo,
2637 2829 2977 2898 manebitque
2998 2827 3251 2896 deinceps
3277 2840 3422 2880 anno

1844 2918 2073 2988 integro,
2109 2919 2308 2989 smpius
2358 2917 2575 2973 saucius
2606 2933 2766 2989 quam
2797 2918 3079 2983 saucians;
3115 2916 3287 2971 donec
3318 2914 3419 2969 ad-

1842 3008 2051 3062 venerit
2084 3007 2224 3063 alius
2256 3009 2345 3078 qui
2379 3010 2521 3064 hunc
2558 3008 2827 3076 excipiat;
2861 3007 2905 3063 si
2947 3021 3139 3076 nempe
3180 3006 3247 3060 ad
3284 3012 3421 3060 tem-

1847 3113 1967 3167 pus,
1993 3099 2166 3154 instar
2184 3098 2327 3161 Jobi,
2346 3098 2398 3153 in
2427 3100 2572 3169 ipsos
2594 3097 2911 3164 delabimur,
2933 3105 2988 3151 et
3010 3097 3202 3152 domus
3224 3103 3424 3151 nostra:

1848 3190 1916 3244 ah
1947 3188 2205 3259 improbis
2233 3188 2607 3244 devastantnr.

172 3285 484 3357 ραγένηται*
521 3284 635 3353 εἴγε
659 3284 869 3355 χρόνον,
895 3284 964 3338 τὰ
987 3284 1128 3339 κατὰ
1162 3282 1253 3337 τὸν
1286 3281 1429 3349 Ἰὼϐ,
1465 3281 1735 3353 πίπτομεν
1767 3283 1858 3336 ὑπ’
1890 3283 2109 3349 αὐτοὺς,
2139 3285 2236 3339 καὶ⁸
2279 3286 2329 3337 oi
2358 3280 2495 3337 οἶκοι
2516 3282 2675 3354 ἡμῶν
2709 3278 3102 3355 έκπορθοῦνται
3152 3277 3258 3333 ὑπὸ
3306 3275 3423 3332 eve.

175 3395 308 3449 μων.

241 3472 365 3526 EH’.
418 3474 738 3546 ’Δκάθαρτοι
779 3474 1053 3544 λογισμοὶ,
1092 3473 1348 3538 πολλάκις
1395 3475 1475 3536 εἰς
1521 3471 1746 3543 αὔξησιν

172 3560 303 3624 ὕλας
351 3561 758 3632 προσδέχονται,
806 3564 901 3615 καὶ
935 3561 1150 3624 πολλοῖς
1193 3562 1748 3632 συμπαρεκτείνονται

172 3654 478 3723 πράγμασι.
508 3652 619 3705 Καὶ
661 3653 769 3723 γὰρ
814 3653 1023 3722 πελάγη
1076 3651 1216 3706 κατὰ
1256 3650 1496 3706 διάνοιαν
1535 3651 1746 3722 περῶσι

176 3745 404 3816 μεγάλα,
448 3743 542 3798 καὶ
573 3743 790 3815 μακράς
819 3744 973 3807 ὁδοὺς
1004 3743 1207 3797 ὁδεύειν
1230 3743 1292 3796 οὐ
1330 3742 1743 3814 παραιτοῦνται,

171 3837 259 3892 διά
281 3836 480 3908 πολλὴν
509 3835 602 3889 τοῦ
623 3836 828 3900 πάθους
849 3836 1177 3908 θερμότητα.
1206 3837 1270 3889 Ol
1309 3835 1364 3890 δὲ
1385 3835 1630 3890 ὁπωσοῦν
1654 3854 1746 3889 κε-

174 3928 525 4000 καθαρμένοι,
554 3926 872 4000 στενώτεροι
905 3928 1110 3982 τούτων
1140 3928 1341 3997 μᾶλλόν
1380 3928 1507 3992 είσι,
1540 3927 1754 3992 πολλοῖς

174 4019 735 4091 συμπαρεκτείνεσθαι
766 4020 1059 4093 πράγμασι
1088 4020 1165 4091 μὴ
1193 4020 1497 4090 δυνάμενοι,
1536 4018 1625 4073 διὰ
1652 4019 1753 4090 τὴν

172 4109 268 4163 τοῦ
310 4110 515 4175 πάθους
551 4111 853 4165 άσθένειανυ
888 4111 1009 4165 ὅθεν
1039 4112 1131 4165 καὶ
1161 4111 1313 4183 παρά
1346 4108 1508 4179 φύσιν
1554 4109 1753 4180 μᾶλλον

174 4199 470 4266 κινοῦνται,
491 4200 585 4254 καὶ
612 4201 754 4254 κατὰ
785 4201 878 4255 τὸν
913 4201 1074 4270 σοφὸν
1101 4200 1443 4271 Σολομῶντα,
1473 4199 1663 4272 χρόνον
1684 4217 1757 4253 τι-

177 4291 244 4345 νὰ
276 4290 381 4357 ἔξω
408 4290 720 4361 ρέμϐονται,
759 4292 854 4344 καὶ
896 4290 1150 4361 καλάμην
1178 4289 1503 4358 συνάγουσιν
1551 4289 1631 4353 εἰς
1658 4288 1757 4360 τὴν

1923 3469 2160 3526 LXVI“.
2197 3468 2424 3540 impurae
2448 3464 2805 3537 cogitationes
2853 3466 2995 3532 saepe
3026 3462 3095 3518 ad
3118 3462 3421 3519 incremen-

1857 3572 1967 3617 tum
1997 3561 2282 3616 materiam
2310 3559 2625 3623 admittnnt,
2660 3555 2949 3624 multisque
2982 3554 3144 3609 rebus
3168 3562 3424 3609 coexten-

1852 3654 2071 3706 duntur.
2100 3652 2312 3705 Etenim
2340 3649 2511 3704 maria
2542 3662 2735 3719 magna
2763 3647 2821 3701 in
2847 3653 3028 3701 mente
3049 3644 3424 3707 transfretant,

1852 3752 1907 3796 et
1933 3742 2089 3810 longa
2121 3741 2313 3796 itinera
2345 3754 2450 3794 non
2495 3745 2749 3794 recusant
2778 3747 3060 3807 peragere,
3089 3735 3161 3789 ob
3198 3732 3425 3788 multum

1854 3832 2081 3889 allectus
2113 3833 2386 3886 ardorem.
2418 3829 2548 3897 Quae
2576 3843 2706 3884 vero
2734 3826 2916 3898 aliqua
2945 3840 3012 3881 ex
3046 3832 3200 3895 parte
3229 3836 3429 3893 purga-

1857 3937 1923 3979 I:e
1961 3933 2108 3988 sunt,
2132 3922 2439 3978 strictiores
2470 3922 2537 3978 iis
2562 3920 2713 3985 sunt,
2745 3928 2801 3976 et
2839 3917 3026 3974 multis
3053 3915 3283 3987 negotiis
3319 3929 3428 3970 non

1855 4015 2041 4069 valent
2073 4013 2437 4068 coextendere
2469 4027 2549 4079 se,
2584 4021 2804 4082 propter
2829 4009 3056 4066 allectus
3085 4006 3428 4063 imbecillita—

1859 4113 1964 4158 tem
2000 4116 2016 4156 :
2046 4103 2189 4158 unde
2232 4100 2384 4173 juxta
2428 4111 2674 4154 naturam
2719 4098 2889 4168 magis
2928 4105 3231 4162 moventur,
3264 4109 3328 4150 ac
3361 4110 3428 4150 ex

1856 4194 2100 4263 sapiente
2127 4193 2416 4247 Salomone
2446 4190 2516 4255 ",
2545 4204 2642 4259 per
2662 4187 2880 4258 aliquod
2915 4196 3124 4254 tempus
3153 4194 3309 4240 extra
3336 4199 3430 4239 va-

1855 4295 2071 4356 gantur,
2116 4294 2170 4338 et
2202 4283 2456 4355 stipulam
2486 4282 2748 4351 colligunt
2774 4281 2840 4336 ad
2871 4279 3169 4350 improbam
3196 4278 3429 4334 laterum

177 4383 492 4454 παράνομον
536 4381 941 4454 πλινθουργίαν,
976 4382 1173 4453 μηκέτι
1212 4380 1579 4452 λαμϐάνοντες
1621 4380 1743 4451 άχυ-

1860 4375 2279 4441 cont‘ectionem,
2311 4389 2410 4431 nec
2448 4373 2683 4442 amplius
2706 4371 2894 4442 paleas
2918 4369 3211 4439 accipiunt.
3246 4367 3432 4438 Itaque

179 4434 274 4547 έοὶῖ
301 4434 412 4526 ’Δεὲ
444 4434 551 4529 ’.δν
590 4434 737 4546 πάση
762 4434 991 4546 esse;
1023 4434 1209 4546 τηρεῖν
1253 4434 1638 4545 suam...
1659 4434 1743 4550 Ξνς

1858 4475 2070 4537 oportet
2117 4467 2263 4522 omni
2305 4466 2547 4520 custodia
2592 4477 2814 4519 servare
2856 4476 2952 4518 cor
2981 4462 3051 4527 ³⁹,
3091 4468 3146 4516 ιιι
3195 4458 3432 4515 salvetur

177 4546 422 4633 σώζηται
440 4563 630 4634 ὥσπερ
663 4564 861 4635 δορκάς
892 4566 956 4619 ὲκ
981 4564 1209 4636 βρόχων,
1241 4566 1334 4617 καὶ
1361 4563 1548 4634 ὥσπερ
1568 4546 1743 4635 ὄρνεοῇ

1863 4566 2113 4625 tanquam
2143 4554 2295 4609 dama
2338 4569 2370 4609 e
2399 4553 2624 4623 laqueis,
2653 4560 2710 4608 et
2744 4564 2998 4621 tanquam
3038 4549 3153 4604 avis
3183 4563 3217 4605 ο
3258 4546 3434 4603 tendi-

177 4657 241 4708 ὲκ
270 4654 517 4723 παγίδος.
558 4655 714 4726 Ῥᾷον
742 4654 852 4726 γάρ
881 4654 1190 4727 ἀκάθαρτον
1216 4654 1451 4726 καθᾶραι
1480 4652 1680 4724 ψυχὴν,
1716 4652 1743 4724 ἢ

1860 4647 2000 4701 rula.
2026 4644 2259 4700 Facilius
2282 4645 2425 4699 enim
2447 4652 2530 4700 est
2558 4643 2890 4698 immundam
2919 4654 3151 4711 purgare
3168 4638 3430 4701 animam,

178 4746 550 4819 καθαρθεῖσαν
570 4747 665 4800 καὶ
686 4746 848 4801 πάλιν
877 4745 1390 4818 τραυματισθεῖσαν,
1429 4745 1510 4808 εἰς
1540 4745 1752 4814 ὑγίειαν
1858 4752 2019 4807 quam
2066 4743 2372 4807 purgatam,
2409 4751 2474 4791 ac
2498 4734 2704 4802 {deinde
2737 4733 3097 4796 vulneratam,
3140 4728 3208 4784 ad
3230 4726 3433 4784 sanita-

177 4832 334 4901 αὖθις
379 4837 836 4903 ἀνακαλέσασθαι,
870 4835 964 4889 τοῦ
1013 4833 1267 4906 δαίμονος
1307 4835 1408 4905 τῆς
1450 4833 1628 4904 λύπης
1677 4834 1743 4904 μὴ

1863 4841 1967 4883 tem
2009 4830 2202 4885 iterum
2239 4843 2526 4894 revocare;
2563 4826 2707 4896 quod
2742 4824 2975 4880 tristitiae
3016 4822 3224 4877 daemon
3255 4819 3310 4874 id
3339 4833 3433 4874 ne-

177 4924 609 4997 συγχωροῦντος,
650 4925 766 4979 ἀλλ’
798 4926 885 4979 ἀεὶ
916 4927 1036 4989 ταῖς
1078 4923 1269 4997 κόραις
1308 4922 1417 4978 τῶν
1457 4921 1743 4993 ὀφθαλμῶν

1862 4936 2130 4992 quaquam
2161 4921 2445 4986 concedat,
2472 4920 2565 4977 sed
2587 4931 2802 4988 semper
2827 4916 2880 4971 in
2906 4913 3134 4985 pupillas
3158 4910 3435 4968 oculorum

176 5014 550 5085 ὲμπηδῶντος,
582 5016 678 5069 καὶ
710 5014 853 5069 κατὰ
872 5014 963 5068 τδν
992 5014 1181 5087 καιρὸν
1212 5014 1309 5085 τῆς
1339 5013 1672 5086 προσευχῆς,
1698 5013 1743 5067 τί

1869 5013 2105 5080 insiliat,
2155 5028 2366 5070 necnon
2415 5013 2559 5068 inter
2602 5009 2869 5067 orandum
2913 5004 3166 5061 exhibeat
3215 5000 3434 5060 simula-

181 5105 286 5176 τῆς
313 5105 590 5178 ἁμαρτίας
615 5107 983 5179 προφέροντος
1004 5105 1239 5160 εἴδωλον.

249 5195 368 5251 ΞΘ.
393 5196 508 5269 (46)
539 5196 703 5251 1ι’ύσιν
723 5196 821 5268 μὲν
844 5195 1067 5268 λογικὴν
1095 5195 1200 5250 ὑπὸ
1227 5195 1424 5258 κακίας
1440 5194 1768 5249 θανατωθεῖο

179 5304 283 5341 σαν
294 5288 492 5357 ἐγείρει
505 5289 737 5359 Χριστὸς
747 5289 834 5343 διά
843 5291 940 5359 τῆς
953 5289 1181 5360 θεωρίας
1195 5289 1409 5342 πάντων
1419 5288 1525 5341 τῶν
1537 5288 1766 5343 αἰώνων·

254 5440 301 5512 ὓ
342 5442 536 5512 Ephes.
586 5460 658 5509 \‘t,
693 5446 779 5510 17,
813 5446 900 5512 Η,
941 5447 1022 5501 l6.
1142 5447 1186 5478 ’⁵
1228 5446 1367 5501 Psal.
1416 5445 1714 5512 cxxxrx,8.

179 5517 224 5551 επ
259 5510 417 5565 Prov.
452 5530 524 5579 vr,
552 5515 606 5568 5.

260 5674 379 5746 (44)
426 5675 595 5746 Vulgo
623 5672 789 5731 οἷκον.

259 5742 374 5814 (45)
423 5744 507 5811 Τῷ
532 5742 905 5817 διδαχθέντι.
946 5745 1090 5802 Vetti
1121 5742 1466 5816 διαδεχθέντι,
1499 5750 1556 5800 ut
1589 5756 1780 5800 sensus

1870 5121 2021 5162 crum
2044 5105 2271 5175 peccati.

1944 5196 2130 5253 LXIX.
2171 5194 2430 5251 Naturam
2481 5194 2697 5266 quidem
2752 5191 3072 5249 rationalem
3115 5193 3333 5257 propter
3362 5182 3436 5238 vi-
3520 5246 3533 5256 η

1879 5287 2010 5344 ιίυιη
2048 5297 2223 5345 morte
2255 5286 2501 5344 atIectam
2537 5286 2767 5344 suscitat
2799 5283 3046 5340 Christus
3079 5293 3176 5350 per
3199 5276 3437 5335 omnium

2414 5444 2456 5475 ³⁷
2501 5442 2695 5511 Epltcs.
2726 5456 2799 5504 vt,
2847 5437 2929 5493 16.
2996 5426 3001 5429 ’
3044 5438 3087 5472 ’⁸
3128 5433 3283 5489 Cant.
3317 5445 3357 5497 l,
3384 5426 3437 5487 6.

1825 5445 1870 5478 ¹⁶
1912 5446 2054 5501 Psal.
2086 5461 2211 5510 xxx,
2252 5446 2305 5498 '5.

1882 5667 2445 5742 posttrlabatagoru.

1961 5738 2071 5810 (46)
2108 5739 2164 5794 1n
2191 5737 2293 5795 Nili
2321 5740 2517 5807 Opusc.
2547 5751 2602 5807 p.
2636 5735 2756 5790 531.
