3888 6284
444 329 583 389 1243
1519 312 1787 373 PATRES
1824 305 2120 370 Αῑονιδτιι
2157 299 2429 362 εεοωλ
2465 299 2556 358 ιν.
3571 279 3715 338 1948

443 442 764 502 saeculorum
818 435 1362 509 contemplationem;
1413 433 1569 489 Pater
1609 443 1785 487 autem
1813 430 1978 499 ipsius

2178 421 2215 474 ἰὲ
2251 420 2440 474 τούτου
2487 413 2674 485 Πατὴρ
2710 410 2808 483 τὴν
2843 402 3222 509 ἀποθανρῦσαν
3245 396 3592 505 (Indum
3621 395 3713 498 τδν

445 543 716 593 mortuam
769 533 1004 586 animam
1052 537 1227 584 morte
1285 527 1508 592 Christi,
1573 524 1858 579 resuscitat
1915 536 1978 590 pc

2181 528 2338 565 νατον
2368 507 2463 562 τοῦ
2498 503 2756 578 Χριστοῦ,
2794 499 3000 570 ἐγείρει
3039 495 3127 550 διὰ
3162 495 3262 564 τῆς
3614 495 3716 593 τῆς

447 577 599 681 ἕσσω
628 620 1010 692 cognitionem.
1049 618 1226 685 Atque
1270 616 1371 669 hoc
1409 577 1509 668 sibi
1547 612 1660 665 vult
1699 610 1840 680 quod
1883 607 1982 662 dici

2182 602 2328 656 υτοῦ.
2360 601 2470 654 Καὶ
2493 596 2651 651 τοῦτό
2671 597 2787 649 ἐστι
2823 592 2888 645 τὸ
2913 589 3018 644 ὑπὸ
3045 587 3138 642 τοῦ
3178 580 3527 684 ’Λποστόλου
3557 577 3717 680 λεγό-

449 677 736 784 λήροδιοιυιε
781 730 795 767 :
831 729 851 762 ι
894 710 950 764 Si
980 677 1299 765 commortui
1345 720 1530 762 sumus
1562 677 1800 765 Christo,
1840 699 1984 755 credi

2185 709 2297 754 νον,
2323 690 2417 754 τὸ,
2446 707 2465 740 ι
2505 687 2571 742 Et
2601 681 3042 751 συναπεθάνομεν
3063 677 3142 748 τῷ
3169 677 3417 747 Χριστῷ,
3445 677 3718 724 πιστεύο-

450 818 571 860 mus
594 802 718 871 quia
749 810 804 856 et
828 800 1176 856 convivemus
1201 799 1248 853 ei
1273 799 1338 850 ³⁸.
1383 816 1402 848 ι

2117 799 2237 855 μεν,
2266 782 2348 835 ὅτι
2375 779 2470 832 καὶ
2500 777 2807 846 συζήσομεν
2833 772 3000 841 αὐτῷ.
3033 787 3052 820 ι

524 849 684 949 ωίχ.
727 892 950 958 Quando
989 906 1162 958 mens,
1202 898 1363 942 exuto
1408 885 1572 940 veleri
1621 883 1858 946 homine,
1894 893 2015 934 eum

2187 877 2264 928 0'.
2304 872 2475 926 Ὀταν
2509 868 2620 940 (48)
2657 868 2686 920 ὁ
2713 864 2839 928 νοῦς
2869 863 2962 916 τὸν
2991 857 3216 914 παλαιὸν
3237 853 3547 958 ἄνθρωπον
3570 849 3722 958 ακρ-

451 985 543 1056 qui
607 999 673 1038 ex
725 983 895 1049 gratia
950 991 1031 1034 est
1071 978 1493 1048 superinduerit,
1551 985 1678 1028 tunc
1727 984 1780 1028 et
1817 981 1986 1026 statim

2186 964 2436 1032 σάμενος,
2457 939 2550 1012 τὸν
2573 959 2636 1011 ὲκ
2658 957 2880 1027 χάριτος
2912 951 3290 1019 ὲπενδύσηται,
3321 944 3449 998 τότε
3485 942 3596 1056 κέιὶ
3619 939 3721 1042 την

449 1032 609 1130 :uum
655 1080 838 1127 cernet
888 1080 1129 1138 tempore
1169 1068 1428 1123 orationis
1472 1065 1728 1133 sapphiro
1784 1073 1876 1116 aut
1909 1077 1984 1116 cm

2192 1055 2320 1110 υτοῦ
2389 1053 2721 1108 κατάστασιν
2782 1047 2971 1115 δψεται
3032 1041 3173 1096 κατὰ
3216 1039 3311 1092 τὸν
3372 1032 3588 1104 καιρὸν
3621 1032 3720 1100 τῆς

454 1165 578 1219 Iesti
634 1163 797 1218 colori
837 1160 1195 1224 consimilem,
1250 1172 1412 1226 quem
1465 1155 1626 1210 etiam
1693 1153 1866 1208 locum
1927 1152 1989 1205 De

2185 1146 2453 1216 zoceuxﬁq,
2484 1141 2770 1210 σαπφείρῳ
2803 1138 2836 1208 ἢ
2871 1134 3107 1206 οὐρανίῳ
3133 1134 3388 1234 χρ-ῶματι

455 1253 695 1309 nominat
731 1251 1008 1320 Scriptura
1044 1248 1085 1281 "
1142 1263 1171 1301 a
1199 1247 1504 1302 senioribus
1534 1244 1706 1298 visum
1751 1242 1806 1297 in
1843 1252 1988 1296 mont

2186 1259 2214 1307 ι,
2269 1211 2460 1306 ἥντινα
2525 1233 2617 1286 καὶ
2671 1230 2834 1282 τόπον
2889 1224 3023 1277 Θεοῦ
3101 1225 3129 1290 ίι
3186 1216 3380 1320 Γραιρὲι
3444 1211 3721 1320 ὀνομάζει

747 1304 796 1307 ἡ
837 1304 868 1320 γ’
2264 1304 2373 1380 τῶν
2425 1322 2810 1396 πρεσϐυτέρων
2853 1315 3086 1386 ὀφθέντα
3113 1312 3205 1366 ἐπὶ
3256 1309 3370 1380 (49)
3406 1305 3512 1360 τοῦ
3557 1304 3722 1373 ὅρους

2123 1419 2273 1471 Σινᾶ.
3225 1458 3235 1466 .

527 1512 711 1568 LXXI.
752 1513 1032 1583 Nunquam
1081 1527 1230 1569 mens
1274 1512 1467 1569 videbit
1514 1511 1606 1566 Dei
1645 1511 1820 1566 locum
1865 1509 2004 1562 inse

2196 1510 2314 1562 OA’.
2350 1505 2466 1558 Οὐκ
2489 1503 2554 1557 ἂν
2581 1502 2667 1573 ίδῃ
2699 1500 2727 1552 ὁ
2751 1498 2875 1562 νοῦς
2904 1496 2994 1550 τὸν
3018 1492 3110 1548 τοῦ
3135 1489 3271 1545 Θεοῦ
3298 1489 3469 1583 τόπον
3498 1488 3578 1583 εν.
3595 1484 3721 1583 ἑαυ-

458 1604 598 1672 ipsa,
628 1605 728 1657 nisi
761 1604 970 1660 cunctis
998 1604 1063 1659 ad
1088 1619 1176 1659 res
1206 1604 1386 1659 mundi
1417 1600 1806 1672 pertinentibus
1827 1601 1993 1670 cogita

2182 1597 2225 1666 ᾖ,
2257 1595 2330 1667 μὴ
2369 1595 2586 1648 πάντων
2622 1591 2729 1644 τῶν
2759 1592 2816 1642 ὲν
2848 1589 2960 1648 τοῖς
2995 1585 3312 1672 πράγμασιν
3349 1578 3470 1650 (50)
3510 1574 3717 1672 ὐῂλός

458 1694 530 1747 tis
559 1693 823 1748 excelsior
846 1695 1072 1757 evadat;
1102 1708 1207 1748 non
1234 1693 1421 1750 evadet
1455 1701 1634 1746 autem
1671 1690 1954 1751 excelsior,
1982 1705 1993 1740 ε

2194 1666 2282 1756 ρος
2315 1682 2572 1753 γεγονώςο
2615 1682 2674 1733 οὐ
2712 1681 2999 1749 γενήσεται
3042 1666 3099 1728 δὲ
3131 1671 3489 1743 ὑψηλότερος,
3545 1667 3624 1736 μὴ
3655 1666 3719 1757 τά

459 1780 682 1836 an‘ectus
715 1799 818 1836 non
859 1792 1040 1847 exuat,
1071 1784 1160 1850 qui
1198 1784 1367 1853 ipsam
1398 1798 1494 1853 per
1526 1782 1877 1852 cogitationes
1904 1780 1990 1833 alii

2185 1751 2276 1847 ίιθη
2302 1751 2746 1844 ἀπεκδυσάμενος
2774 1769 2842 1823 τά
2867 1765 3264 1836 συνδεσμοῦντα
3289 1760 3461 1816 αὐτὸν
3490 1757 3589 1812 διά
3613 1755 3720 1853 τῶν

461 1879 589 1940 gant
626 1872 691 1924 ad
721 1885 808 1924 res
833 1848 1151 1935 sensibiles;
1186 1848 1240 1926 et
1271 1848 1495 1940 aﬂ‘ec-tus
1539 1848 1755 1940 quidem
1798 1871 1996 1936 depone

2188 1866 2413 1937 ημάτων
2449 1867 2562 1926 τοῖς
2588 1861 2876 1933 πράγμασι
2909 1861 3020 1919 τοῖς
3049 1854 3346 1925 αἰσθητοῖς·
3388 1851 3489 1904 καὶ
3519 1850 3596 1900 τὰ
3627 1848 3721 1940 μὲν

460 1939 558 2030 per
585 1960 829 2024 virtutes,
857 1976 1035 2014 meras
1062 1971 1240 2015 autem
1274 1939 1649 2031 cogitationes,
1681 1975 1776 2028 per
1813 1959 1995 2028 spirits

2188 1957 2275 2026 1οη
2317 1955 2649 2025 ἁποθήσεται
2681 1953 2793 2023 (51)
2825 1950 2913 2004 διὰ
2949 1951 3056 2001 τῶν
3102 1943 3336 2017 ἀρετῶν,
3377 1941 3513 2031 τοὺς
3558 1941 3616 1992 δὲ
3641 1939 3723 2031 dat—-

463 2029 567 2103 Icm
600 2051 1136 2120 contemplationem;
1168 2029 1411 2120 hancque
1451 2050 1669 2113 iterum,
1713 2064 1836 2103 cum
1867 2064 1998 2118 appa

2186 2047 2252 2110 ,b;
2299 2045 2593 2114 λογισμοὺς
2642 2043 2729 2096 διὰ
2769 2043 2868 2111 τῆς
2905 2034 3280 2107 πνευματικῆς
3314 2029 3583 2120 θεωρῇς.

465 2141 635 2195 ruerit
663 2141 711 2194 ei
747 2142 796 2195 id
823 2143 1023 2207 lumen,
1053 2143 1195 2212 quod
1226 2151 1465 2211 tempore
1495 2140 1756 2197 orationis
1777 2141 2000 2210 exprimi

2184 2137 2334 2206 ιύτην
2367 2135 2548 2196 πάλιν,
2581 2132 2936 2201 ἐπιφανέντος
2963 2127 3108 2197 αὐτῷ
3136 2125 3245 2194 (52)
3274 2121 3367 2174 τοῦ
3399 2118 3589 2212 φωτὸς
3612 2118 3719 2187 (53)

467 2231 646 2287 locum
678 2231 794 2287 Dei.
1074 2211 1081 2212 ί
2131 2227 2339 2279 ἐκείνου
2380 2225 2473 2278 τοῦ
2531 2222 2672 2276 κατὰ
2706 2222 2796 2276 τὸν
2826 2224 3015 2292 καιρὸν
3061 2219 3160 2287 τῆς
3204 2211 3519 2286 προσευχῆς
3560 2212 3719 2262 ἐκτυο

2134 2317 2360 2380 ποῦντος
2385 2315 2476 2368 τὸν
2505 2313 2669 2367 τόπον
2691 2312 2783 2365 τοῦ
2805 2312 2960 2364 Θεοῦ.

592 2425 872 2482 EVAGRII
910 2427 1214 2484 MONACHI
1254 2427 1454 2482 LIBER
1500 2425 1902 2482 PRACTICUS.

2207 2429 2550 2483 ΕΥΛΓΡΙΟΥ
2583 2425 2923 2481 ΜΟΝΑΧΟΥ
2967 2423 3185 2477 ΛΟΓΟΣ
3217 2422 3649 2478 ΠΡΛΚΤΙΚΟΣ.

1037 2540 1224 2604 Capita
1251 2551 1482 2595 centum.

2721 2537 3028 2606 Κεφάλαισ
3045 2542 3123 2603 ρ’,

541 2653 586 2709 1.
625 2654 1071 2710 Christianismus
1098 2665 1198 2719 est,
1229 2665 1336 2710 etc.

2205 2657 2282 2708 A'.
2325 2652 2750 2724 Χριστιανισμὸς
2775 2652 2912 2715 ἐστι,
2946 2667 3000 2702 κ.
3031 2667 3080 2702 τ.
3107 2648 3159 2704 λ.

543 2743 736 2799 XXIX.
777 2745 997 2800 Dicebat
1025 2755 1205 2800 autem
1236 2754 1455 2800 sanctus
1492 2751 1546 2798 et
1582 2744 1632 2797 in
1677 2743 1886 2797 actione
1927 2758 2038 2796 ma-

2207 2745 2334 2797 KG’.
2381 2743 2574 2811 Ἔλεγε
2607 2743 2664 2794 δὲ
2690 2743 2718 2794 ὁ
2745 2740 2898 2808 ἅγιος
2940 2741 3032 2794 καὶ
3072 2739 3528 2809 πρακτικώτατος
3569 2740 3714 2811 ἡμῶν

472 2836 650 2890 ximus
689 2844 868 2889 noster
901 2846 1196 2905 preceptor
1231 2853 1244 2889 :
1273 2836 1348 2889 Ita
1398 2851 1623 2904 semper
1657 2844 1875 2905 paratus
1919 2850 2006 2889 ess

2178 2834 2475 2896 ιδάσκαλος’
2511 2832 2668 2886 Οὕτω
2705 2833 2787 2885 δεῖ
2829 2833 2918 2884 ἀεὶ
2951 2830 3470 2901 παρασκευάζεσθαι
3509 2833 3600 2883 τὸν
3629 2848 3713 2900 μο-

473 2922 634 2978 debet
665 2924 979 2986 monachus,
1007 2924 1160 2992 quasi
1206 2925 1451 2992 sequenti
1495 2925 1580 2978 die
1611 2925 1681 2978 sit
1711 2926 2003 2978 moriturus

2178 2924 2320 2993 ιχὺν,
2346 2924 2422 2986 ὡς
2455 2922 2646 2993 αὔριον
2676 2922 3084 2992 τεθνηξόμενον,
3123 2923 3218 2976 καὶ
3253 2921 3398 2975 οὕτω
3443 2923 3605 2976 πάλιν
3644 2923 3713 2991 τῷ

475 3028 770 3081 rursusque
797 3014 865 3067 ita
895 3028 1123 3082 corpore
1153 3029 1250 3067 suo
1280 3015 1378 3077 uti,
1415 3029 1477 3067 ac
1515 3016 1559 3068 si
1589 3029 1684 3084 per
1721 3014 1915 3068 multos
1945 3030 2009 3068 an

2174 3011 2357 3083 ’ὡματι
2381 3013 2708 3083 κεχρῆσθαι,
2740 3012 2815 3076 ὡς
2841 3014 2899 3067 ὲν
2927 3013 3138 3076 πολλοῖς
3161 3012 3306 3066 ἔτεσι
3333 3012 3709 3084 συζησὸμενον.

478 3118 576 3158 nos
595 3118 714 3157 cum
738 3119 803 3157 eo
826 3106 1080 3159 victurus.
1107 3104 1238 3157 Illud
1263 3105 1426 3168 enim,
1454 3105 1650 3174 inquit,
1674 3106 1872 3160 acediae
1899 3104 2013 3174 cogi

2181 3072 2352 3173 'o'pév
2396 3072 2526 3174 γάρ,
2547 3072 2714 3174 uenat,
2747 3072 2872 3165 τοὺς
2898 3103 2998 3172 τῆς
3029 3072 3256 3174 ἀκηδίας
3288 3072 3586 3173 λογισμοῦς
3628 3120 3716 3156 πε-

479 3184 708 3248 tationes
754 3203 1012 3264 amputat,
1050 3195 1321 3263 magisque
1371 3195 1670 3250 studiosum
1708 3196 1882 3249 reddit
1929 3212 2014 3249 mu

2183 3195 2407 3253 ικᾶπτει.
2449 3196 2537 3248 καὶ
2587 3195 3000 3264 σπουδαιότερον
3033 3196 3448 3264 παρασκευάζει
3502 3197 3595 3249 τὸν
3637 3213 3716 3266 μο-

479 3285 742 3350 nachum;
795 3285 898 3338 hoc
946 3299 1093 3348 vero,
1143 3285 1348 3340 salvum
1414 3294 1692 3340 conservat
1731 3301 1948 3354 corpus,
1991 3301 2014 3340 e

2181 3284 2323 3354 αχὸν·
2349 3284 2408 3336 τὸ
2431 3284 2487 3337 δὲ
2525 3284 2662 3336 σῶον
2688 3284 3034 3353 διαφυλάττει
3059 3287 3118 3338 τὸ
3144 3287 3324 3356 σῶμα,
3357 3287 3453 3339 καὶ
3483 3287 3605 3357 ἴσην
3626 3289 3716 3340 αὐ-

479 3375 736 3442 tequalem
761 3375 876 3442 ejus
902 3389 1110 3445 semper
1141 3385 1318 3430 tuetur
1348 3377 1757 3430 continentiam.

1613 3377 1757 3428 liam.
2145 3373 2237 3427 τοῦ
2263 3374 2349 3426 ἀεὶ
2384 3377 2640 3445 συντηρεί
2667 3373 2765 3444 τὴν
2800 3374 3148 3446 ἐγκράτειαν.

551 3465 742 3520 XXXI.
797 3466 1032 3537 Cognovi
1085 3467 1258 3522 inanis
1295 3467 1479 3537 gloria:
1508 3468 1825 3530 dzentonem,
1863 3467 1974 3521 fere
2017 3482 2049 3521 a

2218 3465 2342 3518 AA'.
2386 3464 2599 3531 Ἕγνων
2647 3467 2737 3518 τὸν
2779 3466 2877 3534 τῆς
2911 3465 3216 3532 κενοδοξίας
3247 3467 3498 3536 δαίμονα,
3550 3466 3722 3537 σχεδὸν

482 3560 688 3611 cunctis
735 3558 1066 3613 dmntonibus
1129 3557 1361 3628 pulsum,
1413 3569 1466 3612 et
1523 3559 1577 3612 in
1633 3558 2017 3629 propellentiun

2187 3552 2254 3605 πὸ
2289 3553 2507 3606 πάντων
2549 3554 2875 3624 διωκόμενον
2912 3555 3022 3608 τῶν
3054 3557 3347 3627 δαιμόνων,
3380 3559 3477 3611 καὶ
3505 3560 3598 3610 ἐπὶ
3621 3561 3721 3619 τοῖς

483 3643 722 3712 lapsibus
775 3644 1115 3713 Impudenter
1162 3656 1461 3709 astantem,
1515 3646 1714 3717 quique
1784 3649 2018 3703 monach

2188 3643 2257 3696 ῶν
2278 3643 2580 3697 διωκόντων
2610 3643 2898 3714 πτώμασιν
2922 3645 3157 3710 ἀναιδῶς
3183 3649 3612 3719 παριστάμενον,
3638 3650 3723 3700 καὶ

489 3735 910 3803 magnitudinem
946 3737 1202 3790 virtutum
1235 3738 1505 3792 exhibeat.

2149 3733 2226 3804 τῷ
2265 3734 2484 3804 μοναχῷ
2511 3733 2739 3804 μέγεθος
2761 3737 2970 3807 ἀρετῶν
2999 3738 3383 3808 ἐμφανίζοντα.

559 3823 736 3878 XLIII.
780 3825 885 3880 Sed
939 3833 994 3879 et
1061 3837 1271 3895 oportet
1338 3827 1679 3884 diversitates
1743 3829 2047 3882 daemonum

2221 3826 2352 3878 Ml".
2392 3828 2482 3878 Δεῖ
2545 3825 2602 3879 δὲ
2667 3828 2762 3880 καὶ¹
2819 3828 2916 3891 τὰς
2973 3829 3233 3899 διαφορὰς
3289 3830 3396 3882 τῶν
3467 3831 3721 3900 δαιμόνων

487 3927 802 3982 agnoscere,
837 3928 900 3968 ac
931 3929 1114 3969 eorum
1149 3926 1384 3985 tempora
1421 3926 1610 3970 notare
1640 3935 1654 3970 :
1694 3917 2019 3986 intelligemu

2185 3918 2554 3986 πιγινώσκειν,
2586 3920 2678 3972 καὶ
2709 3920 2835 3983 τοὺς
2868 3923 3094 3992 καιροὺς
3130 3922 3309 3975 αὐτῶν
3342 3922 3717 3992 σημειοῦσθαι·

489 4012 667 4057 autem
709 4017 774 4057 ex
809 4003 1224 4071 cogitationibus
1252 4005 1630 4075 (cogitationes
1663 4021 1788 4060 vero
1812 4022 1842 4060 e
1889 4006 2020 4059 rebu

2190 4006 2411 4076 ίσόμεθα
2441 4006 2497 4060 δὲ
2524 4007 2590 4060 ὲκ
2619 4007 2726 4060 τῶν
2772 4008 3044 4080 λογισμῶν
3086 4011 3234 4080 (τοὺς
3261 4011 3316 4064 δὲ
3350 4011 3638 4081 λογισμοὺς
3667 4014 3723 4063 ἐκ

491 4098 665 4168 ipsis),
697 4100 912 4167 quinam
945 4099 1242 4154 daemonum
1275 4100 1642 4169 infrequentes
1671 4111 1724 4156 et
1757 4103 2026 4170 graviores

2189 4095 2262 4148 ῶν
2294 4096 2678 4167 πραγμάτων),
2718 4098 2861 4161 τίνες
2909 4099 3019 4152 τῶν
3064 4100 3332 4170 δαιμόνων
3381 4103 3596 4156 σπάνιοι
3643 4103 3724 4154 καὶ

491 4187 708 4256 quinam
748 4190 953 4244 assidui
987 4206 1050 4245 ac
1084 4189 1336 4254 leviores,
1379 4191 1707 4261 quinamun
1757 4193 1936 4248 subito
1968 4195 2020 4248 in

2195 4186 2473 4258 αρύτεροι,
2508 4188 2621 4241 καὶ·
2647 4189 2788 4242 ποῖοι
2841 4192 3081 4260 συνεχεῖς
3125 4191 3217 4244 καὶ
3268 4181 3616 4262 κουφότεροι,
3645 4193 3723 4246 καὶ

493 4279 708 4343 siliant,
753 4288 915 4347 atque
961 4281 1026 4332 ad
1061 4279 1447 4348 blasphemiam
1480 4290 1714 4335 mentem
1761 4283 2028 4351 abripiant

2195 4279 2302 4342 ίνες
2345 4281 2394 4331 οἱ
2437 4278 2653 4350 ἀθρόως
2685 4281 3052 4351 εἰσπηδῶντες
3079 4283 3173 4336 καὶ
3218 4284 3354 4353 πρὸς
3393 4284 3725 4354 βλασφημίαν

495 4365 622 4422 Haec
664 4381 826 4436 porro
862 4367 1002 4421 scire
1035 4382 1252 4422 necesse
1279 4376 1391 4432 est,
1435 4377 1494 4422 ut
1539 4385 1661 4425 cum
1699 4372 2030 4440 cogitatione:

2186 4370 2248 4422 λδν
2291 4368 2415 4423 νοῦν
2456 4369 2811 4442 ἁρπάζοντες.
2859 4372 3044 4426 Ταῦτα
3077 4374 3133 4427 δὲ
3180 4375 3477 4443 ἀναγκαῖον
3510 4378 3721 4440 εἰδέναι,

497 4469 711 4508 movere
740 4456 982 4522 preprias
1011 4456 1265 4509 materias
1293 4457 1578 4524 cmperint,
1607 4467 1896 4527 antequam
1941 4461 2026 4516 lon

2187 4458 2229 4509 ν’
2260 4459 2386 4512 ὅταν
2423 4457 2693 4530 ἄρξωνται
2721 4463 2768 4513 οἱ
2800 4461 3051 4534 λογισμοὶ
3077 4466 3170 4527 τὰς
3211 4464 3344 4528 ἰδίας
3374 4465 3508 4530 ὔλας
3553 4471 3722 4528 κινεῖν,

495 4547 616 4614 gius
647 4560 676 4598 a
725 4553 912 4598 nostro
955 4555 1098 4599 statu
1135 4546 1436 4613 ejiciamur,
1469 4548 1671 4616 aliquid
1719 4551 1771 4602 in
1805 4564 1897 4604 eos
1937 4566 2030 4621 pro

2187 4550 2292 4621 πρὶν
2330 4550 2364 4621 ἢ
2397 4552 2529 4605 πολὺ
2559 4552 2658 4622 τῆς
2697 4554 2903 4618 οἰκείας
2929 4555 3289 4627 ἐκϐαλώμεθα
3327 4558 3722 4623 καταστάσεως,

498 4633 756 4696 feramus,
783 4643 839 4686 et
870 4643 1188 4702 praesentem
1222 4635 1559 4690 denotemus.
1596 4634 1687 4691 Sic
1717 4638 1914 4691 etenim
1949 4649 2033 4692 tun

2188 4639 2528 4711 ῖθεγγώμεθά
2557 4660 2610 4696 τι
2648 4640 2783 4715 πρὸς
2829 4647 3060 4713 αὐτοὺς,
3102 4648 3197 4702 καὶ
3237 4648 3328 4701 τὸν
3369 4651 3610 4719 παρόντα
3644 4670 3723 4722 ση-

499 4726 602 4795 ipsi
638 4724 816 4788 facile,
856 4724 963 4778 Deo
992 4724 1236 4791 jnvaute,
1280 4725 1641 4794 proﬁciemus,
1689 4737 1800 4781 tum
1834 4741 1928 4783 eos
1953 4729 2034 4782 cili

2184 4731 2456 4803 ιαίνωμεν.
2483 4731 2669 4798 Οὕτως
2708 4735 2815 4806 γὰρ
2859 4735 2925 4790 ἂν
2969 4737 3121 4791 αὐτοί
3158 4755 3214 4790 τε
3259 4739 3461 4810 ῥᾳδίως
3494 4743 3587 4794 σὺν
3617 4743 3719 4812 Θεῷ

499 4819 702 4872 ciemus
733 4830 854 4870 cum
887 4816 1243 4871 admiratione
1277 4825 1464 4870 nostra
1497 4827 1551 4870 et
1588 4833 1687 4872 suo
1717 4819 1900 4872 dolore
1931 4834 2034 4874 avo

2189 4821 2595 4892 ιροκόπτωμεν,
2652 4824 2938 4889 κάκείνους
2989 4826 3371 4896 θαυμάζοντας
3448 4830 3595 4900 ἡμᾶς
3648 4831 3724 4884 καὶ

499 4909 635 4963 lare.
2163 4913 2529 4982 ὁδυνωμένους
2558 4915 2868 4985 ἁποπτῆναι
2899 4917 3235 4988 ποιήσωμεν.

570 4994 754 5050 XLIV.
795 4996 1017 5061 Quoties
1081 4997 1132 5049 in
1188 4998 1485 5051 certamine
1535 5007 1725 5053 contra
1777 5001 2067 5056 monachos

2243 5006 2376 5058 MA'.
2418 5005 2536 5058 Ὅτ’
2579 5006 2647 5060 ἂν
2700 5007 3090 5078 ἀγωνιζόμενοι
3133 5009 3268 5079 πρὸς
3316 5013 3443 5074 τοὺς
3489 5018 3726 5084 (savage-3;

500 5081 751 5137 instituto
793 5097 899 5136 non
931 5083 1222 5150 praevalent
1252 5085 1544 5149 daemones,
1580 5087 1746 5142 toties
1793 5088 2032 5157 paululut

2190 5090 2504 5146 ὶδυνατῶσιν
2527 5093 2578 5145 οἱ
2607 5091 2882 5164 δαίμονες,
2906 5093 3026 5148 τότε
3055 5094 3253 5166 μικρὸν
3293 5081 3725 5169 ὑποχωρήσαντες

578 5260 623 5293 ³⁰
661 5259 705 5316 II
728 5261 867 5318 Tim.
893 5270 955 5330 tr,
993 5263 1097 5329 II;
1131 5262 1286 5318 Rom.
1315 5279 1389 5331 vl,
1416 5263 1467 5319 8.
1547 5265 1588 5297 ⁸¹
1632 5264 1802 5322 Exod.
1841 5281 1986 5324 utv.

723 5439 782 5515 I_t_t
798 5439 938 5515 Nilo
955 5441 1114 5515 inser.
1147 5440 1368 5513 ταύτης.

1356 5483 1368 5496 .
2257 5443 2371 5515 (51)
2411 5443 2496 5515 Al.
2519 5442 2888 5515 ἀπωθήσεται.

576 5509 688 5580 (ts)
729 5510 849 5580 μη.
872 5511 999 5566 ibid.
1308 5509 1317 5513 '

1308 5509 1317 5513 ’
2259 5509 2376 5580 (52)
2416 5514 2500 5568 Al.
2531 5509 2716 5568 αὑτοῦ.

581 5579 695 5654 (i9)
727 5579 929 5654 l_n_N_ilo
955 5581 1082 5635 ὑπό.
1191 5652 1199 5654 Α
2261 5579 2374 5654 (5'5)
2418 5583 2641 5654 lit-liqua
2676 5583 2789 5640 haec
2819 5583 3014 5641 absunt
3040 5582 3106 5638 ab
3134 5581 3210 5641 aI.

581 5648 698 5720 (δυ)
733 5648 818 5705 ΑΙ.
844 5651 1010 5707 inser.
1034 5652 1333 5719 νοημάτων.
