3884 6278
159 384 346 457 me

822 402 1097 461 svacan
1130 404 1402 462 PONTICI
1437 405 1690 463 carm
1723 383 2067 479 animum
2101 410 2195 468 Αι)
2223 410 2651 472 annonem.

3236 416 3373 473 I246

157 519 480 589 ἐπιτηροῦσι,
525 519 652 572 ποία
683 519 790 573 τῶν
843 521 1056 593 ἀρετῶν
1109 524 1168 576 ἐν
1213 522 1294 594 τῷ
1327 524 1530 595 μεταξὺ
1572 542 1712 596 παρ-

1825 528 2130 597 recedendo,
2156 545 2405 602 quanam
2426 532 2684 587 virtutum
2712 530 2917 586 interea
2947 531 3187 599 neglecta
3211 532 3376 590 fuerit

156 607 412 677 ημέληται
439 647 456 671 ,
514 609 745 682 κάκείνῃ
805 610 1084 676 αἰφνιδίως
1115 611 1556 682 ἐπεισελθόντες,
1609 613 1709 686 τὴν

153 697 331 751 ἀθλίαν
359 698 536 769 ψυχὴν
559 698 971 770 διαρπάζουσιν.

219 787 344 841 ME'.
384 789 447 842 Οί
483 790 710 860 πονηροὶ
743 789 994 859 δαίμονες
1031 789 1156 854 τοὺς
1188 790 1582 864 πονηροτέρους
1612 793 1707 846 a6-

153 878 253 929 τῶν
298 877 553 948 δαίμονας
581 881 661 943 είς
705 878 957 950 βοήθειαν
1005 881 1377 948 ἐπισπῶνται,
1424 885 1518 938 καὶ
1570 881 1710 938 κατά

153 968 243 1031 τὰς
277 968 542 1034 διαθέσεις
577 970 836 1040 ἀλλήλους
867 971 981 1042 (54)
1018 971 1437 1044 ἐναντιούμενοι,
1471 990 1711 1046 συμφω-

153 1059 323 1112 νοῦσιν
351 1062 436 1113 ἐπ’
459 1060 705 1130 ἀπωλείᾳ
734 1061 892 1131 μόνον
916 1061 1112 1132 ψυχῆς.

219 1151 358 1218 MCT.
400 1151 491 1222 Μὴ
529 1152 840 1220 ταραττέτω
867 1153 924 1206 δὲ
965 1154 1112 1222 ἡμᾶς
1148 1155 1176 1206 ὁ
1210 1152 1421 1224 δαίμων
1452 1153 1482 1206 ὁ
1510 1170 1711 1225 συναρ·

155 1238 330 1302 πάζων
382 1242 474 1294 τὸν
506 1241 629 1294 νοῦν
662 1242 798 1312 πρὸς
831 1242 1174 1312 βλασφημίαν
1221 1243 1378 1310 Θεοῦ,
1422 1244 1517 1297 καὶ
1570 1244 1707 1315 πρὸς

153 1328 248 1392 τὰς
277 1331 644 1402 ἀπειρημένας
695 1332 994 1401 φαντασίας
1031 1333 1264 1399 ἐκείνας,
1287 1332 1354 1396 ἀς
1380 1332 1554 1401 ἔγωγε
1589 1333 1709 1387 οὐδέ

153 1424 325 1492 γραφῇ
370 1422 702 1492 παραδοῦναι
735 1422 1066 1493 τετόλμηκα,
1099 1423 1230 1495 μηδὲ
1265 1424 1364 1492 τὴν
1397 1423 1710 1494 προθυμίαν

153 1508 302 1578 ήμῶν
335 1509 664 1564 ὲκκοπτέτω.
703 1510 1151 1582 Καρδιογνὼστης
1179 1512 1286 1583 γάρ
1313 1512 1459 1565 ἐστιν
1493 1511 1522 1563 ὁ
1557 1511 1708 1579 Θεὸς,

152 1598 241 1651 καὶ
261 1593 414 1657 οἶδεν,
438 1599 519 1651 ὅτι
551 1599 668 1651 οὐδὲ
695 1601 752 1651 ἐν
783 1599 858 1669 τῷ
891 1600 1080 1671 κόσμῳ
1111 1600 1262 1664 ὄντες
1289 1600 1420 1653 ποτὲ
1452 1599 1709 1672 τοιαύτην

156 1688 340 1757 μανίαν
365 1688 664 1758 ἐμάνημεν.
688 1689 894 1752 Σκοπὸς
919 1689 976 1741 δὲ
1004 1689 1177 1760 τούτῳ
1199 1689 1276 1760 τῷ
1303 1689 1538 1761 δαίμονι,
1568 1690 1710 1743 παῦ-

155 1796 239 1832 σαι
273 1781 418 1850 ἡμᾶς
453 1780 548 1850 τῆς
597 1783 928 1851 προσευχῆς,
971 1782 1058 1834 ἵνα
1095 1782 1167 1852 μὴ
1211 1782 1424 1851 στῶμεν
1470 1783 1708 1835 ἐναντίον

154 1868 344 1939 Κυρίου
371 1868 466 1922 τοῦ
515 1869 650 1922 Θεοῦ
699 1870 874 1939 ἡμῶν,
913 1871 1045 1940 μηδὲ
1090 1872 1188 1934 τὰς
1239 1875 1425 1942 χεῖρας
1472 1872 1707 1926 ἐκτεῖναι
1740 1864 1780 1914 Β

152 1957 517 2028 τολμήσωμεν,
545 1957 664 2011 καθ’
685 1955 747 2012 οῦ
773 1959 996 2012 τοιαῦτα
1031 1958 1276 2032 διενοήθη
1286 1977 1406 2029 μεν.

217 2136 341 2189 MZ'.
382 2135 504 2188 Τῶν
533 2136 591 2188 ἐν
634 2138 699 2206 τῇ
748 2135 892 2207 ψυχῇ
936 2134 1274 2206 παθημάτων
1317 2135 1582 2206 σύμϐολον
1624 2137 1710 2206 γίο

149 2245 314 2289 νεται,
349 2226 381 2296 ἢ
415 2227 570 2293 λόγος
613 2243 698 2289 τις
746 2226 1108 2296 προενεχθεὶς,
1137 2225 1169 2294 ἢ
1215 2225 1429 2295 κίνησις
1467 2224 1562 2278 τοῦ
1598 2224 1708 2278 σώ-

152 2335 315 2390 ματος
350 2317 638 2387 γενομένη,
675 2317 742 2370 δι’
774 2311 834 2370 οῦ
867 2315 1279 2369 ἐπαισθάνονται
1307 2318 1357 2368 οἱ
1394 2316 1578 2386 ἐχθροὶ
1609 2317 1711 2370 πό-

149 2426 303 2480 τερον
338 2409 482 2461 ἔνδον
506 2408 698 2478 ἔχομεν
725 2408 850 2469 τοὺς
882 2406 1174 2477 λογισμοὺς
1207 2406 1384 2460 αὐτῶν
1408 2408 1502 2460 καὶ
1529 2407 1712 2461 ὠδίνο-

155 2515 270 2569 μεν,
307 2498 340 2568 ἢ
373 2497 772 2568 ἀπορρίψαντες
805 2496 1002 2558 αὐτοὺς
1047 2497 1397 2566 μεριμνῶμεν
1439 2498 1570 2568 περὶ
1609 2498 1712 2567 τῆς

152 2586 420 2656 σωτηρίας
448 2585 626 2655 ἡμῶν.
654 2583 949 2654 Τοιγαροῦν
991 2584 1149 2654 μόνος
1174 2585 1460 2638 ἐπίσταται
1487 2586 1516 2637 ό
1562 2586 1712 2656 ποιή-

155 2695 250 2740 σας
279 2679 428 2747 ἡμᾶς
466 2676 614 2738 Θεὸς,
647 2676 740 2728 καὶ
768 2676 826 2728 οὐ
856 2675 1025 2728 δεῖται
1066 2675 1348 2745 συμϐόλων
1375 2677 1539 2740 αὐτὸς
1577 2676 1714 2746 πρὸς

147 2768 207 2822 τὸ
235 2768 519 2836 γινώσκειν
546 2767 616 2819 τὰ
643 2767 700 2819 ἐν
728 2768 792 2836 τῇ
828 2765 1024 2836 καρδίᾳ
1050 2767 1418 2837 κρυπτόμενα.

215 2860 356 2912 MH'.
399 2860 521 2922 Τοῖς
585 2858 682 2927 μὲν
739 2859 1022 2927 κοσμικοῖς
1066 2859 1114 2909 oi
1161 2857 1414 2927 δαίμονες
1461 2856 1548 2910 διὰ
1604 2856 1712 2910 τῶν

147 2949 484 3019 πραγμάτων
529 2947 726 3017 μᾶλλον
767 2946 1080 3010 παλαίουσι,
1111 2948 1225 3009 τοῖς
1253 2946 1310 2998 δὲ
1356 2949 1608 3016 μοναχοῖς
1639 2947 1715 3008 ὡς

146 3040 488 3092 ἐπιπλεῖστον
521 3037 610 3091 διά
646 3036 754 3089 τῶν
783 3036 1086 3106 λογισμῶν·
1117 3037 1459 3106 πραγμάτων
1485 3035 1595 3106 γὰρ
1626 3035 1714 3088 διὰ

1807 616 2126 689 observant,
2170 630 2332 690 atque
2376 636 2442 677 ea
2489 631 2644 692 parte
2673 620 2856 678 subito
2888 621 3177 691 irruentes,
3209 625 3378 680 mise-

1806 721 1922 762 ram
1956 708 2191 765 animam
2221 709 2500 780 diriplunt.

1877 797 2038 854 XLV.
2077 797 2200 855 Mali
2256 799 2563 866 daemones,
2609 799 2820 869 pejores
2872 814 2933 855 se
2988 810 3262 856 daemonas
3321 802 3376 857 in

1807 889 2066 945 auxilium
2113 890 2469 960 pertrahunt,
2523 905 2756 960 cumque
2804 890 3087 948 affectibus
3137 893 3278 949 inter
3317 907 3378 950 se

1806 990 2067 1050 pugnent,
2097 980 2152 1036 in
2177 982 2295 1039 solo
2330 981 2526 1038 anima!
2553 982 2770 1038 interitu
2802 983 3165 1039 consentiunt.

1876 1152 2060 1210 XLVI.
2112 1155 2380 1212 Caeterum
2437 1170 2538 1212 nos
2591 1170 2695 1212 non
2748 1155 3028 1226 perturbet
3076 1157 3124 1212 is
3165 1156 3373 1212 daemon

1806 1248 1895 1316 qui
1926 1257 2159 1303 mentem
2201 1247 2268 1302 ad
2301 1247 2686 1319 blasphemiam
2728 1246 2822 1302 Dei
2865 1247 3085 1318 abripit,
3117 1255 3280 1317 atque
3306 1250 3378 1305 ad

1809 1338 2003 1393 vetitas
2032 1337 2153 1394 illas
2201 1335 2638 1410 imaginationes,
2664 1351 2801 1407 quas
2827 1352 2927 1408 ego
2966 1353 3099 1394 sane
3131 1351 3198 1393 ne
3238 1337 3374 1394 scri-

1808 1435 1899 1496 pto
1935 1427 2152 1495 quidem
2199 1428 2414 1482 tradere
2457 1441 2619 1482 ausus
2675 1441 2838 1495 sum;
2884 1441 2982 1483 nec
3035 1427 3373 1481 alacritatem

1807 1527 2044 1572 nostram
2072 1517 2375 1587 abrumpat.
2411 1517 2553 1572 Deus
2580 1517 2726 1572 enim
2755 1516 2919 1572 corda
2960 1517 3128 1582 novit,
3156 1517 3371 1586 scitque

1809 1622 1907 1662 nos
1963 1623 2136 1677 neque
2175 1622 2297 1663 cum
2346 1608 2398 1662 in
2424 1607 2634 1664 ‘saeculo
2669 1608 3012 1673 viveremus,
3065 1606 3374 1678 huiusmodi

1808 1709 2043 1764 unquam
2090 1697 2298 1752 insania
2343 1696 2508 1753 fuisse
2567 1706 2861 1768 correptos.
2911 1697 2990 1752 Eo
3039 1705 3218 1751 autem
3261 1697 3379 1752 col-

1809 1785 1959 1841 limat
1998 1786 2087 1841 hic
2126 1787 2366 1852 daemon,
2414 1796 2472 1840 ut
2507 1803 2606 1842 nos
2650 1787 2719 1841 ab
2748 1788 2996 1842 oratione
3026 1796 3258 1851 avertat,
3303 1801 3373 1842 no

1808 1892 1988 1932 coram
2030 1877 2260 1932 Domino
2305 1879 2413 1932 Deo
2458 1887 2648 1933 nostro
2678 1886 2906 1939 stemus,
2949 1890 3124 1946 neque
3154 1875 3220 1930 ad
3250 1890 3374 1929 eum

1808 1963 2100 2016 extendere
2148 1976 2340 2018 manus
2373 1962 2686 2028 audeamus,
2719 1963 2772 2017 in
2811 1977 2970 2032 quem
3011 1962 3144 2018 tales
3185 1960 3378 2017 habui—

1809 2065 1931 2104 mus
1959 2050 2338 2119 cogitationes.

1879 2139 2089 2196 XLVII.
2130 2141 2337 2196 Animm
2383 2141 2668 2198 aﬂ‘ectuum
2700 2143 2912 2214 signum
2942 2151 3044 2210 est,
3073 2151 3166 2196 ant
3197 2156 3378 2197 sermo

1809 2228 2004 2299 aliquis
2031 2230 2302 2297 prolatus,
2323 2241 2416 2284 aut
2447 2242 2621 2287 motus
2653 2233 2871 2302 quidam
2901 2232 3145 2300 corporis
3176 2232 3374 2293 lactus,

1810 2321 1951 2372 unde
2000 2319 2305 2388 intelligunt
2368 2320 2570 2374 inimici
2606 2336 2672 2374 an
2711 2322 2853 2376 intus
2886 2322 3238 2390 cogitationes
3279 2335 3376 2376 eo-

1811 2423 1930 2461 rum
1982 2409 2274 2464 habeamus
2315 2419 2368 2464 ct
2413 2411 2795 2479 parturiamus,
2841 2428 2907 2465 an
2945 2413 3121 2481 potius
3151 2411 3380 2481 abiectis

1814 2498 1898 2559 iis,
1943 2500 2006 2551 de
2058 2509 2242 2553 nostra
2291 2500 2468 2553 salute
2498 2515 2683 2553 curam
2719 2501 3094 2570 suscipiamus.
3125 2499 3375 2567 Quapro-

1811 2597 1930 2656 pter
1965 2587 2109 2642 solus
2148 2588 2240 2658 qui
2301 2590 2504 2643 creavit
2539 2604 2636 2643 nos
2669 2589 2828 2655 Deus,
2868 2590 3162 2658 cognoscit,
3207 2602 3383 2654 neque

1813 2679 1926 2747 ipse
1961 2679 2128 2750 signis
2180 2681 2377 2750 indiget
2409 2691 2469 2736 ut
2506 2695 2568 2735 ea
2622 2696 2741 2750 quae
2787 2682 2848 2734 in
2891 2681 3054 2734 corde
3105 2681 3379 2734 recondita

1812 2780 1934 2825 Sunt
1964 2771 2249 2839 intelligat.

1884 2855 2114 2912 XLVIII.
2157 2859 2427 2912 Adversus
2467 2857 2644 2913 saeculi
2701 2858 2947 2913 homines
2987 2857 3260 2911 daemones
3286 2869 3381 2926 per

1816 2963 1902 3002 res
1941 2951 2109 3018 magis
2156 2951 2452 3014 decertant,
2481 2949 2533 3003 in
2582 2949 2875 3003 monachos
2918 2958 3096 3002 autem
3125 2957 3184 3001 ut
3216 2948 3383 3016 pluri-

1816 3055 1958 3092 rnum
2000 3055 2094 3108 per
2121 3040 2502 3110 cogitationes;
2539 3039 2700 3094 rebus
2735 3041 2879 3094 enim
2921 3040 2991 3094 ob
3035 3039 3377 3093 solitudinem

146 3131 241 3202 τὴν
283 3131 516 3202 ἐρημίαν
560 3131 878 3200 ἐστέρηνται
903 3143 914 3154 “
966 3127 1058 3179 καὶ
1102 3128 1222 3180 ὅσον
1259 3127 1621 3198 εὐκολώτερον
1656 3125 1715 3179 τὸ

1825 3140 2028 3194 carent;
2063 3139 2115 3184 et
2153 3141 2354 3198 quanto
2403 3131 2615 3186 facilius
2668 3140 2749 3185 est
2800 3140 2978 3186 mente
3013 3146 3176 3200 quam
3221 3144 3384 3196 opere

151 3221 293 3274 κατά
366 3223 607 3276 διάνοιαν
686 3223 1018 3293 ἁμαρτάνειν
1081 3221 1174 3274 τοῦ
1238 3220 1356 3273 κατ’
1416 3218 1713 3288 ἐνέργειαν,

1825 3235 2062 3288 peccare,
2109 3195 2255 3275 tanto
2297 3221 2574 3277 molestius
2624 3195 3124 3290 dilIiciliusque-est
3185 3195 3382 3276 bellum

151 3311 405 3367 τοσοῦτον
444 3312 817 3384 χαλεπώτερος
840 3313 934 3366 καὶ
978 3314 1007 3364 ὁ
1045 3311 1186 3365 κατά
1205 3310 1442 3363 διάνοιαν
1485 3308 1718 3377 πόλεμος

149 3402 244 3456 τοῦ
282 3403 370 3456 διὰ
415 3403 520 3456 τῶν
577 3403 914 3474 πραγμάτων
962 3400 1370 3470 συνισταμένου.
1424 3397 1718 3466 Εὐκίνητον

145 3493 255 3564 γάρ
292 3510 346 3546 τι
378 3495 610 3564 πρᾶγμα
637 3495 665 3546 ὁ
699 3492 843 3556 νοῦς,
874 3491 966 3545 καὶ
1004 3491 1140 3562 πρὸς
1180 3490 1279 3554 τὰς
1309 3489 1542 3560 ἀνόμους
1585 3505 1720 3557 φανο

142 3582 336 3644 τασίας
367 3581 750 3635 δυσκάθεκτον.

218 3674 352 3728 MS’.
406 3671 760 3743 Ἐργάζεσθαι
813 3671 911 3741 μὲν
955 3668 1248 3730 διαπαντὸς
1289 3667 1380 3722 καὶ
1425 3667 1719 3736 ἀγρυπνεῖν

144 3765 242 3819 καὶ
291 3763 573 3834 νηστεύειν
612 3763 673 3814 ού
709 3760 1194 3833 προστετάγμεθα,
1237 3756 1632 3828 προσεύχεσθαι
1661 3755 1720 3808 δὲ

142 3858 278 3926 ἡμῖν
329 3849 684 3915 ἀδιαλείπτως
729 3851 1176 3921 νενομοθέτηταιο
1220 3847 1351 3900 διότι
1395 3847 1579 3899 ἐκεῖνα
1623 3845 1720 3915 μὲν

140 3947 204 3998 τὺ
238 3942 542 4012 παθητικὸν
600 3942 764 4012 μέρος
814 3940 914 4009 τῆς
964 3939 1143 4008 ψυχῆς
1186 3935 1590 4007 θεραπεύοντα,
1626 3933 1722 3987 καλ⁸

140 4034 238 4089 τοῦ
288 4033 536 4104 σώματος
588 4032 744 4104 ἡμῶν
793 4033 872 4093 εἰς
913 4031 1013 4099 τὴν
1071 4029 1327 4100 ἐργασίαν
1380 4026 1721 4096 προσδεῖται,

139 4127 282 4195 ὅπερ
329 4125 395 4177 δι’
437 4123 642 4176 οἰκείαν
704 4122 987 4175 ἀσθένειαν
1040 4120 1177 4191 πρὸς
1223 4121 1350 4182 τοὺς
1385 4119 1578 4180 πόνους
1621 4118 1722 4170 οὐκ

140 4217 411 4287 ἐπαρκεῐ”
461 4216 494 4284 ἡ
536 4214 591 4267 δὲ
635 4212 909 4283 προσευχὴ
952 4211 1043 4264 τὸν
1091 4210 1214 4262 νοῦν
1272 4209 1580 4280 ἐρρωμένον
1628 4208 1723 4260 καὶ

109 4306 388 4377 ¹καθαρὸν
419 4304 554 4376 πρὸς
593 4303 692 4375 τὴν
735 4302 912 4372 πάλην
960 4299 1399 4370 παρασκευάζει,
1445 4298 1724 4365 πεφυκότα

139 4394 581 4469 προσεύχεσθαι,
627 4394 722 4447 καὶ
768 4392 892 4462 δίχα
945 4390 1136 4445 τούτου
1189 4388 1280 4442 τοῦ
1329 4386 1580 4457 σώματος
1627 4390 1724 4441 καὶ

1813 3311 1964 3378 juxta
2013 3321 2244 3365 mentem
2289 3323 2594 3381 susceptum
2645 3312 2783 3366 bello
2810 3313 2952 3380 quod
2983 3326 3078 3380 per
3112 3326 3200 3364 res
3243 3311 3387 3380 ipsas

1817 3402 2042 3469 geritur.
2071 3401 2179 3456 Res
2208 3403 2404 3472 quippe
2435 3404 2589 3457 valde
2622 3403 2836 3458 mobilis
2858 3412 2943 3459 est
2968 3403 3202 3469 animus,
3225 3416 3388 3472 aegre-

1818 3504 1923 3557 que
1954 3489 2021 3543 ab
2052 3490 2309 3558 improbis
2344 3491 2645 3560 phantasiis
2671 3500 2974 3547 coercetur.

1889 3665 2074 3721 XLIX.
2123 3665 2348 3734 Semper
2392 3665 2606 3734 quidem
2653 3665 2904 3735 operari,
2951 3664 3204 3735 vigilare,
3243 3661 3384 3732 jeju-

1819 3772 1971 3823 nare,
2007 3773 2110 3810 non
2149 3756 2247 3809 fuit
2280 3755 2436 3809 nobis
2479 3765 2846 3823 praeceptum;
2885 3761 2938 3807 at
2969 3755 3085 3808 sine
3112 3752 3388 3807 intermis-

1821 3848 1972 3901 sione
2015 3860 2174 3900 orare
2207 3845 2298 3900 lett
2323 3844 2507 3898 sanxit
2528 3845 2570 3876 ³²
2597 3858 2612 3897 :
2647 3843 3084 3913 quandoquidem
3117 3842 3227 3907 illa,
3268 3857 3389 3911 qua:

1821 3937 2014 3990 animae
2046 3935 2430 4004 perpetientcm
2468 3942 2678 4004 partem
2720 3940 2934 3996 curant,
2959 3933 3118 3986 etiam
3145 3931 3390 4001 corporis

1822 4025 1994 4078 nostri
2029 4038 2130 4092 ope
2170 4033 2224 4077 ut
2277 4022 2406 4076 ﬁant
2463 4031 2654 4092 egent,
2695 4024 2840 4091 quod
2877 4035 3072 4088 corpus
3118 4020 3386 4090 propriam

1821 4119 1890 4171 ob
1925 4117 2350 4172 imbecillitatem
2377 4117 2444 4168 ad
2481 4115 2720 4168 laborem
2766 4114 3079 4168 continuum
3108 4126 3213 4165 non
3245 4110 3391 4166 suﬁi—
3476 4189 3480 4192 η

1823 4209 1930 4274 cit;
1965 4219 2016 4264 at
2045 4210 2227 4264 oratio
2267 4218 2498 4262 mentem
2543 4207 2772 4260 validam
2823 4218 3120 4273 puramque
3165 4203 3230 4257 ad
3265 4217 3386 4257 cer-

1825 4311 2002 4354 tamen
2060 4300 2219 4362 l'acit,
2267 4308 2448 4352 natam
2500 4307 2558 4351 ut
2590 4305 2862 4366 precetur,
2903 4303 2959 4350 et
3007 4295 3142 4350 citra
3191 4311 3389 4364 corpus

1825 4389 1968 4442 istud
1999 4398 2159 4456 atque
2205 4401 2302 4456 pro
2328 4388 2538 4444 cunctis
2584 4386 2778 4441 anima:
2811 4383 3154 4440 facultatibus
3198 4394 3387 4439 contra

140 4487 291 4556 ὑπὲρ
337 4484 526 4540 πασῶν
554 4484 659 4538 τῶν
690 4485 788 4555 τῆς
821 4483 998 4554 ψυχῆς
1037 4481 1320 4552 δυνάμεων
1361 4482 1475 4543 τοῖς
1502 4479 1715 4550 δαίμοσι

1828 4478 2096 4534 daemones
2135 4486 2350 4549 pugnet.

141 4577 442 4648 μάχεσθαι.

287 4689 425 4757 Περὶ
466 4689 584 4742 τῶν
610 4688 679 4740 ἐν
704 4685 828 4751 τοῖς
863 4685 1078 4750 ὕπνοις
1109 4683 1583 4753 συμϐαινόντων.

212 4797 344 4850 NA'.
387 4797 552 4849 Ὅταν
595 4796 652 4849 ἐν
695 4796 815 4857 ταῖς
860 4793 982 4846 καθ’
1027 4792 1192 4845 ὕπνον
1235 4790 1596 4860 φαντασίαις,
1647 4789 1724 4860 τῷ

133 4882 529 4954 ἐπιθυμητικῷ
565 4882 720 4954 μέρει
771 4881 1132 4952 πολεμοῦντες
1159 4883 1208 4934 οί
1252 4880 1524 4951 δαίμονες,
1571 4879 1724 4933 αὐτοὶ

137 4976 246 5045 μὲν
284 4973 620 5036 δεικνύωσιν,
662 4974 824 5042 ἡμεῖς
849 4971 906 5023 δὲ
959 4968 1402 5041 προστρέχωμεν,
1437 4969 1722 5040 συντυχίας

131 5066 461 5135 γνωρίμων,
493 5064 587 5118 καὶ
626 5062 904 5133 συμπόσια
941 5061 1241 5130 συγγενῶν,
1271 5062 1365 5113 καὶ
1393 5063 1586 5132 χοροὺς
1626 5078 1723 5131 γυ-

132 5155 376 5221 ναικῶν,
406 5155 498 5208 καὶ
529 5155 628 5207 ὅσα
655 5154 788 5208 ἀλλα
816 5153 1041 5206 τοιαῦτα
1075 5153 1277 5223 ἡδονῶν
1305 5152 1719 5220 ἀποτελεστικὰ,

131 5248 200 5298 ἐν
249 5244 428 5314 τούτῳ
456 5244 534 5314 τῷ
567 5243 724 5316 μέρει
771 5242 1055 5313 νοσοῦμεν,
1090 5243 1184 5295 καὶ
1227 5242 1288 5295 τὸ
1313 5242 1482 5305 πάθος
1524 5242 1720 5312 ἰσχύει.

134 5335 324 5389 Ὅταν
366 5335 424 5388 δὲ
473 5335 632 5390 πάλιν
693 5335 750 5387 τὸ
805 5333 1033 5404 θυμικὸν
1082 5333 1514 5405 ἐκταράσσωσιν,
1567 5333 1720 5398 ὀδοὺς

2135 4673 2210 4729 De
2238 4675 2304 4729 iis
2330 4689 2446 4745 quae
2474 4673 2529 4728 in
2564 4674 2763 4727 somnis
2792 4672 3064 4727 accidunt.

1891 4787 2019 4842 LIV.
2061 4786 2194 4843 Cum
2243 4788 2296 4841 in
2349 4785 2628 4842 nocturnis
2671 4784 2847 4840 somni
2909 4781 3243 4843 visionibus,
3284 4779 3385 4833 ad;

1819 4895 2008 4935 versus
2032 4879 2501 4948 concupiscentem
2531 4887 2738 4946 partem
2770 4883 3068 4944 pugnantes
3092 4873 3388 4932 dmmoncs,

1824 4969 1924 5039 ipsi
1957 4969 2174 5038 quidem
2209 4968 2364 5022 nobis
2395 4967 2686 5020 ostendunt
2714 4963 2988 5032 colloquia
3017 4959 3384 5020 familiarium,

1821 5061 2060 5115 convivia
2119 5068 2512 5130 cognatorum,
2552 5055 2838 5111 mulierum
2897 5054 3132 5116 choros,
3177 5048 3393 5116 aliaque

1823 5150 2147 5216 consimilia,
2186 5165 2307 5220 quae
2329 5150 2393 5203 ad
2427 5148 2766 5217 ,voluptatem
2807 5150 3075 5213 spectant,
3123 5152 3222 5192 nos
3263 5149 3392 5190 vero

1828 5242 2197 5307 occurrimus;
2249 5254 2313 5294 ca
2361 5243 2414 5294 in
2464 5248 2616 5308 parte
2668 5245 3022 5306 aegrotamus,
3065 5238 3118 5283 et
3166 5225 3393 5280 all'ectus

1829 5331 1998 5386 Valet:
2032 5346 2155 5386 cum
2193 5345 2322 5386 vero
2355 5343 2541 5385 rursus
2576 5335 2783 5396 partem
2813 5326 3133 5377 irascentem
3168 5325 3362 5370 contur

131 5424 497 5498 κρημνώδεις
534 5425 736 5479 ὁδεύειν
766 5424 1289 5495 καταναγκάζοντες,
1321 5425 1415 5479 καὶ
1468 5424 1715 5490 ἐνόπλους

1833 5423 2109 5495 haverint,
2138 5437 2235 5495 per
2267 5421 2558 5495 praecipitia
2600 5413 2871 5490 proﬁcisci
2903 5417 3180 5482 cogentes,
3220 5415 3275 5464 et
3308 5405 3391 5460 in-

217 5580 271 5614 "
311 5579 334 5635 ι
364 5579 555 5637 Thess.
583 5595 636 5648 ν,
673 5580 754 5635 l7.

215 5733 342 5805 (54)
379 5734 461 5790 An
497 5733 774 5807 ἀλλήλοιςῖ
