3888 6284
458 310 594 366 ΕΠ

1546 306 1819 364 PATBES
1857 303 2151 364 EGYPTII
2177 303 2446 361 SECULI
2485 301 2575 358 IV.

3587 293 3739 351 {2‘8

459 423 708 479 ducendo
750 424 898 480 viros
943 432 1206 491 armatos,
1231 426 1454 480 ’necnon
1506 437 1800 482 venenatas
1847 427 2057 486 ειη-ηἰ-⁴

2170 423 2324 495 νδρας
2355 423 2671 492 ἐπάγοντες,
2695 420 2789 473 καὶ
2824 417 3002 472 ίοϐόλα
3052 419 3144 472 καὶ
3173 413 3507 486 σαρκοϐόρα
3534 411 3736 483 θηρία,

461 529 729 585 vorasque
775 517 1008 582 bestias;
1053 530 1258 585 nosque
1299 517 1366 572 ad
1395 531 1490 574 eas
1521 518 1639 574 vias
1669 521 1862 574 timore
1905 534 2023 589 per-

2134 515 2296 584 ἡμεῖς
2331 513 2386 566 δὲ
2423 512 2560 582 πρὸς
2597 511 2698 580 μὲν
2734 507 2832 572 τὰς
2868 509 3021 572 ὁδοὺς
3066 504 3584 577 ἐκδειματούμεθα,
3631 504 3742 556 ira}.

463 603 734 670 cellimur,
785 613 841 660 et
881 621 912 658 a
959 604 1089 661 feris
1139 606 1378 676 virisque
1439 608 1691 666 insectari
1755 610 2026 682 fugimus;

2170 615 2184 656 ι
2223 603 2331 656 τῶν
2369 603 2593 673 Θηρίων,
2623 601 2718 654 καὶ
2746 599 2856 654 τῶν
2901 597 3110 670 ἀνδρῶν
3148 597 3488 667 διωκόμενοι
3525 594 3743 664 φεύγου

471 703 598 750 tune
637 695 808 762 partis
839 694 980 750 illius
1017 710 1203 752 curam
1248 712 1520 768 geramus,
1560 711 1618 756 et
1659 699 1933 756 Christum
1975 702 2028 756 in

470 785 664 855 vigiliis
727 787 1074 857 invocantes,
1155 791 1482 860 supradictis
1586 793 1842 848 remediis
1908 801 2029 847 uta-

468 890 607 930 mur.
1655 945 1664 954 .

543 963 653 1018 LV.
696 964 982 1024 Naturales
1020 968 1264 1038 corporis
1308 970 1362 1024 in
1412 971 1622 1027 somnis
1665 973 1949 1036 motiones,
1985 973 2030 1029 si

473 1053 674 1122 absque
700 1055 830 1109 visis
865 1055 1014 1124 ﬁant,
1038 1058 1273 1112 animam
1311 1059 1644 1130 aliquantum
1671 1063 1906 1117 sanitate
1929 1063 2031 1119 frui

473 1143 746 1210 indicant;
779 1147 1018 1202 visorum
1046 1159 1226 1222 autem
1267 1150 1418 1217 fixio,
1447 1152 1782 1222 mgritudinis
1824 1156 2034 1225 signum

471 1243 582 1300 est;
627 1244 680 1289 et
712 1236 1018 1294 indefinitas
1063 1239 1248 1306 facies,
1276 1244 1478 1298 veteris
1520 1245 1716 1311 morbi,
1762 1247 2034 1312 definitas,

478 1324 710 1378 recentis
747 1325 917 1394 plagae
945 1330 1183 1398 symbolo
1216 1341 1424 1401 reputa.
1853 1334 1857 1339 ’

547 1413 678 1468 LVI.
724 1413 1018 1472 Vacuitatis
1073 1423 1535 1489 perturbationum
1600 1426 1786 1495 signa,
1835 1427 1901 1483 de
1953 1426 2040 1482 die

477 1518 574 1570 per
603 1505 979 1573 cogitationes,
1013 1518 1172 1563 noctu
1205 1525 1302 1574 per
1344 1513 1608 1570 insomnia
1645 1517 2039 1587 percipiemus;

477 1602 530 1646 et
564 1607 680 1646 eam
715 1596 928 1663 quidem
965 1598 1307 1664 vacuitatem,
1353 1604 1546 1658 anima:
1591 1606 1877 1661 sanitatem
1921 1620 2044 1662 esse

481 1681 752 1746 (Ιίνιιιηυε,
800 1685 978 1737 cibum
1034 1700 1160 1740 vero
1200 1687 1585 1756 cognitionem,
1627 1706 1745 1759 qum
1787 1691 1902 1746 sola
1939 1706 2037 1746 nos

481 1783 601 1822 cum
643 1771 841 1826 sanctis
876 1775 1162 1830 virtutibus
1192 1775 1516 1848 conjungere
1559 1779 1728 1844 solet;
1775 1781 2040 1850 siquidem

483 1858 793 1924 conjunctio
823 1879 944 1918 cum
993 1867 1348 1937 incorporeis,
1387 1885 1451 1925 ex
1494 1871 1658 1926 simili
1693 1872 1887 1928 all‘ectu
1930 1875 2046 1929 fieri

483 1960 650 2004 amat.

485 2042 560 2095 De
601 2054 743 2096 stam
784 2047 874 2114 qui
922 2047 992 2099 ad
1034 2049 1416 2116 perpessionum
1467 2051 1776 2107 vacuitatem
1827 2055 2045 2111 accedit.

557 2130 714 2185 LVII.
757 2134 882 2188 Duce
933 2145 1060 2189 sunt
1098 2138 1264 2191 animi
1308 2123 2045 2207 ραέἰίὶεεεντῠιιειίιιιιῑοηεεε

485 2223 652 2277 altera
686 2226 898 2292 quidem
926 2243 1042 2296 qua:
1067 2243 1095 2282 a
1133 2230 1471 2287 naturalibus
1505 2234 1804 2288 seminibus
1836 2238 2046 2305 prodit;

485 2315 653 2368 altera
683 2330 808 2369 vero
836 2331 956 2386 quae
1003 2322 1307 2375 rceessione
1347 2322 1646 2377 daemonum
1690 2326 1780 2391 lit;
1811 2337 1866 2380 et
1908 2328 2051 2395 prio-

489 2420 598 2458 rem
639 2407 882 2474 scquitur
939 2409 1214 2464 humilitas
1247 2427 1367 2464 cum
1399 2416 1836 2482 compunctione,
1869 2427 1925 2472 et
1968 2417 2047 2471 la-

487 2509 705 2563 crymar,
747 2506 800 2548 et
839 2511 993 2552 amor
1018 2514 1144 2568 erga
1178 2500 1343 2556 Deum
1392 2503 1656 2572 infinitus,
1705 2506 2053 2563 immensum-

488 2599 593 2652 que
617 2586 875 2653 operandi
919 2589 1192 2656 studium;
1227 2594 1516 2647 secundam
1546 2609 1682 2649 vana
1716 2596 1882 2664 gloria
1928 2613 2050 2651 cum

489 2674 760 2740 superbia,
794 2675 846 2728 in
897 2675 1224 2746 reliquorqu
1277 2680 1577 2736 daamonum
1610 2683 1910 2740 sublatione
1940 2701 2054 2741 rno-

491 2765 718 2819 nachum
749 2765 1008 2822 alliciens.
1034 2769 1133 2835 Qui
1163 2784 1291 2839 ergo
1324 2771 1455 2828 lines
1485 2773 1682 2841 prioris
1732 2783 1906 2831 status
1936 2791 2050 2831 ser-

492 2866 601 2921 vat,
627 2855 926 2912 daemonum
957 2858 1206 2916 incursus
1237 2863 1395 2918 citius
1423 2875 1732 2934 cognoscet.

566 3116 741 3173 LVIII.
791 3119 947 3174 Vanm
1007 3122 1190 3189 gloriae
1247 3125 1453 3180 dtemon
1512 3127 1886 3182 fornicationis
1947 3129 2056 3182 da:-

497 3212 642 3263 tmni
709 3212 983 3279 oppositus
1038 3223 1152 3281 est,
1203 3231 1374 3284 neque
1431 3217 1545 3272 ﬁeri
1596 3227 1772 3288 potest
1815 3228 1870 3272 ut
1903 3219 2061 3272 ambo

500 3301 662 3354 simul
715 3302 952 3355 animam
999 3304 1346 3374 adoriantur;
1391 3309 1642 3376 quoniam
1691 3309 1779 3362 ille
1829 3310 2063 3364 honores

499 3393 790 3458 promittit,
844 3394 931 3446 hic
975 3394 1282 3463 ignominia:
1331 3397 1646 3453 conciliator
1703 3409 1804 3454 est.
1839 3398 2064 3464 Quando

503 3485 666 3551 igitur
710 3485 898 3539 horum
947 3486 1206 3541 alteruter
1253 3503 1475 3543 accessu
1521 3504 1618 3544 suo
1675 3491 1932 3560 presserit
1980 3499 2062 3556 te,

505 3574 734 3643 oppositi
777 3589 904 3629 sane
951 3575 1212 3631 dmmonis
1260 3577 1310 3630 in
1357 3587 1407 3632 te
1446 3579 1801 3647 cogitationes
1841 3577 2064 3649 ellinge;

506 3678 569 3716 ac
601 3664 645 3718 si
679 3666 941 3734 potueris,
968 3666 1122 3734 Juxta
1157 3665 1206 3720 id
1241 3666 1384 3735 quod
1413 3667 1519 3722 dici
1564 3666 1718 3734 solet,
1764 3669 1917 3726 clavo
1959 3671 2068 3726 cla-

509 3770 633 3808 vum
667 3757 972 3820 extrudere,
1005 3757 1217 3812 noveris
1253 3769 1302 3812 te
1338 3773 1501 3828 prope
1533 3761 1794 3816 terminos
1822 3762 2069 3832 impassi-

508 3843 728 3898 bilitatis
757 3844 1054 3898 consistere
1083 3863 1096 3896 :
1121 3844 1286 3898 valuit
1321 3847 1464 3900 enim
1501 3861 1653 3903 mens
1693 3844 1780 3903 tua
1821 3851 2070 3906 humanis

509 3934 922 4006 cogitationibus
953 3936 1252 3989 daemonum
1305 3937 1676 4004 suggestiones
1708 3939 1944 3995 abolere.
1975 3945 2071 3996 Ast

508 4042 604 4097 per
645 4025 999 4080 humilitatem
1054 4025 1309 4094 repellere
1352 4025 1528 4082 inanis
1579 4027 1766 4098 gloriae
1813 4032 2070 4085 tentatio-

516 4132 658 4182 nem,
694 4124 788 4170 aut
825 4131 919 4184 per
948 4117 1247 4169 castitatem
1298 4115 1667 4172 fornicationis
1698 4118 1906 4186 vitium,
1949 4136 2074 4190 pro-

511 4208 838 4263 fundissima:
888 4208 1096 4277 signum
1163 4208 1266 4261 erit
1330 4207 1843 4278 imperturbationis.
1897 4197 2072 4280 Atque

512 4301 615 4353 hoc
657 4299 794 4354 idem
845 4299 896 4352 in
947 4300 1197 4353 omnibus
1249 4300 1476 4354 invicem
1529 4301 1819 4356 contrariis
1869 4300 2071 4356 dmino-

2133 713 2253 766 μεν,
2279 693 2370 748 τοῦ
2404 691 2632 764 θυμικοῦ
2668 691 2868 763 μέρους
2910 688 3269 760 ποιησώμεθα
3301 688 3613 758 πρόνοιαν,
3646 688 3743 738 καὶ.

2130 785 2224 840 τὸν
2251 784 2484 856 Χριστὸν
2515 784 2575 838 ὲν
2599 782 2929 854 ἀγρυπνίαις
2955 777 3404 849 ἐπικαλούμενοι,
3439 779 3572 842 τοῖς
3603 793 3744 848 προ-

2133 872 2444 945 ειρημένοις
2469 870 2778 942 φαρμάκοις
2811 865 3160 939 χρησώμεθα.

2203 961 2330 1018 NE'.
2370 964 2438 1016 Δί
2486 961 2760 1016 ἀνείδωλοι
2811 961 2870 1013 έν
2913 953 3025 1021 τοῖς
3076 958 3267 1020 ὕπνοις
3311 954 3414 1009 τοῦ
3465 953 3747 1026 σώματος

2135 1055 2362 1124 φυσικαὶ
2417 1053 2691 1122 κινήσεις,
2734 1049 3000 1118 ὑγιαίνειν
3055 1048 3234 1110 ποσῶς
3296 1046 3592 1116 μηνύουσι
3641 1045 3743 1116 τὴν

2133 1144 2312 1215 ψυχήν
2329 1160 2344 1175 ’
2370 1143 2533 1215 πῆξις
2556 1142 2614 1196 δὲ
2646 1139 2898 1206 εἰδώλων,
2922 1138 3229 1211 ἀρρωστίας
3261 1136 3610 1209 γνώρισμα·
3652 1139 3745 1189 καὶ

2135 1235 2204 1288 τὰ
2235 1234 2332 1304 μὲν
2360 1233 2587 1304 ἀόριστα
2619 1225 2806 1302 πρόσω
2817 1247 2904 1296 πα,
2929 1227 3021 1283 τοῦ
3048 1225 3277 1282 παλαιοῦ
3311 1226 3564 1286 πάθους,
3588 1224 3667 1276 τά
3689 1222 3743 1275 δὲ

2137 1323 2436 1394 ὡρισμένα,
2473 1321 2573 1392 τῆς
2618 1317 2932 1390 παραυτίκα
2964 1316 3177 1387 πληγῆς
3223 1314 3478 1385 σύμϐολα
3517 1313 3742 1382 νόμιζε.

2208 1413 2350 1480 NG’.
2387 1411 2469 1466 Τά
2515 1413 2614 1480 τῆς
2649 1408 2919 1471 ἀπαθείας
2972 1407 3283 1477 τεκμήρια,
3337 1404 3467 1474 μεθ’
3511 1403 3744 1474 ἡμέραν

2145 1505 2242 1576 μὲν
2273 1504 2360 1559 διὰ
2392 1504 2500 1556 τῶν
2532 1502 2826 1572 λογισμῶν,
2852 1499 3067 1569 νύκτωρ
3096 1498 3155 1551 δὲ
3192 1497 3282 1552 διὰ
3308 1498 3422 1550 τῶν
3459 1493 3744 1549 ἐνυπνίων

2142 1594 2585 1666 ἐπιγνωσόμεθα*
2618 1593 2714 1646 καὶ
2744 1591 2846 1662 τὴν
2880 1591 2978 1662 μὲν
3004 1588 3290 1652 ἀπάθειαν,
3321 1586 3558 1656 ύγίειαν
3585 1582 3743 1655 spy-3-

2148 1703 2246 1757 μεν
2282 1685 2420 1739 εἶναι
2449 1683 2648 1754 ψυχῆς,
2678 1683 2882 1752 τροφὴν
2909 1681 2966 1734 δὲ
2993 1679 3090 1751 τὴν
3124 1677 3345 1748 γνῶσιν,
3403 1677 3544 1747 ἥτις
3601 1674 3741 1745 μόνη

2152 1776 2439 1830 συνάπτειν
2463 1773 2611 1843 ἡμᾶς
2637 1773 2755 1836 ταῖς
2794 1769 2977 1838 ἁγίαις
3001 1768 3294 1838 δυνάμεσιν
3323 1765 3560 1819 εἴωθεν·
3585 1765 3745 1833 εἰπερ

2151 1871 2184 1940 ἡ
2209 1867 2320 1921 τῶν
2357 1864 2664 1936 ἀσωμάτων
2697 1862 2962 1931 συνάφεια
2987 1861 3053 1914 ὲκ
3080 1858 3181 1930 τῆς
3211 1858 3409 1928 ὁμοίας
3437 1855 3742 1917 διαθέσεως

2151 1956 2396 2026 γίνεσθαι
2427 1955 2689 2023 πέφυκεν.

2151 2050 2284 2118 Περι
2337 2048 2436 2116 τῆς
2487 2044 2912 2109 καταστάσεως
2948 2039 3299 2112 ἐπιδούσης
3334 2036 3414 2106 τῇ
3453 2034 3740 2098 ἀπαθείᾳ.

2221 2141 2346 2194 NZ'.
2387 2137 2494 2191 Δύο
2528 2137 2624 2207 τῆς
2652 2134 2831 2205 ψυχῆς
2869 2132 3141 2204 είρηνικαὶ
3179 2127 3562 2188 καταστάσεις
3615 2125 3741 2186 εἰσὶ,

2157 2233 2253 2304 μία
2286 2230 2385 2302 μὲν
2401 2232 2436 2300 ἡ
2474 2227 2582 2283 ἀπὸ
2604 2225 2713 2282 τῶν
2735 2224 2980 2294 φυσικῶν
3003 2222 3331 2294 σπερμάτων
3349 2216 3742 2286 eumeum.

2155 2321 2316 2392 ἑτέρα
2368 2317 2426 2371 δὲ
2463 2319 2497 2388 ἡ
2543 2315 2600 2381 ἐξ
2635 2313 3038 2384 ὑποχωρήσεως
3067 2310 3175 2364 τῶν
3229 2308 3511 2379 δαιμόνων
3564 2307 3736 2371 ἐπιγι-

2155 2410 2353 2481 νομένη
2374 2423 2388 2438 ⁶
2418 2408 2512 2461 καὶ
2542 2408 2609 2476 τῇ
2646 2404 2741 2476 μὲν
2771 2403 3012 2474 προτέρα
3047 2400 3327 2455 ἀκολουθεῖ
3368 2411 3741 2466 ταπεινοφρο·

2157 2501 2290 2570 σύνη
2341 2497 2479 2569 μετά
2505 2494 2868 2559 κατανύξεως,
2901 2494 2996 2546 καὶ
3025 2492 3260 2563 δάκρυον
3285 2489 3384 2543 καὶ
3412 2488 3584 2550 πόθος
3607 2487 3741 2556 πρὸς

2155 2592 2216 2644 τὸ
2259 2589 2410 2643 Θεῖον
2444 2588 2701 2658 ἄπειρος,
2738 2583 2834 2637 καὶ
2877 2581 3080 2652 σπουδὴ
3116 2581 3244 2652 περὶ
3287 2579 3351 2633 τὸ
3386 2579 3557 2650 ἔργον
3603 2576 3741 2646 ἀμέ-

2157 2698 2354 2754 τρητος
2375 2696 2390 2710 ·
2422 2681 2484 2750 τῇ
2514 2678 2572 2732 δὲ
2597 2675 2842 2746 δευτέρᾳ,
2865 2673 3140 2738 κενοδοξία
3166 2671 3305 2742 μετά
3331 2669 3738 2741 ὑπερηφανίας.

2159 2776 2218 2828 ὲν
2271 2771 2549 2841 ἀναιρέσει
2599 2768 2706 2821 τῶν
2756 2765 2960 2820 λοιπῶν
3021 2764 3290 2834 δαιμόνων
3342 2763 3436 2816 τδν
3499 2759 3737 2832 μοναχὸν

2161 2862 2523 2932 ύποσύρουσα.
2559 2859 2616 2912 ’0
2647 2857 2823 2911 τοίνυν
2848 2856 3030 2926 τηρῶν
3071 2855 3142 2907 τὰ
3168 2855 3293 2924 ὅρια
3321 2853 3425 2922 τῆς
3463 2850 3736 2921 προτέρας

2162 2952 2568 3015 καταστάσεως,
2592 2949 2692 3013 τὰς
2730 2947 3034 3018 ἐπιδρομὰς
3061 2947 3170 3000 τῶν
3193 2944 3465 3016 δαιμόνων
3487 2942 3734 3014 ὀξύτερον

2086 3070 2128 3126 C
2161 3042 2541 3126 ἐπιγνώσεταιἶ

2230 3127 2363 3184 NH'.
2403 3128 2463 3180 Ὀ
2493 3124 2588 3195 τῆς
2615 3121 2917 3189 κενοδοξίας
2944 3121 3152 3191 δαίμων
3179 3117 3487 3172 ἀντίκειται
3517 3115 3596 3186 τῷ
3625 3114 3730 3168 δαί-

2169 3239 2292 3291 μονι
2343 3219 2444 3289 τῆς
2500 3216 2785 3288 πορνείας,
2831 3214 2927 3268 καὶ
2970 3213 3192 3277 τούτους
3247 3212 3364 3282 ἃμα
3413 3208 3734 3281 προσδαλεῖν

2162 3313 2308 3383 ψυχῇ
2349 3309 2459 3363 τῶν
2497 3308 2598 3361 οὐκ
2617 3305 2978 3376 ἐνδεχομένων
3024 3305 3208 3358 ἐστίν·
3254 3303 3416 3374 εῐπερ
3449 3306 3480 3357 δ
3521 3303 3621 3374 μὲν
3660 3317 3733 3353 τι·

2170 3402 2276 3472 μὰς
2312 3395 2726 3468 ἐπαγγέλλεται,
2765 3397 2794 3449 ο
2836 3394 2895 3449 δὲ
2937 3393 3163 3464 ἀτιμίας
3209 3391 3471 3464 πρόξενος
3509 3393 3731 3460 γίνεται.

2177 3492 2460 3560 Ὀπότερος
2496 3487 2674 3541 τοίνυν
2702 3485 2906 3539 τούτων
2933 3485 3027 3538 ἐὰν
3055 3484 3426 3555 προσεγγίσας
3464 3483 3629 3554 πιέζῃ
3659 3499 3731 3545 σε,

2165 3581 2292 3644 τοὺς
2341 3578 2435 3632 τοῦ
2493 3576 2868 3647 ἀντικειμένου
2913 3574 3166 3645 δαίμονος
3213 3573 3418 3626 πλάττε
3474 3573 3637 3643 δῆθεν
3678 3574 3728 3624 ὲν

2171 3675 2381 3746 σεαυτῷ
2425 3671 2747 3743 λογισμούς’
2797 3670 2901 3725 κᾶν
2945 3669 3198 3740 δυνηθῇς,
3239 3666 3308 3719 eo
3333 3666 3398 3736 δὴ
3431 3665 3730 3736 λεγόμενον,

2171 3769 2289 3838 ἥλῳ
2313 3766 2404 3822 τὸν
2441 3760 2572 3837 ἧλον
2613 3761 2916 3833 ἐκκρούειν,
2959 3759 3193 3829 γίνωσκε
3234 3759 3464 3810 σεαυτὸν
3521 3756 3728 3834 πλησίον

2168 3864 2296 3917 ὄντα
2343 3861 2450 3916 τῶν
2497 3861 2640 3932 ὅρων
2679 3858 2780 3928 τῆς
2829 3855 3119 3918 ἀπαθείας.
3150 3855 3367 3923 Ἰσχυσε
3411 3852 3522 3923 γάρ
3578 3867 3666 3904 σου
3702 3852 3728 3900 ὁ

2171 3951 2294 4015 νοῦς
2345 3951 2622 4020 λογισμοῖς
2685 3944 3047 4018 ἀνθρωπίνοις
3105 3943 3404 4013 λογισμοὺς
3479 3941 3722 4010 ἀφανίσαι

2171 4042 2456 4112 δαιμόνων.
2485 4039 2558 4092 Τὸ
2580 4039 2637 4092 δὲ
2666 4037 2755 4091 διὰ
2777 4033 3274 4106 ταπεινοφροσύνης
3302 4031 3625 4086 ἀπώσασθαι
3647 4027 3729 4082 τὸν

2171 4133 2268 4202 τῆς
2298 4129 2602 4194 κενοδοξίας
2629 4126 2910 4196 λογισμὸν,
2947 4125 2981 4195 ἥ
3016 4123 3102 4178 διὰ
3152 4120 3504 4193 σωφροσύνης
3529 4120 3619 4174 τδν
3641 4119 3729 4188 τῆς

2176 4221 2460 4292 πορνείας,
2512 4217 2822 4289 βαθυτάτης
2860 4216 2927 4270 ἂν
2975 4215 3060 4285 είη
3109 4213 3413 4283 τεκμήριον
3456 4210 3724 4274 ἀπαθείας.

2175 4313 2286 4367 Καὶ
2329 4311 2488 4365 τοῦτο
2530 4310 2624 4362 ἐπὶ
2657 4307 2874 4362 πάντων
2906 4307 3013 4360 τῶν
3063 4303 3456 4373 ἀντικειμένων
3499 4301 3728 4372 ἀλλήλοις

497 4389 671 4444 ἰιὶιιιιε
735 4390 916 4444 facere
961 4391 1244 4444 contende.
1293 4391 1462 4446 Simul
1507 4392 1649 4446 enim
1692 4400 1746 4445 et
1779 4407 2057 4462 cognosces

2171 4402 2439 4472 δαιμόνων
2476 4399 2736 4471 πράττειν
2768 4395 3082 4468 πειράθητι.
3112 4395 3268 4464 Ἅμα
3291 4393 3399 4462 γὰρ
3433 4393 3530 4445 καὶ
3563 4391 3726 4463 γνώσῃ

511 4482 660 4550 qnali
719 4481 1105 4551 perturbationi
1160 4481 1330 4551 magis
1380 4482 1677 4538 adbatreas.
1724 4485 1922 4542 Verum
1979 4501 2076 4554 pro

512 4572 717 4627 viribus
760 4588 789 4626 a
839 4572 946 4628 Deo
991 4572 1229 4642 postula,
1285 4583 1343 4627 ut
1393 4573 1626 4629 secundo
1681 4575 1840 4630 modo
1893 4578 2075 4631 hostes

515 4653 802 4734 propellas.
885 4731 890 4738 ν

586 4752 720 4806 LIX.
763 4755 880 4818 Quo
927 4753 1044 4824 plus
1090 4754 1267 4806 anima
1309 4753 1554 4822 prolicit,
1597 4769 1662 4809 eo
1710 4755 1939 4824 majores
1982 4756 2077 4810 ad-

515 4843 738 4898 versarii
783 4858 900 4897 eam
947 4843 1238 4912 excipiunt.
1271 4843 1401 4896 Nam
1453 4844 1669 4898 eosdem
1715 4834 2075 4914 semper‘daz-

519 4947 708 4989 mones
737 4933 786 4988 ei
819 4933 1074 4988 assistere
1118 4948 1223 4988 non
1251 4933 1598 4987 crediderim.
1646 4933 1808 5004 [dque
1846 4934 2080 4988 maxime

516 5028 594 5083 illi
621 5036 821 5082 norunt
848 5025 937 5094 qui
971 5026 1182 5080 acutius
1212 5025 1599 5080 tentationibus
1629 5026 1931 5091 intendunt,
1960 5040 2080 5079 cer-

507 5115 756 5188 nuntque
787 5117 1107 5172 vacuitatem
1140 5115 1427 5170 aﬂectuum
1469 5131 1573 5184 qua
1611 5118 1862 5186 gaudent,
1895 5133 1923 5170 a
1959 5132 2081 5172 suc-

517 5211 834 5267 cedentibus
860 5207 1192 5265 dmmonibus
1221 5207 1478 5262 emoveri.

589 5301 702 5356 LX.
748 5301 990 5356 Perfecta
1024 5300 1449 5370 impassibilitas,
1492 5307 1610 5367 post
1656 5307 1866 5367 partam
1915 5297 2082 5351 victo.

521 5397 656 5451 riam
700 5396 957 5452 adversus
990 5403 1211 5451 etmctos
1254 5393 1524 5449 daemones
1570 5393 1659 5459 qui
1718 5391 1837 5444 vitae
1898 5391 2084 5444 activa:

521 5488 820 5552 obsistunt,
869 5489 1060 5542 anima:
1112 5487 1369 5552 obvenit;
1417 5484 1730 5554 imperfecta
1772 5497 1901 5537 vero
1948 5481 2081 5537 dici—

525 5593 631 5647 tur,
665 5591 909 5651 respectu
956 5583 1149 5638 virium
1202 5580 1459 5637 daemonis
1499 5577 1589 5647 qui
1633 5587 1757 5632 tunc
1801 5574 1944 5631 illam
1985 5575 2076 5629 im-

526 5684 743 5743 pugnat.

2177 4494 2314 4563 ποίῳ
2341 4492 2504 4545 πάθει
2553 4489 2752 4560 μᾶλλον
2788 4487 3114 4541 πεποίωσαι.
3167 4483 3309 4566 Πλὴν
3357 4484 3458 4553 ὅση
3510 4482 3723 4552 δύναμις

2177 4586 2313 4638 αῑτει
2350 4583 2502 4654 παρά
2527 4581 2662 4636 Θεοῦ
2691 4579 2770 4651 τῷ
2802 4578 3041 4650 δευτέρῳ
3070 4576 3257 4648 τρόπῳ
3282 4575 3408 4639 τοὺς
3444 4573 3718 4644 πολεμίους

2177 4673 2500 4746 ἀμύνεσθαι.

2247 4766 2373 4822 ΝΘ¹.
2405 4765 2555 4834 ’Ὁσῳ
2586 4759 2887 4834 προκόπτει
2917 4757 3087 4829 ψυχὴ,
3111 4754 3350 4825 τοσούτῳ
3389 4752 3628 4823 μείζονες
3647 4751 3726 4805 αὖ·

2177 4856 2276 4927 τὴν
2313 4852 2709 4922 ἀνταγωνισταὶ
2727 4849 3082 4920 διαδέχονται.
3113 4847 3254 4909 Τοὺς
3288 4844 3397 4915 γὰρ
3439 4842 3629 4906 αὐτοὺς
3655 4843 3725 4895 ἀεὶ

2178 4946 2436 5016 δαίμονας
2485 4941 2622 5013 αύτῇ
2660 4939 2997 5011 παραμένειν
3035 4936 3097 4990 οὐ
3131 4935 3406 5005 πείθομαι.
3448 4932 3562 4989 Καὶ
3592 4930 3727 4985 τοῦτο

2181 5037 2328 5089 ῐσασι
2357 5033 2592 5104 μάλιστα
2629 5031 2677 5084 oi
2717 5029 2970 5096 ὀξύτερον
3001 5027 3115 5090 τοῖς
3149 5025 3483 5096 πειρασμοῖς
3528 5019 3717 5074 ἐπιϐάλ-

2181 5125 2390 5188 λοντες,
2429 5123 2522 5176 καὶ
2562 5121 2658 5192 τὴν
2701 5117 3010 5189 προσοῦσαν
3052 5116 3238 5177 αὐτοῖς
3281 5111 3554 5167 ἀπάθειαν
3580 5111 3720 5179 Expo-

2183 5211 2512 5284 χλευομένην
2545 5209 2648 5262 ὑπὸ
2675 5207 2785 5260 τῶν
2817 5201 3214 5274 διαδεξαμένων
3243 5197 3500 5268 δρῶντες.
3735 5238 3760 5250 η

2253 5303 2328 5359 Ξ’.
2379 5303 2442 5356 'Il
2492 5301 2589 5372 μὲν
2641 5298 2821 5352 τελεία
2853 5297 2922 5367 τῇ
2964 5294 3110 5364 ψυχῇ
3153 5290 3426 5353 ἀπάθεια,
3480 5286 3608 5359 μετά
3641 5285 3721 5353 τὴν

2186 5395 2336 5465 νίκην
2365 5393 2461 5464 τὴν
2501 5392 2639 5445 κατά
2675 5389 2890 5442 πάντων
2918 5383 3025 5437 τῶν
3061 5377 3458 5450 ἀντικειμένων
3503 5378 3568 5447 τῇ
3602 5392 3718 5446 πρα-

2187 5488 2344 5556 κτικῇ
2377 5483 2644 5554 δαιμόνων
2669 5479 2974 5550 ὲγγίνεταιο
3003 5477 3036 5545 ἡ
3069 5475 3126 5528 δὲ
3155 5473 3352 5543 ἀτελὴς
3381 5470 3630 5534 ἀπάθεια,
3658 5467 3719 5530 ὡς

2188 5577 2320 5647 πρδς
2344 5575 2439 5645 τὴν
2468 5574 2700 5644 δύναμιν
2727 5571 2859 5634 τέως
2892 5566 2983 5622 τοῦ
3018 5564 3341 5628 παλαίοντος
3369 5562 3508 5634 αὐτῇ
3535 5559 3720 5631 λέγεται

2186 5666 2434 5734 δαίμονος
2443 5705 2455 5717 .
