3888 6284
135 333 274 391 ηις)

814 329 1094 387 EVAGRII
1128 325 1399 384 PONTICI
1436 322 1686 383 CAPITA
1724 321 2067 380 PRACTICA
2099 321 2189 377 AD
2228 321 2652 380 ANATOLIUM.

3222 327 3362 383 ηευ

198 447 316 505 ΞΑἏ
358 449 470 509 Οὐκ
501 448 567 503 ἂν
596 447 844 520 προέλθοι
872 449 900 500 ὁ
923 445 1068 511 νοῦς,
1100 445 1220 500 ούδέ
1247 443 1581 515 άποδημὴσει
1605 440 1702 512 τὴν

1877 439 2006 492 LXI.
2052 438 2332 508 Nunquam
2371 453 2521 494 mens
2552 438 2941 510 progredietur,
2971 455 3071 497 nec
3107 443 3364 511 praclara

127 539 304 608 κακὴν
335 536 550 608 ἐκείνην
589 537 918 608 ἀποδημίαν,
962 536 1058 590 καὶ
1099 538 1157 589 ἐν
1188 537 1256 605 τῇ
1307 531 1460 603 χώρᾳ
1489 531 1700 600 γένοιτο

125 615 237 682 τῶν
264 629 586 700 ἀσωμάτων,
627 627 702 702 μὴ
738 628 809 683 τά
833 625 980 682 ἔνδον
1011 626 1460 698 διορθωσάμενος.
1495 626 1557 678 Ἡ
1588 625 1695 696 γὰρ

123 717 340 790 ταραχὴ
367 717 478 770 τῶν
508 717 746 781 οίκείων,
795 715 1146 788 ἐπιστρέφειν
1179 713 1340 770 αὐτὸν
1370 712 1528 767 είωθε
1559 712 1695 784 πρὸς

123 809 194 864 τά
218 811 310 878 ἀφ’
333 804 410 865 ὧν
436 808 777 881 ἐξελήλυθεν.

191 899 314 977 EB’.
355 899 460 954 Τὸν
485 885 631 967 νοῦν,
662 900 757 954 καὶ
795 900 853 954 αἱ
889 899 1104 971 ἀρεταὶ,
1133 898 1229 952 καὶ
1264 898 1319 950 αί
1361 897 1570 960 κακίαι,
1604 913 1695 948 τυ-

123 989 256 1060 φλὸν
297 989 731 1062 ἀπεργάζονταιο
769 991 827 1045 αῖ
859 990 982 1061 μὲν,
1013 991 1100 1044 ἵνα
1135 990 1210 1061 μὴ
1254 988 1427 1062 βλέπῃ
1457 988 1557 1051 τάς
1603 1004 1697 1041 κα·

123 1080 274 1145 κίας·
301 1081 355 1134 αι
382 1080 458 1147 δὲ,
488 1079 574 1134 ἵνα
605 1080 680 1151 μὴ
711 1080 870 1136 πάλιν
899 1078 984 1152 ἴδῃ
1009 1079 1108 1142 τάς
1138 1079 1358 1149 ἀρετάς.

519 1209 751 1277 Ῥήσεις
775 1207 1065 1279 μοναχῶν
1085 1208 1290 1278 ἁγίων.

192 1348 311 1415 ιιΑν.
352 1346 669 1414 Ἀναγκαῖον
695 1344 753 1398 δὲ
785 1344 880 1398 καὶ
905 1343 1004 1407 τὰς
1027 1341 1179 1406 ὁδοὺς
1200 1339 1308 1395 τῶν
1334 1338 1694 1412 προοδευςάν-

122 1454 231 1490 των
263 1435 438 1506 ὀρθῶς
469 1435 729 1506 διερωτᾷν
773 1431 1043 1504 μοναχῶν,
1068 1433 1161 1486 καὶ
1193 1431 1327 1503 πρὸς
1360 1429 1530 1492 αὐτὰς
1559 1445 1692 1480 κατ-

122 1522 436 1596 ορθοῦσθαι.
461 1522 640 1578 Πολλά
685 1521 794 1593 γὰρ
836 1521 984 1574 ἐστιν
1037 1522 1216 1593 εὑρεῖν
1255 1519 1346 1572 ὑπ’
1381 1517 1560 1571 αὐτῶν
1595 1519 1695 1587 ῥη-

123 1615 282 1669 θέντα
312 1632 371 1668 τε
403 1615 496 1668 καὶ
543 1613 853 1685 πραχθέντα
892 1612 1074 1676 καλῶς
1093 1629 1107 1643 °
1155 1613 1212 1665 ἐν
1259 1607 1343 1675 οἷς
1393 1610 1489 1664 καὶ
1539 1609 1696 1664 τοῦτό

1800 530 1885 583 illa
1925 529 2356 599 peregrinatione
2387 529 2660 600 migrabit,
2699 530 2909 601 eritque
2939 533 2994 587 in
3027 535 3244 603 regione
3282 536 3364 589 in-

1794 631 2207 686 corporearum,
2234 619 2339 674 nisi
2378 620 2643 674 interiora
2676 620 2991 675 correxerit.
3021 619 3364 676 Perturbatio

1795 707 1992 777 quippe
2036 706 2354 777 domestica,
2397 724 2516 766 eam
2550 710 2618 764 ad
2661 711 2754 766 illa
2782 718 3094 768 convertere
3133 712 3290 779 solet,
3332 727 3364 767 e

1795 797 1990 868 quibus
2026 810 2243 867 egressa
2271 808 2376 855 est.

1867 888 2026 946 LXII.
2065 891 2318 947 Animum
2361 901 2474 948 tum
2521 894 2752 949 virtutes
2811 901 2921 950 tum
2969 895 3098 950 vitia
3154 910 3354 952 caseum

1795 980 2059 1036 elliciunt:
2095 981 2198 1037 illa:
2221 983 2460 1052 quidem,
2485 999 2551 1039 ne
2578 985 2704 1040 vitia
2735 986 3040 1053 intueatur;
3073 989 3186 1042 haec
3212 1001 3359 1051 vero,

1797 1086 1864 1127 ne
1901 1071 2138 1127 vicissim
2175 1074 2399 1130 virtutes
2428 1075 2748 1145 conspiciat.

2141 1206 2294 1262 Dicta
2319 1218 2623 1262 sanctorum
2651 1209 3045 1265 monachorum.

1867 1337 2003 1394 XCI.
2047 1338 2278 1393 Necesse
2335 1339 2498 1394 etiam
2546 1348 2629 1394 est
2675 1342 2790 1397 vias
2837 1344 3225 1398 monachorum
3267 1344 3372 1414 qui,

1800 1441 1949 1486 recte
1993 1441 2390 1500 prtecesserunt
2431 1431 2716 1497 sciscitari,
2751 1441 2911 1503 atque
2959 1437 3026 1489 ad
3067 1451 3159 1490 eas
3205 1437 3360 1507 erigi.

1800 1519 1962 1574 Multa
2003 1521 2200 1590 quippe
2223 1521 2290 1576 ab
2318 1522 2384 1576 iis
2411 1523 2667 1592 prteclare
2693 1523 2832 1577 dicta
2869 1534 2922 1578 et
2950 1524 3090 1580 facta
3122 1526 3365 1598 invenire

1794 1620 1910 1678 est;
1960 1626 2081 1680 qua:
2117 1611 2259 1666 inter
2298 1613 2399 1668 hoc
2435 1625 2651 1681 quoque
2709 1613 2785 1666 ait
2823 1627 3008 1668 eorum
3057 1615 3360 1678 nonnullus,

125 1704 258 1773 φησί
291 1720 376 1767 τις
425 1703 625 1769 αὐτῶν,
657 1701 756 1772 τὴν
806 1701 1102 1772 ξηροτέραν
1146 1700 1239 1753 καὶ
1291 1699 1366 1769 μὴ
1418 1697 1699 1769 ἀνώμαλον

1818 1702 2080 1757 ιιιίθίοτεω
2111 1710 2167 1756 et
2211 1716 2319 1757 non
2362 1703 2680 1773 inaequalem
2714 1703 2914 1757 victum
2953 1720 3072 1759 cum
3099 1705 3362 1761 charitate

123 1793 330 1847 δίαιταν
385 1793 572 1864 ἀγάπῃ
641 1791 1044 1862 συζευχθεῖσαν,
1093 1791 1286 1843 θᾶττον
1324 1786 1564 1857 εἰσάγειν
1601 1787 1692 1840 τδν

1818 1792 2168 1861 :onjunctnm,
2224 1794 2332 1847 cito
2389 1794 2711 1848 monachum
2751 1793 3003 1848 inducere
3047 1795 3099 1848 in
3149 1805 3362 1864 portum

128 1885 358 1956 μοναχὸν
387 1885 467 1948 είς
495 1885 586 1938 τὸν
636 1883 735 1953 τῆς
777 1881 1042 1945 ἀπαθείας
1087 1880 1299 1951 λιμένα.
1338 1881 1398 1934 '0
1434 1880 1478 1933 δ’
1537 1879 1698 1942 αὐτὸς

1821 1883 2274 1954 mpassibilitatis.
2306 1883 2450 1937 Idem
2486 1898 2648 1952 porro
2687 1885 2972 1954 quemdam
3011 1884 3238 1940 fratrum
3268 1900 3364 1941 no-

123 1973 530 2045 ταρασσόμενόν
577 1989 699 2026 τινα
733 1971 948 2042 νύκτωρ
974 1971 1080 2025 τῶν
1109 1969 1375 2039 ἀδελφῶν,
1414 1969 1522 2022 τῶν
1588 1985 1696 2038 φα-

127 2061 349 2130 σμάτων
362 2057 687 2130 ἀπήλλαξεν,
716 2059 1002 2114 ἀσθενοῦσι
1041 2059 1178 2130 μετά
1202 2058 1454 2130 νηστείας
1496 2059 1699 2130 ὑπηρε-

122 2150 284 2221 τῆσαι
317 2149 643 2220 προστάξας.
672 2149 861 2204 ossea
895 2149 1005 2221 γὰρ
1025 2148 1217 2214 οὕτως,
1253 2147 1546 2222 ἐρωτηθεὶς
1570 2148 1695 2220 ἐφη,

122 2242 196 2306 ὡς
229 2242 368 2313 ἐλέῳ
393 2243 462 2297 τά
497 2242 720 2296 τοιαῦτα
760 2241 1185 2294 κατασϐέννυται
1213 2240 1382 2312 πάθη.

195 2334 310 2401 ηΒθ.
339 2333 436 2404 Τῷ
467 2332 659 2404 δικαίῳ
701 2333 967 2405 Ἀντωνίῳ
1011 2332 1282 2404 προσῆλθέ
1329 2349 1414 2395 τις
1446 2331 1555 2385 τῶν
1577 2330 1698 2384 τότε

126 2423 326 2493 σοφῶν,
361 2424 477 2486 καὶ,
518 2424 643 2488 Πῶς
671 2423 1064 2495 διακαρτερεῖς,
1087 2419 1257 2487 εἶπεν,
1279 2417 1324 2476 ῶ
1362 2423 1562 2493 Πάτερ,
1601 2421 1699 2492 τῆς

123 2516 188 2568 ἐκ
231 2513 344 2568 τῶν
406 2513 628 2583 βιϐλίων
684 2517 1037 2587 παραμυθίας
1081 2513 1479 2586 ἐστερημένοςς
1536 2513 1594 2565 '0
1641 2510 1698 2565 δέ

125 2620 286 2674 φησιο
318 2604 392 2658 Τὸ
421 2605 551 2676 ἐμὸν
585 2605 809 2675 βιϐλίον,
840 2605 1114 2674 φιλόσοφε,
1153 2607 1186 2675 ἡ
1213 2604 1371 2674 φύσις
1399 2602 1508 2656 τῶν
1541 2617 1700 2670 γεγο-

124 2693 293 2748 νότων
329 2695 467 2758 ἐστὶ,
506 2694 601 2748 καὶ
635 2695 897 2766 πάρεστιν
921 2696 1010 2749 ὅτε
1043 2695 1303 2766 βούλομαι
1340 2694 1466 2758 τοὺς
1507 2693 1697 2763 λόγους

125 2781 517 2850 ἀναγινώσκειν
545 2781 672 2846 τοὺς
703 2781 798 2835 τοῦ
824 2781 978 2836 Θεοῦ.

193 2956 309 3025 ιιιν.
354 2954 632 3028 Ἥρὼτησέ
663 2973 730 3026 με
756 2955 818 3009 τὸ
857 2953 1049 3018 σκεῦος
1077 2954 1178 3024 τῆς
1223 2952 1450 3022 ἐκλογῆς
1479 2954 1508 3004 ό
1535 2953 1701 3020 Αίγύ-

128 3062 281 3108 πτιος
328 3045 506 3116 γέρων
546 3045 832 3116 Μακάριος
854 3059 866 3072 ’
898 3043 962 3097 Τί
997 3043 1193 3114 δήποτε
1241 3041 1700 3112 μνησικακοῦντες

129 3138 225 3209 μὲν
257 3140 369 3201 τοῖς
400 3135 728 3208 ἀνθρώποις,
750 3137 849 3206 τὴν
885 3133 1324 3207 μνημονευτικὴν
1347 3132 1578 3203 δύναμιν
1601 3132 1701 3201 τῆς

126 3231 305 3300 ψυχῆς
328 3228 682 3299 ἀφανίζομεν,
710 3228 936 3297 δαίμοσι
965 3214 1022 3280 δὲ
1058 3223 1517 3297 μνησικακοῦντες
1549 3221 1706 3276 ἀϐλα-

127 3321 241 3386 ϐεῖς
275 3320 626 3390 διαμένομεν;
663 3319 857 3389 Κάμοῦ
889 3318 1024 3389 πρὸς
1052 3316 1148 3387 τὴν
1180 3315 1466 3386 ἀπόκρισιν
1494 3315 1704 3385 ἀπορή-

129 3427 349 3476 σαντος,
375 3410 471 3465 καὶ
525 3408 968 3482 παρακαλοῦντος
993 3407 1084 3460 τὸν
1113 3408 1268 3476 λόγον
1304 3406 1514 3478 μαθεῖν,
1541 3405 1702 3469 Διότι,

129 3500 298 3571 φησὶν
360 3499 586 3562 ἐκεῖνος,
619 3498 680 3550 τὸ
711 3497 811 3568 μὲν
853 3498 1113 3567 πρότερον
1155 3495 1305 3568 ποιρά
1353 3495 1530 3565 φύσιν,
1557 3496 1617 3548 τὸ
1648 3496 1705 3548 δὲ

125 3589 378 3661 δεύτερον
405 3590 548 3643 κατὰ
577 3588 739 3658 φύσιν
767 3589 882 3642 ἐστὶ
911 3587 1002 3642 τοῦ
1039 3587 1233 3658 θυμοῦ.

195 3678 313 3747 ιιΔ’.
348 3678 664 3751 Παρέϐαλον
693 3679 813 3732 κατ’
846 3679 1013 3749 αὐτὴν
1051 3678 1150 3750 τὴν
1195 3677 1462 3748 σταθερὰν
1497 3693 1707 3747 μεσημ-

127 3769 288 3840 ϐρίαν
321 3768 400 3839 τῷ
436 3769 578 3839 ἁγίῳ
622 3769 799 3840 Πατρὶ
843 3768 1139 3838 Μακαρίῳ,
1179 3769 1272 3820 καὶ
1302 3767 1421 3819 λίαν
1472 3767 1576 3819 ὑπὸ
1609 3766 1708 3836 τῆς

126 3861 289 3933 δίψης
317 3860 650 3932 φλεγόμενος
694 3860 857 3930 ᾔτουν
913 3859 1055 3931 ὕδωρ
1098 3861 1261 3912 πιεῖν.
1305 3859 1364 3912 '0
1411 3858 1467 3912 δέ
1509 3872 1702 3927 φησιν’

141 3952 464 4025 Ἀρκέσθητι
493 3955 558 4024 τῇ
610 3953 766 4023 σκιᾷ·
797 3951 983 4006 πολλοὶ
1026 3950 1136 4022 γὰρ
1171 3949 1266 4004 νῦν
1298 3949 1707 4016 ὁδοιποροῦντες

130 4046 162 4115 ἢ
214 4044 469 4109 τελέοντες
523 4046 618 4098 καὶ
671 4044 875 4114 ταύτης
927 4044 1268 4114 ἐστέρηνται.
1327 4037 1460 4094 Εἶτα
1515 4039 1708 4108 λόγους

133 4150 242 4205 μου
273 4135 410 4204 πρὸς
443 4135 604 4189 αὑτὸν
635 4135 764 4204 περὶ
793 4132 1120 4203 ἐγκρατείας
1153 4129 1537 4203 γυμνάζοντος,
1567 4130 1712 4200 Θάρ-

135 4243 242 4289 σει,
278 4224 461 4294 φησὶν,
501 4219 547 4279 ὦ
577 4225 786 4288 τέκνον,
831 4225 890 4278 ἐν
943 4223 1084 4287 ὅλοις
1134 4223 1309 4276 ἐτεσιν
1369 4222 1540 4274 εἴκοσι
1586 4219 1709 4272 οὔτε

136 4317 330 4388 ἄρτου,
357 4313 478 4368 οὔτε
513 4314 722 4381 ὕδατος,
760 4314 883 4368 οῦτε
928 4313 1098 4367 ὕπνου
1149 4313 1309 4383 κόρον
1353 4311 1568 4382 εἴληφα.
1606 4309 1710 4362 Τὺν

1798 1981 1885 2027 ctu
1937 1973 2240 2041 perturbari
2294 1971 2535 2037 solitum,
2581 1987 2610 2026 a
2651 1973 2884 2044 spectris
2924 1974 3193 2040 liberavit,
3240 1989 3362 2028 eum

1793 2062 2050 2131 jussisset
2085 2072 2143 2117 ut
2170 2063 2389 2133 agrotis
2415 2062 2631 2131 jejunus
2657 2065 3007 2120 ministraret.
3037 2064 3185 2119 Nulla
3219 2065 3362 2120 enim

1798 2155 1934 2208 adeo
1969 2167 2048 2218 re,
2082 2153 2160 2207 ait
2192 2152 2577 2221 interrogatus,
2609 2168 2672 2210 ac
2704 2154 3073 2211 misericordia
3107 2154 3364 2211 tolluntur

1798 2243 2062 2314 ejusmodi
2094 2243 2492 2312 perpessiones.

1877 2331 2037 2387 XCII.
2079 2333 2320 2387 Accessit
2352 2333 2419 2386 ad
2451 2332 2654 2402 justum
2703 2333 2992 2389 Antonium
3044 2336 3260 2402 quidam
3297 2350 3364 2389 ex

1800 2421 1866 2475 iis
1883 2424 1971 2491 qui
2000 2433 2127 2476 tunc
2152 2421 2408 2491 temporis
2433 2423 2702 2490 sapientes
2735 2423 3167 2492 liabebantur,et
3195 2425 3362 2481 dixit:

1798 2509 2103 2576 Quomodo,
2153 2510 2337 2577 Pater,
2376 2513 2542 2565 vitam
2584 2511 2812 2568 tolerare
2845 2521 3016 2580 potes,
3075 2513 3270 2568 solatio
3303 2514 3366 2567 li-

1799 2605 2016 2660 brorum
2067 2603 2392 2659 destitutus?
2422 2604 2492 2658 At
2540 2603 2629 2658 ille
2677 2604 3366 2674 respondit:Philos0pbe.

1800 2710 1950 2750 meus
1978 2694 2114 2748 liber
2145 2704 2228 2749 est
2253 2702 2441 2747 natura
2481 2707 2657 2747 rerum
2692 2702 3023 2759 creatarum,
3050 2695 3206 2763 isque
3232 2709 3354 2762 ριάξι

1799 2793 1882 2841 sto
1926 2795 2029 2850 est,
2072 2787 2286 2856 qu0ties
2343 2783 2434 2839 Dei
2491 2785 2725 2840 rationes
2759 2799 3144 2855 sermonesque
3192 2785 3367 2858 legere

1801 2875 1976 2941 cupio.

1868 2962 2052 3020 XCIII.
2096 2963 2178 3018 Me
2236 2963 2589 3034 interrogavit
2627 2978 2722 3018 vas
2757 2962 3038 3019 electionis
3083 2965 3368 3036 Aﬂgyptius

1802 3067 1966 3107 senex
2011 3051 2301 3115 Macarius,
2353 3049 2466 3117 Qua
2499 3050 2563 3104 de
2595 3064 2754 3104 causa
2787 3063 2910 3103 eum
2946 3049 3192 3104 humana:
3226 3049 3368 3116 inju-

1806 3143 1898 3197 riae
1927 3142 2342 3206 reminiscimur,
2379 3140 2572 3195 animat
2593 3139 2699 3194 vim
2733 3140 3159 3194 memoratricem
3189 3140 3368 3195 abole-
3459 3193 3462 3196 .

1807 3248 1956 3298 mus;
1989 3247 2110 3287 cum
2133 3245 2260 3287 vero
2284 3229 2612 3294 daemonicae,
2649 3237 2774 3283 tunc
2797 3243 3173 3299 permanemus
3193 3230 3369 3284 illaesi?

1806 3323 1871 3377 Et
1897 3323 2022 3392 quia
2055 3337 2154 3392 ego
2185 3323 2236 3376 in
2280 3320 2625 3390 responsione
2653 3319 2986 3381 baasitabam',
3016 3321 3370 3389 rogabamquc

1805 3421 1863 3467 ut
1909 3405 2170 3468 ratiunem
2220 3412 2508 3474 discerem,
2541 3409 2832 3477 Quoniam,
2894 3409 3067 3478 inquit
3113 3409 3218 3474 ille,
3265 3411 3370 3479 pri-

1808 3521 1953 3560 mum
1995 3514 2077 3561 est
2105 3513 2291 3560 contra
2320 3504 2487 3558 animi
2517 3510 2787 3568 naturam,
2819 3501 3110 3556 secundum
3155 3516 3282 3557 vero
3303 3517 3369 3557 ex

1806 3595 2047 3665 ejusdem
2071 3601 2260 3648 natura
2283 3601 2384 3648 est.

1874 3684 2058 3740 XCIV.
2101 3684 2216 3754 Ipso
2269 3683 2474 3739 fervido
2527 3683 2754 3740 meridie
2810 3684 3085 3755 prolectus
3131 3698 3252 3738 sum
3304 3681 3371 3736 ad

1806 3785 2050 3832 sanctum
2094 3774 2308 3831 Patrem
2354 3773 2670 3839 Macarium,
2705 3785 2759 3830 et
2806 3776 2898 3846 qui
2935 3775 3234 3832 vehementi
3282 3776 3371 3830 siti

1807 3867 2076 3932 arderem,
2106 3867 2233 3937 petii
2263 3880 2416 3936 aqua:
2444 3875 2648 3934 potum.
2697 3866 2791 3922 Ille
2820 3878 2996 3924 autem
3026 3867 3163 3922 dixit
3195 3886 3210 3923 :
3244 3867 3372 3923 Um-

1814 3959 1911 4012 bra
1945 3966 2230 4013 contentus
2275 3967 2416 4012 esto.
2464 3956 2614 4011 Multi
2655 3957 2797 4012 enim
2834 3973 2974 4013 nunc
3016 3960 3249 4014 viatores
3287 3959 3372 4013 vel

1809 4048 2125 4119 navigantes
2157 4049 2254 4103 hac
2281 4062 2495 4118 quoque
2534 4056 2740 4102 carent.
2767 4048 2897 4102 Dein
2937 4062 3059 4102 eum
3089 4049 3374 4118 cogitatio-

1813 4152 1907 4194 nes
1954 4153 2102 4193 meas
2128 4139 2273 4194 circa
2307 4136 2696 4193 continentiam
2727 4150 2908 4190 coram
2937 4149 3003 4190 co
3033 4145 3369 4202 excuterem,

1809 4227 2264 4295 Conﬁde,inquit,
2295 4225 2392 4291 liii;
2422 4225 2607 4294 viginti
2639 4232 2776 4279 totos
2804 4239 2972 4280 annos
2995 4239 3166 4293 neque
3192 4228 3370 4294 panis,

1811 4330 1983 4386 neque
2011 4330 2164 4386 aquae
2191 4330 2364 4384 neque
2405 4315 2582 4371 somni
2624 4315 2924 4371 satietatem
2957 4314 3092 4382 cepi.
3120 4313 3252 4368 Nam
3285 4328 3372 4385 pa-

135 4408 241 4479 μὲν
275 4407 383 4478 γὰρ
413 4409 577 4480 ἄρτον
609 4424 710 4477 μου
743 4407 928 4478 ἤσθιον
969 4403 1212 4476 σταθμῷ,
1238 4403 1301 4456 τὸ
1338 4402 1394 4456 δέ
1423 4401 1566 4471 ὕδωρ
1589 4399 1703 4452 ἔπι-

1818 4423 1931 4461 nem
1979 4421 2155 4462 meum
2206 4421 2329 4460 eum
2373 4407 2612 4476 pondere
2647 4405 2874 4472 comedi,
2919 4420 3114 4475 aquam
3151 4420 3280 4462 vero
3316 4407 3368 4461 in

134 4515 224 4552 vov
262 4497 466 4571 μέτρῳ,
496 4501 608 4562 τοῖς
635 4497 833 4569 τοίχοις
861 4497 918 4551 δὲ
949 4495 1186 4567 ἐμαυτὸν
1213 4493 1582 4566 παρακλίνων,
1616 4508 1706 4562 μι-

133 4590 268 4662 κρόν
293 4607 345 4644 τι
363 4589 459 4643 τοῦ
487 4589 656 4644 ῦπνου
691 4589 855 4661 μέρος
886 4587 1230 4659 ἀφήρπαζον.

203 4679 326 4749 ιιι-7.
371 4680 647 4752 Ἐμηνύθη
676 4681 783 4734 τινὶ
814 4679 922 4734 τῶν
955 4677 1201 4750 μοναχῶν
1227 4674 1338 4747 (55)
1361 4674 1588 4737 θάνατος
1613 4671 1707 4725 τοῦ

134 4772 366 4841 πατρὸς,
390 4772 419 4823 ό
443 4771 500 4823 δέ
526 4770 662 4842 πρὸς
689 4769 781 4823 τὸν
819 4767 1252 4837 ἀπαγγείλαντα,
1285 4764 1522 4827 Παῦσαι,
1549 4763 1704 4832 φησι,

134 4858 474 4935 βλασφημῶν
491 4872 506 4888 ⁶
540 4861 570 4913 ό
599 4859 708 4930 γάρ
733 4859 862 4929 ἐμὸς
883 4855 1063 4927 πατὴρ
1087 4853 1352 4917 ἀθάνατός
1379 4853 1547 4905 ἐστιν.

117 4995 126 5030 ι
207 4955 344 5020 aqu
390 4949 649 5004 Ἐπύθετό
681 4967 764 5013 τις
789 4947 898 5002 τῶν
938 4945 1183 5016 ἀδελφῶν
1221 4945 1339 5008 ἐνὸς
1382 4944 1490 4998 τῶν
1523 4942 1708 5014 γερόν-

131 5061 269 5108 των,
303 5044 354 5097 εἰ
381 5041 591 5096 κελεύοι
617 5042 684 5112 τῇ
727 5041 893 5111 μητρὶ
919 5040 1014 5093 καὶ⁸
1053 5039 1172 5100 ταῖς
1205 5035 1458 5104 ἀδελφαῖς
1493 5049 1710 5104 συμφαο

133 5138 257 5204 γεῖν
278 5131 442 5186 αὐτὸν
473 5130 860 5202 παραϐαλόντα
884 5127 962 5199 τῷ
988 5128 1122 5199 οίκῳ
1139 5143 1153 5157 ·
1183 5125 1214 5178 ό
1241 5125 1318 5189 δὲ,
1355 5124 1504 5179 Μετά
1533 5140 1718 5191 γυναι-

137 5226 259 5292 κὸς,
289 5221 464 5288 εἶπεν,
486 5224 549 5277 ού
585 5222 794 5295 βρώσῃ.

207 5319 323 5385 ιιΖυ.
353 5316 648 5388 Ἐκέκτ-ητό
664 5333 750 5378 τις
771 5314 877 5368 τῶν
908 5311 1150 5382 ἀδελφῶν
1178 5308 1505 5379 Εύαγγὲλιον
1534 5306 1714 5378 μόνον,

139 5411 238 5465 καὶ
263 5407 428 5463 τοῦτο
455 5409 730 5480 πωλήσας,
761 5407 961 5460 ἔδωκεν
1007 5408 1088 5469 είς
1131 5403 1335 5476 τροφὴν
1367 5403 1479 5464 τοῖς
1526 5400 1719 5452 πεινῶ-

137 5519 248 5570 σιν,
268 5499 422 5568 ἀξιον
448 5501 668 5572 μνήμης
693 5497 1159 5568 ἐπιφθεγξάμενος
1185 5495 1366 5567 ῥῆμα·
1389 5492 1559 5546 Αὑτὸν
1587 5490 1716 5564 γὰρ,

1810 4509 2068 4550 mensura
2118 4495 2247 4559 bibi,
2287 4505 2450 4564 atque
2497 4510 2583 4550 tne
2639 4496 2944 4551 inclinanda
3002 4497 3069 4551 ad
3116 4497 3369 4567 parietes,

1809 4587 2056 4655 exiguam
2090 4585 2264 4640 somni
2299 4594 2504 4654 partem
2543 4585 2835 4641 sull‘uratus
2862 4601 3002 4641 sum.

1883 4675 2040 4730 XCV.
2081 4674 2335 4730 Nuntiata
2367 4685 2452 4731 est
2481 4677 2690 4730 cuidam
2717 4677 2984 4731 monacho
3013 4691 3157 4732 mors
3181 4678 3371 4746 patris;

1815 4764 1905 4820 ille
1961 4775 2139 4819 autem
2184 4765 2451 4818 nuntianti
2508 4764 2646 4819 dixit
2681 4783 2694 4818 :
2725 4764 3102 4834 Blaspbemare
3153 4766 3372 4835 desine;

1814 4869 1966 4910 mens
2005 4856 2202 4925 quippe
2229 4864 2380 4924 pater
2409 4855 2727 4910 immortalis
2751 4863 2868 4942 est...
2909 4913 2926 4924 κ
2955 4906 2976 4943 ,ε
3031 4915 3064 4929 ν
3121 4905 3130 4912 .

1889 4943 2070 5000 XCVI.
2112 4945 2338 5012 Quidam
2371 4944 2538 5000 frater
2561 4937 2872 4999 nonnullum
2907 4937 3372 5004 e’ﬁtiihu’sinter-

1820 5036 2050 5106 rogavit,
2081 5052 2148 5090 an
2172 5035 2385 5103 iuberet
2424 5044 2482 5090 ut
2525 5035 2743 5090 domum
2779 5039 3078 5106 profectus,
3115 5053 3218 5092 una
3252 5053 3374 5093 eum

1816 5137 1987 5182 matre
2009 5135 2063 5180 et
2086 5127 2362 5183 sororibus
2390 5137 2702 5182 vesceretur
2730 5143 2746 5193 ;
2777 5128 2869 5197 qui
2897 5129 3171 5198 respondit
3199 5145 3213 5181 :
3242 5128 3374 5184 Cum

1815 5217 2042 5273 muliere
2069 5217 2178 5272 noli
2207 5216 2551 5272 manducare.

1887 5307 2094 5364 XCVII.
2136 5307 2365 5375 Quidam
2432 5307 2659 5363 fratrum
2716 5307 2978 5364 duntaxat
3026 5307 3372 5380 Evangelium

1814 5402 2154 5471 possidebat;
2199 5402 2340 5470 quod
2369 5415 2490 5456 cum
2529 5402 2876 5465 vendidisset,
2919 5401 3195 5471 pecuniam
3229 5399 3368 5453 alen-

1813 5491 1896 5547 dis
1916 5491 2279 5548 esurientibus
2311 5491 2552 5558 tradidit,
2585 5492 2919 5548 memorabili
2949 5491 3133 5550 addito
3166 5490 3371 5547 verbo:

141 5661 148 5668 ’
212 5675 325 5748 (55)
360 5674 479 5734 Ttrl
510 5674 629 5732 τῶν
657 5673 953 5746 μοναχῶν.
987 5670 1202 5743 Ipsimet
1233 5667 1480 5738 Evagrio,
1513 5679 1703 5737 qttema

1818 5663 1962 5721 tdum
1992 5679 2056 5721 ex
2093 5665 2333 5724 Palladio
2364 5666 2642 5725 discimus.
2672 5669 2878 5726 Com.
