3888 6284
519 269 653 326 1251

1593 267 1864 328 PATRES
1899 265 2200 324 EGYP'I‘II
2238 267 2506 327 SECULI
2544 271 2633 329 IV.

3625 268 3768 326 1252

521 387 699 456 Ipsum
721 388 889 454 enim,
917 389 1108 460 inquit,
1130 391 1324 446 librum
1359 390 1595 458 vendidi,
1629 391 1719 461 qui
1752 390 1882 446 mihi
1909 390 2074 445 dicit:

2194 389 2338 460 ρησὶ,
2365 391 2459 450 τὸν
2489 391 2645 459 λόγον
2671 389 2974 461 πεπὼληκα
2998 389 3090 444 τὸν
3113 388 3337 458 λέγοντά
3360 405 3453 459 μοι
3479 401 3492 416 ’
3524 405 3545 440 ι
3578 386 3764 459 Πὼλη-

529 497 549 531 ι
571 477 754 554 Yende
792 497 910 552 qua:
937 483 1124 549 habes,
1151 492 1204 538 et
1227 484 1292 536 da
1322 484 1645 552 pauperibus
1660 484 1725 538 ³⁸.
1753 502 1773 536 ι

593 570 820 626 XCVIII.
847 571 941 626 Est
964 588 1123 640 porro
1157 574 1300 628 circa
1335 573 1712 628 Alexandriam
1741 575 1916 630 insula
1937 588 2084 643 quae-

522 658 646 712 dam
687 661 752 714 ad
802 661 975 730 ipsum
1022 663 1496 732 septentrionalem
1540 671 1771 719 tractum
1804 666 1954 718 lacus
1994 665 2084 732 qui

523 751 724 805 dicitur
767 751 956 816 Maria,
994 753 1120 816 sita,
1178 755 1264 807 ubi
1314 754 1517 808 habitat
1549 755 1844 809 monachus
1874 769 2088 825 parem-

523 840 671 895 boles
700 840 1096 906 Gnosticorum,
1126 857 1217 896 seu
1241 844 1544 911 cognitione
1575 845 1939 912 praeditorum,
1965 858 2088 912 pro-

525 925 858 989 batissimus,
891 932 980 1000 qui
1013 933 1247 986 asseruit
1269 948 1604 1003 quascunque
1629 949 1656 985 a
1689 935 1968 988 monachis
1997 947 2089 998 ge-

526 1029 793 1082 rerentur,
832 1030 1049 1088 propter
1094 1021 1330 1089 quinque
1374 1037 1564 1077 causas
1601 1024 1714 1076 ﬁeri
1746 1041 1760 1076 :
1796 1024 1864 1078 ob
1897 1023 2082 1084 Deum,

523 1103 594 1159 ob
636 1118 900 1171 naturam,
947 1109 1017 1163 ob
1058 1111 1529 1173 consuetudinem,
1559 1113 1627 1166 ob
1684 1113 2083 1178 necessitatem,

524 1187 594 1251 ob
633 1213 795 1266 opera
854 1216 1133 1255 ntanuum.
1181 1202 1229 1254 Is
1282 1202 1418 1255 idem
1465 1219 1650 1258 rursus
1693 1205 1845 1268 dixit,
1875 1207 2086 1258 unicam

524 1287 739 1355 quidem
775 1300 960 1343 natura
1010 1307 1128 1345 esse
1173 1292 1450 1357 virtutem,
1481 1295 1575 1348 sed
1608 1311 1726 1347 eam
1773 1311 1871 1364 pro
1896 1297 2089 1350 animae

524 1377 870 1432 facultatibus
901 1381 1080 1436 varias
1110 1384 1160 1436 in
1180 1385 1388 1450 species
1415 1383 1601 1437 dividi.
1631 1383 1862 1448 Etenim,
1894 1386 2085 1456 inquit,

524 1468 701 1522 solare
740 1470 918 1524 lumen
955 1471 1120 1538 figura
1157 1485 1328 1537 caret,
1357 1475 1724 1529 conformatur
1748 1486 1924 1531 tamen
1964 1494 2085 1533 cum

526 1559 776 1612 fenestris
805 1575 901 1626 per
927 1575 1061 1630 quas
1090 1564 1401 1632 ingreditur.

592 1646 776 1700 XCIX.
818 1648 1012 1702 Iterum
1061 1651 1196 1705 alius
1243 1655 1536 1709 monachus
1574 1655 1708 1711 dixit
1738 1675 1751 1711 :
1780 1657 1902 1710 Ideo
1938 1657 2088 1712 volu-

521 1748 699 1805 ptates
742 1738 1022 1804 subtraho,
1061 1751 1118 1794 ut
1167 1743 1479 1798 occasiones
1528 1745 1818 1800 iracundia:
1874 1748 2087 1802 abscin-

525 1827 670 1880 dam.
712 1825 846 1881 Novi
883 1844 1110 1897 namque
1158 1832 1294 1884 hanc
1344 1847 1557 1902 semper
1589 1850 1684 1902 pro
1728 1836 2088 1905 voluptatibus

531 1926 762 1982 certare,
791 1928 842 1970 et
863 1921 1184 1974 conturbare
1212 1933 1443 1976 mentem
1473 1939 1670 1990 meam,
1701 1926 2090 1997 scientiamque

522 2008 812 2076 expellere.
857 2009 1126 2065 Caeterum
1167 2028 1353 2066 senum
1392 2014 1686 2070 nonnullus
1719 2017 1874 2070 istam
1908 2032 2090 2086 protu-

522 2096 587 2149 lit
629 2098 947 2151 sententiam
978 2117 991 2152 :
1026 2100 1275 2156 Charitas
1306 2103 1546 2157 ciborum
1596 2113 1688 2158 aut
1729 2108 1970 2173 pecunia:
1997 2108 2089 2162 de-

523 2186 753 2254 positum
786 2203 1003 2245 servare
1051 2193 1241 2247 nescit.
1277 2191 1418 2248 Idem
1452 2209 1666 2264 quoque
1719 2199 1895 2252 aiebat
1927 2217 1940 2252 :
1972 2198 2087 2252 Non

525 2285 779 2336 recordor
811 2299 896 2338 me
947 2285 1030 2340 bis
1072 2287 1124 2340 in
1160 2293 1342 2342 eadem
1389 2303 1448 2343 re
1483 2304 1512 2343 a
1549 2291 1879 2346 daemonibus
1925 2293 2090 2348 fuisse

524 2373 829 2440 deceptum.

599 2461 658 2514 C.
703 2461 841 2516 Fieri
880 2467 1064 2533 nequit
1105 2477 1161 2520 ut
1200 2478 1420 2524 cunctos
1459 2471 1652 2526 fratres
1691 2487 1754 2526 ex
1782 2486 1934 2542 (equo
1971 2474 2091 2528 dili-

523 2566 640 2618 gas,
687 2553 781 2605 sed
838 2564 988 2622 potes
1025 2570 1146 2609 cum
1189 2561 1438 2612 onmibus
1503 2563 1635 2614 citra
1687 2567 2087 2633 perpessionem

523 2643 751 2708 versari,
776 2659 804 2696 a
840 2649 1208 2702 recordatione
1241 2650 1452 2718 injuriae
1479 2663 1531 2705 et
1555 2655 1678 2707 odio
1706 2656 1860 2710 liber.
1891 2657 2089 2711 Sacer-

523 2730 673 2784 dotes
709 2743 824 2800 post
863 2735 1144 2789 Dominum
1196 2739 1408 2792 amandi
1461 2751 1606 2806 sunt,
1639 2745 1726 2810 qui
1762 2759 1857 2812 per
1901 2757 2089 2802 sancta

521 2823 776 2889 mysteria
807 2833 860 2877 et
894 2838 1228 2882 sacramenta
1259 2831 1543 2896 purificant
1577 2849 1676 2887 nos
1708 2850 1770 2887 ac
1804 2851 1900 2903 pro
1936 2839 2090 2893 nobis

527 2923 847 2978 precantur;
885 2930 1040 2970 senes
1071 2933 1196 2972 vero
1236 2921 1401 2974 nostri
1435 2923 1578 2976 velut
1625 2925 1796 2993 angeli
1832 2938 1955 2980 sunt
1994 2928 2088 2981 ho-

2189 478 2280 532 σόν
2314 497 2406 532 σου
2430 479 2498 534 τὰ
2533 480 2863 550 ὑπάρχοντα,
2901 479 2995 533 καὶ
3026 478 3115 540 δὸς
3143 481 3394 548 πτωχοῖς.
3422 495 3442 529 ι

2256 572 2376 636 IJI'.
2416 571 2569 623 Ἔστι
2616 571 2674 623 δέ
2717 588 2800 633 τις
2830 569 2979 641 παρὰ
3011 570 3110 638 τὴν
3153 569 3568 638 Ἀλεξάνδρειαν
3594 569 3764 636 νῆσος

2186 661 2306 713 κατ’
2342 661 2473 714 αὐτὸ
2510 659 2572 712 τὸ
2620 661 2827 731 βόρειον
2857 661 3020 732 μέρος
3055 659 3164 730 (56)
3193 659 3289 730 τῆς
3314 658 3514 729 λίμνης
3539 655 3770 726 κειμένη

2186 751 2285 822 τῆς
2313 751 2651 822 καλουμένης
2693 752 2937 823 Μαρίας,
2970 751 3249 822 προσοικεῖ
3273 749 3329 802 δὲ
3357 749 3500 818 αὐτῇ
3531 745 3769 817 μοναχὸς

2187 842 2284 912 τῆς
2305 858 2443 912 παρε
2453 841 2655 912 μϐολῆς
2680 842 2786 894 τῶν
2817 840 3135 894 Γνωστικῶν
3149 843 3177 894 ὁ
3204 838 3600 908 δοκιμώτατος,
3619 837 3768 898 ὅστις

2187 935 2504 1006 ἀπεφήνατο
2535 935 2712 988 πάντα
2739 933 2809 986 τὰ
2830 934 3177 1005 πραττόμενα
3209 933 3312 985 ὑπὸ
3342 931 3453 984 τῶν
3489 927 3768 998 μοναχῶν,

2189 1024 2518 1094 πράττεσθαι
2575 1025 2642 1078 δι’
2672 1024 2848 1087 αἰτίας
2882 1023 3066 1086 πέντε,
3101 1023 3189 1075 διὰ
3228 1020 3380 1086 Θεὸν,
3437 1019 3531 1071 διὰ
3583 1017 3768 1086 φύσιν,

2186 1115 2274 1167 διὰ
2295 1115 2434 1179 ἔθος,
2458 1115 2544 1168 διὰ
2573 1115 2836 1186 ἀνάγκην,
2869 1113 2955 1167 διὰ
2979 1113 3047 1166 τὰ
3076 1113 3213 1184 ἔργα
3233 1110 3340 1164 τῶν
3373 1107 3599 1180 χειρῶν.
3637 1108 3700 1160 Ὀ
3727 1107 3769 1159 δ’

2188 1205 2350 1270 αὐτὸς
2379 1205 2531 1274 ἔλεγε
2563 1205 2741 1269 πάλιν,
2777 1205 2904 1276 μίαν
2925 1203 3024 1274 μὲν
3050 1197 3188 1255 εἶναι
3219 1203 3285 1271 τῇ
3315 1200 3475 1269 φύσει
3506 1197 3610 1266 τὴν
3639 1198 3770 1264 ἁρε-

2187 1295 2306 1366 τὴν,
2347 1295 2724 1349 είδοποιεϊσθαι
2781 1295 2840 1348 δὲ
2877 1294 3048 1364 αὐτὴν
3081 1294 3139 1345 ὲν
3179 1293 3300 1354 ταῖς
3355 1289 3627 1356 δυνάμεσι
3670 1285 3770 1353 τῆς

2187 1385 2385 1456 ψυχῆς.
2439 1388 2548 1438 Καὶ
2588 1386 2695 1456 γὰρ
2738 1385 2798 1438 τὸ
2835 1385 2951 1453 φῶς
2992 1384 3052 1436 τὸ
3094 1382 3312 1452 ἡλιακὸν
3354 1377 3770 1448 ἀσχημάτιστον

2193 1477 2292 1546 μὲν
2317 1476 2618 1546 ἕστι,φησὶ,
2642 1479 2760 1538 ταῖς
2783 1475 2837 1528 δὲ
2866 1475 2931 1528 δι’
2962 1469 3036 1528 ὧν
3059 1472 3327 1528 εἰσϐάλλει
3348 1471 3531 1540 θυρίσι
3568 1485 3770 1538 own-

2193 1563 2379 1633 ματίζε
2389 1564 2510 1616 σθαι
2541 1563 2801 1632 πέφυκεν.

2261 1654 2374 1721 ιιθι.
2405 1653 2596 1716 Ἀλλος
2652 1654 2708 1706 δὲ
2767 1652 2928 1706 πάλιν
2991 1652 3100 1707 τῶν
3153 1649 3427 1721 μοναχῶνο
3456 1647 3559 1701 Διὰ
3609 1643 3769 1698 τοῦτο

2191 1744 2455 1816 περιαιρῶ
2483 1743 2579 1805 τὰς
2603 1742 2813 1813 ἡδονὰς,
2841 1738 3014 1804 εἶπεν,
3049 1744 3133 1794 ἵνα
3162 1742 3259 1803 τὰς
3286 1739 3377 1792 τοῦ
3409 1737 3588 1807 θυμοῦ
3614 1754 3768 1803 περι·

2191 1834 2340 1903 κόψω
2367 1833 2685 1904 προφάσεις.
2709 1828 2838 1885 Οἶδα
2868 1831 2973 1903 γὰρ
2989 1831 3148 1884 αὐτὸν
3171 1832 3254 1884 ἀεὶ
3288 1828 3597 1899 μαχόμενον
3631 1827 3767 1895 ὑπὲρ

2189 1924 2294 1978 τῶν
2332 1924 2552 1996 ἡδονῶν,
2590 1924 2683 1977 καὶ
2719 1922 3122 1994 ὲκταράσσοντὰ
3165 1938 3266 1990 μου
3317 1920 3408 1972 τὸν
3459 1917 3610 1979 νοῦν,
3676 1919 3767 1968 καὶ

2188 2013 2287 2082 τὴν
2313 2013 2510 2081 γνῶσιν
2543 2011 2931 2066 ἀποδιώκοντα.
2964 2011 3153 2079 Ἔλεγε
3205 2010 3262 2063 δέ
3294 2027 3377 2072 τις
3415 2009 3524 2062 τῶν
3583 2010 3768 2078 γερόνο

2190 2118 2318 2165 των,
2350 2103 2430 2156 ὃτι
2459 2104 2494 2174 ἡ
2522 2102 2706 2172 ἀγάπη
2768 2100 3092 2172 παραθήκας
3139 2100 3444 2169 βρωμάτων
3477 2098 3513 2167 ἤ
3550 2097 3765 2167 χρημὰ-

2189 2209 2296 2245 των
2349 2193 2534 2263 τηρεῖν
2585 2192 2681 2245 οὐκ
2739 2193 3046 2244 ἐπίσταται.
3090 2189 3150 2244 Ὀ
3173 2189 3215 2241 δ’
3244 2189 3426 2253 αὐτὸς,
3461 2189 3582 2240 Ut}:
3628 2187 3763 2250 οἶδα,

2191 2284 2376 2354 φησὶν,
2413 2285 2495 2346 είς
2529 2283 2592 2337 τὸ
2621 2283 2752 2338 αὐτὸ
2772 2283 2852 2347 δὶς
2872 2282 2974 2337 ὑπὸ
3000 2281 3267 2352 δαιμόνων
3299 2279 3625 2350 ἀπατηθείς.

2261 2465 2340 2516 P'.
2371 2463 2587 2525 Πάντας
2619 2462 2716 2532 μὲν
2744 2463 2830 2515 ἐπ’
2857 2463 2977 2533 ἴσης
3004 2463 3062 2516 οὐ
3089 2463 3308 2517 δυνατὸν
3340 2466 3465 2525 τοὺς
3501 2462 3765 2532 ἀδελφοίς

2189 2554 2430 2624 ἀγαπᾷν,
2463 2555 2591 2606 πᾶσι
2615 2553 2672 2606 δὲ
2696 2552 2918 2606 δυνατὸν
2939 2553 3160 2615 ἀπαθῶς
3191 2552 3594 2621 συντυγχάνειν,
3631 2571 3763 2622 μνη-

2192 2646 2444 2707 σικακίας
2493 2645 2621 2698 ὄντα
2677 2645 2771 2697 καὶ
2831 2644 3021 2714 μίσους
3076 2643 3373 2714 ἐλεύθερον.
3406 2644 3546 2706 Τοὺς
3598 2645 3762 2713 ἱερεῖς

2192 2733 2504 2804 ἀγαπητέον
2541 2733 2678 2803 μετὰ
2727 2733 2818 2786 τὸν
2863 2733 3086 2804 Κύριον,
3120 2735 3246 2797 τοὺς
3301 2732 3390 2786 διὰ
3440 2735 3551 2785 τῶν
3592 2734 3761 2801 ἁγίων

2195 2825 2509 2896 μυστηρίων
2543 2824 2934 2895 καθαρίζοντας
2966 2827 3114 2895 ἡμᾶς
3154 2826 3248 2877 καὶ
3293 2825 3760 2895 προσευχομένους

2193 2915 2332 2986 ὑπὲρ
2364 2914 2540 2985 ἡμῶν,
2560 2915 2685 2977 τοὺς
2713 2913 2768 2968 δὲ
2791 2915 3051 2985 γέροντας
3075 2915 3229 2985 ἡμῶν
3256 2915 3514 2984 τιμητέον
3533 2914 3610 2976 ὡς
3637 2914 3758 2974 τοὺς

521 3001 780 3068 norandi;
819 3003 917 3073 ipsi
947 3009 1142 3077 quippe
1179 3025 1276 3063 nos
1299 3013 1364 3064 ad
1393 3015 1690 3068 certamina
1719 3027 1996 3085 exercent,
2032 3029 2085 3072 et

2194 3005 2452 3073 ἀγγέλους
2468 3021 2480 3034 ·
2501 3005 2656 3059 αὐτοὶ
2683 3007 2791 3076 γάρ
2821 3007 2957 3059 εἰσιν
2981 3007 3030 3058 οι
3063 3005 3197 3074 πρὸς
3228 3005 3352 3068 τοὺς
3377 3003 3595 3071 ἀγῶνας
3619 3005 3758 3073 ἡμᾶς

520 3091 804 3144 immitiutn
839 3093 1070 3150 ferarum
1105 3115 1319 3154 morsus
1358 3113 1572 3157 curant.
1611 3108 1786 3173 Atque
1829 3108 2086 3163 hactenus

528 3184 743 3249 quidem
778 3187 890 3241 haec
921 3189 1048 3242 mihi
1080 3192 1144 3241 ad
1173 3199 1222 3244 le
1255 3192 1394 3246 dicta
1426 3195 1534 3248 sint
1567 3196 1631 3248 de
1662 3199 1770 3249 vita
1799 3207 1855 3251 et
1888 3200 2088 3254 virtute

523 3273 723 3336 activa,
753 3277 1088 3343 optatissime
1122 3279 1288 3334 frater
1315 3283 1550 3349 Anatoli,
1582 3300 1700 3354 quae
1736 3301 1830 3356 per
1857 3291 2084 3358 gratiam

522 3361 757 3426 Spiritus
800 3366 968 3419 sancti
1019 3366 1071 3420 in
1109 3381 1349 3424 semente
1388 3379 1794 3432 maturescentis
1839 3378 1963 3434 vitis
1992 3396 2088 3433 no-

518 3461 648 3508 stra:
700 3464 1034 3509 racetnantes
1079 3461 1218 3513 nacti
1279 3476 1487 3517 sumus.
1524 3465 1675 3530 Quod
1718 3469 1762 3522 si
1819 3469 1954 3524 fixus
1989 3487 2089 3526 nos

516 3540 916 3596 collustraverit
959 3543 1184 3612 justitize
1231 3549 1331 3614 sol,
1385 3561 1441 3604 et
1481 3567 1579 3605 uva
1628 3565 1836 3610 matura
1884 3560 2085 3627 .fuerit,

517 3637 647 3686 tunc
685 3641 740 3687 et
783 3632 964 3688 vinum
1008 3636 1132 3706 ejus
1173 3638 1437 3707 bibemus,
1489 3644 1630 3713 quod
1672 3665 1689 3697 ι
1721 3647 1956 3704 lmtilicat
1990 3667 2087 3708 cor

517 3717 758 3775 hominis
787 3721 862 3788 ³δ;
891 3742 909 3776 ι
967 3727 1217 3792 precibus
1258 3739 1313 3783 et
1364 3732 1751 3791 intercessione
1795 3737 1895 3792 viri
1950 3739 2084 3808 justi

517 3806 764 3878 Gregorii
790 3813 878 3880 qui
906 3815 1166 3882 plantavit
1199 3833 1306 3883 me,
1333 3830 1388 3873 et
1418 3834 1726 3879 sanctorum
1767 3827 1923 3896 hujus
1952 3806 2088 3885 tem-

517 3898 665 3966 poris
696 3897 942 3989 Patrum,
977 3905 1068 3971 qui
1102 3905 1274 3974 rigant
1308 3922 1414 3971 me,
1439 3924 1502 3964 ac
1527 3915 1764 3980 potentia
1812 3918 1954 3972 illius
1995 3923 2084 3989 qui

521 3984 914 4044 incrementum
950 3993 1078 4046 mihi
1123 3995 1294 4060 dat",
1335 3997 1537 4055 Christi
1568 4001 1694 4058 Iesu
1734 4006 1939 4064 Domini
1985 3984 2084 4066 n-o-

519 4077 616 4131 stri
645 4095 660 4132 :
692 4079 778 4134 cui
811 4079 980 4151 gloria
1019 4092 1074 4139 et
1098 4083 1404 4157 imperium,
1435 4091 1488 4146 in
1519 4095 1712 4150 saecula
1742 4101 2077 4158 seculorum.

519 4165 708 4223 Amen.

2191 3097 2520 3165 ἀλείφοντες,
2552 3098 2647 3151 καὶ
2693 3099 2762 3150 τὰ
2791 3097 2900 3150 τῶν
2929 3097 3136 3168 ἀγρίων
3157 3096 3361 3167 θηρίων
3393 3097 3651 3166 δήγματα
3678 3095 3757 3146 θε-

2193 3187 2538 3259 ραπεύοντες.
2579 3188 2737 3243 Ἀλλὰ
2756 3189 2850 3242 νῦν
2870 3190 2968 3260 μέν
2993 3207 3083 3260 μοι
3104 3191 3341 3243 τοσαῦτα
3369 3189 3605 3258 λελέχθω
3631 3189 3760 3260 πρὸς

2193 3282 2252 3333 σὲ
2287 3282 2415 3348 περὶ
2449 3281 2781 3352 πρακτικῆς,
2839 3281 3186 3334 ποθεινότατε
3234 3282 3430 3350 ἀδελφὲ
3465 3283 3758 3342 ’Δνατὸλιε,

2190 3375 2289 3427 ὃσα
2322 3375 2504 3444 χάριτι
2534 3372 2627 3425 τοῦ
2665 3373 2820 3440 ἁγίου
2855 3372 3172 3442 Πνεύματος
3215 3374 3272 3426 ἐν
3305 3373 3383 3442 τῷ
3417 3376 3606 3444 σπήρῳ
3631 3391 3760 3444 περ-

2192 3462 2466 3534 καζούσης
2517 3463 2676 3535 ἡμῶν
2727 3464 2826 3532 τῆς
2885 3463 3160 3534 σταφυλῆς
3214 3465 3760 3535 ὲπιραγολογούμενοι

2191 3556 2522 3628 εὑρήκαμεν.
2563 3553 2628 3608 Εί
2676 3554 2734 3606 δὲ
2789 3553 3045 3624 σταθερός
3082 3556 3213 3624 ἡμῖν
3241 3555 3538 3624 ὲπιλάμψει
3566 3556 3667 3626 τῆς
3692 3555 3753 3607 διο

2193 3645 2482 3717 καιοσύνης
2523 3647 2552 3698 ὁ
2579 3644 2752 3715 ἥλιος,
2793 3647 2888 3698 καὶ
2933 3646 2962 3698 ὁ
2986 3645 3182 3716 βότρυς
3227 3646 3490 3715 πέπειρος
3517 3647 3758 3718 γένηται,

2188 3741 2308 3794 τότε
2335 3741 2431 3794 καὶ
2476 3740 2565 3794 τὸν
2585 3736 2726 3795 οἶνον
2758 3739 2990 3810 πιόμεθα
3015 3739 3198 3806 αὑτοῦ,
3231 3740 3322 3793 τὸν
3352 3758 3371 3790 ι
3408 3741 3757 3811 εὐφραίνοντα

2190 3830 2416 3902 καρδίαν
2442 3829 2728 3902 ἀνθρώπου
2749 3847 2764 3864 ο
2802 3849 2822 3882 ι
2856 3831 3039 3900 εὐχαῖς
3064 3831 3159 3884 καὶ
3191 3830 3512 3898 πρεσϐείαις
3557 3831 3652 3884 τοῦ
3689 3833 3734 3884 δι

2188 3923 2342 3976 καίου
2393 3921 2694 3994 Γρηγορίου
2742 3920 2836 3974 τοῦ
2871 3921 3234 3990 φυτεύσαντός
3267 3938 3356 3990 με,
3403 3922 3500 3974 καὶ
3539 3920 3648 3975 τῶν
3671 3922 3755 3975 νῦν

2187 4013 2348 4066 ὁσίων
2374 4013 2634 4084 Πατέρων
2675 4011 2784 4065 τῶν
2828 4010 3153 4076 ποτιζόντων
3182 4029 3272 4082 με,
3305 4013 3401 4066 καὶ
3439 4013 3671 4083 δυνάμει
3695 4016 3754 4082 τῇ

2186 4103 2280 4158 τοῦ
2318 4103 2638 4169 αὑξάνοντός
2662 4121 2728 4175 με
2750 4102 2985 4175 Χριστοῦ
3027 4103 3203 4173 Ἰησοῦ
3236 4103 3329 4157 τοῦ
3359 4097 3560 4174 Κυρίου
3585 4105 3754 4175 ἡμῶν

2185 4189 2231 4266 ᾧ
2253 4199 2287 4268 ἡ
2321 4194 2451 4261 δόξα
2489 4195 2584 4250 καὶ
2617 4195 2681 4248 τὸ
2713 4194 2933 4265 κράτος,
2967 4195 3048 4257 είς
3089 4194 3216 4257 τοὺς
3247 4193 3448 4258 αἰῶνας
3483 4194 3593 4250 τῶν
3631 4195 3741 4249 an}

2186 4305 2314 4345 νων.
2354 4290 2544 4360 Ἀμήν.

589 4361 638 4395 ³³
670 4363 862 4424 Matth.
894 4384 1007 4436 xix,
1035 4373 1126 4428 21.
1209 4375 1254 4410 ⁸⁸
1283 4377 1424 4435 Psal.
1450 4396 1570 4450 cm,
1611 4384 1698 4442 I5.
1777 4389 1822 4425 ⁸⁸
1853 4391 2016 4450 lCor.
2043 4415 2130 4470 ιιι,
2158 4403 2214 4460 6.

589 4473 706 4547 (56)
737 4483 898 4538 Socr.
929 4485 1108 4557 πέραν
1122 4525 1139 4542 .

1559 5143 2048 5238 EVAGRII
2129 5151 2723 5281 MONACHI,

993 5276 1224 5344 Rerum
1251 5287 1714 5354 monacbalium
1749 5296 2046 5373 rationes,
2079 5316 2422 5382 earumque
2443 5294 2620 5385 juxta
2648 5309 2922 5388 quietem
2960 5315 3298 5393 appositio.

584 5458 626 5515 I.
670 5460 880 5520 Dictum
917 5468 1087 5524 estin
1117 5467 1349 5528 Ieremia
1393 5474 1534 5530 hoc:
1571 5478 1675 5532 ιΕι
1719 5489 1774 5537 tu
1809 5499 1878 5541 ue
1921 5493 2067 5546 acci-

584 5566 629 5589 Ic
657 5553 750 5589 ιηιί
783 5571 1006 5589 nam-..
1036 5560 1089 5589 ε..
1122 5560 1235 5589 tu...
1261 5563 1362 5589 ε-.-
1419 5568 1534 5589 ---2-
1572 5569 1680 5589 ι---
1732 5574 1764 5589 ..
1804 5576 1838 5589 .,
1893 5579 1927 5589 ,ι
2030 5583 2043 5589 -

2245 5495 2325 5548 Δό
2370 5493 2457 5548 Ἐν
2481 5495 2560 5567 τῷ
2586 5495 2826 5572 Ἱερεμίᾳ
2853 5500 3069 5574 εἴρηται
3091 5503 3172 5568 τὸ,
3209 5523 3228 5557 ι
3248 5507 3362 5562 Καὶ
3398 5510 3464 5561 σὺ
3493 5510 3570 5582 μὴ
3598 5510 3761 5589 λάϐῃς

511 5550 630 5621 pias
657 5553 750 5609 tibi
783 5571 1006 5614 uxorem
1036 5560 1090 5616 in
1119 5560 1236 5618 loco
1261 5563 1385 5633 isto,
1414 5568 1539 5638 quia
1572 5569 1685 5626 haec
1713 5574 1842 5631 dicit
1891 5579 2073 5638 Domi-

2181 5585 2392 5657 σεαυτῷ
2429 5591 2663 5656 γυναῖκα
2703 5592 2762 5644 ἐν
2810 5592 2891 5664 τῷ
2916 5594 3070 5666 τόπῳ
3113 5595 3318 5667 τούτῳο
3347 5599 3429 5652 ὅτι
3464 5600 3592 5654 τάδε
3623 5585 3741 5668 λέέέ

512 5654 616 5698 nus
644 5643 709 5700 de
733 5643 860 5704 filiis
898 5659 953 5706 et
998 5650 1208 5712 ﬁliabus
1243 5663 1299 5712 et
1342 5657 1434 5728 qui
1482 5673 1810 5731 generantur
1850 5667 1902 5724 in
1952 5671 2070 5729 loco

2194 5643 2381 5743 Κύριος
2410 5681 2538 5746 περὶ
2589 5680 2698 5736 τῶν
2745 5643 2881 5739 υιῶῖ
2909 5686 3004 5740 καὶ
3024 5643 3132 5741 ⁴ζῶν
3161 5643 3481 5758 ﬂoridam:
3507 5690 3618 5747 τῶν
3644 5649 3746 5763 γεν-
