3888 6284
167 334 314 395 1253

1045 347 1325 408 EVAGRII
1359 351 1634 410 PONTICI
1707 351 1849 410 RER
1911 352 2168 412 MONAC.
2207 351 2575 410 RATIONES.

3277 352 3421 407 1254

162 463 428 536 νωμένων
478 462 538 519 ἐν
591 462 669 536 τῷ
706 465 856 536 τόπῳ
905 465 1100 538 τούτῳ·
1151 470 1240 522 Ἐν
1296 471 1520 542 Θανάτῳ
1545 472 1746 544 νοσερῷ

1850 473 1991 528 isto:
2026 473 2083 527 In
2135 481 2313 529 morte
2349 474 2602 529 morbosa
2645 469 2944 526 morientur
2964 467 3029 522 ³⁸.
3052 483 3072 518 ι
3108 464 3211 532 Qui
3242 479 3422 522 sermo

165 553 584 610 ἀποθανοῦνται.
610 573 630 607 ι
659 556 830 610 Τοῦτο
857 557 1161 624 δεικνύντος
1179 559 1274 615 τοῦ
1302 562 1482 630 λόγου,
1505 563 1587 615 ὅτι
1606 561 1749 617 κατὰ

166 644 264 699 τὸν
311 643 654 712 ’Δπόστολον,
702 663 721 697 ι
746 647 774 699 6
800 648 1056 718 γαμήσας
1098 648 1385 721 ἄνθρωπος
1416 653 1655 723 μεριμνᾷ
1682 652 1750 706 τά

164 733 266 788 τοῦ
296 735 524 806 κόσμου,
550 735 671 798 πῶς
698 735 886 808 ἀρέσει
908 741 975 808 τῇ
997 739 1238 806 γυναικὶ,
1256 741 1351 794 καὶ
1377 741 1706 812 μεμέρισται
1729 758 1744 776 ’

165 823 266 877 καὶ
299 823 658 894 ήγαμήσασα
695 824 832 894 γυνὴ
865 827 1104 896 μεριμνᾷ
1147 825 1215 881 τὰ
1250 827 1343 880 τοῦ
1369 829 1597 900 κόσμου,
1632 829 1750 894 πῶς

166 914 358 985 ἀρέσει
388 913 466 984 τῷ
497 913 667 986 ἀνδρί.
695 931 714 965 ι
743 915 854 967 Καὶ
893 913 1069 986 δῆλον,
1099 915 1176 979 ὡς
1201 918 1262 971 οὐ
1298 918 1456 988 μόνον
1491 919 1618 990 περὶ
1637 918 1747 972 τῶν

166 1003 312 1057 κατά
347 1003 438 1056 τὸν
458 1003 692 1073 γαμικὸν
717 1002 828 1072 βίον
853 1004 1126 1075 ἐσομένων
1150 1005 1280 1059 υἱῶν
1306 1009 1398 1071 καὶ
1429 1008 1744 1081 θυγατέρων

162 1094 227 1145 ὲν
267 1091 346 1162 τῷ
392 1092 644 1162 προφήτῃ
699 1091 912 1163 εἴρηται
962 1094 1044 1157 τὸ,
1084 1114 1102 1147 ι
1143 1097 1230 1149 Ἐν
1264 1096 1481 1168 θανάτῳ
1540 1097 1749 1169 νοσερῷ

160 1185 592 1238 ἀποθανοῦνται*
630 1203 649 1235 ι
683 1184 818 1238 ἀλλὰ
849 1185 942 1240 καὶ
973 1187 1232 1258 περὶτῶν
1263 1189 1320 1240 ὲν
1346 1188 1542 1259 καρδίᾳ
1569 1190 1748 1243 αὐτῶν

163 1275 522 1345 γεννωμένων
552 1274 684 1328 υἱῶν
710 1275 804 1328 καὶ
837 1275 1171 1348 θυγατέρων,
1201 1277 1448 1330 τουτέστι
1470 1279 1749 1351 σαρκικῶν

160 1363 440 1434 λογισμῶν
463 1363 556 1416 καὶ
577 1363 899 1435 ἐπιθυμιῶν,
921 1365 997 1428 ῶς
1012 1367 1069 1419 ὲν
1084 1366 1162 1437 τῷ
1187 1367 1392 1439 νοσερῷ
1421 1368 1515 1422 καὶ
1531 1367 1749 1421 ἀσθενεῖ

160 1455 256 1508 καὶ
280 1453 488 1524 ὲκλύτῳ
511 1455 816 1525 φρονήματι
855 1455 949 1508 τοῦ
978 1457 1183 1528 κόσμου
1205 1458 1394 1511 τούτου
1419 1458 1748 1513 ἀποθανοῦν-

157 1561 251 1597 ται
267 1545 357 1597 καὶ
383 1539 547 1611 οὗτοι,
577 1546 671 1598 καὶ
688 1546 749 1598 οὐ
775 1547 874 1617 τῆς
894 1549 1215 1619 ἐπουρανίου
1239 1549 1333 1602 καὶ
1357 1549 1578 1603 αἰωνίου
1601 1549 1747 1620 ζωῆς

158 1634 459 1698 τεύξονται.
504 1655 521 1686 ι
565 1636 624 1690 '0
655 1636 710 1689 δὲ
740 1637 974 1706 ἄγαμος,
997 1659 1014 1690 ι
1050 1638 1202 1710 φησὶ,
1243 1659 1261 1692 ι
1287 1642 1526 1711 μεριμνᾷ
1550 1641 1617 1694 τὰ
1652 1640 1744 1693 τοῦ

157 1727 391 1797 Κυρίου,
426 1727 542 1790 πῶς
570 1727 759 1799 ἀρέσει
804 1728 880 1798 τῷ
915 1729 1124 1800 Κυρίῳ,
1151 1749 1169 1780 ι
1212 1731 1305 1783 καὶ
1332 1732 1456 1793 τοὺς
1479 1732 1746 1795 άειθαλείς

1851 562 2074 628 indicat,
2104 564 2266 634 quod,
2295 564 2446 634 juxta
2473 561 2816 634 Apostolum,
2835 559 2922 614 vir
2949 578 2968 612 ι
2988 558 3228 629 quicum
3253 570 3422 612 uxore

1849 660 1953 719 est,
2001 651 2266 708 sollicitus
2305 661 2390 707 est
2417 666 2538 721 quae
2577 659 2705 706 sunt
2736 648 2947 715 mundi,
2988 662 3096 718 quo
3121 645 3282 701 modo
3306 644 3423 714 pla-

1849 749 1973 796 ceat
1998 743 2174 809 uxori,
2204 751 2260 796 et
2281 742 2488 798 divisus
2516 748 2632 807 est;
2663 749 2719 796 et
2743 732 2935 795 mulier
2964 751 3084 807 quae
3114 744 3283 806 nupta
3313 747 3420 800 est,

1848 830 2048 898 cogitat
2073 845 2192 900 quae
2218 839 2346 886 sunt
2372 831 2577 896 mundi,
2602 844 2709 901 quo
2747 828 2908 884 modo
2937 827 3145 895 placeat
3171 825 3288 880 viro
3307 823 3372 877 ι’.
3391 841 3414 876 ι

1847 918 2007 987 Atqui
2056 919 2398 975 manifestum
2447 928 2530 975 est
2559 919 2701 989 quod
2731 934 2838 976 non
2877 919 3046 974 solum
3082 919 3149 973 de
3195 915 3318 970 [iliis
3363 925 3419 970 et

1849 1007 2060 1063 ﬁliabus
2107 1023 2172 1063 ex
2220 1010 2526 1065 connubiali
2568 1011 2678 1064 vita
2720 1008 3064 1079 proventuris
3109 1008 3314 1061 dictum
3344 1006 3417 1059 sit

1849 1101 1986 1168 apud
2022 1099 2338 1169 prophetam
2374 1101 2499 1154 illud
2532 1119 2547 1156 :
2577 1100 2672 1155 «In
2698 1109 2871 1156 morte
2902 1099 3154 1154 morbosa
3192 1097 3419 1150 morien-

1851 1199 1969 1256 tur;
2001 1209 2019 1242 ι
2051 1191 2146 1245 sed
2171 1191 2334 1245 etiam
2364 1193 2429 1245 de
2455 1190 2580 1246 [iliis
2605 1199 2659 1247 et
2687 1191 2900 1246 ﬁliabus
2934 1191 2987 1244 in
3039 1189 3201 1243 corde
3230 1202 3414 1243 eorum

1848 1281 2010 1345 natis,
2044 1281 2146 1336 hoc
2171 1292 2273 1345 est,
2304 1283 2615 1337 carnalibus
2655 1281 3074 1351 cogitationibus
3115 1287 3170 1333 et
3211 1277 3418 1346 cupidi-

1849 1370 2071 1435 tatibus,
2105 1373 2245 1438 quod
2293 1371 2346 1424 in
2387 1372 2632 1426 morbido
2679 1379 2734 1426 et
2795 1371 3009 1425 inlirmo
3059 1367 3418 1438 languidoque

1853 1461 2034 1515 mundi
2076 1461 2236 1530 hujus
2261 1462 2483 1516 consilio
2512 1461 2587 1515 illi
2619 1475 2831 1530 quoque
2857 1459 3174 1522 morientur,
3206 1471 3304 1510 nec
3338 1456 3416 1508 vi-

1851 1560 1957 1604 tam
1988 1564 2389 1621 consequentur
2435 1553 2710 1608 caelestem
2757 1567 2822 1607 ac
2861 1560 3192 1621 perpetuam.
3228 1547 3412 1614 «Qui»

1846 1651 2024 1696 autem
2051 1661 2068 1693 ι
2093 1643 2211 1697 sine
2246 1658 2413 1699 uxore
2436 1653 2541 1710 est,
2565 1662 2585 1696 ι
2625 1643 2817 1711 inquit,
2855 1662 2872 1693 ι
2894 1641 3156 1696 sollicitus
3181 1647 3267 1694 est
3295 1651 3416 1707 quae

1801 1787 1810 1793 μ
1847 1731 2054 1786 Domini
2085 1742 2227 1795 sunt,
2257 1749 2362 1801 quo
2399 1735 2556 1788 modo
2581 1734 2791 1802 placeat
2826 1731 3130 1793 Domino”,
3151 1749 3169 1782 ι
3197 1738 3252 1784 et
3271 1743 3416 1783 sem-

159 1817 258 1871 arat
303 1817 602 1882 ἀθανάτους
627 1818 725 1888 τῆς
763 1819 1014 1890 οὐρανίου
1044 1821 1186 1890 ζωῆς
1227 1822 1441 1892 ποιήσει
1471 1821 1732 1891 καρπούς.

1838 1835 1934 1889 per
1971 1820 2176 1874 vividos
2229 1821 2680 1889 immortalcsque
2741 1819 2978 1874 cmlestis
3031 1817 3155 1870 vita:
3206 1814 3415 1869 fructus

228 1989 305 2044 B'.
332 1989 580 2053 Τοιοῦτος
608 1993 635 2045 6
666 1993 918 2062 μοναχὸς,
950 1994 1044 2047 καὶ
1080 1992 1252 2056 οὕτως
1295 1994 1400 2070 χρὴ
1453 1987 1592 2046 εἶναι
1644 1993 1734 2047 τὸν

161 2079 413 2148 μοναχὸν,
465 2081 800 2152 ἀπεχόμενον
845 2082 952 2135 ἀπὸ
1009 2083 1286 2152 γυναικὸς,
1354 2085 1428 2154 μὴ
1480 2082 1734 2137 ποιοῦντα

156 2169 272 2225 υἱὸν
295 2171 331 2242 ἢ
355 2170 628 2243 θυγατέρα
653 2175 708 2227 ὲν
727 2173 804 2240 τῷ
831 2174 981 2244 τόπῳ
1005 2172 1082 2244 τῷ
1101 2173 1482 2245 προειρημένῳ
1501 2189 1514 2204 '
1541 2175 1602 2226 οὺ
1628 2173 1734 2245 μὴν

151 2259 211 2313 δὲ
239 2261 374 2314 ἀλλὰ
410 2263 504 2314 καὶ
555 2262 784 2333 Χριστοῦ
841 2263 1179 2335 στρατιώτην
1221 2263 1405 2327 ἀῦλον,
1433 2264 1733 2335 ἀμέριμνον

154 2353 445 2424 ὑπάρχειν,
505 2354 686 2425 πάσης
731 2356 1220 2427 πραγματευτικῆς
1271 2354 1481 2419 ἐννοίας
1526 2372 1585 2408 τε
1637 2355 1731 2410 καὶ

152 2445 406 2515 πράξεως
426 2445 602 2510 ὲκτδς,
627 2446 700 2508 ὡς
731 2447 824 2499 καὶ
851 2448 880 2498 6
915 2445 1227 2509 ’Λπόστολός
1261 2462 1424 2516 φησιν
1451 2463 1465 2476 ο
1497 2464 1516 2496 ι
1546 2446 1730 2510 Οὐδεὶς

153 2535 587 2606 στρατευόμενος
628 2534 960 2605 ἐμπλέκεται
1008 2537 1126 2598 ταῖς
1172 2534 1265 2587 τοῦ
1313 2534 1428 2605 βίου
1470 2551 1730 2606 πραγμα-

147 2625 344 2690 τείαις,
369 2627 457 2680 ἵνα
483 2627 562 2696 τῷ
592 2627 1079 2697 στρατολογήσαντι
1111 2625 1306 2698 ἀρέσῃ.
1345 2643 1365 2677 ι
1405 2625 1492 2679 Ἐν
1519 2627 1727 2690 τούτοις

151 2715 253 2770 ῐτω
305 2719 334 2769 6
381 2717 612 2789 μοναχδς
666 2717 899 2787 μάλιστα
926 2719 1157 2770 όπᾶσαν
1211 2717 1343 2788 ὓλην
1386 2716 1480 2770 τοῦ
1523 2717 1729 2788 κόσμου

148 2806 339 2860 τούτου
383 2807 714 2874 καταλιπὼν,
746 2810 838 2862 καὶ
869 2809 960 2861 ἐπὶ
997 2809 1065 2861 τὰ
1097 2807 1276 2880 ὡραῖα
1320 2809 1414 2862 καὶ
1458 2809 1599 2862 καλά
1632 2811 1730 2881 τῆς

148 2897 384 2969 ἡσυχίας
425 2900 748 2969 ἀποτρέχων
786 2899 1040 2970 τρόπαια.
1106 2899 1193 2962 Ὧς
1240 2898 1418 2969 ὡραία
1476 2899 1584 2970 γάρ
1637 2901 1730 2953 καὶ

146 2987 290 3057 καλὴ
335 2992 401 3060 τῇ
463 2990 662 3060 ἡσυχίᾳ
702 2992 735 3060 ή
778 2991 1028 3060 ἄσκησις,
1087 2990 1160 3054 ὡς
1203 2990 1381 3062 ὡραία
1424 2990 1591 3054 ὅντως
1636 2991 1730 3044 καὶ

145 3081 317 3151 καλήί
352 3082 506 3134 Ἔστι
547 3083 657 3152 γὰρ
697 3083 725 3133 6
780 3084 1012 3154 χρηστὸς
1073 3086 1102 3137 6
1146 3085 1348 3155 ταύτης
1383 3085 1577 3154 ζυγὸς,
1638 3087 1729 3140 καὶ

1839 1909 2116 1978 producet.

1912 1997 1974 2050 Il.
2019 1995 2164 2052 Talis
2212 2009 2292 2051 est
2348 1999 2667 2062 monachus,
2698 2007 2752 2051 et
2792 1999 2863 2050 ita
2911 2012 2970 2050 se
3016 1995 3212 2050 habere
3256 1993 3413 2048 decet

1843 2089 2188 2150 monachum,
2224 2089 2314 2155 qui
2343 2103 2543 2156 nempe
2570 2087 2836 2143 abstineat
2865 2103 2894 2140 a
2928 2087 3168 2149 muliere,
3205 2100 3300 2139 nec
3328 2085 3410 2154 gi-

1840 2184 1968 2244 gnat
1997 2176 2163 2230 [ilium
2189 2187 2280 2230 aut
2309 2178 2470 2230 tiliam
2536 2177 2589 2230 in
2637 2176 2894 2246 praedicto
2939 2175 3084 2242 loco;
3117 2173 3410 2242 quinetiam

1839 2260 1912 2314 sit
1940 2258 2140 2314 Christi
2181 2262 2334 2316 miles
2369 2263 2608 2317 materiae
2632 2276 2849 2332 expers,
2883 2277 3030 2317 curae
3067 2276 3291 2326 vacuus,
3317 2275 3413 2316 ex-

1845 2358 1924 2402 tra
1954 2363 2170 2404 onmem
2217 2355 2550 2422 negotiosam
2601 2355 2982 2424 cogitationem
3038 2353 3412 2420 actionemque

1839 2440 2069 2509 positus,
2113 2444 2564 2510 quemadmodum
2606 2452 2661 2497 et
2701 2444 2990 2512 Apostolus
3031 2442 3152 2496 ait:
3197 2461 3215 2492 ι
3243 2440 3410 2496 Nemo

1839 2532 2080 2588 militans
2109 2535 2350 2604 implicat
2379 2550 2438 2590 se
2465 2534 2696 2604 negotiis
2724 2535 3097 2600 surcularibus,
3132 2543 3190 2588 ut
3217 2534 3265 2588 ei
3295 2533 3410 2602 pla-

1837 2635 1958 2678 ceat
2005 2626 2094 2693 qui
2150 2628 2327 2694 ipsmu
2383 2627 2608 2681 militem
2661 2627 3076 2695 conscripsit”.
3112 2627 3220 2680 »1η
3263 2627 3410 2680 hisce

1838 2715 2215 2783 progrediatur
2267 2717 2584 2781 monachus,
2632 2717 2898 2786 praecipue
2951 2717 3040 2786 qui
3104 2716 3406 2771 universam

1837 2805 2017 2858 smculi
2079 2806 2237 2875 hujus
2286 2809 2569 2862 materiam
2619 2806 2928 2876 dereliquit,
2955 2818 3010 2860 et
3048 2809 3114 2860 ad
3160 2806 3407 2875 speciosa

1837 2898 2204 2968 praeclaraque
2229 2898 2424 2966 quietis
2456 2907 2655 2965 tropaea
2683 2899 2935 2953 accurrit.
2968 2899 3138 2965 Quam
3165 2901 3405 2968 speciosa

1835 2993 1976 3046 cnim
2001 3000 2056 3045 et
2084 2990 2335 3060 praeclara
2362 3004 2457 3058 per
2481 2989 2715 3059 quietem
2745 2991 3059 3045 exercitatio
3088 2993 3402 3056 monast-ica,

1838 3098 1998 3152 quam
2050 3081 2292 3150 speciosa
2325 3095 2450 3135 vere
2481 3095 2545 3136 ac
2571 3080 2856 3150 praeclara!
2895 3081 2988 3136 Est
3017 3081 3210 3150 quippe
3241 3097 3405 3135 suave

143 3171 204 3224 τὸ
262 3172 479 3242 φορτίον
529 3171 798 3240 ἐλαφρόν·
850 3173 978 3240 ἡδὺς
1015 3177 1043 3226 6
1075 3175 1207 3244 βίος,
1249 3178 1281 3246 ή
1335 3175 1534 3247 πρᾶξις
1579 3175 1725 3248 στέρ-

1837 3173 2016 3241 iugum
2073 3171 2236 3236 illius,
2265 3181 2320 3225 et
2371 3184 2507 3226 onus
2544 3171 2660 3228 leve
2681 3172 2760 3238 ⁸ος
2795 3171 2968 3227 dulcis
3007 3174 3134 3236 vita,
3163 3172 3399 3240 jucumla

142 3278 210 3333 νη
252 3261 383 3331 (5⁷).

214 3352 291 3405 1".
319 3351 504 3404 Βούλει
524 3354 833 3425 τοιγαροῦν.
861 3354 1133 3426 ἀγαπητὲ,
1155 3355 1247 3409 τὸν
1282 3358 1492 3428 μονήρη
1518 3357 1631 3428 βίον
1651 3357 1726 3420 ὡς

146 3440 304 3494 εστιν
341 3441 645 3506 ἀναλαϐεῖν,
673 3445 768 3497 καὶ
795 3445 888 3497 ὲπὶ
918 3446 984 3498 τὰ
1015 3445 1114 3515 τῆς
1147 3447 1372 3517 ἡσυχίας
1407 3449 1725 3519 ἀποτρέχειν

139 3533 408 3604 τρόπαια;
457 3534 592 3603 ἀφες
630 3538 744 3588 ἐκεῖ
784 3534 878 3588 τοῦ
915 3536 1120 3606 κόσμου
1151 3537 1248 3600 τὰς
1282 3537 1593 3608 φροντίδας,
1622 3538 1722 3601 τάς

140 3640 198 3678 τε
248 3624 340 3677 ἐπὶ
393 3624 595 3678 τούτων
645 3626 817 3696 ἀρχάς
864 3644 923 3679 τε
980 3628 1074 3680 καὶ
1112 3627 1387 3692 ἐξουσίας·
1443 3629 1720 3683 τουτέστιν

140 3711 304 3776 ἄῡλος
341 3711 453 3775 έσο,
480 3713 715 3785 ἀπαθὴς.
745 3716 920 3787 πάσης
950 3715 1244 3787 ἐπιθυμίας
1273 3718 1460 3781 ἐκτός·
1496 3717 1582 3772 ἴνα
1620 3719 1722 3790 τῆς

141 3803 205 3856 ὲκ
258 3801 460 3856 τούτων
507 3804 877 3875 περιστάσεως
933 3806 1211 3873 ἀλλότριος
1259 3807 1580 3878 γενόμενος,
1629 3808 1722 3862 δυο

139 3893 312 3964 νηθῇς
340 3895 607 3965 ήσυχάσαι
637 3895 838 3959 καλῶς.
880 3897 943 3950 El
985 3897 1060 3968 μὴ
1097 3897 1206 3970 γάρ
1238 3915 1324 3961 τις
1356 3897 1560 3952 τούτων
1593 3901 1722 3953 ἑαυ-

140 3981 234 4035 τὸν
275 3982 552 4055 ὑπεξάρῃ,
596 3986 694 4039 οὐκ
726 3986 793 4039 ἂν
833 3985 1035 4058 δυνηθῇ
1073 3987 1277 4059 ταύτην
1315 3987 1486 4060 αὐτὴν
1520 4006 1722 4062 κατορ-

141 4071 314 4126 θῶσαι
343 4075 442 4145 τὴν
483 4075 775 4130 πολιτείαν.
807 4077 1037 4148 Τροφῶν
1081 4077 1329 4149 βραχέων
1364 4080 1591 4151 ἀντέχου
1626 4081 1724 4134 καὶ

140 4164 653 4236 εύκαταφρονήτων,
701 4167 776 4238 μὴ
823 4166 1031 4220 πολλῶν
1087 4168 1182 4221 καὶ
1235 4169 1714 4240 εύπερισπάστων.

153 4253 282 4307 Ἐὰν
323 4253 380 4307 δὲ
409 4255 503 4309 καὶ
541 4255 617 4320 ὡς
658 4256 961 4328 φιλοξενίας
990 4257 1150 4330 χάριν
1179 4259 1307 4331 περῖ⁵
1335 4259 1406 4312 τὰ
1449 4260 1716 4332 πολυτελῆ

138 4344 400 4415 λογισμὸς
424 4347 668 4416 γένηται,
710 4349 845 4418 ἄφες
869 4349 1059 4404 τοῦτον
1089 4351 1224 4419 ἐκεῖ,
1254 4351 1330 4423 μὴ
1373 4351 1509 4416 ὅλως
1551 4371 1718 4425 προσ-

141 4437 242 4537 θῇς
289 4437 469 4537 uim]:-
506 4439 777 4537 ένεδρεύει
812 4441 923 4514 γάρ
953 4459 1013 4494 σε
1047 4441 1135 4496 διὰ
1179 4441 1371 4496 τούτου
1413 4445 1442 4497 6
1489 4443 1719 4498 ύπεναν-
1750 4482 1792 4537 D

141 4525 278 4587 τίτας,
317 4525 584 4597 ὲνεδρεύει
627 4527 720 4580 τοῦ
762 4529 1069 4601 ἀποστῆσαι
1115 4532 1213 4602 τῆς
1253 4531 1501 4604 ἡσυχίας.
1531 4534 1714 4605 Ἔχεις

139 4615 235 4668 τὸν
269 4615 470 4686 Κύριον
503 4618 708 4689 Ἰησοῦν
740 4621 1088 4691 μεμφόμενόν
1119 4639 1235 4686 πως
1261 4622 1360 4694 τὴν
1396 4623 1465 4678 τὰ
1490 4623 1713 4679 τοιαῦτα

138 4706 542 4772 σπουδάζουσαν
569 4709 746 4780 ψυχὴν
762 4711 1012 4784 Μάρθαν,
1045 4714 1138 4766 καὶ
1169 4713 1394 4782 λέγοντα
1410 4731 1423 4744 ·
1449 4714 1515 4767 Τί
1540 4733 1558 4767 ι
1583 4716 1711 4788 περὶ

137 4798 312 4852 πολλά
341 4819 358 4850 ι
394 4795 466 4863 εἴ,
488 4800 581 4855 καὶ
615 4819 634 4852 ι
660 4801 964 4874 θορυϐάζῃ;
988 4803 1105 4866 ένός
1137 4805 1252 4856 ἐστι
1274 4805 1447 4876 χρεία,
1479 4805 1606 4859 »τοῦ
1621 4805 1712 4862 τὸν

137 4889 300 4946 θεῖον.
346 4891 501 4961 φησι,
530 4889 686 4962 λόγον
733 4893 972 4957 ἀκούειν,
1005 4895 1098 4947 καὶ
1133 4895 1272 4965 μετά
1313 4895 1471 4950 τοῦτο
1502 4897 1712 4968 ἀκμητὶ

122 4961 341 5066 [παντὸς
373 4979 464 5035 τοῦ
515 4982 928 5052 εὑρισκομένου.
973 4985 1064 5038 Διὸ
1107 4961 1200 5038 καὶ
1248 4985 1410 5050 εὐθὺς
1463 4961 1716 5060 ἐπιφέρει

135 5068 312 5138 λέγων
330 5087 344 5100 ⁸
383 5090 402 5122 ι
428 5073 615 5143 Μαρία
642 5091 660 5124 ι
682 5073 788 5142 γάρ
811 5093 829 5125 ι
853 5073 949 5145 τὴν
966 5075 1176 5147 ἀγαθὴν
1211 5077 1400 5148 μερίδα
1418 5077 1714 5143 ἐξελέξατο,

134 5161 260 5230 ητις
295 5161 395 5214 ούκ
434 5161 862 5243 ἀφαιρεθήσεται
900 5165 996 5218 ἀπ’
1018 5166 1210 5237 αὐτῆς.
1233 5187 1252 5218 ι
1298 5168 1479 5238 Ἔχεις
1525 5167 1582 5220 δὲ
1618 5169 1714 5223 καὶ

134 5249 234 5320 τῆς
261 5249 318 5302 ἐν
344 5250 640 5322 Σαρεφθοῖς
667 5255 844 5324 χήρας
873 5255 935 5308 τὸ
961 5255 1284 5329 ὑπόδειγμα,
1313 5259 1370 5311 ἐν
1402 5257 1543 5312 τίσιν
1573 5259 1711 5332 αὑτὴ

133 5339 228 5394 τὸν
263 5343 548 5416 προφήτην
590 5343 816 5413 ἐξένισε.
845 5345 964 5401 Κᾶν
1010 5347 1175 5418 ἄρτον
1221 5347 1379 5419 μόνον
1412 5346 1572 5419 ἔχῃς,
1607 5348 1711 5402 κᾶν

205 5493 253 5564 ’,⁸
278 5492 480 5550 Jerem.
513 5512 626 5562 ενι,
650 5497 715 5564 2,
744 5498 800 5562 3,
823 5499 877 5553 4.
986 5498 1030 5531 δ’
1081 5499 1100 5553 l
1129 5498 1254 5553 Cor.
1297 5513 1392 5562 vn,
1437 5498 1527 5561 35,
1560 5495 1650 5554 54.

135 5558 182 5597 ⁵⁸
219 5562 352 5619 Luc.
389 5581 441 5630 x,
468 5566 558 5634 41,
583 5558 673 5622 62.
703 5558 714 5564 ⁷
767 5558 813 5600 ’δ”
842 5569 906 5624 Ill
943 5569 1074 5639 Reg.
1108 5583 1248 5634 xvn,
1297 5558 1388 5623 10’
1419 5558 1540 5638 sqq.

207 5717 322 5790 (57)
363 5716 626 5778 Theodor.
656 5727 883 5795 τερπνὴ,
917 5738 1034 5790 quae
1064 5737 1190 5779 vera
1219 5731 1300 5780 est
1329 5723 1616 5795 scriptura.

1769 5499 1814 5533 ³⁸
1861 5500 1994 5557 ibid.
2021 5501 2110 5558 32.

1832 3261 2096 3330 operatio.

1902 3351 1985 3406 ιιι.
2032 3352 2122 3407 \lis
2161 3351 2342 3422 igitur,
2377 3351 2593 3415 dilecte,
2632 3352 2981 3407 monasticam
3023 3351 3188 3404 vitam
3228 3350 3402 3419 qualis

1831 3450 1913 3496 est
1939 3456 2244 3508 capessere,
2276 3449 2330 3497 et
2368 3443 2432 3496 ad
2464 3443 2663 3512 quietis
2706 3452 2904 3512 trepaza
2941 3442 3255 3496 recurrere?
3293 3442 3401 3495 illic

1830 3535 2042 3588 dimitte
2072 3535 2253 3589 mundi
2287 3549 2471 3600 curas,
2502 3535 2717 3606 illisque
2749 3534 3103 3606 praesidentes
3129 3534 3401 3604 principa-

1832 3635 1916 3679 tus
1946 3640 2009 3678 ac
2049 3634 2377 3694 potestates;
2409 3627 2512 3681 hoc
2549 3636 2656 3691 est,
2703 3641 2898 3695 expers
2936 3627 3012 3680 sis
3041 3625 3300 3689 materia,
3343 3636 3400 3679 et

1828 3715 2137 3780 aﬂ‘ectuum,
2179 3725 2342 3785 atque
2372 3726 2526 3772 extra
2567 3731 2783 3770 omnem
2825 3716 3175 3785 cupiditatem
3200 3755 3214 3778 ,
3245 3725 3302 3768 ut
3331 3715 3399 3769 ab

1829 3805 2180 3862 incommodis
2209 3821 2328 3876 qua:
2367 3807 2492 3862 inde
2518 3808 2838 3862 exoriuntur
2873 3806 3108 3872 alienus,
3139 3805 3398 3876 praeclaro

1828 3897 2174 3966 tranquillam
2231 3897 2400 3953 vitam
2443 3898 2621 3967 possis
2652 3898 2873 3953 ducere.
2916 3897 3030 3953 Nisi
3078 3898 3222 3952 enim
3273 3897 3396 3968 quis

1823 4001 1883 4043 se
1907 3989 1973 4041 ab
2001 3987 2105 4044 illis
2129 3988 2478 4053 subtraxerit,
2506 3987 2558 4042 in
2577 3988 2680 4044 hac
2692 3988 2816 4042 vita:
2831 3987 3041 4043 ratione
3057 4001 3393 4056 nequaquam

1824 4081 2017 4148 poterit
2047 4078 2330 4149 proiicere.
2377 4077 2570 4132 Cibum
2612 4078 2828 4132 brevem
2877 4088 2933 4131 et
2971 4076 3172 4131 nullius
3198 4075 3390 4146 pretii,

1823 4185 1929 4225 non
1970 4177 2146 4224 autem
2193 4168 2418 4223 multum
2463 4182 2530 4222 ac
2572 4181 2764 4237 magna
2795 4181 2926 4221 cura
2957 4175 3202 4236 egentem
3235 4179 3389 4234 cape.

1822 4259 1977 4326 Quod
2021 4259 2069 4313 si
2121 4267 2388 4328 praetequ
2435 4258 2824 4328 hospitalitatis
2876 4258 2942 4312 de
2979 4265 3295 4326 sumptuoso
3333 4257 3390 4311 in

1822 4359 2054 4406 mentem
2082 4349 2313 4414 venerit,
2341 4365 2462 4404 eam
2513 4349 2691 4418 abjice
2741 4349 3147 4421 cogitationem,
3187 4363 3287 4404 nec
3314 4348 3390 4404 illi

1821 4441 2119 4495 adhaereas.
2153 4439 2260 4494 Per
2285 4439 2431 4494 illam
2465 4440 2666 4510 quippe
2689 4441 2975 4496 insidiatur
3004 4439 3102 4494 tibi
3141 4439 3394 4496 adversa-

1824 4533 1959 4596 rius,
2001 4529 2285 4587 insidiatur
2324 4545 2432 4602 quo
2455 4540 2506 4586 te
2529 4547 2560 4586 a
2601 4532 2782 4601 quiete
2809 4539 3039 4586 avertat.
3074 4529 3256 4584 Habes
3282 4528 3389 4585 Do-

1818 4622 2021 4676 minum
2065 4617 2276 4686 Iesum,
2309 4620 2402 4692 qui
2453 4619 2742 4684 Martham,
2790 4619 3024 4674 animam
3060 4617 3164 4674 ista
3193 4632 3390 4675 conse-

1817 4721 2052 4768 ctautem
2078 4696 2255 4783 arguit
2283 4711 2701 4782 quodammodo,
2731 4726 2794 4766 ac
2825 4711 2952 4766 dicit
2980 4709 3192 4777 :Quare
3217 4728 3236 4762 ι
3261 4724 3390 4781 erga

1818 4805 2046 4873 plurima
2073 4824 2092 4858 ι
2126 4805 2360 4860 versaris
2386 4813 2440 4859 et
2478 4823 2498 4857 ι
2525 4803 2794 4860 turbaris?
2826 4800 3000 4857 Uuum
3027 4809 3112 4856 est
3129 4813 3388 4866 necessa-

1820 4894 1996 4962 rium,
2031 4914 2050 4947 ι
2106 4909 2320 4963 nempe,
2367 4895 2560 4964 inquit,
2607 4896 2845 4949 divinum
2897 4891 3087 4946 audire
3127 4892 3392 4959 verbum;

1821 4994 1942 5054 post
1993 4985 2134 5054 quod
2193 4993 2386 5039 caetera
2436 4984 2553 5038 haec
2605 4983 2724 5038 sine
2773 4981 2957 5034 labore
3016 4979 3388 5035 inveniuntur.

1821 5075 1976 5131 Unde
2018 5075 2198 5130 statim
2231 5074 2432 5139 subdit,
2480 5075 2705 5129 dicens:
2742 5089 2762 5124 ι
2798 5071 2964 5126 Maria
2995 5089 3014 5124 ι
3045 5071 3188 5128 enim
3225 5088 3245 5123 ι
3295 5071 3393 5126 bo-

1821 5181 1943 5220 nam
1977 5174 2184 5236 partem
2229 5164 2409 5234 elegit,
2441 5181 2560 5234 qua:
2593 5179 2700 5219 non
2747 5163 3020 5219 auferetur
3059 5161 3128 5218 ab
3153 5175 3218 5216 ea
3257 5161 3322 5216 δι.
3363 5178 3384 5212 ι

1820 5255 1997 5311 Habes
2044 5257 2248 5327 pariter
2301 5256 2696 5326 Sarcphthana:
2742 5254 2916 5310 viduze
2955 5251 3287 5322 exemplum,
3331 5250 3386 5305 in

1817 5349 2140 5418 quibusnam
2191 5347 2284 5404 illa
2333 5347 2650 5418 prophetam
2698 5343 2932 5428 hospitio
2975 5341 3277 5413 susceperit
3313 5341 3382 5396 δ’.

2224 5503 2270 5537 ³ο
2311 5501 2352 5558 ll
2379 5501 2524 5560 Tim.
2577 5517 2640 5571 ιι,
2690 5503 2745 5561 4.
2859 5502 2906 5536 δ’
2941 5500 3132 5558 Matth.
3163 5514 3254 5570 ιι,
3286 5498 3379 5556 50.
