3888 6284
444 342 582 402 I255

1549 330 1819 387 PATRES
1858 330 2156 389 [EGYPTII
2196 329 2470 389 SECULI
2511 329 2601 385 IV.

3579 337 3602 388 1
3617 336 3714 393 9.56

446 467 600 523 Licet
655 476 847 533 panem
905 460 1167 515 duntaxat
1235 454 1532 519 habueris,
1595 464 1688 508 aut
1750 453 1871 517 sal,
1926 462 2018 507 aut

2153 453 2284 525 δωρ,
2326 453 2551 505 δύνασαι
2601 455 2659 505 ἐν
2710 451 2916 515 τούτοις
2970 455 3070 524 τῆς
3122 454 3425 523 φιλοξενίας
3483 455 3712 524 ποιῆσαι

447 571 662 628 aquam,
691 564 844 624 potes
869 565 966 620 per
1003 551 1117 604 luce
1150 549 1455 603 mercedem
1504 544 1889 616 hospitalitatis
1923 560 2020 598 ac.

448 649 697 720 quirere;
733 643 876 712 quod
907 641 953 695 si
984 654 1051 695 ne
1086 640 1174 692 illa
1206 639 1421 708 quidem
1472 637 1748 702 habueris,
1785 646 2023 690 tantum~

450 741 607 795 modo
641 747 822 792 autem
850 735 993 789 bono
1030 721 1228 786 aliéctu
1256 729 1600 801 peregrinum
1631 727 1912 798 exceperis
1933 728 2027 782 bc-

450 830 720 900 nignoque
748 837 1001 878 sermone
1031 837 1153 877 eum
1173 819 1482 884 donaveris,
1510 817 1782 873 consimili
1817 817 2028 872 ratione

450 931 604 991 potes
631 916 1016 985 hospitalitatis
1043 913 1349 968 mercedem
1385 909 1665 979 consequi.
1704 909 1914 963 Dictum
1945 915 2028 962 est

451 1012 594 1066 enim
627 1029 641 1064 :
679 1029 698 1062 ι
735 1009 965 1064 Verbum
1001 1006 1192 1061 melius
1221 1019 1382 1074 quam
1425 1003 1609 1058 datum
1645 1001 1714 1056 ⁸³.
1754 1021 1772 1052 ι

524 1101 613 1158 lV'.
661 1101 786 1156 Haec
817 1101 886 1155 de
905 1100 1252 1167 eleemosyna
1290 1095 1493 1151 sentire
1533 1094 1721 1148 debes.
1759 1091 1836 1148 Ne
1868 1093 2031 1163 igitur

453 1192 846 1249 desideraveris
881 1205 1010 1259 opes
1064 1189 1264 1242 habere
1308 1185 1374 1239 ad
1424 1183 1856 1239 distributionem
1899 1197 2028 1253 erga

456 1296 740 1352 pauperes.
771 1280 904 1334 Nam
939 1281 1050 1333 hanc
1097 1290 1309 1347 quoque
1336 1275 1462 1329 mali
1509 1274 1655 1328 fraus
1679 1281 1782 1336 est,
1814 1287 1933 1342 quas
1965 1273 2031 1325 ad

458 1385 648 1426 vanam
687 1370 910 1440 gloriam
957 1383 1102 1436 saepe
1136 1368 1326 1436 vergit,
1373 1373 1716 1432 mentemque
1766 1363 1818 1415 iu
1869 1378 2034 1431 nego-

460 1462 698 1516 tiationis
730 1475 922 1516 causas
971 1459 1161 1527 injicit.
1211 1457 1388 1512 llabes
1421 1456 1475 1519 in
1523 1455 1814 1523 Evangelio
1853 1469 1882 1507 a
1931 1455 2036 1508 Do-

459 1553 604 1606 mino
651 1551 778 1605 Jcsu
812 1549 1122 1604 testimonio
1168 1557 1418 1602 ornatam
1475 1546 1714 1608 viduam,
1770 1559 1890 1613 qua:
1943 1559 2038 1613 per

457 1643 565 1696 duo
598 1643 860 1694 duntaxat
908 1642 1135 1701 minuta,
1190 1638 1416 1691 divitum
1468 1634 1719 1691 allectum
1776 1649 1842 1690 ac
1890 1635 2037 1689 vires

2122 545 2214 598 τὸν
2251 544 2472 616 μισθόν·
2506 544 2611 597 κᾶν
2656 544 2712 597 δὲ
2761 545 2835 615 μὴ
2868 542 3041 597 ταῦτα
3080 545 3229 616 ἔχῃς,
3279 546 3446 616 μόνον
3478 546 3540 598 δέ
3583 563 3718 618 πρι-

2125 635 2272 689 Θέσει
2303 635 2479 706 ἀγαθῇ
2517 636 2744 707 ὑποδέξῃ
2773 636 2863 689 τὸν
2895 636 3066 702 ξένον,
3095 637 3190 690 καὶ
3213 637 3371 704 λόγον
3399 635 3718 706 εὔχρηστον

2126 728 2276 797 αὐτῷ
2339 727 2583 798 ἀποδῷς,
2644 727 2906 791 ὡσαύτως
2966 728 3190 782 δύνασαι
3246 729 3342 798 τῆς
3404 726 3720 796 φιλοξενίας

2127 820 2350 889 πορίσαι
2380 820 2470 872 τὸν
2501 820 2722 889 μισθόν·
2752 819 2955 888 ἀγαθὸν
2988 820 3098 890 γὰρ
3132 821 3344 891 εἴρηται
3377 820 3542 887 λόγος
3581 820 3720 890 ὑπὲρ

2127 908 2284 980 δόμα.

2200 1088 2272 1138 Δ’.
2315 1083 2556 1137 Τοιαῦτα
2599 1083 2692 1135 ἐπὶ
2735 1087 2834 1155 τῆς
2873 1084 3243 1156 ἐλεημοσύνης
3270 1102 3329 1138 σε
3359 1085 3444 1138 δεῖ
3474 1090 3722 1157 φρονεῖν.

2135 1179 2278 1248 Ἀρα
2315 1171 2409 1229 οὖν
2454 1175 2529 1244 μὴ
2567 1175 2913 1244 ἐπιθυμήσῃς
2962 1174 3190 1228 πλοῦτον
3222 1175 3366 1244 ἔχειν
3415 1177 3558 1246 πρὸς
3605 1177 3725 1230 διὰ-

2133 1269 2277 1322 δοσιν
2319 1267 2426 1321 τῶν
2457 1268 2727 1336 πενήτων.
2758 1267 2913 1319 Ἐστι
2951 1267 3060 1338 γάρ
3089 1267 3184 1320 καὶ
3219 1269 3357 1339 αὑτὴ
3393 1268 3586 1340 ἀπάτῃ
3631 1268 3728 1321 τοῦ

2135 1359 2394 1431 πονηροῦ,
2435 1360 2573 1430 πρὸς
2610 1357 2914 1425 κενοδοξίαν
2961 1359 3220 1422 πολλάκις
3268 1362 3725 1431 προσερχομένη,

2136 1452 2230 1504 καὶ
2275 1454 2352 1514 εἰς
2404 1451 2938 1521 πολυπραγμοσύνης
2999 1451 3178 1513 αἰτίας
3230 1451 3582 1520 ἐμϐάλλουσα
3634 1452 3729 1504 τὸν

2137 1543 2280 1598 νοῦν.
2313 1545 2494 1612 Ἔχεις
2532 1546 2589 1596 ἐν
2618 1543 2696 1613 τῷ
2734 1543 3051 1613 Εὐαγγελίῳ
3085 1544 3188 1596 ὑπὸ
3231 1543 3324 1596 τοῦ
3365 1544 3579 1616 Κυρίου
3625 1546 3727 1612 ἰη-

2141 1633 2232 1686 σοῦ
2269 1635 2720 1704 μαρτυρουμένην
2763 1636 2960 1706 χήραν,
3003 1635 3091 1687 διὰ
3143 1633 3236 1686 δύο
3287 1635 3464 1703 μόνων
3512 1634 3728 1686 λεπτῶν

459 1732 754 1801 superavit.
803 1749 821 1780 ι
877 1730 953 1782 llli
1004 1729 1172 1791 enim,
1221 1747 1239 1780 ι
1292 1727 1488 1796 inquit,
1534 1744 1552 1777 ι
1607 1739 1675 1780 ex
1740 1726 2034 1780 abundanti

2151 1723 2237 1794 τὴν
2267 1723 2374 1776 τῶν
2405 1723 2674 1776 πλουσίων
2697 1722 3138 1794 ὑπερϐεόῃκυῖαν
3183 1722 3504 1794 προαίρεσίν
3537 1740 3597 1775 τε
3635 1726 3727 1775 καὶ

461 1823 727 1876 miserunt
766 1822 818 1874 in
862 1820 1339 1890 gazophylacium;
1380 1821 1495 1872 haec
1536 1831 1668 1872 vero
1710 1818 1890 1870 omnia
1917 1831 2037 1886 qum

2151 1792 2387 1883 Βύναμιν.
2419 1832 2438 1866 ι
2480 1815 2707 1866 Ἐκεῖνοι
2743 1792 2842 1882 μὲν
2883 1792 3015 1882 γάρ,
3041 1832 3058 1863 ι
3103 1792 3290 1882 φησιν,
3333 1831 3350 1864 ι
3378 1813 3444 1865 ἐκ
3487 1813 3589 1865 τοῦ
3634 1831 3728 1864 περ

463 1912 649 1965 habuit
683 1911 748 1964 “.
793 1931 811 1962 ι
863 1911 1016 1975 Quod
1083 1919 1261 1963 autem
1314 1916 1526 1978 spectat
1565 1911 1633 1961 ad
1681 1917 1883 1972 vestes,
1929 1909 2037 1962 noli

462 2001 774 2055 desiderare
805 2001 1097 2054 multorum
1141 1998 1645 2067 superﬂuorumque
1689 1999 2039 2052 vestimento-

465 2106 580 2144 rum
631 2090 1048 2160 possessionem,
1080 2089 1303 2157 provide
1361 2097 1570 2142 tantum
1621 2089 1682 2144 tle
1722 2088 1787 2142 iis
1829 2103 1947 2156 quae
1975 2090 2040 2140 ad

463 2182 838 2234 necessitatem
895 2178 1146 2246 corporis
1200 2177 1493 2234 sulfectura
1543 2188 1689 2232 sunt.
1737 2178 1890 2232 Jacta
1945 2193 2043 2245 po.

465 2271 575 2322 tius
609 2283 774 2338 super
806 2269 1090 2323 Dominum
1119 2283 1305 2324 curam
1347 2279 1515 2334 tuam,
1549 2279 1605 2324 ct
1637 2270 1752 2338 ipse
1785 2269 1878 2324 tibi
1920 2282 2044 2337 pro.

467 2361 669 2415 videbit
699 2361 768 2414 ".
799 2358 903 2429 Ipsi
939 2360 1159 2430 quippe,
1199 2360 1395 2429 inquit,
1423 2375 1553 2414 cura
1586 2369 1670 2414 est
1705 2362 1771 2413 de
1796 2360 1949 2413 nobis
1973 2359 2040 2414 “.

465 2447 523 2502 Si
551 2449 820 2502 alimentis
840 2447 925 2502 vel
954 2449 1192 2502 vestibus
1223 2449 1484 2515 indigeas,
1516 2461 1582 2501 ne
1629 2449 1921 2502 erubescas
1949 2449 2042 2503 tibi

464 2539 533 2592 ab
570 2537 690 2592 aliis
723 2537 900 2592 oblata
937 2538 1218 2606 accipere;
1264 2537 1365 2590 hoc
1394 2552 1628 2605 namque
1657 2547 1738 2591 cst
1778 2531 2046 2608 superbi-.e

467 2631 704 2697 species.
764 2629 834 2682 At
878 2633 922 2684 si
972 2638 1026 2683 tu
1063 2629 1212 2682 hisce
1256 2629 1636 2693 abundaveris,
1672 2629 1719 2682 ei
1754 2631 1845 2698 qui
1899 2642 2047 2684 caret

468 2721 691 2773 tradito.
727 2719 819 2771 Sic
868 2716 1010 2772 Deus
1036 2717 1148 2770 vult
1182 2715 1399 2771 lanmlis
1433 2716 1546 2772 suis
1576 2717 1872 2772 subveniri.
1905 2719 2048 2784 Quo-

464 2809 608 2863 circa
650 2811 717 2862 ad
768 2807 1080 2862 Corinthios
1117 2807 1364 2861 scribens
1409 2807 1720 2876 Apostolus,
1754 2810 1821 2863 de
1872 2811 2046 2880 inopi.

466 2900 566 2954 bus
615 2899 796 2952 dixit:
835 2916 854 2950 ι
918 2897 1107 2952 Vestra
1161 2898 1490 2952 abundantia
1543 2898 1756 2952 illorum
1813 2901 2046 2970 inopiam

466 2989 745 3058 suppleat,
790 2999 848 3043 ut
890 2998 945 3045 et
987 2989 1201 3043 illorum
1243 2989 1583 3044 abundantia
1622 3000 1816 3046 vestra:
1857 2993 2048 3063 inopia:

2143 1904 2503 1976 ρισσεύματος
2549 1904 2738 1956 ἔϐαλον
2785 1905 2843 1955 ἐν
2892 1903 2970 1972 τῷ
3024 1903 3437 1972 γαζοφυλακίῳ,
3481 1903 3626 1973 αὕτη
3671 1904 3726 1954 δὲ

2143 1995 2362 2048 ἃπασαν
2397 1995 2595 2064 ἑαυτῆς
2627 1995 2725 2065 τὴν
2758 1994 3014 2062 ὓπαρξιν.
3044 2012 3061 2044 ι
3099 1994 3233 2063 Περὶ
3263 1993 3320 2046 δὲ
3349 1993 3608 2063 ἱματίων,
3653 1996 3726 2062 μὴ

2142 2086 2486 2158 ἐπιθυμήσῃς
2522 2088 2756 2158 περισσὰ
2789 2087 2934 2156 ἔχειν
2981 2086 3202 2155 ἱμάτια,
3242 2085 3310 2138 τὰ
3351 2085 3630 2156 ἀρκοῦντα
3664 2090 3726 2155 τῇ

2144 2179 2357 2249 ἀνάγκῃ
2395 2177 2488 2231 τοῦ
2540 2159 2793 2248 σώματος
2842 2177 3094 2249 προνοοῦ.
3155 2177 3474 2248 Ἐπίρῤιψον
3531 2177 3729 2248 μᾶλλον

2143 2270 2236 2321 ἐπὶ
2284 2268 2484 2340 Κύριον
2524 2268 2621 2340 τὴν
2657 2268 2930 2339 μὲριμνάν
2972 2285 3085 2331 σου,
3120 2269 3212 2320 καὶ
3244 2268 3407 2330 αὑτός
3452 2285 3549 2319 σου
3601 2285 3729 2338 προ.

2145 2359 2347 2428 νοήσει.
2392 2358 2550 2429 Αὐτῷ
2603 2358 2731 2427 γάρ,
2789 2358 2957 2428 φησι,
3003 2357 3154 2426 μέλει
3201 2356 3333 2426 περὶ
3381 2356 3564 2427 ἡμῶν.
3607 2358 3730 2408 Ἐὰν

2144 2449 2237 2520 δέῃ
2269 2449 2486 2520 τροφῶν
2512 2449 2544 2520 ἢ
2573 2451 2825 2520 ἱματίων,
2857 2451 2930 2520 μὴ
2959 2449 3253 2520 αἰσχυνθῇς
3278 2449 3346 2503 τά
3375 2451 3508 2520 παρ’
3531 2448 3730 2518 ἑτέρων

2150 2559 2231 2594 σοι
2279 2542 2698 2613 προσφερόμενα
2740 2541 2944 2595 λαϐεῖν.
2987 2540 3159 2594 Τοῦτο
3198 2542 3305 2612 γάρ
3339 2541 3487 2594 ἐστιν
3523 2541 3729 2611 ὑπερη-

2148 2633 2343 2702 φανίας
2381 2629 2536 2695 εἶδος.
2579 2633 2702 2685 Ἐὰν
2743 2632 2797 2686 δὲ
2832 2633 2925 2686 καὶ
2975 2633 3138 2696 αὐτὸς
3183 2634 3243 2685 ἐν
3290 2631 3500 2695 τούτοις
3545 2649 3729 2702 περισ-

2151 2723 2336 2794 σεύῃς,
2391 2723 2528 2780 δίδου
2567 2723 2643 2792 τῷ
2689 2724 3088 2794 ὑστερουμένῳ.
3133 2723 3322 2787 Οῦτως
3360 2726 3387 2775 ὁ
3434 2723 3568 2786 Θεὸς
3607 2725 3729 2784 τοὺς

2149 2814 2346 2868 ἑαυτοῦ
2394 2814 2591 2878 παῖδας
2651 2815 3055 2884 οἰκονομεῖσθαι
3109 2813 3377 2884 βούλεται.
3425 2815 3525 2867 Διὰ
3575 2813 3730 2865 τοῦτο

2149 2908 2243 2958 καὶ
2285 2908 2312 2958 ὁ
2351 2905 2670 2968 Ἀπόστολος
2723 2905 2859 2975 πρὸς
2917 2904 3239 2975 Κορινθίους
3309 2905 3561 2976 γράφων,
3611 2907 3730 2975 περὶ

2148 2995 2257 3047 τῶν
2293 2995 2701 3064 ὑστερουμένων
2730 2993 2909 3062 ἔλεγε·
2944 3013 2961 3044 ι
2991 2994 3064 3046 Τὸ
3093 2994 3244 3064 ὑμῶν
3281 2994 3627 3066 περίσσευμα
3658 2998 3731 3057 εἰς

465 3081 537 3136 sit
587 3081 1059 3150 supplementum;
1113 3091 1171 3135 ut
1225 3082 1319 3134 liat
1368 3083 1686 3151 aequalitas,
1740 3085 1879 3139 sicut
1923 3088 2044 3143 scri-

2154 3085 2214 3137 τὸ
2252 3086 2474 3138 ἐκείνων
2523 3084 2839 3154 ὑστέρημα,
2877 3085 2965 3137 ἵνα
3012 3085 3107 3138 καὶ
3162 3085 3222 3138 τὸ
3275 3085 3499 3138 ἐκείνων
3547 3086 3730 3160 περίσ-

469 3182 619 3242 ptum
664 3181 748 3226 est
780 3189 794 3226 :
825 3172 926 3238 Qui
955 3174 1202 3238 multum,
1255 3188 1359 3227 non
1383 3175 1707 3243 abundavit;
1741 3186 1792 3231 et
1827 3181 1916 3246 qui
1954 3196 2044 3234 mo

2160 3193 2334 3247 σευμα
2363 3176 2587 3244 γένηται
2616 3177 2696 3239 εἰς
2724 3176 2787 3228 τὸ
2813 3175 2965 3246 ὑμῶν
2993 3177 3298 3248 ὑστέρημα,
3331 3179 3481 3240 ὅπως
3514 3178 3732 3246 γενηται

465 3261 669 3324 dicunt,
706 3276 811 3315 non
845 3263 1132 3314 minoravit
1164 3262 1230 3318 "'.
1265 3281 1283 3314 ι
1323 3263 1588 3317 Obtineus
1634 3280 1763 3334 ergo
1805 3275 2059 3335 praesenti

469 3353 696 3420 tempori
731 3355 1082 3419 necessaria,
1135 3354 1204 3409 de
1255 3353 1439 3409 futuro
1501 3369 1569 3409 ne
1629 3357 1707 3411 sis
1759 3360 2060 3429 sollicitus,

467 3443 617 3498 verbi
666 3443 836 3511 gratia
875 3444 926 3495 in
960 3444 1102 3498 diem
1149 3461 1335 3509 unum,
1367 3445 1448 3499 vel
1508 3447 1920 3517 hebdomadem,
1968 3456 2059 3510 vel

475 3550 698 3599 annum,
730 3543 822 3588 aut
859 3549 1091 3588 menses.
1127 3533 1370 3590 Nondum
1401 3537 1543 3590 enim
1580 3539 1762 3609 elapso
1797 3544 2055 3612 crastino,

479 3625 710 3692 idipsum
739 3633 948 3693 tempus
985 3625 1290 3678 necessaria
1323 3629 1720 3696 suppeditabit,
1756 3635 2056 3700 praesertim

477 3713 520 3768 si
581 3729 805 3782 regnum
855 3715 1115 3768 caelorum
1171 3715 1545 3787 justitiamque
1610 3719 1702 3773 Del
1754 3723 2056 3790 quzesieris.

479 3803 570 3856 Ait
610 3805 808 3872 quippe
851 3805 1155 3861 Dominus:
1197 3825 1214 3856 ι
1269 3806 1504 3873 Quan'ite
1550 3826 1770 3880 regnum
1816 3815 1944 3876 Dei,
2003 3824 2060 3868 et

466 3893 730 3958 justitiam
768 3896 886 3966 ejus
915 3913 929 3960 ;
958 3906 1011 3950 et
1042 3899 1153 3950 hare
1181 3901 1363 3951 omnia
1401 3901 1723 3967 adjicicntur
1748 3907 1900 3960 vobis
1922 3905 1988 3960 "°.
2037 3925 2055 3957 ι

2161 3266 2372 3336 ἰσότης,
2422 3265 2566 3317 καθὰ
2611 3266 2953 3336 γέγραπται·
2997 3266 3057 3318 '0
3101 3267 3162 3320 τὸ
3208 3267 3364 3331 πολὺ,
3411 3268 3512 3321 οῦκ
3558 3270 3733 3322 ἐπλεό-

2157 3376 2322 3421 νασε,
2373 3359 2468 3412 καὶ
2513 3360 2543 3412 ὁ
2583 3357 2646 3410 τὸ
2693 3359 2895 3427 ὀλίγον,
2944 3360 3045 3412 οὑκ
3095 3360 3480 3431 ἠλαττόνησεν.
3509 3381 3526 3412 ι
3563 3363 3735 3431 Ἐχων

2157 3450 2336 3502 τοίνυν
2363 3449 2458 3502 τοῦ
2487 3450 2781 3514 ἐνεστῶτος
2817 3451 3011 3522 καιροῦ
3042 3452 3108 3504 τὰ
3137 3452 3343 3512 δέοντα,
3373 3454 3453 3515 εἰς
3483 3452 3578 3505 τὸν
3619 3453 3736 3523 μέλ⁴

2157 3539 2316 3592 λοντα
2363 3539 2437 3610 μὴ
2472 3541 2812 3610 μεριμνήσῃς
2846 3541 3060 3610 καιρόν·
3102 3536 3234 3604 οἷον,
3267 3543 3480 3612 ἡμέρας
3526 3545 3677 3611 μιᾶς,
3705 3542 3735 3604 ἢ

2160 3630 2472 3700 ἑϐδομάδος,
2520 3632 2553 3700 ἣ
2591 3631 2859 3696 ἐνιαυτοῦ,
2891 3631 2923 3701 ἢ
2975 3633 3178 3702 μηνῶν.
3219 3633 3605 3703 Ἐνεστηκότος
3637 3633 3737 3701 γὰρ

2159 3721 2252 3774 τοῦ
2287 3722 2386 3791 τῆς
2409 3719 2595 3792 αὔριον
2627 3721 2842 3791 καιροῦ,
2876 3721 3039 3784 αὐτὸς
3067 3723 3094 3774 ὁ
3126 3723 3314 3792 καιρὸς
3346 3725 3736 3794 ἐπιχορηγήσει

2159 3813 2228 3866 τά
2279 3812 2502 3877 δέοντα,
2546 3810 2836 3882 ζητοῦντος
2876 3829 2967 3865 σου
3025 3812 3257 3884 μάλιστα
3313 3813 3412 3884 τὴν
3469 3814 3737 3883 βασιλείαν

2161 3904 2270 3956 τῶν
2313 3902 2579 3972 οὐρανῶν,
2614 3904 2706 3955 καὶ
2735 3903 2835 3973 τὴν
2883 3904 3228 3974 δικαιοσύνην
3270 3905 3366 3958 τοῦ
3396 3904 3557 3958 Θεοῦ.
3595 3925 3612 3955 ι
3641 3907 3737 3974 Ζηο

467 3988 651 4040 τεῖτε³
709 3987 839 4058 γὰρ,
885 3989 1050 4058 φησὶν
1096 3990 1125 4041 ὁ
1160 3989 1384 4059 Κύριος,
1445 4010 1463 4043 I
1515 3993 1612 4064 τὴν
1662 3994 1940 4064 βασιλείαν
1981 3997 2073 4051 τοῦ
2109 3995 2246 4049 Θεοῦ
2305 3996 2399 4049 καὶ
2437 3996 2536 4064 τὴν
2576 3995 2922 4065 δικαιοσύνην
2971 3994 3159 4062 αὐτοῦ,
3199 3995 3293 4050 καὶ
3347 3997 3526 4051 ταῦτα
3573 3999 3737 4052 πάντα

468 4081 894 4153 προστεθήσεται
923 4084 1073 4152 ὑμῖν.
1099 4103 1117 4136 ι

546 4175 605 4226 ν.
651 4174 726 4226 Ne
785 4175 985 4230 habeas
1031 4176 1170 4244 apud
1214 4186 1266 4232 te
1313 4193 1560 4245 puerum,
1597 4197 1663 4236 ne
1696 4180 1834 4237 forte
1871 4182 2058 4236 adver-

469 4267 648 4320 sarius
681 4281 774 4334 per
822 4283 942 4320 eum
996 4269 1214 4337 aliquod
1240 4271 1290 4322 in
1349 4280 1400 4324 te
1433 4285 1646 4327 moveat
1697 4274 2050 4336 scandalum,

469 4359 862 4426 conturbetque
903 4361 1143 4414 animum
1187 4370 1362 4425 tuum,
1406 4374 1464 4417 ut
1514 4366 1579 4419 de
1630 4366 1770 4421 cibis
1817 4366 2053 4420 maxime

471 4448 796 4514 sumptuosis
822 4463 1003 4502 curam
1039 4461 1211 4519 gerat.
1235 4451 1420 4521 Neque
1453 4455 1597 4507 enim
1630 4456 1863 4524 amplius
1898 4465 2052 4525 pote-
2084 4433 2130 4490 θ

475 4539 548 4592 ris
573 4538 718 4592 solus
768 4539 832 4591 de
876 4549 927 4594 te
953 4556 1074 4594 esse
1109 4541 1370 4597 sollicitus
1392 4561 1407 4608 ;
1433 4555 1596 4614 atque
1628 4546 1672 4599 si
1709 4561 1771 4600 ea
1797 4548 2051 4616 cogitatio

472 4629 627 4698 quasi
661 4639 882 4698 propter
919 4633 1166 4700 corporis
1202 4635 1441 4701 requiem
1473 4636 1737 4702 subierit,
1771 4645 1826 4690 tu
1869 4645 2046 4692 tamen

474 4718 614 4786 quod
649 4721 991 4786 prmstantius
1021 4731 1106 4774 est
1145 4724 1454 4789 considera,
1487 4727 1784 4796 spiritalem
1826 4727 2046 4796 inquam

472 4810 710 4879 quietem
747 4828 760 4863 :
802 4824 988 4865 revera
1025 4815 1168 4867 enim
1201 4815 1390 4870 melior
1419 4827 1502 4871 est
1531 4817 1788 4887 spiritalis
1825 4819 2047 4874 refectio

473 4900 760 4968 corporali.
798 4902 949 4967 Quod
984 4903 1027 4956 si
1051 4903 1272 4971 iuvandi
1319 4909 1468 4976 pueri
1507 4909 1684 4978 gratia
1717 4910 1769 4962 in
1811 4919 2046 4965 mentem

477 4991 705 5054 venerit,
743 5007 809 5045 ne
838 4993 1074 5048 credas:
1121 4996 1221 5049 hoc
1265 4997 1408 5051 enim
1457 5015 1562 5052 non
1609 5007 1692 5053 est
1740 5001 1906 5055 nostri
1934 5016 2050 5054 mu-

478 5081 663 5148 neris;
691 5082 757 5134 ad
789 5081 928 5136 alios
958 5083 1190 5152 pertinet
1216 5100 1372 5152 opus,
1414 5098 1632 5145 sanctos
1662 5091 1911 5145 videlicet
1935 5106 2048 5146 cu:-

481 5165 764 5220 uobiorum
805 5173 1009 5236 patres.
1055 5165 1156 5222 Tui
1201 5170 1373 5226 solius
1410 5177 1756 5229 commodqu
1787 5185 1972 5246 Specta
2001 5189 2056 5230 et

479 5257 682 5314 silentil
723 5259 1027 5331 quietisque
1067 5275 1247 5317 mores
1293 5265 1638 5333 amplectere.
1699 5267 1818 5322 Noli
1871 5283 2054 5323 amare

480 5350 872 5408 habitationem
915 5368 1036 5409 cum
1087 5353 1396 5411 hominibus
1449 5359 1688 5414 materia:
1725 5359 1954 5416 addictis
1991 5377 2053 5415 ac

479 5443 812 5514 negotiosis;
840 5454 930 5500 aut
960 5446 1108 5502 solus
1139 5461 1320 5516 mane,
1348 5459 1442 5504 aut
1473 5464 1597 5504 cum
1642 5449 1901 5506 fratribus
1937 5467 2049 5506 ma-

576 5619 622 5651 "
669 5618 834 5676 Eccli.
885 5639 1013 5688 χιιι,
1050 5623 1136 5687 16,
1172 5622 1262 5677 28.

483 5687 585 5753 15;
643 5691 810 5746 Exod.
877 5687 1006 5769 xvi,
1047 5695 1128 5750 l8.
1206 5697 1250 5726 ’⁸
1283 5693 1471 5750 Matth.
1523 5711 1592 5762 rt,
1641 5697 1728 5751 35.

1367 5623 1412 5656 “
1452 5623 1617 5678 Marc.
1657 5640 1761 5692 xu,
1812 5625 1899 5680 Η.
1977 5627 2020 5658 ’⁸⁵
2070 5626 2206 5686 Psal.
2258 5647 2361 5695 LIV,
2398 5633 2486 5686 ‘25.

2234 4179 2310 4231 E'.
2349 4175 2440 4248 Μὴ
2475 4177 2652 4249 κτήσῃ
2679 4177 2872 4229 παῖδαο
2911 4177 3117 4247 μήποτέ
3149 4194 3229 4231 σοι
3258 4179 3287 4230 ό
3311 4179 3631 4244 ὑπεναντίος
3659 4180 3740 4232 διὰ

2157 4272 2348 4325 τούτου
2389 4271 2588 4340 κινήσῃ
2631 4267 2928 4322 σκάνδαλόν
2956 4286 3031 4331 τι,
3060 4268 3157 4322 καὶ
3186 4268 3536 4342 ἐκθορυϐήσῃ
3573 4289 3661 4324 σου
3687 4272 3739 4322 τὸ

2158 4361 2415 4430 φρόνημα
2464 4357 2573 4410 τῶν
2625 4355 3104 4410 πολυτελεστάτων
3152 4357 3372 4428 τροφῶν
3415 4361 3738 4430 φροντίζειν.

2157 4454 2233 4504 Οὐ
2281 4451 2390 4520 γὰρ
2418 4448 2624 4521 δυνήσῃ
2661 4449 2819 4518 μόνος
2865 4449 2945 4501 ἔτι
2984 4448 3212 4502 σεαυτοῦ
3255 4452 3600 4521 φροντίζειν·
3646 4453 3739 4506 κᾶν

2156 4543 2233 4606 ὡς
2273 4542 2412 4613 πρὸς
2461 4542 2780 4611 σωματικὴν
2817 4542 3128 4596 ἀνάπαυσιν
3173 4544 3376 4616 ἐπέλθῃ
3403 4547 3432 4598 ό
3462 4545 3737 4616 λογισμὸς,

2154 4633 2292 4687 ἀλλά
2323 4633 2382 4686 τὸ
2422 4636 2668 4704 κρεῖττον
2700 4634 2870 4686 ἐννόει
2893 4651 2907 4664 ο
2939 4634 3083 4702 λέγω
3113 4635 3178 4706 δὴ
3224 4637 3322 4707 τὴν
3369 4640 3740 4709 πνευματικὴν

2139 4726 2492 4779 ἀνάπαυσιν·
2527 4725 2794 4795 κρείττων
2841 4728 2949 4798 γάρ
2977 4728 3127 4781 ἐστιν
3157 4729 3234 4791 ὡς
3259 4728 3477 4799 ἀληθῶς
3514 4733 3549 4801 ή
3591 4749 3739 4783 πνευ-

2157 4817 2360 4888 ματικὴ
2408 4815 2716 4880 ἀνάπαυσις
2765 4820 2865 4888 τῆς
2918 4820 3260 4890 σωματικῆς.
3312 4820 3433 4874 Κᾶν
3484 4822 3741 4888 ὠφελείας

2153 4907 2246 4960 τοῦ
2281 4908 2468 4970 παιδὸς
2499 4909 2657 4980 χάριν
2703 4911 3018 4982 προσϐάλλῃ
3049 4915 3116 4984 τῇ
3154 4911 3377 4985 γνώμῃ,
3413 4914 3489 4984 μὴ
3521 4915 3740 4986 πεισθῇς

2157 4998 2337 5070 αὐτῷ·
2373 5001 2434 5052 οὐ
2482 5002 2592 5071 γάρ
2638 5002 2754 5055 ἐστι
2795 5001 2954 5055 τοῦτο
3000 5003 3268 5075 ἡμέτερον
3313 5003 3509 5076 ἔργον·
3548 5006 3741 5077 ἑτέρων

2159 5092 2276 5144 ἐστὶ
2309 5091 2418 5144 τῶν
2459 5093 2517 5144 ἐν
2557 5093 2808 5164 κοινοδίῳ
2852 5094 3024 5163 ἁγίων
3063 5096 3334 5165 πατέριον.
3383 5097 3619 5150 Σεαυτοῦ
3657 5097 3739 5167 μό-

2159 5200 2248 5235 νου
2300 5184 2398 5253 τῆς
2447 5183 2717 5253 ὡφελείας
2767 5186 3046 5256 φρόντιζε,
3081 5190 3178 5242 καὶ
3227 5189 3319 5244 τὸν
3367 5191 3470 5262 τῆς
3523 5191 3739 5261 ἡσυχίας

2161 5274 2451 5344 περιποιοῦ
2500 5276 2718 5346 τρόπον.
2760 5279 2851 5350 Μὴ
2883 5279 3178 5352 άγαπήσῃς
3206 5281 3427 5352 οἰκῆσαι
3473 5282 3614 5352 μετὰ
3658 5283 3738 5335 άν-

2156 5363 2389 5433 θρώπων
2437 5367 2636 5420 ὑλικῶν
2682 5370 2774 5422 καὶ
2807 5371 3258 5441 ὲμπεριστάτων·
3294 5373 3327 5442 ἢ
3365 5371 3529 5441 μόνος
3580 5373 3735 5434 οἴκει,

2155 5453 2186 5524 ἢ
2231 5456 2371 5526 μετὰ
2406 5458 2650 5528 ἀδελφῶν
2678 5461 2788 5514 τῶν
2821 5462 3001 5516 άθλων
3043 5463 3137 5516 καὶ
3180 5463 3501 5533 δμοφρόνων
3531 5479 3644 5516 σου.
3686 5462 3737 5514 '0

2595 5634 2684 5687 l"l
2734 5634 2873 5692 l’ctr.
2919 5651 2968 5704 ν,
3005 5639 3055 5691 7.
3135 5637 3176 5671 ⁸⁷
3229 5634 3270 5692 ll
3303 5637 3432 5694 Cor.
3485 5653 3613 5706 vtu,
3654 5636 3734 5703 14,
