3888 6284
203 357 336 414 lilii?

1060 348 1338 407 EVAGRli
1375 347 1653 406 PONTICI
1693 346 1856 404 BER.
1904 347 2162 406 MONAC.
2203 346 2574 406 RATIONES.

3318 352 3450 408 i2‘i3

198 470 305 543 γὰρ
337 466 474 541 μετά
520 464 822 537 ἀνθρώπων
864 464 1066 519 ὑλικῶν
1099 466 1194 522 καὶ
1233 467 1654 539 ὲμπεριστάτων
1695 469 1776 520 oi-

1890 465 2016 520 leria
2077 466 2410 532 carentibus,
2456 467 2660 536 tibique
2713 467 3112 523 consentaneis.
3164 467 3298 523 Nam
3354 472 3447 540 qui

198 559 332 619 κῶν,
361 555 579 620 πάντως
606 555 924 628 κοινωνήσει
959 557 1053 610 καὶ
1093 557 1256 620 αὐτὸς
1296 559 1361 628 τῇ
1387 557 1592 610 τούτων
1621 573 1779 628 περι-

201 649 408 716 στάσει,
453 649 556 702 καὶ·
580 648 860 702 δουλεύσει
903 649 1274 720 ἀνθρωπίναις
1322 651 1646 720 ἐπιταγαῖς,
1686 650 1779 704 λα-

197 744 340 806 λιαῖς
380 759 439 796 τε
478 742 759 813 ματαίαις,
808 741 904 795 καὶ
949 745 1060 806 τοῖς
1104 742 1284 807 ἄλλοις
1335 741 1506 796 ἅπασι
1555 742 1776 810 δεινοῖς,

196 835 360 906 ὀργῇ,
398 833 566 907 λύπῃ,
607 833 774 904 μανίᾳ
811 832 921 885 τῶν
954 831 1114 898 ὑλῶν,
1149 833 1323 905 φόϐῳ,
1349 833 1428 905 τῷ
1474 833 1775 904 σκανδάλῳ.

197 926 448 990 Γονικαῖς
491 925 783 997 μερίμναις
823 924 856 985 ἢ
899 927 1250 993 συγγενικαῖς
1296 926 1500 995 φιλίαις
1533 925 1608 995 μὴ
1653 943 1778 978 συν-

199 1018 482 1088 απαχθῇςο
523 1017 660 1071 ἀλλά
712 1018 821 1087 γὰρ
877 1017 972 1070 καὶ
1001 1017 1138 1088 πρὸς
1167 1017 1389 1082 τούτους
1418 1018 1617 1080 αὐτοὺς
1649 1035 1778 1070 συν-

198 1113 344 1182 εχεῖς
389 1110 676 1182 συντυχίας
706 1110 998 1183 παραιτοῦ,
1041 1109 1251 1183 μήποτέ
1293 1127 1353 1163 σε
1393 1109 1778 1181 ἀποσυλήσωσι

197 1203 298 1273 τῆς
343 1205 402 1256 ὲν
451 1201 528 1273 τῷ
572 1201 768 1273 κελλίῳ
813 1203 1067 1273 ἡσυχίας,
1116 1201 1212 1256 καὶ
1263 1202 1393 1274 περὶ
1441 1201 1541 1264 τὰς
1569 1200 1780 1255 ἑαυτῶν

199 1294 547 1366 περιστάσεις
591 1293 892 1363 ἀγάγωσιν.
942 1312 962 1345 ‹
992 1295 1182 1364 ¹Ἀφες,
1207 1312 1226 1346 ι
1267 1294 1433 1364 φησίν
1470 1294 1500 1347 ό
1539 1292 1776 1364 Κύριος,

203 1401 224 1434 t
249 1385 377 1448 τοὺς
418 1385 644 1455 νεκροὺς
677 1383 844 1454 θάψαι
890 1385 1018 1448 τοὺς
1066 1384 1274 1438 ἑαυτῶν
1319 1383 1574 1456 νεκρούςο
1618 1385 1683 1438 σὺ
1721 1383 1781 1437 δὲ

197 1477 360 1547 δεῦρο
405 1476 686 1531 ἀκολούθει
723 1494 830 1548 μοι.
859 1495 878 1529 ι
917 1477 1042 1531 Ἐὰν
1070 1477 1128 1531 δὲ
1165 1475 1260 1531 καὶ
1302 1476 1363 1530 τὸ
1408 1477 1618 1531 κελλίον
1646 1479 1705 1530 ὲν
1734 1469 1779 1545 ᾧ

199 1569 405 1641 καθέζῃ
434 1571 820 1642 εὐπερίστατον
848 1565 906 1642 ᾖ,
939 1567 1130 1639 φεῦγε,
1161 1568 1257 1622 καὶ
1284 1567 1448 1622 αὐτοῦ
1484 1569 1558 1641 μὴ
1592 1568 1775 1642 φείσῃ,

200 1661 278 1733 μὴ
306 1661 539 1733 ἑκλυθῇς
581 1663 662 1725 είς
697 1663 919 1734 ἀγάπην
951 1660 1118 1715 αὐτοῦ
1140 1677 1154 1692 ο
1196 1661 1374 1716 πάντα
1405 1661 1571 1726 ποίει,
1599 1661 1776 1717 πάντα

200 1753 428 1822 πρᾶττε,
469 1750 584 1816 πῶς
617 1752 852 1824 δυνηθῇς
900 1751 1169 1823 ἡσυχάσαι
1218 1753 1312 1806 καὶ
1351 1752 1640 1824 σχολάσαι,
1682 1757 1776 1809 καὶ

200 1841 500 1896 σπούδασαι
539 1843 791 1911 γενέσθαι
827 1844 885 1895 ὲν
909 1845 1020 1906 τοῖς
1057 1841 1153 1895 τοῦ
1177 1842 1313 1897 Θεοῦ
1354 1843 1640 1915 θελήμασι,
1683 1846 1778 1900 καὶ

200 1933 258 1984 ἑν
282 1935 348 2003 τῇ
380 1931 524 2004 πάλῃ
554 1932 662 1986 τῶν
694 1932 962 2004 ἀοράτων.

271 2026 363 2091 ς’.
403 2025 466 2078 Ei
499 2025 572 2096 μὴ
613 2024 838 2080 δύνασαι
880 2023 1080 2095 ῥᾳδίως
1120 2026 1392 2098 ὴσυχάσαι
1425 2031 1484 2083 ἑν
1521 2032 1634 2093 τοῖς
1665 2033 1780 2096 σοῖς

203 2113 419 2186 μέρεσι,
447 2115 535 2179 δός
563 2133 655 2170 σου
684 2116 777 2171 ἑπὶ
819 2115 1084 2183 ξενιτείαν
1111 2118 1211 2189 τὴν
1242 2119 1522 2190 πρόθεσιν,
1553 2122 1650 2176 καὶ
1686 2124 1780 2176 ἐπὶ

200 2205 406 2278 ταύτην
455 2207 623 2279 αὐτὴν
661 2208 1008 2267 κατάσπευδέ
1045 2230 1138 2266 σου
1175 2211 1269 2266 τὸν
1307 2213 1584 2284 λογισμόν.
1615 2213 1778 2268 Γενοῦ

200 2299 452 2374 καθάπερ
481 2318 567 2366 τις
603 2305 1032 2376 πραγματευτὴς
1065 2305 1309 2379 ἄριστος,
1342 2306 1410 2360 τά
1438 2305 1617 2361 πάντα
1644 2308 1782 2379 πρὸς

199 2392 431 2463 ἡσυχίαν
468 2393 797 2466 δοκιμάζων,
833 2397 928 2451 καὶ
955 2396 1024 2451 τὰ
1060 2397 1197 2470 πρὸς
1240 2397 1444 2470 ταύτην
1475 2398 1654 2469 ἥσυχα
1685 2399 1783 2454 καὶ

200 2485 450 2556 χρήσιμα
476 2485 563 2540 διὰ
594 2487 810 2540 πάντων
840 2488 1107 2560 κατέχων.
1155 2489 1304 2563 Πλὴν
1341 2489 1486 2560 λέγω
1513 2507 1616 2555 σοι,
1645 2489 1782 2555 ξενι-

198 2575 352 2628 τείαν
393 2576 614 2646 ἀγάπα’
665 2577 998 2633 ἀπαλλάττει
1059 2579 1169 2652 γάρ
1221 2597 1280 2635 σε
1338 2580 1449 2634 τῶν
1495 2580 1636 2635 κατά
1683 2582 1783 2652 τὴν

203 2667 572 2741 ίδίαν.χώραν
616 2671 1012 2742 περιστάσεων,
1045 2672 1140 2727 καὶ
1178 2671 1279 2743 τῆς
1324 2673 1466 2728 κατά
1510 2673 1609 2745 τήν
1650 2676 1784 2744 ήσυ-

201 2759 326 2830 χίαν
360 2761 626 2831 ὠφελείας
666 2763 826 2834 μόνον
869 2762 1162 2823 ἀπολαύειν
1197 2763 1361 2818 ποιεῖ.
1388 2765 1500 2829 Τάς
1531 2767 1590 2820 ἑν
1631 2766 1783 2821 πόλει

198 2850 484 2923 διατριϐὰς
533 2850 736 2920 φεῦγε,
779 2852 875 2907 καὶ
911 2853 1013 2917 τάς
1061 2853 1120 2906 ἐν
1172 2854 1379 2925 ἐρημίᾳ
1426 2854 1780 2926 καρτέρησον.

205 2961 226 2995 t
268 2943 402 2997 Ἰδοὺ
425 2961 444 2994 ›
474 2941 603 3015 γὰρ,
630 2943 792 3016 φησὶν
819 2944 848 2997 ό
874 2944 1050 3014 ἅγιος,
1083 2962 1102 2996 t
1131 2944 1416 3016 ὲμάκρυνα
1445 2943 1782 3014 φυγαδεύων,

199 3035 299 3090 καὶ
332 3034 597 3106 ηὐλίσθην
645 3037 702 3089 ἑν
734 3037 803 3108 τῇ
849 3037 1062 3108 ἐρήμῳ.
1093 3055 1113 3088 ι
1157 3035 1218 3090 Ei
1269 3035 1514 3101 δυνατὸν,
1548 3034 1610 3089 τὸ
1649 3035 1786 3090 καθ-

1880 555 2237 611 habitatcum
2274 557 2586 611 hominibus
2627 556 2998 612 materialibus
3041 573 3106 614 ac
3147 560 3450 629 impeditis.

1879 658 1935 704 ct
1973 649 2089 718 ipse
2119 663 2340 720 prorsus
2383 664 2571 705 eorum
2629 650 2920 705 turbulenti
2967 659 3142 706 status
3186 653 3454 722 particeps

1881 740 2094 796 futurus
2135 748 2242 808 est,
2294 742 2599 812 servietque
2648 741 2898 796 immanis
2952 744 3241 807 mandatis,
3300 745 3452 798 vanis

1883 833 2196 902 colloquiis,
2221 835 2547 904 ca-terisque
2576 835 2829 889 omnibus
2855 835 3022 899 vitiis,
3044 834 3158 900 irae,
3199 835 3450 894 tristitizr.

1880 924 2104 980 insaniae
2147 939 2272 998 erga
2311 941 2399 982 res
2437 927 2765 991 materiales,
2809 925 3011 994 timori,
3061 927 3334 982 seandalo.
3378 926 3455 982 Ne

1881 1016 2196 1085 corripiaris
2258 1018 2406 1073 curis
2470 1018 2884 1088 parcntaiibus,
2943 1029 3037 1072 aut
3101 1027 3452 1087 cognatorum

1881 1109 2137 1164 amicitiis
2189 1128 2202 1164 :
2238 1109 2482 1179 quiuimo
2511 1119 2566 1165 et
2602 1110 2849 1164 assiduos
2879 1124 3001 1163 cum
3036 1109 3101 1165 iis
3134 1124 3457 1178 congressus

1880 1202 2012 1268 vita,
2038 1216 2107 1256 ne
2147 1201 2286 1258 forte
2313 1218 2341 1256 a
2374 1201 2522 1257 cella:
2554 1201 2737 1270 quiete
2772 1211 2823 1256 te
2849 1203 3121 1267 auferant,
3167 1213 3221 1257 et
3247 1204 3312 1256 ad
3359 1218 3455 1256 sua

1883 1295 2167 1349 traducant
2215 1294 2447 1363 negotia.
2501 1312 2520 1346 ι
2575 1293 2815 1358 Dimitte,
2867 1312 2886 1346 ι
2943 1294 3122 1364 inquit
3167 1293 3455 1360 Dominus,

1887 1403 1907 1438 ι
1952 1398 2196 1441 mortuos
2230 1387 2462 1455 sepelire
2492 1397 2735 1441 mortuos
2761 1401 2926 1454 suos;
2954 1395 3007 1441 tu
3032 1402 3161 1443 vero
3184 1389 3338 1453 veni,
3370 1403 3457 1443 se-

1879 1490 2050 1546 quere
2076 1490 2163 1531 me
2189 1475 2256 1531 ‘9.
2295 1495 2315 1528 ι
2351 1474 2406 1530 Si
2455 1490 2584 1530 vero
2610 1475 2743 1531 cella
2784 1476 2836 1530 in
2867 1491 2971 1545 qua
2999 1478 3204 1533 resides
3231 1477 3459 1545 impedi-

1879 1577 2061 1623 mento
2094 1568 2205 1633 sit,
2236 1565 2441 1639 fugito,
2491 1581 2669 1638 neque
2709 1567 2783 1622 illi
2813 1583 3036 1638 parcas,
3081 1583 3179 1624 nec
3209 1571 3264 1623 in
3303 1584 3456 1624 amo-

1879 1674 1992 1714 rem
2033 1659 2148 1729 ejus
2178 1659 2507 1714 resoivaris:
2576 1659 2756 1714 omnia
2813 1660 2928 1727 fac,
2972 1660 3150 1713 omnia
3179 1674 3298 1730 age,
3341 1674 3450 1729 quo

1879 1751 2171 1822 tranquille
2195 1752 2378 1807 vivere
2404 1760 2461 1808 et
2491 1767 2684 1808 vacare
2719 1766 2907 1823 queas,
2928 1767 3028 1808 nec
3057 1768 3160 1807 non
3189 1754 3454 1809 contende

1883 1846 1938 1901 in
1966 1844 2062 1900 Dei
2099 1843 2465 1900 voluntatibus
2495 1859 2559 1901 ac
2586 1844 2638 1899 in
2673 1858 2851 1916 pugna
2880 1845 3142 1900 adversus
3167 1845 3455 1901 invisibilia

1882 1935 2204 1990 consistere.
2362 1937 2366 1939 ’

1953 2025 2042 2081 Vl.
2084 2027 2142 2080 Si
2198 2027 2250 2081 in
2303 2037 2388 2080 tua
2448 2026 2667 2095 regione
2711 2041 2818 2082 non
2865 2037 3018 2096 potes
3077 2026 3236 2081 facile
3293 2027 3460 2081 vitam

1881 2115 2120 2184 quietam
2157 2116 2376 2183 ducere,
2405 2116 2744 2186 propositum
2783 2125 2936 2172 tuum
2967 2117 3032 2171 ad
3064 2116 3461 2187 peregrinatio-

1883 2223 2003 2264 nem
2037 2208 2256 2274 tradito,
2305 2218 2469 2279 atque
2497 2210 2565 2264 ad
2597 2209 2746 2264 illam
2794 2209 2963 2279 ipsam
3002 2209 3169 2264 incita
3217 2211 3457 2264 animum

1885 2308 2057 2354 tuum.
2108 2299 2236 2355 Esto
2282 2300 2432 2355 velut
2485 2301 2726 2369 optimus
2767 2300 3096 2370 negotiator,
3145 2310 3339 2354 cuncta
3395 2299 3461 2353 ad

1883 2393 2120 2461 quietem
2154 2392 2412 2463 probans,
2450 2407 2678 2463 quaeque
2721 2392 2790 2447 ad
2821 2407 2938 2448 eam
2972 2390 3460 2447 constabiliendam

1883 2484 2196 2540 conducunt
2238 2484 2458 2539 omnino
2512 2485 2770 2540 retinens.
2828 2481 3095 2539 Caeterum
3149 2483 3270 2539 dico
3327 2483 3460 2549 tibi,

1883 2575 2373 2648 peregrinationem
2425 2575 2616 2646 dilige;
2663 2585 2715 2631 te
2751 2576 2895 2630 enim
2943 2575 3012 2630 ab
3052 2576 3462 2633 incommodita-

1888 2671 2032 2725 tibus
2057 2669 2247 2740 patriae
2273 2677 2377 2724 tua:
2401 2668 2674 2735 liberabit,
2707 2666 3012 2738 efﬁcietque
3038 2676 3099 2723 ut
3123 2669 3271 2724 solus
3297 2668 3463 2723 silen-

1888 2762 1948 2818 tii
1994 2763 2362 2818 emolumento
2395 2761 2613 2817 fruaris.
2668 2760 2725 2815 in
2770 2761 2906 2817 urbe
2943 2761 3272 2817 commorari
3309 2760 3461 2831 fuge,

1888 2853 1942 2908 in
1990 2852 2280 2910 solitudine
2329 2853 2588 2924 perdura.
2628 2871 2646 2904 ι
2685 2852 2825 2908 Ecce
2852 2871 2873 2906 ι
2925 2853 3092 2917 enim,
3140 2852 3216 2906 ait
3246 2863 3466 2907 sanctus

1887 2944 1991 3012 vir,
2027 2961 2048 2998 t
2077 2945 2323 3016 eiongavi
2363 2945 2592 3017 fugiens,
2635 2953 2694 3001 et
2722 2944 2896 3001 mansi
2927 2945 2982 3000 in
3008 2943 3298 3001 solitudine
3330 2942 3401 2996 ⁸⁸.
3439 2962 3459 2996 ι

1891 3036 1949 3093 Si
1982 3037 2098 3093 fieri
2131 3044 2332 3107 potest,
2377 3038 2684 3094 nullatenus
2723 3038 2792 3094 ad
2825 3037 3012 3093 urbem
3059 3037 3462 3109 proficiscaris;

197 3127 325 3182 όλου
355 3129 436 3192 είς
467 3127 621 3182 πόλιν
655 3128 730 3200 μὴ
771 3129 1112 3200 ἀπαντήσῃς⁹
1139 3127 1293 3182 οὐδὲν
1327 3127 1438 3200 γὰρ
1465 3126 1785 3200 εῦχρηστον,

1891 3132 2026 3187 nihil
2057 3132 2253 3202 quippe
2281 3131 2645 3196 commodum,
2681 3130 2814 3186 nihil
2847 3130 3000 3196 utile,
3045 3130 3177 3185 nihil
3204 3129 3466 3185 conduci-

198 3221 357 3274 οὐδὲν
402 3220 693 3293 χρήσιμον,
741 3219 894 3274 οὐδὲν
943 3219 1221 3291 ὠφέλιμον
1273 3222 1340 3292 τῇ
1390 3217 1636 3291 πολιτείᾳ
1692 3236 1787 3274 σου

197 3313 322 3365 ἐκεῖ
350 3309 538 3383 θεάσῃ.
572 3329 591 3362 t
620 3307 797 3376 Εἶδον,
816 3328 837 3362 ι
875 3311 1010 3381 φησὶ⁹
1045 3309 1208 3366 πάλιν
1232 3313 1261 3365 ό
1290 3312 1474 3380 ἆγιος,
1513 3329 1530 3360 t
1555 3309 1790 3381 ἀνομίαν

196 3403 297 3457 καὶ
325 3401 638 3471 ἀντιλογίαν
680 3404 738 3456 ἑν
769 3403 836 3474 τῇ
883 3401 1064 3456 πόλει.
1093 3420 1112 3454 ι
1157 3402 1296 3466 Τοὺς
1340 3397 1434 3456 οὖν
1486 3400 1647 3464 ἰδίους
1693 3399 1790 3454 καὶ

196 3493 649 3566 ἀπερισπάστους
673 3493 836 3548 δίωκε
860 3493 1077 3559 τόπους,
1103 3493 1178 3566 μὴ
1200 3493 1474 3565 δειλιάσῃς
1505 3487 1650 3563 εἶχον
1677 3491 1787 3562 (58)

196 3585 406 3641 αὐτῶν.
446 3586 571 3640 Ἐὰν
603 3585 660 3639 δὲ
688 3585 784 3640 καὶ
811 3585 1078 3656 δαιμόνων
1121 3584 1420 3655 φαντασίας
1456 3585 1571 3637 ἐκεῖ
1596 3582 1786 3654 θεάσῃ,

199 3678 280 3750 μὴ
333 3676 604 3748 πτοηθῇς,
648 3676 785 3748 μηδὲ
832 3675 1125 3748 ἀποφύγῃς
1169 3675 1231 3728 τὸ
1265 3674 1478 3729 στάδιον
1505 3673 1607 3743 τῆς
1649 3675 1790 3744 ἠμε-

194 3769 369 3840 τέρας
419 3767 721 3838 ὠφελείαςο
765 3769 985 3839 ἀφόϐως
1035 3767 1345 3839 ὑπόμεινον,
1390 3765 1484 3820 καὶ
1531 3764 1651 3836 ὕψει
1693 3763 1787 3818 τοῦ

195 3858 340 3913 Θεοῦ
371 3860 444 3913 τὰ
457 3859 766 3931 μεγαλεῖα,
793 3862 894 3934 τὴν
941 3859 1243 3932 ἀντίληψιν,
1293 3859 1390 3930 τὴν
1436 3856 1787 3929 κηδεμονίαν,

195 3953 303 4026 τὴν
323 3953 490 4025 ἄλλην
515 3955 733 4008 ἃπασαν
756 3953 850 4007 ἐπὶ
879 3953 1124 4026 σωτηρίᾳ
1145 3950 1537 4025 πληροφορίαν.
1571 3968 1590 4002 t
1616 3950 1788 4021 Προσ-

130 4098 141 4107 .
196 4045 508 4118 εδεχόμην»
557 4047 686 4120 γάρ,
729 4047 894 4118 φησὶν
923 4047 952 4098 ὁ
993 4045 1265 4118 μακάριος
1305 4045 1467 4118 ἀνὴρ,
1511 4042 1646 4096 «τὸν
1681 4041 1788 4095 σώ-

197 4137 372 4204 ζοντά
405 4156 472 4210 με
500 4139 607 4193 άπὸ
636 4139 986 4211 όλιγοψυχίας
1013 4140 1108 4193 καὶ
1132 4138 1241 4194 ἀπὸ
1277 4136 1607 4206 καταιγίδος.
1636 4155 1655 4188 ι
1695 4135 1788 4206 Μή

199 4246 304 4285 σου
368 4231 566 4302 νικήσῃ
629 4231 872 4302 ρἑϐους
932 4228 1198 4302 ἐπιθυμία
1263 4228 1363 4300 τὴν
1433 4227 1787 4300 προαίρεσινο

200 4341 224 4374 s
267 4319 657 4392 Ῥεμὸασμὺςι
727 4320 837 4394 γὰρ
871 4340 890 4374 t
921 4321 1060 4392 μετά
1101 4319 1418 4389 ἐπιθυμίας,
1468 4317 1788 4391 μεταλλεύει

193 4413 330 4470 νοῦν
359 4413 584 4468 ἄκακον.
606 4432 625 4464 ι
653 4413 847 4468 Πολλοὶ
869 4414 958 4468 διὰ
979 4412 1140 4468 τοῦτο
1171 4411 1490 4484 πειρασμοί.
1523 4408 1696 4467 Φοϐοῦ
1728 4411 1790 4464 τὸ

193 4509 478 4578 πταῖσμα,
507 4506 599 4560 καὶ
634 4507 692 4560 ἑν
722 4505 801 4574 τῷ
833 4505 1030 4577 κελλίῳ
1061 4523 1156 4561 σου
1185 4505 1394 4578 ἑδραῖος
1423 4507 1534 4561 ἔσο.

269 4687 350 4740 Z'.
408 4685 532 4742 Ἐὰν
563 4687 750 4757 φίλους
790 4686 940 4760 ἔχῃς,
977 4687 1146 4758 φεῦγε
1177 4689 1381 4744 τούτων
1412 4688 1511 4754 τὰς
1542 4693 1786 4760 συνεχεῖς

191 4779 531 4850 συντυχίας·
581 4780 671 4835 διὰ
724 4780 938 4854 μακροῦ
988 4783 1100 4855 γὰρ
1152 4783 1336 4847 αὐτοῖς
1399 4784 1786 4855 συντυγχάνων

189 4872 506 4944 εὔχρηστος
551 4871 670 4945 ἔσῃ.
706 4872 832 4928 Ἐάν
874 4873 931 4927 δὲ
960 4874 1056 4930 καὶ
1085 4876 1430 4949 κατανοήσῃς
1459 4875 1549 4930 διὰ
1581 4875 1786 4930 τούτων

191 4963 388 5020 αὐτῶν
442 4964 646 5038 βλάϐην
690 4983 773 5021 σοι
821 4969 1134 5042 γινομένην,
1174 4967 1308 5040 μηδὲ
1357 4969 1494 5033 ὅλως
1539 4969 1787 5044 ἑγγίσῃς.

188 5056 400 5121 Ψίλους
429 5057 537 5130 γὰρ
581 5058 727 5130 ἔχειν
757 5077 816 5114 σε
847 5060 954 5132 χρὴ
994 5063 1121 5125 τοὺς
1155 5061 1468 5133 ὠφελίμους
1516 5063 1611 5117 καὶ
1651 5078 1790 5135 συμ-

190 5149 573 5219 ϐαλλομένους
606 5169 698 5205 σου
731 5155 801 5226 τῇ
835 5155 1102 5226 πολιτείᾳ.
1131 5155 1306 5224 Φεῦγε
1354 5155 1450 5210 καὶ
1480 5155 1590 5210 τῶν
1625 5174 1790 5228 πονη-

192 5241 321 5315 ρῶν
374 5241 583 5314 ἁνδρῶν
629 5245 727 5298 καὶ
776 5245 1030 5318 μαχίμων
1083 5246 1182 5311 τὰς
1229 5247 1546 5318 συντυχίαςο
1601 5248 1791 5320 μηδενὶ

186 5331 414 5388 τούτων
447 5339 804 5413 συνοικήσῃς·
842 5339 980 5392 ἀλλά
1021 5340 1129 5409 γὰρ
1167 5339 1262 5394 κα)⁸
1301 5338 1402 5404 τὰς
1433 5339 1642 5408 φαύλας
1687 5341 1787 5394 αὺ-

185 5422 315 5479 τῶν
369 5424 656 5498 προθέσεις
705 5429 972 5501 παραιτοῦ
994 5447 1008 5462 ·
1052 5429 1176 5485 οὔτε
1232 5432 1342 5506 γάρ
1386 5431 1504 5504 Θεῷ
1560 5449 1785 5504 προσοι-

1889 3223 2000 3280 bile
2053 3222 2375 3294 professioni
2436 3232 2540 3279 tua;
2595 3223 2706 3279 illic
2764 3222 3086 3279 intueberis.
3140 3223 3338 3278 lterum
3391 3223 3469 3276 ait

1889 3323 2146 3372 sanctus:
2179 3333 2199 3367 ι
2235 3312 2354 3370 Vidi
2389 3315 2732 3384 iniquitatem
2773 3323 2828 3370 et
2874 3312 3361 3370 contradictionem
3412 3312 3467 3366 in

1889 3405 2110 3462 civitate
2144 3405 2212 3460 ".
2253 3423 2272 3458 ι
2306 3403 2448 3461 Loca
2484 3419 2616 3476 ergo
2657 3412 2865 3461 secreta
2915 3413 2972 3460 et
3012 3404 3192 3473 quieta
3233 3411 3465 3467 sectare,

1889 3514 2068 3570 neque
2109 3499 2368 3554 formides
2402 3497 2616 3554 illorum
2651 3498 2907 3568 inopiam.
2953 3497 3105 3564 Quod
3131 3497 3174 3552 si
3209 3496 3319 3552 illic
3357 3498 3467 3552 dse-

1889 3605 2110 3648 monum
2139 3599 2354 3662 spectra
2401 3591 2772 3661 apparuerint,
2807 3591 2916 3646 noli
2961 3593 3182 3655 terreri,
3226 3604 3403 3658 neque
3437 3606 3468 3644 a

1889 3682 2066 3739 stadio
2100 3681 2451 3738 emolumenti
2480 3681 2652 3736 nostri
2694 3679 2945 3751 aufugias
2975 3696 2992 3736 :
3026 3679 3306 3735 interritus
3344 3694 3472 3749 per-

1889 3789 2072 3842 mane,
2101 3782 2156 3830 et
2191 3791 2212 3825 t
2256 3773 2522 3843 magnalia
2560 3793 2579 3827 ι
2606 3772 2703 3828 Dei
2735 3773 3037 3843 eonspicies
3065 3772 3112 3804 "
3134 3816 3147 3838 ,
3184 3771 3467 3834 auxilium,

1891 3881 2101 3932 curam,
2133 3865 2502 3936 reliquamque
2529 3879 2745 3920 omnem
2771 3865 2835 3919 de
2856 3862 3030 3918 salute
3058 3862 3464 3933 plenitudinem.

1898 3978 1916 4010 ι
1955 3959 2345 4028 Exspectabam
2365 3975 2385 4009 ι
2418 3956 2588 4019 enim,
2624 3957 2699 4010 ait
2722 3956 2912 4010 beatus
2935 3955 3025 4009 ille
3047 3955 3148 4020 vir,
3179 3971 3199 4004 ε
3223 3966 3345 4008 eum
3376 3953 3470 4023 qui

1891 4051 2101 4106 salvum
2151 4064 2270 4105 me.
2310 4047 2440 4104 fecit
2477 4063 2506 4101 a
2551 4045 2992 4116 pusillanimitate
3045 4043 3270 4113 spiritus
3329 4051 3384 4096 et
3439 4057 3472 4097 a

1893 4150 2213 4212 tempestate
2259 4141 2328 4194 ⁸³.
2366 4158 2385 4192 ι
2439 4136 2754 4208 Vagationis
2802 4135 3128 4192 desiderium
3174 4133 3339 4188 animi
3393 4134 3473 4188 tui

1891 4231 2214 4289 sententiam
2244 4245 2348 4286 non
2382 4229 2603 4284 vincat:
2643 4245 2662 4279 t
2689 4224 3049 4282 inconstantia
3087 4243 3106 4277 ι
3137 4225 3280 4279 enim
3307 4243 3327 4276 ‹
3347 4240 3472 4280 cum

1891 4324 2332 4393 concupiscentia
2369 4364 2386 4390 ,
2470 4320 2786 4377 transvertit
2856 4332 3072 4373 sensum
3135 4316 3251 4372 sine
3316 4317 3474 4370 maii-

1875 4418 1968 4472 ‘tia
2024 4417 2094 4469 “.
2153 4435 2173 4469 ι
2211 4414 2389 4470 Multae
2437 4428 2500 4469 ea
2534 4413 2602 4468 de
2634 4425 2796 4467 causa
2843 4409 3114 4466 exsistunt
3165 4409 3473 4464 contentio-

1897 4525 2012 4566 nes.
2048 4509 2202 4566 Time
2228 4524 2449 4578 casum,
2495 4517 2550 4564 et
2586 4506 2642 4560 in
2688 4504 2825 4561 cella
2873 4512 2963 4558 tua
3010 4501 3220 4559 stabilis
3254 4503 3474 4558 ﬁrmus-

1897 4619 2004 4674 que
2031 4603 2126 4658 sis.

1972 4695 2084 4752 Vil.
2127 4693 2182 4749 Si
2245 4694 2452 4749 amicos
2495 4691 2786 4756 habueris,
2846 4688 3131 4744 continuos
3192 4701 3316 4742 cum
3367 4686 3476 4742 illis

1897 4801 2221 4861 congressus
2257 4786 2419 4859 fuge:
2467 4799 2591 4841 cum
2644 4782 2790 4838 enim
2841 4779 2998 4849 longa
3045 4794 3145 4850 per
3191 4779 3473 4834 intervalla

1896 4881 2192 4937 collocutus
2226 4878 2306 4935 eis
2342 4877 2530 4944 fueris,
2570 4879 2717 4934 utilis
2756 4879 2887 4935 eris.
2935 4878 3036 4934 Sin
3067 4893 3194 4933 vero
3239 4877 3477 4932 senseris

1897 4974 1991 5030 tibi
2022 4989 2118 5045 per
2144 4973 2361 5028 eosdem
2385 4972 2642 5027 damnum
2671 4971 2853 5028 alierri
2874 5013 2890 5039 ,
2940 4971 3247 5027 nullatenus
3278 4985 3476 5041 appro-

1893 5068 2152 5140 pinques.
2193 5065 2330 5121 Nam
2364 5073 2579 5135 oportet
2621 5065 2826 5120 habere
2874 5075 2925 5120 te
2976 5065 3182 5119 amicos
3226 5061 3388 5117 utiles
3421 5070 3478 5114 et

1895 5159 1961 5215 ad
1996 5158 2119 5214 vitae
2147 5166 2255 5212 tua:
2297 5155 2602 5211 institutum
2636 5165 2812 5226 aptos.
2850 5153 2956 5210 Sed
2986 5162 3042 5208 et
3085 5153 3254 5222 fugito
3285 5166 3475 5221 pravo-

1896 5269 2013 5308 rum
2041 5253 2278 5309 virorum
2308 5261 2361 5308 et
2390 5253 2711 5324 pugnacium
2738 5261 3093 5319 congressus;
3125 5261 3251 5300 cum
3281 5245 3472 5298 horum

1895 5344 2044 5401 nullo
2073 5361 2139 5401 ne
2163 5345 2414 5412 habites;
2449 5345 2691 5414 quiuimo
2753 5355 2944 5412 pravas
2972 5338 3185 5394 illorum
3218 5337 3476 5391 intentio-

1899 5451 1996 5494 nes
2045 5437 2300 5509 repudia;
2353 5451 2458 5492 non
2496 5435 2640 5492 enim
2679 5434 2791 5490 Deo
2840 5430 3139 5495 adhaerent,
3192 5439 3370 5496 neque
3423 5425 3475 5478 in

271 5625 326 5662 "
376 5625 568 5687 Matth.
619 5645 754 5697 rm,
784 5631 874 5687 22.
907 5670 920 5678 ο
951 5633 999 5665 ⁸ο
1052 5633 1197 5692 Psai.
1230 5653 1332 5701 LIV,
1376 5639 1430 5694 8.
1507 5639 1550 5671 ⁸¹
1576 5637 1704 5695 ibid.
1740 5638 1799 5694 lii

1902 5639 1949 5671 "
1991 5639 2156 5698 Exod.
2191 5657 2302 5708 x1v,
2334 5641 2422 5698 15.
2481 5639 2548 5728 ,⁸⁸
2574 5641 2721 5698 Psal.
2753 5657 2861 5707 Ltv,
2881 5641 2936 5698 9.
3016 5640 3064 5671 “
3093 5639 3222 5709 Sap.
3260 5654 3336 5702 tv,
3374 5635 3466 5690 i2.

269 5802 396 5878 (58)
432 5803 514 5860 An
546 5808 762 5878 πτωχόν
785 5822 850 5864 ex
877 5808 1190 5866 Theodon?

532 5900 808 5965 Pauor"
856 5903 975 5967 Gn.
1023 5905 1156 5968 XL.

3115 5911 3192 5970 ιο
