3888 6284
441 327 581 386 1259

1565 332 1840 391 PATRES
1874 328 2176 390 EGYPTII
2218 331 2489 392 SECULI
2523 333 2617 390 IV.

3572 336 3695 393 ίΞϐθ

434 465 502 508 eo
547 457 895 522 permanent.
949 449 1166 509 Paciﬁci
1206 448 1455 507 homines
1503 451 1668 508 amici
1720 449 1819 507 tibi
1865 450 2007 515 sint,

2122 445 2399 515 κειῶνται,
2428 448 2554 503 οὔτε
2587 448 2696 519 μὴν
2724 447 3159 519 παραμένουσιν.
3186 444 3415 520 ΙἌνδρες
3443 447 3697 521 εἰρηνικαὶ

436 544 642 601 fratres
672 542 1005 615 spirituales,
1046 543 1239 600 Patres
1269 544 1446 600 sancti
1481 564 1494 600 :
1548 545 1648 600 hos
1677 558 1913 613 namque
1950 557 2018 597 eo

434 635 594 691 modo
618 637 911 709 appellavit
944 637 1227 702 Dominus,
1272 638 1459 693 dicens
1487 652 1503 690 :
1536 655 1557 690 ι
1586 638 1764 693 Mater
1802 651 1919 692 mea
1964 646 2018 691 et

435 727 632 785 fratres
674 729 779 785 mei
810 739 866 785 et
907 739 1093 801 patres
1154 729 1207 785 hi
1242 740 1366 784 sunt
1410 730 1502 800 qui
1545 729 1751 785 faciunt
1779 728 2019 783 volunta-

437 826 543 873 tem
577 819 755 875 Patris
783 820 887 876 mei
927 820 1019 891 qui
1061 821 1114 875 in
1161 820 1314 877 caelis
1354 830 1438 877 est
1457 822 1525 875 ".
1575 840 1595 873 ι
1635 819 1769 876 Cum
1819 820 2019 875 distra-

437 908 541 965 ctis
570 924 665 965 seu
696 911 994 979 negotiosis
1034 910 1142 966 noli
1185 912 1534 980 commorari,
1563 926 1739 983 neque
1784 911 1851 965 ad
1887 924 2019 965 con-

437 1000 640 1054 vivium
674 1015 797 1057 cum
834 1000 963 1070 ipsis
993 1016 1214 1072 pergas;
1248 1016 1315 1057 ne
1353 1011 1405 1059 te
1441 1002 1623 1058 forsan
1675 1002 1743 1057 ad
1768 1016 1895 1056 suas
1923 1000 2017 1056 de-

431 1092 710 1161 ceptiones
764 1094 1004 1160 trahant,
1059 1103 1115 1150 et
1153 1107 1184 1148 a
1236 1093 1438 1151 silentii
1497 1093 2016 1165 tranquillitatisque

432 1186 713 1255 disciplina
757 1187 1075 1245 abducant:
1113 1188 1204 1244 hic
1232 1197 1317 1244 est
1360 1203 1594 1259 namque
1638 1189 1691 1243 in
1734 1187 1841 1243 illis
1882 1185 2016 1243 al'fe-

436 1288 574 1335 ctus.
609 1277 689 1335 Ne
726 1280 968 1337 declines
1002 1297 1188 1338 aurem
1219 1292 1384 1346 tuam,
1405 1282 1471 1337 ad
1502 1296 1691 1338 eorum
1713 1295 2013 1348 sermones,

438 1387 618 1440 neque
642 1387 800 1429 sensa
833 1375 1015 1430 cordis
1071 1389 1259 1430 eorum
1293 1374 1569 1429 admittas.
1620 1371 1754 1428 Nam
1806 1387 1865 1428 re
1888 1387 2015 1428 vera

430 1462 581 1517 noxii
618 1472 763 1519 sunt.
809 1464 890 1519 Ad
922 1464 1107 1521 ﬁdeles
1156 1475 1312 1520 terrm
1347 1465 1420 1521 sit
1455 1464 1548 1520 tibi
1584 1464 1934 1529 desiderium,
1961 1473 2018 1519 ot

431 1552 586 1608 labor
631 1554 811 1611 cordis
859 1559 936 1611 tul
998 1557 1078 1627 .in
1126 1558 1525 1613 aemulationem
1572 1556 1750 1612 luctus
1802 1571 2009 1613 eorum.

437 1664 455 1697 ι
488 1644 641 1700 Oculi
681 1665 700 1699 ι
738 1648 884 1702 enim
930 1666 949 1701 ι
985 1649 1088 1704 mei
1135 1652 1201 1704 ad
1246 1649 1429 1706 ﬁdeles
1475 1657 1658 1713 teme,
1697 1655 1757 1703 ut
1788 1649 2017 1704 sedeant

430 1738 532 1807 ipsi
568 1754 776 1795 mecum
825 1740 893 1795 ".
944 1759 963 1792 ι
1005 1740 1206 1809 Quodsi
1261 1743 1531 1813 quispiam
1600 1757 1670 1797 cx
1712 1741 1780 1797 iis
1811 1742 1903 1812 qui
1927 1755 2015 1798 se-

429 1830 664 1886 cundum
704 1830 1028 1887 charitatem
1056 1832 1149 1888 Dei
1182 1833 1460 1899 incedunt,
1493 1833 1561 1888 ad
1591 1842 1644 1889 te
1675 1834 1920 1898 veniens,
1948 1834 2015 1888 ad

429 1923 861 1979 manducandum
912 1934 962 1979 te
1035 1924 1376 1992 invitaverit,
1454 1941 1521 1981 ac
1570 1925 1807 1982 volueris
1849 1928 2014 1997 proﬁo

429 2012 582 2080 oisci,
641 2013 985 2093 proﬁciscere
1038 2015 1280 2086 quidem,
1331 2016 1424 2072 sed
1469 2017 1581 2072 cito
1631 2026 1908 2073 revertere
1946 2019 2013 2073 ad

433 2104 626 2163 cellam
670 2114 838 2161 tuam.
875 2106 934 2161 Si
967 2105 1082 2163 ﬁeri
1122 2117 1323 2177 potest,
1360 2116 1514 2163 extra
1537 2124 1657 2163 eam
1688 2124 1755 2165 ne
1780 2109 2015 2167 dormie-

437 2199 514 2255 ris
553 2213 823 2269 unquam;
868 2207 928 2254 ut
959 2199 1012 2254 in
1054 2209 1105 2255 te
1143 2213 1360 2270 semper
1397 2209 1616 2256 maneat
1656 2201 1856 2271 quietis
1888 2215 2015 2271 gra-
2068 2232 2069 2235 η

432 2291 535 2358 tia;
570 2299 624 2346 et
651 2288 809 2359 hujus
839 2290 1101 2361 propositi
1132 2289 1334 2347 cultum
1376 2290 1582 2363 absque
1622 2292 2013 2363 impedimento

428 2382 709 2440 retinebis.

497 2563 634 2619 Vill.
666 2562 780 2620 Non
814 2564 890 2620 sis
908 2564 1185 2621 lautorum
1215 2566 1458 2623 ciborum
1489 2567 1739 2637 cupidus,
1767 2582 1867 2625 nec
1892 2569 2012 2625 ille-

426 2656 601 2712 cebras
634 2655 966 2712 deliciarum.
1005 2675 1023 2709 r
1051 2656 1187 2713 Nam
1220 2673 1340 2729 quae
1374 2659 1428 2715 in
1459 2659 1671 2716 deliciis
1690 2670 1797 2728 est,
1821 2662 2010 2719 vivens

429 2762 637 2806 mortua
686 2760 834 2817 est,»
887 2752 1343 2822 quemadmodum
1396 2754 1473 2809 ait
1512 2754 1803 2826 Apostolus
1822 2756 1888 2810 ⁸⁷.
1931 2754 2010 2810 Ne

427 2841 563 2896 cibis
593 2849 977 2897 extraneorum
1022 2842 1312 2899 satiaveris
1353 2853 1600 2899 ventrem
1642 2854 1817 2911 tuum,
1845 2852 1908 2900 ut
1938 2857 2007 2900 ne

426 2931 520 2987 tibi
548 2946 736 2988 eorum
766 2933 1033 3003 cupiditas
1061 2935 1336 3002 obveniat,
1366 2946 1532 3008 atque
1557 2936 1882 3000 desiderium
1907 2952 2004 2993 ex-

427 3034 704 3079 ternarum
747 3038 1056 3081 mensarum
1111 3025 1329 3083 inferat.
1378 3027 1589 3084 Dictum
1624 3029 1823 3100 quippe
1859 3028 2001 3085 fuit:

429 3133 449 3166 ι
481 3113 558 3169 Ne
591 3114 866 3171 seducaris
893 3117 1175 3173 saturitate
1199 3118 1522 3173 ventris'h
1558 3120 1710 3186 Quod
1758 3120 1802 3175 si
1836 3130 1889 3174 te
1920 3121 2005 3175 vi-
2034 3158 2079 3218 α

424 3207 570 3264 deris
586 3208 799 3264 assidue
818 3216 970 3265 extra
994 3209 1184 3266 cellam
1211 3220 1356 3266 tuam
1377 3212 1583 3278 vocari,
1602 3227 1809 3269 recusa.
1832 3212 2005 3269 Noxia

423 3295 566 3352 enim
594 3306 680 3354 est
708 3298 963 3352 continua
1005 3306 1159 3353 extra
1194 3301 1387 3355 cellam
1434 3310 1579 3355 tuam
1612 3306 2004 3371 commoratio;

424 3388 652 3459 gratiam
688 3386 885 3455 aufert,
925 3387 1205 3445 obnubilat
1232 3390 1597 3459 prudentiam,
1631 3392 1887 3448 arderem
1920 3408 2006 3449 re-

422 3477 821 3549 stinguit.Vide
844 3478 977 3535 mihi
1010 3479 1209 3536 dolium
1235 3480 1366 3547 vini,
1394 3482 1536 3551 quod
1563 3482 1733 3538 multo
1763 3493 2007 3553 tempore

424 3571 476 3624 in
513 3570 699 3627 eodem
730 3569 850 3627 loco
878 3574 1112 3639 exstitit,
1143 3584 1432 3643 manetque
1466 3573 1869 3641 inconcussum,
1897 3589 2006 3645 quo

421 3671 583 3732 pacto
613 3661 796 3717 vinum
832 3663 1020 3719 reddat
1069 3664 1430 3734 splendidum,
1466 3665 1736 3733 sedatum,
1769 3666 2007 3722 odorife-

425 3767 580 3819 rum;
616 3761 801 3808 contra
849 3754 894 3808 si
952 3754 1060 3810 huc
1105 3755 1339 3826 illucque
1371 3756 1804 3825 circutnl’eratur,
1836 3759 2007 3815 turbi-

424 3844 572 3909 dum,
608 3844 878 3909 tetricum,
915 3859 1132 3901 omnem
1163 3847 1323 3920 simul
1350 3862 1418 3903 ex
1445 3849 1593 3905 faecis
1624 3848 1754 3904 vitio
1783 3860 2006 3905 contra-

423 3944 565 3990 ctam
611 3935 1059 4008 injucunditatem
1106 3938 1388 3994 exhibens.
1447 3940 1580 3995 Cum
1632 3940 1736 3996 hoc
1786 3956 1918 4013 ergo
1951 3952 2004 3997 te

422 4027 598 4097 ipsum
629 4027 930 4095 conferens,
970 4030 1117 4100 quod
1167 4031 1286 4085 usui
1323 4043 1406 4086 est
1450 4032 1721 4099 experire,
1747 4033 2004 4088 abscinde

424 4117 712 4173 multorum
735 4117 984 4185 allectus,
1008 4132 1075 4173 ne
1098 4134 1254 4175 mens
1287 4127 1377 4176 tua
1407 4121 1763 4188 distrahatur,
1780 4132 1833 4177 et
1856 4125 2004 4192 quie-

422 4209 494 4267 tis
527 4211 745 4267 modum
771 4214 1076 4268 conturbet.
1110 4211 1336 4283 Operari
1376 4213 1629 4270 manibus
1658 4230 1810 4282 cura,
1844 4216 2006 4287 idque

418 4316 522 4374 pro
561 4303 768 4360 viribus
804 4305 893 4361 die
933 4320 999 4361 ac
1050 4314 1228 4372 nocte,
1276 4321 1343 4362 ne
1397 4322 1556 4378 quem
1606 4323 1823 4377 graves,
1872 4310 2003 4380 quin

421 4397 601 4468 potius
625 4397 745 4454 aliis
777 4397 1006 4467 tribuas,
1030 4400 1485 4469 quemadmodum
1512 4402 1760 4458 hortatur
1781 4417 1846 4458 ac
1870 4403 2005 4459 dicit

2121 540 2364 596 ἔστωσαν
2396 541 2540 611 φίλοι
2595 556 2709 605 σοι,
2763 537 2984 608 ἀδελφοὶ⁴
3030 540 3416 610 πνευματικοὶ,
3470 540 3700 612 Πατέρες

2123 631 2292 700 ἅγιοι.
2336 631 2575 696 Τούτους
2620 631 2734 703 γὰρ
2783 629 2957 694 οὕτως
3013 629 3110 684 καὶ
3134 630 3165 683 6
3205 630 3409 703 Κύριος
3443 631 3698 686 ἀπεκάλει

2120 722 2327 794 λέγων·
2362 744 2381 776 ι
2404 726 2604 797 Μήτηρ
2641 741 2743 795 μου
2786 724 2882 779 καὶ
2920 722 3142 793 ἀδελφοί
3191 741 3291 795 μου
3334 725 3431 779 καὶ
3476 725 3702 797 πατέρες

2118 808 2264 871 οὗτοί
2295 817 2453 883 εἰσιν,
2482 820 2532 871 oi
2559 815 2840 880 ποιοῦντες
2871 815 2933 869 τὸ
2962 816 3174 888 θέλημα
3219 813 3314 868 τοῦ
3345 815 3566 886 Πατρός
3608 834 3701 888 μου

2118 906 2214 962 τοῦ
2263 909 2321 963 έν
2366 910 2481 972 τοῖς
2535 909 2810 980 οὐρανοῖς.
2840 927 2860 960 ι
2924 906 3078 961 Μετὰ
3141 909 3582 979 περισπωμένων
3634 909 3701 981 μὴ

2123 997 2467 1064 συναυλίζου,
2512 998 2650 1069 μηδὲ
2695 998 3082 1069 συμπορευθῇς
3129 998 3205 1060 είς
3250 998 3555 1068 συμπόσιον
3597 1000 3701 1068 μετ’

2118 1090 2333 1144 αὐτῶν·
2368 1090 2581 1163 μήποτέ
2616 1107 2677 1144 σε
2714 1091 2845 1162 περὶ
2894 1090 2995 1154 τὰς
3026 1089 3235 1143 ἑαυτῶν
3286 1089 3505 1152 ἀπάτας
3557 1089 3702 1143 έλκύ-

2121 1201 2278 1247 σωσι,
2307 1185 2402 1237 καὶ
2432 1184 2535 1255 τῆς
2564 1184 2706 1239 κατά
2733 1184 2832 1256 τὴν
2878 1183 3120 1255 ἡσυχίαν
3158 1186 3470 1255 ἐπιστήμης
3505 1184 3704 1252 ἀπαγά-

2118 1293 2288 1346 γωσιν
2310 1293 2323 1306 ·
2370 1276 2489 1331 ἔστι
2530 1277 2640 1349 γὰρ
2671 1277 2733 1331 τὸ
2759 1276 2930 1340 πάθος
2965 1276 3125 1330 τοῦτο
3162 1279 3221 1330 ὲν
3250 1278 3434 1341 αὐτοῖς
3456 1295 3471 1306 ·
3503 1278 3579 1348 μὴ
3620 1280 3704 1330 έκ-

2117 1368 2305 1439 κλίνης
2346 1367 2409 1421 τδ
2440 1363 2535 1432 οὖς
2569 1386 2663 1423 σου
2700 1370 2781 1433 είς
2810 1368 2936 1432 τοὺς
2988 1367 3184 1437 λόγους
3233 1369 3434 1433 αὐτῶν,
3486 1371 3583 1422 καὶ
3632 1372 3706 1424 ἐν·

2117 1461 2266 1525 νοίας
2316 1461 2542 1533 καρδίας
2581 1461 2760 1516 αὐτῶν
2807 1461 2881 1533 μὴ
2914 1462 3216 1536 παραδέξῃ.
3257 1463 3380 1515 Εἰσὶ
3407 1462 3519 1534 γὰρ
3541 1463 3703 1526 ὅντως

2119 1549 2439 1623 ἐπιζήμιοι..
2469 1550 2593 1605 Ἐπὶ
2633 1553 2761 1616 τοὺς
2808 1554 3033 1617 πιστοὺς
3078 1553 3179 1624 τῆς
3223 1554 3328 1624 γῆς
3373 1553 3516 1606 ἔστω
3565 1570 3647 1605 σοι
3677 1554 3703 1605 6

2126 1642 2311 1706 πόθος,
2354 1643 2449 1697 καὶ
2471 1645 2501 1698 6
2533 1643 2693 1708 πόνος
2734 1629 2831 1715 τῆς
2864 1645 3090 1717 καρδίας
3125 1661 3219 1698 σου
3275 1646 3355 1707 είς
3386 1644 3551 1716 ζῆλον
3584 1645 3705 1698 πέν-

2119 1734 2246 1799 θους
2261 1734 2459 1790 αὐτῶν.
2485 1754 2504 1787 ι
2524 1736 2587 1789 Oi
2608 1735 2876 1807 ὀφθαλμοί
2900 1753 3001 1807 μου
3026 1754 3046 1788 ι
3066 1735 3176 1806 γάρ
3198 1734 3323 1789 (ἐπὶ
3337 1738 3467 1799 τοὺς
3488 1737 3704 1799 πιστοὺς

2120 1828 2221 1898 τῆς
2260 1829 2385 1900 γῆς,
2412 1829 2509 1883 τοῦ
2541 1827 2918 1901 συγκαθῆσθαι
2947 1830 3148 1893 αὐτοὺς
3188 1831 3306 1900 μετ’
3329 1829 3489 1898 ἐμοῦ.
3516 1846 3534 1880 ι
3586 1826 3704 1882 Ἐὰν

2120 1917 2178 1972 δέ
2203 1937 2289 1983 τις
2329 1921 2424 1973 καὶ
2464 1919 2574 1974 τῶν
2601 1920 2742 1974 κατά
2779 1920 2880 1992 τὴν
2913 1920 3135 1993 ἀγάπην
3170 1920 3266 1974 τοῦ
3302 1920 3441 1974 Θεοῦ
3484 1936 3705 1991 πορευοα

2124 2012 2321 2083 μένων,
2364 2012 2535 2068 ἐλθὼν
2565 2015 2703 2088 πρὸς
2730 2013 2791 2067 σὲ
2836 2015 2930 2068 ἐπὶ
2961 2014 3023 2068 τὸ
3049 2016 3244 2085 φαγεῖν
3268 2010 3706 2084 προσκαλέσηταί

2122 2120 2202 2169 σε,
2244 2106 2341 2159 καὶ
2374 2105 2549 2170 θέλεις
2577 2106 2829 2175 ὑπάγειν,
2868 2105 3047 2175 ὕπαγε
3080 2106 3200 2176 μὲν,
3231 2105 3420 2182 τάχιον
3447 2104 3507 2158 δὲ
3544 2105 3605 2157 ὲν
3635 2102 3707 2174 τῷ

2120 2196 2323 2268 κελλίῳ
2353 2214 2449 2252 σου
2487 2198 2817 2270 ὐπόστρεφε.
2855 2198 2918 2252 Ei
2946 2197 3187 2263 δυνατὸν,
3214 2196 3373 2261 ὲκτὺς
3399 2196 3597 2251 τούτου
3633 2196 3707 2267 μὴ

2118 2291 2461 2367 καθευδήσῃς
2489 2292 2647 2347 ποτέ·
2677 2292 2764 2346 Eva
2796 2292 3090 2356 διαπαντός
3129 2309 3212 2345 σοι
3248 2290 3568 2363 παραμείνῃ
3609 2291 3709 2362 τῆς

2118 2386 2348 2456 ἡσυχίας
2386 2388 2420 2457 ἡ
2456 2385 2639 2459 χάρις,
2667 2385 2764 2440 καὶ
2790 2388 2891 2457 τῆς
2919 2387 2977 2440 έν
3014 2383 3165 2457 αὐτῷ
3193 2385 3508 2458 προθέσεως
3542 2386 3710 2454 ἀνεμ-

2119 2477 2367 2532 πόδιστον
2396 2476 2540 2542 ἕξεις
2568 2476 2668 2548 τὴν
2702 2478 2978 2549 λατρείαν.

2187 2568 2374 2642 Η’.Μὴ
2394 2569 2544 2639 γίνου
2567 2569 2911 2643 ἐπιθυμητὴς
2932 2569 3236 2642 βρωμάτων
3257 2569 3461 2635 καλῶν,
3494 2571 3587 2622 καὶ
3601 2568 3709 2622 τῶν

2118 2663 2267 2718 κατά
2303 2665 2403 2735 τὴν
2449 2664 2731 2736 σπατάλην
2767 2663 3015 2717 ἀπατῶν.
3059 2681 3077 2715 ι
3116 2663 3179 2716 Ἠ
3210 2663 3322 2734 γὰρ
3353 2661 3706 2725 σπαταλῶσα,

2116 2760 2266 2826 ζῶσα
2287 2758 2569 2831 τέθνηκεν,
2604 2758 2715 2822 »ὡς
2742 2757 2837 2812 καὶ
2869 2758 2898 2811 6
2936 2756 3259 2820 Ἀπόστολός
3279 2773 3433 2827 φησι.
3460 2756 3553 2826 Μὴ
3586 2772 3711 2827 χορ-

2114 2853 2283 2925 τάσῃς
2312 2851 2411 2924 τὴν
2444 2850 2650 2905 κοιλίαν
2693 2867 2788 2903 σου
2836 2850 2895 2903 ὲν
2944 2848 3229 2921 βρώμασιν
3270 2847 3599 2920 ἀλλοτρίων,
3622 2848 3709 2901 ἶνα

2117 2942 2191 3015 μὴ
2224 2941 2388 3007 πόθος
2418 2958 2499 2995 σοι
2527 2941 2732 2995 τούτων
2756 2941 3004 3013 γένηται,
3031 2941 3123 2993 καὶ
3152 2940 3280 3012 περὶ
3313 2940 3415 3004 τὰς
3439 2939 3549 3006 ἔξω
3575 2955 3709 3011 τρα-

2112 3033 2286 3099 πέζας
2319 3035 2597 3106 ἐμποιήσῃ
2630 3050 2712 3087 σοι
2743 3033 2836 3088 τὸν
2870 3032 3054 3087 πόθον.
3104 3034 3335 3105 Εἴρηται
3377 3032 3492 3105 γάρ
3512 3050 3528 3063 '
3572 3050 3593 3084 ι
3617 3031 3706 3103 Μὴ

2113 3126 2394 3182 άπατᾶσθε
2444 3125 2708 3197 χορτασίᾳ
2761 3124 3022 3189 κοιλίας.»
3066 3125 3190 3179 Ἐὰν
3235 3125 3294 3179 δὲ
3341 3125 3438 3178 κα)⁵
3470 3124 3707 3195 συνεχῶς

2111 3219 2216 3285 ἔξω
2242 3217 2336 3273 τοῦ
2365 3218 2576 3272 κελλίου
2613 3236 2707 3273 σου
2739 3218 2911 3293 θεάσῃ
2946 3219 3171 3274 σεαυτὸν
3198 3218 3705 3291 προσκαλούμενον,

2110 3309 2404 3382 παραιτοῦ.
2458 3311 2618 3365 Ἔστι
2651 3309 2761 3383 γάρ
2794 3310 3086 3382 ἐπιζήμιος
3124 3312 3158 3383 ἡ
3194 3310 3299 3378 ἔξω
3345 3311 3443 3364 τοῦ
3492 3311 3706 3365 κελλίου

2111 3420 2207 3456 σου
2240 3403 2470 3475 συνεχὴς
2507 3402 2792 3475 διατρι6ή’
2831 3404 3144 3475 ἀφαιρεῖται
3172 3403 3269 3475 τὴν
3304 3403 3488 3475 χάριν,
3528 3404 3709 3459 exoro!

2106 3496 2170 3550 τὸ
2216 3497 2493 3568 φρόνημα,
2532 3496 2787 3567 μαραίνει
2820 3496 2912 3550 τὸν
2946 3497 3131 3551 πόθον.
3170 3497 3275 3551 Ἴδε
3312 3515 3405 3568 μοι
3439 3497 3709 3569 κεράμων

2107 3589 2251 3645 οῐνου
2281 3589 2529 3643 πλεῖστον
2558 3588 2881 3662 έγχρονίσαν
2929 3591 2987 3643 έν
3015 3589 3094 3661 τῷ
3123 3589 3295 3659 τόπῳ,
3325 3589 3421 3642 καὶ
3450 3589 3708 3660 κείμενον

2107 3681 2425 3749 ἀσάλευτον,
2461 3680 2581 3745 πῶς
2628 3681 3042 3753 παρασκευάζει
3095 3681 3184 3735 τὸν
3235 3675 3378 3734 οἶνον
3426 3682 3707 3753 λαμπρὸν,

2107 3773 2530 3845 καθιστάμενον,
2565 3772 2770 3846 εὐώδηο
2802 3774 2897 3827 ἐὰν
2926 3773 2984 3827 δὲ
3015 3764 3119 3826 ὧδε
3150 3773 3375 3826 κάκεῖσε
3402 3775 3709 3844 229247.691;-

2105 3882 2219 3928 ται,
2248 3863 2679 3936 τεταραγμένον,
2711 3866 2959 3935 στυγνὸν,
2992 3867 3174 3936 πάσης
3202 3864 3339 3935 ὁμοῦ
3368 3867 3471 3937 τῆς
3515 3867 3583 3920 ὲκ
3614 3867 3708 3937 τῆς

2106 3955 2336 4029 τρυγίας
2368 3955 2566 4021 κακίας
2603 3956 2701 4028 τὴν
2737 3957 2929 4027 ἀηδίαν
2974 3957 3437 4029 ἐπιδεικνύμενον.
3467 3958 3705 4030 Τοιγαρ-

2105 4047 2199 4101 οῦν
2224 4046 2400 4119 τούτῳ
2430 4049 2891 4121 παραπλησιάσας
2932 4050 3179 4116 σεαυτὸν,
3229 4050 3409 4122 πειρῶ
3432 4050 3539 4123 τῆς
3566 4053 3705 4120 ὡφε-

2105 4138 2463 4205 λείας,κόπτε
2492 4140 2600 4195 τῶν
2628 4140 2838 4195 πολλῶν
2872 4141 2971 4206 τὰς
3006 4143 3240 4213 σχέσεις,
3274 4143 3348 4214 μή
3388 4160 3486 4196 σου
3523 4145 3555 4196 6
3585 4143 3710 4207 νοῦς

2106 4230 2541 4303 περισπαστικὸς
2572 4231 2685 4303 (59)
2743 4232 2989 4305 γένηται,
3039 4234 3134 4287 καὶ
3182 4234 3272 4288 τὸν
3318 4235 3423 4306 τῆς
3474 4235 3711 4307 ἡσυχίας

2105 4319 2313 4393 ταράξῃ
2333 4320 2555 4392 τρόπον.
2591 4321 2887 4393 Ἑργασίας
2908 4322 3108 4395 χειρῶν
3130 4322 3406 4393 φρόντιζε,
3434 4326 3532 4378 καὶ
3552 4325 3713 4379 τοῦτο

2107 4412 2259 4477 αὐτὸ,
2305 4414 2353 4466 εί
2393 4412 2637 4477 δυνατὸν,
2672 4413 2867 4477 νυκτὸς
2904 4414 3003 4467 καὶ
3051 4413 3284 4486 ἡμέρας,
3338 4414 3480 4486 πρὸς
3528 4416 3595 4470 τὸ
3634 4417 3711 4488 μὴ

421 4504 577 4546 sacer
604 4490 878 4560 apostolus
908 4491 1183 4559 Paulus”;
1213 4501 1274 4549 ut
1320 4493 1374 4548 in
1415 4509 1484 4549 eo
1521 4495 1685 4550 etiam
1717 4495 1861 4551 tredii
1894 4497 2003 4552 dat-

2114 4503 2442 4576 ἐπιϐαρῆσαί
2472 4521 2614 4571 τινα,
2651 4504 2852 4576 μᾶλλον
2897 4505 2954 4559 δὲ
2996 4506 3090 4559 καὶ
3125 4507 3206 4570 είς
3237 4506 3299 4560 τὸ
3337 4508 3711 4579 μεταδιδόναι,

422 4592 635 4633 monem
665 4578 870 4644 vincas,
895 4589 1229 4650 caeterasque
1258 4597 1448 4639 omnes
1482 4583 1651 4639 hostis
1681 4584 2003 4654 cupiditates

426 4669 649 4724 avellas.
681 4670 906 4740 Adiacet
938 4671 1080 4727 enim
1130 4673 1359 4744 pigritia:
1405 4673 1546 4728 taedii
1576 4676 1807 4741 daemon,
1839 4686 2001 4747 atque

423 4762 481 4817 in
526 4762 800 4817 desideriis
833 4772 934 4829 est,
976 4764 1116 4819 sicut
1159 4766 1418 4836 inquit“.
1454 4766 1784 4825 Traditionis
1816 4778 1869 4824 et
1907 4786 2000 4825 ac-

419 4853 683 4924 ceptionis
713 4863 991 4924 peccatum
1035 4855 1279 4926 effugias.
1324 4859 1451 4915 Sive
1479 4874 1606 4930 ergo
1636 4864 1846 4928 vendis,
1882 4864 1998 4920 sive

415 4947 577 5013 emis,
612 4962 799 5019 parum
830 4957 880 5004 te
919 4950 986 5005 de
1017 4949 1166 5020 justo
1194 4952 1367 5020 pretio
1397 4951 1607 5020 frauda,
1633 4968 1701 5009 ne
1734 4957 1787 5010 in
1817 4971 1998 5013 mores

417 5038 642 5093 nimium
674 5048 894 5097 exactos
924 5049 1017 5095 aut
1049 5056 1177 5112 erga
1215 5043 1448 5113 pretium
1483 5044 1618 5101 lucri
1650 5047 1875 5117 cupidos
1906 5048 1992 5103 in-

414 5129 633 5197 ductus,
656 5132 723 5186 ad
749 5133 942 5189 noxias
970 5133 1166 5189 anima:
1196 5149 1385 5190 causas
1418 5136 1656 5205 decidas,
1695 5141 1996 5197 contentio-

415 5233 559 5285 nem,
598 5221 918 5291 perjurium,
962 5237 1058 5291 per
1097 5223 1366 5279 sermonis
1395 5224 1469 5279 tui
1498 5229 1989 5297 permutationem;

415 5318 577 5379 atque
607 5312 657 5365 in
692 5312 758 5367 iis
803 5315 1168 5368 venerandam
1200 5314 1432 5371 instituti
1465 5319 1636 5375 nostri
1672 5319 1987 5392 dignitatem

413 5401 736 5459 contumelia
766 5413 819 5459 et
845 5404 1136 5474 ignominia
1168 5404 1387 5464 aﬁicias.
1442 5408 1519 5465 Eo
1560 5411 1720 5467 modo
1752 5413 1867 5485 ipse
1895 5429 1987 5473 co-

481 5558 530 5645 ξ’
554 5558 869 5645 Μοιιῑιᾴιιιιι,
1073 5564 1116 5596 ⁸⁸
1150 5563 1290 5619 Psal.
1327 5581 1378 5645 ς,
1424 5566 1477 5622 6.
1554 5569 1601 5601 ⁸⁷
1643 5567 1666 5625 l
1696 5567 1838 5628 Tim.
1868 5587 1924 5645 ν,
1952 5575 2004 5631 6.

413 5627 607 5698 Ephes.
640 5645 716 5696 ιν,
741 5630 831 5686 28.
910 5634 955 5664 °°
986 5633 1145 5688 Prov.
1174 5651 1297 5703 λιιι,
1326 5627 1380 5691 4.
1432 5712 1441 5717 _

483 5783 592 5855 (59)
628 5786 711 5840 Al.
742 5793 1145 5859 περιστατικός.

2110 4596 2361 4669 καθάπερ
2386 4598 2481 4651 καὶ
2508 4601 2768 4671 παραινεῖ
2791 4598 2964 4668 λέγων
2989 4600 3018 4654 6
3049 4599 3194 4671 ἱερὸς
3222 4600 3527 4666 ἀπόστολος
3562 4602 3713 4657 Παῦο

2107 4689 2229 4756 λος*
2264 4690 2353 4745 ἴνα
2382 4689 2446 4761 δὴ
2492 4691 2588 4744 καὶ
2617 4691 2676 4743 έν
2704 4689 2876 4761 τούτῳ
2912 4692 3004 4746 τὸν
3035 4694 3138 4764 τῆς
3183 4693 3415 4765 άκηδίας
3448 4713 3714 4749 καταπασ

2106 4778 2301 4851 λαίσῃς
2336 4779 2588 4849 δαίμονα,
2620 4783 2715 4835 καὶ
2741 4781 2842 4846 τὰς
2879 4782 3046 4846 ἄλλας
3077 4784 3257 4846 πάσας
3281 4783 3589 4855 ἐπιθυμίας
3614 4783 3712 4838 τοῦ

2108 4870 2301 4943 ἐχθροῦ
2335 4870 2545 4944 διάρῃς.
2596 4873 2902 4928 Ἐπίκειται
2933 4874 3041 4947 γὰρ
3071 4877 3137 4947 τῇ
3179 4876 3348 4947 ἀργίᾳ
3373 4877 3403 4929 6
3437 4874 3546 4947 τῆς
3572 4879 3712 4946 ἁκηο

2105 4961 2224 5026 δίας
2276 4961 2507 5034 δαίμων,
2539 4964 2633 5017 καὶ
2684 4966 2755 5018 ὲν
2782 4966 3126 5036 ἐπιθυμίαις
3145 4966 3341 5031 ἐστὶν,
3393 4965 3473 5029 ὥς
3509 4983 3707 5039 φησιν.

2117 5053 2453 5118 Ἀποδόσεως
2496 5058 2590 5111 καὶ
2616 5056 2831 5129 λήψεως
2863 5060 2963 5112 οὐκ
2994 5059 3107 5129 (60)
3143 5055 3382 5130 ἐκφεύξῃ
3398 5061 3711 5132 ἁμαρτίαν.

2105 5143 2231 5199 Εἴτε
2258 5142 2353 5201 οὖν
2390 5148 2610 5215 πωλεῖς,
2650 5150 2759 5204 εἴτε
2790 5151 3107 5223 ἀγοράζεις,
3134 5154 3332 5225 μικρόν
3360 5172 3414 5207 τι
3458 5156 3562 5211 τοῦ
3588 5159 3711 5210 ἴσου

2102 5237 2381 5311 ζημίωσον
2422 5243 2682 5297 σεαυτόν
2721 5243 2796 5317 μὴ
2844 5248 2957 5308 τοῖς
2999 5248 3121 5298 κατ’
3168 5246 3458 5318 ἀκρίϐειαν
3510 5248 3545 5319 ἦ
3591 5254 3709 5311 τοῖς

2100 5332 2229 5403 περὶ
2257 5332 2359 5405 τὴν
2385 5333 2551 5405 τιμὴν
2578 5334 2951 5407 φιλοκερδείας
2981 5338 3295 5409 ἐπενεχθεὶς
3324 5339 3576 5409 τρόποις,
3607 5340 3706 5392 ἐπὶ

2097 5420 2167 5475 τά
2194 5421 2436 5495 βλαϐερὰ
2471 5425 2582 5479 τῶν
2611 5424 2711 5497 τῆς
2737 5427 2918 5499 ψυχῆς
2949 5428 3141 5482 αἰτιῶν
3168 5430 3518 5501 καταπέσῃς,
3548 5430 3708 5501 φιλο-

2110 5577 2157 5610 ⁵⁸
2177 5577 2335 5635 Prov.
2377 5595 2525 5641 xxiv,
2566 5582 2650 5637 l5.
2733 5584 2779 5617 ⁵³
2809 5583 2830 5639 l
2860 5584 3050 5643 Thess.
3100 5601 3162 5655 ιι,
3211 5587 3269 5653 9,
3298 5598 3354 5643 et
3394 5587 3466 5658 ll,
3505 5605 3589 5654 ιιι,
3632 5588 3704 5655 8;

2173 5802 2284 5873 (60)
2325 5803 2484 5859 Forte
2514 5800 2575 5857 οὐ
2618 5806 2793 5855 vacat.
