3884 6278
209 403 335 461 ιειιι

1042 398 1319 456 Ενιοιιιι
1357 394 1628 454 PONTICI
1668 392 1829 450 BER.
1872 391 2129 450 MONAC.
2171 388 2541 447 RATIONES.

3319 384 3339 437 1
3349 382 3456 438 ειη

208 521 434 578 κικίας,
483 511 789 584 ἐπιορκίας,
823 512 944 576 ταῖς
974 512 1087 566 τῶν
1111 513 1285 583 λὸγων
1314 529 1406 566 σου
1439 509 1780 578 ἐναλλαγαῖς,
1810 558 1817 571 η

1908 510 2089 579 gitans,
2143 508 2195 562 in
2243 506 2528 561 traditione
2569 512 2621 558 et
2665 501 2976 571 acccptione
3016 509 3106 556 tua
3152 499 3456 553 cautionem

207 607 307 661 καὶ
330 608 390 660 ἐν
412 609 526 669 τοῖς
553 604 816 669 τοιούτοις
842 605 942 675 τὴν
972 604 1191 676 ἔντιμον
1215 606 1316 675 τῆς
1349 603 1623 676 ἡμετέρας
1650 618 1784 674 προ⁴

203 698 408 761 θέσεως
434 695 708 769 ἀτιμάσῃς
737 695 833 749 καὶ
878 695 1247 768 καταισχύνῃς
1277 695 1451 763 ἀξίαν.
1480 694 1667 758 οὕτως
1690 692 1786 748 καὶ

203 787 366 851 αὐτὸς
401 785 596 840 ἐννοῶν
628 785 938 850 ἀποδόσεως
965 804 1061 841 σου
1092 786 1187 841 καὶ
1217 783 1430 856 λήψεως
1461 802 1554 839 σου
1589 783 1787 855 φυλάσ-

207 895 322 933 σου.
346 878 409 930 Εἰ
433 877 491 931 δὲ
514 876 577 930 τὸ
603 879 851 948 κρεῖττον
882 877 1035 948 αἱρῇ,
1064 877 1159 930 καὶ
1186 875 1304 929 ἔστι
1334 892 1417 929 σοι
1443 875 1602 929 τοῦτο
1626 864 1792 929 δυναέ

1889 615 2066 656 serva.
2095 597 2200 653 Sed
2231 597 2273 651 si
2304 596 2444 666 quod
2471 594 2662 649 melius
2686 602 2771 649 est
2795 591 3043 662 elegeris,
3070 591 3235 645 idune
3258 589 3455 660 possis,

1891 693 1946 749 in
2001 691 2165 745 alium
2215 690 2377 744 fidum
2413 688 2681 744 hominem
2725 700 2911 740 curam
2949 694 3092 739 tuam
3138 682 3324 751 rejice,
3352 698 3458 752 quo

1891 786 1968 840 ita
1992 784 2166 839 factus
2191 783 2369 838 alacer
2392 789 2446 837 et
2474 779 2813 850 tranquillus,
2837 793 2933 848 spe
2959 779 3095 833 bona
3117 777 3461 847 iucundaque

1874 874 2206 945 .perfruaris.

206 974 318 1036 τὸν,
353 972 446 1026 ἐπὶ
485 970 671 1039 ἕτερόν
712 988 834 1025 τινα
870 970 1058 1026 πιστὸν
1099 971 1268 1041 ἀνδρα
1309 968 1655 1042 παράῤῥιψόν
1683 986 1778 1023 σου
1814 968 1915 1041 τὴν
1978 968 2257 1042 φροντίδα,
2314 968 2465 1032 ὅπως
2495 966 2669 1031 οὓτως
2709 963 2944 1036 εὔθυμος
2978 964 3288 1033 γενόμενος,
3334 978 3464 1034 χρη-

208 1063 341 1125 στάς
370 1063 465 1116 καὶ
492 1064 774 1134 ἐπιχαρεῖς
798 1060 940 1126 ἕξεις
967 1060 1066 1124 τὰς
1092 1061 1333 1125 ἐλπίδας.

280 1154 357 1209 Θν.
388 1154 575 1209 Ταῦτά
603 1172 685 1209 σοι
715 1153 887 1218 οὕτως
926 1156 1211 1225 παραινεῖν
1237 1150 1348 1208 οἶδε
1378 1152 1447 1207 τά
1485 1155 1731 1226 χρήσιμα
1757 1151 1787 1204 δ

206 1247 310 1317 τῆς
335 1246 564 1318 ἡσυχίας
590 1246 808 1319 τρόπος.
840 1246 975 1319 Φέρε
1002 1245 1067 1317 δὴ
1108 1246 1201 1299 καὶ
1229 1245 1338 1300 τῶν
1368 1245 1497 1317 ἐξῆς
1525 1247 1784 1317 ἐπιφεροο

210 1337 389 1409 μένων
436 1338 494 1391 ἐν
546 1337 683 1409 αὐτῇ
733 1336 1072 1408 πραγμάτων
1122 1335 1514 1408 παραθήσομαι
1566 1352 1649 1388 σοι
1693 1335 1787 1389 τὸν

209 1425 369 1481 νοῦν·
412 1427 476 1479 σὺ
503 1425 560 1480 δέ
606 1443 697 1497 μοι
724 1425 910 1490 ἄκουε,
950 1424 1040 1478 καὶ
1084 1424 1229 1477 ποίει
1261 1423 1298 1478 ἃ
1336 1422 1652 1494 ἐντέλλομαί
1683 1439 1784 1476 σοι.

210 1514 586 1587 Καθεζόμενος
620 1517 677 1569 ἐν
725 1514 806 1585 τῷ
851 1513 1049 1584 κελλίῳ
1088 1529 1205 1571 σου.
1251 1512 1527 1582 συνάγαγε
1571 1530 1665 1567 σου
1697 1512 1789 1566 τὸν

212 1607 335 1662 νοῦν
353 1625 366 1639 ·
400 1605 666 1678 μνήσθητι
694 1605 906 1679 ἡμέρας
937 1603 1169 1660 θανάτου
1190 1621 1203 1635 ·
1240 1603 1317 1659 ίδε
1344 1605 1466 1659 τότε
1491 1604 1586 1658 τοῦ
1611 1603 1791 1675 σώμα-

213 1715 304 1761 τος
340 1698 438 1769 τὴν
482 1697 778 1770 νέκρωσιν·
827 1695 998 1750 ἐννόει
1045 1696 1146 1767 τὴν
1189 1697 1507 1769 συμφοράν·
1535 1695 1668 1751 λάϐε
1697 1697 1813 1750 τὸν

214 1788 374 1841 πόνον
390 1806 403 1818 ·
434 1787 745 1857 κατάγνωὼ
773 1785 876 1857 τῆς
905 1789 963 1841 ἐν
984 1786 1063 1857 τῷ
1086 1787 1277 1858 κόσμῳ
1298 1787 1473 1860 τούτῳ
1497 1787 1792 1860 ματαιότη-

212 1895 333 1940 τος·
374 1878 701 1950 ἐπιμέλησαι
726 1876 826 1948 τῆς
853 1892 913 1930 τε
939 1875 1237 1941 ἐπιεικείας
1266 1878 1362 1930 καὶ
1388 1878 1485 1950 τῆς
1517 1879 1754 1949 σπουδῆς
1773 1918 1789 1943 ,

216 1972 304 2025 ἵνα
330 1970 563 2042 δυνηθῇς
590 1968 879 2033 διαπαντὸς
928 1966 1109 2040 μένειν
1144 1970 1212 2040 τῇ
1243 1969 1383 2042 αὐτῇ
1412 1968 1665 2041 προθέσει
1693 1970 1794 2041 τῆς

213 2062 467 2134 ἡσυχίας.
510 2062 605 2116 καὶ
635 2059 710 2133 μὴ
738 2060 1059 2131 ἀσθενήσας.
1091 2059 1374 2132 Μνήσθητι
1405 2059 1462 2114 δὲ
1490 2060 1586 2115 καὶ
1611 2060 1712 2132 τῆς
1736 2062 1796 2114 ἐν

214 2155 296 2226 τῷ
326 2154 429 2228 ᾄδῃ
458 2155 576 2208 νυνὶ
596 2151 982 2215 καταστάσεως
1001 2169 1013 2182 ·
1040 2151 1254 2221 λογίζου
1277 2152 1340 2205 τὸ
1370 2151 1489 2217 πῶς
1519 2151 1627 2223 ἀρα
1660 2152 1797 2206 είσὶν

215 2251 335 2304 ἐκεῖ
360 2249 416 2303 αἱ
443 2246 630 2319 ψυχαὶ,
671 2247 728 2299 ἐν
759 2247 890 2319 ποίᾳ
918 2247 1224 2321 πικροτάτῃ
1262 2250 1440 2319 σιωπῇ
1466 2288 1480 2312 ,
1510 2247 1543 2319 ἢ
1578 2248 1636 2302 ἐν
1661 2245 1798 2318 ποίῳ

215 2339 507 2411 δεινοτάτῳ
549 2333 859 2410 στεναγμῷ,
902 2338 1077 2412 ἡλίκῳ
1121 2338 1328 2412 φόϐῳῆ
1366 2338 1598 2412 ἀγωνίᾳ,
1628 2338 1662 2409 ἢ
1690 2337 1798 2391 τίνι

219 2430 544 2503 προσδοκίᾳ·
585 2429 686 2501 τὴν
727 2430 1002 2485 ἄπαυστον
1062 2430 1276 2501 ὀδύνην,
1325 2429 1388 2484 τὸ
1426 2429 1655 2501 ψυχικὸν
1704 2427 1799 2483 καὶ

217 2524 524 2595 ἀπέραντον
558 2522 809 2594 δάκρυον.
854 2522 1016 2577 Ἀλλά
1061 2524 1156 2577 καὶ
1204 2522 1419 2596 ήμέρας
1449 2522 1800 2586 ἀναστάσεως

221 2617 317 2674 κοιλ⁵
346 2614 739 2688 παραστάσεως
772 2614 1041 2687 μνήσθητι
1071 2614 1171 2685 τῆς
1195 2613 1330 2685 πρὸς
1360 2614 1451 2668 τὸν
1474 2612 1636 2667 Θεὸν·
1672 2628 1802 2682 φαν-

219 2703 388 2770 τάζου
418 2706 480 2757 τὸ
505 2703 735 2775 φοϐερὸν
755 2702 849 2756 καὶ⁹
869 2702 1138 2775 φρικῶδες
1163 2702 1340 2757 ἐκεῖνο
1364 2704 1539 2775 κρῖμα
1557 2719 1571 2734 ·
1596 2702 1698 2770 ἄγε
1722 2703 1802 2766 είς

225 2795 392 2865 μέσον
434 2793 503 2848 τά
547 2792 881 2865 ἀποκείμενα
918 2796 1029 2857 τοῖς
1074 2795 1505 2867 ἁμαρτάνουσιν,
1542 2791 1802 2863 αἰσχύνην

221 2890 325 2960 τὴν
353 2882 681 2941 κατενώπιον
720 2886 856 2939 Θεοῦ
895 2886 988 2939 καὶ
1027 2887 1263 2959 Χριστοῦ
1310 2883 1500 2950 αὐτοῦ,
1532 2884 1803 2954 ἀγγέλων,

224 2974 889 3051 ἀρχαγγέλων,ἐξουσιῶν,
924 2977 1018 3029 καὶ
1046 2977 1261 3045 πάντων
1286 2975 1613 3047 ἀνθρώπων·
1642 2974 1713 3028 τά
1744 2988 1805 3028 τε

225 3070 565 3141 κολαστήρια
590 3069 788 3135 πάντα,
818 3067 879 3122 τὸ
905 3067 1015 3139 πῦρ
1050 3067 1287 3133 αἰώνιον,
1315 3068 1407 3127 τὸν
1434 3064 1693 3137 σκώληκα
1714 3065 1806 3119 τὸν

226 3161 602 3232 ἀτελεύτητον,
631 3162 722 3215 τὸν
749 3160 1042 3233 τάρταρον,
1075 3161 1138 3215 τὸ
1175 3161 1387 3226 σκότος,
1412 3161 1505 3214 τὸν
1540 3160 1634 3213 ἐπὶ
1667 3159 1804 3213 πᾶσι

226 3254 439 3317 τούτοις
477 3253 586 3307 τῶν
632 3253 858 3308 ὀδόντων
887 3252 1151 3324 βρυγμὸν,
1195 3254 1322 3317 τοὺς
1362 3252 1561 3323 φόϐους
1584 3250 1804 3316 καὶτὰς

229 3346 520 3417 βασάνους.
555 3346 690 3414 Ἀγε
726 3342 790 3415 δὴ
831 3344 925 3398 καὶ
954 3342 1021 3397 τά
1057 3347 1169 3408 τοῖς
1201 3344 1432 3408 δικαίοις
1474 3341 1811 3413 ἀποκείμενα

230 3438 432 3508 ἀγαθά,
458 3436 769 3510 παρρησίαν
790 3436 889 3508 τήν
913 3435 1050 3507 μετά
1070 3434 1204 3489 Θεοῦ
1226 3436 1437 3507 Πατρδς
1458 3433 1552 3489 καὶ
1572 3433 1808 3505 Χριστοῦ

231 3532 420 3597 αὑτοῦ,
450 3530 713 3600 ἀγγέλων,
755 3528 1132 3599 ἁρχαγγέλων,
1163 3526 1443 3594 ἐξουσιῶν,
1472 3527 1567 3580 καὶ
1610 3523 1811 3589 παντὸς

232 3624 326 3679 τοῦ
356 3624 551 3695 δήμου,
589 3620 862 3692 βασιλείαν
890 3622 985 3676 καὶ
1025 3620 1095 3675 τά
1133 3620 1336 3690 ταύτης
1368 3618 1688 3691 δωρήματα,
1712 3616 1812 3687 τὴν

234 3714 410 3788 χαρὰν
458 3714 551 3766 καὶ
586 3710 684 3782 τὴν
737 3709 1074 3765 ἀπόλαυσιν·
1131 3708 1408 3779 ἑκατέρων
1458 3705 1662 3760 τούτων
1712 3704 1811 3776 τὴν

237 3809 457 3879 μνήμην
482 3806 582 3873 ἀγε
605 3802 818 3873 σεαυτῴ
841 3820 853 3832 ·
890 3802 984 3857 καὶ
1009 3801 1101 3855 ἐπὶ
1125 3802 1222 3873 μὲν
1247 3803 1314 3872 τῇ
1342 3799 1451 3853 τῶν
1475 3796 1812 3871 ἁμαρτωλῶν

236 3899 414 3971 κρίσει
467 3894 709 3962 στέναζε,
756 3894 977 3966 δάκρυε,
1008 3893 1235 3957 πένθους
1264 3892 1480 3946 ἔνδυσαι
1519 3891 1620 3965 τὴν
1646 3891 1812 3957 ίδέαν,

235 3990 567 4060 φοϐούμενος
601 3988 675 4059 μὴ
701 3987 795 4040 καὶ
827 3987 892 4040 σὺ
933 3986 1094 4049 αὐτὸς
1119 3986 1178 4039 ἐν
1202 3983 1409 4047 τούτοις
1434 3982 1599 4056 γένῃ·
1631 3983 1724 4035 ἐπ)⁵
1756 3981 1815 4036 δέ

237 4079 350 4138 τοῖς
374 4074 600 4137 δικαίοις
621 4074 1004 4149 ἀποκειμένοις
1024 4072 1247 4142 ἀγαθοῖς
1290 4075 1447 4145 χαῖρε
1464 4072 1558 4126 καὶ
1584 4071 1815 4142 ἀγαλλία

240 4169 337 4221 καὶ
370 4167 688 4238 εὐφραίνου·
728 4166 823 4219 καὶ
854 4164 1057 4218 τούτων
1091 4164 1189 4236 μὲν
1233 4164 1531 4219 σπούδασον
1576 4162 1818 4221 ἀπολαῦ-

242 4275 357 4319 σαι,
397 4256 615 4309 ἐκείνων
640 4257 697 4311 δὲ
722 4253 1163 4327 ἀλλοτριοῦσθαι·
1196 4255 1297 4326 ὅρα
1339 4254 1412 4327 μὴ
1440 4253 1670 4327 ἐπιλάθῃ
1696 4253 1819 4307 τού-

237 4366 347 4401 των
383 4346 535 4413 ποτὲ,
565 4346 667 4402 κᾶν
695 4346 842 4400 ένδον
878 4347 934 4399 ἐν
958 4342 1036 4415 τῷ
1061 4342 1258 4415 κελλίῳ
1281 4360 1376 4397 σου
1398 4344 1690 4416 τυγχάνῃς.
1714 4341 1816 4398 κᾶν

239 4440 347 4507 ἔξω
370 4457 493 4506 που,
529 4440 627 4511 τῆς
654 4442 719 4492 ἐκ
755 4437 958 4491 τούτων
988 4435 1207 4508 μνήμης
1239 4433 1313 4506 μὴ
1338 4435 1691 4510 παραρῤίψῃς
1721 4451 1814 4487 σου

1881 1219 1887 1225 ἡ
1964 1150 2058 1206 IX.
2091 1149 2216 1204 Haec
2255 1145 2350 1203 tibi
2396 1159 2462 1202 eo
2510 1154 2671 1217 pacto
2714 1145 2944 1200 suadere
2991 1145 3138 1199 novit
3180 1146 3462 1199 commoda

1896 1242 2088 1299 modus
2113 1239 2330 1310 quietis.
2356 1241 2470 1309 Age
2491 1252 2641 1303 vero,
2686 1239 2850 1293 etiam
2893 1253 3070 1291 rerum
3114 1253 3233 1307 quae
3265 1238 3463 1292 deinde

1894 1334 1949 1388 in
1982 1348 2043 1387 ea
2078 1331 2427 1387 continentur
2472 1344 2691 1386 sensum
2751 1328 2844 1384 tibi
2890 1344 3191 1399 apponam;
3238 1339 3294 1385 tu
3335 1344 3464 1385 vero

1894 1424 2028 1478 mihi
2063 1420 2325 1485 ausculta,
2353 1428 2408 1474 et
2432 1433 2551 1490 qua:
2580 1419 2831 1489 praecipio
2865 1419 2957 1474 tibi
2983 1434 3300 1495 exsequere.
3326 1420 3461 1475 Cum

1894 1517 2051 1571 sedes
2080 1513 2133 1567 in
2164 1511 2295 1567 cella
2330 1520 2440 1578 tua,
2475 1510 2667 1581 collige
2707 1519 2938 1565 mentem
2973 1521 3159 1577 tuam;
3196 1524 3467 1579 memento

1895 1604 2000 1661 diei
2045 1603 2269 1669 mortis;
2322 1600 2448 1657 vide
2491 1610 2620 1656 tunc
2671 1601 2915 1669 corporis
2955 1600 3463 1669 mortiﬁcationem;

1895 1698 2068 1768 cogita
2117 1692 2523 1759 calamitatem;
2555 1691 2795 1748 laborem
2836 1691 3179 1762 doloremque
3208 1706 3464 1758 assume;

1897 1791 2193 1846 condemna
2225 1790 2518 1845 vanitatem
2549 1788 2708 1857 hujus
2733 1787 2947 1853 mundi;
2982 1802 3168 1843 curam
3194 1803 3322 1859 gere
3345 1803 3432 1843 mo

1895 1880 2081 1937 destite
2111 1888 2167 1935 et
2206 1879 2533 1945 sedulitatis,
2566 1888 2621 1934 ut
2674 1880 2849 1950 possis
2886 1893 3106 1934 manere
3152 1893 3368 1949 semper
3412 1880 3465 1933 in

1888 1973 2084 2029 eodem
2113 1972 2308 2041 quieta:
2343 1972 2468 2027 vitae
2508 1972 2805 2042 proposito,
2843 1986 2941 2027 nec
2994 1974 3048 2027 ln
3096 1972 3463 2028 inﬁrmitatem

1899 2064 2127 2119 incidas.
2152 2062 2359 2119 Memor
2389 2079 2605 2134 quoque
2643 2073 2761 2121 esto
2792 2073 2967 2120 status
2996 2067 3276 2133 praesentis
3302 2066 3353 2120 in
3387 2067 3468 2120 in—

1896 2153 2086 2219 ferno;
2127 2163 2315 2224 reputa
2363 2154 2812 2225 quemadmodum
2857 2155 2967 2213 illic
3008 2155 3203 2227 degant
3250 2157 3465 2221 animm,

1900 2246 1953 2301 in
1988 2260 2096 2316 quo
2124 2245 2463 2301 amarissimo
2492 2246 2728 2311 silentio,
2760 2256 2854 2302 aut
2894 2248 2945 2302 in
2977 2263 3085 2318 quo
3114 2248 3465 2305 acerbissime

1899 2338 2124 2409 gemitu,
2161 2337 2215 2390 in
2264 2337 2408 2406 quali
2461 2337 2672 2402 timore,
2721 2340 3015 2404 anxietate,
3064 2342 3469 2409 exspectatione

1899 2442 2131 2499 quanam
2168 2426 2450 2500 :[reputa]
2506 2443 2776 2498 nunquam
2817 2430 3145 2486 desinentem
3205 2432 3468 2495 dolorem,

1901 2521 2171 2592 larrymas
2208 2521 2401 2577 animae
2444 2535 2562 2592 qua:
2589 2520 2694 2576 line
2722 2532 2930 2581 carent.
2965 2523 3069 2581 Sed
3099 2535 3153 2581 et
3185 2528 3470 2584 recordare

1902 2615 2008 2670 diei
2038 2614 2448 2671 resurrectionis
2476 2629 2538 2670 ac
2564 2615 2914 2673 exhibitionis
2946 2617 3128 2672 coram
3160 2618 3303 2688 Deo;
3336 2621 3472 2675 ima-

1902 2704 2091 2774 ginare
2118 2704 2454 2760 tremendum
2489 2712 2544 2759 et
2570 2704 2832 2760 horribile
2861 2705 2990 2761 illud
3016 2706 3313 2776 judicium;
3348 2726 3471 2780 pro-

1906 2794 1986 2851 fer
2035 2795 2092 2851 in
2145 2795 2378 2852 medium
2431 2809 2550 2865 quae
2600 2797 2978 2875 peccatoribus
3024 2800 3257 2869 reposita
3323 2810 3468 2866 sunt,

1906 2887 2256 2959 ignominiam
2292 2887 2344 2941 in
2384 2896 2672 2956 conspectu
2700 2886 2795 2942 Dei
2825 2898 2880 2943 et
2911 2886 3112 2945 Christi
3138 2891 3276 2961 ejus,
3305 2905 3471 2962 ange-

1905 2978 2102 3045 lorum,
2144 2977 2612 3047 archangelorum,
2647 2986 2995 3049 potestatum,
3045 2990 3471 3052 cunctarumque

1908 3070 2223 3137 hominum;
2271 3071 2397 3125 item
2433 3069 2694 3141 supplicia
2742 3071 2948 3138 omnia,
2978 3071 3155 3139 ignem
3189 3082 3470 3142 mternutn,

1831 3189 1877 3250 ε
1906 3176 2143 3217 vermem
2177 3161 2555 3226 immortalem,
2594 3170 2878 3227 tartarum,
2924 3165 3196 3232 tenebras,
3230 3174 3282 3223 et
3315 3183 3476 3238 super

1914 3254 2027 3310 haec
2075 3254 2325 3309 universa
2359 3253 2646 3309 stridorem
2681 3254 2944 3321 dentium,
2984 3264 3218 3312 terrores
3248 3273 3310 3314 ac
3369 3268 3477 3313 lor-

1912 3355 2114 3403 menta.
2144 3344 2336 3401 Profer
2369 3359 2584 3416 quoque
2637 3359 2699 3401 ea
2732 3360 2853 3417 qua;
2877 3346 3039 3415 justis
3084 3349 3316 3418 reposita
3350 3361 3478 3405 snn'.

1912 3440 2074 3502 bona,
2104 3435 2357 3491 fiduciam
2387 3449 2509 3490 cum
2545 3437 2652 3491 Deo
2676 3434 2834 3491 Patre
2872 3444 2926 3491 et
2959 3436 3178 3494 Christo
3206 3438 3348 3507 ejus,
3376 3456 3473 3495 an-

1912 3528 2069 3599 gelis,
2095 3525 2457 3599 archangelis,
2487 3527 2871 3597 potestatibus,
2893 3536 3055 3596 atque
3079 3531 3224 3583 omni
3255 3530 3475 3601 populo,

1913 3634 2161 3692 regnum,
2195 3618 2421 3689 ejusque
2457 3616 2621 3684 dona,
2666 3619 2940 3688 gaudium,
2986 3619 3333 3689 voluptatem.
3366 3622 3479 3678 Ho-

1912 3726 2031 3766 rum
2058 3719 2409 3779 utrorumque
2431 3709 2744 3765 memoriam
2772 3708 2947 3765 adduc
2968 3710 3018 3764 in
3045 3721 3277 3766 mentem
3302 3722 3481 3781 tuam;

1912 3814 1977 3855 ac
2007 3799 2077 3857 de
2104 3808 2447 3869 peccatorum
2502 3799 2717 3869 quidem
2771 3798 2974 3870 judicio
3042 3801 3352 3870 ingemisce,
3390 3803 3479 3870 lle,

1913 3892 2078 3950 indue
2115 3891 2357 3947 habitum
2391 3890 2587 3955 luctus,
2616 3889 2822 3946 veritus
2847 3906 2919 3946 ne
2950 3899 3008 3947 tu
3045 3908 3259 3964 quoque
3290 3895 3343 3951 in
3374 3896 3483 3952 illis

1912 3983 2217 4050 consistas;
2261 3983 2329 4040 de
2372 3983 2530 4039 bonis
2554 3998 2681 4039 vero
2715 3998 2834 4053 quae
2858 3983 3019 4056 justis
3055 3989 3285 4054 reposita
3331 3998 3479 4054 sunt,

1914 4075 2088 4146 gaude
2111 4084 2166 4131 et
2189 4074 2401 4131 cxsulta
2435 4084 2490 4130 et
2517 4075 2736 4141 laetare;
2765 4085 2927 4146 atque
2955 4086 3064 4130 tum
3095 4078 3177 4133 his
3208 4078 3312 4133 frui
3354 4095 3483 4133 con-

1917 4167 2096 4247 tende,
2130 4175 2241 4222 tum
2274 4167 2345 4223 ab
2386 4166 2495 4221 illis
2536 4180 2658 4223 esse
2697 4168 2926 4223 alienus.
2955 4169 3097 4223 Cave
3146 4185 3213 4225 ne
3248 4186 3482 4240 unquam

1915 4259 2108 4314 horum
2149 4257 2507 4323 obliviscaris,
2540 4259 2654 4314 sive
2692 4259 2836 4315 intra
2862 4260 2914 4314 in
2942 4261 3077 4316 cella
3111 4271 3199 4316 tua
3242 4262 3338 4329 sis,
3368 4264 3484 4318 sive

1915 4357 2066 4405 extra
2099 4348 2331 4414 alicubi;
2370 4360 2607 4404 mentem
2639 4359 2783 4404 tuam
2838 4350 2943 4406 noli
2974 4353 3041 4406 ab
3072 4353 3262 4408 horum
3308 4370 3486 4411 recor-

1918 4439 2132 4495 datione
2153 4449 2434 4506 avertere;
2465 4454 2574 4508 quo
2592 4439 2677 4496 vel
2700 4454 2797 4509 per
2823 4454 2884 4496 ea
2915 4442 3159 4497 sordidas
3184 4444 3484 4515 noxiasque

236 4530 302 4583 τὸ
344 4529 627 4601 φρόνημα·
662 4529 810 4590 ὅπως
841 4526 946 4580 κᾶν
983 4524 1071 4579 διὰ
1114 4523 1318 4579 τούτων
1356 4525 1483 4586 τοὺς
1540 4525 1815 4596 ῥυπαροὺς

1919 4533 2275 4604 cogitationes
2302 4531 2545 4604 effugias.

239 4622 336 4676 καὶ
366 4621 658 4693 βλαϐεροὺς
687 4619 925 4692 ἐκφεύξῃ
948 4617 1257 4690 λογισμούς.

314 4712 369 4767 ι’.
399 4711 643 4783 Νηστεία
684 4729 765 4765 σοι
796 4710 934 4764 ἐστω
966 4712 1063 4783 ὅση
1094 4709 1318 4780 δύναμις
1345 4707 1676 4765 κατενώπιον
1701 4711 1814 4764 Κυ-

239 4805 384 4878 ρίου.
420 4803 569 4875 Αῦτη
602 4820 694 4857 σου
721 4802 820 4867 τάς
866 4803 1092 4873 ἀνομίας
1120 4802 1215 4856 καὶ
1239 4802 1337 4863 τὰς
1363 4801 1637 4873 ἁμαρτίας
1659 4818 1816 4873 περι-

240 4895 513 4967 καθαριεί,
544 4893 795 4966 σεμνύνει
831 4894 929 4965 τήν
967 4893 1165 4965 ψυχὴν,
1196 4892 1407 4962 ἁγιάζει
1449 4892 1509 4946 τὸ
1538 4892 1812 4963 φρόνημα,

238 4986 499 5053 δαίμονας
522 4983 837 5050 ἀπελαύνει,
867 4982 998 5036 Θεὸν
1026 4982 1190 5051 ἐγγὺς
1222 4977 1359 5035 εῖναι
1384 4980 1811 5054 παρασκευάζει.

245 5076 430 5143 "Arrcti
457 5078 513 5131 δὲ
538 5077 638 5148 τῆς
664 5076 877 5147 ἡμέρας
903 5074 1111 5143 φαγὼν,
1134 5076 1214 5137 είς
1240 5072 1491 5143 δεύτερον
1523 5072 1598 5145 μὴ
1625 5073 1815 5125 ἐπιπο-

241 5174 435 5244 θήσῃς,
460 5170 547 5224 ’ίνα
571 5168 644 5241 μὴ
670 5167 1040 5230 πολυδάπανος
1062 5169 1214 5236 γένῃ,
1237 5165 1332 5218 καὶ
1352 5162 1690 5234 ἐκθορυϐήσῃ
1716 5178 1811 5216 σου

238 5262 304 5314 τὸ
331 5261 601 5331 φρόνημα.
650 5258 842 5314 Ἔνθεν
889 5257 1189 5328 εὐπορῆσαι
1232 5255 1433 5327 δυνήσῃ
1473 5253 1565 5306 ἐπὶ
1606 5251 1678 5305 τά
1714 5252 1815 5323 τῆς

238 5353 489 5417 εὐποιίας
516 5352 672 5424 ἔργα,
703 5351 797 5405 κα)⁸
838 5347 1003 5403 αὑτοῦ
1046 5349 1102 5401 δὲ
1133 5345 1227 5401 τοῦ
1267 5346 1513 5417 σώματος
1541 5344 1813 5416 νεκρῶσαι

240 5447 312 5501 τά
344 5444 512 5516 πάθη.
554 5444 679 5497 Ἐάν
714 5443 770 5496 δέ
813 5440 1115 5513 ἀπάντησις
1154 5439 1396 5508 ἀδελφῶν
1430 5436 1675 5508 γένηται,
1719 5437 1814 5488 καὶ⁸

239 5537 359 5593 ἐστι
396 5536 576 5609 χρεία,
612 5534 750 5589 ὥστε
776 5534 871 5588 καὶ
905 5532 1153 5604 δεύτερόν
1184 5548 1241 5584 σε
1268 5531 1362 5583 καὶ
1386 5529 1565 5600 τρίτον
1596 5528 1813 5598 φαγεῖν,

242 5630 324 5703 μὴ
370 5628 676 5701 στυγνάσῃς
719 5628 852 5699 μηδὲ
894 5624 1247 5696 κατηφήσῃς·
1289 5622 1446 5692 χαῖρε
1485 5620 1544 5672 δὲ
1591 5618 1812 5689 μᾶλλον,

242 5720 481 5793 ῧπήκοος
502 5719 601 5790 τῆς
624 5718 813 5791 χρείας
830 5717 1112 5788 γινόμενος
1130 5728 1148 5745 ·
1173 5714 1267 5767 καί
1285 5713 1344 5766 τὸ
1371 5710 1620 5781 δεύτερον
1643 5708 1676 5780 ἢ
1696 5707 1815 5781 τρί-

246 5828 336 5869 εον
357 5812 567 5882 φαγὼν,
587 5809 995 5883 εὐχαρίστειτῷ
1023 5803 1163 5875 Θεῷ,
1188 5804 1270 5858 ὅτι
1295 5801 1456 5874 νόμον
1483 5799 1701 5871 ἀγάπης
1727 5815 1817 5852 πε-

1988 4690 2055 4745 Χ.
2092 4689 2360 4761 Jejunium
2401 4706 2501 4762 pro
2546 4691 2689 4746 virili
2731 4706 2913 4747 coram
2966 4692 3075 4749 Deo
3112 4696 3320 4751 excole.
3340 4696 3484 4752 -Ιιιιιίι

1919 4783 2109 4840 deiicta
2155 4794 2211 4841 et
2263 4792 2482 4856 peccata
2532 4793 2623 4839 tua
2675 4785 2945 4854 expiabit;
2992 4786 3228 4843 animam
3287 4801 3483 4853 ornat,

1919 4882 2151 4931 mentem
2178 4885 2418 4930 sanctam
2443 4874 2620 4938 elli'cit,
2638 4874 2787 4945 pellit
2806 4876 3099 4945 daemones,
3123 4879 3291 4940 Deum
3321 4895 3486 4950 prolie

1919 4984 2017 5024 nos
2045 4969 2280 5024 adducit.
2306 4969 2476 5023 Porro
2506 4983 2626 5023 cum
2655 4969 2821 5023 semel
2852 4969 2905 5023 in
2941 4970 3027 5027 die
3054 4974 3377 5041 comederis,
3420 4989 3487 5028 ne

1919 5061 2113 5115 iterum
2166 5059 2492 5114 manducare
2544 5060 2917 5131 concupiscas,
2954 5070 3012 5117 ut
3053 5078 3157 5118 non
3210 5064 3306 5119 tias
3338 5080 3488 5119 sum—

1919 5162 2163 5221 ptuosus,
2201 5153 2552 5222 animumque
2601 5160 2749 5207 tuum
2779 5153 3084 5208 conturbes.
3120 5153 3257 5209 Hinc
3283 5155 3487 5223 poteris

1920 5253 2030 5299 tum
2076 5244 2141 5298 ad
2188 5243 2552 5298 beneficentia:
2599 5256 2764 5311 opera
2806 5241 3104 5307 abundare,
3161 5251 3272 5297 tum
3316 5244 3486 5313 ipsius

1919 5336 2163 5406 corporis
2188 5334 2414 5391 affectus
2444 5334 2811 5404 exstinguere.
2846 5332 3070 5400 Quando
3102 5342 3280 5389 autem
3318 5337 3486 5392 adve-

1921 5428 2098 5482 nerint
2126 5426 2348 5495 fratres,
2374 5436 2429 5481 et
2458 5439 2678 5480 necesse
2705 5422 2868 5479 fuerit
2907 5432 2960 5479 te
2987 5425 3071 5480 bis
3108 5434 3296 5495 terque
3331 5442 3489 5483 com-

1920 5524 2097 5587 edere,
2147 5535 2214 5576 ne
2244 5520 2570 5591 ingemiscas
2616 5526 2708 5572 aut
2742 5525 2967 5572 moestus
2998 5518 3103 5585 sis;
3137 5520 3266 5589 quin
3310 5520 3490 5591 potius

1921 5615 2167 5683 gandeto,
2195 5612 2336 5682 quod
2360 5609 3067 5679 necessitatibbtemperes;
3099 5621 3261 5679 atque
3291 5611 3374 5667 bis
3404 5614 3487 5666 vel

1923 5716 2002 5760 ιω·
2028 5707 2378 5769 manducans,
2402 5701 2603 5770 gratias
2627 5715 2727 5772 age
2748 5701 2879 5768 Deo,
2907 5715 2972 5756 eo
2993 5703 3136 5771 quod
3163 5702 3333 5774 legem
3360 5704 3489 5759 cha-

1925 5795 2101 5851 ritntis
2126 5794 2450 5865 impleveris,
2466 5792 2720 5865 quodque
2748 5792 2926 5864 ipsum
2947 5806 3081 5849 sane
3096 5791 3265 5849 Deum
3287 5801 3487 5849 nostra
